  <div class='ocr_page' id='page_1' title='image "/cluster/home/n/w/nwhite01/storage/ocr_20150623/97/mdp.39015041892756/336.png"; bbox 0 0 3988 6136; ppageno 0'>
   <div class='ocr_carea' id='block_1_1' title="bbox 258 255 373 320">
    <p class='ocr_par' dir='ltr' id='par_1_1' title="bbox 258 255 373 320">
     <span class='ocr_line' id='line_1_1' title="bbox 258 255 373 320; baseline -0.009 0"><span class='ocrx_word' id='word_1_1' title='bbox 258 255 373 320; x_wconf 65' lang='grc' dir='ltr'>ὗῗό</span> 
     </span>
    </p>
   </div>
   <div class='ocr_carea' id='block_1_2' title="bbox 1262 260 2471 327">
    <p class='ocr_par' dir='ltr' id='par_1_2' title="bbox 1262 260 2471 327">
     <span class='ocr_line' id='line_1_2' title="bbox 1262 260 2471 327; baseline 0.005 -6"><span class='ocrx_word' id='word_1_2' title='bbox 1262 260 1936 323; x_wconf 68' lang='grc' dir='ltr'>ΟΗΒΟΝΟΕΒΑΡΗΙΑο</span> <span class='ocrx_word' id='word_1_3' title='bbox 1979 288 2044 298; x_wconf 85' lang='grc'><strong>-·</strong></span> <span class='ocrx_word' id='word_1_4' title='bbox 2074 265 2220 323; x_wconf 89' lang='lat' dir='ltr'>LIB.</span> <span class='ocrx_word' id='word_1_5' title='bbox 2252 266 2471 327; x_wconf 84' lang='lat' dir='ltr'>XVIII.</span> 
     </span>
    </p>
   </div>
   <div class='ocr_carea' id='block_1_3' title="bbox 3418 275 3525 339">
    <p class='ocr_par' dir='ltr' id='par_1_3' title="bbox 3418 275 3525 339">
     <span class='ocr_line' id='line_1_3' title="bbox 3418 275 3525 339; baseline -0.009 0"><span class='ocrx_word' id='word_1_6' title='bbox 3418 275 3525 339; x_wconf 63' lang='lat'>67!</span> 
     </span>
    </p>
   </div>
   <div class='ocr_carea' id='block_1_4' title="bbox 271 365 1847 449">
    <p class='ocr_par' dir='ltr' id='par_1_4' title="bbox 271 365 1847 440">
     <span class='ocr_line' id='line_1_4' title="bbox 271 365 1847 440; baseline 0 -20"><span class='ocrx_word' id='word_1_7' title='bbox 271 365 736 439; x_wconf 81' lang='grc' dir='ltr'>ἐκπεμπομένους</span> <span class='ocrx_word' id='word_1_8' title='bbox 775 366 913 440; x_wconf 75' lang='grc' dir='ltr'>πρὸς</span> <span class='ocrx_word' id='word_1_9' title='bbox 946 366 1129 433; x_wconf 79' lang='grc' dir='ltr'>αὑτὸν,</span> <span class='ocrx_word' id='word_1_10' title='bbox 1171 371 1310 439; x_wconf 80' lang='grc' dir='ltr'>μήτε</span> <span class='ocrx_word' id='word_1_11' title='bbox 1335 368 1392 421; x_wconf 73' lang='grc' dir='ltr'>δὲ</span> <span class='ocrx_word' id='word_1_12' title='bbox 1422 368 1521 440; x_wconf 81' lang='grc' dir='ltr'>τὴν</span> <span class='ocrx_word' id='word_1_13' title='bbox 1552 367 1847 438; x_wconf 78' lang='grc' dir='ltr'>ὀνομασίαν</span> 
     </span>
    </p>
   </div>
   <div class='ocr_carea' id='block_1_5' title="bbox 1954 365 3525 449">
    <p class='ocr_par' dir='ltr' id='par_1_5' title="bbox 1954 368 3525 449">
     <span class='ocr_line' id='line_1_5' title="bbox 1954 368 3525 449; baseline 0.008 -27"><span class='ocrx_word' id='word_1_14' title='bbox 1954 368 2154 426; x_wconf 88' lang='lat' dir='ltr'><strong>missos</strong></span> <span class='ocrx_word' id='word_1_15' title='bbox 2183 373 2409 428; x_wconf 87' lang='lat' dir='ltr'><strong>omnino</strong></span> <span class='ocrx_word' id='word_1_16' title='bbox 2441 372 2758 444; x_wconf 81' lang='lat' dir='ltr'><strong>exciperet;</strong></span> <span class='ocrx_word' id='word_1_17' title='bbox 2790 376 2885 432; x_wconf 84' lang='lat' dir='ltr'>sed</span> <span class='ocrx_word' id='word_1_18' title='bbox 2913 391 3014 432; x_wconf 89' lang='lat' dir='ltr'>nec</span> <span class='ocrx_word' id='word_1_19' title='bbox 3052 391 3236 448; x_wconf 86' lang='lat' dir='ltr'><strong>regem</strong></span> <span class='ocrx_word' id='word_1_20' title='bbox 3269 392 3393 435; x_wconf 80' lang='lat' dir='ltr'><strong>eum</strong></span> <span class='ocrx_word' id='word_1_21' title='bbox 3414 423 3429 449; x_wconf 91' lang='lat'>,</span> <span class='ocrx_word' id='word_1_22' title='bbox 3465 390 3525 436; x_wconf 90' lang='lat' dir='ltr'>ut</span> 
     </span>
    </p>
   </div>
   <div class='ocr_carea' id='block_1_6' title="bbox 272 455 1854 530">
    <p class='ocr_par' dir='ltr' id='par_1_6' title="bbox 272 455 1854 530">
     <span class='ocr_line' id='line_1_6' title="bbox 272 455 1854 530; baseline 0.002 -20"><span class='ocrx_word' id='word_1_23' title='bbox 272 455 448 528; x_wconf 60' lang='grc' dir='ltr'>αὐτοῦ</span> <span class='ocrx_word' id='word_1_24' title='bbox 475 459 557 522; x_wconf 86' lang='grc' dir='ltr'>είς</span> <span class='ocrx_word' id='word_1_25' title='bbox 582 459 751 530; x_wconf 80' lang='grc' dir='ltr'>ῥῆγα,</span> <span class='ocrx_word' id='word_1_26' title='bbox 793 459 930 514; x_wconf 83' lang='grc' dir='ltr'>διότι</span> <span class='ocrx_word' id='word_1_27' title='bbox 964 461 1083 515; x_wconf 79' lang='grc' dir='ltr'>ἐστὶ</span> <span class='ocrx_word' id='word_1_28' title='bbox 1113 460 1396 530; x_wconf 83' lang='grc' dir='ltr'>τύραννος.</span> <span class='ocrx_word' id='word_1_29' title='bbox 1426 460 1537 514; x_wconf 80' lang='grc' dir='ltr'>Καὶ</span> <span class='ocrx_word' id='word_1_30' title='bbox 1561 459 1854 530; x_wconf 82' lang='grc' dir='ltr'>δεξάμενος</span> 
     </span>
    </p>
   </div>
   <div class='ocr_carea' id='block_1_7' title="bbox 273 548 1855 623">
    <p class='ocr_par' dir='ltr' id='par_1_7' title="bbox 273 548 1855 623">
     <span class='ocr_line' id='line_1_7' title="bbox 273 548 1855 623; baseline 0.003 -23"><span class='ocrx_word' id='word_1_31' title='bbox 273 549 347 600; x_wconf 81' lang='grc' dir='ltr'>τὰ</span> <span class='ocrx_word' id='word_1_32' title='bbox 385 548 781 619; x_wconf 72' lang='grc' dir='ltr'>ἐκπεμφθέντα</span> <span class='ocrx_word' id='word_1_33' title='bbox 818 550 1124 621; x_wconf 85' lang='grc' dir='ltr'>γράμματα</span> <span class='ocrx_word' id='word_1_34' title='bbox 1164 552 1315 623; x_wconf 83' lang='grc' dir='ltr'>παρὰ</span> <span class='ocrx_word' id='word_1_35' title='bbox 1345 551 1440 605; x_wconf 84' lang='grc' dir='ltr'>τοῦ</span> <span class='ocrx_word' id='word_1_36' title='bbox 1467 550 1731 621; x_wconf 79' lang='grc' dir='ltr'>βασιλέως</span> <span class='ocrx_word' id='word_1_37' title='bbox 1760 552 1855 604; x_wconf 76' lang='grc' dir='ltr'>καὶ</span> 
     </span>
    </p>
   </div>
   <div class='ocr_carea' id='block_1_8' title="bbox 278 640 1853 714">
    <p class='ocr_par' dir='ltr' id='par_1_8' title="bbox 278 640 1853 714">
     <span class='ocr_line' id='line_1_8' title="bbox 278 640 1853 714; baseline 0.004 -26"><span class='ocrx_word' id='word_1_38' title='bbox 278 640 591 708; x_wconf 80' lang='grc' dir='ltr'>στοιχήσας,</span> <span class='ocrx_word' id='word_1_39' title='bbox 637 640 742 693; x_wconf 80' lang='grc' dir='ltr'>οὐκ</span> <span class='ocrx_word' id='word_1_40' title='bbox 790 640 1011 705; x_wconf 77' lang='grc' dir='ltr'>ἐδέξατο</span> <span class='ocrx_word' id='word_1_41' title='bbox 1056 642 1402 713; x_wconf 74' lang='grc' dir='ltr'>πρεσϐευτὰς</span> <span class='ocrx_word' id='word_1_42' title='bbox 1434 643 1587 712; x_wconf 77' lang='grc' dir='ltr'>παρὰ</span> <span class='ocrx_word' id='word_1_43' title='bbox 1618 641 1853 714; x_wconf 89' lang='grc' dir='ltr'>Γελίμερ</span> 
     </span>
    </p>
   </div>
   <div class='ocr_carea' id='block_1_9' title="bbox 277 728 626 800">
    <p class='ocr_par' dir='ltr' id='par_1_9' title="bbox 277 728 626 800">
     <span class='ocr_line' id='line_1_9' title="bbox 277 728 626 800; baseline 0.003 -18"><span class='ocrx_word' id='word_1_44' title='bbox 277 728 368 783; x_wconf 77' lang='grc' dir='ltr'>τοῦ</span> <span class='ocrx_word' id='word_1_45' title='bbox 394 731 626 800; x_wconf 77' lang='grc' dir='ltr'>’Δφρου.</span> 
     </span>
    </p>
   </div>
   <div class='ocr_carea' id='block_1_10' title="bbox 353 822 1855 898">
    <p class='ocr_par' dir='ltr' id='par_1_10' title="bbox 353 822 1855 898">
     <span class='ocr_line' id='line_1_10' title="bbox 353 822 1855 898; baseline 0.004 -23"><span class='ocrx_word' id='word_1_46' title='bbox 353 822 442 875; x_wconf 85' lang='grc' dir='ltr'>Ἐν</span> <span class='ocrx_word' id='word_1_47' title='bbox 467 822 624 893; x_wconf 80' lang='grc' dir='ltr'>αὐτῷ</span> <span class='ocrx_word' id='word_1_48' title='bbox 659 824 715 878; x_wconf 75' lang='grc' dir='ltr'>δὲ</span> <span class='ocrx_word' id='word_1_49' title='bbox 747 823 826 896; x_wconf 85' lang='grc' dir='ltr'>τῷ</span> <span class='ocrx_word' id='word_1_50' title='bbox 855 825 1033 897; x_wconf 84' lang='grc' dir='ltr'>χρόνῳ</span> <span class='ocrx_word' id='word_1_51' title='bbox 1063 827 1092 880; x_wconf 87' lang='lat'>6</span> <span class='ocrx_word' id='word_1_52' title='bbox 1114 826 1278 890; x_wconf 81' lang='grc' dir='ltr'>αὐτὸς</span> <span class='ocrx_word' id='word_1_53' title='bbox 1302 826 1556 898; x_wconf 77' lang='grc' dir='ltr'>βασιλεὺς</span> <span class='ocrx_word' id='word_1_54' title='bbox 1581 825 1855 896; x_wconf 79' lang='grc' dir='ltr'>ἀγωνίσα-</span> 
     </span>
    </p>
   </div>
   <div class='ocr_carea' id='block_1_11' title="bbox 276 912 1852 990">
    <p class='ocr_par' dir='ltr' id='par_1_11' title="bbox 276 912 1852 990">
     <span class='ocr_line' id='line_1_11' title="bbox 276 912 1852 990; baseline 0.006 -25"><span class='ocrx_word' id='word_1_55' title='bbox 276 912 396 966; x_wconf 83' lang='grc' dir='ltr'>σθαι</span> <span class='ocrx_word' id='word_1_56' title='bbox 432 914 762 987; x_wconf 87' lang='grc' dir='ltr'>βουλόμενος</span> <span class='ocrx_word' id='word_1_57' title='bbox 801 917 945 972; x_wconf 82' lang='grc' dir='ltr'>κατὰ</span> <span class='ocrx_word' id='word_1_58' title='bbox 981 920 1207 990; x_wconf 85' lang='grc' dir='ltr'>Περσῶν</span> <span class='ocrx_word' id='word_1_59' title='bbox 1249 920 1339 973; x_wconf 85' lang='grc' dir='ltr'>διὰ</span> <span class='ocrx_word' id='word_1_60' title='bbox 1375 921 1479 990; x_wconf 81' lang='grc' dir='ltr'>γῆς</span> <span class='ocrx_word' id='word_1_61' title='bbox 1520 938 1583 974; x_wconf 89' lang='grc' dir='ltr'>τε</span> <span class='ocrx_word' id='word_1_62' title='bbox 1617 922 1713 975; x_wconf 70' lang='grc' dir='ltr'>καλ⁸</span> <span class='ocrx_word' id='word_1_63' title='bbox 1757 921 1852 975; x_wconf 88' lang='grc' dir='ltr'>θα-</span> 
     </span>
    </p>
   </div>
   <div class='ocr_carea' id='block_1_12' title="bbox 222 1008 1853 1086">
    <p class='ocr_par' dir='ltr' id='par_1_12' title="bbox 222 1008 1853 1086">
     <span class='ocr_line' id='line_1_12' title="bbox 222 1008 1853 1086; baseline 0.006 -28"><span class='ocrx_word' id='word_1_64' title='bbox 222 1042 226 1045; x_wconf 61' lang='grc' dir='ltr'>η</span> <span class='ocrx_word' id='word_1_65' title='bbox 276 1008 503 1078; x_wconf 84' lang='grc' dir='ltr'>λάσσης,</span> <span class='ocrx_word' id='word_1_66' title='bbox 532 1010 814 1080; x_wconf 78' lang='grc' dir='ltr'>ἐκπέμπει</span> <span class='ocrx_word' id='word_1_67' title='bbox 837 1012 1153 1083; x_wconf 86' lang='grc' dir='ltr'>στράτευμα</span> <span class='ocrx_word' id='word_1_68' title='bbox 1183 1013 1278 1065; x_wconf 83' lang='grc' dir='ltr'>τοῦ</span> <span class='ocrx_word' id='word_1_69' title='bbox 1311 1013 1547 1083; x_wconf 79' lang='grc' dir='ltr'>φυλάξαι</span> <span class='ocrx_word' id='word_1_70' title='bbox 1576 1014 1853 1086; x_wconf 82' lang='grc' dir='ltr'>ἀτάραχον</span> 
     </span>
    </p>
   </div>
   <div class='ocr_carea' id='block_1_13' title="bbox 273 1090 1566 1173">
    <p class='ocr_par' dir='ltr' id='par_1_13' title="bbox 273 1090 1566 1173">
     <span class='ocr_line' id='line_1_13' title="bbox 273 1090 1566 1173; baseline 0.009 -23"><span class='ocrx_word' id='word_1_71' title='bbox 273 1100 373 1169; x_wconf 74' lang='grc' dir='ltr'>τὴν</span> <span class='ocrx_word' id='word_1_72' title='bbox 403 1100 685 1154; x_wconf 77' lang='grc' dir='ltr'>πολιτείαν</span> <span class='ocrx_word' id='word_1_73' title='bbox 727 1102 1038 1173; x_wconf 84' lang='grc' dir='ltr'>Ῥωμαίων.</span> <span class='ocrx_word' id='word_1_74' title='bbox 1560 1090 1566 1098; x_wconf 52' lang='grc'><em>’</em></span> 
     </span>
    </p>
   </div>
   <div class='ocr_carea' id='block_1_14' title="bbox 347 1190 1851 1271">
    <p class='ocr_par' dir='ltr' id='par_1_14' title="bbox 347 1190 1851 1271">
     <span class='ocr_line' id='line_1_14' title="bbox 347 1190 1851 1271; baseline 0.007 -29"><span class='ocrx_word' id='word_1_75' title='bbox 347 1190 438 1259; x_wconf 82' lang='grc' dir='ltr'>Τῷ</span> <span class='ocrx_word' id='word_1_76' title='bbox 466 1191 521 1243; x_wconf 76' lang='grc' dir='ltr'>δὲ</span> <span class='ocrx_word' id='word_1_77' title='bbox 555 1191 704 1261; x_wconf 82' lang='grc' dir='ltr'>αὑτῷ</span> <span class='ocrx_word' id='word_1_78' title='bbox 732 1194 913 1263; x_wconf 85' lang='grc' dir='ltr'>χρόνῳ</span> <span class='ocrx_word' id='word_1_79' title='bbox 933 1194 1118 1266; x_wconf 85' lang='grc' dir='ltr'>δέησις</span> <span class='ocrx_word' id='word_1_80' title='bbox 1139 1196 1503 1268; x_wconf 74' lang='grc' dir='ltr'>κατεπέμφθη</span> <span class='ocrx_word' id='word_1_81' title='bbox 1541 1197 1851 1271; x_wconf 81' lang='grc' dir='ltr'>Ἐφραῖμίῳ</span> 
     </span>
    </p>
   </div>
   <div class='ocr_carea' id='block_1_15' title="bbox 276 1281 1852 1363">
    <p class='ocr_par' dir='ltr' id='par_1_15' title="bbox 276 1281 1852 1363">
     <span class='ocr_line' id='line_1_15' title="bbox 276 1281 1852 1363; baseline 0.006 -32"><span class='ocrx_word' id='word_1_82' title='bbox 276 1281 590 1352; x_wconf 80' lang='grc' dir='ltr'>πατριάρχη</span> <span class='ocrx_word' id='word_1_83' title='bbox 628 1283 781 1352; x_wconf 84' lang='grc' dir='ltr'>παρὰ</span> <span class='ocrx_word' id='word_1_84' title='bbox 825 1283 935 1337; x_wconf 82' lang='grc' dir='ltr'>τῶν</span> <span class='ocrx_word' id='word_1_85' title='bbox 964 1286 1378 1356; x_wconf 81' lang='grc' dir='ltr'>ἀπομεινάντων</span> <span class='ocrx_word' id='word_1_86' title='bbox 1413 1292 1470 1342; x_wconf 89' lang='grc' dir='ltr'>ἐν</span> <span class='ocrx_word' id='word_1_87' title='bbox 1502 1291 1852 1363; x_wconf 78' lang='grc' dir='ltr'>αἰχμαλωσίᾳ</span> 
     </span>
    </p>
   </div>
   <div class='ocr_carea' id='block_1_16' title="bbox 278 1372 1852 1452">
    <p class='ocr_par' dir='ltr' id='par_1_16' title="bbox 278 1372 1852 1452">
     <span class='ocr_line' id='line_1_16' title="bbox 278 1372 1852 1452; baseline 0.009 -30"><span class='ocrx_word' id='word_1_88' title='bbox 278 1372 837 1444; x_wconf 82' lang='grc' dir='ltr'>ὐπὸἈλαμουνδάρου</span> <span class='ocrx_word' id='word_1_89' title='bbox 855 1377 1195 1447; x_wconf 82' lang='grc' dir='ltr'>Σαρακηνοῦ,</span> <span class='ocrx_word' id='word_1_90' title='bbox 1221 1379 1297 1442; x_wconf 84' lang='grc' dir='ltr'>ὡς</span> <span class='ocrx_word' id='word_1_91' title='bbox 1315 1385 1538 1451; x_wconf 82' lang='grc' dir='ltr'>πικραῖς</span> <span class='ocrx_word' id='word_1_92' title='bbox 1559 1382 1852 1452; x_wconf 73' lang='grc' dir='ltr'>τιμωρίαις</span> 
     </span>
    </p>
   </div>
   <div class='ocr_carea' id='block_1_17' title="bbox 276 1464 1851 1540">
    <p class='ocr_par' dir='ltr' id='par_1_17' title="bbox 276 1464 1851 1540">
     <span class='ocr_line' id='line_1_17' title="bbox 276 1464 1851 1540; baseline 0.009 -26"><span class='ocrx_word' id='word_1_93' title='bbox 276 1464 527 1517; x_wconf 75' lang='grc' dir='ltr'>δεδέσθαι</span> <span class='ocrx_word' id='word_1_94' title='bbox 588 1465 807 1529; x_wconf 80' lang='grc' dir='ltr'>αὐτούς.</span> <span class='ocrx_word' id='word_1_95' title='bbox 846 1468 1011 1532; x_wconf 81' lang='grc' dir='ltr'>Τινὰς</span> <span class='ocrx_word' id='word_1_96' title='bbox 1046 1469 1156 1540; x_wconf 87' lang='grc' dir='ltr'>γὰρ</span> <span class='ocrx_word' id='word_1_97' title='bbox 1201 1473 1294 1524; x_wconf 79' lang='grc' dir='ltr'>καὶ</span> <span class='ocrx_word' id='word_1_98' title='bbox 1336 1472 1739 1538; x_wconf 75' lang='grc' dir='ltr'>ἀπεκεφάλισεν</span> <span class='ocrx_word' id='word_1_99' title='bbox 1791 1475 1851 1539; x_wconf 84' lang='grc' dir='ltr'>ἐξ</span> 
     </span>
    </p>
   </div>
   <div class='ocr_carea' id='block_1_18' title="bbox 276 1553 1850 1633">
    <p class='ocr_par' dir='ltr' id='par_1_18' title="bbox 276 1553 1850 1633">
     <span class='ocr_line' id='line_1_18' title="bbox 276 1553 1850 1633; baseline 0.008 -29"><span class='ocrx_word' id='word_1_100' title='bbox 276 1553 473 1615; x_wconf 80' lang='grc' dir='ltr'>αὐτῶν,</span> <span class='ocrx_word' id='word_1_101' title='bbox 510 1555 846 1625; x_wconf 74' lang='grc' dir='ltr'>φοϐούμενος</span> <span class='ocrx_word' id='word_1_102' title='bbox 880 1559 1083 1627; x_wconf 80' lang='grc' dir='ltr'>μήπως</span> <span class='ocrx_word' id='word_1_103' title='bbox 1122 1560 1217 1613; x_wconf 74' lang='grc' dir='ltr'>καὶ</span> <span class='ocrx_word' id='word_1_104' title='bbox 1267 1561 1534 1633; x_wconf 80' lang='grc' dir='ltr'>προδοσία</span> <span class='ocrx_word' id='word_1_105' title='bbox 1564 1565 1626 1631; x_wconf 80' lang='grc' dir='ltr'>ἐξ</span> <span class='ocrx_word' id='word_1_106' title='bbox 1669 1564 1850 1618; x_wconf 80' lang='grc' dir='ltr'>αὐτῶν</span> 
     </span>
    </p>
   </div>
   <div class='ocr_carea' id='block_1_19' title="bbox 278 1644 1848 1721">
    <p class='ocr_par' dir='ltr' id='par_1_19' title="bbox 278 1644 1848 1721">
     <span class='ocr_line' id='line_1_19' title="bbox 278 1644 1848 1721; baseline 0.004 -26"><span class='ocrx_word' id='word_1_107' title='bbox 278 1644 525 1714; x_wconf 79' lang='grc' dir='ltr'>γένηται.</span> <span class='ocrx_word' id='word_1_108' title='bbox 561 1644 672 1697; x_wconf 87' lang='grc' dir='ltr'>Καί</span> <span class='ocrx_word' id='word_1_109' title='bbox 695 1662 841 1708; x_wconf 89' lang='grc' dir='ltr'>τινες</span> <span class='ocrx_word' id='word_1_110' title='bbox 872 1649 1274 1716; x_wconf 83' lang='grc' dir='ltr'>προσπεσόντες</span> <span class='ocrx_word' id='word_1_111' title='bbox 1297 1649 1446 1720; x_wconf 84' lang='grc' dir='ltr'>αὐτῷ</span> <span class='ocrx_word' id='word_1_112' title='bbox 1463 1650 1848 1721; x_wconf 86' lang='grc' dir='ltr'>παρεκάλεσαν</span> 
     </span>
    </p>
   </div>
   <div class='ocr_carea' id='block_1_20' title="bbox 1953 460 3524 536">
    <p class='ocr_par' dir='ltr' id='par_1_20' title="bbox 1953 460 3524 536">
     <span class='ocr_line' id='line_1_20' title="bbox 1953 460 3524 536; baseline 0.006 -22"><span class='ocrx_word' id='word_1_113' title='bbox 1953 460 2048 531; x_wconf 92' lang='lat' dir='ltr'><strong>qui</strong></span> <span class='ocrx_word' id='word_1_114' title='bbox 2081 471 2347 534; x_wconf 82' lang='lat' dir='ltr'><strong>tyrannus</strong></span> <span class='ocrx_word' id='word_1_115' title='bbox 2376 472 2526 520; x_wconf 92' lang='lat' dir='ltr'><strong>esset</strong></span> <span class='ocrx_word' id='word_1_116' title='bbox 2573 467 2897 536; x_wconf 73' lang='lat' dir='ltr'>appellaret.</span> <span class='ocrx_word' id='word_1_117' title='bbox 2928 467 3028 522; x_wconf 87' lang='lat' dir='ltr'>Cui</span> <span class='ocrx_word' id='word_1_118' title='bbox 3057 469 3221 522; x_wconf 89' lang='lat' dir='ltr'><strong>etiam</strong></span> <span class='ocrx_word' id='word_1_119' title='bbox 3250 467 3524 524; x_wconf 85' lang='lat' dir='ltr'><strong>Athalari-</strong></span> 
     </span>
    </p>
   </div>
   <div class='ocr_carea' id='block_1_21' title="bbox 1953 552 3522 629">
    <p class='ocr_par' dir='ltr' id='par_1_21' title="bbox 1953 552 3522 629">
     <span class='ocr_line' id='line_1_21' title="bbox 1953 552 3522 629; baseline 0.005 -23"><span class='ocrx_word' id='word_1_120' title='bbox 1953 552 2113 617; x_wconf 80' lang='lat' dir='ltr'><strong>cltus,</strong></span> <span class='ocrx_word' id='word_1_121' title='bbox 2148 558 2390 625; x_wconf 82' lang='lat' dir='ltr'><strong>acceptis</strong></span> <span class='ocrx_word' id='word_1_122' title='bbox 2440 556 2562 626; x_wconf 85' lang='lat' dir='ltr'>ejus</span> <span class='ocrx_word' id='word_1_123' title='bbox 2616 558 2814 612; x_wconf 72' lang='lat' dir='ltr'>litteris</span> <span class='ocrx_word' id='word_1_124' title='bbox 2844 568 2901 613; x_wconf 91' lang='lat' dir='ltr'>et</span> <span class='ocrx_word' id='word_1_125' title='bbox 2948 559 3247 629; x_wconf 91' lang='lat' dir='ltr'><strong>perlectis,</strong></span> <span class='ocrx_word' id='word_1_126' title='bbox 3312 575 3522 615; x_wconf 88' lang='lat' dir='ltr'><strong>morem</strong></span> 
     </span>
    </p>
   </div>
   <div class='ocr_carea' id='block_1_22' title="bbox 1952 644 3524 720">
    <p class='ocr_par' dir='ltr' id='par_1_22' title="bbox 1952 644 3524 720">
     <span class='ocr_line' id='line_1_22' title="bbox 1952 644 3524 720; baseline 0.003 -23"><span class='ocrx_word' id='word_1_127' title='bbox 1952 644 2159 712; x_wconf 85' lang='lat' dir='ltr'><strong>gessit;</strong></span> <span class='ocrx_word' id='word_1_128' title='bbox 2194 661 2298 702; x_wconf 91' lang='lat' dir='ltr'>nec</span> <span class='ocrx_word' id='word_1_129' title='bbox 2327 646 2621 704; x_wconf 84' lang='lat' dir='ltr'><strong>Gelimeris</strong></span> <span class='ocrx_word' id='word_1_130' title='bbox 2646 648 2767 703; x_wconf 79' lang='lat' dir='ltr'><strong>Afri</strong></span> <span class='ocrx_word' id='word_1_131' title='bbox 2811 648 3019 720; x_wconf 76' lang='lat' dir='ltr'>legatos</span> <span class='ocrx_word' id='word_1_132' title='bbox 3048 650 3301 719; x_wconf 79' lang='lat' dir='ltr'>excipere</span> <span class='ocrx_word' id='word_1_133' title='bbox 3333 650 3524 720; x_wconf 87' lang='lat' dir='ltr'><strong>digna-</strong></span> 
     </span>
    </p>
   </div>
   <div class='ocr_carea' id='block_1_23' title="bbox 1953 743 2187 792">
    <p class='ocr_par' dir='ltr' id='par_1_23' title="bbox 1953 743 2187 792">
     <span class='ocr_line' id='line_1_23' title="bbox 1953 743 2187 792; baseline 0.013 -4"><span class='ocrx_word' id='word_1_134' title='bbox 1953 743 2043 791; x_wconf 77' lang='grc' dir='ltr'>ιυε</span> <span class='ocrx_word' id='word_1_135' title='bbox 2080 745 2187 792; x_wconf 88' lang='lat' dir='ltr'><strong>est.</strong></span> 
     </span>
    </p>
   </div>
   <div class='ocr_carea' id='block_1_24' title="bbox 2017 825 3523 900">
    <p class='ocr_par' dir='ltr' id='par_1_24' title="bbox 2017 825 3523 900">
     <span class='ocr_line' id='line_1_24' title="bbox 2017 825 3523 900; baseline 0.004 -21"><span class='ocrx_word' id='word_1_136' title='bbox 2017 825 2225 882; x_wconf 88' lang='lat' dir='ltr'>Iisdem</span> <span class='ocrx_word' id='word_1_137' title='bbox 2283 830 2628 900; x_wconf 81' lang='lat' dir='ltr'>temporibus</span> <span class='ocrx_word' id='word_1_138' title='bbox 2680 829 2984 900; x_wconf 82' lang='lat' dir='ltr'><strong>imperator</strong></span> <span class='ocrx_word' id='word_1_139' title='bbox 3014 831 3210 888; x_wconf 84' lang='lat' dir='ltr'><strong>Persas</strong></span> <span class='ocrx_word' id='word_1_140' title='bbox 3237 839 3383 885; x_wconf 88' lang='lat' dir='ltr'><strong>terra</strong></span> <span class='ocrx_word' id='word_1_141' title='bbox 3408 847 3523 885; x_wconf 90' lang='lat' dir='ltr'><strong>ma-</strong></span> 
     </span>
    </p>
   </div>
   <div class='ocr_carea' id='block_1_25' title="bbox 1954 918 3520 993">
    <p class='ocr_par' dir='ltr' id='par_1_25' title="bbox 1954 918 3520 993">
     <span class='ocr_line' id='line_1_25' title="bbox 1954 918 3520 993; baseline 0.006 -23"><span class='ocrx_word' id='word_1_142' title='bbox 1954 918 2112 987; x_wconf 92' lang='lat' dir='ltr'><strong>rique</strong></span> <span class='ocrx_word' id='word_1_143' title='bbox 2140 920 2283 976; x_wconf 90' lang='lat' dir='ltr'><strong>bello</strong></span> <span class='ocrx_word' id='word_1_144' title='bbox 2312 938 2696 993; x_wconf 72' lang='lat' dir='ltr'>aggressurus,</span> <span class='ocrx_word' id='word_1_145' title='bbox 2728 925 3029 979; x_wconf 83' lang='lat' dir='ltr'><strong>exercitum</strong></span> <span class='ocrx_word' id='word_1_146' title='bbox 3058 924 3272 987; x_wconf 84' lang='lat' dir='ltr'><strong>amisit,</strong></span> <span class='ocrx_word' id='word_1_147' title='bbox 3305 924 3401 993; x_wconf 89' lang='lat' dir='ltr'>qui</span> <span class='ocrx_word' id='word_1_148' title='bbox 3429 938 3520 979; x_wconf 87' lang='lat' dir='ltr'>res</span> 
     </span>
    </p>
   </div>
   <div class='ocr_carea' id='block_1_26' title="bbox 1953 1008 3257 1088">
    <p class='ocr_par' dir='ltr' id='par_1_26' title="bbox 1953 1008 3257 1088">
     <span class='ocr_line' id='line_1_26' title="bbox 1953 1008 3257 1088; baseline 0.005 -26"><span class='ocrx_word' id='word_1_149' title='bbox 1953 1008 2172 1065; x_wconf 89' lang='lat' dir='ltr'>interim</span> <span class='ocrx_word' id='word_1_150' title='bbox 2205 1013 2421 1083; x_wconf 86' lang='lat' dir='ltr'><strong>imperii</strong></span> <span class='ocrx_word' id='word_1_151' title='bbox 2450 1016 2653 1086; x_wconf 89' lang='lat' dir='ltr'><strong>ubique</strong></span> <span class='ocrx_word' id='word_1_152' title='bbox 2682 1025 2972 1088; x_wconf 68' lang='lat' dir='ltr'><strong>praestaret</strong></span> <span class='ocrx_word' id='word_1_153' title='bbox 2991 1016 3257 1085; x_wconf 84' lang='lat' dir='ltr'><strong>integras.</strong></span> 
     </span>
    </p>
   </div>
   <div class='ocr_carea' id='block_1_27' title="bbox 2023 1194 3519 1268">
    <p class='ocr_par' dir='ltr' id='par_1_27' title="bbox 2023 1194 3519 1268">
     <span class='ocr_line' id='line_1_27' title="bbox 2023 1194 3519 1268; baseline 0 -19"><span class='ocrx_word' id='word_1_154' title='bbox 2023 1194 2223 1250; x_wconf 85' lang='lat' dir='ltr'><strong>Eodem</strong></span> <span class='ocrx_word' id='word_1_155' title='bbox 2257 1204 2533 1266; x_wconf 83' lang='lat' dir='ltr'><strong>tempore,</strong></span> <span class='ocrx_word' id='word_1_156' title='bbox 2570 1198 2665 1268; x_wconf 90' lang='lat' dir='ltr'><strong>qui</strong></span> <span class='ocrx_word' id='word_1_157' title='bbox 2697 1204 3024 1265; x_wconf 84' lang='lat' dir='ltr'><strong>supererant</strong></span> <span class='ocrx_word' id='word_1_158' title='bbox 3055 1197 3110 1251; x_wconf 91' lang='lat' dir='ltr'><strong>in</strong></span> <span class='ocrx_word' id='word_1_159' title='bbox 3159 1196 3305 1251; x_wconf 89' lang='lat' dir='ltr'><strong>bello</strong></span> <span class='ocrx_word' id='word_1_160' title='bbox 3333 1203 3519 1265; x_wconf 87' lang='lat' dir='ltr'><strong>capto-</strong></span> 
     </span>
    </p>
   </div>
   <div class='ocr_carea' id='block_1_28' title="bbox 1951 1287 3517 1356">
    <p class='ocr_par' dir='ltr' id='par_1_28' title="bbox 1951 1287 3517 1356">
     <span class='ocr_line' id='line_1_28' title="bbox 1951 1287 3517 1356; baseline -0.001 -15"><span class='ocrx_word' id='word_1_161' title='bbox 1951 1304 2071 1341; x_wconf 89' lang='lat' dir='ltr'><strong>rum</strong></span> <span class='ocrx_word' id='word_1_162' title='bbox 2136 1288 2207 1342; x_wconf 88' lang='lat' dir='ltr'>ab</span> <span class='ocrx_word' id='word_1_163' title='bbox 2261 1288 2636 1343; x_wconf 82' lang='lat' dir='ltr'><strong>Alamundaro</strong></span> <span class='ocrx_word' id='word_1_164' title='bbox 2719 1287 3037 1353; x_wconf 88' lang='lat' dir='ltr'><strong>Saraceno,</strong></span> <span class='ocrx_word' id='word_1_165' title='bbox 3111 1288 3387 1356; x_wconf 84' lang='lat' dir='ltr'><strong>supplices</strong></span> <span class='ocrx_word' id='word_1_166' title='bbox 3449 1288 3517 1340; x_wconf 85' lang='lat' dir='ltr'>ad</span> 
     </span>
    </p>
   </div>
   <div class='ocr_carea' id='block_1_29' title="bbox 1951 1378 3518 1451">
    <p class='ocr_par' dir='ltr' id='par_1_29' title="bbox 1951 1378 3518 1451">
     <span class='ocr_line' id='line_1_29' title="bbox 1951 1378 3518 1451; baseline -0.004 -15"><span class='ocrx_word' id='word_1_167' title='bbox 1951 1382 2323 1451; x_wconf 69' lang='lat' dir='ltr'><strong>Ephraamium</strong></span> <span class='ocrx_word' id='word_1_168' title='bbox 2391 1380 2760 1450; x_wconf 84' lang='lat' dir='ltr'><strong>patriarcham</strong></span> <span class='ocrx_word' id='word_1_169' title='bbox 2820 1378 3164 1444; x_wconf 79' lang='lat' dir='ltr'><strong>referebant;</strong></span> <span class='ocrx_word' id='word_1_170' title='bbox 3223 1387 3412 1445; x_wconf 86' lang='lat' dir='ltr'><strong>utpote</strong></span> <span class='ocrx_word' id='word_1_171' title='bbox 3462 1378 3518 1430; x_wconf 91' lang='lat' dir='ltr'><strong>in</strong></span> 
     </span>
    </p>
   </div>
   <div class='ocr_carea' id='block_1_30' title="bbox 1951 1468 3523 1542">
    <p class='ocr_par' dir='ltr' id='par_1_30' title="bbox 1951 1468 3523 1542">
     <span class='ocr_line' id='line_1_30' title="bbox 1951 1468 3523 1542; baseline -0.004 -16"><span class='ocrx_word' id='word_1_172' title='bbox 1951 1487 2092 1542; x_wconf 90' lang='lat' dir='ltr'><strong>quos</strong></span> <span class='ocrx_word' id='word_1_173' title='bbox 2139 1472 2552 1526; x_wconf 82' lang='lat' dir='ltr'><strong>Alatnundarus</strong></span> <span class='ocrx_word' id='word_1_174' title='bbox 2594 1472 2836 1541; x_wconf 78' lang='lat' dir='ltr'><strong>graviter</strong></span> <span class='ocrx_word' id='word_1_175' title='bbox 2887 1468 3394 1523; x_wconf 85' lang='lat' dir='ltr'><strong>annnadverterat:</strong></span> <span class='ocrx_word' id='word_1_176' title='bbox 3427 1483 3523 1522; x_wconf 84' lang='lat' dir='ltr'>eo-</span> 
     </span>
    </p>
   </div>
   <div class='ocr_carea' id='block_1_31' title="bbox 1952 1556 3521 1627">
    <p class='ocr_par' dir='ltr' id='par_1_31' title="bbox 1952 1556 3521 1627">
     <span class='ocr_line' id='line_1_31' title="bbox 1952 1556 3521 1627; baseline -0.005 -11"><span class='ocrx_word' id='word_1_177' title='bbox 1952 1577 2074 1616; x_wconf 89' lang='lat' dir='ltr'><strong>rum</strong></span> <span class='ocrx_word' id='word_1_178' title='bbox 2114 1563 2259 1616; x_wconf 91' lang='lat' dir='ltr'><strong>enim</strong></span> <span class='ocrx_word' id='word_1_179' title='bbox 2308 1561 2587 1614; x_wconf 87' lang='lat' dir='ltr'><strong>nonnullis</strong></span> <span class='ocrx_word' id='word_1_180' title='bbox 2628 1559 2832 1627; x_wconf 82' lang='lat' dir='ltr'><strong>capita,</strong></span> <span class='ocrx_word' id='word_1_181' title='bbox 2890 1573 3093 1611; x_wconf 86' lang='lat' dir='ltr'><strong>cavens</strong></span> <span class='ocrx_word' id='word_1_182' title='bbox 3124 1558 3230 1610; x_wconf 88' lang='lat' dir='ltr'><strong>sibi</strong></span> <span class='ocrx_word' id='word_1_183' title='bbox 3262 1572 3290 1608; x_wconf 89' lang='lat' dir='ltr'>a</span> <span class='ocrx_word' id='word_1_184' title='bbox 3334 1556 3521 1626; x_wconf 81' lang='lat' dir='ltr'><strong>prodi—</strong></span> 
     </span>
    </p>
   </div>
   <div class='ocr_carea' id='block_1_32' title="bbox 1952 1648 3520 1722">
    <p class='ocr_par' dir='ltr' id='par_1_32' title="bbox 1952 1648 3520 1722">
     <span class='ocr_line' id='line_1_32' title="bbox 1952 1648 3520 1722; baseline -0.002 -17"><span class='ocrx_word' id='word_1_185' title='bbox 1952 1654 2200 1708; x_wconf 86' lang='lat' dir='ltr'>tionibus</span> <span class='ocrx_word' id='word_1_186' title='bbox 2261 1659 2662 1722; x_wconf 74' lang='lat' dir='ltr'><strong>amputaverat.</strong></span> <span class='ocrx_word' id='word_1_187' title='bbox 2716 1650 2937 1705; x_wconf 65' lang='lat' dir='ltr'><strong>Caeteri‘</strong></span> <span class='ocrx_word' id='word_1_188' title='bbox 2968 1649 3322 1718; x_wconf 86' lang='lat' dir='ltr'><strong>precidentes</strong></span> <span class='ocrx_word' id='word_1_189' title='bbox 3351 1650 3400 1702; x_wconf 90' lang='lat' dir='ltr'>ci</span> <span class='ocrx_word' id='word_1_190' title='bbox 3451 1648 3520 1702; x_wconf 87' lang='lat' dir='ltr'>ad</span> 
     </span>
    </p>
   </div>
   <div class='ocr_carea' id='block_1_33' title="bbox 276 1717 1847 1815">
    <p class='ocr_par' dir='ltr' id='par_1_33' title="bbox 276 1717 1847 1813">
     <span class='ocr_line' id='line_1_33' title="bbox 276 1717 1847 1813; baseline 0.004 -26"><span class='ocrx_word' id='word_1_191' title='bbox 276 1736 473 1803; x_wconf 76' lang='grc' dir='ltr'>ὀλίγων</span> <span class='ocrx_word' id='word_1_192' title='bbox 526 1737 752 1808; x_wconf 81' lang='grc' dir='ltr'>ἡμερῶν</span> <span class='ocrx_word' id='word_1_193' title='bbox 804 1737 1007 1791; x_wconf 76' lang='grc' dir='ltr'>ἔνδοσιν</span> <span class='ocrx_word' id='word_1_194' title='bbox 1053 1739 1304 1806; x_wconf 83' lang='grc' dir='ltr'>γενέσθαι</span> <span class='ocrx_word' id='word_1_195' title='bbox 1364 1717 1562 1805; x_wconf 65' lang='grc' dir='ltr'>αθτοῖς⁷</span> <span class='ocrx_word' id='word_1_196' title='bbox 1605 1741 1741 1813; x_wconf 77' lang='grc' dir='ltr'>πρὸς</span> <span class='ocrx_word' id='word_1_197' title='bbox 1785 1741 1847 1794; x_wconf 82' lang='grc' dir='ltr'>τὸ</span> 
     </span>
    </p>
   </div>
   <div class='ocr_carea' id='block_1_34' title="bbox 1954 1717 3520 1815">
    <p class='ocr_par' dir='ltr' id='par_1_34' title="bbox 1954 1739 3520 1815">
     <span class='ocr_line' id='line_1_34' title="bbox 1954 1739 3520 1815; baseline -0.006 -16"><span class='ocrx_word' id='word_1_198' title='bbox 1954 1744 2144 1815; x_wconf 87' lang='lat' dir='ltr'><strong>pedes,</strong></span> <span class='ocrx_word' id='word_1_199' title='bbox 2174 1759 2479 1813; x_wconf 88' lang='lat' dir='ltr'><strong>paucorum</strong></span> <span class='ocrx_word' id='word_1_200' title='bbox 2534 1744 2745 1797; x_wconf 89' lang='lat' dir='ltr'><strong>dierum</strong></span> <span class='ocrx_word' id='word_1_201' title='bbox 2790 1740 3046 1794; x_wconf 83' lang='lat' dir='ltr'><strong>inducias</strong></span> <span class='ocrx_word' id='word_1_202' title='bbox 3072 1739 3177 1792; x_wconf 86' lang='lat' dir='ltr'><strong>sibi</strong></span> <span class='ocrx_word' id='word_1_203' title='bbox 3208 1740 3330 1791; x_wconf 81' lang='lat' dir='ltr'><strong>dari</strong></span> <span class='ocrx_word' id='word_1_204' title='bbox 3368 1748 3520 1807; x_wconf 88' lang='lat' dir='ltr'><strong>pete-</strong></span> 
     </span>
    </p>
   </div>
   <div class='ocr_carea' id='block_1_35' title="bbox 276 1827 1849 1905">
    <p class='ocr_par' dir='ltr' id='par_1_35' title="bbox 276 1827 1849 1905">
     <span class='ocr_line' id='line_1_35' title="bbox 276 1827 1849 1905; baseline 0.006 -26"><span class='ocrx_word' id='word_1_205' title='bbox 276 1827 491 1896; x_wconf 71' lang='grc' dir='ltr'>πέμψαι</span> <span class='ocrx_word' id='word_1_206' title='bbox 516 1832 563 1862; x_wconf 69' lang='grc'>⁵⁸</span> <span class='ocrx_word' id='word_1_207' title='bbox 591 1830 775 1898; x_wconf 84' lang='grc' dir='ltr'>δέησιν</span> <span class='ocrx_word' id='word_1_208' title='bbox 799 1832 859 1883; x_wconf 88' lang='grc' dir='ltr'>ἐν</span> <span class='ocrx_word' id='word_1_209' title='bbox 884 1833 953 1901; x_wconf 85' lang='grc' dir='ltr'>τῇ</span> <span class='ocrx_word' id='word_1_210' title='bbox 1014 1831 1305 1902; x_wconf 84' lang='grc' dir='ltr'>Ῥωμαίων</span> <span class='ocrx_word' id='word_1_211' title='bbox 1346 1833 1594 1905; x_wconf 76' lang='grc' dir='ltr'>πολιτείᾳ</span> <span class='ocrx_word' id='word_1_212' title='bbox 1632 1835 1724 1887; x_wconf 79' lang='grc' dir='ltr'>τοῦ</span> <span class='ocrx_word' id='word_1_213' title='bbox 1755 1836 1849 1888; x_wconf 85' lang='grc' dir='ltr'>ἐκ·</span> 
     </span>
    </p>
   </div>
   <div class='ocr_carea' id='block_1_36' title="bbox 274 1922 1850 1995">
    <p class='ocr_par' dir='ltr' id='par_1_36' title="bbox 274 1922 1850 1995">
     <span class='ocr_line' id='line_1_36' title="bbox 274 1922 1850 1995; baseline 0.004 -21"><span class='ocrx_word' id='word_1_214' title='bbox 274 1922 594 1991; x_wconf 80' lang='grc' dir='ltr'>πεμφθῆναι</span> <span class='ocrx_word' id='word_1_215' title='bbox 613 1923 872 1995; x_wconf 84' lang='grc' dir='ltr'>χρήματα</span> <span class='ocrx_word' id='word_1_216' title='bbox 895 1925 974 1985; x_wconf 85' lang='grc' dir='ltr'>είς</span> <span class='ocrx_word' id='word_1_217' title='bbox 1000 1924 1301 1995; x_wconf 68' lang='grc' dir='ltr'>ἀνάρρυσιν</span> <span class='ocrx_word' id='word_1_218' title='bbox 1317 1925 1514 1979; x_wconf 84' lang='grc' dir='ltr'>αὐτῶν.</span> <span class='ocrx_word' id='word_1_219' title='bbox 1540 1926 1649 1978; x_wconf 72' lang='grc' dir='ltr'>Καὶ</span> <span class='ocrx_word' id='word_1_220' title='bbox 1677 1925 1850 1980; x_wconf 80' lang='grc' dir='ltr'>ταῦτα</span> 
     </span>
    </p>
   </div>
   <div class='ocr_carea' id='block_1_37' title="bbox 269 2010 1844 2088">
    <p class='ocr_par' dir='ltr' id='par_1_37' title="bbox 269 2010 1844 2088">
     <span class='ocr_line' id='line_1_37' title="bbox 269 2010 1844 2088; baseline 0.004 -24"><span class='ocrx_word' id='word_1_221' title='bbox 269 2010 515 2075; x_wconf 80' lang='grc' dir='ltr'>ἀκούσας</span> <span class='ocrx_word' id='word_1_222' title='bbox 548 2012 1008 2085; x_wconf 78' lang='grc' dir='ltr'>Ἀλαμούνδαρος,</span> <span class='ocrx_word' id='word_1_223' title='bbox 1043 2015 1272 2086; x_wconf 87' lang='grc' dir='ltr'>χαίρων,</span> <span class='ocrx_word' id='word_1_224' title='bbox 1297 2016 1449 2084; x_wconf 65' lang='grc' dir='ltr'>φησι,</span> <span class='ocrx_word' id='word_1_225' title='bbox 1488 2016 1808 2088; x_wconf 83' lang='grc' dir='ltr'>παρεκλήθη</span> <span class='ocrx_word' id='word_1_226' title='bbox 1831 2034 1844 2048; x_wconf 83' lang='grc'><em>’</em></span> 
     </span>
    </p>
   </div>
   <div class='ocr_carea' id='block_1_38' title="bbox 271 2103 1848 2177">
    <p class='ocr_par' dir='ltr' id='par_1_38' title="bbox 271 2103 1848 2177">
     <span class='ocr_line' id='line_1_38' title="bbox 271 2103 1848 2177; baseline 0.004 -22"><span class='ocrx_word' id='word_1_227' title='bbox 271 2104 367 2156; x_wconf 74' lang='grc' dir='ltr'>καὶ</span> <span class='ocrx_word' id='word_1_228' title='bbox 398 2103 651 2167; x_wconf 86' lang='grc' dir='ltr'>δεδωκὼς</span> <span class='ocrx_word' id='word_1_229' title='bbox 698 2104 1043 2174; x_wconf 80' lang='grc' dir='ltr'>προθεσμίαν</span> <span class='ocrx_word' id='word_1_230' title='bbox 1089 2106 1314 2177; x_wconf 87' lang='grc' dir='ltr'>ήμερῶν</span> <span class='ocrx_word' id='word_1_231' title='bbox 1349 2106 1652 2177; x_wconf 80' lang='grc' dir='ltr'>ἐξήκοντα,</span> <span class='ocrx_word' id='word_1_232' title='bbox 1693 2109 1848 2161; x_wconf 61' lang='grc' dir='ltr'>ἀντι-</span> 
     </span>
    </p>
   </div>
   <div class='ocr_carea' id='block_1_39' title="bbox 266 2194 1845 2270">
    <p class='ocr_par' dir='ltr' id='par_1_39' title="bbox 266 2194 1845 2270">
     <span class='ocr_line' id='line_1_39' title="bbox 266 2194 1845 2270; baseline 0.004 -24"><span class='ocrx_word' id='word_1_233' title='bbox 266 2195 628 2263; x_wconf 77' lang='grc' dir='ltr'>φωνήσαντος</span> <span class='ocrx_word' id='word_1_234' title='bbox 681 2194 822 2265; x_wconf 78' lang='grc' dir='ltr'>ὑπὲρ</span> <span class='ocrx_word' id='word_1_235' title='bbox 856 2195 1033 2248; x_wconf 79' lang='grc' dir='ltr'>αὐτῶν</span> <span class='ocrx_word' id='word_1_236' title='bbox 1081 2197 1349 2261; x_wconf 80' lang='grc' dir='ltr'>Ταῖζάνου</span> <span class='ocrx_word' id='word_1_237' title='bbox 1396 2198 1491 2251; x_wconf 82' lang='grc' dir='ltr'>τοῦ</span> <span class='ocrx_word' id='word_1_238' title='bbox 1537 2200 1845 2270; x_wconf 68' lang='grc' dir='ltr'>ῥιρχιφύλου</span> 
     </span>
    </p>
   </div>
   <div class='ocr_carea' id='block_1_40' title="bbox 267 2283 1846 2359">
    <p class='ocr_par' dir='ltr' id='par_1_40' title="bbox 267 2283 1846 2359">
     <span class='ocr_line' id='line_1_40' title="bbox 267 2283 1846 2359; baseline 0.005 -23"><span class='ocrx_word' id='word_1_239' title='bbox 267 2283 646 2355; x_wconf 82' lang='grc' dir='ltr'>Σαρακηνῶν,</span> <span class='ocrx_word' id='word_1_240' title='bbox 698 2285 794 2338; x_wconf 71' lang='grc' dir='ltr'>καὶ</span> <span class='ocrx_word' id='word_1_241' title='bbox 847 2286 946 2356; x_wconf 84' lang='grc' dir='ltr'>τῆς</span> <span class='ocrx_word' id='word_1_242' title='bbox 989 2285 1226 2357; x_wconf 83' lang='grc' dir='ltr'>δεήσεως</span> <span class='ocrx_word' id='word_1_243' title='bbox 1278 2289 1712 2359; x_wconf 82' lang='grc' dir='ltr'>ἐκπεμφθείσης,</span> <span class='ocrx_word' id='word_1_244' title='bbox 1750 2293 1846 2345; x_wconf 82' lang='grc' dir='ltr'>άν-</span> 
     </span>
    </p>
   </div>
   <div class='ocr_carea' id='block_1_41' title="bbox 265 2372 1848 2447">
    <p class='ocr_par' dir='ltr' id='par_1_41' title="bbox 265 2372 1848 2447">
     <span class='ocr_line' id='line_1_41' title="bbox 265 2372 1848 2447; baseline 0.003 -20"><span class='ocrx_word' id='word_1_245' title='bbox 265 2372 525 2444; x_wconf 81' lang='grc' dir='ltr'>εγνώσθη</span> <span class='ocrx_word' id='word_1_246' title='bbox 548 2376 606 2425; x_wconf 81' lang='grc' dir='ltr'>ἐν</span> <span class='ocrx_word' id='word_1_247' title='bbox 630 2375 960 2446; x_wconf 69' lang='grc' dir='ltr'>Ἀντιοχείᾳ,</span> <span class='ocrx_word' id='word_1_248' title='bbox 984 2375 1078 2429; x_wconf 77' lang='grc' dir='ltr'>καὶ</span> <span class='ocrx_word' id='word_1_249' title='bbox 1101 2376 1244 2445; x_wconf 78' lang='grc' dir='ltr'>μετὰ</span> <span class='ocrx_word' id='word_1_250' title='bbox 1266 2376 1521 2447; x_wconf 83' lang='grc' dir='ltr'>δακρύων</span> <span class='ocrx_word' id='word_1_251' title='bbox 1539 2377 1738 2441; x_wconf 81' lang='grc' dir='ltr'>πάντες</span> <span class='ocrx_word' id='word_1_252' title='bbox 1767 2380 1848 2442; x_wconf 90' lang='grc' dir='ltr'>είς</span> 
     </span>
    </p>
   </div>
   <div class='ocr_carea' id='block_1_42' title="bbox 264 2464 1848 2541">
    <p class='ocr_par' dir='ltr' id='par_1_42' title="bbox 264 2464 1848 2541">
     <span class='ocr_line' id='line_1_42' title="bbox 264 2464 1848 2541; baseline 0.001 -23"><span class='ocrx_word' id='word_1_253' title='bbox 264 2465 338 2519; x_wconf 81' lang='grc' dir='ltr'>τὰ</span> <span class='ocrx_word' id='word_1_254' title='bbox 366 2465 640 2534; x_wconf 82' lang='grc' dir='ltr'>λεγόμενα</span> <span class='ocrx_word' id='word_1_255' title='bbox 675 2464 1056 2534; x_wconf 81' lang='grc' dir='ltr'>γαζοφυλάκια</span> <span class='ocrx_word' id='word_1_256' title='bbox 1080 2469 1137 2520; x_wconf 87' lang='grc' dir='ltr'>ἐν</span> <span class='ocrx_word' id='word_1_257' title='bbox 1173 2467 1380 2540; x_wconf 79' lang='grc' dir='ltr'>ἑκάστῃ</span> <span class='ocrx_word' id='word_1_258' title='bbox 1405 2466 1555 2539; x_wconf 82' lang='lat' dir='ltr'>[I99]</span> <span class='ocrx_word' id='word_1_259' title='bbox 1580 2469 1848 2541; x_wconf 74' lang='grc' dir='ltr'>ἐκκλησίᾳ</span> 
     </span>
    </p>
   </div>
   <div class='ocr_carea' id='block_1_43' title="bbox 266 2555 1848 2629">
    <p class='ocr_par' dir='ltr' id='par_1_43' title="bbox 266 2555 1848 2629">
     <span class='ocr_line' id='line_1_43' title="bbox 266 2555 1848 2629; baseline 0.001 -17"><span class='ocrx_word' id='word_1_260' title='bbox 266 2558 396 2612; x_wconf 83' lang='grc' dir='ltr'>καθ’</span> <span class='ocrx_word' id='word_1_261' title='bbox 426 2557 456 2610; x_wconf 83' lang='grc' dir='ltr'><strong>ὃ</strong></span> <span class='ocrx_word' id='word_1_262' title='bbox 487 2558 717 2629; x_wconf 79' lang='grc' dir='ltr'>ηὐπόρει</span> <span class='ocrx_word' id='word_1_263' title='bbox 755 2574 838 2620; x_wconf 89' lang='grc' dir='ltr'>τις</span> <span class='ocrx_word' id='word_1_264' title='bbox 874 2558 1171 2628; x_wconf 85' lang='grc' dir='ltr'>μετεδίδου.</span> <span class='ocrx_word' id='word_1_265' title='bbox 1205 2560 1297 2613; x_wconf 86' lang='grc' dir='ltr'>Ἐν</span> <span class='ocrx_word' id='word_1_266' title='bbox 1325 2555 1405 2622; x_wconf 81' lang='grc' dir='ltr'>οἷς</span> <span class='ocrx_word' id='word_1_267' title='bbox 1440 2559 1655 2628; x_wconf 83' lang='grc' dir='ltr'>πρῶτος</span> <span class='ocrx_word' id='word_1_268' title='bbox 1684 2578 1848 2613; x_wconf 87' lang='grc' dir='ltr'>κατα-</span> 
     </span>
    </p>
   </div>
   <div class='ocr_carea' id='block_1_44' title="bbox 264 2648 1849 2722">
    <p class='ocr_par' dir='ltr' id='par_1_44' title="bbox 264 2648 1849 2722">
     <span class='ocr_line' id='line_1_44' title="bbox 264 2648 1849 2722; baseline 0.002 -20"><span class='ocrx_word' id='word_1_269' title='bbox 264 2648 490 2720; x_wconf 71' lang='grc' dir='ltr'>νυχθεὶς</span> <span class='ocrx_word' id='word_1_270' title='bbox 524 2651 551 2702; x_wconf 98' lang='lat'>6</span> <span class='ocrx_word' id='word_1_271' title='bbox 592 2649 942 2720; x_wconf 82' lang='grc' dir='ltr'>πατριάρχης</span> <span class='ocrx_word' id='word_1_272' title='bbox 977 2652 1072 2704; x_wconf 84' lang='grc' dir='ltr'>σὺν</span> <span class='ocrx_word' id='word_1_273' title='bbox 1124 2654 1237 2714; x_wconf 84' lang='grc' dir='ltr'>τοῖς</span> <span class='ocrx_word' id='word_1_274' title='bbox 1282 2650 1563 2722; x_wconf 84' lang='grc' dir='ltr'>κληρικοῖς</span> <span class='ocrx_word' id='word_1_275' title='bbox 1614 2650 1849 2715; x_wconf 81' lang='grc' dir='ltr'>καὶτοῖς</span> 
     </span>
    </p>
   </div>
   <div class='ocr_carea' id='block_1_45' title="bbox 267 2737 1847 2811">
    <p class='ocr_par' dir='ltr' id='par_1_45' title="bbox 267 2737 1847 2811">
     <span class='ocr_line' id='line_1_45' title="bbox 267 2737 1847 2811; baseline 0 -19"><span class='ocrx_word' id='word_1_276' title='bbox 267 2738 537 2809; x_wconf 65' lang='grc' dir='ltr'>ἄρχουσιν</span> <span class='ocrx_word' id='word_1_277' title='bbox 579 2737 640 2802; x_wconf 80' lang='grc' dir='ltr'>ἐξ</span> <span class='ocrx_word' id='word_1_278' title='bbox 690 2738 896 2802; x_wconf 79' lang='grc' dir='ltr'>οἰκείας</span> <span class='ocrx_word' id='word_1_279' title='bbox 945 2740 1323 2811; x_wconf 86' lang='grc' dir='ltr'>προαιρέσεως</span> <span class='ocrx_word' id='word_1_280' title='bbox 1368 2740 1700 2809; x_wconf 85' lang='grc' dir='ltr'>μετέδωκαν.</span> <span class='ocrx_word' id='word_1_281' title='bbox 1737 2741 1847 2794; x_wconf 78' lang='grc' dir='ltr'>Καὶ</span> 
     </span>
    </p>
   </div>
   <div class='ocr_carea' id='block_1_46' title="bbox 265 2830 1848 2903">
    <p class='ocr_par' dir='ltr' id='par_1_46' title="bbox 265 2830 1848 2903">
     <span class='ocr_line' id='line_1_46' title="bbox 265 2830 1848 2903; baseline -0.001 -17"><span class='ocrx_word' id='word_1_282' title='bbox 265 2831 714 2900; x_wconf 75' lang='grc' dir='ltr'>ἀναγνωσθείσης</span> <span class='ocrx_word' id='word_1_283' title='bbox 761 2832 861 2901; x_wconf 83' lang='grc' dir='ltr'>τῆς</span> <span class='ocrx_word' id='word_1_284' title='bbox 917 2830 1153 2902; x_wconf 84' lang='grc' dir='ltr'>δεήσεως</span> <span class='ocrx_word' id='word_1_285' title='bbox 1204 2831 1305 2901; x_wconf 85' lang='grc' dir='ltr'>τῆς</span> <span class='ocrx_word' id='word_1_286' title='bbox 1351 2831 1500 2903; x_wconf 77' lang='grc' dir='ltr'>παρὰ</span> <span class='ocrx_word' id='word_1_287' title='bbox 1530 2832 1640 2886; x_wconf 82' lang='grc' dir='ltr'>τῶν</span> <span class='ocrx_word' id='word_1_288' title='bbox 1678 2834 1848 2903; x_wconf 89' lang='grc' dir='ltr'>αίχμ-</span> 
     </span>
    </p>
   </div>
   <div class='ocr_carea' id='block_1_47' title="bbox 265 2921 1846 2994">
    <p class='ocr_par' dir='ltr' id='par_1_47' title="bbox 265 2921 1846 2994">
     <span class='ocr_line' id='line_1_47' title="bbox 265 2921 1846 2994; baseline 0.001 -20"><span class='ocrx_word' id='word_1_289' title='bbox 265 2922 494 2975; x_wconf 84' lang='grc' dir='ltr'>αλώτων</span> <span class='ocrx_word' id='word_1_290' title='bbox 516 2921 885 2990; x_wconf 82' lang='grc' dir='ltr'>πεμφθείσης,</span> <span class='ocrx_word' id='word_1_291' title='bbox 901 2921 1071 2992; x_wconf 74' lang='grc' dir='ltr'>ᾔτησε</span> <span class='ocrx_word' id='word_1_292' title='bbox 1087 2922 1133 2954; x_wconf 79' lang='grc'>⁸⁸</span> <span class='ocrx_word' id='word_1_293' title='bbox 1155 2924 1263 2985; x_wconf 84' lang='grc' dir='ltr'>πᾶς</span> <span class='ocrx_word' id='word_1_294' title='bbox 1282 2923 1310 2975; x_wconf 94' lang='lat'>6</span> <span class='ocrx_word' id='word_1_295' title='bbox 1325 2924 1495 2993; x_wconf 81' lang='grc' dir='ltr'>δῆμος</span> <span class='ocrx_word' id='word_1_296' title='bbox 1505 2923 1598 2976; x_wconf 80' lang='grc' dir='ltr'>τοῦ</span> <span class='ocrx_word' id='word_1_297' title='bbox 1616 2923 1846 2994; x_wconf 81' lang='grc' dir='ltr'>ἀχθῆναι</span> 
     </span>
    </p>
   </div>
   <div class='ocr_carea' id='block_1_48' title="bbox 268 3011 1847 3084">
    <p class='ocr_par' dir='ltr' id='par_1_48' title="bbox 268 3011 1847 3084">
     <span class='ocr_line' id='line_1_48' title="bbox 268 3011 1847 3084; baseline 0.002 -20"><span class='ocrx_word' id='word_1_298' title='bbox 268 3014 586 3083; x_wconf 67' lang='grc' dir='ltr'>πάνδημον⁸</span> <span class='ocrx_word' id='word_1_299' title='bbox 618 3012 712 3065; x_wconf 79' lang='grc' dir='ltr'>καὶ</span> <span class='ocrx_word' id='word_1_300' title='bbox 743 3011 834 3064; x_wconf 80' lang='grc' dir='ltr'>τοῦ</span> <span class='ocrx_word' id='word_1_301' title='bbox 877 3013 1158 3083; x_wconf 80' lang='grc' dir='ltr'>πανδήμου</span> <span class='ocrx_word' id='word_1_302' title='bbox 1189 3013 1448 3084; x_wconf 82' lang='grc' dir='ltr'>ἀχθέντος</span> <span class='ocrx_word' id='word_1_303' title='bbox 1475 3015 1567 3067; x_wconf 76' lang='grc' dir='ltr'>καὶ</span> <span class='ocrx_word' id='word_1_304' title='bbox 1604 3016 1847 3084; x_wconf 87' lang='grc' dir='ltr'>τάπητος</span> 
     </span>
    </p>
   </div>
   <div class='ocr_carea' id='block_1_49' title="bbox 265 3102 1847 3175">
    <p class='ocr_par' dir='ltr' id='par_1_49' title="bbox 265 3102 1847 3175">
     <span class='ocr_line' id='line_1_49' title="bbox 265 3102 1847 3175; baseline -0.001 -19"><span class='ocrx_word' id='word_1_305' title='bbox 265 3103 639 3165; x_wconf 73' lang='grc' dir='ltr'>ἁπλωθέντος,</span> <span class='ocrx_word' id='word_1_306' title='bbox 672 3103 903 3166; x_wconf 74' lang='grc' dir='ltr'>ἕκαστος</span> <span class='ocrx_word' id='word_1_307' title='bbox 933 3103 1056 3156; x_wconf 83' lang='grc' dir='ltr'>καθ’</span> <span class='ocrx_word' id='word_1_308' title='bbox 1087 3102 1116 3156; x_wconf 84' lang='grc' dir='ltr'><strong>ὃ</strong></span> <span class='ocrx_word' id='word_1_309' title='bbox 1136 3104 1365 3173; x_wconf 82' lang='grc' dir='ltr'>ηὐπόρει</span> <span class='ocrx_word' id='word_1_310' title='bbox 1390 3104 1649 3175; x_wconf 75' lang='grc' dir='ltr'>ἔρριπτεν</span> <span class='ocrx_word' id='word_1_311' title='bbox 1679 3105 1738 3157; x_wconf 84' lang='grc' dir='ltr'>ἐν</span> <span class='ocrx_word' id='word_1_312' title='bbox 1769 3103 1847 3170; x_wconf 82' lang='grc' dir='ltr'>τῷ</span> 
     </span>
    </p>
   </div>
   <div class='ocr_carea' id='block_1_50' title="bbox 262 3196 1847 3269">
    <p class='ocr_par' dir='ltr' id='par_1_50' title="bbox 262 3196 1847 3269">
     <span class='ocr_line' id='line_1_50' title="bbox 262 3196 1847 3269; baseline 0.001 -20"><span class='ocrx_word' id='word_1_313' title='bbox 262 3198 500 3268; x_wconf 84' lang='grc' dir='ltr'>τάπητι.</span> <span class='ocrx_word' id='word_1_314' title='bbox 520 3196 631 3250; x_wconf 71' lang='grc' dir='ltr'>Καὶ</span> <span class='ocrx_word' id='word_1_315' title='bbox 658 3196 1035 3266; x_wconf 78' lang='grc' dir='ltr'>συναχθέντων</span> <span class='ocrx_word' id='word_1_316' title='bbox 1062 3196 1281 3251; x_wconf 85' lang='grc' dir='ltr'>πάντων</span> <span class='ocrx_word' id='word_1_317' title='bbox 1305 3197 1401 3251; x_wconf 68' lang='grc' dir='ltr'>καὶ¹</span> <span class='ocrx_word' id='word_1_318' title='bbox 1418 3197 1847 3269; x_wconf 78' lang='grc' dir='ltr'>ἐκπεμφθέντων</span> 
     </span>
    </p>
   </div>
   <div class='ocr_carea' id='block_1_51' title="bbox 261 3287 1163 3361">
    <p class='ocr_par' dir='ltr' id='par_1_51' title="bbox 261 3287 1163 3361">
     <span class='ocr_line' id='line_1_51' title="bbox 261 3287 1163 3361; baseline 0.002 -19"><span class='ocrx_word' id='word_1_319' title='bbox 261 3287 689 3361; x_wconf 79' lang='grc' dir='ltr'>ἀνεῤῥύσθησαν</span> <span class='ocrx_word' id='word_1_320' title='bbox 719 3289 769 3342; x_wconf 80' lang='grc' dir='ltr'>οἱ</span> <span class='ocrx_word' id='word_1_321' title='bbox 801 3289 1163 3360; x_wconf 81' lang='grc' dir='ltr'>αἰχμάλωτοι.</span> 
     </span>
    </p>
   </div>
   <div class='ocr_carea' id='block_1_52' title="bbox 336 3561 1844 3634">
    <p class='ocr_par' dir='ltr' id='par_1_52' title="bbox 336 3561 1844 3634">
     <span class='ocr_line' id='line_1_52' title="bbox 336 3561 1844 3634; baseline -0.001 -16"><span class='ocrx_word' id='word_1_322' title='bbox 336 3564 430 3634; x_wconf 85' lang='grc' dir='ltr'><strong>Τῷ</strong></span> <span class='ocrx_word' id='word_1_323' title='bbox 459 3564 519 3617; x_wconf 80' lang='grc' dir='ltr'>δὲ</span> <span class='ocrx_word' id='word_1_324' title='bbox 548 3563 700 3633; x_wconf 79' lang='grc' dir='ltr'>αὐτῷ</span> <span class='ocrx_word' id='word_1_325' title='bbox 728 3563 906 3634; x_wconf 85' lang='grc' dir='ltr'>χρόνῳ</span> <span class='ocrx_word' id='word_1_326' title='bbox 940 3561 1307 3634; x_wconf 84' lang='grc' dir='ltr'>κατεπέμφθη</span> <span class='ocrx_word' id='word_1_327' title='bbox 1337 3563 1365 3615; x_wconf 82' lang='grc' dir='ltr'>ό</span> <span class='ocrx_word' id='word_1_328' title='bbox 1392 3562 1692 3634; x_wconf 87' lang='grc' dir='ltr'>μάγιστρος</span> <span class='ocrx_word' id='word_1_329' title='bbox 1722 3563 1844 3633; x_wconf 80' lang='grc' dir='ltr'>Ἐρ-</span> 
     </span>
    </p>
   </div>
   <div class='ocr_carea' id='block_1_53' title="bbox 264 3652 1843 3727">
    <p class='ocr_par' dir='ltr' id='par_1_53' title="bbox 264 3652 1843 3727">
     <span class='ocr_line' id='line_1_53' title="bbox 264 3652 1843 3727; baseline -0.001 -18"><span class='ocrx_word' id='word_1_330' title='bbox 264 3657 513 3727; x_wconf 82' lang='grc' dir='ltr'>μογένης</span> <span class='ocrx_word' id='word_1_331' title='bbox 545 3657 605 3709; x_wconf 93' lang='grc' dir='ltr'>ἐν</span> <span class='ocrx_word' id='word_1_332' title='bbox 657 3657 773 3718; x_wconf 82' lang='grc' dir='ltr'>τοῖς</span> <span class='ocrx_word' id='word_1_333' title='bbox 815 3654 1181 3717; x_wconf 83' lang='grc' dir='ltr'>Ἀνατολικοῖς</span> <span class='ocrx_word' id='word_1_334' title='bbox 1240 3656 1465 3725; x_wconf 84' lang='grc' dir='ltr'>μέρεσιν</span> <span class='ocrx_word' id='word_1_335' title='bbox 1510 3654 1694 3708; x_wconf 74' lang='grc' dir='ltr'>ἕνεκεν</span> <span class='ocrx_word' id='word_1_336' title='bbox 1747 3652 1843 3707; x_wconf 83' lang='grc' dir='ltr'>τοῦ</span> 
     </span>
    </p>
   </div>
   <div class='ocr_carea' id='block_1_54' title="bbox 257 3742 1844 3818">
    <p class='ocr_par' dir='ltr' id='par_1_54' title="bbox 257 3742 1844 3818">
     <span class='ocr_line' id='line_1_54' title="bbox 257 3742 1844 3818; baseline -0.001 -17"><span class='ocrx_word' id='word_1_337' title='bbox 257 3746 544 3816; x_wconf 84' lang='grc' dir='ltr'>Περσικοῦ</span> <span class='ocrx_word' id='word_1_338' title='bbox 591 3746 861 3815; x_wconf 83' lang='grc' dir='ltr'>πολέμου·</span> <span class='ocrx_word' id='word_1_339' title='bbox 896 3742 965 3818; x_wconf 78' lang='grc' dir='ltr'>ἦν</span> <span class='ocrx_word' id='word_1_340' title='bbox 1017 3746 1126 3816; x_wconf 85' lang='grc' dir='ltr'>γὰρ</span> <span class='ocrx_word' id='word_1_341' title='bbox 1172 3748 1201 3800; x_wconf 92' lang='lat'>6</span> <span class='ocrx_word' id='word_1_342' title='bbox 1252 3744 1506 3816; x_wconf 79' lang='grc' dir='ltr'>βασιλεὺς</span> <span class='ocrx_word' id='word_1_343' title='bbox 1555 3746 1844 3815; x_wconf 88' lang='grc' dir='ltr'>Ῥωμαίων</span> 
     </span>
    </p>
   </div>
   <div class='ocr_carea' id='block_1_55' title="bbox 260 3834 1842 3909">
    <p class='ocr_par' dir='ltr' id='par_1_55' title="bbox 260 3834 1842 3909">
     <span class='ocr_line' id='line_1_55' title="bbox 260 3834 1842 3909; baseline -0.002 -18"><span class='ocrx_word' id='word_1_344' title='bbox 260 3837 460 3909; x_wconf 84' lang='grc' dir='ltr'>μαθὼν</span> <span class='ocrx_word' id='word_1_345' title='bbox 500 3838 586 3891; x_wconf 83' lang='grc' dir='ltr'>ὅτι</span> <span class='ocrx_word' id='word_1_346' title='bbox 637 3836 1016 3907; x_wconf 87' lang='grc' dir='ltr'>στρατηλάτης</span> <span class='ocrx_word' id='word_1_347' title='bbox 1072 3835 1299 3909; x_wconf 81' lang='grc' dir='ltr'>Περσῶν</span> <span class='ocrx_word' id='word_1_348' title='bbox 1340 3834 1571 3906; x_wconf 82' lang='grc' dir='ltr'>Ἐξαρὰθ</span> <span class='ocrx_word' id='word_1_349' title='bbox 1621 3834 1842 3904; x_wconf 84' lang='grc' dir='ltr'>ὀνόματι</span> 
     </span>
    </p>
   </div>
   <div class='ocr_carea' id='block_1_56' title="bbox 254 3925 1844 4000">
    <p class='ocr_par' dir='ltr' id='par_1_56' title="bbox 254 3925 1844 4000">
     <span class='ocr_line' id='line_1_56' title="bbox 254 3925 1844 4000; baseline -0.002 -18"><span class='ocrx_word' id='word_1_350' title='bbox 254 3930 411 3999; x_wconf 66' lang='grc' dir='ltr'>μετὰ</span> <span class='ocrx_word' id='word_1_351' title='bbox 442 3928 723 4000; x_wconf 79' lang='grc' dir='ltr'>Περσικῆς</span> <span class='ocrx_word' id='word_1_352' title='bbox 752 3926 1028 3998; x_wconf 83' lang='grc' dir='ltr'>βοηθείας,</span> <span class='ocrx_word' id='word_1_353' title='bbox 1058 3927 1205 3998; x_wconf 68' lang='grc' dir='ltr'>ἔχων</span> <span class='ocrx_word' id='word_1_354' title='bbox 1230 3926 1347 3998; x_wconf 83' lang='grc' dir='ltr'>μεθ’</span> <span class='ocrx_word' id='word_1_355' title='bbox 1369 3925 1689 3981; x_wconf 58' lang='lat' dir='ltr'><strong>tirnoth</strong></span> <span class='ocrx_word' id='word_1_356' title='bbox 1718 3926 1844 3996; x_wconf 86' lang='grc' dir='ltr'>βάν-</span> 
     </span>
    </p>
   </div>
   <div class='ocr_carea' id='block_1_57' title="bbox 160 4014 1843 4090">
    <p class='ocr_par' dir='ltr' id='par_1_57' title="bbox 160 4014 1843 4090">
     <span class='ocr_line' id='line_1_57' title="bbox 160 4014 1843 4090; baseline -0.002 -15"><span class='ocrx_word' id='word_1_357' title='bbox 160 4030 174 4053; x_wconf 84' lang='grc'><em>¹</em></span> <span class='ocrx_word' id='word_1_358' title='bbox 256 4014 355 4075; x_wconf 71' lang='grc' dir='ltr'>δον</span> <span class='ocrx_word' id='word_1_359' title='bbox 389 4019 676 4090; x_wconf 81' lang='grc' dir='ltr'>βασιλικὸν</span> <span class='ocrx_word' id='word_1_360' title='bbox 710 4019 811 4089; x_wconf 88' lang='lat'>(9),</span> <span class='ocrx_word' id='word_1_361' title='bbox 856 4018 1117 4090; x_wconf 83' lang='grc' dir='ltr'>ὥρμησεν</span> <span class='ocrx_word' id='word_1_362' title='bbox 1147 4019 1244 4073; x_wconf 74' lang='grc' dir='ltr'>ἐπὶ</span> <span class='ocrx_word' id='word_1_363' title='bbox 1280 4018 1351 4072; x_wconf 80' lang='grc' dir='ltr'>τὰ</span> <span class='ocrx_word' id='word_1_364' title='bbox 1395 4018 1699 4089; x_wconf 84' lang='grc' dir='ltr'>Ῥωμαϊκά.</span> <span class='ocrx_word' id='word_1_365' title='bbox 1729 4019 1843 4071; x_wconf 77' lang='grc' dir='ltr'>Καὶ</span> 
     </span>
    </p>
   </div>
   <div class='ocr_carea' id='block_1_58' title="bbox 269 4107 1842 4182">
    <p class='ocr_par' dir='ltr' id='par_1_58' title="bbox 269 4107 1842 4182">
     <span class='ocr_line' id='line_1_58' title="bbox 269 4107 1842 4182; baseline -0.004 -15"><span class='ocrx_word' id='word_1_366' title='bbox 269 4111 719 4182; x_wconf 81' lang='grc' dir='ltr'>’Δλαμούνδαρος</span> <span class='ocrx_word' id='word_1_367' title='bbox 767 4110 859 4175; x_wconf 84' lang='grc' dir='ltr'>δέ,</span> <span class='ocrx_word' id='word_1_368' title='bbox 917 4109 1231 4180; x_wconf 83' lang='grc' dir='ltr'>βασιλίσκος</span> <span class='ocrx_word' id='word_1_369' title='bbox 1288 4108 1624 4181; x_wconf 88' lang='grc' dir='ltr'>Σαρακηνῶν</span> <span class='ocrx_word' id='word_1_370' title='bbox 1648 4148 1663 4173; x_wconf 97' lang='grc'>,</span> <span class='ocrx_word' id='word_1_371' title='bbox 1702 4107 1842 4178; x_wconf 86' lang='grc' dir='ltr'>μετὰ</span> 
     </span>
    </p>
   </div>
   <div class='ocr_carea' id='block_1_59' title="bbox 258 4200 1841 4274">
    <p class='ocr_par' dir='ltr' id='par_1_59' title="bbox 258 4200 1841 4274">
     <span class='ocr_line' id='line_1_59' title="bbox 258 4200 1841 4274; baseline -0.004 -17"><span class='ocrx_word' id='word_1_372' title='bbox 258 4205 471 4274; x_wconf 78' lang='grc' dir='ltr'>πολλῆς</span> <span class='ocrx_word' id='word_1_373' title='bbox 521 4203 748 4257; x_wconf 77' lang='grc' dir='ltr'>ἐνόπλου</span> <span class='ocrx_word' id='word_1_374' title='bbox 807 4201 1102 4273; x_wconf 76' lang='grc' dir='ltr'>βοηθείας,</span> <span class='ocrx_word' id='word_1_375' title='bbox 1158 4200 1246 4253; x_wconf 85' lang='grc' dir='ltr'>διὰ</span> <span class='ocrx_word' id='word_1_376' title='bbox 1292 4200 1386 4253; x_wconf 82' lang='grc' dir='ltr'>τοῦ</span> <span class='ocrx_word' id='word_1_377' title='bbox 1434 4200 1738 4270; x_wconf 85' lang='grc' dir='ltr'>Κιρκησίου</span> <span class='ocrx_word' id='word_1_378' title='bbox 1794 4201 1841 4232; x_wconf 78' lang='grc'>⁸⁸</span> 
     </span>
    </p>
   </div>
   <div class='ocr_carea' id='block_1_60' title="bbox 258 4288 1841 4361">
    <p class='ocr_par' dir='ltr' id='par_1_60' title="bbox 258 4288 1841 4361">
     <span class='ocr_line' id='line_1_60' title="bbox 258 4288 1841 4361; baseline -0.003 -14"><span class='ocrx_word' id='word_1_379' title='bbox 258 4294 436 4347; x_wconf 75' lang='grc' dir='ltr'>ἐλθὼν</span> <span class='ocrx_word' id='word_1_380' title='bbox 493 4292 607 4361; x_wconf 83' lang='lat' dir='ltr'>(l0)</span> <span class='ocrx_word' id='word_1_381' title='bbox 672 4290 917 4360; x_wconf 85' lang='grc' dir='ltr'>ἀνεφάνη</span> <span class='ocrx_word' id='word_1_382' title='bbox 974 4291 1056 4352; x_wconf 84' lang='grc' dir='ltr'>είς</span> <span class='ocrx_word' id='word_1_383' title='bbox 1105 4288 1470 4355; x_wconf 81' lang='grc' dir='ltr'>Καλλίνικον,</span> <span class='ocrx_word' id='word_1_384' title='bbox 1527 4289 1683 4341; x_wconf 87' lang='grc' dir='ltr'>πόλιν</span> <span class='ocrx_word' id='word_1_385' title='bbox 1740 4289 1841 4359; x_wconf 80' lang='grc' dir='ltr'>τῆς</span> 
     </span>
    </p>
   </div>
   <div class='ocr_carea' id='block_1_61' title="bbox 270 4382 706 4455">
    <p class='ocr_par' dir='ltr' id='par_1_61' title="bbox 270 4382 706 4455">
     <span class='ocr_line' id='line_1_61' title="bbox 270 4382 706 4455; baseline -0.009 -16"><span class='ocrx_word' id='word_1_386' title='bbox 270 4385 613 4455; x_wconf 85' lang='grc' dir='ltr'>Ὀσδροηνῆς</span> <span class='ocrx_word' id='word_1_387' title='bbox 636 4382 706 4436; x_wconf 84' lang='grc'>⁸⁷.</span> 
     </span>
    </p>
   </div>
   <div class='ocr_carea' id='block_1_62' title="bbox 326 4468 1841 4543">
    <p class='ocr_par' dir='ltr' id='par_1_62' title="bbox 326 4468 1841 4543">
     <span class='ocr_line' id='line_1_62' title="bbox 326 4468 1841 4543; baseline -0.004 -14"><span class='ocrx_word' id='word_1_388' title='bbox 326 4476 443 4530; x_wconf 72' lang='grc' dir='ltr'>Καὶ</span> <span class='ocrx_word' id='word_1_389' title='bbox 505 4475 672 4543; x_wconf 63' lang='grc' dir='ltr'>γνοὺς</span> <span class='ocrx_word' id='word_1_390' title='bbox 737 4471 914 4526; x_wconf 79' lang='grc' dir='ltr'>ταῦτα</span> <span class='ocrx_word' id='word_1_391' title='bbox 967 4471 1285 4540; x_wconf 87' lang='grc' dir='ltr'>Βελισάριος</span> <span class='ocrx_word' id='word_1_392' title='bbox 1348 4471 1377 4522; x_wconf 89' lang='lat'>6</span> <span class='ocrx_word' id='word_1_393' title='bbox 1444 4468 1841 4539; x_wconf 83' lang='grc' dir='ltr'>στρατηλάτης,</span> 
     </span>
    </p>
   </div>
   <div class='ocr_carea' id='block_1_63' title="bbox 256 4560 1842 4633">
    <p class='ocr_par' dir='ltr' id='par_1_63' title="bbox 256 4560 1842 4633">
     <span class='ocr_line' id='line_1_63' title="bbox 256 4560 1842 4633; baseline -0.004 -14"><span class='ocrx_word' id='word_1_394' title='bbox 256 4565 519 4619; x_wconf 81' lang='grc' dir='ltr'>ἀπελθὼν</span> <span class='ocrx_word' id='word_1_395' title='bbox 550 4566 633 4627; x_wconf 85' lang='grc' dir='ltr'>εἰς</span> <span class='ocrx_word' id='word_1_396' title='bbox 665 4563 986 4633; x_wconf 89' lang='grc' dir='ltr'>συμμαχίαν</span> <span class='ocrx_word' id='word_1_397' title='bbox 1025 4562 1137 4625; x_wconf 82' lang='lat' dir='ltr'><strong>(ll)</strong></span> <span class='ocrx_word' id='word_1_398' title='bbox 1168 4560 1276 4615; x_wconf 82' lang='grc' dir='ltr'>τῶν</span> <span class='ocrx_word' id='word_1_399' title='bbox 1317 4560 1527 4614; x_wconf 87' lang='grc' dir='ltr'>δουκῶν</span> <span class='ocrx_word' id='word_1_400' title='bbox 1575 4561 1714 4631; x_wconf 83' lang='grc' dir='ltr'>μετὰ</span> <span class='ocrx_word' id='word_1_401' title='bbox 1757 4579 1842 4632; x_wconf 91' lang='grc' dir='ltr'>χι-</span> 
     </span>
    </p>
   </div>
   <div class='ocr_carea' id='block_1_64' title="bbox 257 4651 1842 4723">
    <p class='ocr_par' dir='ltr' id='par_1_64' title="bbox 257 4651 1842 4723">
     <span class='ocr_line' id='line_1_64' title="bbox 257 4651 1842 4723; baseline -0.006 -11"><span class='ocrx_word' id='word_1_402' title='bbox 257 4659 460 4714; x_wconf 84' lang='grc' dir='ltr'>λιάδων</span> <span class='ocrx_word' id='word_1_403' title='bbox 490 4655 661 4721; x_wconf 84' lang='grc' dir='ltr'>όκτὼ,</span> <span class='ocrx_word' id='word_1_404' title='bbox 701 4656 760 4708; x_wconf 86' lang='grc' dir='ltr'>ἐν</span> <span class='ocrx_word' id='word_1_405' title='bbox 784 4651 865 4718; x_wconf 79' lang='grc' dir='ltr'>οἷς</span> <span class='ocrx_word' id='word_1_406' title='bbox 893 4654 1092 4723; x_wconf 82' lang='grc' dir='ltr'>εὑρέθη</span> <span class='ocrx_word' id='word_1_407' title='bbox 1129 4653 1223 4705; x_wconf 72' lang='grc' dir='ltr'>καὶ</span> <span class='ocrx_word' id='word_1_408' title='bbox 1251 4651 1478 4722; x_wconf 83' lang='grc' dir='ltr'>Ἀρέθας</span> <span class='ocrx_word' id='word_1_409' title='bbox 1509 4654 1538 4704; x_wconf 92' lang='lat'>6</span> <span class='ocrx_word' id='word_1_410' title='bbox 1569 4652 1842 4723; x_wconf 81' lang='grc' dir='ltr'>φύλαρχος</span> 
     </span>
    </p>
   </div>
   <div class='ocr_carea' id='block_1_65' title="bbox 260 4745 1840 4823">
    <p class='ocr_par' dir='ltr' id='par_1_65' title="bbox 260 4745 1840 4823">
     <span class='ocr_line' id='line_1_65' title="bbox 260 4745 1840 4823; baseline -0.004 -18"><span class='ocrx_word' id='word_1_411' title='bbox 260 4752 403 4823; x_wconf 83' lang='grc' dir='ltr'>μετὰ</span> <span class='ocrx_word' id='word_1_412' title='bbox 428 4750 695 4821; x_wconf 89' lang='grc' dir='ltr'>χιλιάδων</span> <span class='ocrx_word' id='word_1_413' title='bbox 726 4749 909 4801; x_wconf 80' lang='grc' dir='ltr'>πέντε.</span> <span class='ocrx_word' id='word_1_414' title='bbox 938 4745 1089 4818; x_wconf 68' lang='lat'>[200]</span> <span class='ocrx_word' id='word_1_415' title='bbox 1134 4745 1510 4815; x_wconf 87' lang='grc' dir='ltr'>Ὀρμήσαντες</span> <span class='ocrx_word' id='word_1_416' title='bbox 1535 4745 1592 4798; x_wconf 80' lang='grc' dir='ltr'>δὲ</span> <span class='ocrx_word' id='word_1_417' title='bbox 1614 4747 1662 4798; x_wconf 88' lang='grc' dir='ltr'>οἱ</span> <span class='ocrx_word' id='word_1_418' title='bbox 1698 4747 1840 4816; x_wconf 84' lang='grc' dir='ltr'>Πέρ-</span> 
     </span>
    </p>
   </div>
   <div class='ocr_carea' id='block_1_66' title="bbox 1951 1819 3522 1899">
    <p class='ocr_par' dir='ltr' id='par_1_66' title="bbox 1951 1819 3522 1899">
     <span class='ocr_line' id='line_1_66' title="bbox 1951 1819 3522 1899; baseline -0.005 -10"><span class='ocrx_word' id='word_1_419' title='bbox 1951 1836 2104 1899; x_wconf 87' lang='lat' dir='ltr'><strong>bant,</strong></span> <span class='ocrx_word' id='word_1_420' title='bbox 2160 1819 2555 1889; x_wconf 37' lang='lat' dir='ltr'><strong>interim&#39;dnm</strong></span> <span class='ocrx_word' id='word_1_421' title='bbox 2600 1832 2667 1885; x_wconf 89' lang='lat' dir='ltr'>ad</span> <span class='ocrx_word' id='word_1_422' title='bbox 2699 1830 2976 1883; x_wconf 87' lang='lat' dir='ltr'><strong>Romanos</strong></span> <span class='ocrx_word' id='word_1_423' title='bbox 3023 1844 3159 1882; x_wconf 89' lang='lat' dir='ltr'><strong>suos</strong></span> <span class='ocrx_word' id='word_1_424' title='bbox 3190 1829 3407 1881; x_wconf 84' lang='lat' dir='ltr'><strong>mittere</strong></span> <span class='ocrx_word' id='word_1_425' title='bbox 3432 1843 3522 1895; x_wconf 90' lang='lat' dir='ltr'>po-</span> 
     </span>
    </p>
   </div>
   <div class='ocr_carea' id='block_1_67' title="bbox 1950 1920 3521 1995">
    <p class='ocr_par' dir='ltr' id='par_1_67' title="bbox 1950 1920 3521 1995">
     <span class='ocr_line' id='line_1_67' title="bbox 1950 1920 3521 1995; baseline -0.004 -14"><span class='ocrx_word' id='word_1_426' title='bbox 1950 1935 2133 1981; x_wconf 89' lang='lat' dir='ltr'><strong>terant</strong></span> <span class='ocrx_word' id='word_1_427' title='bbox 2157 1965 2171 1990; x_wconf 91' lang='lat'>,</span> <span class='ocrx_word' id='word_1_428' title='bbox 2203 1927 2297 1995; x_wconf 88' lang='lat' dir='ltr'><strong>qui</strong></span> <span class='ocrx_word' id='word_1_429' title='bbox 2347 1927 2615 1995; x_wconf 89' lang='lat' dir='ltr'><strong>pecunias</strong></span> <span class='ocrx_word' id='word_1_430' title='bbox 2660 1923 2762 1977; x_wconf 90' lang='lat' dir='ltr'><strong>sibi</strong></span> <span class='ocrx_word' id='word_1_431' title='bbox 2799 1920 3136 1976; x_wconf 88' lang='lat' dir='ltr'><strong>redimendis</strong></span> <span class='ocrx_word' id='word_1_432' title='bbox 3169 1920 3521 1986; x_wconf 83' lang='lat' dir='ltr'><strong>impetratum</strong></span> 
     </span>
    </p>
   </div>
   <div class='ocr_carea' id='block_1_68' title="bbox 1949 2010 3520 2077">
    <p class='ocr_par' dir='ltr' id='par_1_68' title="bbox 1949 2010 3520 2077">
     <span class='ocr_line' id='line_1_68' title="bbox 1949 2010 3520 2077; baseline -0.004 -8"><span class='ocrx_word' id='word_1_433' title='bbox 1949 2016 2116 2071; x_wconf 90' lang='lat' dir='ltr'><strong>ir‘ent.</strong></span> <span class='ocrx_word' id='word_1_434' title='bbox 2168 2015 2442 2070; x_wconf 76' lang='lat' dir='ltr'><strong>Exoratns</strong></span> <span class='ocrx_word' id='word_1_435' title='bbox 2507 2012 2911 2067; x_wconf 81' lang='lat' dir='ltr'><strong>Alamundarus</strong></span> <span class='ocrx_word' id='word_1_436' title='bbox 2947 2011 3049 2077; x_wconf 90' lang='lat' dir='ltr'><strong>(ut</strong></span> <span class='ocrx_word' id='word_1_437' title='bbox 3101 2010 3190 2064; x_wconf 91' lang='lat' dir='ltr'><strong>cui</strong></span> <span class='ocrx_word' id='word_1_438' title='bbox 3233 2011 3335 2063; x_wconf 87' lang='lat' dir='ltr'><strong>ista</strong></span> <span class='ocrx_word' id='word_1_439' title='bbox 3384 2011 3520 2064; x_wconf 83' lang='lat' dir='ltr'><strong>satis</strong></span> 
     </span>
    </p>
   </div>
   <div class='ocr_carea' id='block_1_69' title="bbox 1949 2101 3522 2177">
    <p class='ocr_par' dir='ltr' id='par_1_69' title="bbox 1949 2101 3522 2177">
     <span class='ocr_line' id='line_1_69' title="bbox 1949 2101 3522 2177; baseline -0.004 -14"><span class='ocrx_word' id='word_1_440' title='bbox 1949 2106 2338 2177; x_wconf 70' lang='lat' dir='ltr'><strong>ari&#39;idercnt),</strong></span> <span class='ocrx_word' id='word_1_441' title='bbox 2396 2107 2673 2161; x_wconf 86' lang='lat' dir='ltr'><strong>licentiam</strong></span> <span class='ocrx_word' id='word_1_442' title='bbox 2729 2104 2838 2157; x_wconf 90' lang='lat' dir='ltr'><strong>illis</strong></span> <span class='ocrx_word' id='word_1_443' title='bbox 2880 2104 2934 2157; x_wconf 93' lang='lat' dir='ltr'><strong>in</strong></span> <span class='ocrx_word' id='word_1_444' title='bbox 2983 2119 3051 2156; x_wconf 77' lang='grc' dir='ltr'>ιχ</span> <span class='ocrx_word' id='word_1_445' title='bbox 3109 2101 3228 2156; x_wconf 86' lang='lat' dir='ltr'><strong>dies</strong></span> <span class='ocrx_word' id='word_1_446' title='bbox 3297 2116 3522 2157; x_wconf 87' lang='lat' dir='ltr'><strong>conces-</strong></span> 
     </span>
    </p>
   </div>
   <div class='ocr_carea' id='block_1_70' title="bbox 1950 2193 3517 2268">
    <p class='ocr_par' dir='ltr' id='par_1_70' title="bbox 1950 2193 3517 2268">
     <span class='ocr_line' id='line_1_70' title="bbox 1950 2193 3517 2268; baseline -0.003 -14"><span class='ocrx_word' id='word_1_447' title='bbox 1950 2202 2059 2265; x_wconf 89' lang='lat' dir='ltr'><strong>sit,</strong></span> <span class='ocrx_word' id='word_1_448' title='bbox 2098 2200 2567 2268; x_wconf 74' lang='lat' dir='ltr'><strong>expromissorem</strong></span> <span class='ocrx_word' id='word_1_449' title='bbox 2593 2213 2691 2266; x_wconf 92' lang='lat' dir='ltr'><strong>pro</strong></span> <span class='ocrx_word' id='word_1_450' title='bbox 2720 2198 2800 2251; x_wconf 90' lang='lat' dir='ltr'>eis</span> <span class='ocrx_word' id='word_1_451' title='bbox 2831 2212 2890 2250; x_wconf 90' lang='lat' dir='ltr'>se</span> <span class='ocrx_word' id='word_1_452' title='bbox 2933 2204 3229 2264; x_wconf 62' lang='lat' dir='ltr'><strong>praestante</strong></span> <span class='ocrx_word' id='word_1_453' title='bbox 3253 2193 3517 2260; x_wconf 85' lang='lat' dir='ltr'><strong>Taizane,</strong></span> 
     </span>
    </p>
   </div>
   <div class='ocr_carea' id='block_1_71' title="bbox 1951 2286 3619 2359">
    <p class='ocr_par' dir='ltr' id='par_1_71' title="bbox 1951 2286 3619 2359">
     <span class='ocr_line' id='line_1_71' title="bbox 1951 2286 3619 2359; baseline -0.004 -13"><span class='ocrx_word' id='word_1_454' title='bbox 1951 2290 2354 2346; x_wconf 88' lang='lat' dir='ltr'><strong>Saracenorum</strong></span> <span class='ocrx_word' id='word_1_455' title='bbox 2406 2289 2753 2359; x_wconf 87' lang='lat' dir='ltr'><strong>archiphylo.</strong></span> <span class='ocrx_word' id='word_1_456' title='bbox 2789 2286 3034 2341; x_wconf 88' lang='lat' dir='ltr'><strong>Libellus</strong></span> <span class='ocrx_word' id='word_1_457' title='bbox 3063 2286 3252 2354; x_wconf 87' lang='lat' dir='ltr'><strong>itaque</strong></span> <span class='ocrx_word' id='word_1_458' title='bbox 3283 2288 3519 2355; x_wconf 78' lang='lat' dir='ltr'><strong>supplex</strong></span> <span class='ocrx_word' id='word_1_459' title='bbox 3614 2334 3619 2339; x_wconf 87' lang='lat'>.</span> 
     </span>
    </p>
   </div>
   <div class='ocr_carea' id='block_1_72' title="bbox 1946 2378 3520 2447">
    <p class='ocr_par' dir='ltr' id='par_1_72' title="bbox 1946 2378 3520 2447">
     <span class='ocr_line' id='line_1_72' title="bbox 1946 2378 3520 2447; baseline -0.003 -11"><span class='ocrx_word' id='word_1_460' title='bbox 1946 2381 2295 2436; x_wconf 80' lang='lat' dir='ltr'><strong>Antiochiam</strong></span> <span class='ocrx_word' id='word_1_461' title='bbox 2330 2382 2544 2435; x_wconf 88' lang='lat' dir='ltr'><strong>delatus</strong></span> <span class='ocrx_word' id='word_1_462' title='bbox 2568 2421 2583 2446; x_wconf 96' lang='lat'>,</span> <span class='ocrx_word' id='word_1_463' title='bbox 2623 2381 2714 2433; x_wconf 89' lang='lat' dir='ltr'><strong>ubi</strong></span> <span class='ocrx_word' id='word_1_464' title='bbox 2769 2393 2953 2434; x_wconf 91' lang='lat' dir='ltr'><strong>coram</strong></span> <span class='ocrx_word' id='word_1_465' title='bbox 3006 2379 3209 2447; x_wconf 76' lang='lat' dir='ltr'><strong>pnpttlo</strong></span> <span class='ocrx_word' id='word_1_466' title='bbox 3242 2378 3520 2447; x_wconf 73' lang='lat' dir='ltr'><strong>perlectus</strong></span> 
     </span>
    </p>
   </div>
   <div class='ocr_carea' id='block_1_73' title="bbox 1946 2470 3517 2543">
    <p class='ocr_par' dir='ltr' id='par_1_73' title="bbox 1946 2470 3517 2543">
     <span class='ocr_line' id='line_1_73' title="bbox 1946 2470 3517 2543; baseline -0.003 -16"><span class='ocrx_word' id='word_1_467' title='bbox 1946 2482 2051 2534; x_wconf 91' lang='lat' dir='ltr'><strong>est,</strong></span> <span class='ocrx_word' id='word_1_468' title='bbox 2105 2474 2517 2543; x_wconf 88' lang='lat' dir='ltr'><strong>illacrymantes</strong></span> <span class='ocrx_word' id='word_1_469' title='bbox 2573 2486 2766 2526; x_wconf 90' lang='lat' dir='ltr'><strong>omnes</strong></span> <span class='ocrx_word' id='word_1_470' title='bbox 2792 2509 2807 2533; x_wconf 93' lang='lat'>,</span> <span class='ocrx_word' id='word_1_471' title='bbox 2859 2485 2960 2539; x_wconf 91' lang='lat' dir='ltr'><strong>pro</strong></span> <span class='ocrx_word' id='word_1_472' title='bbox 3001 2485 3060 2523; x_wconf 89' lang='lat' dir='ltr'>re</span> <span class='ocrx_word' id='word_1_473' title='bbox 3105 2470 3341 2538; x_wconf 82' lang='lat' dir='ltr'><strong>quisque</strong></span> <span class='ocrx_word' id='word_1_474' title='bbox 3375 2485 3473 2523; x_wconf 91' lang='lat' dir='ltr'>sua</span> <span class='ocrx_word' id='word_1_475' title='bbox 3500 2508 3517 2533; x_wconf 93' lang='lat'>,</span> 
     </span>
    </p>
   </div>
   <div class='ocr_carea' id='block_1_74' title="bbox 1949 2539 3519 2634">
    <p class='ocr_par' dir='ltr' id='par_1_74' title="bbox 1949 2539 3519 2634">
     <span class='ocr_line' id='line_1_74' title="bbox 1949 2539 3519 2634; baseline -0.003 -14"><span class='ocrx_word' id='word_1_476' title='bbox 1949 2539 2196 2631; x_wconf 77' lang='lat' dir='ltr'><strong>singulas</strong></span> <span class='ocrx_word' id='word_1_477' title='bbox 2241 2539 2336 2634; x_wconf 84' lang='lat' dir='ltr'>per</span> <span class='ocrx_word' id='word_1_478' title='bbox 2384 2563 2689 2625; x_wconf 88' lang='lat' dir='ltr'><strong>ecclesias,</strong></span> <span class='ocrx_word' id='word_1_479' title='bbox 2742 2562 2798 2615; x_wconf 91' lang='lat' dir='ltr'><strong>in</strong></span> <span class='ocrx_word' id='word_1_480' title='bbox 2853 2561 3262 2632; x_wconf 77' lang='lat' dir='ltr'><strong>Gazepliylacia</strong></span> <span class='ocrx_word' id='word_1_481' title='bbox 3320 2562 3519 2630; x_wconf 89' lang='lat' dir='ltr'><strong>stipem</strong></span> 
     </span>
    </p>
   </div>
   <div class='ocr_carea' id='block_1_75' title="bbox 1947 2652 3517 2724">
    <p class='ocr_par' dir='ltr' id='par_1_75' title="bbox 1947 2652 3517 2724">
     <span class='ocr_line' id='line_1_75' title="bbox 1947 2652 3517 2724; baseline -0.004 -15"><span class='ocrx_word' id='word_1_482' title='bbox 1947 2656 2330 2723; x_wconf 88' lang='lat' dir='ltr'><strong>conjeccrunt.</strong></span> <span class='ocrx_word' id='word_1_483' title='bbox 2359 2654 2598 2708; x_wconf 75' lang='lat' dir='ltr'><strong>Przeibat</strong></span> <span class='ocrx_word' id='word_1_484' title='bbox 2620 2653 2779 2724; x_wconf 66' lang='grc'>46],</span> <span class='ocrx_word' id='word_1_485' title='bbox 2813 2652 2938 2706; x_wconf 88' lang='lat' dir='ltr'><strong>aliis</strong></span> <span class='ocrx_word' id='word_1_486' title='bbox 2959 2690 2975 2714; x_wconf 94' lang='lat'>,</span> <span class='ocrx_word' id='word_1_487' title='bbox 3012 2652 3275 2705; x_wconf 88' lang='lat' dir='ltr'><strong>misertus</strong></span> <span class='ocrx_word' id='word_1_488' title='bbox 3306 2667 3517 2717; x_wconf 88' lang='lat' dir='ltr'><strong>eorum,</strong></span> 
     </span>
    </p>
   </div>
   <div class='ocr_carea' id='block_1_76' title="bbox 1947 2741 3516 2814">
    <p class='ocr_par' dir='ltr' id='par_1_76' title="bbox 1947 2741 3516 2814">
     <span class='ocr_line' id='line_1_76' title="bbox 1947 2741 3516 2814; baseline -0.001 -17"><span class='ocrx_word' id='word_1_489' title='bbox 1947 2744 2296 2814; x_wconf 84' lang='lat' dir='ltr'><strong>patriarcha;</strong></span> <span class='ocrx_word' id='word_1_490' title='bbox 2327 2743 2420 2813; x_wconf 91' lang='lat' dir='ltr'>qui</span> <span class='ocrx_word' id='word_1_491' title='bbox 2460 2758 2585 2796; x_wconf 90' lang='lat' dir='ltr'>cum</span> <span class='ocrx_word' id='word_1_492' title='bbox 2613 2744 2767 2796; x_wconf 90' lang='lat' dir='ltr'><strong>clero</strong></span> <span class='ocrx_word' id='word_1_493' title='bbox 2797 2755 2921 2803; x_wconf 89' lang='lat' dir='ltr'><strong>suo,</strong></span> <span class='ocrx_word' id='word_1_494' title='bbox 2970 2741 3516 2809; x_wconf 81' lang='lat' dir='ltr'><strong>magistratibusque,</strong></span> 
     </span>
    </p>
   </div>
   <div class='ocr_carea' id='block_1_77' title="bbox 1948 2830 3519 2904">
    <p class='ocr_par' dir='ltr' id='par_1_77' title="bbox 1948 2830 3519 2904">
     <span class='ocr_line' id='line_1_77' title="bbox 1948 2830 3519 2904; baseline -0.004 -13"><span class='ocrx_word' id='word_1_495' title='bbox 1948 2835 2211 2904; x_wconf 84' lang='lat' dir='ltr'><strong>pecunias</strong></span> <span class='ocrx_word' id='word_1_496' title='bbox 2261 2834 2433 2888; x_wconf 87' lang='lat' dir='ltr'><strong>libera</strong></span> <span class='ocrx_word' id='word_1_497' title='bbox 2480 2848 2644 2887; x_wconf 91' lang='lat' dir='ltr'><strong>manu</strong></span> <span class='ocrx_word' id='word_1_498' title='bbox 2698 2831 3019 2901; x_wconf 83' lang='lat' dir='ltr'><strong>impertivit.</strong></span> <span class='ocrx_word' id='word_1_499' title='bbox 3080 2830 3390 2895; x_wconf 83' lang='lat' dir='ltr'><strong>Quinetiam</strong></span> <span class='ocrx_word' id='word_1_500' title='bbox 3424 2830 3519 2884; x_wconf 91' lang='lat' dir='ltr'><strong>ubi</strong></span> 
     </span>
    </p>
   </div>
   <div class='ocr_carea' id='block_1_78' title="bbox 1949 2921 3520 2996">
    <p class='ocr_par' dir='ltr' id='par_1_78' title="bbox 1949 2921 3520 2996">
     <span class='ocr_line' id='line_1_78' title="bbox 1949 2921 3520 2996; baseline -0.004 -15"><span class='ocrx_word' id='word_1_501' title='bbox 1949 2928 2286 2996; x_wconf 83' lang='lat' dir='ltr'><strong>captivorum</strong></span> <span class='ocrx_word' id='word_1_502' title='bbox 2313 2925 2566 2979; x_wconf 90' lang='lat' dir='ltr'><strong>libellum</strong></span> <span class='ocrx_word' id='word_1_503' title='bbox 2619 2923 2921 2992; x_wconf 82' lang='lat' dir='ltr'><strong>supplicem</strong></span> <span class='ocrx_word' id='word_1_504' title='bbox 2970 2922 3171 2977; x_wconf 89' lang='lat' dir='ltr'><strong>lectum</strong></span> <span class='ocrx_word' id='word_1_505' title='bbox 3220 2921 3520 2976; x_wconf 84' lang='lat' dir='ltr'><strong>audivisset</strong></span> 
     </span>
    </p>
   </div>
   <div class='ocr_carea' id='block_1_79' title="bbox 1950 3013 3517 3087">
    <p class='ocr_par' dir='ltr' id='par_1_79' title="bbox 1950 3013 3517 3087">
     <span class='ocr_line' id='line_1_79' title="bbox 1950 3013 3517 3087; baseline -0.002 -16"><span class='ocrx_word' id='word_1_506' title='bbox 1950 3018 2189 3087; x_wconf 88' lang='lat' dir='ltr'><strong>populus</strong></span> <span class='ocrx_word' id='word_1_507' title='bbox 2237 3016 2640 3077; x_wconf 81' lang='lat' dir='ltr'><strong>Antiochenus,</strong></span> <span class='ocrx_word' id='word_1_508' title='bbox 2681 3013 2914 3083; x_wconf 75' lang='lat' dir='ltr'><strong>singulis</strong></span> <span class='ocrx_word' id='word_1_509' title='bbox 2954 3014 3006 3066; x_wconf 91' lang='lat' dir='ltr'><strong>id</strong></span> <span class='ocrx_word' id='word_1_510' title='bbox 3048 3013 3517 3081; x_wconf 78' lang='lat' dir='ltr'><strong>eﬂlagitantibus;</strong></span> 
     </span>
    </p>
   </div>
   <div class='ocr_carea' id='block_1_80' title="bbox 1948 3103 3518 3177">
    <p class='ocr_par' dir='ltr' id='par_1_80' title="bbox 1948 3103 3518 3177">
     <span class='ocr_line' id='line_1_80' title="bbox 1948 3103 3518 3177; baseline 0 -18"><span class='ocrx_word' id='word_1_511' title='bbox 1948 3106 2203 3177; x_wconf 89' lang='lat' dir='ltr'><strong>publicus</strong></span> <span class='ocrx_word' id='word_1_512' title='bbox 2230 3105 2419 3175; x_wconf 90' lang='lat' dir='ltr'><strong>populi</strong></span> <span class='ocrx_word' id='word_1_513' title='bbox 2472 3104 2716 3159; x_wconf 88' lang='lat' dir='ltr'><strong>universi</strong></span> <span class='ocrx_word' id='word_1_514' title='bbox 2772 3110 3078 3157; x_wconf 87' lang='lat' dir='ltr'><strong>conventus</strong></span> <span class='ocrx_word' id='word_1_515' title='bbox 3110 3103 3353 3158; x_wconf 89' lang='lat' dir='ltr'><strong>indictus</strong></span> <span class='ocrx_word' id='word_1_516' title='bbox 3390 3111 3518 3159; x_wconf 87' lang='lat' dir='ltr'><strong>est:</strong></span> 
     </span>
    </p>
   </div>
   <div class='ocr_carea' id='block_1_81' title="bbox 1947 3196 3518 3266">
    <p class='ocr_par' dir='ltr' id='par_1_81' title="bbox 1947 3196 3518 3266">
     <span class='ocr_line' id='line_1_81' title="bbox 1947 3196 3518 3266; baseline -0.001 -16"><span class='ocrx_word' id='word_1_517' title='bbox 1947 3197 2013 3251; x_wconf 86' lang='lat' dir='ltr'>ad</span> <span class='ocrx_word' id='word_1_518' title='bbox 2041 3196 2183 3251; x_wconf 90' lang='lat' dir='ltr'><strong>diem</strong></span> <span class='ocrx_word' id='word_1_519' title='bbox 2216 3196 2402 3265; x_wconf 85' lang='lat' dir='ltr'><strong>itaque</strong></span> <span class='ocrx_word' id='word_1_520' title='bbox 2430 3196 2795 3250; x_wconf 90' lang='lat' dir='ltr'><strong>constitutum</strong></span> <span class='ocrx_word' id='word_1_521' title='bbox 2830 3202 3011 3264; x_wconf 87' lang='lat' dir='ltr'><strong>tapete</strong></span> <span class='ocrx_word' id='word_1_522' title='bbox 3042 3196 3334 3263; x_wconf 83' lang='lat' dir='ltr'><strong>explicato,</strong></span> <span class='ocrx_word' id='word_1_523' title='bbox 3366 3210 3518 3266; x_wconf 86' lang='lat' dir='ltr'><strong>sym-</strong></span> 
     </span>
    </p>
   </div>
   <div class='ocr_carea' id='block_1_82' title="bbox 1951 3285 3521 3355">
    <p class='ocr_par' dir='ltr' id='par_1_82' title="bbox 1951 3285 3521 3355">
     <span class='ocr_line' id='line_1_82' title="bbox 1951 3285 3521 3355; baseline -0.002 -13"><span class='ocrx_word' id='word_1_524' title='bbox 1951 3288 2140 3343; x_wconf 90' lang='lat' dir='ltr'><strong>bolum</strong></span> <span class='ocrx_word' id='word_1_525' title='bbox 2193 3302 2355 3341; x_wconf 92' lang='lat' dir='ltr'><strong>suum</strong></span> <span class='ocrx_word' id='word_1_526' title='bbox 2406 3287 2644 3355; x_wconf 89' lang='lat' dir='ltr'><strong>quisque</strong></span> <span class='ocrx_word' id='word_1_527' title='bbox 2683 3301 2784 3353; x_wconf 88' lang='lat' dir='ltr'><strong>pro</strong></span> <span class='ocrx_word' id='word_1_528' title='bbox 2814 3285 3138 3341; x_wconf 83' lang='lat' dir='ltr'><strong>facultatum</strong></span> <span class='ocrx_word' id='word_1_529' title='bbox 3176 3301 3401 3341; x_wconf 88' lang='lat' dir='ltr'><strong>suarum</strong></span> <span class='ocrx_word' id='word_1_530' title='bbox 3431 3302 3521 3339; x_wconf 84' lang='lat' dir='ltr'><strong>ra-</strong></span> 
     </span>
    </p>
   </div>
   <div class='ocr_carea' id='block_1_83' title="bbox 1944 3379 3520 3450">
    <p class='ocr_par' dir='ltr' id='par_1_83' title="bbox 1944 3379 3520 3450">
     <span class='ocr_line' id='line_1_83' title="bbox 1944 3379 3520 3450; baseline 0.001 -15"><span class='ocrx_word' id='word_1_531' title='bbox 1944 3383 2099 3435; x_wconf 90' lang='lat' dir='ltr'><strong>tione</strong></span> <span class='ocrx_word' id='word_1_532' title='bbox 2151 3381 2488 3449; x_wconf 87' lang='lat' dir='ltr'><strong>porrigebat.</strong></span> <span class='ocrx_word' id='word_1_533' title='bbox 2543 3379 2809 3436; x_wconf 88' lang='lat' dir='ltr'><strong>Collectis</strong></span> <span class='ocrx_word' id='word_1_534' title='bbox 2856 3382 3074 3435; x_wconf 90' lang='lat' dir='ltr'><strong>demnm</strong></span> <span class='ocrx_word' id='word_1_535' title='bbox 3137 3383 3406 3450; x_wconf 73' lang='lat' dir='ltr'><strong>pecuniis,</strong></span> <span class='ocrx_word' id='word_1_536' title='bbox 3463 3389 3520 3438; x_wconf 88' lang='lat' dir='ltr'>et</span> 
     </span>
    </p>
   </div>
   <div class='ocr_carea' id='block_1_84' title="bbox 1948 3469 3397 3537">
    <p class='ocr_par' dir='ltr' id='par_1_84' title="bbox 1948 3469 3397 3537">
     <span class='ocr_line' id='line_1_84' title="bbox 1948 3469 3397 3537; baseline 0.001 -14"><span class='ocrx_word' id='word_1_537' title='bbox 1948 3469 2323 3523; x_wconf 78' lang='lat' dir='ltr'><strong>Alamundaro</strong></span> <span class='ocrx_word' id='word_1_538' title='bbox 2354 3469 2729 3535; x_wconf 86' lang='lat' dir='ltr'><strong>transmissis,</strong></span> <span class='ocrx_word' id='word_1_539' title='bbox 2759 3469 2960 3537; x_wconf 87' lang='lat' dir='ltr'><strong>captivi</strong></span> <span class='ocrx_word' id='word_1_540' title='bbox 2997 3469 3210 3524; x_wconf 88' lang='lat' dir='ltr'><strong>liberati</strong></span> <span class='ocrx_word' id='word_1_541' title='bbox 3243 3478 3397 3525; x_wconf 91' lang='lat' dir='ltr'><strong>sunt.</strong></span> 
     </span>
    </p>
   </div>
   <div class='ocr_carea' id='block_1_85' title="bbox 2015 3559 3517 3630">
    <p class='ocr_par' dir='ltr' id='par_1_85' title="bbox 2015 3559 3517 3630">
     <span class='ocr_line' id='line_1_85' title="bbox 2015 3559 3517 3630; baseline 0.002 -16"><span class='ocrx_word' id='word_1_542' title='bbox 2015 3560 2222 3616; x_wconf 86' lang='lat' dir='ltr'><strong>Eodem</strong></span> <span class='ocrx_word' id='word_1_543' title='bbox 2259 3570 2505 3630; x_wconf 89' lang='lat' dir='ltr'><strong>tempore</strong></span> <span class='ocrx_word' id='word_1_544' title='bbox 2532 3561 2736 3616; x_wconf 90' lang='lat' dir='ltr'><strong>missus</strong></span> <span class='ocrx_word' id='word_1_545' title='bbox 2776 3561 2941 3616; x_wconf 87' lang='lat' dir='ltr'><strong>estin</strong></span> <span class='ocrx_word' id='word_1_546' title='bbox 2970 3559 3251 3617; x_wconf 88' lang='lat' dir='ltr'><strong>Orientem</strong></span> <span class='ocrx_word' id='word_1_547' title='bbox 3288 3560 3517 3617; x_wconf 85' lang='lat' dir='ltr'><strong>Hermo-</strong></span> 
     </span>
    </p>
   </div>
   <div class='ocr_carea' id='block_1_86' title="bbox 1943 3651 3514 3724">
    <p class='ocr_par' dir='ltr' id='par_1_86' title="bbox 1943 3651 3514 3724">
     <span class='ocr_line' id='line_1_86' title="bbox 1943 3651 3514 3724; baseline 0 -17"><span class='ocrx_word' id='word_1_548' title='bbox 1943 3666 2111 3722; x_wconf 84' lang='lat' dir='ltr'><strong>genes</strong></span> <span class='ocrx_word' id='word_1_549' title='bbox 2149 3653 2433 3724; x_wconf 88' lang='lat' dir='ltr'><strong>magister,</strong></span> <span class='ocrx_word' id='word_1_550' title='bbox 2474 3652 2599 3708; x_wconf 90' lang='lat' dir='ltr'><strong>belli</strong></span> <span class='ocrx_word' id='word_1_551' title='bbox 2655 3651 2859 3708; x_wconf 82' lang='lat' dir='ltr'><strong>Persici</strong></span> <span class='ocrx_word' id='word_1_552' title='bbox 2888 3667 3081 3708; x_wconf 91' lang='lat' dir='ltr'><strong>curam</strong></span> <span class='ocrx_word' id='word_1_553' title='bbox 3126 3660 3514 3722; x_wconf 88' lang='lat' dir='ltr'><strong>suscepturus.</strong></span> 
     </span>
    </p>
   </div>
   <div class='ocr_carea' id='block_1_87' title="bbox 1944 3743 3515 3815">
    <p class='ocr_par' dir='ltr' id='par_1_87' title="bbox 1944 3743 3515 3815">
     <span class='ocr_line' id='line_1_87' title="bbox 1944 3743 3515 3815; baseline -0.001 -16"><span class='ocrx_word' id='word_1_554' title='bbox 1944 3744 2159 3815; x_wconf 86' lang='lat' dir='ltr'><strong>Quippe</strong></span> <span class='ocrx_word' id='word_1_555' title='bbox 2211 3745 2533 3814; x_wconf 83' lang='lat' dir='ltr'><strong>imperatori</strong></span> <span class='ocrx_word' id='word_1_556' title='bbox 2577 3745 2889 3800; x_wconf 88' lang='lat' dir='ltr'><strong>nuntiatum</strong></span> <span class='ocrx_word' id='word_1_557' title='bbox 2953 3743 3175 3811; x_wconf 76' lang='lat' dir='ltr'><strong>fuerat,</strong></span> <span class='ocrx_word' id='word_1_558' title='bbox 3236 3743 3515 3811; x_wconf 76' lang='lat' dir='ltr'><strong>Exarath,</strong></span> 
     </span>
    </p>
   </div>
   <div class='ocr_carea' id='block_1_88' title="bbox 1943 3834 3517 3903">
    <p class='ocr_par' dir='ltr' id='par_1_88' title="bbox 1943 3834 3517 3903">
     <span class='ocr_line' id='line_1_88' title="bbox 1943 3834 3517 3903; baseline 0.002 -15"><span class='ocrx_word' id='word_1_559' title='bbox 1943 3834 2237 3891; x_wconf 85' lang='lat' dir='ltr'><strong>Persarum</strong></span> <span class='ocrx_word' id='word_1_560' title='bbox 2265 3836 2462 3892; x_wconf 91' lang='lat' dir='ltr'><strong>ducem</strong></span> <span class='ocrx_word' id='word_1_561' title='bbox 2488 3878 2503 3903; x_wconf 91' lang='lat'>,</span> <span class='ocrx_word' id='word_1_562' title='bbox 2553 3834 2779 3893; x_wconf 89' lang='lat' dir='ltr'><strong>Persica</strong></span> <span class='ocrx_word' id='word_1_563' title='bbox 2818 3851 2984 3891; x_wconf 90' lang='lat' dir='ltr'><strong>manu</strong></span> <span class='ocrx_word' id='word_1_564' title='bbox 3018 3837 3184 3892; x_wconf 93' lang='lat' dir='ltr'><strong>simul</strong></span> <span class='ocrx_word' id='word_1_565' title='bbox 3215 3845 3273 3892; x_wconf 88' lang='lat' dir='ltr'>et</span> <span class='ocrx_word' id='word_1_566' title='bbox 3312 3836 3517 3892; x_wconf 80' lang='lat' dir='ltr'><strong>vexillo</strong></span> 
     </span>
    </p>
   </div>
   <div class='ocr_carea' id='block_1_89' title="bbox 1941 3925 3513 3997">
    <p class='ocr_par' dir='ltr' id='par_1_89' title="bbox 1941 3925 3513 3997">
     <span class='ocr_line' id='line_1_89' title="bbox 1941 3925 3513 3997; baseline 0.003 -17"><span class='ocrx_word' id='word_1_567' title='bbox 1941 3926 2100 3997; x_wconf 89' lang='lat' dir='ltr'><strong>regio</strong></span> <span class='ocrx_word' id='word_1_568' title='bbox 2158 3926 2512 3991; x_wconf 87' lang='lat' dir='ltr'><strong>instructum,</strong></span> <span class='ocrx_word' id='word_1_569' title='bbox 2568 3925 2849 3983; x_wconf 82' lang='lat' dir='ltr'><strong>Romanas</strong></span> <span class='ocrx_word' id='word_1_570' title='bbox 2917 3927 3189 3983; x_wconf 85' lang='lat' dir='ltr'><strong>invasisse</strong></span> <span class='ocrx_word' id='word_1_571' title='bbox 3250 3927 3513 3984; x_wconf 87' lang='lat' dir='ltr'><strong>ditiones.</strong></span> 
     </span>
    </p>
   </div>
   <div class='ocr_carea' id='block_1_90' title="bbox 1943 4012 3516 4084">
    <p class='ocr_par' dir='ltr' id='par_1_90' title="bbox 1943 4012 3516 4084">
     <span class='ocr_line' id='line_1_90' title="bbox 1943 4012 3516 4084; baseline 0.001 -16"><span class='ocrx_word' id='word_1_572' title='bbox 1943 4013 2092 4081; x_wconf 86' lang='lat' dir='ltr'>Quin</span> <span class='ocrx_word' id='word_1_573' title='bbox 2122 4022 2178 4069; x_wconf 91' lang='lat' dir='ltr'>et</span> <span class='ocrx_word' id='word_1_574' title='bbox 2208 4012 2641 4079; x_wconf 85' lang='lat' dir='ltr'><strong>Alamundarus,</strong></span> <span class='ocrx_word' id='word_1_575' title='bbox 2694 4014 3095 4069; x_wconf 87' lang='lat' dir='ltr'><strong>Saracenorum</strong></span> <span class='ocrx_word' id='word_1_576' title='bbox 3139 4016 3387 4084; x_wconf 84' lang='lat' dir='ltr'><strong>regulus,</strong></span> <span class='ocrx_word' id='word_1_577' title='bbox 3421 4030 3516 4070; x_wconf 59' lang='lat' dir='ltr'>eoo</span> 
     </span>
    </p>
   </div>
   <div class='ocr_carea' id='block_1_91' title="bbox 1941 4105 3516 4178">
    <p class='ocr_par' dir='ltr' id='par_1_91' title="bbox 1941 4105 3516 4178">
     <span class='ocr_line' id='line_1_91' title="bbox 1941 4105 3516 4178; baseline 0.001 -18"><span class='ocrx_word' id='word_1_578' title='bbox 1941 4108 2050 4178; x_wconf 91' lang='lat' dir='ltr'><strong>piis</strong></span> <span class='ocrx_word' id='word_1_579' title='bbox 2099 4106 2526 4176; x_wconf 83' lang='lat' dir='ltr'><strong>quamplurimis</strong></span> <span class='ocrx_word' id='word_1_580' title='bbox 2583 4106 2936 4172; x_wconf 88' lang='lat' dir='ltr'><strong>instructus,</strong></span> <span class='ocrx_word' id='word_1_581' title='bbox 2986 4105 3295 4160; x_wconf 86' lang='lat' dir='ltr'><strong>Circesium</strong></span> <span class='ocrx_word' id='word_1_582' title='bbox 3376 4121 3516 4175; x_wconf 71' lang='lat' dir='ltr'><strong>prte-</strong></span> 
     </span>
    </p>
   </div>
   <div class='ocr_carea' id='block_1_92' title="bbox 1942 4197 3515 4269">
    <p class='ocr_par' dir='ltr' id='par_1_92' title="bbox 1942 4197 3515 4269">
     <span class='ocr_line' id='line_1_92' title="bbox 1942 4197 3515 4269; baseline 0 -15"><span class='ocrx_word' id='word_1_583' title='bbox 1942 4207 2273 4268; x_wconf 88' lang='lat' dir='ltr'><strong>tergrcssus,</strong></span> <span class='ocrx_word' id='word_1_584' title='bbox 2297 4197 2629 4252; x_wconf 90' lang='lat' dir='ltr'><strong>Callinicum</strong></span> <span class='ocrx_word' id='word_1_585' title='bbox 2669 4199 2734 4252; x_wconf 87' lang='lat' dir='ltr'>ad</span> <span class='ocrx_word' id='word_1_586' title='bbox 2772 4213 2945 4269; x_wconf 89' lang='lat' dir='ltr'><strong>usque</strong></span> <span class='ocrx_word' id='word_1_587' title='bbox 2965 4237 2980 4263; x_wconf 95' lang='lat'>,</span> <span class='ocrx_word' id='word_1_588' title='bbox 3009 4197 3294 4253; x_wconf 78' lang='lat' dir='ltr'><strong>Osdroinae</strong></span> <span class='ocrx_word' id='word_1_589' title='bbox 3319 4200 3515 4254; x_wconf 87' lang='lat' dir='ltr'><strong>urbem</strong></span> 
     </span>
    </p>
   </div>
   <div class='ocr_carea' id='block_1_93' title="bbox 1940 4296 2339 4361">
    <p class='ocr_par' dir='ltr' id='par_1_93' title="bbox 1940 4296 2339 4361">
     <span class='ocr_line' id='line_1_93' title="bbox 1940 4296 2339 4361; baseline -0.008 -15"><span class='ocrx_word' id='word_1_590' title='bbox 1940 4297 2286 4361; x_wconf 89' lang='lat' dir='ltr'><strong>pervenerat.</strong></span> <span class='ocrx_word' id='word_1_591' title='bbox 2336 4296 2339 4299; x_wconf 75' lang='grc'><em>’</em></span> 
     </span>
    </p>
   </div>
   <div class='ocr_carea' id='block_1_94' title="bbox 2009 4471 3514 4542">
    <p class='ocr_par' dir='ltr' id='par_1_94' title="bbox 2009 4471 3514 4542">
     <span class='ocr_line' id='line_1_94' title="bbox 2009 4471 3514 4542; baseline 0.003 -14"><span class='ocrx_word' id='word_1_592' title='bbox 2009 4471 2230 4528; x_wconf 88' lang='lat' dir='ltr'><strong>Certior</strong></span> <span class='ocrx_word' id='word_1_593' title='bbox 2285 4480 2467 4527; x_wconf 89' lang='lat' dir='ltr'><strong>autem</strong></span> <span class='ocrx_word' id='word_1_594' title='bbox 2523 4471 2591 4527; x_wconf 92' lang='lat' dir='ltr'>de</span> <span class='ocrx_word' id='word_1_595' title='bbox 2641 4471 2728 4528; x_wconf 91' lang='lat' dir='ltr'>his</span> <span class='ocrx_word' id='word_1_596' title='bbox 2780 4472 2965 4529; x_wconf 82' lang='lat' dir='ltr'><strong>factus</strong></span> <span class='ocrx_word' id='word_1_597' title='bbox 3016 4474 3353 4542; x_wconf 88' lang='lat' dir='ltr'><strong>Belisarius,</strong></span> <span class='ocrx_word' id='word_1_598' title='bbox 3388 4486 3514 4533; x_wconf 90' lang='lat' dir='ltr'><strong>octo</strong></span> 
     </span>
    </p>
   </div>
   <div class='ocr_carea' id='block_1_95' title="bbox 1940 4564 3512 4637">
    <p class='ocr_par' dir='ltr' id='par_1_95' title="bbox 1940 4564 3512 4637">
     <span class='ocr_line' id='line_1_95' title="bbox 1940 4564 3512 4637; baseline 0.003 -17"><span class='ocrx_word' id='word_1_599' title='bbox 1940 4580 2067 4620; x_wconf 91' lang='lat' dir='ltr'>cum</span> <span class='ocrx_word' id='word_1_600' title='bbox 2126 4564 2367 4619; x_wconf 87' lang='lat' dir='ltr'><strong>millibus</strong></span> <span class='ocrx_word' id='word_1_601' title='bbox 2436 4572 2773 4617; x_wconf 89' lang='lat' dir='ltr'><strong>armatorum</strong></span> <span class='ocrx_word' id='word_1_602' title='bbox 2827 4565 3062 4621; x_wconf 89' lang='lat' dir='ltr'><strong>ducibus</strong></span> <span class='ocrx_word' id='word_1_603' title='bbox 3118 4568 3173 4620; x_wconf 90' lang='lat' dir='ltr'><strong>in</strong></span> <span class='ocrx_word' id='word_1_604' title='bbox 3224 4571 3512 4637; x_wconf 88' lang='lat' dir='ltr'><strong>suppetias</strong></span> 
     </span>
    </p>
   </div>
   <div class='ocr_carea' id='block_1_96' title="bbox 1941 4655 3513 4727">
    <p class='ocr_par' dir='ltr' id='par_1_96' title="bbox 1941 4655 3513 4727">
     <span class='ocr_line' id='line_1_96' title="bbox 1941 4655 3513 4727; baseline 0.002 -16"><span class='ocrx_word' id='word_1_605' title='bbox 1941 4658 2058 4712; x_wconf 75' lang='lat' dir='ltr'><strong>exit</strong></span> <span class='ocrx_word' id='word_1_606' title='bbox 2086 4674 2100 4709; x_wconf 75' lang='grc' dir='ltr'>ε</span> <span class='ocrx_word' id='word_1_607' title='bbox 2130 4670 2268 4724; x_wconf 90' lang='lat' dir='ltr'><strong>quos</strong></span> <span class='ocrx_word' id='word_1_608' title='bbox 2300 4656 2443 4708; x_wconf 88' lang='lat' dir='ltr'><strong>inter</strong></span> <span class='ocrx_word' id='word_1_609' title='bbox 2474 4657 2706 4709; x_wconf 84' lang='lat' dir='ltr'><strong>Arethas</strong></span> <span class='ocrx_word' id='word_1_610' title='bbox 2739 4655 2844 4708; x_wconf 81' lang='lat' dir='ltr'><strong>fuit</strong></span> <span class='ocrx_word' id='word_1_611' title='bbox 2879 4656 3245 4727; x_wconf 83' lang='lat' dir='ltr'><strong>phylarchus;</strong></span> <span class='ocrx_word' id='word_1_612' title='bbox 3271 4658 3428 4726; x_wconf 84' lang='lat' dir='ltr'><strong>cujus</strong></span> <span class='ocrx_word' id='word_1_613' title='bbox 3456 4660 3513 4714; x_wconf 89' lang='lat' dir='ltr'><strong>in</strong></span> 
     </span>
    </p>
   </div>
   <div class='ocr_carea' id='block_1_97' title="bbox 1936 4746 3516 4815">
    <p class='ocr_par' dir='ltr' id='par_1_97' title="bbox 1936 4746 3516 4815">
     <span class='ocr_line' id='line_1_97' title="bbox 1936 4746 3516 4815; baseline 0.001 -13"><span class='ocrx_word' id='word_1_614' title='bbox 1936 4748 2183 4802; x_wconf 79' lang='lat' dir='ltr'><strong>exercitu</strong></span> <span class='ocrx_word' id='word_1_615' title='bbox 2208 4746 2452 4814; x_wconf 87' lang='lat' dir='ltr'><strong>quinque</strong></span> <span class='ocrx_word' id='word_1_616' title='bbox 2473 4746 2644 4799; x_wconf 87' lang='lat' dir='ltr'><strong>millia</strong></span> <span class='ocrx_word' id='word_1_617' title='bbox 2669 4747 3122 4802; x_wconf 86' lang='lat' dir='ltr'><strong>numerabantur.</strong></span> <span class='ocrx_word' id='word_1_618' title='bbox 3148 4746 3363 4815; x_wconf 77' lang='lat' dir='ltr'><strong>Egressi</strong></span> <span class='ocrx_word' id='word_1_619' title='bbox 3386 4765 3516 4804; x_wconf 89' lang='lat' dir='ltr'><strong>vero</strong></span> 
     </span>
    </p>
   </div>
   <div class='ocr_carea' id='block_1_98' title="bbox 259 4835 1847 4914">
    <p class='ocr_par' dir='ltr' id='par_1_98' title="bbox 259 4835 1842 4914">
     <span class='ocr_line' id='line_1_98' title="bbox 259 4835 1842 4914; baseline -0.004 -19"><span class='ocrx_word' id='word_1_620' title='bbox 259 4861 349 4897; x_wconf 90' lang='grc' dir='ltr'>σαι</span> <span class='ocrx_word' id='word_1_621' title='bbox 386 4841 532 4914; x_wconf 81' lang='grc' dir='ltr'>μετὰ</span> <span class='ocrx_word' id='word_1_622' title='bbox 564 4839 677 4895; x_wconf 83' lang='grc' dir='ltr'>τῶν</span> <span class='ocrx_word' id='word_1_623' title='bbox 713 4838 862 4891; x_wconf 87' lang='grc' dir='ltr'>ἰδίων</span> <span class='ocrx_word' id='word_1_624' title='bbox 894 4836 1227 4909; x_wconf 86' lang='grc' dir='ltr'>Σαρακηνῶν</span> <span class='ocrx_word' id='word_1_625' title='bbox 1260 4835 1454 4898; x_wconf 83' lang='grc' dir='ltr'>νυκτὸς</span> <span class='ocrx_word' id='word_1_626' title='bbox 1498 4837 1842 4908; x_wconf 76' lang='grc' dir='ltr'>κατεσκήνωο</span> 
     </span>
    </p>
   </div>
   <div class='ocr_carea' id='block_1_99' title="bbox 1954 4835 3515 4914">
    <p class='ocr_par' dir='ltr' id='par_1_99' title="bbox 1954 4838 3515 4909">
     <span class='ocr_line' id='line_1_99' title="bbox 1954 4838 3515 4909; baseline 0.002 -15"><span class='ocrx_word' id='word_1_627' title='bbox 1954 4854 2062 4894; x_wconf 84' lang='lat' dir='ltr'><strong>:um</strong></span> <span class='ocrx_word' id='word_1_628' title='bbox 2093 4838 2390 4892; x_wconf 87' lang='lat' dir='ltr'><strong>Saracenis</strong></span> <span class='ocrx_word' id='word_1_629' title='bbox 2413 4839 2530 4893; x_wconf 90' lang='lat' dir='ltr'><strong>suis</strong></span> <span class='ocrx_word' id='word_1_630' title='bbox 2561 4853 2656 4908; x_wconf 91' lang='lat' dir='ltr'>per</span> <span class='ocrx_word' id='word_1_631' title='bbox 2686 4846 2903 4894; x_wconf 88' lang='lat' dir='ltr'><strong>noctem</strong></span> <span class='ocrx_word' id='word_1_632' title='bbox 2936 4839 3149 4906; x_wconf 81' lang='lat' dir='ltr'><strong>Persae,</strong></span> <span class='ocrx_word' id='word_1_633' title='bbox 3175 4840 3329 4909; x_wconf 82' lang='lat' dir='ltr'><strong>juxta</strong></span> <span class='ocrx_word' id='word_1_634' title='bbox 3365 4841 3515 4897; x_wconf 74' lang='lat' dir='ltr'>Gub-</span> 
     </span>
    </p>
   </div>
   <div class='ocr_carea' id='block_1_100' title="bbox 726 4971 2203 5047">
    <p class='ocr_par' dir='ltr' id='par_1_100' title="bbox 726 4971 2203 5047">
     <span class='ocr_line' id='line_1_100' title="bbox 726 4971 2203 5047; baseline 0.006 -27"><span class='ocrx_word' id='word_1_635' title='bbox 726 5042 733 5047; x_wconf 30' lang='grc'><strong><em>,</em></strong></span> <span class='ocrx_word' id='word_1_636' title='bbox 1528 4971 1764 5026; x_wconf 73' lang='lat' dir='ltr'>VARI/13</span> <span class='ocrx_word' id='word_1_637' title='bbox 1792 4973 2203 5031; x_wconf 82' lang='lat' dir='ltr'><strong>LECTIONES.</strong></span> 
     </span>
    </p>
   </div>
   <div class='ocr_carea' id='block_1_101' title="bbox 325 5088 3508 5167">
    <p class='ocr_par' dir='ltr' id='par_1_101' title="bbox 325 5088 3508 5167">
     <span class='ocr_line' id='line_1_101' title="bbox 325 5088 3508 5167; baseline -0.001 -15"><span class='ocrx_word' id='word_1_638' title='bbox 325 5101 376 5132; x_wconf 74' lang='lat'>”</span> <span class='ocrx_word' id='word_1_639' title='bbox 407 5088 648 5167; x_wconf 51' lang='grc' dir='ltr'>πέμψαι,</span> <span class='ocrx_word' id='word_1_640' title='bbox 704 5093 927 5164; x_wconf 71' lang='grc' dir='ltr'>πέμψας</span> <span class='ocrx_word' id='word_1_641' title='bbox 978 5093 1080 5148; x_wconf 80' lang='lat' dir='ltr'><strong>Ox.</strong></span> <span class='ocrx_word' id='word_1_642' title='bbox 1173 5093 1218 5124; x_wconf 83' lang='lat'><strong>&quot;</strong></span> <span class='ocrx_word' id='word_1_643' title='bbox 1257 5092 1427 5163; x_wconf 78' lang='grc' dir='ltr'>ᾔτησε</span> <span class='ocrx_word' id='word_1_644' title='bbox 1461 5089 1587 5157; x_wconf 91' lang='lat' dir='ltr'><strong>Ch.,</strong></span> <span class='ocrx_word' id='word_1_645' title='bbox 1636 5092 1830 5163; x_wconf 76' lang='grc' dir='ltr'>αἵτησε</span> <span class='ocrx_word' id='word_1_646' title='bbox 1877 5092 1980 5147; x_wconf 86' lang='lat' dir='ltr'><strong>Ox.</strong></span> <span class='ocrx_word' id='word_1_647' title='bbox 2090 5097 2136 5127; x_wconf 82' lang='grc'>⁸⁸</span> <span class='ocrx_word' id='word_1_648' title='bbox 2161 5094 2489 5165; x_wconf 83' lang='grc' dir='ltr'>Κιρκησίου.</span> <span class='ocrx_word' id='word_1_649' title='bbox 2544 5094 2835 5165; x_wconf 85' lang='grc' dir='ltr'>Κιρκισίου</span> <span class='ocrx_word' id='word_1_650' title='bbox 2869 5094 2970 5150; x_wconf 78' lang='lat' dir='ltr'><strong>Ox.</strong></span> <span class='ocrx_word' id='word_1_651' title='bbox 3069 5095 3115 5127; x_wconf 84' lang='grc'>⁸⁷</span> <span class='ocrx_word' id='word_1_652' title='bbox 3159 5094 3508 5165; x_wconf 80' lang='grc' dir='ltr'>Ὀσδροηνῆς.</span> 
     </span>
    </p>
   </div>
   <div class='ocr_carea' id='block_1_102' title="bbox 267 5165 721 5240">
    <p class='ocr_par' dir='ltr' id='par_1_102' title="bbox 267 5165 721 5240">
     <span class='ocr_line' id='line_1_102' title="bbox 267 5165 721 5240; baseline -0.009 -17"><span class='ocrx_word' id='word_1_653' title='bbox 267 5165 586 5240; x_wconf 80' lang='grc' dir='ltr'>Ὄσδροῖνης</span> <span class='ocrx_word' id='word_1_654' title='bbox 616 5165 721 5220; x_wconf 82' lang='lat' dir='ltr'><strong>Ox.</strong></span> 
     </span>
    </p>
   </div>
   <div class='ocr_carea' id='block_1_103' title="bbox 1469 5274 2274 5361">
    <p class='ocr_par' dir='ltr' id='par_1_103' title="bbox 1469 5274 2274 5361">
     <span class='ocr_line' id='line_1_103' title="bbox 1469 5274 2274 5361; baseline 0 -31"><span class='ocrx_word' id='word_1_655' title='bbox 1469 5274 1581 5330; x_wconf 88' lang='grc' dir='ltr'>ΕΙ).</span> <span class='ocrx_word' id='word_1_656' title='bbox 1617 5274 1918 5361; x_wconf 72' lang='lat' dir='ltr'>CHILMEA</span> <span class='ocrx_word' id='word_1_657' title='bbox 1930 5275 1993 5328; x_wconf 89' lang='lat' dir='ltr'><strong>Dl</strong></span> <span class='ocrx_word' id='word_1_658' title='bbox 2042 5274 2274 5330; x_wconf 68' lang='grc' dir='ltr'>ΝΟΤᾸΞ.</span> 
     </span>
    </p>
   </div>
   <div class='ocr_carea' id='block_1_104' title="bbox 327 5383 1829 5464">
    <p class='ocr_par' dir='ltr' id='par_1_104' title="bbox 327 5383 1829 5464">
     <span class='ocr_line' id='line_1_104' title="bbox 327 5383 1829 5464; baseline -0.007 -14"><span class='ocrx_word' id='word_1_659' title='bbox 327 5394 406 5464; x_wconf 79' lang='lat'>(9)</span> <span class='ocrx_word' id='word_1_660' title='bbox 462 5393 654 5464; x_wconf 72' lang='grc' dir='ltr'>Ἐχων</span> <span class='ocrx_word' id='word_1_661' title='bbox 701 5387 822 5458; x_wconf 77' lang='grc' dir='ltr'>μεθ’</span> <span class='ocrx_word' id='word_1_662' title='bbox 873 5385 1071 5440; x_wconf 79' lang='grc' dir='ltr'>ἑαυτοῦ</span> <span class='ocrx_word' id='word_1_663' title='bbox 1131 5385 1235 5464; x_wconf 43' lang='grc' dir='ltr'>καὶ.</span> <span class='ocrx_word' id='word_1_664' title='bbox 1282 5385 1473 5464; x_wconf 72' lang='grc' dir='ltr'>βάνδον</span> <span class='ocrx_word' id='word_1_665' title='bbox 1534 5383 1829 5453; x_wconf 81' lang='grc' dir='ltr'>βασιλικόν.</span> 
     </span>
    </p>
   </div>
   <div class='ocr_carea' id='block_1_105' title="bbox 254 5457 1828 5527">
    <p class='ocr_par' dir='ltr' id='par_1_105' title="bbox 254 5457 1828 5527">
     <span class='ocr_line' id='line_1_105' title="bbox 254 5457 1828 5527; baseline -0.006 -8"><span class='ocrx_word' id='word_1_666' title='bbox 254 5457 455 5519; x_wconf 69' lang='grc' dir='ltr'>Βάνδον</span> <span class='ocrx_word' id='word_1_667' title='bbox 485 5457 744 5517; x_wconf 48' lang='lat' dir='ltr'><strong>satillum</strong></span> <span class='ocrx_word' id='word_1_668' title='bbox 778 5467 887 5521; x_wconf 89' lang='lat' dir='ltr'><strong>est,</strong></span> <span class='ocrx_word' id='word_1_669' title='bbox 929 5467 989 5513; x_wconf 87' lang='lat' dir='ltr'>ut</span> <span class='ocrx_word' id='word_1_670' title='bbox 1041 5457 1240 5511; x_wconf 86' lang='lat' dir='ltr'><strong>eruditi</strong></span> <span class='ocrx_word' id='word_1_671' title='bbox 1295 5457 1498 5527; x_wconf 88' lang='lat' dir='ltr'><strong>ubique</strong></span> <span class='ocrx_word' id='word_1_672' title='bbox 1552 5471 1655 5508; x_wconf 90' lang='lat' dir='ltr'>nos</span> <span class='ocrx_word' id='word_1_673' title='bbox 1716 5471 1828 5509; x_wconf 88' lang='lat' dir='ltr'><strong>tno-</strong></span> 
     </span>
    </p>
   </div>
   <div class='ocr_carea' id='block_1_106' title="bbox 254 5546 1835 5674">
    <p class='ocr_par' dir='ltr' id='par_1_106' title="bbox 254 5546 1835 5674">
     <span class='ocr_line' id='line_1_106' title="bbox 254 5546 1835 5674; baseline -0.007 -15"><span class='ocrx_word' id='word_1_674' title='bbox 254 5546 437 5674; x_wconf 46' lang='grc' dir='ltr'>Ῐιρῖιῖιθ)</span> <span class='ocrx_word' id='word_1_675' title='bbox 478 5603 584 5657; x_wconf 83' lang='grc' dir='ltr'>Διὰ</span> <span class='ocrx_word' id='word_1_676' title='bbox 612 5599 709 5654; x_wconf 80' lang='grc' dir='ltr'>τοῦ</span> <span class='ocrx_word' id='word_1_677' title='bbox 742 5592 1253 5674; x_wconf 73' lang='grc' dir='ltr'>Κιρκισίουέλθῴν.</span> <span class='ocrx_word' id='word_1_678' title='bbox 1294 5594 1605 5674; x_wconf 55' lang='grc' dir='ltr'>Ῑξιρκισίον,</span> <span class='ocrx_word' id='word_1_679' title='bbox 1639 5594 1835 5648; x_wconf 85' lang='lat' dir='ltr'><strong>scribit</strong></span> 
     </span>
    </p>
   </div>
   <div class='ocr_carea' id='block_1_107' title="bbox 252 5663 1833 5745">
    <p class='ocr_par' dir='ltr' id='par_1_107' title="bbox 252 5663 1833 5745">
     <span class='ocr_line' id='line_1_107' title="bbox 252 5663 1833 5745; baseline -0.006 -19"><span class='ocrx_word' id='word_1_680' title='bbox 252 5663 556 5745; x_wconf 73' lang='lat' dir='ltr'><strong>Procopius</strong></span> <span class='ocrx_word' id='word_1_681' title='bbox 582 5693 598 5726; x_wconf 89' lang='lat'><strong>:</strong></span> <span class='ocrx_word' id='word_1_682' title='bbox 629 5679 747 5726; x_wconf 90' lang='lat' dir='ltr'><strong>erat</strong></span> <span class='ocrx_word' id='word_1_683' title='bbox 773 5663 955 5721; x_wconf 81' lang='lat' dir='ltr'><strong>autem</strong></span> <span class='ocrx_word' id='word_1_684' title='bbox 979 5666 1268 5722; x_wconf 86' lang='lat' dir='ltr'><strong>castellum</strong></span> <span class='ocrx_word' id='word_1_685' title='bbox 1313 5663 1683 5719; x_wconf 73' lang='lat' dir='ltr'><strong>Remanorum</strong></span> <span class='ocrx_word' id='word_1_686' title='bbox 1715 5679 1833 5718; x_wconf 90' lang='lat' dir='ltr'><strong>mu-</strong></span> 
     </span>
    </p>
   </div>
   <div class='ocr_carea' id='block_1_108' title="bbox 1942 5382 3512 5464">
    <p class='ocr_par' dir='ltr' id='par_1_108' title="bbox 1942 5382 3512 5464">
     <span class='ocr_line' id='line_1_108' title="bbox 1942 5382 3512 5464; baseline -0.001 -26"><span class='ocrx_word' id='word_1_687' title='bbox 1942 5386 2301 5464; x_wconf 80' lang='lat' dir='ltr'><strong>nitissimum,</strong></span> <span class='ocrx_word' id='word_1_688' title='bbox 2340 5385 2395 5439; x_wconf 91' lang='lat' dir='ltr'><strong>in</strong></span> <span class='ocrx_word' id='word_1_689' title='bbox 2441 5383 2698 5439; x_wconf 85' lang='lat' dir='ltr'><strong>extremis</strong></span> <span class='ocrx_word' id='word_1_690' title='bbox 2743 5383 2964 5447; x_wconf 88' lang='lat' dir='ltr'><strong>ﬁnibus,</strong></span> <span class='ocrx_word' id='word_1_691' title='bbox 3001 5385 3171 5437; x_wconf 89' lang='lat' dir='ltr'><strong>altera</strong></span> <span class='ocrx_word' id='word_1_692' title='bbox 3216 5382 3512 5451; x_wconf 76' lang='lat' dir='ltr'><strong>Euphratis</strong></span> 
     </span>
    </p>
   </div>
   <div class='ocr_carea' id='block_1_109' title="bbox 1942 5464 3505 5594">
    <p class='ocr_par' dir='ltr' id='par_1_109' title="bbox 1942 5464 3505 5594">
     <span class='ocr_line' id='line_1_109' title="bbox 1942 5464 3505 5594; baseline -0.003 -16"><span class='ocrx_word' id='word_1_693' title='bbox 1942 5464 2450 5589; x_wconf 48' lang='lat' dir='ltr'>pa;)51‘l:lislt:)a.l0¢bv</span> <span class='ocrx_word' id='word_1_694' title='bbox 2485 5526 2564 5585; x_wconf 82' lang='grc' dir='ltr'>εἰς</span> <span class='ocrx_word' id='word_1_695' title='bbox 2617 5523 2960 5594; x_wconf 55' lang='grc' dir='ltr'>συμμαχίαν,</span> <span class='ocrx_word' id='word_1_696' title='bbox 2991 5519 3163 5594; x_wconf 84' lang='lat' dir='ltr'><strong>Forte</strong></span> <span class='ocrx_word' id='word_1_697' title='bbox 3195 5502 3505 5594; x_wconf 73' lang='lat' dir='ltr'><strong>legendum,</strong></span> 
     </span>
    </p>
   </div>
   <div class='ocr_carea' id='block_1_110' title="bbox 1940 5590 3511 5663">
    <p class='ocr_par' dir='ltr' id='par_1_110' title="bbox 1940 5590 3511 5663">
     <span class='ocr_line' id='line_1_110' title="bbox 1940 5590 3511 5663; baseline 0 -17"><span class='ocrx_word' id='word_1_698' title='bbox 1940 5595 2187 5663; x_wconf 77' lang='grc' dir='ltr'>ἀπῆλθεν</span> <span class='ocrx_word' id='word_1_699' title='bbox 2222 5612 2268 5649; x_wconf 87' lang='grc' dir='ltr'>ε.</span> <span class='ocrx_word' id='word_1_700' title='bbox 2322 5612 2374 5649; x_wconf 86' lang='grc' dir='ltr'>σ.</span> <span class='ocrx_word' id='word_1_701' title='bbox 2406 5610 2419 5624; x_wconf 87' lang='grc'><strong>·</strong></span> <span class='ocrx_word' id='word_1_702' title='bbox 2452 5610 2651 5650; x_wconf 86' lang='lat' dir='ltr'><strong>sensus</strong></span> <span class='ocrx_word' id='word_1_703' title='bbox 2691 5590 2849 5648; x_wconf 75' lang='lat' dir='ltr'><strong>enim</strong></span> <span class='ocrx_word' id='word_1_704' title='bbox 2919 5592 3080 5646; x_wconf 87' lang='lat' dir='ltr'><strong>aliter</strong></span> <span class='ocrx_word' id='word_1_705' title='bbox 3153 5590 3511 5661; x_wconf 71' lang='lat' dir='ltr'><strong>imperfectus</strong></span> 
     </span>
    </p>
   </div>
   <div class='ocr_carea' id='block_1_111' title="bbox 1938 5675 2045 5719">
    <p class='ocr_par' dir='ltr' id='par_1_111' title="bbox 1938 5675 2045 5719">
     <span class='ocr_line' id='line_1_111' title="bbox 1938 5675 2045 5719; baseline 0 0"><span class='ocrx_word' id='word_1_706' title='bbox 1938 5675 2045 5719; x_wconf 74' lang='grc' dir='ltr'>ρει.</span> 
     </span>
    </p>
   </div>
  </div>
