  <div class='ocr_page' id='page_1' title='image "/cluster/home/n/w/nwhite01/storage/ocr_20150623/97/mdp.39015041892756/337.png"; bbox 0 0 3988 6136; ppageno 0'>
   <div class='ocr_carea' id='block_1_1' title="bbox 507 264 610 325">
    <p class='ocr_par' dir='ltr' id='par_1_1' title="bbox 507 264 610 325">
     <span class='ocr_line' id='line_1_1' title="bbox 507 264 610 325; baseline -0.01 0"><span class='ocrx_word' id='word_1_1' title='bbox 507 264 610 325; x_wconf 69' lang='lat'><strong>675</strong></span> 
     </span>
    </p>
   </div>
   <div class='ocr_carea' id='block_1_2' title="bbox 1779 248 2449 317">
    <p class='ocr_par' dir='ltr' id='par_1_2' title="bbox 1779 248 2449 317">
     <span class='ocr_line' id='line_1_2' title="bbox 1779 248 2449 317; baseline -0.009 0"><span class='ocrx_word' id='word_1_2' title='bbox 1779 254 2101 317; x_wconf 82' lang='lat' dir='ltr'><strong>JOANNIS</strong></span> <span class='ocrx_word' id='word_1_3' title='bbox 2126 248 2449 313; x_wconf 63' lang='grc' dir='ltr'><strong>ΜΑΙιΑῙΑΕ</strong></span> 
     </span>
    </p>
   </div>
   <div class='ocr_carea' id='block_1_3' title="bbox 3648 260 3755 322">
    <p class='ocr_par' dir='ltr' id='par_1_3' title="bbox 3648 260 3755 322">
     <span class='ocr_line' id='line_1_3' title="bbox 3648 260 3755 322; baseline -0.019 0"><span class='ocrx_word' id='word_1_4' title='bbox 3648 260 3755 322; x_wconf 80' lang='lat'><strong>676</strong></span> 
     </span>
    </p>
   </div>
   <div class='ocr_carea' id='block_1_4' title="bbox 490 348 2087 440">
    <p class='ocr_par' dir='ltr' id='par_1_4' title="bbox 490 348 2073 440">
     <span class='ocr_line' id='line_1_4' title="bbox 490 348 2073 440; baseline -0.011 -8"><span class='ocrx_word' id='word_1_5' title='bbox 490 373 763 432; x_wconf 60' lang='lat' dir='ltr'><strong>«buturum</strong></span> <span class='ocrx_word' id='word_1_6' title='bbox 813 371 1123 437; x_wconf 75' lang='lat' dir='ltr'><strong>caStelium,</strong></span> <span class='ocrx_word' id='word_1_7' title='bbox 1174 368 1322 440; x_wconf 87' lang='lat' dir='ltr'><strong>quod</strong></span> <span class='ocrx_word' id='word_1_8' title='bbox 1362 367 1616 423; x_wconf 88' lang='lat' dir='ltr'><strong>iiuvioins</strong></span> <span class='ocrx_word' id='word_1_9' title='bbox 1642 348 2073 437; x_wconf 74' lang='lat' dir='ltr'><strong>praeterﬂuebat,</strong></span> 
     </span>
    </p>
   </div>
   <div class='ocr_carea' id='block_1_5' title="bbox 2190 348 3763 440">
    <p class='ocr_par' dir='ltr' id='par_1_5' title="bbox 2190 356 3763 439">
     <span class='ocr_line' id='line_1_5' title="bbox 2190 356 3763 439; baseline 0.004 -23"><span class='ocrx_word' id='word_1_10' title='bbox 2190 377 2281 416; x_wconf 71' lang='grc' dir='ltr'><strong>ταν</strong></span> <span class='ocrx_word' id='word_1_11' title='bbox 2319 361 2548 431; x_wconf 82' lang='grc' dir='ltr'>πλησίον</span> <span class='ocrx_word' id='word_1_12' title='bbox 2569 359 2663 415; x_wconf 75' lang='grc' dir='ltr'>τοῦ</span> <span class='ocrx_word' id='word_1_13' title='bbox 2694 362 2935 433; x_wconf 85' lang='grc' dir='ltr'>κάστρου</span> <span class='ocrx_word' id='word_1_14' title='bbox 2964 356 3307 430; x_wconf 76' lang='grc' dir='ltr'><strong>Γαϐϐουλῶν,</strong></span> <span class='ocrx_word' id='word_1_15' title='bbox 3338 366 3463 436; x_wconf 85' lang='grc' dir='ltr'>ἑχον</span> <span class='ocrx_word' id='word_1_16' title='bbox 3494 371 3763 439; x_wconf 85' lang='grc' dir='ltr'>παρακεί-</span> 
     </span>
    </p>
   </div>
   <div class='ocr_carea' id='block_1_6' title="bbox 508 458 2081 536">
    <p class='ocr_par' dir='ltr' id='par_1_6' title="bbox 508 458 2081 536">
     <span class='ocr_line' id='line_1_6' title="bbox 508 458 2081 536; baseline -0.005 -16"><span class='ocrx_word' id='word_1_17' title='bbox 508 474 693 521; x_wconf 85' lang='lat' dir='ltr'><strong>castra</strong></span> <span class='ocrx_word' id='word_1_18' title='bbox 725 470 1068 536; x_wconf 84' lang='lat' dir='ltr'><strong>posuerunt;</strong></span> <span class='ocrx_word' id='word_1_19' title='bbox 1110 460 1435 530; x_wconf 78' lang='lat' dir='ltr'><strong>fossamque</strong></span> <span class='ocrx_word' id='word_1_20' title='bbox 1489 461 1564 514; x_wconf 85' lang='lat' dir='ltr'><strong>ibi</strong></span> <span class='ocrx_word' id='word_1_21' title='bbox 1615 458 1780 523; x_wconf 85' lang='lat' dir='ltr'><strong>facto,</strong></span> <span class='ocrx_word' id='word_1_22' title='bbox 1840 458 2081 512; x_wconf 75' lang='lat' dir='ltr'><strong>murices</strong></span> 
     </span>
    </p>
   </div>
   <div class='ocr_carea' id='block_1_7' title="bbox 510 548 2084 623">
    <p class='ocr_par' dir='ltr' id='par_1_7' title="bbox 510 548 2084 623">
     <span class='ocr_line' id='line_1_7' title="bbox 510 548 2084 623; baseline -0.006 -12"><span class='ocrx_word' id='word_1_23' title='bbox 510 555 719 611; x_wconf 81' lang='lat' dir='ltr'><strong>ferreos</strong></span> <span class='ocrx_word' id='word_1_24' title='bbox 759 555 996 623; x_wconf 82' lang='lat' dir='ltr'><strong>undique</strong></span> <span class='ocrx_word' id='word_1_25' title='bbox 1031 553 1097 606; x_wconf 89' lang='lat' dir='ltr'><strong>ad</strong></span> <span class='ocrx_word' id='word_1_26' title='bbox 1128 564 1285 606; x_wconf 88' lang='lat' dir='ltr'><strong>oram</strong></span> <span class='ocrx_word' id='word_1_27' title='bbox 1332 548 1478 621; x_wconf 76' lang='lat' dir='ltr'><strong>eius,</strong></span> <span class='ocrx_word' id='word_1_28' title='bbox 1512 562 1710 622; x_wconf 87' lang='lat' dir='ltr'><strong>magno</strong></span> <span class='ocrx_word' id='word_1_29' title='bbox 1744 549 1878 606; x_wconf 90' lang='lat' dir='ltr'><strong>satis</strong></span> <span class='ocrx_word' id='word_1_30' title='bbox 1910 548 2084 602; x_wconf 88' lang='lat' dir='ltr'><strong>inter-</strong></span> 
     </span>
    </p>
   </div>
   <div class='ocr_carea' id='block_1_8' title="bbox 509 638 2082 716">
    <p class='ocr_par' dir='ltr' id='par_1_8' title="bbox 509 638 2082 716">
     <span class='ocr_line' id='line_1_8' title="bbox 509 638 2082 716; baseline -0.005 -16"><span class='ocrx_word' id='word_1_31' title='bbox 509 647 675 709; x_wconf 83' lang='lat' dir='ltr'><strong>vallo,</strong></span> <span class='ocrx_word' id='word_1_32' title='bbox 739 644 1170 716; x_wconf 85' lang='lat' dir='ltr'><strong>dispergebant,</strong></span> <span class='ocrx_word' id='word_1_33' title='bbox 1205 643 1374 697; x_wconf 88' lang='lat' dir='ltr'><strong>unico</strong></span> <span class='ocrx_word' id='word_1_34' title='bbox 1425 642 1548 697; x_wconf 92' lang='lat' dir='ltr'><strong>loco</strong></span> <span class='ocrx_word' id='word_1_35' title='bbox 1573 680 1589 706; x_wconf 92' lang='lat'><strong>,</strong></span> <span class='ocrx_word' id='word_1_36' title='bbox 1638 655 1736 712; x_wconf 87' lang='lat' dir='ltr'><strong>per</strong></span> <span class='ocrx_word' id='word_1_37' title='bbox 1770 648 1933 711; x_wconf 80' lang='lat' dir='ltr'><strong>qdem</strong></span> <span class='ocrx_word' id='word_1_38' title='bbox 1963 638 2082 693; x_wconf 81' lang='lat' dir='ltr'><strong>exi-</strong></span> 
     </span>
    </p>
   </div>
   <div class='ocr_carea' id='block_1_9' title="bbox 510 734 2084 807">
    <p class='ocr_par' dir='ltr' id='par_1_9' title="bbox 510 734 2084 807">
     <span class='ocr_line' id='line_1_9' title="bbox 510 734 2084 807; baseline -0.004 -16"><span class='ocrx_word' id='word_1_39' title='bbox 510 747 638 792; x_wconf 90' lang='lat' dir='ltr'><strong>rent</strong></span> <span class='ocrx_word' id='word_1_40' title='bbox 691 736 856 807; x_wconf 68' lang='grc'><strong>462</strong></span> <span class='ocrx_word' id='word_1_41' title='bbox 911 737 1042 806; x_wconf 87' lang='lat' dir='ltr'><strong>ipsi,</strong></span> <span class='ocrx_word' id='word_1_42' title='bbox 1108 748 1284 789; x_wconf 84' lang='lat' dir='ltr'><strong>vacuo</strong></span> <span class='ocrx_word' id='word_1_43' title='bbox 1340 734 1557 797; x_wconf 88' lang='lat' dir='ltr'><strong>relicto.</strong></span> <span class='ocrx_word' id='word_1_44' title='bbox 1608 734 1836 788; x_wconf 87' lang='lat' dir='ltr'><strong>Interim</strong></span> <span class='ocrx_word' id='word_1_45' title='bbox 1867 744 1898 787; x_wconf 84' lang='lat' dir='ltr'><strong>a</strong></span> <span class='ocrx_word' id='word_1_46' title='bbox 1928 739 2084 801; x_wconf 83' lang='lat' dir='ltr'><strong>tergo</strong></span> 
     </span>
    </p>
   </div>
   <div class='ocr_carea' id='block_1_10' title="bbox 511 825 2085 899">
    <p class='ocr_par' dir='ltr' id='par_1_10' title="bbox 511 825 2085 899">
     <span class='ocr_line' id='line_1_10' title="bbox 511 825 2085 899; baseline -0.004 -16"><span class='ocrx_word' id='word_1_47' title='bbox 511 829 907 899; x_wconf 78' lang='lat' dir='ltr'><strong>superveniens</strong></span> <span class='ocrx_word' id='word_1_48' title='bbox 955 827 1064 883; x_wconf 86' lang='lat' dir='ltr'><strong>illis</strong></span> <span class='ocrx_word' id='word_1_49' title='bbox 1121 826 1326 882; x_wconf 86' lang='lat' dir='ltr'><strong>Snnica</strong></span> <span class='ocrx_word' id='word_1_50' title='bbox 1357 828 1501 891; x_wconf 75' lang='lat' dir='ltr'><strong>diu,</strong></span> <span class='ocrx_word' id='word_1_51' title='bbox 1546 834 1598 881; x_wconf 82' lang='lat' dir='ltr'><strong>tv</strong></span> <span class='ocrx_word' id='word_1_52' title='bbox 1634 825 1878 880; x_wconf 83' lang='lat' dir='ltr'><strong>millibus</strong></span> <span class='ocrx_word' id='word_1_53' title='bbox 1901 836 2085 878; x_wconf 83' lang='lat' dir='ltr'><strong>arma-</strong></span> 
     </span>
    </p>
   </div>
   <div class='ocr_carea' id='block_1_11' title="bbox 508 909 2081 988">
    <p class='ocr_par' dir='ltr' id='par_1_11' title="bbox 508 909 2081 988">
     <span class='ocr_line' id='line_1_11' title="bbox 508 909 2081 988; baseline -0.005 -17"><span class='ocrx_word' id='word_1_54' title='bbox 508 926 694 972; x_wconf 90' lang='lat' dir='ltr'><strong>torum</strong></span> <span class='ocrx_word' id='word_1_55' title='bbox 749 918 987 988; x_wconf 89' lang='lat' dir='ltr'><strong>stipatus</strong></span> <span class='ocrx_word' id='word_1_56' title='bbox 1013 955 1029 981; x_wconf 94' lang='lat'><strong>,</strong></span> <span class='ocrx_word' id='word_1_57' title='bbox 1079 914 1136 971; x_wconf 88' lang='lat' dir='ltr'><strong>in</strong></span> <span class='ocrx_word' id='word_1_58' title='bbox 1178 916 1373 973; x_wconf 80' lang='lat' dir='ltr'><strong>Persas</strong></span> <span class='ocrx_word' id='word_1_59' title='bbox 1401 916 1669 987; x_wconf 81' lang='lat' dir='ltr'><strong>quosdam</strong></span> <span class='ocrx_word' id='word_1_60' title='bbox 1718 913 1947 976; x_wconf 76' lang='lat' dir='ltr'><strong>incidit,</strong></span> <span class='ocrx_word' id='word_1_61' title='bbox 1987 909 2081 980; x_wconf 86' lang='lat' dir='ltr'><strong>qui</strong></span> 
     </span>
    </p>
   </div>
   <div class='ocr_carea' id='block_1_12' title="bbox 506 1002 2085 1078">
    <p class='ocr_par' dir='ltr' id='par_1_12' title="bbox 506 1002 2085 1078">
     <span class='ocr_line' id='line_1_12' title="bbox 506 1002 2085 1078; baseline -0.007 -13"><span class='ocrx_word' id='word_1_62' title='bbox 506 1009 668 1065; x_wconf 83' lang='lat' dir='ltr'><strong>villas</strong></span> <span class='ocrx_word' id='word_1_63' title='bbox 701 1008 1161 1078; x_wconf 87' lang='lat' dir='ltr'><strong>circumjacentes</strong></span> <span class='ocrx_word' id='word_1_64' title='bbox 1204 1007 1669 1078; x_wconf 74' lang='lat' dir='ltr'><strong>depraedabantur</strong></span> <span class='ocrx_word' id='word_1_65' title='bbox 1706 1021 1720 1057; x_wconf 93' lang='lat'><strong>:</strong></span> <span class='ocrx_word' id='word_1_66' title='bbox 1766 1018 1908 1074; x_wconf 88' lang='lat' dir='ltr'><strong>quos</strong></span> <span class='ocrx_word' id='word_1_67' title='bbox 1938 1002 2085 1055; x_wconf 83' lang='lat' dir='ltr'><strong>inse-</strong></span> 
     </span>
    </p>
   </div>
   <div class='ocr_carea' id='block_1_13' title="bbox 506 1091 2083 1166">
    <p class='ocr_par' dir='ltr' id='par_1_13' title="bbox 506 1091 2083 1166">
     <span class='ocr_line' id='line_1_13' title="bbox 506 1091 2083 1166; baseline -0.004 -10"><span class='ocrx_word' id='word_1_68' title='bbox 506 1109 707 1166; x_wconf 92' lang='lat' dir='ltr'><strong>cutus,</strong></span> <span class='ocrx_word' id='word_1_69' title='bbox 740 1114 932 1155; x_wconf 88' lang='lat' dir='ltr'><strong>eorum</strong></span> <span class='ocrx_word' id='word_1_70' title='bbox 974 1099 1263 1154; x_wconf 89' lang='lat' dir='ltr'><strong>nonnullis</strong></span> <span class='ocrx_word' id='word_1_71' title='bbox 1288 1098 1553 1154; x_wconf 89' lang='lat' dir='ltr'><strong>occisioni</strong></span> <span class='ocrx_word' id='word_1_72' title='bbox 1580 1094 1828 1158; x_wconf 91' lang='lat' dir='ltr'><strong>traditis,</strong></span> <span class='ocrx_word' id='word_1_73' title='bbox 1863 1093 1932 1147; x_wconf 89' lang='lat' dir='ltr'><strong>ab</strong></span> <span class='ocrx_word' id='word_1_74' title='bbox 1960 1091 2083 1149; x_wconf 88' lang='lat' dir='ltr'><strong>aliis</strong></span> 
     </span>
    </p>
   </div>
   <div class='ocr_carea' id='block_1_14' title="bbox 506 1186 2083 1264">
    <p class='ocr_par' dir='ltr' id='par_1_14' title="bbox 506 1186 2083 1264">
     <span class='ocr_line' id='line_1_14' title="bbox 506 1186 2083 1264; baseline -0.005 -18"><span class='ocrx_word' id='word_1_75' title='bbox 506 1206 649 1264; x_wconf 87' lang='lat' dir='ltr'><strong>quos</strong></span> <span class='ocrx_word' id='word_1_76' title='bbox 700 1188 1094 1263; x_wconf 73' lang='lat' dir='ltr'><strong>Comprehendi</strong></span> <span class='ocrx_word' id='word_1_77' title='bbox 1124 1191 1327 1261; x_wconf 78' lang='lat' dir='ltr'><strong>jussit,</strong></span> <span class='ocrx_word' id='word_1_78' title='bbox 1381 1189 1612 1246; x_wconf 90' lang='lat' dir='ltr'><strong>consilia</strong></span> <span class='ocrx_word' id='word_1_79' title='bbox 1656 1186 1950 1242; x_wconf 81' lang='lat' dir='ltr'><strong>Persarum</strong></span> <span class='ocrx_word' id='word_1_80' title='bbox 1981 1200 2083 1239; x_wconf 82' lang='lat' dir='ltr'><strong>ex-</strong></span> 
     </span>
    </p>
   </div>
   <div class='ocr_carea' id='block_1_15' title="bbox 504 1284 973 1356">
    <p class='ocr_par' dir='ltr' id='par_1_15' title="bbox 504 1284 973 1356">
     <span class='ocr_line' id='line_1_15' title="bbox 504 1284 973 1356; baseline -0.002 -16"><span class='ocrx_word' id='word_1_81' title='bbox 504 1286 722 1356; x_wconf 78' lang='lat' dir='ltr'><strong>plorata</strong></span> <span class='ocrx_word' id='word_1_82' title='bbox 756 1284 973 1339; x_wconf 83' lang='lat' dir='ltr'><strong>habuit.</strong></span> 
     </span>
    </p>
   </div>
   <div class='ocr_carea' id='block_1_16' title="bbox 580 1368 2083 1443">
    <p class='ocr_par' dir='ltr' id='par_1_16' title="bbox 580 1368 2083 1443">
     <span class='ocr_line' id='line_1_16' title="bbox 580 1368 2083 1443; baseline -0.007 -12"><span class='ocrx_word' id='word_1_83' title='bbox 580 1377 960 1431; x_wconf 81' lang='lat' dir='ltr'><strong>Romanorum</strong></span> <span class='ocrx_word' id='word_1_84' title='bbox 1009 1382 1193 1430; x_wconf 87' lang='lat' dir='ltr'><strong>autem</strong></span> <span class='ocrx_word' id='word_1_85' title='bbox 1266 1373 1503 1427; x_wconf 87' lang='lat' dir='ltr'><strong>militum</strong></span> <span class='ocrx_word' id='word_1_86' title='bbox 1543 1371 1835 1443; x_wconf 78' lang='lat' dir='ltr'><strong>magister,</strong></span> <span class='ocrx_word' id='word_1_87' title='bbox 1887 1368 2083 1424; x_wconf 83' lang='lat' dir='ltr'><strong>Hiera-</strong></span> 
     </span>
    </p>
   </div>
   <div class='ocr_carea' id='block_1_17' title="bbox 508 1458 2085 1539">
    <p class='ocr_par' dir='ltr' id='par_1_17' title="bbox 508 1458 2085 1539">
     <span class='ocr_line' id='line_1_17' title="bbox 508 1458 2085 1539; baseline -0.007 -16"><span class='ocrx_word' id='word_1_88' title='bbox 508 1467 678 1539; x_wconf 89' lang='lat' dir='ltr'><strong>polim</strong></span> <span class='ocrx_word' id='word_1_89' title='bbox 713 1468 974 1529; x_wconf 84' lang='lat' dir='ltr'><strong>veniens,</strong></span> <span class='ocrx_word' id='word_1_90' title='bbox 1012 1465 1355 1534; x_wconf 87' lang='lat' dir='ltr'><strong>edoctnsque</strong></span> <span class='ocrx_word' id='word_1_91' title='bbox 1393 1464 1592 1519; x_wconf 87' lang='lat' dir='ltr'><strong>Persas</strong></span> <span class='ocrx_word' id='word_1_92' title='bbox 1628 1466 1772 1517; x_wconf 88' lang='lat' dir='ltr'><strong>intra</strong></span> <span class='ocrx_word' id='word_1_93' title='bbox 1803 1458 2085 1515; x_wconf 76' lang='lat' dir='ltr'><strong>Romaniae</strong></span> 
     </span>
    </p>
   </div>
   <div class='ocr_carea' id='block_1_18' title="bbox 508 1548 2086 1626">
    <p class='ocr_par' dir='ltr' id='par_1_18' title="bbox 508 1548 2086 1626">
     <span class='ocr_line' id='line_1_18' title="bbox 508 1548 2086 1626; baseline -0.006 -13"><span class='ocrx_word' id='word_1_94' title='bbox 508 1558 646 1614; x_wconf 83' lang='lat' dir='ltr'><strong>ﬁnes</strong></span> <span class='ocrx_word' id='word_1_95' title='bbox 685 1566 867 1612; x_wconf 89' lang='lat' dir='ltr'><strong>castra</strong></span> <span class='ocrx_word' id='word_1_96' title='bbox 923 1557 1205 1626; x_wconf 80' lang='lat' dir='ltr'><strong>poSuisse:</strong></span> <span class='ocrx_word' id='word_1_97' title='bbox 1253 1571 1305 1609; x_wconf 82' lang='lat' dir='ltr'><strong>tv</strong></span> <span class='ocrx_word' id='word_1_98' title='bbox 1336 1548 1581 1609; x_wconf 83' lang='lat' dir='ltr'><strong>millibus</strong></span> <span class='ocrx_word' id='word_1_99' title='bbox 1627 1553 1860 1608; x_wconf 90' lang='lat' dir='ltr'><strong>militum</strong></span> <span class='ocrx_word' id='word_1_100' title='bbox 1912 1551 2086 1620; x_wconf 88' lang='lat' dir='ltr'><strong>stipa-</strong></span> 
     </span>
    </p>
   </div>
   <div class='ocr_carea' id='block_1_19' title="bbox 507 1643 2081 1712">
    <p class='ocr_par' dir='ltr' id='par_1_19' title="bbox 507 1643 2081 1712">
     <span class='ocr_line' id='line_1_19' title="bbox 507 1643 2081 1712; baseline -0.006 -9"><span class='ocrx_word' id='word_1_101' title='bbox 507 1657 621 1712; x_wconf 90' lang='lat' dir='ltr'><strong>tus,</strong></span> <span class='ocrx_word' id='word_1_102' title='bbox 655 1648 844 1702; x_wconf 85' lang='lat' dir='ltr'><strong>urbem</strong></span> <span class='ocrx_word' id='word_1_103' title='bbox 899 1647 1283 1701; x_wconf 85' lang='lat' dir='ltr'><strong>Barbasissum</strong></span> <span class='ocrx_word' id='word_1_104' title='bbox 1325 1645 1393 1700; x_wconf 87' lang='lat' dir='ltr'><strong>ad</strong></span> <span class='ocrx_word' id='word_1_105' title='bbox 1440 1644 1763 1700; x_wconf 87' lang='lat' dir='ltr'><strong>Belisarium</strong></span> <span class='ocrx_word' id='word_1_106' title='bbox 1814 1643 2081 1707; x_wconf 87' lang='lat' dir='ltr'><strong>accessit;</strong></span> 
     </span>
    </p>
   </div>
   <div class='ocr_carea' id='block_1_20' title="bbox 507 1734 2082 1810">
    <p class='ocr_par' dir='ltr' id='par_1_20' title="bbox 507 1734 2082 1810">
     <span class='ocr_line' id='line_1_20' title="bbox 507 1734 2082 1810; baseline -0.001 -21"><span class='ocrx_word' id='word_1_107' title='bbox 507 1741 603 1810; x_wconf 86' lang='lat' dir='ltr'><strong>qui</strong></span> <span class='ocrx_word' id='word_1_108' title='bbox 635 1740 710 1793; x_wconf 86' lang='lat' dir='ltr'><strong>ibi</strong></span> <span class='ocrx_word' id='word_1_109' title='bbox 766 1755 872 1793; x_wconf 85' lang='lat' dir='ltr'><strong>una</strong></span> <span class='ocrx_word' id='word_1_110' title='bbox 903 1753 1028 1792; x_wconf 90' lang='lat' dir='ltr'><strong>cum</strong></span> <span class='ocrx_word' id='word_1_111' title='bbox 1069 1737 1349 1807; x_wconf 84' lang='lat' dir='ltr'><strong>Stephano</strong></span> <span class='ocrx_word' id='word_1_112' title='bbox 1398 1743 1455 1791; x_wconf 86' lang='lat' dir='ltr'><strong>et</strong></span> <span class='ocrx_word' id='word_1_113' title='bbox 1486 1735 1684 1805; x_wconf 83' lang='lat' dir='ltr'><strong>Apscal</strong></span> <span class='ocrx_word' id='word_1_114' title='bbox 1734 1734 1995 1790; x_wconf 80' lang='lat' dir='ltr'><strong>exarchis</strong></span> <span class='ocrx_word' id='word_1_115' title='bbox 2028 1738 2082 1787; x_wconf 85' lang='lat' dir='ltr'><strong>et</strong></span> 
     </span>
    </p>
   </div>
   <div class='ocr_carea' id='block_1_21' title="bbox 511 1824 2081 1898">
    <p class='ocr_par' dir='ltr' id='par_1_21' title="bbox 511 1824 2081 1898">
     <span class='ocr_line' id='line_1_21' title="bbox 511 1824 2081 1898; baseline -0.004 -13"><span class='ocrx_word' id='word_1_116' title='bbox 511 1832 721 1886; x_wconf 89' lang='lat' dir='ltr'><strong>Simma</strong></span> <span class='ocrx_word' id='word_1_117' title='bbox 775 1830 955 1896; x_wconf 84' lang='lat' dir='ltr'><strong>duce,</strong></span> <span class='ocrx_word' id='word_1_118' title='bbox 1006 1844 1112 1883; x_wconf 88' lang='lat' dir='ltr'><strong>non</strong></span> <span class='ocrx_word' id='word_1_119' title='bbox 1166 1828 1417 1898; x_wconf 86' lang='lat' dir='ltr'><strong>procula</strong></span> <span class='ocrx_word' id='word_1_120' title='bbox 1467 1827 1677 1891; x_wconf 87' lang='lat' dir='ltr'><strong>Persis,</strong></span> <span class='ocrx_word' id='word_1_121' title='bbox 1738 1824 2081 1880; x_wconf 85' lang='lat' dir='ltr'><strong>consederat.</strong></span> 
     </span>
    </p>
   </div>
   <div class='ocr_carea' id='block_1_22' title="bbox 511 1915 2082 1991">
    <p class='ocr_par' dir='ltr' id='par_1_22' title="bbox 511 1915 2082 1991">
     <span class='ocr_line' id='line_1_22' title="bbox 511 1915 2082 1991; baseline -0.006 -13"><span class='ocrx_word' id='word_1_122' title='bbox 511 1924 822 1990; x_wconf 78' lang='lat' dir='ltr'><strong>Quinetiam</strong></span> <span class='ocrx_word' id='word_1_123' title='bbox 856 1922 1136 1991; x_wconf 81' lang='lat' dir='ltr'><strong>magister,</strong></span> <span class='ocrx_word' id='word_1_124' title='bbox 1185 1922 1455 1976; x_wconf 88' lang='lat' dir='ltr'><strong>Belisario</strong></span> <span class='ocrx_word' id='word_1_125' title='bbox 1486 1918 1625 1988; x_wconf 84' lang='lat' dir='ltr'><strong>(qui</strong></span> <span class='ocrx_word' id='word_1_126' title='bbox 1664 1918 1907 1982; x_wconf 72' lang='lat' dir='ltr'><strong>Sunicm,</strong></span> <span class='ocrx_word' id='word_1_127' title='bbox 1939 1915 2082 1984; x_wconf 84' lang='lat' dir='ltr'><strong>quod</strong></span> 
     </span>
    </p>
   </div>
   <div class='ocr_carea' id='block_1_23' title="bbox 513 2004 2084 2081">
    <p class='ocr_par' dir='ltr' id='par_1_23' title="bbox 513 2004 2084 2081">
     <span class='ocr_line' id='line_1_23' title="bbox 513 2004 2084 2081; baseline -0.007 -14"><span class='ocrx_word' id='word_1_128' title='bbox 513 2014 710 2069; x_wconf 84' lang='lat' dir='ltr'><strong>Persas</strong></span> <span class='ocrx_word' id='word_1_129' title='bbox 769 2012 1012 2081; x_wconf 74' lang='lat' dir='ltr'><strong>iniussus</strong></span> <span class='ocrx_word' id='word_1_130' title='bbox 1057 2010 1282 2064; x_wconf 86' lang='lat' dir='ltr'><strong>adortus</strong></span> <span class='ocrx_word' id='word_1_131' title='bbox 1333 2009 1533 2063; x_wconf 78' lang='lat' dir='ltr'><strong>fuisset</strong></span> <span class='ocrx_word' id='word_1_132' title='bbox 1587 2004 1993 2075; x_wconf 85' lang='lat' dir='ltr'><strong>irascebatur),</strong></span> <span class='ocrx_word' id='word_1_133' title='bbox 2030 2006 2084 2056; x_wconf 90' lang='lat' dir='ltr'><strong>in</strong></span> 
     </span>
    </p>
   </div>
   <div class='ocr_carea' id='block_1_24' title="bbox 512 2096 2086 2171">
    <p class='ocr_par' dir='ltr' id='par_1_24' title="bbox 512 2096 2086 2171">
     <span class='ocr_line' id='line_1_24' title="bbox 512 2096 2086 2171; baseline -0.006 -13"><span class='ocrx_word' id='word_1_134' title='bbox 512 2118 681 2160; x_wconf 69' lang='lat' dir='ltr'><strong>causa</strong></span> <span class='ocrx_word' id='word_1_135' title='bbox 726 2102 827 2156; x_wconf 78' lang='lat' dir='ltr'><strong>fuit</strong></span> <span class='ocrx_word' id='word_1_136' title='bbox 849 2143 863 2166; x_wconf 95' lang='lat'><strong>,</strong></span> <span class='ocrx_word' id='word_1_137' title='bbox 917 2109 979 2156; x_wconf 90' lang='lat' dir='ltr'><strong>ut</strong></span> <span class='ocrx_word' id='word_1_138' title='bbox 1009 2103 1063 2155; x_wconf 89' lang='lat' dir='ltr'><strong>in</strong></span> <span class='ocrx_word' id='word_1_139' title='bbox 1104 2101 1336 2171; x_wconf 78' lang='lat' dir='ltr'><strong>gratiam</strong></span> <span class='ocrx_word' id='word_1_140' title='bbox 1370 2112 1494 2153; x_wconf 89' lang='lat' dir='ltr'><strong>cum</strong></span> <span class='ocrx_word' id='word_1_141' title='bbox 1527 2113 1594 2153; x_wconf 90' lang='lat' dir='ltr'><strong>eo</strong></span> <span class='ocrx_word' id='word_1_142' title='bbox 1622 2097 1858 2163; x_wconf 90' lang='lat' dir='ltr'><strong>rediret;</strong></span> <span class='ocrx_word' id='word_1_143' title='bbox 1891 2096 2086 2150; x_wconf 85' lang='lat' dir='ltr'><strong>Persas</strong></span> 
     </span>
    </p>
   </div>
   <div class='ocr_carea' id='block_1_25' title="bbox 512 2187 2089 2263">
    <p class='ocr_par' dir='ltr' id='par_1_25' title="bbox 512 2187 2089 2263">
     <span class='ocr_line' id='line_1_25' title="bbox 512 2187 2089 2263; baseline -0.007 -11"><span class='ocrx_word' id='word_1_144' title='bbox 512 2196 677 2252; x_wconf 86' lang='lat' dir='ltr'><strong>simul</strong></span> <span class='ocrx_word' id='word_1_145' title='bbox 734 2202 927 2249; x_wconf 85' lang='lat' dir='ltr'><strong>omnes</strong></span> <span class='ocrx_word' id='word_1_146' title='bbox 985 2194 1203 2263; x_wconf 76' lang='lat' dir='ltr'><strong>aggredi</strong></span> <span class='ocrx_word' id='word_1_147' title='bbox 1254 2193 1531 2246; x_wconf 81' lang='lat' dir='ltr'><strong>hortatus.</strong></span> <span class='ocrx_word' id='word_1_148' title='bbox 1582 2192 1854 2245; x_wconf 78' lang='lat' dir='ltr'><strong>Caeterum</strong></span> <span class='ocrx_word' id='word_1_149' title='bbox 1905 2187 2089 2243; x_wconf 73' lang='lat' dir='ltr'><strong>Persa:</strong></span> 
     </span>
    </p>
   </div>
   <div class='ocr_carea' id='block_1_26' title="bbox 506 2281 2089 2359">
    <p class='ocr_par' dir='ltr' id='par_1_26' title="bbox 506 2281 2089 2359">
     <span class='ocr_line' id='line_1_26' title="bbox 506 2281 2089 2359; baseline -0.006 -16"><span class='ocrx_word' id='word_1_150' title='bbox 506 2289 620 2359; x_wconf 86' lang='lat' dir='ltr'><strong>jam</strong></span> <span class='ocrx_word' id='word_1_151' title='bbox 652 2286 942 2341; x_wconf 79' lang='lat' dir='ltr'><strong>Saracenis</strong></span> <span class='ocrx_word' id='word_1_152' title='bbox 969 2285 1092 2340; x_wconf 86' lang='lat' dir='ltr'><strong>suis</strong></span> <span class='ocrx_word' id='word_1_153' title='bbox 1122 2286 1304 2339; x_wconf 90' lang='lat' dir='ltr'><strong>vicum</strong></span> <span class='ocrx_word' id='word_1_154' title='bbox 1341 2285 1506 2345; x_wconf 88' lang='lat' dir='ltr'><strong>inter,</strong></span> <span class='ocrx_word' id='word_1_155' title='bbox 1549 2296 1715 2352; x_wconf 83' lang='lat' dir='ltr'><strong>quem</strong></span> <span class='ocrx_word' id='word_1_156' title='bbox 1756 2281 2089 2337; x_wconf 85' lang='lat' dir='ltr'><strong>Beselathon</strong></span> 
     </span>
    </p>
   </div>
   <div class='ocr_carea' id='block_1_27' title="bbox 509 2372 2087 2446">
    <p class='ocr_par' dir='ltr' id='par_1_27' title="bbox 509 2372 2087 2446">
     <span class='ocr_line' id='line_1_27' title="bbox 509 2372 2087 2446; baseline -0.005 -12"><span class='ocrx_word' id='word_1_157' title='bbox 509 2386 798 2434; x_wconf 79' lang='lat' dir='ltr'><strong>vocantet</strong></span> <span class='ocrx_word' id='word_1_158' title='bbox 846 2376 1089 2439; x_wconf 81' lang='lat' dir='ltr'><strong>Batnas,</strong></span> <span class='ocrx_word' id='word_1_159' title='bbox 1146 2387 1378 2446; x_wconf 65' lang='lat' dir='ltr'><strong>quaeque</strong></span> <span class='ocrx_word' id='word_1_160' title='bbox 1429 2375 1831 2442; x_wconf 74' lang='lat' dir='ltr'><strong>circumiacent</strong></span> <span class='ocrx_word' id='word_1_161' title='bbox 1888 2372 2087 2436; x_wconf 86' lang='lat' dir='ltr'><strong>urbes,</strong></span> 
     </span>
    </p>
   </div>
   <div class='ocr_carea' id='block_1_28' title="bbox 509 2462 2093 2536">
    <p class='ocr_par' dir='ltr' id='par_1_28' title="bbox 509 2462 2093 2536">
     <span class='ocr_line' id='line_1_28' title="bbox 509 2462 2093 2536; baseline -0.006 -11"><span class='ocrx_word' id='word_1_162' title='bbox 509 2469 678 2524; x_wconf 87' lang='lat' dir='ltr'><strong>medii</strong></span> <span class='ocrx_word' id='word_1_163' title='bbox 711 2483 739 2520; x_wconf 88' lang='lat' dir='ltr'><strong>a</strong></span> <span class='ocrx_word' id='word_1_164' title='bbox 768 2466 1033 2521; x_wconf 81' lang='lat' dir='ltr'><strong>Rbmanis</strong></span> <span class='ocrx_word' id='word_1_165' title='bbox 1077 2467 1353 2536; x_wconf 85' lang='lat' dir='ltr'><strong>occupati,</strong></span> <span class='ocrx_word' id='word_1_166' title='bbox 1406 2465 1711 2529; x_wconf 85' lang='lat' dir='ltr'><strong>machinis,</strong></span> <span class='ocrx_word' id='word_1_167' title='bbox 1738 2478 1885 2533; x_wconf 81' lang='lat' dir='ltr'><strong>quas</strong></span> <span class='ocrx_word' id='word_1_168' title='bbox 1920 2462 2093 2517; x_wconf 81' lang='lat' dir='ltr'><strong>fabri-</strong></span> 
     </span>
    </p>
   </div>
   <div class='ocr_carea' id='block_1_29' title="bbox 510 2552 2090 2625">
    <p class='ocr_par' dir='ltr' id='par_1_29' title="bbox 510 2552 2090 2625">
     <span class='ocr_line' id='line_1_29' title="bbox 510 2552 2090 2625; baseline -0.007 -12"><span class='ocrx_word' id='word_1_169' title='bbox 510 2564 711 2613; x_wconf 85' lang='lat' dir='ltr'><strong>carunt</strong></span> <span class='ocrx_word' id='word_1_170' title='bbox 747 2556 887 2617; x_wconf 86' lang='lat' dir='ltr'><strong>sibi,</strong></span> <span class='ocrx_word' id='word_1_171' title='bbox 923 2554 1150 2625; x_wconf 75' lang='lat' dir='ltr'><strong>ligneis,</strong></span> <span class='ocrx_word' id='word_1_172' title='bbox 1185 2554 1465 2623; x_wconf 71' lang='lat' dir='ltr'><strong>perfossor.</strong></span> <span class='ocrx_word' id='word_1_173' title='bbox 1489 2552 1868 2606; x_wconf 85' lang='lat' dir='ltr'><strong>Gabbnlorum</strong></span> <span class='ocrx_word' id='word_1_174' title='bbox 1902 2562 2090 2602; x_wconf 90' lang='lat' dir='ltr'><strong>muros</strong></span> 
     </span>
    </p>
   </div>
   <div class='ocr_carea' id='block_1_30' title="bbox 511 2638 2090 2708">
    <p class='ocr_par' dir='ltr' id='par_1_30' title="bbox 511 2638 2090 2708">
     <span class='ocr_line' id='line_1_30' title="bbox 511 2638 2090 2708; baseline -0.008 -5"><span class='ocrx_word' id='word_1_175' title='bbox 511 2652 868 2704; x_wconf 81' lang='lat' dir='ltr'><strong>everterunt:</strong></span> <span class='ocrx_word' id='word_1_176' title='bbox 925 2654 1041 2697; x_wconf 91' lang='lat' dir='ltr'><strong>tum</strong></span> <span class='ocrx_word' id='word_1_177' title='bbox 1112 2658 1245 2698; x_wconf 83' lang='lat' dir='ltr'><strong>vero</strong></span> <span class='ocrx_word' id='word_1_178' title='bbox 1305 2645 1698 2708; x_wconf 74' lang='lat' dir='ltr'><strong>irruinpentes,</strong></span> <span class='ocrx_word' id='word_1_179' title='bbox 1756 2638 1953 2693; x_wconf 89' lang='lat' dir='ltr'><strong>obvios</strong></span> <span class='ocrx_word' id='word_1_180' title='bbox 2017 2638 2090 2692; x_wconf 90' lang='lat' dir='ltr'><strong>ibi</strong></span> 
     </span>
    </p>
   </div>
   <div class='ocr_carea' id='block_1_31' title="bbox 512 2732 2089 2810">
    <p class='ocr_par' dir='ltr' id='par_1_31' title="bbox 512 2732 2089 2810">
     <span class='ocr_line' id='line_1_31' title="bbox 512 2732 2089 2810; baseline -0.006 -17"><span class='ocrx_word' id='word_1_181' title='bbox 512 2754 765 2810; x_wconf 85' lang='lat' dir='ltr'><strong>quosque</strong></span> <span class='ocrx_word' id='word_1_182' title='bbox 805 2734 1246 2796; x_wconf 78' lang='lat' dir='ltr'><strong>interfecerunt,</strong></span> <span class='ocrx_word' id='word_1_183' title='bbox 1304 2735 1387 2788; x_wconf 86' lang='lat' dir='ltr'><strong>vel</strong></span> <span class='ocrx_word' id='word_1_184' title='bbox 1441 2733 1691 2801; x_wconf 85' lang='lat' dir='ltr'><strong>captivos</strong></span> <span class='ocrx_word' id='word_1_185' title='bbox 1744 2732 2089 2784; x_wconf 87' lang='lat' dir='ltr'><strong>habuerunt.</strong></span> 
     </span>
    </p>
   </div>
   <div class='ocr_carea' id='block_1_32' title="bbox 515 2819 2090 2897">
    <p class='ocr_par' dir='ltr' id='par_1_32' title="bbox 515 2819 2090 2897">
     <span class='ocr_line' id='line_1_32' title="bbox 515 2819 2090 2897; baseline -0.005 -16"><span class='ocrx_word' id='word_1_186' title='bbox 515 2822 660 2895; x_wconf 80' lang='lat' dir='ltr'><strong>Quin</strong></span> <span class='ocrx_word' id='word_1_187' title='bbox 688 2828 742 2880; x_wconf 87' lang='lat' dir='ltr'><strong>et</strong></span> <span class='ocrx_word' id='word_1_188' title='bbox 774 2841 839 2881; x_wconf 84' lang='lat' dir='ltr'><strong>ex</strong></span> <span class='ocrx_word' id='word_1_189' title='bbox 873 2825 1061 2881; x_wconf 84' lang='lat' dir='ltr'><strong>subito</strong></span> <span class='ocrx_word' id='word_1_190' title='bbox 1106 2823 1271 2878; x_wconf 82' lang='lat' dir='ltr'><strong>factis</strong></span> <span class='ocrx_word' id='word_1_191' title='bbox 1305 2821 1742 2882; x_wconf 85' lang='lat' dir='ltr'><strong>incursionibus,</strong></span> <span class='ocrx_word' id='word_1_192' title='bbox 1782 2819 1901 2897; x_wconf 74' lang='lat' dir='ltr'><strong>lora</strong></span> <span class='ocrx_word' id='word_1_193' title='bbox 1926 2821 2090 2873; x_wconf 89' lang='lat' dir='ltr'><strong>etiam</strong></span> 
     </span>
    </p>
   </div>
   <div class='ocr_carea' id='block_1_33' title="bbox 514 2920 1015 2987">
    <p class='ocr_par' dir='ltr' id='par_1_33' title="bbox 514 2920 1015 2987">
     <span class='ocr_line' id='line_1_33' title="bbox 514 2920 1015 2987; baseline -0.008 -14"><span class='ocrx_word' id='word_1_194' title='bbox 514 2920 622 2973; x_wconf 87' lang='lat' dir='ltr'><strong>alia</strong></span> <span class='ocrx_word' id='word_1_195' title='bbox 650 2925 1015 2987; x_wconf 81' lang='lat' dir='ltr'><strong>occuparunt.</strong></span> 
     </span>
    </p>
   </div>
   <div class='ocr_carea' id='block_1_34' title="bbox 2186 454 3765 530">
    <p class='ocr_par' dir='ltr' id='par_1_34' title="bbox 2186 454 3765 530">
     <span class='ocr_line' id='line_1_34' title="bbox 2186 454 3765 530; baseline 0.004 -20"><span class='ocrx_word' id='word_1_196' title='bbox 2186 471 2348 526; x_wconf 82' lang='grc' dir='ltr'>μενον</span> <span class='ocrx_word' id='word_1_197' title='bbox 2378 454 2491 526; x_wconf 74' lang='lat' dir='ltr'><strong>(l2)</strong></span> <span class='ocrx_word' id='word_1_198' title='bbox 2523 456 2617 509; x_wconf 80' lang='grc' dir='ltr'><strong>καὶ</strong></span> <span class='ocrx_word' id='word_1_199' title='bbox 2648 456 2845 527; x_wconf 83' lang='grc' dir='ltr'>μικρὸν</span> <span class='ocrx_word' id='word_1_200' title='bbox 2873 457 3139 527; x_wconf 79' lang='grc' dir='ltr'>ποταμὸν,</span> <span class='ocrx_word' id='word_1_201' title='bbox 3168 459 3264 512; x_wconf 79' lang='grc' dir='ltr'><strong>καὶ</strong></span> <span class='ocrx_word' id='word_1_202' title='bbox 3287 460 3623 530; x_wconf 75' lang='grc' dir='ltr'><strong>ποιήσαντες</strong></span> <span class='ocrx_word' id='word_1_203' title='bbox 3648 464 3765 516; x_wconf 76' lang='grc' dir='ltr'>ἐκεῖ</span> 
     </span>
    </p>
   </div>
   <div class='ocr_carea' id='block_1_35' title="bbox 2183 548 3767 622">
    <p class='ocr_par' dir='ltr' id='par_1_35' title="bbox 2183 548 3767 622">
     <span class='ocr_line' id='line_1_35' title="bbox 2183 548 3767 622; baseline 0.003 -22"><span class='ocrx_word' id='word_1_204' title='bbox 2183 549 2454 617; x_wconf 83' lang='grc' dir='ltr'>φοσσᾶτον</span> <span class='ocrx_word' id='word_1_205' title='bbox 2485 548 2821 619; x_wconf 85' lang='grc' dir='ltr'>ἑσκόρπισαν</span> <span class='ocrx_word' id='word_1_206' title='bbox 2852 549 3011 620; x_wconf 85' lang='grc' dir='ltr'>πέριξ</span> <span class='ocrx_word' id='word_1_207' title='bbox 3041 548 3138 602; x_wconf 80' lang='grc' dir='ltr'><strong>τοῦ</strong></span> <span class='ocrx_word' id='word_1_208' title='bbox 3164 550 3440 619; x_wconf 84' lang='grc' dir='ltr'>φοσσάτου</span> <span class='ocrx_word' id='word_1_209' title='bbox 3480 551 3767 622; x_wconf 78' lang='grc' dir='ltr'>τριϐόλους</span> 
     </span>
    </p>
   </div>
   <div class='ocr_carea' id='block_1_36' title="bbox 2183 637 3769 712">
    <p class='ocr_par' dir='ltr' id='par_1_36' title="bbox 2183 637 3769 712">
     <span class='ocr_line' id='line_1_36' title="bbox 2183 637 3769 712; baseline 0.003 -20"><span class='ocrx_word' id='word_1_210' title='bbox 2183 638 2437 711; x_wconf 79' lang='grc' dir='ltr'><strong>σιδηροῦς</strong></span> <span class='ocrx_word' id='word_1_211' title='bbox 2487 637 2627 711; x_wconf 82' lang='grc'><strong>(15)</strong></span> <span class='ocrx_word' id='word_1_212' title='bbox 2675 639 2769 693; x_wconf 72' lang='grc' dir='ltr'>ἑπὶ</span> <span class='ocrx_word' id='word_1_213' title='bbox 2825 640 2962 694; x_wconf 85' lang='grc' dir='ltr'>πολὺ</span> <span class='ocrx_word' id='word_1_214' title='bbox 3009 640 3322 711; x_wconf 84' lang='grc' dir='ltr'>διάστημα,</span> <span class='ocrx_word' id='word_1_215' title='bbox 3368 641 3498 712; x_wconf 89' lang='grc' dir='ltr'>μίαν</span> <span class='ocrx_word' id='word_1_216' title='bbox 3552 643 3769 706; x_wconf 81' lang='grc' dir='ltr'>ἑαυτοῖς</span> 
     </span>
    </p>
   </div>
   <div class='ocr_carea' id='block_1_37' title="bbox 2182 731 3770 796">
    <p class='ocr_par' dir='ltr' id='par_1_37' title="bbox 2182 731 3770 796">
     <span class='ocr_line' id='line_1_37' title="bbox 2182 731 3770 796; baseline 0.002 -11"><span class='ocrx_word' id='word_1_217' title='bbox 2182 734 2449 795; x_wconf 78' lang='grc' dir='ltr'><strong>ἐάσαντες</strong></span> <span class='ocrx_word' id='word_1_218' title='bbox 2477 732 2705 786; x_wconf 85' lang='grc' dir='ltr'>είσοδον.</span> <span class='ocrx_word' id='word_1_219' title='bbox 2736 731 2847 785; x_wconf 75' lang='grc' dir='ltr'>Καὶ</span> <span class='ocrx_word' id='word_1_220' title='bbox 2878 732 3126 796; x_wconf 77' lang='grc' dir='ltr'><strong>ἐλθόντος</strong></span> <span class='ocrx_word' id='word_1_221' title='bbox 3158 732 3386 787; x_wconf 77' lang='grc' dir='ltr'>ὄπισθεν</span> <span class='ocrx_word' id='word_1_222' title='bbox 3431 735 3616 786; x_wconf 83' lang='grc' dir='ltr'>αὐτῶν</span> <span class='ocrx_word' id='word_1_223' title='bbox 3646 736 3770 788; x_wconf 81' lang='grc' dir='ltr'>Σου-</span> 
     </span>
    </p>
   </div>
   <div class='ocr_carea' id='block_1_38' title="bbox 2183 822 3772 899">
    <p class='ocr_par' dir='ltr' id='par_1_38' title="bbox 2183 822 3772 899">
     <span class='ocr_line' id='line_1_38' title="bbox 2183 822 3772 899; baseline 0.001 -22"><span class='ocrx_word' id='word_1_224' title='bbox 2183 826 2310 878; x_wconf 92' lang='grc' dir='ltr'>νίκα</span> <span class='ocrx_word' id='word_1_225' title='bbox 2334 822 2429 878; x_wconf 79' lang='grc' dir='ltr'>τοῦ</span> <span class='ocrx_word' id='word_1_226' title='bbox 2455 824 2651 887; x_wconf 85' lang='grc' dir='ltr'>δουκὸς</span> <span class='ocrx_word' id='word_1_227' title='bbox 2680 823 2821 895; x_wconf 84' lang='grc' dir='ltr'>μετὰ</span> <span class='ocrx_word' id='word_1_228' title='bbox 2848 823 3104 893; x_wconf 84' lang='grc' dir='ltr'>χιλιάδων</span> <span class='ocrx_word' id='word_1_229' title='bbox 3134 822 3439 897; x_wconf 82' lang='grc' dir='ltr'><strong>τεσσάρων,</strong></span> <span class='ocrx_word' id='word_1_230' title='bbox 3473 826 3570 878; x_wconf 78' lang='grc' dir='ltr'>καὶ</span> <span class='ocrx_word' id='word_1_231' title='bbox 3603 829 3663 879; x_wconf 87' lang='grc' dir='ltr'><strong>εὐ</strong></span> <span class='ocrx_word' id='word_1_232' title='bbox 3674 845 3772 899; x_wconf 85' lang='grc' dir='ltr'>ρη-</span> 
     </span>
    </p>
   </div>
   <div class='ocr_carea' id='block_1_39' title="bbox 2184 916 3773 989">
    <p class='ocr_par' dir='ltr' id='par_1_39' title="bbox 2184 916 3773 989">
     <span class='ocr_line' id='line_1_39' title="bbox 2184 916 3773 989; baseline 0 -20"><span class='ocrx_word' id='word_1_233' title='bbox 2184 916 2298 979; x_wconf 87' lang='grc' dir='ltr'><strong>κώς</strong></span> <span class='ocrx_word' id='word_1_234' title='bbox 2323 933 2477 979; x_wconf 89' lang='grc' dir='ltr'>τινας</span> <span class='ocrx_word' id='word_1_235' title='bbox 2505 918 2569 969; x_wconf 87' lang='grc' dir='ltr'><strong>ἑκ</strong></span> <span class='ocrx_word' id='word_1_236' title='bbox 2585 917 2693 969; x_wconf 84' lang='grc' dir='ltr'><strong>τῶν</strong></span> <span class='ocrx_word' id='word_1_237' title='bbox 2715 916 2940 989; x_wconf 84' lang='grc' dir='ltr'>Περσῶν</span> <span class='ocrx_word' id='word_1_238' title='bbox 2970 916 3065 969; x_wconf 76' lang='grc' dir='ltr'><strong>καὶ</strong></span> <span class='ocrx_word' id='word_1_239' title='bbox 3083 916 3421 988; x_wconf 85' lang='grc' dir='ltr'>Σαρακηνῶν</span> <span class='ocrx_word' id='word_1_240' title='bbox 3439 917 3773 986; x_wconf 80' lang='grc' dir='ltr'>πραιδεύον-</span> 
     </span>
    </p>
   </div>
   <div class='ocr_carea' id='block_1_40' title="bbox 2184 1007 3772 1079">
    <p class='ocr_par' dir='ltr' id='par_1_40' title="bbox 2184 1007 3772 1079">
     <span class='ocr_line' id='line_1_40' title="bbox 2184 1007 3772 1079; baseline 0.003 -19"><span class='ocrx_word' id='word_1_241' title='bbox 2184 1024 2281 1070; x_wconf 91' lang='grc' dir='ltr'><strong>τας</strong></span> <span class='ocrx_word' id='word_1_242' title='bbox 2323 1008 2394 1059; x_wconf 83' lang='grc' dir='ltr'><strong>τά</strong></span> <span class='ocrx_word' id='word_1_243' title='bbox 2445 1007 2835 1078; x_wconf 78' lang='grc' dir='ltr'><strong>παρακείμενα</strong></span> <span class='ocrx_word' id='word_1_244' title='bbox 2880 1007 3076 1079; x_wconf 89' lang='grc' dir='ltr'>χωρία,</span> <span class='ocrx_word' id='word_1_245' title='bbox 3112 1009 3205 1061; x_wconf 73' lang='grc' dir='ltr'><strong>καὶ</strong></span> <span class='ocrx_word' id='word_1_246' title='bbox 3234 1008 3603 1076; x_wconf 83' lang='grc' dir='ltr'>καταδιώξας,</span> <span class='ocrx_word' id='word_1_247' title='bbox 3637 1011 3772 1079; x_wconf 48' lang='lat' dir='ltr'><strong>savo-</strong></span> 
     </span>
    </p>
   </div>
   <div class='ocr_carea' id='block_1_41' title="bbox 2184 1098 3772 1171">
    <p class='ocr_par' dir='ltr' id='par_1_41' title="bbox 2184 1098 3772 1171">
     <span class='ocr_line' id='line_1_41' title="bbox 2184 1098 3772 1171; baseline 0.002 -19"><span class='ocrx_word' id='word_1_248' title='bbox 2184 1116 2374 1152; x_wconf 93' lang='grc' dir='ltr'>νευσεν</span> <span class='ocrx_word' id='word_1_249' title='bbox 2409 1098 2470 1164; x_wconf 88' lang='grc' dir='ltr'><strong>ἑξ</strong></span> <span class='ocrx_word' id='word_1_250' title='bbox 2495 1098 2675 1152; x_wconf 84' lang='grc' dir='ltr'>αὐτῶν</span> <span class='ocrx_word' id='word_1_251' title='bbox 2705 1098 2943 1167; x_wconf 78' lang='grc' dir='ltr'><strong>ὀλίγους,</strong></span> <span class='ocrx_word' id='word_1_252' title='bbox 2973 1099 3376 1171; x_wconf 76' lang='grc' dir='ltr'>συλλαϐόμενος</span> <span class='ocrx_word' id='word_1_253' title='bbox 3405 1101 3502 1154; x_wconf 87' lang='grc' dir='ltr'>καί</span> <span class='ocrx_word' id='word_1_254' title='bbox 3526 1118 3685 1165; x_wconf 86' lang='grc' dir='ltr'>τινας</span> <span class='ocrx_word' id='word_1_255' title='bbox 3710 1102 3772 1166; x_wconf 82' lang='grc' dir='ltr'><strong>ἑξ</strong></span> 
     </span>
    </p>
   </div>
   <div class='ocr_carea' id='block_1_42' title="bbox 2184 1190 3771 1264">
    <p class='ocr_par' dir='ltr' id='par_1_42' title="bbox 2184 1190 3771 1264">
     <span class='ocr_line' id='line_1_42' title="bbox 2184 1190 3771 1264; baseline -0.001 -17"><span class='ocrx_word' id='word_1_256' title='bbox 2184 1192 2366 1247; x_wconf 86' lang='grc' dir='ltr'>αὐτῶν</span> <span class='ocrx_word' id='word_1_257' title='bbox 2385 1209 2400 1223; x_wconf 85' lang='grc'><strong>·</strong></span> <span class='ocrx_word' id='word_1_258' title='bbox 2429 1190 2684 1255; x_wconf 79' lang='grc' dir='ltr'>οὕστινας</span> <span class='ocrx_word' id='word_1_259' title='bbox 2708 1190 2974 1257; x_wconf 75' lang='grc' dir='ltr'>ἐξετάσας</span> <span class='ocrx_word' id='word_1_260' title='bbox 2996 1191 3043 1226; x_wconf 77' lang='grc'><strong>⁸⁸</strong></span> <span class='ocrx_word' id='word_1_261' title='bbox 3069 1191 3241 1263; x_wconf 79' lang='grc' dir='ltr'>ἔμαθε</span> <span class='ocrx_word' id='word_1_262' title='bbox 3266 1193 3398 1263; x_wconf 76' lang='grc' dir='ltr'>περὶ</span> <span class='ocrx_word' id='word_1_263' title='bbox 3428 1193 3541 1248; x_wconf 84' lang='grc' dir='ltr'><strong>τῶν</strong></span> <span class='ocrx_word' id='word_1_264' title='bbox 3572 1192 3771 1264; x_wconf 76' lang='grc' dir='ltr'>βεϐου-</span> 
     </span>
    </p>
   </div>
   <div class='ocr_carea' id='block_1_43' title="bbox 2184 1282 2488 1355">
    <p class='ocr_par' dir='ltr' id='par_1_43' title="bbox 2184 1282 2488 1355">
     <span class='ocr_line' id='line_1_43' title="bbox 2184 1282 2488 1355; baseline 0.007 -19"><span class='ocrx_word' id='word_1_265' title='bbox 2184 1282 2278 1337; x_wconf 89' lang='grc' dir='ltr'><strong>λευ</strong></span> <span class='ocrx_word' id='word_1_266' title='bbox 2287 1283 2488 1355; x_wconf 88' lang='grc' dir='ltr'>μένων.</span> 
     </span>
    </p>
   </div>
   <div class='ocr_carea' id='block_1_44' title="bbox 2234 1370 3773 1445">
    <p class='ocr_par' dir='ltr' id='par_1_44' title="bbox 2234 1370 3773 1445">
     <span class='ocr_line' id='line_1_44' title="bbox 2234 1370 3773 1445; baseline -0.001 -18"><span class='ocrx_word' id='word_1_267' title='bbox 2234 1392 2247 1404; x_wconf 62' lang='grc' dir='ltr'>ι</span> <span class='ocrx_word' id='word_1_268' title='bbox 2269 1375 2328 1427; x_wconf 90' lang='lat'><strong>&#39;0</strong></span> <span class='ocrx_word' id='word_1_269' title='bbox 2357 1374 2413 1428; x_wconf 86' lang='grc' dir='ltr'>δὲ</span> <span class='ocrx_word' id='word_1_270' title='bbox 2444 1374 2746 1444; x_wconf 86' lang='grc' dir='ltr'>μάγιστρος</span> <span class='ocrx_word' id='word_1_271' title='bbox 2780 1370 3071 1442; x_wconf 88' lang='grc' dir='ltr'>Ῥωμαίων</span> <span class='ocrx_word' id='word_1_272' title='bbox 3100 1370 3431 1426; x_wconf 78' lang='grc' dir='ltr'>καταλαϐὼν</span> <span class='ocrx_word' id='word_1_273' title='bbox 3460 1371 3561 1445; x_wconf 76' lang='grc' dir='ltr'>τὴν</span> <span class='ocrx_word' id='word_1_274' title='bbox 3598 1372 3773 1444; x_wconf 88' lang='grc' dir='ltr'>Ἰερά-</span> 
     </span>
    </p>
   </div>
   <div class='ocr_carea' id='block_1_45' title="bbox 2184 1456 3772 1534">
    <p class='ocr_par' dir='ltr' id='par_1_45' title="bbox 2184 1456 3772 1534">
     <span class='ocr_line' id='line_1_45' title="bbox 2184 1456 3772 1534; baseline -0.003 -14"><span class='ocrx_word' id='word_1_275' title='bbox 2184 1466 2361 1532; x_wconf 81' lang='grc' dir='ltr'>πολιν,</span> <span class='ocrx_word' id='word_1_276' title='bbox 2401 1465 2500 1519; x_wconf 71' lang='grc' dir='ltr'>καὶ</span> <span class='ocrx_word' id='word_1_277' title='bbox 2541 1460 2728 1534; x_wconf 85' lang='grc' dir='ltr'>μαθὼν</span> <span class='ocrx_word' id='word_1_278' title='bbox 2759 1462 2843 1515; x_wconf 84' lang='grc' dir='ltr'><strong>ὅτι</strong></span> <span class='ocrx_word' id='word_1_279' title='bbox 2887 1462 2968 1524; x_wconf 79' lang='grc' dir='ltr'>είς</span> <span class='ocrx_word' id='word_1_280' title='bbox 3008 1461 3078 1514; x_wconf 89' lang='grc' dir='ltr'><strong>τά</strong></span> <span class='ocrx_word' id='word_1_281' title='bbox 3121 1456 3406 1532; x_wconf 79' lang='grc' dir='ltr'>Ῥωμαῖκά</span> <span class='ocrx_word' id='word_1_282' title='bbox 3445 1464 3772 1532; x_wconf 74' lang='grc' dir='ltr'>ἐσκήνωσαν</span> 
     </span>
    </p>
   </div>
   <div class='ocr_carea' id='block_1_46' title="bbox 2183 1548 3772 1627">
    <p class='ocr_par' dir='ltr' id='par_1_46' title="bbox 2183 1548 3772 1627">
     <span class='ocr_line' id='line_1_46' title="bbox 2183 1548 3772 1627; baseline -0.002 -16"><span class='ocrx_word' id='word_1_283' title='bbox 2183 1561 2233 1612; x_wconf 82' lang='lat' dir='ltr'><strong>oi</strong></span> <span class='ocrx_word' id='word_1_284' title='bbox 2251 1558 2478 1627; x_wconf 82' lang='grc' dir='ltr'>Πέρσαι.</span> <span class='ocrx_word' id='word_1_285' title='bbox 2495 1548 2730 1620; x_wconf 70' lang='grc' dir='ltr'>ἐξελθὼν</span> <span class='ocrx_word' id='word_1_286' title='bbox 2746 1555 2881 1627; x_wconf 79' lang='grc' dir='ltr'>πρὸς</span> <span class='ocrx_word' id='word_1_287' title='bbox 2902 1552 3386 1626; x_wconf 68' lang='grc' dir='ltr'><strong>[2θ113ελισάριον</strong></span> <span class='ocrx_word' id='word_1_288' title='bbox 3406 1554 3452 1623; x_wconf 86' lang='lat' dir='ltr'><strong>(i</strong></span> <span class='ocrx_word' id='word_1_289' title='bbox 3464 1554 3515 1626; x_wconf 64' lang='grc'><strong>4)</strong></span> <span class='ocrx_word' id='word_1_290' title='bbox 3539 1555 3772 1626; x_wconf 82' lang='grc' dir='ltr'>πλησίον</span> 
     </span>
    </p>
   </div>
   <div class='ocr_carea' id='block_1_47' title="bbox 2184 1634 3774 1719">
    <p class='ocr_par' dir='ltr' id='par_1_47' title="bbox 2184 1634 3774 1719">
     <span class='ocr_line' id='line_1_47' title="bbox 2184 1634 3774 1719; baseline -0.004 -15"><span class='ocrx_word' id='word_1_291' title='bbox 2184 1649 2311 1704; x_wconf 75' lang='grc' dir='ltr'>ὄντα</span> <span class='ocrx_word' id='word_1_292' title='bbox 2330 1649 2443 1702; x_wconf 82' lang='grc' dir='ltr'><strong>τῶν</strong></span> <span class='ocrx_word' id='word_1_293' title='bbox 2456 1647 2682 1719; x_wconf 80' lang='grc' dir='ltr'>Περσῶν</span> <span class='ocrx_word' id='word_1_294' title='bbox 2711 1634 2848 1716; x_wconf 81' lang='grc' dir='ltr'><strong>μετά</strong></span> <span class='ocrx_word' id='word_1_295' title='bbox 2873 1646 3145 1715; x_wconf 80' lang='grc' dir='ltr'><strong>Στεφάνου</strong></span> <span class='ocrx_word' id='word_1_296' title='bbox 3167 1647 3261 1699; x_wconf 76' lang='grc' dir='ltr'><strong>καὶ</strong></span> <span class='ocrx_word' id='word_1_297' title='bbox 3279 1645 3498 1715; x_wconf 76' lang='grc' dir='ltr'>Ἂψκαλ</span> <span class='ocrx_word' id='word_1_298' title='bbox 3523 1644 3774 1717; x_wconf 77' lang='grc' dir='ltr'>ἐξάρχων</span> 
     </span>
    </p>
   </div>
   <div class='ocr_carea' id='block_1_48' title="bbox 2187 1737 3777 1812">
    <p class='ocr_par' dir='ltr' id='par_1_48' title="bbox 2187 1737 3777 1812">
     <span class='ocr_line' id='line_1_48' title="bbox 2187 1737 3777 1812; baseline -0.004 -16"><span class='ocrx_word' id='word_1_299' title='bbox 2187 1744 2281 1796; x_wconf 70' lang='grc' dir='ltr'><strong>καὶ</strong></span> <span class='ocrx_word' id='word_1_300' title='bbox 2308 1742 2495 1812; x_wconf 83' lang='grc' dir='ltr'>Σίμμα</span> <span class='ocrx_word' id='word_1_301' title='bbox 2526 1739 2623 1793; x_wconf 76' lang='grc' dir='ltr'><strong>τοῦ</strong></span> <span class='ocrx_word' id='word_1_302' title='bbox 2656 1738 2845 1802; x_wconf 85' lang='grc' dir='ltr'>δουκδς</span> <span class='ocrx_word' id='word_1_303' title='bbox 2882 1738 3023 1809; x_wconf 81' lang='grc' dir='ltr'>μετὰ</span> <span class='ocrx_word' id='word_1_304' title='bbox 3051 1737 3308 1808; x_wconf 84' lang='grc' dir='ltr'><strong>χιλιάδων</strong></span> <span class='ocrx_word' id='word_1_305' title='bbox 3340 1737 3653 1808; x_wconf 83' lang='grc' dir='ltr'>τεσσάρων,</span> <span class='ocrx_word' id='word_1_306' title='bbox 3682 1737 3777 1791; x_wconf 70' lang='grc' dir='ltr'>ἐπὶ</span> 
     </span>
    </p>
   </div>
   <div class='ocr_carea' id='block_1_49' title="bbox 2185 1826 3777 1903">
    <p class='ocr_par' dir='ltr' id='par_1_49' title="bbox 2185 1826 3777 1903">
     <span class='ocr_line' id='line_1_49' title="bbox 2185 1826 3777 1903; baseline -0.004 -15"><span class='ocrx_word' id='word_1_307' title='bbox 2185 1833 2589 1903; x_wconf 57' lang='grc' dir='ltr'>ὼρόαισισσδν</span> <span class='ocrx_word' id='word_1_308' title='bbox 2641 1832 2741 1901; x_wconf 77' lang='grc' dir='ltr'><strong>τὴν</strong></span> <span class='ocrx_word' id='word_1_309' title='bbox 2795 1831 2953 1885; x_wconf 90' lang='grc' dir='ltr'>πόλιν</span> <span class='ocrx_word' id='word_1_310' title='bbox 2998 1830 3075 1862; x_wconf 67' lang='grc'><strong>⁵³⁸</strong></span> <span class='ocrx_word' id='word_1_311' title='bbox 3126 1829 3222 1883; x_wconf 75' lang='grc' dir='ltr'>καὶ</span> <span class='ocrx_word' id='word_1_312' title='bbox 3280 1826 3777 1899; x_wconf 80' lang='grc' dir='ltr'>ἀγανακτήσαντος</span> 
     </span>
    </p>
   </div>
   <div class='ocr_carea' id='block_1_50' title="bbox 2186 1917 3775 1994">
    <p class='ocr_par' dir='ltr' id='par_1_50' title="bbox 2186 1917 3775 1994">
     <span class='ocr_line' id='line_1_50' title="bbox 2186 1917 3775 1994; baseline -0.004 -18"><span class='ocrx_word' id='word_1_313' title='bbox 2186 1923 2509 1994; x_wconf 82' lang='grc' dir='ltr'>Βελισαρίου</span> <span class='ocrx_word' id='word_1_314' title='bbox 2542 1922 2687 1976; x_wconf 83' lang='grc' dir='ltr'>κατὰ</span> <span class='ocrx_word' id='word_1_315' title='bbox 2718 1920 2981 1984; x_wconf 85' lang='grc' dir='ltr'><strong>Σουνίκα,</strong></span> <span class='ocrx_word' id='word_1_316' title='bbox 3011 1918 3149 1973; x_wconf 86' lang='grc' dir='ltr'>διότι</span> <span class='ocrx_word' id='word_1_317' title='bbox 3184 1918 3532 1989; x_wconf 79' lang='grc' dir='ltr'>αὐθεντήσας</span> <span class='ocrx_word' id='word_1_318' title='bbox 3563 1917 3775 1986; x_wconf 77' lang='grc' dir='ltr'>ἐπῆλθε</span> 
     </span>
    </p>
   </div>
   <div class='ocr_carea' id='block_1_51' title="bbox 2186 2012 3777 2086">
    <p class='ocr_par' dir='ltr' id='par_1_51' title="bbox 2186 2012 3777 2086">
     <span class='ocr_line' id='line_1_51' title="bbox 2186 2012 3777 2086; baseline -0.003 -17"><span class='ocrx_word' id='word_1_319' title='bbox 2186 2015 2264 2085; x_wconf 84' lang='grc' dir='ltr'>τῷ</span> <span class='ocrx_word' id='word_1_320' title='bbox 2305 2014 2561 2086; x_wconf 81' lang='grc' dir='ltr'>Περσικῷ</span> <span class='ocrx_word' id='word_1_321' title='bbox 2589 2014 2828 2085; x_wconf 87' lang='grc' dir='ltr'>στρατῷ,</span> <span class='ocrx_word' id='word_1_322' title='bbox 2858 2014 2956 2068; x_wconf 82' lang='grc' dir='ltr'>καὶ</span> <span class='ocrx_word' id='word_1_323' title='bbox 2990 2012 3302 2082; x_wconf 84' lang='grc' dir='ltr'>φθάσαντος</span> <span class='ocrx_word' id='word_1_324' title='bbox 3326 2013 3422 2066; x_wconf 80' lang='grc' dir='ltr'><strong>τοῦ</strong></span> <span class='ocrx_word' id='word_1_325' title='bbox 3464 2012 3777 2085; x_wconf 82' lang='grc' dir='ltr'>ματίστρου</span> 
     </span>
    </p>
   </div>
   <div class='ocr_carea' id='block_1_52' title="bbox 2187 2104 3780 2177">
    <p class='ocr_par' dir='ltr' id='par_1_52' title="bbox 2187 2104 3780 2177">
     <span class='ocr_line' id='line_1_52' title="bbox 2187 2104 3780 2177; baseline -0.001 -18"><span class='ocrx_word' id='word_1_326' title='bbox 2187 2107 2445 2177; x_wconf 76' lang='grc' dir='ltr'>ἐποίησεν</span> <span class='ocrx_word' id='word_1_327' title='bbox 2504 2106 2703 2168; x_wconf 78' lang='grc' dir='ltr'>αὐτοὺς</span> <span class='ocrx_word' id='word_1_328' title='bbox 2747 2104 3005 2174; x_wconf 86' lang='grc' dir='ltr'>γενέσθαι</span> <span class='ocrx_word' id='word_1_329' title='bbox 3048 2104 3271 2172; x_wconf 82' lang='grc' dir='ltr'>φίλους,</span> <span class='ocrx_word' id='word_1_330' title='bbox 3319 2104 3780 2176; x_wconf 78' lang='grc' dir='ltr'>προτρεψάμενος</span> 
     </span>
    </p>
   </div>
   <div class='ocr_carea' id='block_1_53' title="bbox 2187 2192 3780 2271">
    <p class='ocr_par' dir='ltr' id='par_1_53' title="bbox 2187 2192 3780 2271">
     <span class='ocr_line' id='line_1_53' title="bbox 2187 2192 3780 2271; baseline -0.002 -20"><span class='ocrx_word' id='word_1_331' title='bbox 2187 2202 2430 2271; x_wconf 75' lang='grc' dir='ltr'>ὁρμῆσαι</span> <span class='ocrx_word' id='word_1_332' title='bbox 2482 2198 2623 2251; x_wconf 78' lang='grc' dir='ltr'>κατὰ</span> <span class='ocrx_word' id='word_1_333' title='bbox 2657 2197 2907 2266; x_wconf 83' lang='grc' dir='ltr'>Περσῶν.</span> <span class='ocrx_word' id='word_1_334' title='bbox 2961 2197 3069 2250; x_wconf 79' lang='grc' dir='ltr'><strong>Καὶ</strong></span> <span class='ocrx_word' id='word_1_335' title='bbox 3124 2192 3620 2267; x_wconf 77' lang='grc' dir='ltr'>μεσολαϐηθέντων</span> <span class='ocrx_word' id='word_1_336' title='bbox 3668 2196 3780 2250; x_wconf 83' lang='grc' dir='ltr'>τῶν</span> 
     </span>
    </p>
   </div>
   <div class='ocr_carea' id='block_1_54' title="bbox 2189 2287 3780 2361">
    <p class='ocr_par' dir='ltr' id='par_1_54' title="bbox 2189 2287 3780 2361">
     <span class='ocr_line' id='line_1_54' title="bbox 2189 2287 3780 2361; baseline -0.003 -17"><span class='ocrx_word' id='word_1_337' title='bbox 2189 2290 2415 2361; x_wconf 83' lang='grc' dir='ltr'>Περσῶν</span> <span class='ocrx_word' id='word_1_338' title='bbox 2464 2289 2563 2342; x_wconf 78' lang='grc' dir='ltr'><strong>σὺν</strong></span> <span class='ocrx_word' id='word_1_339' title='bbox 2615 2291 2731 2351; x_wconf 85' lang='grc' dir='ltr'>τοῖς</span> <span class='ocrx_word' id='word_1_340' title='bbox 2785 2289 3124 2359; x_wconf 80' lang='grc' dir='ltr'>Σαρακηνοῖς</span> <span class='ocrx_word' id='word_1_341' title='bbox 3160 2288 3255 2341; x_wconf 73' lang='grc' dir='ltr'><strong>ἐπὶ</strong></span> <span class='ocrx_word' id='word_1_342' title='bbox 3293 2287 3394 2359; x_wconf 80' lang='grc' dir='ltr'>τὴν</span> <span class='ocrx_word' id='word_1_343' title='bbox 3443 2287 3647 2361; x_wconf 82' lang='grc' dir='ltr'>κώμην</span> <span class='ocrx_word' id='word_1_344' title='bbox 3680 2288 3780 2357; x_wconf 77' lang='grc' dir='ltr'><strong>τήν</strong></span> 
     </span>
    </p>
   </div>
   <div class='ocr_carea' id='block_1_55' title="bbox 2185 2381 3782 2454">
    <p class='ocr_par' dir='ltr' id='par_1_55' title="bbox 2185 2381 3782 2454">
     <span class='ocr_line' id='line_1_55' title="bbox 2185 2381 3782 2454; baseline 0 -18"><span class='ocrx_word' id='word_1_345' title='bbox 2185 2382 2487 2454; x_wconf 82' lang='grc' dir='ltr'>λεγομένην</span> <span class='ocrx_word' id='word_1_346' title='bbox 2516 2381 2854 2443; x_wconf 81' lang='grc' dir='ltr'>Βεσελαθὼν,</span> <span class='ocrx_word' id='word_1_347' title='bbox 2906 2382 3001 2435; x_wconf 69' lang='grc' dir='ltr'><strong>καὶ</strong></span> <span class='ocrx_word' id='word_1_348' title='bbox 3030 2381 3277 2448; x_wconf 79' lang='grc' dir='ltr'>Βατνῶν,</span> <span class='ocrx_word' id='word_1_349' title='bbox 3311 2383 3409 2434; x_wconf 79' lang='grc' dir='ltr'>καὶ</span> <span class='ocrx_word' id='word_1_350' title='bbox 3458 2382 3574 2435; x_wconf 87' lang='grc' dir='ltr'>τῶν</span> <span class='ocrx_word' id='word_1_351' title='bbox 3618 2382 3782 2453; x_wconf 80' lang='grc' dir='ltr'>πέριξ</span> 
     </span>
    </p>
   </div>
   <div class='ocr_carea' id='block_1_56' title="bbox 2191 2469 3781 2543">
    <p class='ocr_par' dir='ltr' id='par_1_56' title="bbox 2191 2469 3781 2543">
     <span class='ocr_line' id='line_1_56' title="bbox 2191 2469 3781 2543; baseline -0.002 -13"><span class='ocrx_word' id='word_1_352' title='bbox 2191 2475 2422 2539; x_wconf 89' lang='grc' dir='ltr'>πόλεων,</span> <span class='ocrx_word' id='word_1_353' title='bbox 2459 2474 2552 2527; x_wconf 72' lang='grc' dir='ltr'><strong>καὶ</strong></span> <span class='ocrx_word' id='word_1_354' title='bbox 2584 2475 2915 2536; x_wconf 60' lang='grc' dir='ltr'>ποιήσαντες</span> <span class='ocrx_word' id='word_1_355' title='bbox 2942 2473 2992 2525; x_wconf 77' lang='lat' dir='ltr'><strong>oi</strong></span> <span class='ocrx_word' id='word_1_356' title='bbox 3023 2470 3234 2543; x_wconf 81' lang='grc' dir='ltr'>Πέρσαι</span> <span class='ocrx_word' id='word_1_357' title='bbox 3263 2469 3351 2526; x_wconf 87' lang='grc' dir='ltr'>διὰ</span> <span class='ocrx_word' id='word_1_358' title='bbox 3384 2472 3563 2540; x_wconf 82' lang='grc' dir='ltr'>ξύλων</span> <span class='ocrx_word' id='word_1_359' title='bbox 3601 2488 3781 2543; x_wconf 84' lang='grc' dir='ltr'>μηχα-</span> 
     </span>
    </p>
   </div>
   <div class='ocr_carea' id='block_1_57' title="bbox 2189 2562 3783 2637">
    <p class='ocr_par' dir='ltr' id='par_1_57' title="bbox 2189 2562 3783 2637">
     <span class='ocr_line' id='line_1_57' title="bbox 2189 2562 3783 2637; baseline -0.003 -18"><span class='ocrx_word' id='word_1_360' title='bbox 2189 2566 2409 2637; x_wconf 86' lang='grc' dir='ltr'>νήματα</span> <span class='ocrx_word' id='word_1_361' title='bbox 2437 2565 2533 2619; x_wconf 79' lang='grc' dir='ltr'><strong>καὶ</strong></span> <span class='ocrx_word' id='word_1_362' title='bbox 2555 2563 2924 2635; x_wconf 82' lang='grc' dir='ltr'>διορύξαντες,</span> <span class='ocrx_word' id='word_1_363' title='bbox 2947 2562 3221 2634; x_wconf 77' lang='grc' dir='ltr'>ἔστρεψαν</span> <span class='ocrx_word' id='word_1_364' title='bbox 3251 2562 3314 2615; x_wconf 85' lang='grc' dir='ltr'><strong>τὸ</strong></span> <span class='ocrx_word' id='word_1_365' title='bbox 3332 2567 3514 2633; x_wconf 80' lang='grc' dir='ltr'>τεῖχος</span> <span class='ocrx_word' id='word_1_366' title='bbox 3534 2563 3783 2617; x_wconf 74' lang='grc' dir='ltr'>Γασσου-</span> 
     </span>
    </p>
   </div>
   <div class='ocr_carea' id='block_1_58' title="bbox 2189 2649 3785 2726">
    <p class='ocr_par' dir='ltr' id='par_1_58' title="bbox 2189 2649 3785 2726">
     <span class='ocr_line' id='line_1_58' title="bbox 2189 2649 3785 2726; baseline -0.002 -16"><span class='ocrx_word' id='word_1_367' title='bbox 2189 2658 2321 2720; x_wconf 84' lang='grc' dir='ltr'>λῶν,</span> <span class='ocrx_word' id='word_1_368' title='bbox 2344 2654 2443 2712; x_wconf 79' lang='grc' dir='ltr'>καὶ</span> <span class='ocrx_word' id='word_1_369' title='bbox 2467 2655 2801 2718; x_wconf 80' lang='grc' dir='ltr'>εἰσελθόντες</span> <span class='ocrx_word' id='word_1_370' title='bbox 2826 2655 2985 2719; x_wconf 84' lang='grc' dir='ltr'><strong>ὅσους</strong></span> <span class='ocrx_word' id='word_1_371' title='bbox 3006 2649 3173 2726; x_wconf 77' lang='grc' dir='ltr'>ηὗρον</span> <span class='ocrx_word' id='word_1_372' title='bbox 3202 2654 3526 2723; x_wconf 75' lang='grc' dir='ltr'>ἐφόνευσαν,</span> <span class='ocrx_word' id='word_1_373' title='bbox 3544 2653 3785 2726; x_wconf 82' lang='grc' dir='ltr'>ἑπαρόν-</span> 
     </span>
    </p>
   </div>
   <div class='ocr_carea' id='block_1_59' title="bbox 2188 2744 3780 2818">
    <p class='ocr_par' dir='ltr' id='par_1_59' title="bbox 2188 2744 3780 2818">
     <span class='ocr_line' id='line_1_59' title="bbox 2188 2744 3780 2818; baseline -0.004 -14"><span class='ocrx_word' id='word_1_374' title='bbox 2188 2768 2281 2815; x_wconf 91' lang='grc' dir='ltr'><strong>τες</strong></span> <span class='ocrx_word' id='word_1_375' title='bbox 2307 2748 2353 2782; x_wconf 72' lang='grc'><strong>⁸³</strong></span> <span class='ocrx_word' id='word_1_376' title='bbox 2378 2749 2472 2803; x_wconf 63' lang='grc' dir='ltr'>καὶ</span> <span class='ocrx_word' id='word_1_377' title='bbox 2502 2746 2904 2818; x_wconf 84' lang='grc' dir='ltr'>αἰχμαλώτους.</span> <span class='ocrx_word' id='word_1_378' title='bbox 2931 2746 3041 2799; x_wconf 74' lang='grc' dir='ltr'>Καὶ</span> <span class='ocrx_word' id='word_1_379' title='bbox 3082 2745 3277 2809; x_wconf 80' lang='grc' dir='ltr'>ἄλλους</span> <span class='ocrx_word' id='word_1_380' title='bbox 3313 2744 3371 2799; x_wconf 82' lang='grc' dir='ltr'>δὲ</span> <span class='ocrx_word' id='word_1_381' title='bbox 3398 2745 3600 2809; x_wconf 88' lang='grc' dir='ltr'>τόπους</span> <span class='ocrx_word' id='word_1_382' title='bbox 3629 2761 3780 2816; x_wconf 84' lang='grc' dir='ltr'>παρ-</span> 
     </span>
    </p>
   </div>
   <div class='ocr_carea' id='block_1_60' title="bbox 2190 2836 3478 2913">
    <p class='ocr_par' dir='ltr' id='par_1_60' title="bbox 2190 2836 3478 2913">
     <span class='ocr_line' id='line_1_60' title="bbox 2190 2836 3478 2913; baseline -0.002 -18"><span class='ocrx_word' id='word_1_383' title='bbox 2190 2836 2386 2895; x_wconf 71' lang='grc' dir='ltr'>έλαϐον</span> <span class='ocrx_word' id='word_1_384' title='bbox 2407 2840 2739 2913; x_wconf 78' lang='grc' dir='ltr'>ποιήσαντες</span> <span class='ocrx_word' id='word_1_385' title='bbox 2770 2838 3070 2909; x_wconf 82' lang='grc' dir='ltr'>αἰφνιδίους</span> <span class='ocrx_word' id='word_1_386' title='bbox 3099 2838 3478 2909; x_wconf 81' lang='grc' dir='ltr'>καταδρομάς.</span> 
     </span>
    </p>
   </div>
   <div class='ocr_carea' id='block_1_61' title="bbox 585 3005 2087 3104">
    <p class='ocr_par' dir='ltr' id='par_1_61' title="bbox 585 3005 2086 3076">
     <span class='ocr_line' id='line_1_61' title="bbox 585 3005 2086 3076; baseline -0.005 -10"><span class='ocrx_word' id='word_1_387' title='bbox 585 3006 680 3066; x_wconf 83' lang='lat' dir='ltr'><strong>liis</strong></span> <span class='ocrx_word' id='word_1_388' title='bbox 719 3011 946 3075; x_wconf 89' lang='lat' dir='ltr'><strong>auditis,</strong></span> <span class='ocrx_word' id='word_1_389' title='bbox 972 3008 1380 3063; x_wconf 82' lang='lat' dir='ltr'><strong>Antiochenses</strong></span> <span class='ocrx_word' id='word_1_390' title='bbox 1421 3008 1475 3061; x_wconf 91' lang='lat' dir='ltr'><strong>in</strong></span> <span class='ocrx_word' id='word_1_391' title='bbox 1507 3007 1841 3061; x_wconf 87' lang='lat' dir='ltr'><strong>maritimam</strong></span> <span class='ocrx_word' id='word_1_392' title='bbox 1870 3005 2086 3076; x_wconf 83' lang='lat' dir='ltr'><strong>Syriam</strong></span> 
     </span>
    </p>
   </div>
   <div class='ocr_carea' id='block_1_62' title="bbox 2190 3005 3781 3104">
    <p class='ocr_par' dir='ltr' id='par_1_62' title="bbox 2261 3013 3781 3093">
     <span class='ocr_line' id='line_1_62' title="bbox 2261 3013 3781 3093; baseline -0.002 -16"><span class='ocrx_word' id='word_1_393' title='bbox 2261 3020 2324 3077; x_wconf 81' lang='lat' dir='ltr'><strong>Oi</strong></span> <span class='ocrx_word' id='word_1_394' title='bbox 2351 3018 2408 3076; x_wconf 81' lang='grc' dir='ltr'>δὲ</span> <span class='ocrx_word' id='word_1_395' title='bbox 2438 3013 2731 3093; x_wconf 73' lang='grc' dir='ltr'>Ἀντιοχεῖς</span> <span class='ocrx_word' id='word_1_396' title='bbox 2769 3019 3107 3086; x_wconf 80' lang='grc' dir='ltr'>ἀκούσαντες</span> <span class='ocrx_word' id='word_1_397' title='bbox 3135 3022 3207 3076; x_wconf 84' lang='grc' dir='ltr'><strong>τά</strong></span> <span class='ocrx_word' id='word_1_398' title='bbox 3245 3024 3538 3093; x_wconf 85' lang='grc' dir='ltr'>γενόμενα,</span> <span class='ocrx_word' id='word_1_399' title='bbox 3571 3022 3781 3092; x_wconf 73' lang='grc' dir='ltr'>ἔφυγον</span> 
     </span>
    </p>
   </div>
   <div class='ocr_carea' id='block_1_63' title="bbox 515 3097 2087 3186">
    <p class='ocr_par' dir='ltr' id='par_1_63' title="bbox 515 3097 2086 3173">
     <span class='ocr_line' id='line_1_63' title="bbox 515 3097 2086 3173; baseline -0.004 -13"><span class='ocrx_word' id='word_1_400' title='bbox 515 3120 577 3160; x_wconf 89' lang='lat' dir='ltr'><strong>se</strong></span> <span class='ocrx_word' id='word_1_401' title='bbox 623 3104 987 3172; x_wconf 87' lang='lat' dir='ltr'><strong>recipiebant.</strong></span> <span class='ocrx_word' id='word_1_402' title='bbox 1022 3101 1201 3156; x_wconf 83' lang='lat' dir='ltr'><strong>Duces</strong></span> <span class='ocrx_word' id='word_1_403' title='bbox 1226 3101 1388 3173; x_wconf 60' lang='lat'><strong>463</strong></span> <span class='ocrx_word' id='word_1_404' title='bbox 1424 3099 1646 3153; x_wconf 78' lang='lat' dir='ltr'><strong>interim</strong></span> <span class='ocrx_word' id='word_1_405' title='bbox 1680 3097 1915 3152; x_wconf 78' lang='lat' dir='ltr'><strong>Romani</strong></span> <span class='ocrx_word' id='word_1_406' title='bbox 1952 3108 2086 3153; x_wconf 71' lang='lat' dir='ltr'><strong>secs</strong></span> 
     </span>
    </p>
   </div>
   <div class='ocr_carea' id='block_1_64' title="bbox 2190 3097 3779 3186">
    <p class='ocr_par' dir='ltr' id='par_1_64' title="bbox 2190 3108 3779 3186">
     <span class='ocr_line' id='line_1_64' title="bbox 2190 3108 3779 3186; baseline -0.003 -14"><span class='ocrx_word' id='word_1_407' title='bbox 2190 3116 2283 3172; x_wconf 72' lang='grc' dir='ltr'><strong>ἑπὶ</strong></span> <span class='ocrx_word' id='word_1_408' title='bbox 2315 3114 2412 3185; x_wconf 79' lang='grc' dir='ltr'><strong>τὴν</strong></span> <span class='ocrx_word' id='word_1_409' title='bbox 2451 3114 2697 3185; x_wconf 84' lang='grc' dir='ltr'>πάραλον</span> <span class='ocrx_word' id='word_1_410' title='bbox 2731 3113 2831 3183; x_wconf 80' lang='grc' dir='ltr'>τῆς</span> <span class='ocrx_word' id='word_1_411' title='bbox 2887 3108 3112 3184; x_wconf 83' lang='grc' dir='ltr'><strong>Συρίας.</strong></span> <span class='ocrx_word' id='word_1_412' title='bbox 3168 3115 3290 3169; x_wconf 87' lang='grc' dir='ltr'><strong>Τῶν</strong></span> <span class='ocrx_word' id='word_1_413' title='bbox 3340 3116 3396 3169; x_wconf 81' lang='grc' dir='ltr'>δὲ</span> <span class='ocrx_word' id='word_1_414' title='bbox 3441 3116 3779 3186; x_wconf 78' lang='grc' dir='ltr'>στρατηγῶν</span> 
     </span>
    </p>
   </div>
   <div class='ocr_carea' id='block_1_65' title="bbox 515 3188 2089 3262">
    <p class='ocr_par' dir='ltr' id='par_1_65' title="bbox 515 3188 2089 3262">
     <span class='ocr_line' id='line_1_65' title="bbox 515 3188 2089 3262; baseline -0.004 -13"><span class='ocrx_word' id='word_1_415' title='bbox 515 3196 836 3258; x_wconf 84' lang='lat' dir='ltr'><strong>hortantur,</strong></span> <span class='ocrx_word' id='word_1_416' title='bbox 895 3193 951 3247; x_wconf 91' lang='lat' dir='ltr'><strong>in</strong></span> <span class='ocrx_word' id='word_1_417' title='bbox 1019 3192 1269 3262; x_wconf 79' lang='lat' dir='ltr'><strong>praelium</strong></span> <span class='ocrx_word' id='word_1_418' title='bbox 1340 3202 1401 3245; x_wconf 89' lang='lat' dir='ltr'><strong>se</strong></span> <span class='ocrx_word' id='word_1_419' title='bbox 1463 3196 1791 3260; x_wconf 87' lang='lat' dir='ltr'><strong>parent:ut</strong></span> <span class='ocrx_word' id='word_1_420' title='bbox 1814 3188 1933 3258; x_wconf 91' lang='lat' dir='ltr'><strong>qui,</strong></span> <span class='ocrx_word' id='word_1_421' title='bbox 1990 3196 2089 3258; x_wconf 83' lang='lat' dir='ltr'><strong>per</strong></span> 
     </span>
    </p>
   </div>
   <div class='ocr_carea' id='block_1_66' title="bbox 515 3279 2083 3349">
    <p class='ocr_par' dir='ltr' id='par_1_66' title="bbox 515 3279 2083 3349">
     <span class='ocr_line' id='line_1_66' title="bbox 515 3279 2083 3349; baseline -0.006 -8"><span class='ocrx_word' id='word_1_422' title='bbox 515 3285 744 3341; x_wconf 86' lang='lat' dir='ltr'><strong>nuntios</strong></span> <span class='ocrx_word' id='word_1_423' title='bbox 768 3298 798 3337; x_wconf 91' lang='lat' dir='ltr'><strong>a</strong></span> <span class='ocrx_word' id='word_1_424' title='bbox 829 3283 1010 3338; x_wconf 87' lang='lat' dir='ltr'><strong>Persis</strong></span> <span class='ocrx_word' id='word_1_425' title='bbox 1034 3284 1254 3343; x_wconf 88' lang='lat' dir='ltr'><strong>missos,</strong></span> <span class='ocrx_word' id='word_1_426' title='bbox 1290 3289 1384 3335; x_wconf 84' lang='lat' dir='ltr'><strong>eos</strong></span> <span class='ocrx_word' id='word_1_427' title='bbox 1426 3294 1649 3349; x_wconf 87' lang='lat' dir='ltr'><strong>quoque</strong></span> <span class='ocrx_word' id='word_1_428' title='bbox 1681 3290 1877 3349; x_wconf 70' lang='lat' dir='ltr'><strong>pugna:</strong></span> <span class='ocrx_word' id='word_1_429' title='bbox 1902 3279 2083 3332; x_wconf 87' lang='lat' dir='ltr'><strong>aleam</strong></span> 
     </span>
    </p>
   </div>
   <div class='ocr_carea' id='block_1_67' title="bbox 513 3369 2093 3433">
    <p class='ocr_par' dir='ltr' id='par_1_67' title="bbox 513 3369 2093 3433">
     <span class='ocr_line' id='line_1_67' title="bbox 513 3369 2093 3433; baseline -0.005 -2"><span class='ocrx_word' id='word_1_430' title='bbox 513 3383 826 3432; x_wconf 80' lang='lat' dir='ltr'><strong>tentaturus</strong></span> <span class='ocrx_word' id='word_1_431' title='bbox 870 3374 1294 3429; x_wconf 80' lang='lat' dir='ltr'><strong>intellexissent.</strong></span> <span class='ocrx_word' id='word_1_432' title='bbox 1341 3370 1610 3425; x_wconf 66' lang='lat' dir='ltr'><strong>Caeterum</strong></span> <span class='ocrx_word' id='word_1_433' title='bbox 1671 3371 1875 3433; x_wconf 64' lang='lat' dir='ltr'><strong>Persae,</strong></span> <span class='ocrx_word' id='word_1_434' title='bbox 1915 3369 2093 3424; x_wconf 83' lang='lat' dir='ltr'><strong>abdu-</strong></span> 
     </span>
    </p>
   </div>
   <div class='ocr_carea' id='block_1_68' title="bbox 517 3462 2089 3535">
    <p class='ocr_par' dir='ltr' id='par_1_68' title="bbox 517 3462 2089 3535">
     <span class='ocr_line' id='line_1_68' title="bbox 517 3462 2089 3535; baseline -0.004 -12"><span class='ocrx_word' id='word_1_435' title='bbox 517 3476 605 3523; x_wconf 86' lang='lat' dir='ltr'><strong>cta</strong></span> <span class='ocrx_word' id='word_1_436' title='bbox 652 3480 838 3522; x_wconf 88' lang='lat' dir='ltr'><strong>secum</strong></span> <span class='ocrx_word' id='word_1_437' title='bbox 870 3465 1053 3535; x_wconf 75' lang='lat' dir='ltr'><strong>praeda</strong></span> <span class='ocrx_word' id='word_1_438' title='bbox 1105 3466 1277 3526; x_wconf 89' lang='lat' dir='ltr'><strong>omni,</strong></span> <span class='ocrx_word' id='word_1_439' title='bbox 1333 3474 1503 3517; x_wconf 87' lang='lat' dir='ltr'><strong>noctu</strong></span> <span class='ocrx_word' id='word_1_440' title='bbox 1539 3462 1720 3533; x_wconf 79' lang='lat' dir='ltr'><strong>fugam</strong></span> <span class='ocrx_word' id='word_1_441' title='bbox 1772 3470 2089 3531; x_wconf 85' lang='lat' dir='ltr'><strong>capessunt.</strong></span> 
     </span>
    </p>
   </div>
   <div class='ocr_carea' id='block_1_69' title="bbox 517 3554 2094 3627">
    <p class='ocr_par' dir='ltr' id='par_1_69' title="bbox 517 3554 2094 3627">
     <span class='ocr_line' id='line_1_69' title="bbox 517 3554 2094 3627; baseline -0.004 -12"><span class='ocrx_word' id='word_1_442' title='bbox 517 3560 649 3627; x_wconf 81' lang='lat' dir='ltr'><strong>Quae</strong></span> <span class='ocrx_word' id='word_1_443' title='bbox 680 3554 981 3613; x_wconf 86' lang='lat' dir='ltr'><strong>Belisarius</strong></span> <span class='ocrx_word' id='word_1_444' title='bbox 1020 3563 1076 3610; x_wconf 89' lang='lat' dir='ltr'><strong>et</strong></span> <span class='ocrx_word' id='word_1_445' title='bbox 1109 3555 1330 3609; x_wconf 71' lang='lat' dir='ltr'><strong>etarchi</strong></span> <span class='ocrx_word' id='word_1_446' title='bbox 1365 3554 1740 3609; x_wconf 79' lang='lat' dir='ltr'><strong>Romanorum</strong></span> <span class='ocrx_word' id='word_1_447' title='bbox 1779 3555 1869 3607; x_wconf 89' lang='lat' dir='ltr'><strong>ubi</strong></span> <span class='ocrx_word' id='word_1_448' title='bbox 1894 3556 2094 3609; x_wconf 75' lang='lat' dir='ltr'><strong>rescie-</strong></span> 
     </span>
    </p>
   </div>
   <div class='ocr_carea' id='block_1_70' title="bbox 515 3642 2090 3716">
    <p class='ocr_par' dir='ltr' id='par_1_70' title="bbox 515 3642 2090 3716">
     <span class='ocr_line' id='line_1_70' title="bbox 515 3642 2090 3716; baseline -0.005 -10"><span class='ocrx_word' id='word_1_449' title='bbox 515 3659 668 3714; x_wconf 86' lang='lat' dir='ltr'><strong>runt,</strong></span> <span class='ocrx_word' id='word_1_450' title='bbox 694 3647 927 3703; x_wconf 81' lang='lat' dir='ltr'><strong>insecuti</strong></span> <span class='ocrx_word' id='word_1_451' title='bbox 952 3646 1437 3716; x_wconf 75' lang='lat' dir='ltr'><strong>praetervertei&#39;unt</strong></span> <span class='ocrx_word' id='word_1_452' title='bbox 1461 3659 1581 3698; x_wconf 88' lang='lat' dir='ltr'><strong>eos.</strong></span> <span class='ocrx_word' id='word_1_453' title='bbox 1605 3642 1873 3697; x_wconf 81' lang='lat' dir='ltr'><strong>Conversi</strong></span> <span class='ocrx_word' id='word_1_454' title='bbox 1902 3645 2090 3711; x_wconf 85' lang='lat' dir='ltr'><strong>itaque</strong></span> 
     </span>
    </p>
   </div>
   <div class='ocr_carea' id='block_1_71' title="bbox 515 3733 2090 3805">
    <p class='ocr_par' dir='ltr' id='par_1_71' title="bbox 515 3733 2090 3805">
     <span class='ocr_line' id='line_1_71' title="bbox 515 3733 2090 3805; baseline -0.006 -8"><span class='ocrx_word' id='word_1_455' title='bbox 515 3741 702 3798; x_wconf 74' lang='lat' dir='ltr'><strong>Persae</strong></span> <span class='ocrx_word' id='word_1_456' title='bbox 750 3738 1108 3801; x_wconf 87' lang='lat' dir='ltr'><strong>restiterunt;</strong></span> <span class='ocrx_word' id='word_1_457' title='bbox 1165 3734 1456 3805; x_wconf 79' lang='lat' dir='ltr'><strong>cupiisque</strong></span> <span class='ocrx_word' id='word_1_458' title='bbox 1489 3735 1546 3788; x_wconf 91' lang='lat' dir='ltr'><strong>in</strong></span> <span class='ocrx_word' id='word_1_459' title='bbox 1575 3734 1829 3789; x_wconf 88' lang='lat' dir='ltr'><strong>ordinem</strong></span> <span class='ocrx_word' id='word_1_460' title='bbox 1856 3733 2090 3799; x_wconf 85' lang='lat' dir='ltr'><strong>coactis,</strong></span> 
     </span>
    </p>
   </div>
   <div class='ocr_carea' id='block_1_72' title="bbox 519 3825 2095 3897">
    <p class='ocr_par' dir='ltr' id='par_1_72' title="bbox 519 3825 2095 3897">
     <span class='ocr_line' id='line_1_72' title="bbox 519 3825 2095 3897; baseline -0.005 -11"><span class='ocrx_word' id='word_1_461' title='bbox 519 3828 589 3886; x_wconf 83' lang='lat' dir='ltr'><strong>ad</strong></span> <span class='ocrx_word' id='word_1_462' title='bbox 632 3830 952 3886; x_wconf 86' lang='lat' dir='ltr'><strong>ulteriorem</strong></span> <span class='ocrx_word' id='word_1_463' title='bbox 1003 3827 1303 3897; x_wconf 80' lang='lat' dir='ltr'><strong>Euphratis</strong></span> <span class='ocrx_word' id='word_1_464' title='bbox 1338 3826 1513 3896; x_wconf 80' lang='lat' dir='ltr'><strong>ripam</strong></span> <span class='ocrx_word' id='word_1_465' title='bbox 1544 3826 1698 3896; x_wconf 78' lang='lat' dir='ltr'><strong>juxta</strong></span> <span class='ocrx_word' id='word_1_466' title='bbox 1738 3825 1966 3891; x_wconf 77' lang='lat' dir='ltr'><strong>limites,</strong></span> <span class='ocrx_word' id='word_1_467' title='bbox 2000 3834 2095 3879; x_wconf 84' lang='lat' dir='ltr'><strong>ca-</strong></span> 
     </span>
    </p>
   </div>
   <div class='ocr_carea' id='block_1_73' title="bbox 519 3916 2096 3996">
    <p class='ocr_par' dir='ltr' id='par_1_73' title="bbox 519 3916 2096 3996">
     <span class='ocr_line' id='line_1_73' title="bbox 519 3916 2096 3996; baseline -0.001 -16"><span class='ocrx_word' id='word_1_468' title='bbox 519 3934 633 3980; x_wconf 87' lang='lat' dir='ltr'><strong>stra</strong></span> <span class='ocrx_word' id='word_1_469' title='bbox 656 3932 983 3996; x_wconf 82' lang='lat' dir='ltr'><strong>posuerunt,</strong></span> <span class='ocrx_word' id='word_1_470' title='bbox 1030 3934 1154 3996; x_wconf 86' lang='lat' dir='ltr'><strong>quae</strong></span> <span class='ocrx_word' id='word_1_471' title='bbox 1181 3924 1248 3978; x_wconf 87' lang='lat' dir='ltr'><strong>ad</strong></span> <span class='ocrx_word' id='word_1_472' title='bbox 1280 3916 1487 3979; x_wconf 87' lang='lat' dir='ltr'><strong>bellum</strong></span> <span class='ocrx_word' id='word_1_473' title='bbox 1522 3922 1836 3979; x_wconf 80' lang='lat' dir='ltr'><strong>referebant</strong></span> <span class='ocrx_word' id='word_1_474' title='bbox 1859 3923 2096 3979; x_wconf 87' lang='lat' dir='ltr'><strong>consilia</strong></span> 
     </span>
    </p>
   </div>
   <div class='ocr_carea' id='block_1_74' title="bbox 516 4012 2096 4075">
    <p class='ocr_par' dir='ltr' id='par_1_74' title="bbox 516 4012 2096 4075">
     <span class='ocr_line' id='line_1_74' title="bbox 516 4012 2096 4075; baseline -0.001 -5"><span class='ocrx_word' id='word_1_475' title='bbox 516 4016 733 4070; x_wconf 80' lang='lat' dir='ltr'><strong>inituri.</strong></span> <span class='ocrx_word' id='word_1_476' title='bbox 786 4016 1175 4073; x_wconf 81' lang='lat' dir='ltr'><strong>Consimiliter</strong></span> <span class='ocrx_word' id='word_1_477' title='bbox 1224 4014 1397 4070; x_wconf 90' lang='lat' dir='ltr'><strong>etiam</strong></span> <span class='ocrx_word' id='word_1_478' title='bbox 1444 4013 1677 4069; x_wconf 81' lang='lat' dir='ltr'><strong>Romani</strong></span> <span class='ocrx_word' id='word_1_479' title='bbox 1710 4012 1904 4075; x_wconf 88' lang='lat' dir='ltr'><strong>duces,</strong></span> <span class='ocrx_word' id='word_1_480' title='bbox 1936 4026 2096 4070; x_wconf 76' lang='lat' dir='ltr'><strong>exer-</strong></span> 
     </span>
    </p>
   </div>
   <div class='ocr_carea' id='block_1_75' title="bbox 515 4105 2095 4179">
    <p class='ocr_par' dir='ltr' id='par_1_75' title="bbox 515 4105 2095 4179">
     <span class='ocr_line' id='line_1_75' title="bbox 515 4105 2095 4179; baseline -0.001 -17"><span class='ocrx_word' id='word_1_481' title='bbox 515 4110 688 4163; x_wconf 85' lang='lat' dir='ltr'><strong>citum</strong></span> <span class='ocrx_word' id='word_1_482' title='bbox 714 4118 877 4164; x_wconf 83' lang='lat' dir='ltr'><strong>suum</strong></span> <span class='ocrx_word' id='word_1_483' title='bbox 897 4108 1303 4179; x_wconf 78' lang='lat' dir='ltr'><strong>recolligentes,</strong></span> <span class='ocrx_word' id='word_1_484' title='bbox 1334 4105 1521 4162; x_wconf 84' lang='lat' dir='ltr'><strong>Persis</strong></span> <span class='ocrx_word' id='word_1_485' title='bbox 1555 4106 1612 4159; x_wconf 91' lang='lat' dir='ltr'><strong>in</strong></span> <span class='ocrx_word' id='word_1_486' title='bbox 1645 4107 1902 4176; x_wconf 86' lang='lat' dir='ltr'><strong>opposito</strong></span> <span class='ocrx_word' id='word_1_487' title='bbox 1926 4110 2095 4162; x_wconf 86' lang='lat' dir='ltr'><strong>stete-</strong></span> 
     </span>
    </p>
   </div>
   <div class='ocr_carea' id='block_1_76' title="bbox 515 4196 2098 4270">
    <p class='ocr_par' dir='ltr' id='par_1_76' title="bbox 515 4196 2098 4270">
     <span class='ocr_line' id='line_1_76' title="bbox 515 4196 2098 4270; baseline -0.002 -15"><span class='ocrx_word' id='word_1_488' title='bbox 515 4209 668 4266; x_wconf 87' lang='lat' dir='ltr'><strong>runt,</strong></span> <span class='ocrx_word' id='word_1_489' title='bbox 694 4201 966 4255; x_wconf 81' lang='lat' dir='ltr'><strong>ordinatis</strong></span> <span class='ocrx_word' id='word_1_490' title='bbox 996 4200 1069 4254; x_wconf 89' lang='lat' dir='ltr'><strong>ita</strong></span> <span class='ocrx_word' id='word_1_491' title='bbox 1092 4198 1431 4270; x_wconf 82' lang='lat' dir='ltr'><strong>agminibus,</strong></span> <span class='ocrx_word' id='word_1_492' title='bbox 1466 4205 1580 4252; x_wconf 86' lang='lat' dir='ltr'><strong>uta</strong></span> <span class='ocrx_word' id='word_1_493' title='bbox 1617 4204 1773 4267; x_wconf 81' lang='lat' dir='ltr'><strong>tergo</strong></span> <span class='ocrx_word' id='word_1_494' title='bbox 1817 4196 2098 4267; x_wconf 80' lang='lat' dir='ltr'><strong>Euphrate</strong></span> 
     </span>
    </p>
   </div>
   <div class='ocr_carea' id='block_1_77' title="bbox 2195 3194 3780 3277">
    <p class='ocr_par' dir='ltr' id='par_1_77' title="bbox 2195 3194 3780 3277">
     <span class='ocr_line' id='line_1_77' title="bbox 2195 3194 3780 3277; baseline -0.001 -16"><span class='ocrx_word' id='word_1_495' title='bbox 2195 3200 2486 3277; x_wconf 78' lang='grc' dir='ltr'>Ῥωμαίων</span> <span class='ocrx_word' id='word_1_496' title='bbox 2527 3199 2890 3274; x_wconf 73' lang='grc' dir='ltr'>δηλωσάντων</span> <span class='ocrx_word' id='word_1_497' title='bbox 2937 3206 3152 3269; x_wconf 77' lang='grc' dir='ltr'>ἑαυτοῖς</span> <span class='ocrx_word' id='word_1_498' title='bbox 3201 3206 3297 3259; x_wconf 82' lang='grc' dir='ltr'><strong>τοῦ</strong></span> <span class='ocrx_word' id='word_1_499' title='bbox 3344 3194 3584 3277; x_wconf 84' lang='grc' dir='ltr'>ἑτοίμως</span> <span class='ocrx_word' id='word_1_500' title='bbox 3628 3207 3780 3277; x_wconf 75' lang='grc' dir='ltr'>ἔχειν</span> 
     </span>
    </p>
   </div>
   <div class='ocr_carea' id='block_1_78' title="bbox 2189 3289 3783 3366">
    <p class='ocr_par' dir='ltr' id='par_1_78' title="bbox 2189 3289 3783 3366">
     <span class='ocr_line' id='line_1_78' title="bbox 2189 3289 3783 3366; baseline 0 -17"><span class='ocrx_word' id='word_1_501' title='bbox 2189 3293 2529 3365; x_wconf 80' lang='grc' dir='ltr'>συγκροῦσαι</span> <span class='ocrx_word' id='word_1_502' title='bbox 2578 3294 2698 3363; x_wconf 86' lang='grc' dir='ltr'>μετ’</span> <span class='ocrx_word' id='word_1_503' title='bbox 2747 3292 2959 3347; x_wconf 77' lang='grc' dir='ltr'>αὐτῶνο</span> <span class='ocrx_word' id='word_1_504' title='bbox 2993 3289 3062 3365; x_wconf 82' lang='grc' dir='ltr'><strong>ἦν</strong></span> <span class='ocrx_word' id='word_1_505' title='bbox 3118 3294 3228 3364; x_wconf 80' lang='grc' dir='ltr'><strong>γὰρ</strong></span> <span class='ocrx_word' id='word_1_506' title='bbox 3279 3294 3521 3366; x_wconf 86' lang='grc' dir='ltr'>δηλωθὲν</span> <span class='ocrx_word' id='word_1_507' title='bbox 3571 3298 3638 3349; x_wconf 86' lang='grc' dir='ltr'><strong>ἑκ</strong></span> <span class='ocrx_word' id='word_1_508' title='bbox 3669 3294 3783 3349; x_wconf 87' lang='grc' dir='ltr'>τῶν</span> 
     </span>
    </p>
   </div>
   <div class='ocr_carea' id='block_1_79' title="bbox 2189 3383 3780 3459">
    <p class='ocr_par' dir='ltr' id='par_1_79' title="bbox 2189 3383 3780 3459">
     <span class='ocr_line' id='line_1_79' title="bbox 2189 3383 3780 3459; baseline -0.001 -17"><span class='ocrx_word' id='word_1_509' title='bbox 2189 3387 2418 3459; x_wconf 84' lang='grc' dir='ltr'>Περσῶν</span> <span class='ocrx_word' id='word_1_510' title='bbox 2451 3383 2547 3437; x_wconf 81' lang='grc' dir='ltr'>τοῦ</span> <span class='ocrx_word' id='word_1_511' title='bbox 2588 3384 2930 3454; x_wconf 85' lang='grc' dir='ltr'>συναφθῆναι</span> <span class='ocrx_word' id='word_1_512' title='bbox 2956 3384 3049 3437; x_wconf 81' lang='grc' dir='ltr'><strong>τὸν</strong></span> <span class='ocrx_word' id='word_1_513' title='bbox 3093 3386 3356 3455; x_wconf 85' lang='grc' dir='ltr'>πόλεμον,</span> <span class='ocrx_word' id='word_1_514' title='bbox 3383 3386 3479 3440; x_wconf 79' lang='grc' dir='ltr'>καὶ</span> <span class='ocrx_word' id='word_1_515' title='bbox 3523 3385 3780 3458; x_wconf 82' lang='grc' dir='ltr'>παραλα-</span> 
     </span>
    </p>
   </div>
   <div class='ocr_carea' id='block_1_80' title="bbox 2197 3476 3783 3547">
    <p class='ocr_par' dir='ltr' id='par_1_80' title="bbox 2197 3476 3783 3547">
     <span class='ocr_line' id='line_1_80' title="bbox 2197 3476 3783 3547; baseline -0.001 -15"><span class='ocrx_word' id='word_1_516' title='bbox 2197 3481 2383 3542; x_wconf 73' lang='grc' dir='ltr'>ϐόντες</span> <span class='ocrx_word' id='word_1_517' title='bbox 2424 3478 2609 3530; x_wconf 81' lang='grc' dir='ltr'>πᾶσαν</span> <span class='ocrx_word' id='word_1_518' title='bbox 2656 3476 2755 3545; x_wconf 83' lang='grc' dir='ltr'><strong>τὴν</strong></span> <span class='ocrx_word' id='word_1_519' title='bbox 2813 3476 3078 3547; x_wconf 84' lang='grc' dir='ltr'>πραῖδαν,</span> <span class='ocrx_word' id='word_1_520' title='bbox 3126 3477 3325 3541; x_wconf 75' lang='grc' dir='ltr'>νυκτὸς</span> <span class='ocrx_word' id='word_1_521' title='bbox 3386 3477 3630 3547; x_wconf 78' lang='grc' dir='ltr'><strong>ἔφυγον·</strong></span> <span class='ocrx_word' id='word_1_522' title='bbox 3684 3479 3783 3531; x_wconf 74' lang='grc' dir='ltr'><strong>καὶ</strong></span> 
     </span>
    </p>
   </div>
   <div class='ocr_carea' id='block_1_81' title="bbox 2204 3566 3781 3643">
    <p class='ocr_par' dir='ltr' id='par_1_81' title="bbox 2204 3566 3781 3643">
     <span class='ocr_line' id='line_1_81' title="bbox 2204 3566 3781 3643; baseline -0.003 -20"><span class='ocrx_word' id='word_1_523' title='bbox 2204 3570 2392 3643; x_wconf 86' lang='grc' dir='ltr'>μαθὼν</span> <span class='ocrx_word' id='word_1_524' title='bbox 2420 3567 2593 3621; x_wconf 81' lang='grc' dir='ltr'>ταῦτα</span> <span class='ocrx_word' id='word_1_525' title='bbox 2623 3566 2944 3637; x_wconf 86' lang='grc' dir='ltr'>Βελισάριος</span> <span class='ocrx_word' id='word_1_526' title='bbox 2974 3567 3069 3621; x_wconf 72' lang='grc' dir='ltr'>καὶ</span> <span class='ocrx_word' id='word_1_527' title='bbox 3097 3569 3145 3621; x_wconf 79' lang='grc' dir='ltr'>οἱ</span> <span class='ocrx_word' id='word_1_528' title='bbox 3190 3567 3416 3639; x_wconf 76' lang='grc' dir='ltr'>ἑξαρχοι</span> <span class='ocrx_word' id='word_1_529' title='bbox 3468 3568 3781 3638; x_wconf 79' lang='grc' dir='ltr'>Ῥωμαίων,</span> 
     </span>
    </p>
   </div>
   <div class='ocr_carea' id='block_1_82' title="bbox 2198 3655 3787 3733">
    <p class='ocr_par' dir='ltr' id='par_1_82' title="bbox 2198 3655 3787 3733">
     <span class='ocr_line' id='line_1_82' title="bbox 2198 3655 3787 3733; baseline -0.002 -21"><span class='ocrx_word' id='word_1_530' title='bbox 2198 3656 2586 3724; x_wconf 80' lang='grc' dir='ltr'>ἐπιδιώξαντες</span> <span class='ocrx_word' id='word_1_531' title='bbox 2639 3655 2944 3733; x_wconf 68' lang='grc' dir='ltr'>κατέλαϐον</span> <span class='ocrx_word' id='word_1_532' title='bbox 2999 3656 3237 3720; x_wconf 79' lang='grc' dir='ltr'>αὐτούς·</span> <span class='ocrx_word' id='word_1_533' title='bbox 3293 3658 3386 3710; x_wconf 83' lang='grc' dir='ltr'><strong>καὶ</strong></span> <span class='ocrx_word' id='word_1_534' title='bbox 3441 3657 3787 3727; x_wconf 71' lang='grc' dir='ltr'>στραφέντες</span> 
     </span>
    </p>
   </div>
   <div class='ocr_carea' id='block_1_83' title="bbox 2200 3746 3788 3822">
    <p class='ocr_par' dir='ltr' id='par_1_83' title="bbox 2200 3746 3788 3822">
     <span class='ocr_line' id='line_1_83' title="bbox 2200 3746 3788 3822; baseline -0.002 -19"><span class='ocrx_word' id='word_1_535' title='bbox 2200 3748 2357 3822; x_wconf 75' lang='grc'>[202]</span> <span class='ocrx_word' id='word_1_536' title='bbox 2407 3750 2455 3801; x_wconf 89' lang='grc' dir='ltr'><strong>οἱ</strong></span> <span class='ocrx_word' id='word_1_537' title='bbox 2507 3747 2715 3817; x_wconf 80' lang='grc' dir='ltr'>Πέρσαι</span> <span class='ocrx_word' id='word_1_538' title='bbox 2766 3746 3004 3818; x_wconf 76' lang='grc' dir='ltr'>ἔστησαν</span> <span class='ocrx_word' id='word_1_539' title='bbox 3028 3786 3044 3811; x_wconf 87' lang='grc'><em>,</em></span> <span class='ocrx_word' id='word_1_540' title='bbox 3090 3748 3186 3801; x_wconf 77' lang='grc' dir='ltr'>καὶ</span> <span class='ocrx_word' id='word_1_541' title='bbox 3229 3748 3494 3813; x_wconf 79' lang='grc' dir='ltr'>τάξαντες</span> <span class='ocrx_word' id='word_1_542' title='bbox 3554 3748 3788 3811; x_wconf 58' lang='grc' dir='ltr'>ἑαυτοὺς</span> 
     </span>
    </p>
   </div>
   <div class='ocr_carea' id='block_1_84' title="bbox 2198 3837 3790 3911">
    <p class='ocr_par' dir='ltr' id='par_1_84' title="bbox 2198 3837 3790 3911">
     <span class='ocr_line' id='line_1_84' title="bbox 2198 3837 3790 3911; baseline -0.002 -17"><span class='ocrx_word' id='word_1_543' title='bbox 2198 3842 2517 3911; x_wconf 73' lang='grc' dir='ltr'>ἐσκήνωσαν</span> <span class='ocrx_word' id='word_1_544' title='bbox 2542 3839 2637 3892; x_wconf 73' lang='grc' dir='ltr'>ἐπὶ</span> <span class='ocrx_word' id='word_1_545' title='bbox 2664 3837 2726 3891; x_wconf 87' lang='grc' dir='ltr'>τδ</span> <span class='ocrx_word' id='word_1_546' title='bbox 2749 3837 2966 3909; x_wconf 88' lang='grc' dir='ltr'>λίμιτον</span> <span class='ocrx_word' id='word_1_547' title='bbox 2996 3839 3176 3910; x_wconf 88' lang='grc' dir='ltr'>πέραν</span> <span class='ocrx_word' id='word_1_548' title='bbox 3203 3838 3297 3893; x_wconf 81' lang='grc' dir='ltr'><strong>τοῦ</strong></span> <span class='ocrx_word' id='word_1_549' title='bbox 3337 3838 3630 3910; x_wconf 78' lang='grc' dir='ltr'>Εὐφράτου</span> <span class='ocrx_word' id='word_1_550' title='bbox 3658 3839 3790 3909; x_wconf 58' lang='lat' dir='ltr'><strong>ﬂou-</strong></span> 
     </span>
    </p>
   </div>
   <div class='ocr_carea' id='block_1_85' title="bbox 2201 3928 3791 4003">
    <p class='ocr_par' dir='ltr' id='par_1_85' title="bbox 2201 3928 3791 4003">
     <span class='ocr_line' id='line_1_85' title="bbox 2201 3928 3791 4003; baseline -0.001 -20"><span class='ocrx_word' id='word_1_551' title='bbox 2201 3931 2506 4003; x_wconf 88' lang='grc' dir='ltr'>λευόμενοι.</span> <span class='ocrx_word' id='word_1_552' title='bbox 2528 3928 2761 4000; x_wconf 82' lang='grc' dir='ltr'>Ὁμοίως</span> <span class='ocrx_word' id='word_1_553' title='bbox 2780 3929 2840 3981; x_wconf 79' lang='grc' dir='ltr'>δὲ</span> <span class='ocrx_word' id='word_1_554' title='bbox 2864 3929 3026 3983; x_wconf 77' lang='grc' dir='ltr'>καὶόί</span> <span class='ocrx_word' id='word_1_555' title='bbox 3057 3928 3282 4000; x_wconf 79' lang='grc' dir='ltr'>ἑξαρχοι</span> <span class='ocrx_word' id='word_1_556' title='bbox 3299 3929 3590 4000; x_wconf 84' lang='grc' dir='ltr'>Ῥωμαίων</span> <span class='ocrx_word' id='word_1_557' title='bbox 3618 3947 3791 4000; x_wconf 81' lang='grc' dir='ltr'>στρα-</span> 
     </span>
    </p>
   </div>
   <div class='ocr_carea' id='block_1_86' title="bbox 2200 4020 3791 4092">
    <p class='ocr_par' dir='ltr' id='par_1_86' title="bbox 2200 4020 3791 4092">
     <span class='ocr_line' id='line_1_86' title="bbox 2200 4020 3791 4092; baseline -0.001 -16"><span class='ocrx_word' id='word_1_558' title='bbox 2200 4022 2600 4092; x_wconf 87' lang='grc' dir='ltr'>τολογήσαντες</span> <span class='ocrx_word' id='word_1_559' title='bbox 2634 4020 2869 4091; x_wconf 77' lang='grc' dir='ltr'>ἔστησαν</span> <span class='ocrx_word' id='word_1_560' title='bbox 2898 4021 3192 4074; x_wconf 84' lang='grc' dir='ltr'>κατέναντι</span> <span class='ocrx_word' id='word_1_561' title='bbox 3222 4020 3331 4073; x_wconf 83' lang='grc' dir='ltr'>τῶν</span> <span class='ocrx_word' id='word_1_562' title='bbox 3362 4021 3615 4092; x_wconf 84' lang='grc' dir='ltr'>Περσῶν,</span> <span class='ocrx_word' id='word_1_563' title='bbox 3643 4022 3791 4074; x_wconf 80' lang='grc' dir='ltr'><strong>κατά</strong></span> 
     </span>
    </p>
   </div>
   <div class='ocr_carea' id='block_1_87' title="bbox 2200 4112 3786 4185">
    <p class='ocr_par' dir='ltr' id='par_1_87' title="bbox 2200 4112 3786 4185">
     <span class='ocr_line' id='line_1_87' title="bbox 2200 4112 3786 4185; baseline -0.002 -16"><span class='ocrx_word' id='word_1_564' title='bbox 2200 4113 2373 4169; x_wconf 89' lang='grc' dir='ltr'>νώτου</span> <span class='ocrx_word' id='word_1_565' title='bbox 2406 4113 2622 4168; x_wconf 81' lang='grc' dir='ltr'>ἑαυτῶν</span> <span class='ocrx_word' id='word_1_566' title='bbox 2668 4114 2935 4181; x_wconf 81' lang='grc' dir='ltr'>τάξαντες</span> <span class='ocrx_word' id='word_1_567' title='bbox 2960 4112 3051 4166; x_wconf 79' lang='grc' dir='ltr'><strong>τὸν</strong></span> <span class='ocrx_word' id='word_1_568' title='bbox 3086 4113 3404 4183; x_wconf 80' lang='grc' dir='ltr'>Εὐφράτην.</span> <span class='ocrx_word' id='word_1_569' title='bbox 3459 4112 3786 4185; x_wconf 87' lang='grc' dir='ltr'>Βελισαρίου</span> 
     </span>
    </p>
   </div>
   <div class='ocr_carea' id='block_1_88' title="bbox 2202 4200 3790 4277">
    <p class='ocr_par' dir='ltr' id='par_1_88' title="bbox 2202 4200 3790 4277">
     <span class='ocr_line' id='line_1_88' title="bbox 2202 4200 3790 4277; baseline -0.001 -18"><span class='ocrx_word' id='word_1_570' title='bbox 2202 4200 2600 4277; x_wconf 73' lang='grc' dir='ltr'>ἐπιτρέψαντος</span> <span class='ocrx_word' id='word_1_571' title='bbox 2618 4203 2688 4259; x_wconf 90' lang='grc' dir='ltr'><strong>τά</strong></span> <span class='ocrx_word' id='word_1_572' title='bbox 2710 4205 2873 4259; x_wconf 78' lang='grc' dir='ltr'>πλοῖα</span> <span class='ocrx_word' id='word_1_573' title='bbox 2894 4204 3049 4276; x_wconf 85' lang='grc' dir='ltr'>παρὰ</span> <span class='ocrx_word' id='word_1_574' title='bbox 3074 4204 3174 4269; x_wconf 82' lang='grc' dir='ltr'><strong>τάς</strong></span> <span class='ocrx_word' id='word_1_575' title='bbox 3207 4202 3376 4275; x_wconf 73' lang='grc' dir='ltr'>ὄχθας</span> <span class='ocrx_word' id='word_1_576' title='bbox 3401 4203 3498 4258; x_wconf 83' lang='grc' dir='ltr'>τοῦ</span> <span class='ocrx_word' id='word_1_577' title='bbox 3530 4206 3790 4275; x_wconf 82' lang='grc' dir='ltr'>ποταμοῦ</span> 
     </span>
    </p>
   </div>
   <div class='ocr_carea' id='block_1_89' title="bbox 1778 4359 2448 4420">
    <p class='ocr_par' dir='ltr' id='par_1_89' title="bbox 1778 4359 2448 4420">
     <span class='ocr_line' id='line_1_89' title="bbox 1778 4359 2448 4420; baseline 0.01 -7"><span class='ocrx_word' id='word_1_578' title='bbox 1778 4359 2018 4417; x_wconf 75' lang='lat' dir='ltr'><strong>VARle</strong></span> <span class='ocrx_word' id='word_1_579' title='bbox 2044 4362 2448 4420; x_wconf 83' lang='lat' dir='ltr'><strong>LECTIONES.</strong></span> 
     </span>
    </p>
   </div>
   <div class='ocr_carea' id='block_1_90' title="bbox 595 4466 2116 4541">
    <p class='ocr_par' dir='ltr' id='par_1_90' title="bbox 595 4466 2116 4541">
     <span class='ocr_line' id='line_1_90' title="bbox 595 4466 2116 4541; baseline 0.001 -16"><span class='ocrx_word' id='word_1_580' title='bbox 595 4472 642 4506; x_wconf 80' lang='grc'><strong>⁵⁸</strong></span> <span class='ocrx_word' id='word_1_581' title='bbox 670 4470 934 4536; x_wconf 79' lang='grc' dir='ltr'>ἐξετάσας</span> <span class='ocrx_word' id='word_1_582' title='bbox 974 4466 1104 4541; x_wconf 79' lang='lat' dir='ltr'><strong>C_h.,</strong></span> <span class='ocrx_word' id='word_1_583' title='bbox 1147 4467 1440 4541; x_wconf 56' lang='lat' dir='ltr'><strong>sgattaagc</strong></span> <span class='ocrx_word' id='word_1_584' title='bbox 1461 4467 1565 4541; x_wconf 72' lang='lat' dir='ltr'><strong>_Ox_.</strong></span> <span class='ocrx_word' id='word_1_585' title='bbox 1624 4470 1687 4541; x_wconf 60' lang='grc' dir='ltr'>ξ’</span> <span class='ocrx_word' id='word_1_586' title='bbox 1717 4470 2116 4541; x_wconf 75' lang='grc' dir='ltr'>Βάρῦαισισσὸν</span> 
     </span>
    </p>
   </div>
   <div class='ocr_carea' id='block_1_91' title="bbox 2148 4474 3791 4557">
    <p class='ocr_par' dir='ltr' id='par_1_91' title="bbox 2148 4474 3791 4557">
     <span class='ocr_line' id='line_1_91' title="bbox 2148 4474 3791 4557; baseline 0.001 -30"><span class='ocrx_word' id='word_1_587' title='bbox 2148 4474 2259 4557; x_wconf 54' lang='grc' dir='ltr'><strong>τὴν·</strong></span> <span class='ocrx_word' id='word_1_588' title='bbox 2276 4475 2455 4557; x_wconf 75' lang='grc' dir='ltr'>πόλιν.</span> <span class='ocrx_word' id='word_1_589' title='bbox 2498 4474 2651 4557; x_wconf 36' lang='grc' dir='ltr'>ξηίξρξ</span> <span class='ocrx_word' id='word_1_590' title='bbox 2683 4474 3060 4557; x_wconf 45' lang='lat' dir='ltr'><strong>Bap-Sanctia?)</strong></span> <span class='ocrx_word' id='word_1_591' title='bbox 3093 4479 3364 4557; x_wconf 58' lang='lat' dir='ltr'><strong>tpppupiou</strong></span> <span class='ocrx_word' id='word_1_592' title='bbox 3394 4477 3448 4531; x_wconf 92' lang='lat' dir='ltr'><strong>in</strong></span> <span class='ocrx_word' id='word_1_593' title='bbox 3472 4476 3791 4557; x_wconf 60' lang='lat' dir='ltr'><strong>hiscepar-</strong></span> 
     </span>
    </p>
   </div>
   <div class='ocr_carea' id='block_1_92' title="bbox 519 4536 3788 4608">
    <p class='ocr_par' dir='ltr' id='par_1_92' title="bbox 519 4536 3788 4608">
     <span class='ocr_line' id='line_1_92' title="bbox 519 4536 3788 4608; baseline 0 -8"><span class='ocrx_word' id='word_1_594' title='bbox 519 4543 676 4600; x_wconf 85' lang='lat' dir='ltr'><strong>tibus</strong></span> <span class='ocrx_word' id='word_1_595' title='bbox 708 4542 959 4596; x_wconf 87' lang='lat' dir='ltr'><strong>meminit</strong></span> <span class='ocrx_word' id='word_1_596' title='bbox 1001 4538 1328 4608; x_wconf 84' lang='lat' dir='ltr'><strong>Procopius,</strong></span> <span class='ocrx_word' id='word_1_597' title='bbox 1357 4536 1434 4608; x_wconf 88' lang='lat' dir='ltr'><strong>De</strong></span> <span class='ocrx_word' id='word_1_598' title='bbox 1458 4539 1588 4594; x_wconf 88' lang='lat' dir='ltr'><strong>bell.</strong></span> <span class='ocrx_word' id='word_1_599' title='bbox 1623 4538 1776 4595; x_wconf 87' lang='lat' dir='ltr'><strong>Pers.</strong></span> <span class='ocrx_word' id='word_1_600' title='bbox 1802 4536 1915 4596; x_wconf 65' lang='lat' dir='ltr'><strong>&#39;iib.</strong></span> <span class='ocrx_word' id='word_1_601' title='bbox 1951 4558 2013 4605; x_wconf 82' lang='grc' dir='ltr'><strong>ιι,</strong></span> <span class='ocrx_word' id='word_1_602' title='bbox 2052 4551 2108 4598; x_wconf 89' lang='lat' dir='ltr'><strong>et</strong></span> <span class='ocrx_word' id='word_1_603' title='bbox 2134 4536 2441 4601; x_wconf 58' lang='lat' dir='ltr'><strong>de&#39;Jnstin.</strong></span> <span class='ocrx_word' id='word_1_604' title='bbox 2482 4544 2707 4599; x_wconf 70' lang='lat' dir='ltr'><strong>IEdiiic.</strong></span> <span class='ocrx_word' id='word_1_605' title='bbox 2747 4536 2844 4600; x_wconf 79' lang='lat' dir='ltr'><strong>lib.</strong></span> <span class='ocrx_word' id='word_1_606' title='bbox 2874 4560 2937 4599; x_wconf 85' lang='grc' dir='ltr'><strong>ιι.</strong></span> <span class='ocrx_word' id='word_1_607' title='bbox 2973 4536 3275 4603; x_wconf 65' lang='grc' dir='ltr'>[αότιὸίιοὸ</span> <span class='ocrx_word' id='word_1_608' title='bbox 3317 4548 3608 4603; x_wconf 82' lang='lat' dir='ltr'><strong>castellum</strong></span> <span class='ocrx_word' id='word_1_609' title='bbox 3642 4536 3788 4603; x_wconf 77' lang='lat' dir='ltr'><strong>idem</strong></span> 
     </span>
    </p>
   </div>
   <div class='ocr_carea' id='block_1_93' title="bbox 521 4607 2160 4679">
    <p class='ocr_par' dir='ltr' id='par_1_93' title="bbox 521 4607 2160 4679">
     <span class='ocr_line' id='line_1_93' title="bbox 521 4607 2160 4679; baseline -0.001 -8"><span class='ocrx_word' id='word_1_610' title='bbox 521 4615 596 4671; x_wconf 82' lang='lat' dir='ltr'><strong>sit</strong></span> <span class='ocrx_word' id='word_1_611' title='bbox 641 4627 767 4670; x_wconf 89' lang='lat' dir='ltr'><strong>cum</strong></span> <span class='ocrx_word' id='word_1_612' title='bbox 799 4610 1040 4667; x_wconf 86' lang='lat' dir='ltr'><strong>auctoris</strong></span> <span class='ocrx_word' id='word_1_613' title='bbox 1072 4609 1251 4665; x_wconf 90' lang='lat' dir='ltr'><strong>nostri</strong></span> <span class='ocrx_word' id='word_1_614' title='bbox 1274 4607 1656 4679; x_wconf 77' lang='grc' dir='ltr'>Βαρὸαισισσῷ</span> <span class='ocrx_word' id='word_1_615' title='bbox 1680 4611 1964 4667; x_wconf 88' lang='lat' dir='ltr'><strong>urbecula.</strong></span> <span class='ocrx_word' id='word_1_616' title='bbox 2005 4633 2021 4666; x_wconf 79' lang='grc' dir='ltr'><strong>ι</strong></span> <span class='ocrx_word' id='word_1_617' title='bbox 2057 4613 2160 4669; x_wconf 90' lang='lat' dir='ltr'><strong>Ch.</strong></span> 
     </span>
    </p>
   </div>
   <div class='ocr_carea' id='block_1_94' title="bbox 2257 4613 3568 4688">
    <p class='ocr_par' dir='ltr' id='par_1_94' title="bbox 2257 4613 3568 4688">
     <span class='ocr_line' id='line_1_94' title="bbox 2257 4613 3568 4688; baseline 0.001 -20"><span class='ocrx_word' id='word_1_618' title='bbox 2257 4615 2302 4647; x_wconf 81' lang='grc'><strong>⁶⁰</strong></span> <span class='ocrx_word' id='word_1_619' title='bbox 2331 4615 2630 4684; x_wconf 86' lang='grc' dir='ltr'>ἑπάροντες</span> <span class='ocrx_word' id='word_1_620' title='bbox 2657 4614 2760 4671; x_wconf 77' lang='lat' dir='ltr'><strong>Ox.</strong></span> <span class='ocrx_word' id='word_1_621' title='bbox 2787 4613 2913 4670; x_wconf 77' lang='lat' dir='ltr'><strong>Vid.</strong></span> <span class='ocrx_word' id='word_1_622' title='bbox 2935 4615 3004 4671; x_wconf 83' lang='lat' dir='ltr'><strong>ad</strong></span> <span class='ocrx_word' id='word_1_623' title='bbox 3032 4616 3242 4687; x_wconf 83' lang='lat' dir='ltr'><strong>Chron.</strong></span> <span class='ocrx_word' id='word_1_624' title='bbox 3278 4633 3330 4688; x_wconf 87' lang='lat' dir='ltr'><strong>p.</strong></span> <span class='ocrx_word' id='word_1_625' title='bbox 3362 4616 3469 4673; x_wconf 81' lang='lat'><strong>595</strong></span> <span class='ocrx_word' id='word_1_626' title='bbox 3502 4615 3568 4670; x_wconf 93' lang='lat' dir='ltr'><strong>D.</strong></span> 
     </span>
    </p>
   </div>
   <div class='ocr_carea' id='block_1_95' title="bbox 1734 4758 2518 4827">
    <p class='ocr_par' dir='ltr' id='par_1_95' title="bbox 1734 4758 2518 4827">
     <span class='ocr_line' id='line_1_95' title="bbox 1734 4758 2518 4827; baseline 0.004 -5"><span class='ocrx_word' id='word_1_627' title='bbox 1734 4762 1846 4822; x_wconf 82' lang='grc' dir='ltr'><strong>ΕΙ).</strong></span> <span class='ocrx_word' id='word_1_628' title='bbox 1885 4760 2256 4824; x_wconf 78' lang='lat' dir='ltr'><strong>CHILMEADI</strong></span> <span class='ocrx_word' id='word_1_629' title='bbox 2284 4758 2518 4827; x_wconf 70' lang='lat' dir='ltr'><strong>NOTAE.</strong></span> 
     </span>
    </p>
   </div>
   <div class='ocr_carea' id='block_1_96' title="bbox 622 4881 1797 4956">
    <p class='ocr_par' dir='ltr' id='par_1_96' title="bbox 622 4881 1797 4956">
     <span class='ocr_line' id='line_1_96' title="bbox 622 4881 1797 4956; baseline 0.003 -22"><span class='ocrx_word' id='word_1_630' title='bbox 748 4883 918 4956; x_wconf 48' lang='lat' dir='ltr'><strong>:Exon</strong></span> <span class='ocrx_word' id='word_1_631' title='bbox 945 4882 1377 4956; x_wconf 81' lang='grc' dir='ltr'>παρακείμενον.</span> <span class='ocrx_word' id='word_1_632' title='bbox 1407 4882 1797 4956; x_wconf 36' lang='grc' dir='ltr'>δοηηέχοντοςι</span> 
     </span>
    </p>
   </div>
   <div class='ocr_carea' id='block_1_97' title="bbox 624 4953 2103 5024">
    <p class='ocr_par' dir='ltr' id='par_1_97' title="bbox 624 4953 2103 5024">
     <span class='ocr_line' id='line_1_97' title="bbox 624 4953 2103 5024; baseline 0.004 -20"><span class='ocrx_word' id='word_1_633' title='bbox 624 4953 713 5015; x_wconf 77' lang='grc'><strong>15)</strong></span> <span class='ocrx_word' id='word_1_634' title='bbox 751 4953 923 5024; x_wconf 86' lang='grc' dir='ltr'>Πέριξ</span> <span class='ocrx_word' id='word_1_635' title='bbox 949 4953 1043 5007; x_wconf 79' lang='grc' dir='ltr'><strong>τοῦ</strong></span> <span class='ocrx_word' id='word_1_636' title='bbox 1082 4953 1358 5022; x_wconf 82' lang='grc' dir='ltr'>φοσσάτου</span> <span class='ocrx_word' id='word_1_637' title='bbox 1390 4953 1677 5023; x_wconf 83' lang='grc' dir='ltr'>τριϐόλους</span> <span class='ocrx_word' id='word_1_638' title='bbox 1717 4953 1992 5024; x_wconf 84' lang='grc' dir='ltr'>σιδηροῦς.</span> <span class='ocrx_word' id='word_1_639' title='bbox 2026 4954 2103 5010; x_wconf 88' lang='lat' dir='ltr'><strong>De</strong></span> 
     </span>
    </p>
   </div>
   <div class='ocr_carea' id='block_1_98' title="bbox 530 5021 2103 5094">
    <p class='ocr_par' dir='ltr' id='par_1_98' title="bbox 530 5021 2103 5094">
     <span class='ocr_line' id='line_1_98' title="bbox 530 5021 2103 5094; baseline 0.004 -20"><span class='ocrx_word' id='word_1_640' title='bbox 530 5021 754 5075; x_wconf 72' lang='lat' dir='ltr'><strong>Fossam</strong></span> <span class='ocrx_word' id='word_1_641' title='bbox 786 5021 952 5094; x_wconf 81' lang='lat' dir='ltr'><strong>supra</strong></span> <span class='ocrx_word' id='word_1_642' title='bbox 991 5021 1250 5094; x_wconf 79' lang='lat' dir='ltr'><strong>diximus,</strong></span> <span class='ocrx_word' id='word_1_643' title='bbox 1286 5025 1351 5077; x_wconf 88' lang='lat' dir='ltr'><strong>ad</strong></span> <span class='ocrx_word' id='word_1_644' title='bbox 1401 5021 1499 5079; x_wconf 86' lang='lat' dir='ltr'><strong>lib.</strong></span> <span class='ocrx_word' id='word_1_645' title='bbox 1532 5039 1634 5078; x_wconf 78' lang='lat' dir='ltr'><strong>xu.</strong></span> <span class='ocrx_word' id='word_1_646' title='bbox 1666 5021 1929 5079; x_wconf 76' lang='lat' dir='ltr'><strong>Tribulus</strong></span> <span class='ocrx_word' id='word_1_647' title='bbox 1976 5040 2103 5081; x_wconf 89' lang='lat' dir='ltr'><strong>vero</strong></span> 
     </span>
    </p>
   </div>
   <div class='ocr_carea' id='block_1_99' title="bbox 524 5092 2105 5164">
    <p class='ocr_par' dir='ltr' id='par_1_99' title="bbox 524 5092 2105 5164">
     <span class='ocr_line' id='line_1_99' title="bbox 524 5092 2105 5164; baseline 0.003 -19"><span class='ocrx_word' id='word_1_648' title='bbox 524 5101 647 5145; x_wconf 89' lang='lat' dir='ltr'><strong>erat</strong></span> <span class='ocrx_word' id='word_1_649' title='bbox 672 5092 927 5164; x_wconf 82' lang='lat' dir='ltr'><strong>machina</strong></span> <span class='ocrx_word' id='word_1_650' title='bbox 959 5093 1206 5164; x_wconf 68' lang='lat' dir='ltr'><strong>quaedam</strong></span> <span class='ocrx_word' id='word_1_651' title='bbox 1246 5095 1436 5164; x_wconf 72' lang='lat' dir='ltr'><strong>figurae</strong></span> <span class='ocrx_word' id='word_1_652' title='bbox 1466 5094 1839 5163; x_wconf 72' lang='lat' dir='ltr'><strong>triangularis,</strong></span> <span class='ocrx_word' id='word_1_653' title='bbox 1872 5110 1940 5149; x_wconf 80' lang='lat' dir='ltr'><strong>ex</strong></span> <span class='ocrx_word' id='word_1_654' title='bbox 1969 5109 2105 5164; x_wconf 83' lang='lat' dir='ltr'><strong>qua-</strong></span> 
     </span>
    </p>
   </div>
   <div class='ocr_carea' id='block_1_100' title="bbox 528 5162 2101 5234">
    <p class='ocr_par' dir='ltr' id='par_1_100' title="bbox 528 5162 2101 5234">
     <span class='ocr_line' id='line_1_100' title="bbox 528 5162 2101 5234; baseline 0.004 -20"><span class='ocrx_word' id='word_1_655' title='bbox 528 5173 652 5215; x_wconf 91' lang='lat' dir='ltr'><strong>tuor</strong></span> <span class='ocrx_word' id='word_1_656' title='bbox 680 5162 859 5217; x_wconf 87' lang='lat' dir='ltr'><strong>acntis</strong></span> <span class='ocrx_word' id='word_1_657' title='bbox 896 5162 1070 5218; x_wconf 82' lang='lat' dir='ltr'><strong>clavis</strong></span> <span class='ocrx_word' id='word_1_658' title='bbox 1100 5162 1308 5234; x_wconf 40' lang='lat' dir='ltr'><strong>ferreis“</strong></span> <span class='ocrx_word' id='word_1_659' title='bbox 1329 5162 1627 5227; x_wconf 86' lang='lat' dir='ltr'><strong>constans,</strong></span> <span class='ocrx_word' id='word_1_660' title='bbox 1652 5165 1725 5218; x_wconf 88' lang='lat' dir='ltr'><strong>ita</strong></span> <span class='ocrx_word' id='word_1_661' title='bbox 1757 5162 2101 5234; x_wconf 88' lang='lat' dir='ltr'><strong>compositis,</strong></span> 
     </span>
    </p>
   </div>
   <div class='ocr_carea' id='block_1_101' title="bbox 529 5232 2106 5304">
    <p class='ocr_par' dir='ltr' id='par_1_101' title="bbox 529 5232 2106 5304">
     <span class='ocr_line' id='line_1_101' title="bbox 529 5232 2106 5304; baseline 0.004 -20"><span class='ocrx_word' id='word_1_662' title='bbox 529 5239 941 5304; x_wconf 86' lang='lat' dir='ltr'><strong>u_t_quacunque</strong></span> <span class='ocrx_word' id='word_1_663' title='bbox 995 5232 1379 5302; x_wconf 80' lang='lat' dir='ltr'><strong>projiceretur,</strong></span> <span class='ocrx_word' id='word_1_664' title='bbox 1429 5243 1671 5304; x_wconf 86' lang='lat' dir='ltr'><strong>erectam</strong></span> <span class='ocrx_word' id='word_1_665' title='bbox 1729 5232 1945 5304; x_wconf 78' lang='lat' dir='ltr'><strong>semper</strong></span> <span class='ocrx_word' id='word_1_666' title='bbox 1974 5250 2106 5291; x_wconf 83' lang='lat' dir='ltr'><strong>cus-</strong></span> 
     </span>
    </p>
   </div>
   <div class='ocr_carea' id='block_1_102' title="bbox 529 5300 2105 5374">
    <p class='ocr_par' dir='ltr' id='par_1_102' title="bbox 529 5300 2105 5374">
     <span class='ocr_line' id='line_1_102' title="bbox 529 5300 2105 5374; baseline 0.004 -21"><span class='ocrx_word' id='word_1_667' title='bbox 529 5300 708 5368; x_wconf 90' lang='lat' dir='ltr'><strong>pidem</strong></span> <span class='ocrx_word' id='word_1_668' title='bbox 738 5300 902 5356; x_wconf 87' lang='lat' dir='ltr'><strong>unam</strong></span> <span class='ocrx_word' id='word_1_669' title='bbox 937 5300 1182 5374; x_wconf 77' lang='lat' dir='ltr'><strong>haberet,</strong></span> <span class='ocrx_word' id='word_1_670' title='bbox 1206 5312 1366 5373; x_wconf 83' lang='lat' dir='ltr'><strong>atque</strong></span> <span class='ocrx_word' id='word_1_671' title='bbox 1392 5304 1496 5357; x_wconf 89' lang='lat' dir='ltr'><strong>hoc</strong></span> <span class='ocrx_word' id='word_1_672' title='bbox 1528 5303 1691 5374; x_wconf 83' lang='lat' dir='ltr'><strong>modo</strong></span> <span class='ocrx_word' id='word_1_673' title='bbox 1713 5300 2105 5374; x_wconf 75' lang='lat' dir='ltr'><strong>impedimento</strong></span> 
     </span>
    </p>
   </div>
   <div class='ocr_carea' id='block_1_103' title="bbox 527 5372 2098 5442">
    <p class='ocr_par' dir='ltr' id='par_1_103' title="bbox 527 5372 2098 5442">
     <span class='ocr_line' id='line_1_103' title="bbox 527 5372 2098 5442; baseline 0.003 -18"><span class='ocrx_word' id='word_1_674' title='bbox 527 5378 646 5442; x_wconf 73' lang='lat' dir='ltr'><strong>erat</strong></span> <span class='ocrx_word' id='word_1_675' title='bbox 699 5379 813 5425; x_wconf 89' lang='lat' dir='ltr'><strong>tum</strong></span> <span class='ocrx_word' id='word_1_676' title='bbox 862 5372 1140 5441; x_wconf 89' lang='lat' dir='ltr'><strong>peditum,</strong></span> <span class='ocrx_word' id='word_1_677' title='bbox 1189 5372 1303 5429; x_wconf 90' lang='lat' dir='ltr'><strong>tum</strong></span> <span class='ocrx_word' id='word_1_678' title='bbox 1363 5374 1607 5442; x_wconf 89' lang='lat' dir='ltr'><strong>equitum</strong></span> <span class='ocrx_word' id='word_1_679' title='bbox 1658 5372 2098 5429; x_wconf 83' lang='lat' dir='ltr'><strong>incursionibus.</strong></span> 
     </span>
    </p>
   </div>
   <div class='ocr_carea' id='block_1_104' title="bbox 528 5439 2102 5514">
    <p class='ocr_par' dir='ltr' id='par_1_104' title="bbox 528 5439 2102 5514">
     <span class='ocr_line' id='line_1_104' title="bbox 528 5439 2102 5514; baseline 0.004 -22"><span class='ocrx_word' id='word_1_680' title='bbox 528 5439 754 5514; x_wconf 62' lang='lat' dir='ltr'><strong>ﬂorum</strong></span> <span class='ocrx_word' id='word_1_681' title='bbox 787 5439 1214 5514; x_wconf 71' lang='lat' dir='ltr'><strong>descriptionem</strong></span> <span class='ocrx_word' id='word_1_682' title='bbox 1265 5439 1578 5514; x_wconf 80' lang='lat' dir='ltr'><strong>accuratam</strong></span> <span class='ocrx_word' id='word_1_683' title='bbox 1637 5443 1899 5500; x_wconf 87' lang='lat' dir='ltr'><strong>habemus</strong></span> <span class='ocrx_word' id='word_1_684' title='bbox 1957 5445 2102 5514; x_wconf 86' lang='lat' dir='ltr'><strong>apud</strong></span> 
     </span>
    </p>
   </div>
   <div class='ocr_carea' id='block_1_105' title="bbox 526 5507 2102 5580">
    <p class='ocr_par' dir='ltr' id='par_1_105' title="bbox 526 5507 2102 5580">
     <span class='ocr_line' id='line_1_105' title="bbox 526 5507 2102 5580; baseline 0.004 -19"><span class='ocrx_word' id='word_1_685' title='bbox 526 5507 875 5580; x_wconf 78' lang='lat' dir='ltr'><strong>ProcOpiuui.</strong></span> <span class='ocrx_word' id='word_1_686' title='bbox 937 5507 1160 5567; x_wconf 55' lang='lat' dir='ltr'><strong>G&#39;othic.</strong></span> <span class='ocrx_word' id='word_1_687' title='bbox 1220 5515 1313 5569; x_wconf 85' lang='lat' dir='ltr'><strong>lib.</strong></span> <span class='ocrx_word' id='word_1_688' title='bbox 1355 5530 1449 5572; x_wconf 87' lang='grc' dir='ltr'>ιιι.</span> <span class='ocrx_word' id='word_1_689' title='bbox 1511 5513 1595 5567; x_wconf 90' lang='lat' dir='ltr'><strong>his</strong></span> <span class='ocrx_word' id='word_1_690' title='bbox 1639 5514 1868 5569; x_wconf 83' lang='lat' dir='ltr'><strong>verbis:</strong></span> <span class='ocrx_word' id='word_1_691' title='bbox 1932 5507 2008 5567; x_wconf 69' lang='grc' dir='ltr'><strong>Οἵ</strong></span> <span class='ocrx_word' id='word_1_692' title='bbox 2044 5515 2102 5567; x_wconf 83' lang='grc' dir='ltr'>δὲ</span> 
     </span>
    </p>
   </div>
   <div class='ocr_carea' id='block_1_106' title="bbox 529 5578 2099 5653">
    <p class='ocr_par' dir='ltr' id='par_1_106' title="bbox 529 5578 2099 5653">
     <span class='ocr_line' id='line_1_106' title="bbox 529 5578 2099 5653; baseline 0.006 -24"><span class='ocrx_word' id='word_1_693' title='bbox 529 5578 769 5653; x_wconf 78' lang='grc' dir='ltr'>τρίϐολοι</span> <span class='ocrx_word' id='word_1_694' title='bbox 804 5582 999 5637; x_wconf 86' lang='grc' dir='ltr'>τοιοίδε</span> <span class='ocrx_word' id='word_1_695' title='bbox 1032 5584 1205 5636; x_wconf 80' lang='grc' dir='ltr'>είσίνο</span> <span class='ocrx_word' id='word_1_696' title='bbox 1258 5583 1543 5653; x_wconf 87' lang='grc' dir='ltr'>σκολόπων</span> <span class='ocrx_word' id='word_1_697' title='bbox 1574 5583 1870 5653; x_wconf 81' lang='grc' dir='ltr'>τεττάρων</span> <span class='ocrx_word' id='word_1_698' title='bbox 1904 5585 2099 5653; x_wconf 78' lang='grc' dir='ltr'>ἰσομή-</span> 
     </span>
    </p>
   </div>
   <div class='ocr_carea' id='block_1_107' title="bbox 531 5650 2098 5725">
    <p class='ocr_par' dir='ltr' id='par_1_107' title="bbox 531 5650 2098 5725">
     <span class='ocr_line' id='line_1_107' title="bbox 531 5650 2098 5725; baseline 0.006 -28"><span class='ocrx_word' id='word_1_699' title='bbox 531 5661 644 5700; x_wconf 81' lang='grc' dir='ltr'>κων</span> <span class='ocrx_word' id='word_1_700' title='bbox 675 5650 907 5719; x_wconf 84' lang='grc' dir='ltr'>μάλιστα</span> <span class='ocrx_word' id='word_1_701' title='bbox 941 5654 1007 5707; x_wconf 73' lang='grc' dir='ltr'>τὰ</span> <span class='ocrx_word' id='word_1_702' title='bbox 1037 5653 1227 5708; x_wconf 74' lang='grc' dir='ltr'>ὄπισθε</span> <span class='ocrx_word' id='word_1_703' title='bbox 1264 5654 1403 5723; x_wconf 71' lang='grc' dir='ltr'>πρὸς</span> <span class='ocrx_word' id='word_1_704' title='bbox 1431 5652 1638 5722; x_wconf 79' lang='grc' dir='ltr'>ἄλληλα</span> <span class='ocrx_word' id='word_1_705' title='bbox 1659 5650 2098 5725; x_wconf 75' lang='grc' dir='ltr'>ἑναρμοσάμενοι</span> 
     </span>
    </p>
   </div>
   <div class='ocr_carea' id='block_1_108' title="bbox 1272 5761 1313 5779">
    <p class='ocr_par' dir='ltr' id='par_1_108' title="bbox 1272 5761 1313 5779">
     <span class='ocr_line' id='line_1_108' title="bbox 1272 5761 1313 5779; baseline 0 0"><span class='ocrx_word' id='word_1_706' title='bbox 1272 5761 1313 5779; x_wconf 62' lang='grc' dir='ltr'><strong><em>ο</em></strong></span> 
     </span>
    </p>
   </div>
   <div class='ocr_carea' id='block_1_109' title="bbox 2135 4887 3793 4958">
    <p class='ocr_par' dir='ltr' id='par_1_109' title="bbox 2135 4887 3793 4958">
     <span class='ocr_line' id='line_1_109' title="bbox 2135 4887 3793 4958; baseline 0.002 -19"><span class='ocrx_word' id='word_1_707' title='bbox 2135 4889 2478 4958; x_wconf 76' lang='grc' dir='ltr'>Βτριγώνου</span> <span class='ocrx_word' id='word_1_708' title='bbox 2540 4888 2727 4958; x_wconf 82' lang='grc' dir='ltr'>σχῆμα</span> <span class='ocrx_word' id='word_1_709' title='bbox 2783 4887 2886 4958; x_wconf 83' lang='grc' dir='ltr'><strong>τὰς</strong></span> <span class='ocrx_word' id='word_1_710' title='bbox 2937 4888 3119 4942; x_wconf 83' lang='grc' dir='ltr'>αὐτῶν</span> <span class='ocrx_word' id='word_1_711' title='bbox 3171 4887 3391 4950; x_wconf 78' lang='grc' dir='ltr'>εὐθείας</span> <span class='ocrx_word' id='word_1_712' title='bbox 3443 4890 3793 4958; x_wconf 82' lang='grc' dir='ltr'>πανταχόθεν</span> 
     </span>
    </p>
   </div>
   <div class='ocr_carea' id='block_1_110' title="bbox 2205 4957 3793 5031">
    <p class='ocr_par' dir='ltr' id='par_1_110' title="bbox 2205 4957 3793 5031">
     <span class='ocr_line' id='line_1_110' title="bbox 2205 4957 3793 5031; baseline 0.001 -21"><span class='ocrx_word' id='word_1_713' title='bbox 2205 4957 2569 5031; x_wconf 42' lang='grc' dir='ltr'>ἐργάζονταί</span> <span class='ocrx_word' id='word_1_714' title='bbox 2610 4957 2706 5031; x_wconf 75' lang='grc' dir='ltr'><strong>καὶ</strong></span> <span class='ocrx_word' id='word_1_715' title='bbox 2738 4957 2935 5031; x_wconf 63' lang='grc' dir='ltr'>αὐτούς</span> <span class='ocrx_word' id='word_1_716' title='bbox 2956 4960 3038 5022; x_wconf 84' lang='grc' dir='ltr'>είς</span> <span class='ocrx_word' id='word_1_717' title='bbox 3064 4958 3163 5031; x_wconf 72' lang='grc' dir='ltr'>τὴν</span> <span class='ocrx_word' id='word_1_718' title='bbox 3191 4958 3298 5027; x_wconf 81' lang='grc' dir='ltr'><strong>γῆν</strong></span> <span class='ocrx_word' id='word_1_719' title='bbox 3320 4959 3453 5031; x_wconf 72' lang='grc' dir='ltr'>ὅπου</span> <span class='ocrx_word' id='word_1_720' title='bbox 3489 4957 3793 5031; x_wconf 81' lang='grc' dir='ltr'>παρατύχῃ</span> 
     </span>
    </p>
   </div>
   <div class='ocr_carea' id='block_1_111' title="bbox 2208 5026 3796 5099">
    <p class='ocr_par' dir='ltr' id='par_1_111' title="bbox 2208 5026 3796 5099">
     <span class='ocr_line' id='line_1_111' title="bbox 2208 5026 3796 5099; baseline 0.001 -20"><span class='ocrx_word' id='word_1_721' title='bbox 2208 5028 2483 5099; x_wconf 71' lang='grc' dir='ltr'>ῥίπτουσι.</span> <span class='ocrx_word' id='word_1_722' title='bbox 2516 5026 2707 5099; x_wconf 75' lang='grc' dir='ltr'>Ταύτῃ</span> <span class='ocrx_word' id='word_1_723' title='bbox 2731 5043 2790 5079; x_wconf 90' lang='grc' dir='ltr'><strong>τε</strong></span> <span class='ocrx_word' id='word_1_724' title='bbox 2835 5026 2944 5080; x_wconf 86' lang='grc' dir='ltr'>τῶν</span> <span class='ocrx_word' id='word_1_725' title='bbox 2982 5026 3264 5099; x_wconf 78' lang='grc' dir='ltr'>σκολόπων</span> <span class='ocrx_word' id='word_1_726' title='bbox 3309 5030 3358 5080; x_wconf 80' lang='lat' dir='ltr'><strong>oi</strong></span> <span class='ocrx_word' id='word_1_727' title='bbox 3396 5026 3796 5099; x_wconf 37' lang='lat' dir='ltr'><strong>psaapeig‘é&#39;é</strong></span> 
     </span>
    </p>
   </div>
   <div class='ocr_carea' id='block_1_112' title="bbox 2204 5096 3799 5167">
    <p class='ocr_par' dir='ltr' id='par_1_112' title="bbox 2204 5096 3799 5167">
     <span class='ocr_line' id='line_1_112' title="bbox 2204 5096 3799 5167; baseline 0 -17"><span class='ocrx_word' id='word_1_728' title='bbox 2204 5096 2268 5150; x_wconf 78' lang='grc' dir='ltr'>τὸ</span> <span class='ocrx_word' id='word_1_729' title='bbox 2294 5097 2492 5164; x_wconf 79' lang='grc' dir='ltr'>ἔδαφος</span> <span class='ocrx_word' id='word_1_730' title='bbox 2521 5096 2850 5167; x_wconf 79' lang='grc' dir='ltr'>ἰσχυρότατα</span> <span class='ocrx_word' id='word_1_731' title='bbox 2884 5099 3149 5163; x_wconf 75' lang='grc' dir='ltr'>ἑστήκασι</span> <span class='ocrx_word' id='word_1_732' title='bbox 3183 5097 3406 5167; x_wconf 88' lang='grc' dir='ltr'>πάντες.</span> <span class='ocrx_word' id='word_1_733' title='bbox 3448 5098 3476 5149; x_wconf 85' lang='grc' dir='ltr'><strong>ὀ</strong></span> <span class='ocrx_word' id='word_1_734' title='bbox 3502 5096 3560 5149; x_wconf 86' lang='grc' dir='ltr'>δὲ</span> <span class='ocrx_word' id='word_1_735' title='bbox 3588 5096 3799 5151; x_wconf 80' lang='grc' dir='ltr'>λειπό-</span> 
     </span>
    </p>
   </div>
   <div class='ocr_carea' id='block_1_113' title="bbox 2281 5166 3795 5237">
    <p class='ocr_par' dir='ltr' id='par_1_113' title="bbox 2281 5166 3795 5237">
     <span class='ocr_line' id='line_1_113' title="bbox 2281 5166 3795 5237; baseline 0.001 -19"><span class='ocrx_word' id='word_1_736' title='bbox 2281 5183 2372 5230; x_wconf 92' lang='grc' dir='ltr'>νος</span> <span class='ocrx_word' id='word_1_737' title='bbox 2401 5167 2608 5237; x_wconf 83' lang='grc' dir='ltr'>ἀνέχων</span> <span class='ocrx_word' id='word_1_738' title='bbox 2642 5166 2823 5237; x_wconf 82' lang='grc' dir='ltr'>μόνος,</span> <span class='ocrx_word' id='word_1_739' title='bbox 2853 5166 3109 5237; x_wconf 74' lang='grc' dir='ltr'>ἐμπόδιον</span> <span class='ocrx_word' id='word_1_740' title='bbox 3130 5166 3358 5237; x_wconf 84' lang='grc' dir='ltr'>ἀνδράσι</span> <span class='ocrx_word' id='word_1_741' title='bbox 3383 5184 3441 5219; x_wconf 81' lang='grc' dir='ltr'><strong>τε</strong></span> <span class='ocrx_word' id='word_1_742' title='bbox 3475 5167 3579 5237; x_wconf 19' lang='grc' dir='ltr'>*καὶ</span> <span class='ocrx_word' id='word_1_743' title='bbox 3601 5167 3795 5231; x_wconf 72' lang='grc' dir='ltr'>ἵπποις</span> 
     </span>
    </p>
   </div>
   <div class='ocr_carea' id='block_1_114' title="bbox 2241 5235 3795 5306">
    <p class='ocr_par' dir='ltr' id='par_1_114' title="bbox 2241 5235 3795 5306">
     <span class='ocr_line' id='line_1_114' title="bbox 2241 5235 3795 5306; baseline -0.001 -16"><span class='ocrx_word' id='word_1_744' title='bbox 2241 5238 2361 5290; x_wconf 71' lang='lat' dir='ltr'><strong>east</strong></span> <span class='ocrx_word' id='word_1_745' title='bbox 2395 5235 2666 5303; x_wconf 82' lang='grc' dir='ltr'>γίγνεται.</span> <span class='ocrx_word' id='word_1_746' title='bbox 2705 5236 2928 5306; x_wconf 88' lang='grc' dir='ltr'>Ὀσάκις</span> <span class='ocrx_word' id='word_1_747' title='bbox 2974 5236 3057 5297; x_wconf 59' lang='grc' dir='ltr'><strong>δέ,</strong></span> <span class='ocrx_word' id='word_1_748' title='bbox 3080 5254 3162 5299; x_wconf 86' lang='grc' dir='ltr'><strong>τις</strong></span> <span class='ocrx_word' id='word_1_749' title='bbox 3199 5235 3392 5288; x_wconf 84' lang='grc' dir='ltr'>τοῦτον</span> <span class='ocrx_word' id='word_1_750' title='bbox 3437 5235 3503 5306; x_wconf 81' lang='grc' dir='ltr'>δὴ</span> <span class='ocrx_word' id='word_1_751' title='bbox 3550 5236 3795 5290; x_wconf 83' lang='grc' dir='ltr'>κυλίνδει</span> 
     </span>
    </p>
   </div>
   <div class='ocr_carea' id='block_1_115' title="bbox 2208 5305 3794 5377">
    <p class='ocr_par' dir='ltr' id='par_1_115' title="bbox 2208 5305 3794 5377">
     <span class='ocr_line' id='line_1_115' title="bbox 2208 5305 3794 5377; baseline 0.001 -19"><span class='ocrx_word' id='word_1_752' title='bbox 2208 5307 2299 5377; x_wconf 73' lang='grc' dir='ltr'>τὸν</span> <span class='ocrx_word' id='word_1_753' title='bbox 2335 5306 2611 5377; x_wconf 53' lang='grc' dir='ltr'><strong>τρίϐολονἰ</strong></span> <span class='ocrx_word' id='word_1_754' title='bbox 2638 5307 2666 5358; x_wconf 90' lang='grc' dir='ltr'>ὁ</span> <span class='ocrx_word' id='word_1_755' title='bbox 2694 5305 2790 5377; x_wconf 85' lang='grc' dir='ltr'><strong>μὲν</strong></span> <span class='ocrx_word' id='word_1_756' title='bbox 2818 5306 2955 5369; x_wconf 85' lang='grc' dir='ltr'>τέως</span> <span class='ocrx_word' id='word_1_757' title='bbox 2978 5308 3056 5377; x_wconf 84' lang='grc' dir='ltr'><strong>ἑκ</strong></span> <span class='ocrx_word' id='word_1_758' title='bbox 3081 5307 3191 5361; x_wconf 86' lang='grc' dir='ltr'><strong>τῶν</strong></span> <span class='ocrx_word' id='word_1_759' title='bbox 3224 5305 3508 5377; x_wconf 79' lang='grc' dir='ltr'>σκολόπων</span> <span class='ocrx_word' id='word_1_760' title='bbox 3536 5307 3639 5377; x_wconf 76' lang='grc' dir='ltr'>τὴν</span> <span class='ocrx_word' id='word_1_761' title='bbox 3661 5308 3794 5359; x_wconf 72' lang='grc' dir='ltr'>εὐθὺ</span> 
     </span>
    </p>
   </div>
   <div class='ocr_carea' id='block_1_116' title="bbox 2203 5374 3798 5448">
    <p class='ocr_par' dir='ltr' id='par_1_116' title="bbox 2203 5374 3798 5448">
     <span class='ocr_line' id='line_1_116' title="bbox 2203 5374 3798 5448; baseline 0.003 -22"><span class='ocrx_word' id='word_1_762' title='bbox 2203 5376 2299 5448; x_wconf 82' lang='grc' dir='ltr'>τοῦ</span> <span class='ocrx_word' id='word_1_763' title='bbox 2331 5374 2492 5444; x_wconf 83' lang='grc' dir='ltr'>ἀέρος</span> <span class='ocrx_word' id='word_1_764' title='bbox 2524 5374 3159 5448; x_wconf 38' lang='grc' dir='ltr'>δρθιον-κληρωσάμενος</span> <span class='ocrx_word' id='word_1_765' title='bbox 3180 5374 3387 5448; x_wconf 78' lang='grc' dir='ltr'>χώραν,</span> <span class='ocrx_word' id='word_1_766' title='bbox 3413 5379 3469 5437; x_wconf 70' lang='grc' dir='ltr'>ἐς</span> <span class='ocrx_word' id='word_1_767' title='bbox 3502 5376 3565 5448; x_wconf 68' lang='grc' dir='ltr'>τὸ</span> <span class='ocrx_word' id='word_1_768' title='bbox 3594 5374 3798 5442; x_wconf 66' lang='grc' dir='ltr'>ἔδαφος</span> 
     </span>
    </p>
   </div>
   <div class='ocr_carea' id='block_1_117' title="bbox 2204 5443 3797 5515">
    <p class='ocr_par' dir='ltr' id='par_1_117' title="bbox 2204 5443 3797 5515">
     <span class='ocr_line' id='line_1_117' title="bbox 2204 5443 3797 5515; baseline 0.001 -17"><span class='ocrx_word' id='word_1_769' title='bbox 2204 5443 2438 5515; x_wconf 72' lang='grc' dir='ltr'>ἕστηκεν</span> <span class='ocrx_word' id='word_1_770' title='bbox 2463 5461 2474 5475; x_wconf 90' lang='grc'><strong>·</strong></span> <span class='ocrx_word' id='word_1_771' title='bbox 2507 5443 2669 5507; x_wconf 82' lang='grc' dir='ltr'>ἄλλος</span> <span class='ocrx_word' id='word_1_772' title='bbox 2707 5443 2765 5496; x_wconf 86' lang='grc' dir='ltr'>δὲ</span> <span class='ocrx_word' id='word_1_773' title='bbox 2799 5443 2915 5501; x_wconf 73' lang='grc' dir='ltr'>ἄντ’</span> <span class='ocrx_word' id='word_1_774' title='bbox 2942 5443 3108 5498; x_wconf 82' lang='grc' dir='ltr'>αὐτοῦ</span> <span class='ocrx_word' id='word_1_775' title='bbox 3148 5443 3472 5515; x_wconf 73' lang='grc' dir='ltr'>γιγνόμενος</span> <span class='ocrx_word' id='word_1_776' title='bbox 3508 5445 3645 5507; x_wconf 77' lang='grc' dir='ltr'><strong>ἄνω,</strong></span> <span class='ocrx_word' id='word_1_777' title='bbox 3677 5449 3797 5509; x_wconf 80' lang='grc' dir='ltr'>τοῖς</span> 
     </span>
    </p>
   </div>
   <div class='ocr_carea' id='block_1_118' title="bbox 2205 5515 3300 5586">
    <p class='ocr_par' dir='ltr' id='par_1_118' title="bbox 2205 5515 3300 5586">
     <span class='ocr_line' id='line_1_118' title="bbox 2205 5515 3300 5586; baseline -0.002 -18"><span class='ocrx_word' id='word_1_778' title='bbox 2205 5519 2421 5569; x_wconf 80' lang='grc' dir='ltr'>ὲπιὲναι</span> <span class='ocrx_word' id='word_1_779' title='bbox 2459 5515 2807 5586; x_wconf 78' lang='grc' dir='ltr'>βουλομένοις</span> <span class='ocrx_word' id='word_1_780' title='bbox 2826 5515 3098 5586; x_wconf 63' lang='grc' dir='ltr'><strong>Δἐμπόδιόν</strong></span> <span class='ocrx_word' id='word_1_781' title='bbox 3130 5518 3300 5586; x_wconf 67' lang='grc' dir='ltr'>ἑστινέ</span> 
     </span>
    </p>
   </div>
   <div class='ocr_carea' id='block_1_119' title="bbox 2277 5580 3766 5657">
    <p class='ocr_par' dir='ltr' id='par_1_119' title="bbox 2277 5580 3766 5657">
     <span class='ocr_line' id='line_1_119' title="bbox 2277 5580 3766 5657; baseline 0.001 -20"><span class='ocrx_word' id='word_1_782' title='bbox 2277 5586 2388 5654; x_wconf 71' lang='grc'><strong>(14)</strong></span> <span class='ocrx_word' id='word_1_783' title='bbox 2440 5580 2709 5650; x_wconf 76' lang='grc' dir='ltr'>Ἐξελθὼν</span> <span class='ocrx_word' id='word_1_784' title='bbox 2743 5580 2885 5657; x_wconf 76' lang='grc' dir='ltr'>πρὸς</span> <span class='ocrx_word' id='word_1_785' title='bbox 2910 5580 3243 5656; x_wconf 83' lang='grc' dir='ltr'>Βελισάριον.</span> <span class='ocrx_word' id='word_1_786' title='bbox 3271 5584 3437 5640; x_wconf 83' lang='lat' dir='ltr'><strong>Forte</strong></span> <span class='ocrx_word' id='word_1_787' title='bbox 3468 5586 3766 5656; x_wconf 75' lang='lat' dir='ltr'><strong>legendum</strong></span> 
     </span>
    </p>
   </div>
   <div class='ocr_carea' id='block_1_120' title="bbox 2166 5657 2444 5727">
    <p class='ocr_par' dir='ltr' id='par_1_120' title="bbox 2166 5657 2444 5727">
     <span class='ocr_line' id='line_1_120' title="bbox 2166 5657 2444 5727; baseline 0.004 -17"><span class='ocrx_word' id='word_1_788' title='bbox 2166 5657 2444 5727; x_wconf 76' lang='grc' dir='ltr'>·ὲξῆλθον.</span> 
     </span>
    </p>
   </div>
  </div>
