3988 6136
292 272 403 336 1577

1270 262 1957 332 CIIRONOGRAPHIA.
1992 298 2061 309 -
2100 275 2250 335 LIB.
2295 276 2516 337 XVIII.

3435 293 3541 357 678

291 381 540 436 ἑστάναι.
553 377 721 443 mea:
741 376 803 431 τὸ
823 377 964 435 κατά
996 374 1347 449 μεσημϐρίαν
1376 379 1542 450 μέρος
1560 380 1854 449 ὲσκήνωσει

1974 381 2169 436 relicto
2227 381 2423 453 (cuius
2476 381 2543 436 ad
2617 382 2767 453 ripas
2842 384 3186 455 navigiorum
3247 392 3544 452 stationem

294 473 526 545 Ἀρέθας
545 471 683 542 μετά
697 471 885 540 Δωροο
893 471 981 524 ἐου
997 473 1090 524 καὶ
1105 468 1686 542 Μάμαντος,ἐξάρχων
1701 469 1869 524 ἰσαύ-

292 577 429 632 ρων*
456 563 534 622 είς
554 560 608 613 δὲ
638 560 701 613 τὸ
731 559 981 631 ἀρκτῷον
999 561 1262 624 Σουνίκας
1292 561 1386 613 καὶ
1411 561 1632 632 Σίμμας
1652 560 1868 631 ἔχοντες

291 651 540 722 στρατόν.
568 652 681 703 Καὶ
706 653 773 721 τῇ
809 651 872 704 ιϐ’
894 650 989 703 τοῦ
1023 650 1333 719 ’Λπριλλίου
1353 654 1411 706 ἐν
1435 652 1575 723 ἁγίῳ
1604 652 1867 724 Σαϐϐάτῳ

286 742 384 795 τοῦ
411 742 604 812 Πάσχα
625 742 848 809 ἐγένετο
876 745 908 813 ἡ
942 743 1189 814 συμϐολὴ
1219 743 1315 797 τοῦ
1356 745 1618 816 πολέμου.
1664 746 1868 817 Ὀρμη-

286 835 496 888 σάντων
521 835 634 905 γὰρ
667 834 777 887 τῶν
808 835 1032 901 Περσῶν
1066 835 1210 889 κατὰ
1235 837 1471 891 Σουνίκα
1506 839 1604 890 καὶ
1650 838 1861 908 Σίμμα,

285 928 380 981 καὶ
420 926 796 981 ἀντιστάντων
836 929 879 958 ⁵⁸
922 928 1233 995 Ῥωμαίων,
1280 929 1420 1000 δόλῳ
1461 930 1700 984 δέδωκαν
1731 931 1775 962 ⁸⁸
1811 932 1862 984 οἱ

284 1019 498 1089 Πέρσαι
550 1019 698 1073 νῶτα
732 1021 824 1073 ἐπὶ
862 1022 989 1083 τοὺς
1034 1011 1199 1084 ίδίους
1244 1022 1474 1076 ἑαυτῶν.
1530 1023 1641 1075 Kal.
1683 1023 1773 1092 ὑφ’
1805 1018 1862 1076 ἒν

244 1150 251 1161 .
281 1111 576 1179 γενόμενοι
599 1111 832 1182 Πέρσαι,
858 1113 1299 1181 προσεσχηκότες
1324 1112 1408 1166 ὅτι
1431 1114 1687 1184 Ῥωμαῖοι
1718 1114 1863 1169 κατὰ

283 1202 458 1255 νώτου
491 1202 678 1273 ἔχουσι
728 1203 819 1256 τὸν
874 1204 1193 1274 Εὐφράτην,
1222 1202 1568 1276 ὁρμήσαντες
1617 1207 1714 1260 σὺν
1748 1209 1862 1269 τοῖς

281 1293 627 1363 Σαρακηνοῖς
667 1293 1043 1364 συνέκρουσαν
1088 1295 1182 1347 τὸν
1212 1294 1473 1364 πόλεμον,
1517 1296 1613 1350 καὶ
1650 1295 1860 1350 πολλῶν

282 1384 566 1438 πεσόντων
596 1383 657 1449 ἐξ
690 1384 1021 1454 ἀμφοτέρων
1064 1386 1174 1439 τῶν
1209 1386 1416 1457 μερῶν,
1446 1388 1505 1439 ἐν
1548 1381 1632 1451 οἷς
1665 1388 1860 1441 ἔπεσον

280 1475 393 1529 ἀπὸ
417 1474 519 1546 μὲν
544 1476 771 1546 Περσῶν
801 1474 1121 1545 Ἀνδράζης,
1149 1476 1452 1547 χιλίαρχος,
1478 1478 1571 1531 καὶ
1596 1479 1856 1548 Νααμὰν,

277 1565 398 1629 υίὸς
448 1564 911 1638 Ἀλαμουνδάρου,
941 1568 1008 1620 ἐκ
1073 1567 1132 1619 δὲ
1183 1567 1474 1638 Ῥωμαίων
1520 1570 1858 1640 Σαρακηνῶν

279 1655 491 1727 ἐλήφθη
520 1656 728 1728 Ἀϐρος
778 1657 1005 1729 ὀνόματι
1034 1658 1196 1724 δούξ·
1246 1661 1345 1714 καὶ
1398 1660 1769 1729 Στεφανάκιος
1800 1663 1858 1717 δέ

1970 465 2273 525 θείειιειοίιιε
2309 470 2740 541 constituerat),
2770 468 3057 529 'meri'diem
3093 478 3287 534 versus
3308 474 3544 541 Arelbas

1968 568 2092 614 cum
2118 560 2395 617 Dorutheo
2427 570 2481 618 et
2513 559 2808 629 Mamante,
2841 562 3077 622 ducibus
3098 562 3326 637 lsauris,
3356 584 3547 631 castra

1968 658 2225 719 poneret;
2263 664 2292 707 a
2345 652 2723 724 septentrione
2757 671 2887 712 vero
2945 657 3178 716 Suni'cas
3206 671 3258 717 et
3306 658 3544 723 Simmas

1966 742 2127 794 situm
2161 741 2429 797 ducerent
2461 746 2787 801 exercitum.
2825 746 3069 805 Sabbato
3118 756 3300 808 alitem
3350 760 3543 813 sancto

1966 827 2235 900 Pa'schali,
2270 835 2415 903 quod
2448 836 2501 888 in
2528 837 2733 906 Aprilis
2756 854 2850 892 xix
2882 840 3094 904 incidit,
3127 845 3275 899 acies
3306 847 3539 903 invicem

1965 924 2472 981 committebantur.
2499 926 2682 983 Persis
2708 930 2876 1000 igitur
2921 932 2973 985 in
3004 934 3260 989 Suulcam
3288 948 3338 992 et
3389 938 3538 993 Sim-
3571 983 3577 989 .

1965 1030 2108 1069 mam
2159 1015 2518 1083 irruentibus,
2568 1021 2803 1075 Romani
2830 1024 2921 1077 ubi
2950 1027 3308 1094 restitissent,
3335 1030 3536 1097 P‘ersre,

1962 1120 2063 1175 per
2093 1098 2283 1161 dolum
2309 1118 2460 1179 terga
2489 1111 2706 1175 dantes,
2743 1110 2808 1166 ad
2845 1125 2978 1169 suos
2997 1131 3359 1175 recesserunt.
3398 1114 3541 1177 Tum

1966 1211 2096 1252 vero
2153 1200 2209 1253 in
2240 1210 2412 1255 unum
2471 1200 2679 1256 redacti
2719 1203 2811 1257 ubi
2848 1203 3218 1262 advertissent
3250 1202 3534 1269 Remanos

1962 1289 2302 1361 Euphratem
2332 1308 2361 1348 a
2399 1302 2553 1367 tergo
2583 1290 2807 1361 habere,
2846 1292 3142 1357 Saracenis
3170 1305 3286 1359 suis
3314 1305 3537 1361 irruen-

1961 1384 2070 1444 tes,
2100 1391 2298 1440 manus
2358 1398 2579 1441 rursum
2612 1396 3039 1455 cons‘eruerunt,
3068 1391 3325 1463 pluribus
3349 1398 3533 1452 utrin-

1958 1480 2070 1541 que
2102 1475 2296 1542 praelio
2330 1476 2659 1532 cadentibus
2700 1482 2801 1532 τοι
2859 1481 3060 1550 quibus
3100 1480 3260 1537 erant
3294 1497 3322 1537 a
3348 1483 3535 1542 Persis

1959 1566 2241 1622 Attdrazes
2263 1568 2624 1635 cltiliarchus,
2648 1567 2897 1626 Naaman
2920 1613 2933 1636 ,
2962 1574 3321 1630 Alamumlari
3350 1576 3530 1646 lilius;

1963 1671 1992 1711 a
2025 1656 2291 1714 Romanis
2322 1675 2455 1714 vero
2485 1661 2777 1717 Saracenis
2816 1664 2928 1719 dux
2963 1662 3144 1721 Abrus
3181 1674 3378 1738 captus
3418 1680 3529 1735 est,

281 1726 512 1816 πληγεὶς
546 1726 737 1803 ἔπεσε.
770 1726 885 1820 Τῆς
915 1751 1026 1821 γὰρ
1056 1750 1280 1821 ἀμιξίας
1302 1752 1347 1784 ⁸³
1386 1726 1682 1823 γενομένης
1720 1754 1854 1823 (15),

1963 1746 2364 1818 Stephanacius
2390 1751 2555 1824 464
2578 1769 2707 1808 vero
2733 1771 2799 1809 ex
2839 1756 3071 1812 Vulnere
3105 1726 3333 1814 cecidit.
3358 1762 3535 1818 Crete-

278 1846 305 1895 ὀ
334 1843 555 1912 ’Ᾱψκαλ
585 1845 669 1906 είς
697 1842 863 1911 μέσον
886 1842 1037 1917 [265]
1075 1845 1303 1917 Περσῶν
1334 1847 1606 1918 ὁρμήσας,
1638 1849 1734 1901 καὶ
1759 1848 1856 1901 τοῦ

278 1937 448 1989 ἵππου
477 1936 644 1989 αὐτοῦ
679 1937 1025 2007 πατήσαντος
1055 1937 1329 2008 λείψανον,
1368 1941 1451 2003 είς
1485 1940 1651 2010 μέσον
1675 1940 1857 1995 αὐτῶν

276 2027 559 2082 ἀπώλετο⁸
620 2028 670 2079 ot
723 2027 780 2080 δὲ
826 2027 1041 2098 Φρύγες
1109 2029 1421 2100 ἑωρακότες
1485 2030 1575 2084 τὸν
1628 2028 1856 2100 ἔξαρχον

276 2118 483 2171 ἑαυτῶν
518 2119 759 2170 πεσόντα
791 2120 887 2172 καὶ
924 2118 986 2171 τὸ
1037 2116 1227 2188 βάνδον
1278 2118 1445 2172 αὐτοῦ
1481 2119 1586 2172 ὑπὸ
1626 2119 1856 2189 Περσῶν

277 2207 654 2277 συλληφθέντα
706 2208 784 2270 εἰς
826 2209 1004 2278 φυγὴν
1044 2211 1389 2280 ἐτράπησαν,
1438 2211 1538 2263 σὺν
1569 2211 1755 2271 αὐτοῖς
1796 2209 1855 2263 δὲ

274 2301 368 2354 καὶ
408 2301 462 2353 οἱ
498 2300 811 2370 Σαρακηνοὶ
867 2299 1176 2369 Ῥωμαίων.
1229 2300 1412 2354 Ἀλλοι
1460 2300 1519 2354 δὲ
1558 2300 1855 2371 ἐπέμειναν

274 2394 371 2447 σὺν
396 2392 603 2463 ’Δρέθᾳ
632 2391 957 2462 μαχόμενοι.
992 2391 1296 2445 ’Υπέλαὸον
1334 2392 1390 2445 δέ
1424 2410 1569 2457 τινες
1601 2394 1684 2446 ὅτι
1712 2393 1854 2446 κατά

275 2486 575 2559 προδοσίαν
611 2485 721 2538 τῶν
749 2484 1042 2556 φυλάρχων
1077 2483 1258 2538 αὐτῶν
1290 2484 1535 2537 δέδωκαν
1566 2486 1710 2539 νῶτα
1740 2485 1851 2556 (16)

275 2580 505 2650 φανεροὶ
535 2578 646 2632 τῶν
673 2578 1032 2649 Σαρακηνῶν.
1060 2578 1306 2649 Ἵσαυροι
1326 2578 1384 2630 δὲ
1414 2577 1639 2647 πλησίον
1673 2577 1854 2631 αὐτῶν

273 2672 508 2735 ἑστῶτες
534 2672 631 2725 καὶ
668 2670 870 2733 ειδότες
896 2671 941 2703 ⁸⁵
972 2670 1100 2733 τοὺς
1139 2669 1495 2742 Σαρακηνοὺς
1526 2670 1852 2739 φεύγοντας,

273 2764 505 2836 ἔρριψαν
534 2762 761 2826 ἑαυτοὺς
795 2763 856 2816 ἐν
890 2762 967 2831 τῷ
998 2761 1279 2833 Εὐφράτῃ,
1309 2760 1622 2831 νομίζοντες
1651 2760 1850 2832 περᾷν.

272 2854 591 2926 Βελισάριος
629 2854 688 2907 δέ
737 2852 999 2923 ἑωρακὼς
1050 2852 1114 2905 τὸ
1139 2852 1464 2922 γενόμενον,
1501 2849 1684 2904 λαϐὼν
1727 2848 1852 2921 μεθ’

270 2946 467 3000 ἐαυτοῦ
500 2946 561 2998 τὸ
595 2943 729 2998 ἴδιον
757 2943 948 3014 βάνδον
976 2943 1208 3013 ἀνῆλθεν
1233 2944 1291 2995 ἐν
1324 2943 1495 3014 πλοίῳ
1513 2958 1527 2973 ο
1557 2944 1650 2997 καὶ
1681 2941 1855 3012 περά-

1957 1846 2079 1892 rum
2114 1839 2334 1907 Apscal,
2396 1843 2736 1899 exercitibus
2776 1846 2986 1901 mistim
3041 1852 3438 1920 pugnantibus,
3471 1855 3530 1910 in

1956 1928 2253 1985 Persarum
2307 1933 2550 1989 medium
2613 1934 2861 2002 delatus,
2928 1948 3073 2008 equo
3138 1935 3245 1997 suo
3293 1944 3531 1999 cadaver

1956 2014 2267 2077 nffendente
2319 2015 2664 2088 deturbatus,
2724 2026 2777 2079 in
2807 2028 3001 2084 mediis
3054 2031 3306 2087 hostibus
3337 2034 3526 2103 periit.

1954 2108 2201 2181 Phryges
2260 2124 2469 2180 autem,
2504 2115 2667 2170 ducis
2698 2117 2785 2171 sui
2825 2130 3016 2174 caSum
3062 2131 3401 2191 spectantes,
3431 2134 3525 2182 ve-

1953 2201 2262 2271 xillumque
2322 2204 2446 2275 ejus
2475 2218 2505 2261 a
2539 2207 2723 2263 Persis
2787 2210 3054 2277 ablatum,
3107 2215 3162 2268 in
3202 2206 3384 2286 Fugam
3420 2216 3527 2287 ipsi

1953 2304 2176 2363 unaque
2214 2294 2475 2351 Saraceni
2532 2296 2765 2353 Romani
2830 2316 2951 2357 sese
2980 2302 3295 2362 dederunt:
3341 2294 3526 2364 caeteri

1953 2396 2079 2437 cum
2116 2385 2318 2439 Aretha
2354 2388 2725 2444 consistentes
2747 2400 3087 2460 pugnarunt.
3114 2395 3522 2453 Saracenorum

1952 2488 2084 2529 vero
2138 2476 2357 2545 plurimi
2401 2478 2549 2547 quod
2581 2479 2637 2533 in
2671 2479 2852 2550 fugam
2896 2496 2956 2537 se
2987 2480 3261 2552 dederint,
3302 2488 3528 2559 phylar-

1951 2568 2186 2622 chorum
2214 2574 2440 2623 suorum
2482 2572 2893 2640 proditionibus
2925 2572 3115 2632 deberi
3152 2580 3229 2645 id,
3263 2583 3523 2638 nonnulli

1951 2659 2219 2728 suspicati
2253 2666 2406 2714 sunt.
2458 2660 2561 2727 Qui
2585 2673 2771 2719 autem
2799 2665 2908 2720 illis
2932 2670 3182 2735 proxime
3204 2672 3521 2738 astiterunt,

1951 2747 2150 2813 Isauri,
2213 2750 2524 2807 Saracenos
2588 2750 2840 2811 videntes
2872 2756 2928 2810 iu
2975 2757 3162 2829 fugam
3195 2776 3524 2831 conversos,

1950 2839 2006 2892 in
2060 2838 2395 2908 Euphratem
2430 2853 2490 2896 se
2531 2843 2909 2912 coniecerunt,
2953 2851 3208 2904 tranandi
3241 2867 3337 2922 spe
3374 2853 3521 2911 freti.

1952 2927 2078 2983 Haec
2107 2946 2238 2984 vero
2268 2932 2360 2984 ubi
2390 2932 2527 2985 vidit
2571 2931 2888 2999 Belisarius,
2918 2948 3141 3007 arrepto
3167 2943 3364 2997 vexillo
3395 2958 3519 3010 suo,

272 3054 373 3102 σας
400 3038 496 3091 τὸν
518 3035 814 3106 Εὐφράτην
842 3031 1006 3106 ἦλθεν
1029 3037 1111 3098 εἰς
1138 3034 1484 3090 Καλλίνικον.
1513 3034 1850 3106 Συνηκολού-

1955 3034 2146 3075 navem
2197 3021 2563 3089 conscendit;
2608 3024 2950 3095 trajectoque
3002 3027 3251 3096 flumine,
3293 3032 3524 3090 Callini-

271 3129 402 3198 θησε
423 3128 484 3181 δὲ
528 3126 680 3198 αὐτῷ
713 3126 810 3179 καὶ
837 3128 866 3180 ὁ
902 3125 1131 3196 στρατὸς
1179 3124 1376 3178 αὐτοῦ’
1403 3125 1500 3180 καὶ
1538 3126 1590 3178 ot
1623 3124 1723 3195 μὲν
1767 3125 1848 3188 είς

268 3222 436 3273 πλοῖα
463 3218 754 3288 ἐμϐάντες,
791 3214 841 3270 οἱ
877 3216 935 3270 δὲ
971 3215 1111 3287 μετά
1143 3215 1253 3268 τῶν
1280 3215 1469 3268 ἵππων
1503 3214 1851 3286 ἐκκολυμϐῆ-

267 3329 365 3365 σαι
407 3310 751 3381 βουλόμενοι,
787 3309 1119 3379 ἐπλήρωσαν
1160 3306 1253 3361 τδν
1283 3307 1529 3378 ποταμὸν
1557 3306 1847 3375 λειψάνων.

265 3403 539 3465 Σουνίκας
582 3402 641 3455 δὲ
698 3402 794 3455 καὶ
845 3400 1063 3470 Σίμμας
1106 3399 1404 3470 ἐπέμειναν
1442 3399 1580 3468 μετὰ
1624 3397 1850 3469 Περσῶν

270 3497 578 3566 μαχόμενοι
600 3509 614 3524 ο
648 3493 745 3547 καὶ
773 3494 825 3545 ot
853 3491 946 3545 δύο
969 3492 1191 3564 ἔξαρχοι
1226 3493 1608 3563 ἐπιμείναντες
1633 3492 1678 3524 ⁸⁵
1710 3490 1851 3562 μετά

264 3588 362 3641 τοῦ
400 3584 851 3656 περιλειφθέντας
885 3583 1125 3656 στρατοῦ
1173 3584 1480 3647 ἀποϐάντες
1514 3582 1624 3636 τῶν
1665 3583 1851 3637 ἵππων

264 3673 502 3745 πεζινὴν
548 3672 731 3743 μάχην
776 3671 1048 3742 ἐμάχοντο
1095 3672 1395 3740 γενναίως,
1436 3670 1531 3725 καὶ
1574 3670 1850 3735 τακτικῶς

267 3766 616 3839 χρησάμενοι
646 3763 876 3826 πολλοὺς
912 3763 1210 3817 ἀπώλεσαν
1243 3765 1307 3816 ἐκ
1347 3764 1455 3817 τῶν
1495 3763 1748 3839 Περσῶν,
1772 3763 1847 3816 οὐ

270 3856 668 3928 συνεχώρησαν
705 3854 767 3909 δὲ
795 3856 982 3920 αὐτοῖς
1014 3853 1165 3926 [204]
1197 3853 1536 3918 καταδιῶξαι
1567 3852 1696 3918 τοὺς
1723 3852 1850 3923 φεύ-

266 3964 492 4012 γοντας,
546 3944 687 4000 ἀλλά
754 3945 852 3998 καὶ
902 3945 1377 4015 μεσολαϐήσαντες
1427 3945 1579 4014 τρεῖς
1627 3946 1693 3997 ἐκ
1741 3942 1850 3996 τῶν

269 4038 518 4109 ἐξάρχων
548 4036 646 4090 δύο
674 4035 775 4106 μὲν
802 4034 1123 4103 ἐφόνευσαν,
1153 4034 1249 4089 ἕνα
1274 4035 1332 4088 δὲ
1353 4032 1853 4099 ζῶντα⁶συνέλαόον

271 4124 351 4194 τῷ
378 4124 608 4195 ὀνόματι
634 4121 930 4194 ’Δμερδάχ,
956 4123 1129 4193 ἄνδρα
1167 4123 1485 4211 πολεμικὸγ,
1528 4123 1630 4193 τῆς
1666 4122 1850 4188 δεξιᾶς

272 4214 442 4268 αὐτοῦ
488 4213 740 4283 ἀγκῶνος
783 4215 1095 4285 τμηθείσης
1141 4214 1248 4268 ὐπὸ
1283 4216 1538 4285 Σουνίκα.
1588 4216 1701 4269 Καὶ
1754 4216 1849 4268 ἐπ-

273 4307 499 4376 έμειναν
527 4305 830 4376 μαχόμενοι
857 4307 995 4375 μετά
1016 4306 1111 4360 τοῦ
1149 4306 1282 4359 ίδίου
1314 4305 1547 4377 στρατοῦ
1568 4323 1580 4336 °
1603 4307 1698 4360 καὶ
1726 4308 1848 4360 ἐπι-

1953 3124 2079 3163 cum
2132 3109 2388 3164 accessit.
2422 3109 2580 3165 llnnc
2612 3121 2837 3168 secutus
2880 3117 3161 3173 exercitus
3187 3120 3344 3189 ejus;
3377 3137 3523 3192 quo-

1951 3214 2073 3254 rum
2105 3201 2388 3255 nonnullis
2418 3201 2805 3271 intempestive
2836 3200 3141 3278 in'navigia
3161 3212 3521 3281 irruentibus,

1950 3291 2073 3346 aliis
2133 3306 2263 3347 vero
2308 3304 2575 3361 equorum
2624 3310 2727 3364 ope
2773 3295 2975 3352 ﬂumen
3024 3300 3283 3370 trajicere
3312 3303 3524 3362 frIJstra

1951 3382 2315 3446 tentantibns,
2354 3383 2665 3452 Euphrates
2712 3387 3075 3445 cadaveribus
3125 3393 3386 3464 impletus
3412 3406 3522 3454 est.

1950 3473 2174 3528 Interim
2211 3472 2445 3528 Sunicas
2467 3483 2522 3529 et
2546 3474 2805 3541 Simmas,
2840 3480 3090 3548 exarchi,
3123 3481 3308 3541 Persis
3342 3498 3518 3557 oppu-

1951 3566 2186 3636 gnandis
2234 3576 2344 3620 non
2403 3558 2770 3624 destiterunt}
2797 3571 2933 3639 quin
2981 3574 3143 3643 equis
3173 3576 3341 3630 etiam
3372 3580 3522 3634 desi—

1950 3658 2167 3720 lientes,
2194 3657 2574 3727 exercituique
2613 3662 2894 3728 superstiti
2939 3676 3064 3720 sese
3096 3666 3520 3737 immlscentes;

1949 3748 2117 3819 pedes
2146 3756 2375 3817 uterque
2410 3749 2628 3803 fortiter
2676 3751 3016 3808 dimicarunt
3045 3773 3059 3810 :
3099 3758 3524 3831 agminibusque

1948 3839 2129 3909 perite
2157 3840 2450 3904 ordinatis,
2490 3842 2803 3911 complures
2848 3843 3145 3901 Persarum
3177 3848 3522 3920 disperdide-

1950 3935 2113 3995 runt,
2154 3942 2258 3983 nec
2283 3942 2381 3984 eos
2412 3928 2691 3985 Romanos
2730 3930 3005 4002 fugientes
3032 3938 3270 3995 ulterius
3301 3941 3521 4015 insequi

1951 4021 2218 4076 siverunt.
2280 4019 2543 4086 Quiuimo
2598 4031 2711 4078 tres
2776 4027 3023 4092 ipsorum
3070 4045 3298 4100 quoque
3351 4035 3521 4092 duces

1950 4111 2387 4180 intercipientes,
2433 4115 2572 4166 duos
2608 4128 2799 4168 eorum
2833 4116 3265 4188 interfecerunt;
3296 4120 3520 4182 tertium

1949 4216 2099 4265 vero,
2132 4202 2307 4255 virum
2334 4201 2837 4271 bellicosissimum,
2858 4207 3250 4267 Amerdactnm
3276 4216 3519 4286 nmnine,

1950 4294 2039 4349 cui
2095 4293 2345 4348 dextram
2404 4292 2590 4347 cubito
2644 4301 2808 4351 tenus
2872 4300 3196 4366 praeciderat
3254 4304 3517 4371 Sunicas,

270 4399 579 4469 λαϐομένης
621 4398 885 4468 ἑσπέρας,
931 4398 1041 4451 τῶν
1092 4397 1321 4468 Περσῶν
1369 4397 1707 4468 διωχθέντων
1752 4398 1846 4452 ἐπὶ

1955 4387 2135 4440 vivum
2189 4385 2751 4455 comprehenderunt.
2820 4389 3053 4445 Exarclti
3117 4403 3297 4450 autem
3354 4399 3518 4472 465

274 4489 429 4558 μίλια
475 4490 595 4548 δύο,
634 4488 685 4541 οἱ
739 4487 959 4559 ἔξαρχοι
1026 4486 1316 4558 Ῥωμαίων
1349 4489 1447 4541 σὺν
1496 4487 1575 4558 τῷ
1626 4489 1846 4559 στρατῷ

269 4554 527 4651 εἰσῆλθον
555 4582 639 4644 εἰς
669 4554 993 4633 sumta?»
1031 4554 1204 4633 πόλιν.
1238 4581 1352 4634 Kal.
1376 4583 1444 4652 τῇ
1479 4554 1607 4650 ἑξῆς
1635 4554 1843 4650 ἡμέρᾳ-ν

270 4672 421 4741 ἡλίου
453 4671 858 4735 ἀνατείλαντος,
881 4671 1106 4741 ἐξῆλθον
1136 4672 1244 4725 ἀπὸ
1259 4672 1584 4727 Καλλινίκου
1615 4672 1844 4736 πόλεως,

271 4764 619 4835 περάσαντες
642 4764 735 4816 τὸν
778 4764 1076 4835 Εὐφράτην
1105 4764 1246 4834 μετά
1287 4764 1384 4818 τοῦ
1440 4764 1570 4818 ίδίου
1612 4762 1844 4835 στρατοῦ

270 4858 364 4909 καὶ
415 4855 531 4909 τῶν
560 4854 799 4908 πολιτῶν
819 4871 835 4886 ο
870 4856 967 4909 καὶ
995 4854 1333 4909 ἐσκύλευσαν
1369 4855 1439 4908 τὰ
1473 4855 1701 4924 λείψανα
1732 4853 1844 4907 τῶν

271 4946 523 5016 Περσῶν.
549 4945 664 4998 Ka‘t
694 4943 884 5014 μαθὼν
922 4944 1100 4999 πάντα
1131 4944 1204 4998 τά
1234 4943 1504 5015 γενόμενα
1545 4945 1605 4996 ἐν
1633 4942 1711 5013 τῷ
1748 4958 1845 4995 πο-

1952 4477 2181 4533 Romani
2217 4492 2340 4530 cum
2368 4477 2610 4530 exercitu
2636 4493 2737 4533 suo
2762 4479 3091 4538 dimicantes
3116 4489 3475 4555 perstiterunt
3502 4511 3517 4558 ;

1951 4571 2250 4625 Persarqu
2297 4567 2559 4636 vestigiis
2614 4569 2935 4626 insistentes
2970 4573 3037 4625 ad
3071 4577 3328 4631 milliaria
3357 4582 3469 4637 duo
3503 4601 3516 4634 :

1949 4676 2138 4718 verum
2182 4660 2472 4727 ingruente
2518 4658 2736 4712 demum
2774 4675 3024 4730 vespera,
3065 4663 3392 4723 Callinicum
3425 4690 3522 4725 ur-

1951 4754 2074 4808 bem
2105 4755 2518 4806 concesserunt.
2546 4747 2691 4803 Luce
2716 4759 2900 4805 autem
2943 4756 3217 4822 proxima,
3249 4762 3380 4815 solis
3411 4770 3516 4818 sub

1950 4854 2132 4900 ortum
2178 4856 2301 4897 cum
2340 4841 2581 4895 exercitu
2638 4843 2983 4913 civibusque,
3010 4861 3073 4900 ex
3127 4851 3259 4904 urbe
3307 4860 3512 4922 egressi

1949 4944 2109 5002 sunt;
2145 4933 2535 5003 Euphrateque
2557 4933 2812 5004 trajecto,
2831 4935 3195 4995 cadaveribus
3221 4942 3512 5001 Persarum

1539 5106 1777 5163 VARUE
1814 5096 2220 5161 LECTIONES.

346 5219 391 5251 “
420 5219 797 5275 άνθιστάντων
838 5221 940 5277 Ox.

1039 5224 1084 5295 ff
1104 5222 1364 5277 δέδωκαν.
1391 5224 1457 5280 τ.
1487 5241 1555 5295 p.
1569 5241 1686 5294 seq.
1712 5241 1765 5277 ν.
1799 5220 2040 5295 Ἱκευριά
2066 5214 2212 5295 ρλ58
2245 5213 2307 5267 Ε.
2401 5214 2446 5246 ⁸³
2470 5210 2716 5282 άμιξίας.
2746 5211 2911 5270 Redit
2932 5217 3254 5273 vocabulum
3282 5234 3333 5289 p.
3359 5218 3432 5275 78
3459 5219 3520 5273 E.

274 5288 318 5319 “
344 5289 564 5353 εἰδότες.
596 5292 715 5345 luto
744 5291 962 5355 ἰδόντες.
1039 5293 1083 5325 ⁸⁸
1119 5285 2194 5364 ἐπιμείναντες-ϐπ,ἐπεμείναντεςίΟΧ-

1494 5425 1603 5481 ΕΙ).
1646 5422 2024 5479 CHILMEADI
2063 5420 2294 5477 NOTAE.

309 5574 316 5583 .
351 5534 461 5619 (15)
504 5534 764 5619 Τῆςγὰρ
793 5536 1014 5616 autem;
1048 5538 1371 5619 γενομένης.
1405 5537 1853 5619 Forte_scriben-

281 5605 406 5678 dum
423 5605 723 5678 ἀμμιξίας.
740 5606 993 5678 Legimus
1017 5609 1161 5661 enim
1183 5605 1421 5678 ἄμμιγα,
1452 5625 1552 5678 pro
1572 5609 1817 5677 ἀνάμιγα
1833 5650 1848 5673 ,

281 5624 406 5660 num
423 5624 507 5678 αμ
555 5624 723 5673 ιςιας.
740 5624 993 5676 Legimus
1017 5624 1161 5661 enim
1183 5624 1421 5678 αμμιγα,
1452 5625 1552 5678 pro
1572 5624 1846 5677 ἀνάμιγα,

271 5683 323 5728 et
353 5624 605 5746 ἀμμίξας
628 5690 739 5744 pro
760 5676 1066 5745 ἀναμίξας’
1096 5684 1258 5749 atqtte
1292 5679 1420 5733 hinc
1453 5679 1715 5750 ἀμμιξία,
1748 5694 1846 5748 pro

1961 5535 2247 5606 ἁναμιξία,
2282 5536 2427 5605 quod
2467 5533 2930 5598 Commixtionem,
2979 5534 3096 5590 sive
3147 5534 3505 5604 Confusionen

1965 5605 2146 5667 sonat,
2188 5605 2409 5659 formari
2441 5613 2642 5675 potest.

2029 5677 2140 5746 (lli)
2179 5676 2426 5730 Δέδωκαν
2454 5675 2619 5729 νῶτα.
2661 5675 2781 5730 Scr.
2812 5675 3041 5729 ἔδωκαν.
