  <div class='ocr_page' id='page_1' title='image "/cluster/home/n/w/nwhite01/storage/ocr_20150623/97/mdp.39015041892756/339.png"; bbox 0 0 3988 6136; ppageno 0'>
   <div class='ocr_carea' id='block_1_1' title="bbox 511 229 626 296">
    <p class='ocr_par' dir='ltr' id='par_1_1' title="bbox 511 229 626 296">
     <span class='ocr_line' id='line_1_1' title="bbox 511 229 626 296; baseline 0 0"><span class='ocrx_word' id='word_1_1' title='bbox 511 229 626 296; x_wconf 75' lang='lat'><strong>679</strong></span> 
     </span>
    </p>
   </div>
   <div class='ocr_carea' id='block_1_2' title="bbox 1817 229 2498 294">
    <p class='ocr_par' dir='ltr' id='par_1_2' title="bbox 1817 229 2498 294">
     <span class='ocr_line' id='line_1_2' title="bbox 1817 229 2498 294; baseline 0.007 -5"><span class='ocrx_word' id='word_1_2' title='bbox 1817 229 2142 290; x_wconf 84' lang='lat' dir='ltr'><strong>JOANNIS</strong></span> <span class='ocrx_word' id='word_1_3' title='bbox 2175 230 2498 294; x_wconf 66' lang='lat' dir='ltr'><strong>MALALlE</strong></span> 
     </span>
    </p>
   </div>
   <div class='ocr_carea' id='block_1_3' title="bbox 3660 243 3768 308">
    <p class='ocr_par' dir='ltr' id='par_1_3' title="bbox 3660 243 3768 308">
     <span class='ocr_line' id='line_1_3' title="bbox 3660 243 3768 308; baseline 0 0"><span class='ocrx_word' id='word_1_4' title='bbox 3660 243 3768 308; x_wconf 66' lang='lat'><strong>680</strong></span> 
     </span>
    </p>
   </div>
   <div class='ocr_carea' id='block_1_4' title="bbox 513 335 2104 419">
    <p class='ocr_par' dir='ltr' id='par_1_4' title="bbox 513 335 2090 407">
     <span class='ocr_line' id='line_1_4' title="bbox 513 335 2090 407; baseline -0.004 -9"><span class='ocrx_word' id='word_1_5' title='bbox 513 341 744 398; x_wconf 79' lang='lat' dir='ltr'><strong>exuvias</strong></span> <span class='ocrx_word' id='word_1_6' title='bbox 768 336 1148 394; x_wconf 81' lang='lat' dir='ltr'><strong>detraxerunt.</strong></span> <span class='ocrx_word' id='word_1_7' title='bbox 1175 336 1244 391; x_wconf 83' lang='lat' dir='ltr'><strong>At</strong></span> <span class='ocrx_word' id='word_1_8' title='bbox 1273 349 1405 392; x_wconf 85' lang='lat' dir='ltr'><strong>vero</strong></span> <span class='ocrx_word' id='word_1_9' title='bbox 1428 335 1711 407; x_wconf 74' lang='lat' dir='ltr'><strong>magister,</strong></span> <span class='ocrx_word' id='word_1_10' title='bbox 1744 336 1872 392; x_wconf 83' lang='lat' dir='ltr'><strong>belli</strong></span> <span class='ocrx_word' id='word_1_11' title='bbox 1893 347 2090 394; x_wconf 89' lang='lat' dir='ltr'><strong>eventu</strong></span> 
     </span>
    </p>
   </div>
   <div class='ocr_carea' id='block_1_5' title="bbox 2211 335 3768 419">
    <p class='ocr_par' dir='ltr' id='par_1_5' title="bbox 2211 337 3768 419">
     <span class='ocr_line' id='line_1_5' title="bbox 2211 337 3768 419; baseline 0.011 -29"><span class='ocrx_word' id='word_1_12' title='bbox 2211 337 2346 412; x_wconf 70' lang='grc' dir='ltr'><strong>ιίμῳ</strong></span> <span class='ocrx_word' id='word_1_13' title='bbox 2371 342 2400 394; x_wconf 86' lang='grc' dir='ltr'><strong>ό</strong></span> <span class='ocrx_word' id='word_1_14' title='bbox 2441 341 2765 414; x_wconf 90' lang='grc' dir='ltr'><strong>μάγιστρος,</strong></span> <span class='ocrx_word' id='word_1_15' title='bbox 2798 341 3037 415; x_wconf 73' lang='grc' dir='ltr'><strong>ἐδήλωσε</strong></span> <span class='ocrx_word' id='word_1_16' title='bbox 3081 342 3160 415; x_wconf 85' lang='grc' dir='ltr'><strong>τῷ</strong></span> <span class='ocrx_word' id='word_1_17' title='bbox 3189 344 3404 416; x_wconf 87' lang='grc' dir='ltr'><strong>βασιλεῖ</strong></span> <span class='ocrx_word' id='word_1_18' title='bbox 3458 347 3768 419; x_wconf 87' lang='grc' dir='ltr'><strong>Ῥωμαίων.</strong></span> 
     </span>
    </p>
   </div>
   <div class='ocr_carea' id='block_1_6' title="bbox 517 427 2092 500">
    <p class='ocr_par' dir='ltr' id='par_1_6' title="bbox 517 427 2092 500">
     <span class='ocr_line' id='line_1_6' title="bbox 517 427 2092 500; baseline -0.002 -12"><span class='ocrx_word' id='word_1_19' title='bbox 517 431 730 496; x_wconf 89' lang='lat' dir='ltr'><strong>audito,</strong></span> <span class='ocrx_word' id='word_1_20' title='bbox 767 430 1154 500; x_wconf 73' lang='lat' dir='ltr'><strong>imperatorem</strong></span> <span class='ocrx_word' id='word_1_21' title='bbox 1183 427 1253 482; x_wconf 90' lang='lat' dir='ltr'><strong>de</strong></span> <span class='ocrx_word' id='word_1_22' title='bbox 1285 441 1354 482; x_wconf 92' lang='lat' dir='ltr'><strong>eo</strong></span> <span class='ocrx_word' id='word_1_23' title='bbox 1390 442 1489 496; x_wconf 91' lang='lat' dir='ltr'><strong>per</strong></span> <span class='ocrx_word' id='word_1_24' title='bbox 1544 427 1758 484; x_wconf 89' lang='lat' dir='ltr'><strong>litteras</strong></span> <span class='ocrx_word' id='word_1_25' title='bbox 1799 430 2092 486; x_wconf 85' lang='lat' dir='ltr'><strong>certiorem</strong></span> 
     </span>
    </p>
   </div>
   <div class='ocr_carea' id='block_1_7' title="bbox 517 515 2094 586">
    <p class='ocr_par' dir='ltr' id='par_1_7' title="bbox 517 515 2094 586">
     <span class='ocr_line' id='line_1_7' title="bbox 517 515 2094 586; baseline -0.001 -10"><span class='ocrx_word' id='word_1_26' title='bbox 517 515 670 579; x_wconf 77' lang='lat' dir='ltr'><strong>fecit.</strong></span> <span class='ocrx_word' id='word_1_27' title='bbox 705 521 1051 576; x_wconf 80' lang='lat' dir='ltr'><strong>Justinianus</strong></span> <span class='ocrx_word' id='word_1_28' title='bbox 1090 525 1269 572; x_wconf 88' lang='lat' dir='ltr'><strong>autem</strong></span> <span class='ocrx_word' id='word_1_29' title='bbox 1321 519 1644 586; x_wconf 80' lang='lat' dir='ltr'><strong>imperator,</strong></span> <span class='ocrx_word' id='word_1_30' title='bbox 1687 519 1892 575; x_wconf 86' lang='lat' dir='ltr'><strong>litteris</strong></span> <span class='ocrx_word' id='word_1_31' title='bbox 1931 536 2094 575; x_wconf 88' lang='lat' dir='ltr'><strong>acce-</strong></span> 
     </span>
    </p>
   </div>
   <div class='ocr_carea' id='block_1_8' title="bbox 515 609 2098 685">
    <p class='ocr_par' dir='ltr' id='par_1_8' title="bbox 515 609 2098 685">
     <span class='ocr_line' id='line_1_8' title="bbox 515 609 2098 685; baseline -0.003 -17"><span class='ocrx_word' id='word_1_32' title='bbox 515 615 628 685; x_wconf 84' lang='lat' dir='ltr'><strong>ptis</strong></span> <span class='ocrx_word' id='word_1_33' title='bbox 684 613 1070 682; x_wconf 77' lang='lat' dir='ltr'><strong>perlectisque,</strong></span> <span class='ocrx_word' id='word_1_34' title='bbox 1110 609 1324 672; x_wconf 71' lang='lat' dir='ltr'><strong>Tzittzn,</strong></span> <span class='ocrx_word' id='word_1_35' title='bbox 1358 609 1650 680; x_wconf 67' lang='lat' dir='ltr'><strong>praesentis</strong></span> <span class='ocrx_word' id='word_1_36' title='bbox 1673 610 1884 665; x_wconf 71' lang='lat' dir='ltr'><strong>militiae</strong></span> <span class='ocrx_word' id='word_1_37' title='bbox 1921 611 2098 682; x_wconf 86' lang='lat' dir='ltr'><strong>magi-</strong></span> 
     </span>
    </p>
   </div>
   <div class='ocr_carea' id='block_1_9' title="bbox 515 699 2096 770">
    <p class='ocr_par' dir='ltr' id='par_1_9' title="bbox 515 699 2096 770">
     <span class='ocr_line' id='line_1_9' title="bbox 515 699 2096 770; baseline -0.003 -12"><span class='ocrx_word' id='word_1_38' title='bbox 515 715 654 761; x_wconf 85' lang='lat' dir='ltr'><strong>stro.</strong></span> <span class='ocrx_word' id='word_1_39' title='bbox 683 705 737 757; x_wconf 90' lang='lat' dir='ltr'><strong>in</strong></span> <span class='ocrx_word' id='word_1_40' title='bbox 781 701 1042 756; x_wconf 84' lang='lat' dir='ltr'><strong>Armenia</strong></span> <span class='ocrx_word' id='word_1_41' title='bbox 1081 700 1324 770; x_wconf 80' lang='lat' dir='ltr'><strong>degenti,</strong></span> <span class='ocrx_word' id='word_1_42' title='bbox 1357 715 1455 769; x_wconf 92' lang='lat' dir='ltr'><strong>per</strong></span> <span class='ocrx_word' id='word_1_43' title='bbox 1515 699 1734 754; x_wconf 90' lang='lat' dir='ltr'><strong>litteras</strong></span> <span class='ocrx_word' id='word_1_44' title='bbox 1757 701 2015 770; x_wconf 86' lang='lat' dir='ltr'><strong>imperat,</strong></span> <span class='ocrx_word' id='word_1_45' title='bbox 2042 701 2096 754; x_wconf 92' lang='lat' dir='ltr'><strong>in</strong></span> 
     </span>
    </p>
   </div>
   <div class='ocr_carea' id='block_1_10' title="bbox 515 793 2095 864">
    <p class='ocr_par' dir='ltr' id='par_1_10' title="bbox 515 793 2095 864">
     <span class='ocr_line' id='line_1_10' title="bbox 515 793 2095 864; baseline -0.002 -12"><span class='ocrx_word' id='word_1_46' title='bbox 515 795 796 852; x_wconf 79' lang='lat' dir='ltr'><strong>Orientem</strong></span> <span class='ocrx_word' id='word_1_47' title='bbox 833 793 1137 864; x_wconf 81' lang='lat' dir='ltr'><strong>profectus,</strong></span> <span class='ocrx_word' id='word_1_48' title='bbox 1160 793 1285 847; x_wconf 87' lang='lat' dir='ltr'><strong>belli</strong></span> <span class='ocrx_word' id='word_1_49' title='bbox 1317 807 1376 846; x_wconf 92' lang='lat' dir='ltr'><strong>se</strong></span> <span class='ocrx_word' id='word_1_50' title='bbox 1399 793 1612 846; x_wconf 90' lang='lat' dir='ltr'><strong>socium</strong></span> <span class='ocrx_word' id='word_1_51' title='bbox 1646 801 1706 847; x_wconf 95' lang='lat' dir='ltr'><strong>ut</strong></span> <span class='ocrx_word' id='word_1_52' title='bbox 1725 794 2049 864; x_wconf 86' lang='lat' dir='ltr'><strong>adjungeret</strong></span> <span class='ocrx_word' id='word_1_53' title='bbox 2079 811 2095 849; x_wconf 87' lang='lat'><strong>:</strong></span> 
     </span>
    </p>
   </div>
   <div class='ocr_carea' id='block_1_11' title="bbox 516 883 2100 959">
    <p class='ocr_par' dir='ltr' id='par_1_11' title="bbox 516 883 2100 959">
     <span class='ocr_line' id='line_1_11' title="bbox 516 883 2100 959; baseline -0.002 -18"><span class='ocrx_word' id='word_1_54' title='bbox 516 889 610 959; x_wconf 90' lang='lat' dir='ltr'><strong>qui</strong></span> <span class='ocrx_word' id='word_1_55' title='bbox 647 897 701 940; x_wconf 90' lang='lat' dir='ltr'><strong>et</strong></span> <span class='ocrx_word' id='word_1_56' title='bbox 749 885 1002 956; x_wconf 82' lang='lat' dir='ltr'><strong>regiones</strong></span> <span class='ocrx_word' id='word_1_57' title='bbox 1037 883 1286 937; x_wconf 85' lang='lat' dir='ltr'><strong>Persicas</strong></span> <span class='ocrx_word' id='word_1_58' title='bbox 1339 884 1666 952; x_wconf 85' lang='lat' dir='ltr'><strong>occupavit;</strong></span> <span class='ocrx_word' id='word_1_59' title='bbox 1712 883 2100 953; x_wconf 72' lang='lat' dir='ltr'><strong>Armeniaeque</strong></span> 
     </span>
    </p>
   </div>
   <div class='ocr_carea' id='block_1_12' title="bbox 517 972 2102 1046">
    <p class='ocr_par' dir='ltr' id='par_1_12' title="bbox 517 972 2102 1046">
     <span class='ocr_line' id='line_1_12' title="bbox 517 972 2102 1046; baseline -0.004 -13"><span class='ocrx_word' id='word_1_60' title='bbox 517 979 796 1034; x_wconf 85' lang='lat' dir='ltr'><strong>montibus</strong></span> <span class='ocrx_word' id='word_1_61' title='bbox 832 976 1139 1046; x_wconf 79' lang='lat' dir='ltr'><strong>superatis,</strong></span> <span class='ocrx_word' id='word_1_62' title='bbox 1170 976 1236 1028; x_wconf 88' lang='lat' dir='ltr'><strong>ad</strong></span> <span class='ocrx_word' id='word_1_63' title='bbox 1271 972 1558 1028; x_wconf 87' lang='lat' dir='ltr'><strong>Samosata</strong></span> <span class='ocrx_word' id='word_1_64' title='bbox 1605 975 1870 1044; x_wconf 79' lang='lat' dir='ltr'><strong>pervenit.</strong></span> <span class='ocrx_word' id='word_1_65' title='bbox 1929 972 2102 1039; x_wconf 85' lang='lat' dir='ltr'><strong>Quin-</strong></span> 
     </span>
    </p>
   </div>
   <div class='ocr_carea' id='block_1_13' title="bbox 515 1065 2099 1136">
    <p class='ocr_par' dir='ltr' id='par_1_13' title="bbox 515 1065 2099 1136">
     <span class='ocr_line' id='line_1_13' title="bbox 515 1065 2099 1136; baseline -0.003 -13"><span class='ocrx_word' id='word_1_66' title='bbox 515 1071 680 1124; x_wconf 81' lang='lat' dir='ltr'><strong>etiam</strong></span> <span class='ocrx_word' id='word_1_67' title='bbox 715 1069 1014 1136; x_wconf 88' lang='lat' dir='ltr'><strong>imperator</strong></span> <span class='ocrx_word' id='word_1_68' title='bbox 1045 1066 1482 1120; x_wconf 79' lang='lat' dir='ltr'><strong>Constantiolum</strong></span> <span class='ocrx_word' id='word_1_69' title='bbox 1509 1065 1788 1134; x_wconf 76' lang='lat' dir='ltr'><strong>expedivit</strong></span> <span class='ocrx_word' id='word_1_70' title='bbox 1816 1068 1870 1119; x_wconf 94' lang='lat' dir='ltr'><strong>in</strong></span> <span class='ocrx_word' id='word_1_71' title='bbox 1900 1065 2099 1120; x_wconf 88' lang='lat' dir='ltr'><strong>Orien-</strong></span> 
     </span>
    </p>
   </div>
   <div class='ocr_carea' id='block_1_14' title="bbox 519 1154 2100 1226">
    <p class='ocr_par' dir='ltr' id='par_1_14' title="bbox 519 1154 2100 1226">
     <span class='ocr_line' id='line_1_14' title="bbox 519 1154 2100 1226; baseline 0 -16"><span class='ocrx_word' id='word_1_72' title='bbox 519 1167 663 1223; x_wconf 89' lang='lat' dir='ltr'><strong>tem;</strong></span> <span class='ocrx_word' id='word_1_73' title='bbox 701 1159 793 1226; x_wconf 91' lang='lat' dir='ltr'><strong>qui</strong></span> <span class='ocrx_word' id='word_1_74' title='bbox 859 1171 1042 1210; x_wconf 90' lang='lat' dir='ltr'><strong>rerum</strong></span> <span class='ocrx_word' id='word_1_75' title='bbox 1104 1155 1159 1208; x_wconf 90' lang='lat' dir='ltr'><strong>in</strong></span> <span class='ocrx_word' id='word_1_76' title='bbox 1190 1155 1338 1208; x_wconf 88' lang='lat' dir='ltr'><strong>bello</strong></span> <span class='ocrx_word' id='word_1_77' title='bbox 1368 1162 1648 1224; x_wconf 85' lang='lat' dir='ltr'><strong>gestarum</strong></span> <span class='ocrx_word' id='word_1_78' title='bbox 1668 1154 1864 1209; x_wconf 89' lang='lat' dir='ltr'><strong>seriem</strong></span> <span class='ocrx_word' id='word_1_79' title='bbox 1893 1155 2100 1210; x_wconf 85' lang='lat' dir='ltr'><strong>certius</strong></span> 
     </span>
    </p>
   </div>
   <div class='ocr_carea' id='block_1_15' title="bbox 518 1246 2103 1318">
    <p class='ocr_par' dir='ltr' id='par_1_15' title="bbox 518 1246 2103 1318">
     <span class='ocr_line' id='line_1_15' title="bbox 518 1246 2103 1318; baseline 0 -16"><span class='ocrx_word' id='word_1_80' title='bbox 518 1251 846 1318; x_wconf 79' lang='lat' dir='ltr'><strong>exploraret.</strong></span> <span class='ocrx_word' id='word_1_81' title='bbox 876 1248 976 1300; x_wconf 84' lang='lat' dir='ltr'><strong>Hic</strong></span> <span class='ocrx_word' id='word_1_82' title='bbox 995 1249 1176 1316; x_wconf 90' lang='lat' dir='ltr'><strong>itaque</strong></span> <span class='ocrx_word' id='word_1_83' title='bbox 1189 1247 1532 1300; x_wconf 80' lang='lat' dir='ltr'><strong>Antiochiam</strong></span> <span class='ocrx_word' id='word_1_84' title='bbox 1560 1247 1804 1307; x_wconf 86' lang='lat' dir='ltr'><strong>veniens.</strong></span> <span class='ocrx_word' id='word_1_85' title='bbox 1827 1246 2103 1302; x_wconf 77' lang='lat' dir='ltr'><strong>Romano-</strong></span> 
     </span>
    </p>
   </div>
   <div class='ocr_carea' id='block_1_16' title="bbox 521 1338 2101 1403">
    <p class='ocr_par' dir='ltr' id='par_1_16' title="bbox 521 1338 2101 1403">
     <span class='ocr_line' id='line_1_16' title="bbox 521 1338 2101 1403; baseline 0.001 -11"><span class='ocrx_word' id='word_1_86' title='bbox 521 1355 640 1393; x_wconf 91' lang='lat' dir='ltr'><strong>rum</strong></span> <span class='ocrx_word' id='word_1_87' title='bbox 675 1341 943 1392; x_wconf 80' lang='lat' dir='ltr'><strong>cxarchos</strong></span> <span class='ocrx_word' id='word_1_88' title='bbox 993 1355 1192 1394; x_wconf 89' lang='lat' dir='ltr'><strong>versus</strong></span> <span class='ocrx_word' id='word_1_89' title='bbox 1224 1338 1354 1392; x_wconf 88' lang='lat' dir='ltr'><strong>inde</strong></span> <span class='ocrx_word' id='word_1_90' title='bbox 1384 1338 1543 1392; x_wconf 85' lang='lat' dir='ltr'><strong>ducit</strong></span> <span class='ocrx_word' id='word_1_91' title='bbox 1575 1339 1712 1403; x_wconf 90' lang='lat' dir='ltr'><strong>iter;</strong></span> <span class='ocrx_word' id='word_1_92' title='bbox 1741 1354 1854 1393; x_wconf 88' lang='lat' dir='ltr'><strong>rem</strong></span> <span class='ocrx_word' id='word_1_93' title='bbox 1884 1355 2101 1394; x_wconf 86' lang='lat' dir='ltr'><strong>onmem</strong></span> 
     </span>
    </p>
   </div>
   <div class='ocr_carea' id='block_1_17' title="bbox 523 1431 2097 1502">
    <p class='ocr_par' dir='ltr' id='par_1_17' title="bbox 523 1431 2097 1502">
     <span class='ocr_line' id='line_1_17' title="bbox 523 1431 2097 1502; baseline 0.001 -16"><span class='ocrx_word' id='word_1_94' title='bbox 523 1433 602 1486; x_wconf 88' lang='lat' dir='ltr'><strong>uti</strong></span> <span class='ocrx_word' id='word_1_95' title='bbox 637 1444 788 1500; x_wconf 79' lang='lat' dir='ltr'><strong>gesm</strong></span> <span class='ocrx_word' id='word_1_96' title='bbox 844 1431 1037 1494; x_wconf 75' lang='lat' dir='ltr'><strong>fuerit,</strong></span> <span class='ocrx_word' id='word_1_97' title='bbox 1077 1448 1176 1501; x_wconf 87' lang='lat' dir='ltr'><strong>pro</strong></span> <span class='ocrx_word' id='word_1_98' title='bbox 1204 1432 1437 1486; x_wconf 85' lang='lat' dir='ltr'><strong>veritate</strong></span> <span class='ocrx_word' id='word_1_99' title='bbox 1476 1431 1600 1501; x_wconf 83' lang='lat' dir='ltr'><strong>ejus</strong></span> <span class='ocrx_word' id='word_1_100' title='bbox 1642 1433 2097 1502; x_wconf 87' lang='lat' dir='ltr'><strong>investigaturus.</strong></span> 
     </span>
    </p>
   </div>
   <div class='ocr_carea' id='block_1_18' title="bbox 594 1523 2096 1596">
    <p class='ocr_par' dir='ltr' id='par_1_18' title="bbox 594 1523 2096 1596">
     <span class='ocr_line' id='line_1_18' title="bbox 594 1523 2096 1596; baseline 0.003 -19"><span class='ocrx_word' id='word_1_101' title='bbox 594 1523 798 1578; x_wconf 85' lang='lat' dir='ltr'><strong>Eodem</strong></span> <span class='ocrx_word' id='word_1_102' title='bbox 853 1533 1102 1594; x_wconf 91' lang='lat' dir='ltr'><strong>tempore</strong></span> <span class='ocrx_word' id='word_1_103' title='bbox 1163 1523 1440 1589; x_wconf 86' lang='lat' dir='ltr'><strong>Julianus,</strong></span> <span class='ocrx_word' id='word_1_104' title='bbox 1481 1527 1743 1595; x_wconf 68' lang='lat' dir='ltr'><strong>prmtorio</strong></span> <span class='ocrx_word' id='word_1_105' title='bbox 1779 1527 2096 1596; x_wconf 72' lang='lat' dir='ltr'><strong>prmfectus.</strong></span> 
     </span>
    </p>
   </div>
   <div class='ocr_carea' id='block_1_19' title="bbox 523 1611 2098 1684">
    <p class='ocr_par' dir='ltr' id='par_1_19' title="bbox 523 1611 2098 1684">
     <span class='ocr_line' id='line_1_19' title="bbox 523 1611 2098 1684; baseline 0.001 -19"><span class='ocrx_word' id='word_1_106' title='bbox 523 1612 786 1681; x_wconf 86' lang='lat' dir='ltr'><strong>dignitate</strong></span> <span class='ocrx_word' id='word_1_107' title='bbox 809 1627 908 1666; x_wconf 90' lang='lat' dir='ltr'><strong>sua</strong></span> <span class='ocrx_word' id='word_1_108' title='bbox 940 1624 1141 1666; x_wconf 82' lang='lat' dir='ltr'><strong>exutus</strong></span> <span class='ocrx_word' id='word_1_109' title='bbox 1167 1621 1248 1668; x_wconf 83' lang='lat' dir='ltr'><strong>est</strong></span> <span class='ocrx_word' id='word_1_110' title='bbox 1279 1629 1294 1666; x_wconf 90' lang='lat'><strong>:</strong></span> <span class='ocrx_word' id='word_1_111' title='bbox 1337 1623 1390 1668; x_wconf 81' lang='lat' dir='ltr'><strong>et</strong></span> <span class='ocrx_word' id='word_1_112' title='bbox 1415 1611 1658 1670; x_wconf 84' lang='lat' dir='ltr'><strong>Joannes</strong></span> <span class='ocrx_word' id='word_1_113' title='bbox 1701 1613 1997 1684; x_wconf 77' lang='lat' dir='ltr'><strong>Cappadox</strong></span> <span class='ocrx_word' id='word_1_114' title='bbox 2044 1614 2098 1669; x_wconf 90' lang='lat' dir='ltr'><strong>in</strong></span> 
     </span>
    </p>
   </div>
   <div class='ocr_carea' id='block_1_20' title="bbox 525 1705 1182 1774">
    <p class='ocr_par' dir='ltr' id='par_1_20' title="bbox 525 1705 1182 1774">
     <span class='ocr_line' id='line_1_20' title="bbox 525 1705 1182 1774; baseline 0 -16"><span class='ocrx_word' id='word_1_115' title='bbox 525 1705 708 1760; x_wconf 87' lang='lat' dir='ltr'><strong>locum</strong></span> <span class='ocrx_word' id='word_1_116' title='bbox 738 1706 860 1774; x_wconf 81' lang='lat' dir='ltr'><strong>ejus</strong></span> <span class='ocrx_word' id='word_1_117' title='bbox 894 1705 1182 1758; x_wconf 65' lang='lat' dir='ltr'><strong>suil‘cctus.</strong></span> 
     </span>
    </p>
   </div>
   <div class='ocr_carea' id='block_1_21' title="bbox 595 1773 2106 1866">
    <p class='ocr_par' dir='ltr' id='par_1_21' title="bbox 595 1773 2106 1866">
     <span class='ocr_line' id='line_1_21' title="bbox 595 1773 2106 1866; baseline 0.001 -14"><span class='ocrx_word' id='word_1_118' title='bbox 595 1797 868 1853; x_wconf 65' lang='lat' dir='ltr'><strong>Caeterum</strong></span> <span class='ocrx_word' id='word_1_119' title='bbox 917 1773 1212 1849; x_wconf 60' lang='lat' dir='ltr'><strong>i’ersarum</strong></span> <span class='ocrx_word' id='word_1_120' title='bbox 1271 1797 1466 1858; x_wconf 89' lang='lat' dir='ltr'><strong>duces,</strong></span> <span class='ocrx_word' id='word_1_121' title='bbox 1531 1796 1710 1866; x_wconf 82' lang='lat' dir='ltr'><strong>copiis</strong></span> <span class='ocrx_word' id='word_1_122' title='bbox 1765 1797 2004 1853; x_wconf 85' lang='lat' dir='ltr'><strong>Persicis</strong></span> <span class='ocrx_word' id='word_1_123' title='bbox 2048 1807 2106 1854; x_wconf 90' lang='lat' dir='ltr'><strong>et</strong></span> 
     </span>
    </p>
   </div>
   <div class='ocr_carea' id='block_1_22' title="bbox 530 1887 2106 1955">
    <p class='ocr_par' dir='ltr' id='par_1_22' title="bbox 530 1887 2106 1955">
     <span class='ocr_line' id='line_1_22' title="bbox 530 1887 2106 1955; baseline 0 -11"><span class='ocrx_word' id='word_1_124' title='bbox 530 1889 880 1944; x_wconf 89' lang='lat' dir='ltr'><strong>Saracenicis</strong></span> <span class='ocrx_word' id='word_1_125' title='bbox 912 1889 1187 1948; x_wconf 88' lang='lat' dir='ltr'><strong>instructi,</strong></span> <span class='ocrx_word' id='word_1_126' title='bbox 1223 1887 1561 1942; x_wconf 84' lang='lat' dir='ltr'><strong>Osdroenam</strong></span> <span class='ocrx_word' id='word_1_127' title='bbox 1613 1889 1976 1955; x_wconf 87' lang='lat' dir='ltr'><strong>invaserunt;</strong></span> <span class='ocrx_word' id='word_1_128' title='bbox 2011 1905 2106 1944; x_wconf 77' lang='lat' dir='ltr'><strong>ea-</strong></span> 
     </span>
    </p>
   </div>
   <div class='ocr_carea' id='block_1_23' title="bbox 527 1976 2102 2049">
    <p class='ocr_par' dir='ltr' id='par_1_23' title="bbox 527 1976 2102 2049">
     <span class='ocr_line' id='line_1_23' title="bbox 527 1976 2102 2049; baseline 0 -13"><span class='ocrx_word' id='word_1_129' title='bbox 527 1984 800 2049; x_wconf 84' lang='lat' dir='ltr'><strong>stelloque</strong></span> <span class='ocrx_word' id='word_1_130' title='bbox 857 1980 931 2032; x_wconf 93' lang='lat' dir='ltr'><strong>ibi</strong></span> <span class='ocrx_word' id='word_1_131' title='bbox 989 1981 1296 2048; x_wconf 80' lang='lat' dir='ltr'><strong>Ahgersato</strong></span> <span class='ocrx_word' id='word_1_132' title='bbox 1341 1979 1531 2048; x_wconf 88' lang='lat' dir='ltr'><strong>(quod</strong></span> <span class='ocrx_word' id='word_1_133' title='bbox 1577 1976 1931 2034; x_wconf 76' lang='lat' dir='ltr'><strong>exstruxe&#39;rat</strong></span> <span class='ocrx_word' id='word_1_134' title='bbox 1965 1981 2102 2036; x_wconf 91' lang='lat' dir='ltr'><strong>olim</strong></span> 
     </span>
    </p>
   </div>
   <div class='ocr_carea' id='block_1_24' title="bbox 525 2070 2104 2143">
    <p class='ocr_par' dir='ltr' id='par_1_24' title="bbox 525 2070 2104 2143">
     <span class='ocr_line' id='line_1_24' title="bbox 525 2070 2104 2143; baseline 0.002 -17"><span class='ocrx_word' id='word_1_135' title='bbox 525 2075 801 2142; x_wconf 82' lang='lat' dir='ltr'><strong>Abgarus.</strong></span> <span class='ocrx_word' id='word_1_136' title='bbox 859 2070 1271 2126; x_wconf 81' lang='lat' dir='ltr'><strong>Osdrocnorum</strong></span> <span class='ocrx_word' id='word_1_137' title='bbox 1321 2072 1476 2125; x_wconf 86' lang='lat' dir='ltr'><strong>urbis</strong></span> <span class='ocrx_word' id='word_1_138' title='bbox 1515 2072 1800 2141; x_wconf 88' lang='lat' dir='ltr'><strong>toparcha,</strong></span> <span class='ocrx_word' id='word_1_139' title='bbox 1837 2088 2104 2143; x_wconf 84' lang='lat' dir='ltr'><strong>muroque</strong></span> 
     </span>
    </p>
   </div>
   <div class='ocr_carea' id='block_1_25' title="bbox 448 2162 2100 2228">
    <p class='ocr_par' dir='ltr' id='par_1_25' title="bbox 448 2162 2100 2228">
     <span class='ocr_line' id='line_1_25' title="bbox 448 2162 2100 2228; baseline 0.001 -9"><span class='ocrx_word' id='word_1_140' title='bbox 448 2165 455 2173; x_wconf 85' lang='lat'>&#39;</span> <span class='ocrx_word' id='word_1_141' title='bbox 526 2167 780 2219; x_wconf 80' lang='lat' dir='ltr'><strong>cinxerat</strong></span> <span class='ocrx_word' id='word_1_142' title='bbox 813 2163 1061 2218; x_wconf 83' lang='lat' dir='ltr'><strong>latericio</strong></span> <span class='ocrx_word' id='word_1_143' title='bbox 1082 2169 1119 2228; x_wconf 72' lang='lat'><strong>),</strong></span> <span class='ocrx_word' id='word_1_144' title='bbox 1153 2163 1478 2218; x_wconf 89' lang='lat' dir='ltr'><strong>incubantes</strong></span> <span class='ocrx_word' id='word_1_145' title='bbox 1505 2162 1771 2218; x_wconf 79' lang='lat' dir='ltr'><strong>fossatum</strong></span> <span class='ocrx_word' id='word_1_146' title='bbox 1803 2163 2100 2220; x_wconf 70' lang='lat' dir='ltr'><strong>duxerunt.</strong></span> 
     </span>
    </p>
   </div>
   <div class='ocr_carea' id='block_1_26' title="bbox 526 2256 2104 2327">
    <p class='ocr_par' dir='ltr' id='par_1_26' title="bbox 526 2256 2104 2327">
     <span class='ocr_line' id='line_1_26' title="bbox 526 2256 2104 2327; baseline 0.001 -18"><span class='ocrx_word' id='word_1_147' title='bbox 526 2257 631 2324; x_wconf 85' lang='lat' dir='ltr'><strong>Qui</strong></span> <span class='ocrx_word' id='word_1_148' title='bbox 669 2268 850 2310; x_wconf 90' lang='lat' dir='ltr'><strong>autem</strong></span> <span class='ocrx_word' id='word_1_149' title='bbox 884 2259 1027 2308; x_wconf 85' lang='lat' dir='ltr'><strong>intra</strong></span> <span class='ocrx_word' id='word_1_150' title='bbox 1081 2256 1364 2309; x_wconf 81' lang='lat' dir='ltr'><strong>castellum</strong></span> <span class='ocrx_word' id='word_1_151' title='bbox 1395 2256 1672 2324; x_wconf 84' lang='lat' dir='ltr'><strong>agebant,</strong></span> <span class='ocrx_word' id='word_1_152' title='bbox 1709 2256 1834 2310; x_wconf 92' lang='lat' dir='ltr'><strong>telis</strong></span> <span class='ocrx_word' id='word_1_153' title='bbox 1863 2256 2104 2327; x_wconf 86' lang='lat' dir='ltr'><strong>desuper</strong></span> 
     </span>
    </p>
   </div>
   <div class='ocr_carea' id='block_1_27' title="bbox 527 2345 2092 2420">
    <p class='ocr_par' dir='ltr' id='par_1_27' title="bbox 527 2345 2092 2420">
     <span class='ocr_line' id='line_1_27' title="bbox 527 2345 2092 2420; baseline 0.001 -19"><span class='ocrx_word' id='word_1_154' title='bbox 527 2348 694 2420; x_wconf 59' lang='grc' dir='ltr'><strong>[εδδ</strong></span> <span class='ocrx_word' id='word_1_155' title='bbox 722 2348 966 2410; x_wconf 85' lang='lat' dir='ltr'><strong>emissis,</strong></span> <span class='ocrx_word' id='word_1_156' title='bbox 993 2347 1138 2399; x_wconf 90' lang='lat' dir='ltr'><strong>mille</strong></span> <span class='ocrx_word' id='word_1_157' title='bbox 1163 2345 1454 2399; x_wconf 78' lang='lat' dir='ltr'><strong>Persarum</strong></span> <span class='ocrx_word' id='word_1_158' title='bbox 1478 2347 1596 2400; x_wconf 87' lang='lat' dir='ltr'><strong>neci</strong></span> <span class='ocrx_word' id='word_1_159' title='bbox 1624 2346 1890 2400; x_wconf 84' lang='lat' dir='ltr'><strong>dederunt</strong></span> <span class='ocrx_word' id='word_1_160' title='bbox 1930 2361 1946 2401; x_wconf 89' lang='lat'><strong>:</strong></span> <span class='ocrx_word' id='word_1_161' title='bbox 1975 2348 2092 2416; x_wconf 81' lang='lat' dir='ltr'><strong>spi-</strong></span> 
     </span>
    </p>
   </div>
   <div class='ocr_carea' id='block_1_28' title="bbox 525 2433 2103 2501">
    <p class='ocr_par' dir='ltr' id='par_1_28' title="bbox 525 2433 2103 2501">
     <span class='ocr_line' id='line_1_28' title="bbox 525 2433 2103 2501; baseline 0.001 -12"><span class='ocrx_word' id='word_1_162' title='bbox 525 2443 668 2489; x_wconf 83' lang='lat' dir='ltr'><strong>culis</strong></span> <span class='ocrx_word' id='word_1_163' title='bbox 739 2449 870 2488; x_wconf 85' lang='lat' dir='ltr'><strong>vero</strong></span> <span class='ocrx_word' id='word_1_164' title='bbox 903 2434 1120 2488; x_wconf 85' lang='lat' dir='ltr'><strong>demum</strong></span> <span class='ocrx_word' id='word_1_165' title='bbox 1175 2434 1583 2497; x_wconf 74' lang='lat' dir='ltr'><strong>deﬁcientibus,</strong></span> <span class='ocrx_word' id='word_1_166' title='bbox 1633 2433 1820 2489; x_wconf 75' lang='lat' dir='ltr'><strong>fundis</strong></span> <span class='ocrx_word' id='word_1_167' title='bbox 1869 2437 1977 2501; x_wconf 90' lang='lat' dir='ltr'><strong>usi,</strong></span> <span class='ocrx_word' id='word_1_168' title='bbox 2015 2439 2103 2494; x_wconf 86' lang='lat' dir='ltr'><strong>vel</strong></span> 
     </span>
    </p>
   </div>
   <div class='ocr_carea' id='block_1_29' title="bbox 527 2523 2104 2597">
    <p class='ocr_par' dir='ltr' id='par_1_29' title="bbox 527 2523 2104 2597">
     <span class='ocr_line' id='line_1_29' title="bbox 527 2523 2104 2597; baseline 0.003 -20"><span class='ocrx_word' id='word_1_169' title='bbox 527 2523 610 2577; x_wconf 87' lang='lat' dir='ltr'><strong>sic</strong></span> <span class='ocrx_word' id='word_1_170' title='bbox 649 2523 813 2576; x_wconf 82' lang='lat' dir='ltr'><strong>etiam</strong></span> <span class='ocrx_word' id='word_1_171' title='bbox 867 2523 1008 2576; x_wconf 88' lang='lat' dir='ltr'><strong>bene</strong></span> <span class='ocrx_word' id='word_1_172' title='bbox 1055 2523 1258 2574; x_wconf 90' lang='lat' dir='ltr'><strong>multos</strong></span> <span class='ocrx_word' id='word_1_173' title='bbox 1306 2524 1688 2578; x_wconf 80' lang='lat' dir='ltr'><strong>confecerunt.</strong></span> <span class='ocrx_word' id='word_1_174' title='bbox 1723 2523 1785 2577; x_wconf 88' lang='lat' dir='ltr'><strong>In</strong></span> <span class='ocrx_word' id='word_1_175' title='bbox 1818 2527 2104 2597; x_wconf 73' lang='lat' dir='ltr'><strong>angustias</strong></span> 
     </span>
    </p>
   </div>
   <div class='ocr_carea' id='block_1_30' title="bbox 527 2611 2101 2688">
    <p class='ocr_par' dir='ltr' id='par_1_30' title="bbox 527 2611 2101 2688">
     <span class='ocr_line' id='line_1_30' title="bbox 527 2611 2101 2688; baseline 0.004 -22"><span class='ocrx_word' id='word_1_176' title='bbox 527 2613 696 2683; x_wconf 89' lang='lat' dir='ltr'><strong>igitur</strong></span> <span class='ocrx_word' id='word_1_177' title='bbox 741 2611 921 2666; x_wconf 81' lang='lat' dir='ltr'><strong>Persae</strong></span> <span class='ocrx_word' id='word_1_178' title='bbox 954 2612 1187 2676; x_wconf 83' lang='lat' dir='ltr'><strong>redacti,</strong></span> <span class='ocrx_word' id='word_1_179' title='bbox 1222 2613 1405 2666; x_wconf 91' lang='lat' dir='ltr'><strong>varias</strong></span> <span class='ocrx_word' id='word_1_180' title='bbox 1433 2623 1733 2684; x_wconf 88' lang='lat' dir='ltr'><strong>capessunt</strong></span> <span class='ocrx_word' id='word_1_181' title='bbox 1769 2619 2056 2674; x_wconf 84' lang='lat' dir='ltr'><strong>machinas</strong></span> <span class='ocrx_word' id='word_1_182' title='bbox 2085 2638 2101 2688; x_wconf 90' lang='lat'><strong>;</strong></span> 
     </span>
    </p>
   </div>
   <div class='ocr_carea' id='block_1_31' title="bbox 529 2705 2104 2778">
    <p class='ocr_par' dir='ltr' id='par_1_31' title="bbox 529 2705 2104 2778">
     <span class='ocr_line' id='line_1_31' title="bbox 529 2705 2104 2778; baseline 0.003 -15"><span class='ocrx_word' id='word_1_183' title='bbox 529 2707 876 2775; x_wconf 72' lang='lat' dir='ltr'><strong>suﬂ‘ossoque</strong></span> <span class='ocrx_word' id='word_1_184' title='bbox 931 2706 1178 2759; x_wconf 83' lang='lat' dir='ltr'><strong>latericio</strong></span> <span class='ocrx_word' id='word_1_185' title='bbox 1233 2705 1402 2760; x_wconf 79' lang='lat' dir='ltr'><strong>eaStri</strong></span> <span class='ocrx_word' id='word_1_186' title='bbox 1432 2722 1614 2770; x_wconf 90' lang='lat' dir='ltr'><strong>muro,</strong></span> <span class='ocrx_word' id='word_1_187' title='bbox 1644 2709 1870 2778; x_wconf 87' lang='lat' dir='ltr'><strong>jamjam</strong></span> <span class='ocrx_word' id='word_1_188' title='bbox 1909 2715 2104 2769; x_wconf 89' lang='lat' dir='ltr'><strong>subin-</strong></span> 
     </span>
    </p>
   </div>
   <div class='ocr_carea' id='block_1_32' title="bbox 530 2795 2106 2868">
    <p class='ocr_par' dir='ltr' id='par_1_32' title="bbox 530 2795 2106 2868">
     <span class='ocr_line' id='line_1_32' title="bbox 530 2795 2106 2868; baseline 0.004 -14"><span class='ocrx_word' id='word_1_189' title='bbox 530 2798 728 2854; x_wconf 85' lang='lat' dir='ltr'><strong>traturi</strong></span> <span class='ocrx_word' id='word_1_190' title='bbox 785 2805 969 2852; x_wconf 85' lang='lat' dir='ltr'><strong>erant.</strong></span> <span class='ocrx_word' id='word_1_191' title='bbox 1021 2795 1411 2852; x_wconf 79' lang='lat' dir='ltr'><strong>Resciscentes</strong></span> <span class='ocrx_word' id='word_1_192' title='bbox 1462 2808 1645 2853; x_wconf 90' lang='lat' dir='ltr'><strong>autem</strong></span> <span class='ocrx_word' id='word_1_193' title='bbox 1711 2803 1807 2868; x_wconf 90' lang='lat' dir='ltr'><strong>qui</strong></span> <span class='ocrx_word' id='word_1_194' title='bbox 1849 2801 1916 2858; x_wconf 88' lang='lat' dir='ltr'><strong>de</strong></span> <span class='ocrx_word' id='word_1_195' title='bbox 1947 2819 2106 2860; x_wconf 89' lang='lat' dir='ltr'><strong>muro</strong></span> 
     </span>
    </p>
   </div>
   <div class='ocr_carea' id='block_1_33' title="bbox 532 2889 2106 2954">
    <p class='ocr_par' dir='ltr' id='par_1_33' title="bbox 532 2889 2106 2954">
     <span class='ocr_line' id='line_1_33' title="bbox 532 2889 2106 2954; baseline 0.004 -8"><span class='ocrx_word' id='word_1_196' title='bbox 532 2892 758 2947; x_wconf 80' lang='lat' dir='ltr'><strong>fuerunt</strong></span> <span class='ocrx_word' id='word_1_197' title='bbox 819 2889 1186 2944; x_wconf 86' lang='lat' dir='ltr'><strong>Barbarorum</strong></span> <span class='ocrx_word' id='word_1_198' title='bbox 1228 2891 1540 2954; x_wconf 84' lang='lat' dir='ltr'><strong>cuniculos,</strong></span> <span class='ocrx_word' id='word_1_199' title='bbox 1571 2891 1638 2946; x_wconf 90' lang='lat' dir='ltr'><strong>de</strong></span> <span class='ocrx_word' id='word_1_200' title='bbox 1677 2908 1837 2947; x_wconf 89' lang='lat' dir='ltr'><strong>muro</strong></span> <span class='ocrx_word' id='word_1_201' title='bbox 1869 2894 2106 2952; x_wconf 89' lang='lat' dir='ltr'><strong>descen-</strong></span> 
     </span>
    </p>
   </div>
   <div class='ocr_carea' id='block_1_34' title="bbox 2195 432 3776 507">
    <p class='ocr_par' dir='ltr' id='par_1_34' title="bbox 2195 432 3776 507">
     <span class='ocr_line' id='line_1_34' title="bbox 2195 432 3776 507; baseline 0.009 -23"><span class='ocrx_word' id='word_1_202' title='bbox 2195 432 2305 485; x_wconf 73' lang='grc' dir='ltr'><strong>Καὶ</strong></span> <span class='ocrx_word' id='word_1_203' title='bbox 2353 433 2594 504; x_wconf 74' lang='grc' dir='ltr'><strong>ἐντυχὼν</strong></span> <span class='ocrx_word' id='word_1_204' title='bbox 2645 435 2761 498; x_wconf 83' lang='grc' dir='ltr'><strong>τοῖς</strong></span> <span class='ocrx_word' id='word_1_205' title='bbox 2795 435 3125 506; x_wconf 86' lang='grc' dir='ltr'><strong>γράμμασιν</strong></span> <span class='ocrx_word' id='word_1_206' title='bbox 3153 437 3182 489; x_wconf 82' lang='grc' dir='ltr'><strong>ὁ</strong></span> <span class='ocrx_word' id='word_1_207' title='bbox 3243 436 3502 507; x_wconf 77' lang='grc' dir='ltr'><strong>βασιλεὺς</strong></span> <span class='ocrx_word' id='word_1_208' title='bbox 3553 442 3776 498; x_wconf 84' lang='grc' dir='ltr'><strong>Ἰουστι-</strong></span> 
     </span>
    </p>
   </div>
   <div class='ocr_carea' id='block_1_35' title="bbox 2195 527 3775 608">
    <p class='ocr_par' dir='ltr' id='par_1_35' title="bbox 2195 527 3775 608">
     <span class='ocr_line' id='line_1_35' title="bbox 2195 527 3775 608; baseline 0.007 -30"><span class='ocrx_word' id='word_1_209' title='bbox 2195 527 2412 591; x_wconf 79' lang='grc' dir='ltr'><strong>νιανὺς,</strong></span> <span class='ocrx_word' id='word_1_210' title='bbox 2473 527 2734 590; x_wconf 81' lang='grc' dir='ltr'><strong>κελεύσας</strong></span> <span class='ocrx_word' id='word_1_211' title='bbox 2769 527 2860 580; x_wconf 84' lang='grc' dir='ltr'><strong>διὰ</strong></span> <span class='ocrx_word' id='word_1_212' title='bbox 2896 529 3248 599; x_wconf 82' lang='grc' dir='ltr'><strong>γραμμάτων</strong></span> <span class='ocrx_word' id='word_1_213' title='bbox 3293 531 3498 604; x_wconf 81' lang='grc' dir='ltr'><strong>Τζίττᾳ</strong></span> <span class='ocrx_word' id='word_1_214' title='bbox 3535 533 3649 604; x_wconf 81' lang='lat' dir='ltr'><strong>(i7)</strong></span> <span class='ocrx_word' id='word_1_215' title='bbox 3696 537 3775 608; x_wconf 87' lang='grc' dir='ltr'><strong>τῷ</strong></span> 
     </span>
    </p>
   </div>
   <div class='ocr_carea' id='block_1_36' title="bbox 2198 619 3777 693">
    <p class='ocr_par' dir='ltr' id='par_1_36' title="bbox 2198 619 3777 693">
     <span class='ocr_line' id='line_1_36' title="bbox 2198 619 3777 693; baseline 0.006 -23"><span class='ocrx_word' id='word_1_216' title='bbox 2198 619 2544 690; x_wconf 80' lang='grc' dir='ltr'><strong>στρατηλάτῃ</strong></span> <span class='ocrx_word' id='word_1_217' title='bbox 2580 620 2937 690; x_wconf 86' lang='grc' dir='ltr'><strong>πραισέντου,</strong></span> <span class='ocrx_word' id='word_1_218' title='bbox 2973 623 3031 674; x_wconf 83' lang='grc' dir='ltr'><strong>ἐν</strong></span> <span class='ocrx_word' id='word_1_219' title='bbox 3062 621 3330 693; x_wconf 77' lang='grc' dir='ltr'><strong>Ἀρμενίᾳ</strong></span> <span class='ocrx_word' id='word_1_220' title='bbox 3369 623 3634 691; x_wconf 82' lang='grc' dir='ltr'><strong>διάγοντι,</strong></span> <span class='ocrx_word' id='word_1_221' title='bbox 3677 643 3777 679; x_wconf 79' lang='grc' dir='ltr'><strong>κα·</strong></span> 
     </span>
    </p>
   </div>
   <div class='ocr_carea' id='block_1_37' title="bbox 2197 710 3781 784">
    <p class='ocr_par' dir='ltr' id='par_1_37' title="bbox 2197 710 3781 784">
     <span class='ocr_line' id='line_1_37' title="bbox 2197 710 3781 784; baseline 0.005 -22"><span class='ocrx_word' id='word_1_222' title='bbox 2197 710 2452 763; x_wconf 82' lang='grc' dir='ltr'><strong>ταλαϐεῖν</strong></span> <span class='ocrx_word' id='word_1_223' title='bbox 2486 711 2580 782; x_wconf 77' lang='grc' dir='ltr'><strong>τὴν</strong></span> <span class='ocrx_word' id='word_1_224' title='bbox 2596 711 2889 782; x_wconf 82' lang='grc' dir='ltr'><strong>’Λνατολὴν</strong></span> <span class='ocrx_word' id='word_1_225' title='bbox 2913 713 3053 782; x_wconf 84' lang='grc' dir='ltr'><strong>πρὸς</strong></span> <span class='ocrx_word' id='word_1_226' title='bbox 3075 713 3392 784; x_wconf 72' lang='grc' dir='ltr'><strong>συμμαχίαν</strong></span> <span class='ocrx_word' id='word_1_227' title='bbox 3409 731 3422 747; x_wconf 88' lang='grc'><strong>·</strong></span> <span class='ocrx_word' id='word_1_228' title='bbox 3440 717 3591 778; x_wconf 82' lang='grc' dir='ltr'><strong>ὅστις</strong></span> <span class='ocrx_word' id='word_1_229' title='bbox 3620 717 3781 783; x_wconf 80' lang='grc' dir='ltr'><strong>Τζίτ-</strong></span> 
     </span>
    </p>
   </div>
   <div class='ocr_carea' id='block_1_38' title="bbox 2197 801 3780 878">
    <p class='ocr_par' dir='ltr' id='par_1_38' title="bbox 2197 801 3780 878">
     <span class='ocr_line' id='line_1_38' title="bbox 2197 801 3780 878; baseline 0.006 -25"><span class='ocrx_word' id='word_1_230' title='bbox 2197 817 2296 864; x_wconf 89' lang='grc' dir='ltr'><strong>τας</strong></span> <span class='ocrx_word' id='word_1_231' title='bbox 2334 801 2430 854; x_wconf 75' lang='grc' dir='ltr'><strong>καὶ</strong></span> <span class='ocrx_word' id='word_1_232' title='bbox 2460 803 2758 874; x_wconf 79' lang='grc' dir='ltr'><strong>παρέλαϐε.</strong></span> <span class='ocrx_word' id='word_1_233' title='bbox 2797 803 3096 875; x_wconf 84' lang='grc' dir='ltr'><strong>Παρελθὼν</strong></span> <span class='ocrx_word' id='word_1_234' title='bbox 3115 805 3174 859; x_wconf 86' lang='grc' dir='ltr'><strong>δὲ</strong></span> <span class='ocrx_word' id='word_1_235' title='bbox 3207 805 3297 859; x_wconf 83' lang='grc' dir='ltr'><strong>διὰ</strong></span> <span class='ocrx_word' id='word_1_236' title='bbox 3329 805 3440 859; x_wconf 89' lang='grc' dir='ltr'><strong>τῶν</strong></span> <span class='ocrx_word' id='word_1_237' title='bbox 3467 807 3780 878; x_wconf 74' lang='grc' dir='ltr'><strong>Ἀρμενίων</strong></span> 
     </span>
    </p>
   </div>
   <div class='ocr_carea' id='block_1_39' title="bbox 2198 893 3782 970">
    <p class='ocr_par' dir='ltr' id='par_1_39' title="bbox 2198 893 3782 970">
     <span class='ocr_line' id='line_1_39' title="bbox 2198 893 3782 970; baseline 0.006 -23"><span class='ocrx_word' id='word_1_238' title='bbox 2198 893 2370 964; x_wconf 83' lang='grc' dir='ltr'><strong>όρέων</strong></span> <span class='ocrx_word' id='word_1_239' title='bbox 2427 895 2677 964; x_wconf 75' lang='grc' dir='ltr'><strong>εἰσῆλθεν</strong></span> <span class='ocrx_word' id='word_1_240' title='bbox 2715 899 2796 960; x_wconf 76' lang='grc' dir='ltr'><strong>εἰς</strong></span> <span class='ocrx_word' id='word_1_241' title='bbox 2841 897 3172 967; x_wconf 69' lang='grc' dir='ltr'><strong>Σαμόσατα*</strong></span> <span class='ocrx_word' id='word_1_242' title='bbox 3226 898 3528 970; x_wconf 75' lang='grc' dir='ltr'><strong>ἐκελεύσθη</strong></span> <span class='ocrx_word' id='word_1_243' title='bbox 3567 901 3628 955; x_wconf 82' lang='grc' dir='ltr'><strong>δὲ</strong></span> <span class='ocrx_word' id='word_1_244' title='bbox 3683 903 3782 956; x_wconf 81' lang='grc' dir='ltr'><strong>καὶ</strong></span> 
     </span>
    </p>
   </div>
   <div class='ocr_carea' id='block_1_40' title="bbox 2199 987 3781 1063">
    <p class='ocr_par' dir='ltr' id='par_1_40' title="bbox 2199 987 3781 1063">
     <span class='ocr_line' id='line_1_40' title="bbox 2199 987 3781 1063; baseline 0.004 -23"><span class='ocrx_word' id='word_1_245' title='bbox 2199 987 2636 1050; x_wconf 85' lang='grc' dir='ltr'><strong>Κωνσταντίολος</strong></span> <span class='ocrx_word' id='word_1_246' title='bbox 2681 989 3010 1043; x_wconf 88' lang='grc' dir='ltr'><strong>καταλαϐεῖν</strong></span> <span class='ocrx_word' id='word_1_247' title='bbox 3038 991 3138 1061; x_wconf 83' lang='grc' dir='ltr'><strong>τὴν</strong></span> <span class='ocrx_word' id='word_1_248' title='bbox 3195 991 3510 1063; x_wconf 75' lang='grc' dir='ltr'><strong>’Δνατολὴν,</strong></span> <span class='ocrx_word' id='word_1_249' title='bbox 3573 993 3781 1062; x_wconf 83' lang='grc' dir='ltr'><strong>γνῶναι</strong></span> 
     </span>
    </p>
   </div>
   <div class='ocr_carea' id='block_1_41' title="bbox 2201 1078 3781 1152">
    <p class='ocr_par' dir='ltr' id='par_1_41' title="bbox 2201 1078 3781 1152">
     <span class='ocr_line' id='line_1_41' title="bbox 2201 1078 3781 1152; baseline 0.005 -22"><span class='ocrx_word' id='word_1_250' title='bbox 2201 1078 2298 1149; x_wconf 82' lang='grc' dir='ltr'><strong>τὴν</strong></span> <span class='ocrx_word' id='word_1_251' title='bbox 2321 1078 2578 1148; x_wconf 82' lang='grc' dir='ltr'><strong>ἀλήθειαν</strong></span> <span class='ocrx_word' id='word_1_252' title='bbox 2605 1079 2700 1133; x_wconf 85' lang='grc' dir='ltr'><strong>τοῦ</strong></span> <span class='ocrx_word' id='word_1_253' title='bbox 2734 1081 3002 1152; x_wconf 83' lang='grc' dir='ltr'><strong>πολέμου.</strong></span> <span class='ocrx_word' id='word_1_254' title='bbox 3035 1081 3148 1136; x_wconf 77' lang='grc' dir='ltr'><strong>Καὶ</strong></span> <span class='ocrx_word' id='word_1_255' title='bbox 3175 1083 3582 1148; x_wconf 90' lang='grc' dir='ltr'><strong>καταλαϐόντος</strong></span> <span class='ocrx_word' id='word_1_256' title='bbox 3611 1084 3781 1138; x_wconf 80' lang='grc' dir='ltr'><strong>αὑτοῦ</strong></span> 
     </span>
    </p>
   </div>
   <div class='ocr_carea' id='block_1_42' title="bbox 2200 1170 3782 1246">
    <p class='ocr_par' dir='ltr' id='par_1_42' title="bbox 2200 1170 3782 1246">
     <span class='ocr_line' id='line_1_42' title="bbox 2200 1170 3782 1246; baseline 0.005 -24"><span class='ocrx_word' id='word_1_257' title='bbox 2200 1170 2552 1242; x_wconf 82' lang='grc' dir='ltr'><strong>Ἀντιόχειαν,</strong></span> <span class='ocrx_word' id='word_1_258' title='bbox 2591 1171 2883 1244; x_wconf 75' lang='grc' dir='ltr'><strong>ἐξώρμησε</strong></span> <span class='ocrx_word' id='word_1_259' title='bbox 2938 1175 3078 1245; x_wconf 81' lang='grc' dir='ltr'><strong>πρδς</strong></span> <span class='ocrx_word' id='word_1_260' title='bbox 3123 1177 3252 1239; x_wconf 81' lang='grc' dir='ltr'><strong>τοὺς</strong></span> <span class='ocrx_word' id='word_1_261' title='bbox 3307 1177 3574 1246; x_wconf 79' lang='grc' dir='ltr'><strong>ἐξάρχους</strong></span> <span class='ocrx_word' id='word_1_262' title='bbox 3642 1178 3782 1230; x_wconf 83' lang='grc' dir='ltr'><strong>Ῥω-</strong></span> 
     </span>
    </p>
   </div>
   <div class='ocr_carea' id='block_1_43' title="bbox 2207 1260 3782 1337">
    <p class='ocr_par' dir='ltr' id='par_1_43' title="bbox 2207 1260 3782 1337">
     <span class='ocr_line' id='line_1_43' title="bbox 2207 1260 3782 1337; baseline 0.005 -25"><span class='ocrx_word' id='word_1_263' title='bbox 2207 1260 2415 1328; x_wconf 86' lang='grc' dir='ltr'><strong>μαίων,</strong></span> <span class='ocrx_word' id='word_1_264' title='bbox 2475 1260 2709 1330; x_wconf 79' lang='grc' dir='ltr'><strong>ὀφείλων</strong></span> <span class='ocrx_word' id='word_1_265' title='bbox 2757 1262 2858 1334; x_wconf 81' lang='grc' dir='ltr'><strong>τὴν</strong></span> <span class='ocrx_word' id='word_1_266' title='bbox 2911 1265 3092 1318; x_wconf 82' lang='grc' dir='ltr'><strong>πᾶσαν</strong></span> <span class='ocrx_word' id='word_1_267' title='bbox 3135 1263 3287 1336; x_wconf 76' lang='lat'><strong>[205]</strong></span> <span class='ocrx_word' id='word_1_268' title='bbox 3337 1265 3601 1336; x_wconf 83' lang='grc' dir='ltr'><strong>ἀλήθειαν</strong></span> <span class='ocrx_word' id='word_1_269' title='bbox 3673 1283 3782 1337; x_wconf 88' lang='grc' dir='ltr'><strong>μα-</strong></span> 
     </span>
    </p>
   </div>
   <div class='ocr_carea' id='block_1_44' title="bbox 2203 1350 2337 1406">
    <p class='ocr_par' dir='ltr' id='par_1_44' title="bbox 2203 1350 2337 1406">
     <span class='ocr_line' id='line_1_44' title="bbox 2203 1350 2337 1406; baseline 0.015 -2"><span class='ocrx_word' id='word_1_270' title='bbox 2203 1350 2337 1406; x_wconf 84' lang='grc' dir='ltr'><strong>θεῖν.</strong></span> 
     </span>
    </p>
   </div>
   <div class='ocr_carea' id='block_1_45' title="bbox 2283 1538 3786 1616">
    <p class='ocr_par' dir='ltr' id='par_1_45' title="bbox 2283 1538 3786 1616">
     <span class='ocr_line' id='line_1_45' title="bbox 2283 1538 3786 1616; baseline 0.004 -25"><span class='ocrx_word' id='word_1_271' title='bbox 2283 1539 2374 1592; x_wconf 86' lang='grc' dir='ltr'><strong>Ἐν</strong></span> <span class='ocrx_word' id='word_1_272' title='bbox 2402 1539 2552 1610; x_wconf 86' lang='grc' dir='ltr'><strong>αὐτῷ</strong></span> <span class='ocrx_word' id='word_1_273' title='bbox 2582 1539 2640 1592; x_wconf 78' lang='grc' dir='ltr'><strong>δὲ</strong></span> <span class='ocrx_word' id='word_1_274' title='bbox 2669 1538 2747 1610; x_wconf 84' lang='grc' dir='ltr'><strong>τῷ</strong></span> <span class='ocrx_word' id='word_1_275' title='bbox 2779 1538 2960 1610; x_wconf 83' lang='grc' dir='ltr'><strong>καιρῷ</strong></span> <span class='ocrx_word' id='word_1_276' title='bbox 2993 1538 3240 1610; x_wconf 80' lang='grc' dir='ltr'><strong>διεδέχθη</strong></span> <span class='ocrx_word' id='word_1_277' title='bbox 3265 1541 3580 1606; x_wconf 77' lang='grc' dir='ltr'><strong>Ἰουλιανὸς,</strong></span> <span class='ocrx_word' id='word_1_278' title='bbox 3605 1543 3786 1616; x_wconf 83' lang='grc' dir='ltr'><strong>ἔπαρ-</strong></span> 
     </span>
    </p>
   </div>
   <div class='ocr_carea' id='block_1_46' title="bbox 2203 1633 3788 1710">
    <p class='ocr_par' dir='ltr' id='par_1_46' title="bbox 2203 1633 3788 1710">
     <span class='ocr_line' id='line_1_46' title="bbox 2203 1633 3788 1710; baseline 0.007 -28"><span class='ocrx_word' id='word_1_279' title='bbox 2203 1647 2296 1700; x_wconf 91' lang='grc' dir='ltr'><strong>χος</strong></span> <span class='ocrx_word' id='word_1_280' title='bbox 2318 1633 2691 1702; x_wconf 88' lang='grc' dir='ltr'><strong>πραιτωρίων,</strong></span> <span class='ocrx_word' id='word_1_281' title='bbox 2723 1633 2820 1686; x_wconf 79' lang='grc' dir='ltr'><strong>καὶ</strong></span> <span class='ocrx_word' id='word_1_282' title='bbox 2847 1633 3066 1702; x_wconf 78' lang='grc' dir='ltr'><strong>ἐγένετο</strong></span> <span class='ocrx_word' id='word_1_283' title='bbox 3107 1633 3226 1688; x_wconf 82' lang='grc' dir='ltr'><strong>ἀντ’</strong></span> <span class='ocrx_word' id='word_1_284' title='bbox 3265 1635 3430 1688; x_wconf 81' lang='grc' dir='ltr'><strong>αὐτοῦ</strong></span> <span class='ocrx_word' id='word_1_285' title='bbox 3471 1637 3732 1710; x_wconf 75' lang='grc' dir='ltr'><strong>Ἰωάννης</strong></span> <span class='ocrx_word' id='word_1_286' title='bbox 3759 1641 3788 1693; x_wconf 83' lang='grc' dir='ltr'><strong>ὁ</strong></span> 
     </span>
    </p>
   </div>
   <div class='ocr_carea' id='block_1_47' title="bbox 2203 1722 2530 1788">
    <p class='ocr_par' dir='ltr' id='par_1_47' title="bbox 2203 1722 2530 1788">
     <span class='ocr_line' id='line_1_47' title="bbox 2203 1722 2530 1788; baseline 0.006 -13"><span class='ocrx_word' id='word_1_287' title='bbox 2203 1722 2530 1788; x_wconf 81' lang='grc' dir='ltr'><strong>Καππάδοξ.</strong></span> 
     </span>
    </p>
   </div>
   <div class='ocr_carea' id='block_1_48' title="bbox 2283 1815 3792 1894">
    <p class='ocr_par' dir='ltr' id='par_1_48' title="bbox 2283 1815 3792 1894">
     <span class='ocr_line' id='line_1_48' title="bbox 2283 1815 3792 1894; baseline 0.007 -26"><span class='ocrx_word' id='word_1_288' title='bbox 2283 1815 2564 1886; x_wconf 85' lang='grc' dir='ltr'><strong>Ἐγνώσθη</strong></span> <span class='ocrx_word' id='word_1_289' title='bbox 2595 1816 2652 1869; x_wconf 80' lang='grc' dir='ltr'><strong>δὲ</strong></span> <span class='ocrx_word' id='word_1_290' title='bbox 2689 1817 2986 1887; x_wconf 87' lang='grc' dir='ltr'><strong>Ῥωμαίοις</strong></span> <span class='ocrx_word' id='word_1_291' title='bbox 3013 1818 3096 1871; x_wconf 84' lang='grc' dir='ltr'><strong>δτι</strong></span> <span class='ocrx_word' id='word_1_292' title='bbox 3126 1817 3346 1890; x_wconf 73' lang='grc' dir='ltr'><strong>ἐξαρχοι</strong></span> <span class='ocrx_word' id='word_1_293' title='bbox 3379 1821 3607 1892; x_wconf 88' lang='grc' dir='ltr'><strong>Περσῶν</strong></span> <span class='ocrx_word' id='word_1_294' title='bbox 3647 1825 3792 1894; x_wconf 79' lang='grc' dir='ltr'><strong>μετά</strong></span> 
     </span>
    </p>
   </div>
   <div class='ocr_carea' id='block_1_49' title="bbox 2203 1905 3789 1988">
    <p class='ocr_par' dir='ltr' id='par_1_49' title="bbox 2203 1905 3789 1988">
     <span class='ocr_line' id='line_1_49' title="bbox 2203 1905 3789 1988; baseline 0.006 -30"><span class='ocrx_word' id='word_1_295' title='bbox 2203 1905 2486 1976; x_wconf 81' lang='grc' dir='ltr'><strong>Περσικῆς</strong></span> <span class='ocrx_word' id='word_1_296' title='bbox 2529 1906 2782 1976; x_wconf 76' lang='grc' dir='ltr'><strong>βοηθείας</strong></span> <span class='ocrx_word' id='word_1_297' title='bbox 2829 1909 2923 1960; x_wconf 76' lang='grc' dir='ltr'><strong>καὶ</strong></span> <span class='ocrx_word' id='word_1_298' title='bbox 2964 1910 3300 1978; x_wconf 87' lang='grc' dir='ltr'><strong>Σαρακηνῶν</strong></span> <span class='ocrx_word' id='word_1_299' title='bbox 3343 1907 3515 1984; x_wconf 81' lang='grc' dir='ltr'><strong>ἦλθαν</strong></span> <span class='ocrx_word' id='word_1_300' title='bbox 3543 1915 3641 1966; x_wconf 77' lang='grc' dir='ltr'><strong>ἐπὶ</strong></span> <span class='ocrx_word' id='word_1_301' title='bbox 3688 1917 3789 1988; x_wconf 77' lang='grc' dir='ltr'><strong>τὴν</strong></span> 
     </span>
    </p>
   </div>
   <div class='ocr_carea' id='block_1_50' title="bbox 2217 1997 3792 2076">
    <p class='ocr_par' dir='ltr' id='par_1_50' title="bbox 2217 1997 3792 2076">
     <span class='ocr_line' id='line_1_50' title="bbox 2217 1997 3792 2076; baseline 0.008 -27"><span class='ocrx_word' id='word_1_302' title='bbox 2217 1997 2540 2068; x_wconf 75' lang='grc' dir='ltr'><strong>Ὀσδροηνὴν</strong></span> <span class='ocrx_word' id='word_1_303' title='bbox 2554 1999 2620 2062; x_wconf 77' lang='grc'><strong>⁸⁸,</strong></span> <span class='ocrx_word' id='word_1_304' title='bbox 2647 2000 3044 2067; x_wconf 83' lang='grc' dir='ltr'><strong>φοσσεύσαντες</strong></span> <span class='ocrx_word' id='word_1_305' title='bbox 3063 1999 3124 2052; x_wconf 83' lang='grc' dir='ltr'><strong>τὸ</strong></span> <span class='ocrx_word' id='word_1_306' title='bbox 3149 2002 3385 2070; x_wconf 88' lang='grc' dir='ltr'><strong>κάστρον</strong></span> <span class='ocrx_word' id='word_1_307' title='bbox 3403 2003 3466 2056; x_wconf 84' lang='grc' dir='ltr'><strong>τὸ</strong></span> <span class='ocrx_word' id='word_1_308' title='bbox 3493 2004 3792 2076; x_wconf 76' lang='grc' dir='ltr'><strong>λεγόμενον</strong></span> 
     </span>
    </p>
   </div>
   <div class='ocr_carea' id='block_1_51' title="bbox 2216 2087 3793 2167">
    <p class='ocr_par' dir='ltr' id='par_1_51' title="bbox 2216 2087 3793 2167">
     <span class='ocr_line' id='line_1_51' title="bbox 2216 2087 3793 2167; baseline 0.006 -26"><span class='ocrx_word' id='word_1_309' title='bbox 2216 2087 2606 2158; x_wconf 84' lang='grc' dir='ltr'><strong>Ἀϐγερσᾶτον,</strong></span> <span class='ocrx_word' id='word_1_310' title='bbox 2646 2090 2708 2142; x_wconf 83' lang='grc' dir='ltr'><strong>τὸ</strong></span> <span class='ocrx_word' id='word_1_311' title='bbox 2752 2089 2974 2143; x_wconf 85' lang='grc' dir='ltr'><strong>κτισθὲν</strong></span> <span class='ocrx_word' id='word_1_312' title='bbox 3019 2091 3124 2144; x_wconf 84' lang='grc' dir='ltr'><strong>ὑπὸ</strong></span> <span class='ocrx_word' id='word_1_313' title='bbox 3165 2091 3464 2162; x_wconf 82' lang='grc' dir='ltr'><strong>’Δϐγάρου,</strong></span> <span class='ocrx_word' id='word_1_314' title='bbox 3503 2099 3793 2167; x_wconf 82' lang='grc' dir='ltr'><strong>τοπάρχου</strong></span> 
     </span>
    </p>
   </div>
   <div class='ocr_carea' id='block_1_52' title="bbox 2203 2177 3794 2258">
    <p class='ocr_par' dir='ltr' id='par_1_52' title="bbox 2203 2177 3794 2258">
     <span class='ocr_line' id='line_1_52' title="bbox 2203 2177 3794 2258; baseline 0.006 -27"><span class='ocrx_word' id='word_1_315' title='bbox 2203 2179 2302 2246; x_wconf 81' lang='grc' dir='ltr'><strong>τῆς</strong></span> <span class='ocrx_word' id='word_1_316' title='bbox 2353 2179 2695 2250; x_wconf 84' lang='grc' dir='ltr'><strong>Ὀσδροηνῶν</strong></span> <span class='ocrx_word' id='word_1_317' title='bbox 2742 2181 3008 2244; x_wconf 77' lang='grc' dir='ltr'><strong>πόλεως’·</strong></span> <span class='ocrx_word' id='word_1_318' title='bbox 3042 2177 3158 2252; x_wconf 81' lang='grc' dir='ltr'><strong>εἶχε</strong></span> <span class='ocrx_word' id='word_1_319' title='bbox 3209 2183 3268 2236; x_wconf 82' lang='grc' dir='ltr'><strong>δὲ</strong></span> <span class='ocrx_word' id='word_1_320' title='bbox 3317 2185 3550 2240; x_wconf 83' lang='grc' dir='ltr'><strong>παλαιὸν</strong></span> <span class='ocrx_word' id='word_1_321' title='bbox 3609 2192 3794 2258; x_wconf 81' lang='grc' dir='ltr'><strong>τεῖχος</strong></span> 
     </span>
    </p>
   </div>
   <div class='ocr_carea' id='block_1_53' title="bbox 2205 2269 3800 2344">
    <p class='ocr_par' dir='ltr' id='par_1_53' title="bbox 2205 2269 3800 2344">
     <span class='ocr_line' id='line_1_53' title="bbox 2205 2269 3800 2344; baseline 0.006 -23"><span class='ocrx_word' id='word_1_322' title='bbox 2205 2269 2499 2326; x_wconf 81' lang='grc' dir='ltr'><strong>πλίνθινον.</strong></span> <span class='ocrx_word' id='word_1_323' title='bbox 2535 2273 2597 2324; x_wconf 89' lang='grc' dir='ltr'><strong>Οἱ</strong></span> <span class='ocrx_word' id='word_1_324' title='bbox 2629 2272 2686 2325; x_wconf 84' lang='grc' dir='ltr'><strong>δὲ</strong></span> <span class='ocrx_word' id='word_1_325' title='bbox 2726 2271 2942 2326; x_wconf 79' lang='grc' dir='ltr'><strong>ἔνδοθεν</strong></span> <span class='ocrx_word' id='word_1_326' title='bbox 2978 2272 3218 2341; x_wconf 84' lang='grc' dir='ltr'><strong>φύλακες</strong></span> <span class='ocrx_word' id='word_1_327' title='bbox 3249 2273 3430 2344; x_wconf 82' lang='grc' dir='ltr'><strong>βέλεσι</strong></span> <span class='ocrx_word' id='word_1_328' title='bbox 3458 2278 3800 2344; x_wconf 82' lang='grc' dir='ltr'><strong>κατατοξεύ-</strong></span> 
     </span>
    </p>
   </div>
   <div class='ocr_carea' id='block_1_54' title="bbox 2205 2363 3792 2439">
    <p class='ocr_par' dir='ltr' id='par_1_54' title="bbox 2205 2363 3792 2439">
     <span class='ocr_line' id='line_1_54' title="bbox 2205 2363 3792 2439; baseline 0.006 -25"><span class='ocrx_word' id='word_1_329' title='bbox 2205 2379 2400 2426; x_wconf 80' lang='grc' dir='ltr'><strong>σαντες</strong></span> <span class='ocrx_word' id='word_1_330' title='bbox 2433 2363 2788 2417; x_wconf 82' lang='grc' dir='ltr'><strong>ἐθανάτωσαν</strong></span> <span class='ocrx_word' id='word_1_331' title='bbox 2818 2367 2882 2416; x_wconf 84' lang='grc' dir='ltr'><strong>ὲκ</strong></span> <span class='ocrx_word' id='word_1_332' title='bbox 2917 2363 3029 2417; x_wconf 88' lang='grc' dir='ltr'><strong>τῶν</strong></span> <span class='ocrx_word' id='word_1_333' title='bbox 3061 2366 3286 2434; x_wconf 85' lang='grc' dir='ltr'><strong>Περσῶν</strong></span> <span class='ocrx_word' id='word_1_334' title='bbox 3313 2367 3518 2438; x_wconf 69' lang='grc' dir='ltr'><strong>ἄνδρας</strong></span> <span class='ocrx_word' id='word_1_335' title='bbox 3543 2370 3792 2439; x_wconf 76' lang='grc' dir='ltr'><strong>χιλίους”</strong></span> 
     </span>
    </p>
   </div>
   <div class='ocr_carea' id='block_1_55' title="bbox 2204 2454 3792 2529">
    <p class='ocr_par' dir='ltr' id='par_1_55' title="bbox 2204 2454 3792 2529">
     <span class='ocr_line' id='line_1_55' title="bbox 2204 2454 3792 2529; baseline 0.004 -21"><span class='ocrx_word' id='word_1_336' title='bbox 2204 2455 2302 2508; x_wconf 76' lang='grc' dir='ltr'><strong>καὶ</strong></span> <span class='ocrx_word' id='word_1_337' title='bbox 2324 2455 2704 2525; x_wconf 83' lang='grc' dir='ltr'><strong>ἁπορήσαντες</strong></span> <span class='ocrx_word' id='word_1_338' title='bbox 2729 2454 2923 2524; x_wconf 81' lang='grc' dir='ltr'><strong>βελῶν,</strong></span> <span class='ocrx_word' id='word_1_339' title='bbox 2956 2457 3270 2524; x_wconf 81' lang='grc' dir='ltr'><strong>σφενδόναις</strong></span> <span class='ocrx_word' id='word_1_340' title='bbox 3293 2460 3634 2529; x_wconf 84' lang='grc' dir='ltr'><strong>χρησάμενοι</strong></span> <span class='ocrx_word' id='word_1_341' title='bbox 3659 2463 3792 2515; x_wconf 61' lang='grc' dir='ltr'><strong>πολε</strong></span> 
     </span>
    </p>
   </div>
   <div class='ocr_carea' id='block_1_56' title="bbox 2202 2546 3796 2621">
    <p class='ocr_par' dir='ltr' id='par_1_56' title="bbox 2202 2546 3796 2621">
     <span class='ocr_line' id='line_1_56' title="bbox 2202 2546 3796 2621; baseline 0.005 -21"><span class='ocrx_word' id='word_1_342' title='bbox 2202 2547 2330 2610; x_wconf 81' lang='grc' dir='ltr'><strong>λοὺς</strong></span> <span class='ocrx_word' id='word_1_343' title='bbox 2356 2546 2416 2612; x_wconf 75' lang='grc' dir='ltr'>ἐξ</span> <span class='ocrx_word' id='word_1_344' title='bbox 2454 2547 2633 2600; x_wconf 68' lang='grc' dir='ltr'><strong>αὐτῶν</strong></span> <span class='ocrx_word' id='word_1_345' title='bbox 2669 2547 3039 2603; x_wconf 72' lang='grc' dir='ltr'><strong>ἐθανάτωσαν.</strong></span> <span class='ocrx_word' id='word_1_346' title='bbox 3063 2549 3230 2604; x_wconf 82' lang='grc' dir='ltr'><strong>Ὅθεν</strong></span> <span class='ocrx_word' id='word_1_347' title='bbox 3261 2553 3309 2604; x_wconf 82' lang='grc' dir='ltr'><strong>οἱ</strong></span> <span class='ocrx_word' id='word_1_348' title='bbox 3331 2552 3540 2621; x_wconf 86' lang='grc' dir='ltr'><strong>Πέρσαι</strong></span> <span class='ocrx_word' id='word_1_349' title='bbox 3571 2555 3796 2608; x_wconf 87' lang='grc' dir='ltr'><strong>στενού-</strong></span> 
     </span>
    </p>
   </div>
   <div class='ocr_carea' id='block_1_57' title="bbox 2211 2639 3794 2714">
    <p class='ocr_par' dir='ltr' id='par_1_57' title="bbox 2211 2639 3794 2714">
     <span class='ocr_line' id='line_1_57' title="bbox 2211 2639 3794 2714; baseline 0.004 -22"><span class='ocrx_word' id='word_1_350' title='bbox 2211 2655 2362 2710; x_wconf 82' lang='grc' dir='ltr'><strong>μενοι</strong></span> <span class='ocrx_word' id='word_1_351' title='bbox 2389 2640 2482 2692; x_wconf 77' lang='grc' dir='ltr'><strong>καὶ</strong></span> <span class='ocrx_word' id='word_1_352' title='bbox 2503 2639 2782 2710; x_wconf 76' lang='grc' dir='ltr'><strong>διαφόροις</strong></span> <span class='ocrx_word' id='word_1_353' title='bbox 2808 2642 3147 2711; x_wconf 86' lang='grc' dir='ltr'><strong>χρησάμενοι</strong></span> <span class='ocrx_word' id='word_1_354' title='bbox 3173 2645 3470 2712; x_wconf 85' lang='grc' dir='ltr'><strong>μηχαναῖς,</strong></span> <span class='ocrx_word' id='word_1_355' title='bbox 3491 2644 3794 2714; x_wconf 79' lang='grc' dir='ltr'><strong>ὀρύξαντες</strong></span> 
     </span>
    </p>
   </div>
   <div class='ocr_carea' id='block_1_58' title="bbox 2205 2729 3793 2806">
    <p class='ocr_par' dir='ltr' id='par_1_58' title="bbox 2205 2729 3793 2806">
     <span class='ocr_line' id='line_1_58' title="bbox 2205 2729 3793 2806; baseline 0.006 -24"><span class='ocrx_word' id='word_1_356' title='bbox 2205 2729 2268 2782; x_wconf 77' lang='grc' dir='ltr'><strong>τὸ</strong></span> <span class='ocrx_word' id='word_1_357' title='bbox 2318 2729 2594 2783; x_wconf 80' lang='grc' dir='ltr'><strong>πλίνθινον</strong></span> <span class='ocrx_word' id='word_1_358' title='bbox 2647 2731 2826 2800; x_wconf 87' lang='grc' dir='ltr'><strong>τεῖχος</strong></span> <span class='ocrx_word' id='word_1_359' title='bbox 2873 2729 2967 2783; x_wconf 83' lang='grc' dir='ltr'><strong>τοῦ</strong></span> <span class='ocrx_word' id='word_1_360' title='bbox 3007 2731 3248 2802; x_wconf 86' lang='grc' dir='ltr'><strong>κάστρου</strong></span> <span class='ocrx_word' id='word_1_361' title='bbox 3295 2734 3706 2806; x_wconf 85' lang='grc' dir='ltr'><strong>ύπεισήρχοντο</strong></span> <span class='ocrx_word' id='word_1_362' title='bbox 3728 2739 3793 2791; x_wconf 79' lang='grc'><strong>⁸⁷.</strong></span> 
     </span>
    </p>
   </div>
   <div class='ocr_carea' id='block_1_59' title="bbox 2207 2817 3795 2890">
    <p class='ocr_par' dir='ltr' id='par_1_59' title="bbox 2207 2817 3795 2890">
     <span class='ocr_line' id='line_1_59' title="bbox 2207 2817 3795 2890; baseline 0.004 -20"><span class='ocrx_word' id='word_1_363' title='bbox 2207 2819 2433 2882; x_wconf 83' lang='grc' dir='ltr'><strong>Γνόντες</strong></span> <span class='ocrx_word' id='word_1_364' title='bbox 2476 2818 2532 2872; x_wconf 81' lang='grc' dir='ltr'><strong>δὲ</strong></span> <span class='ocrx_word' id='word_1_365' title='bbox 2579 2817 2631 2870; x_wconf 84' lang='grc' dir='ltr'><strong>οἱ</strong></span> <span class='ocrx_word' id='word_1_366' title='bbox 2676 2819 2742 2870; x_wconf 79' lang='grc' dir='ltr'><strong>ὲκ</strong></span> <span class='ocrx_word' id='word_1_367' title='bbox 2792 2817 2886 2870; x_wconf 79' lang='grc' dir='ltr'><strong>τοῦ</strong></span> <span class='ocrx_word' id='word_1_368' title='bbox 2935 2818 3156 2888; x_wconf 86' lang='grc' dir='ltr'><strong>τείχους</strong></span> <span class='ocrx_word' id='word_1_369' title='bbox 3198 2819 3298 2889; x_wconf 86' lang='grc' dir='ltr'><strong>τὴν</strong></span> <span class='ocrx_word' id='word_1_370' title='bbox 3333 2822 3635 2890; x_wconf 72' lang='grc' dir='ltr'><strong>γενομένην</strong></span> <span class='ocrx_word' id='word_1_371' title='bbox 3691 2822 3795 2876; x_wconf 72' lang='grc' dir='ltr'><strong>ὑπὸ</strong></span> 
     </span>
    </p>
   </div>
   <div class='ocr_carea' id='block_1_60' title="bbox 2208 2910 3796 2986">
    <p class='ocr_par' dir='ltr' id='par_1_60' title="bbox 2208 2910 3796 2986">
     <span class='ocr_line' id='line_1_60' title="bbox 2208 2910 3796 2986; baseline 0.003 -22"><span class='ocrx_word' id='word_1_372' title='bbox 2208 2910 2510 2982; x_wconf 87' lang='grc' dir='ltr'><strong>Βαρϐάρων</strong></span> <span class='ocrx_word' id='word_1_373' title='bbox 2557 2911 2818 2982; x_wconf 85' lang='grc' dir='ltr'><strong>διορυγὴν</strong></span> <span class='ocrx_word' id='word_1_374' title='bbox 2853 2911 2990 2983; x_wconf 85' lang='lat' dir='ltr'><strong>[imo</strong></span> <span class='ocrx_word' id='word_1_375' title='bbox 3011 2911 3306 2982; x_wconf 86' lang='grc' dir='ltr'><strong>διωρυγήν,</strong></span> <span class='ocrx_word' id='word_1_376' title='bbox 3334 2913 3416 2967; x_wconf 84' lang='lat' dir='ltr'><strong>sic</strong></span> <span class='ocrx_word' id='word_1_377' title='bbox 3441 2913 3634 2986; x_wconf 76' lang='lat' dir='ltr'><strong>infra],</strong></span> <span class='ocrx_word' id='word_1_378' title='bbox 3664 2932 3796 2970; x_wconf 84' lang='grc' dir='ltr'><strong>κατ-</strong></span> 
     </span>
    </p>
   </div>
   <div class='ocr_carea' id='block_1_61' title="bbox 529 2982 2104 3081">
    <p class='ocr_par' dir='ltr' id='par_1_61' title="bbox 529 2982 2098 3056">
     <span class='ocr_line' id='line_1_61' title="bbox 529 2982 2098 3056; baseline 0.002 -16"><span class='ocrx_word' id='word_1_379' title='bbox 529 2985 1060 3050; x_wconf 86' lang='lat' dir='ltr'><strong>dunt;Persasque.</strong></span> <span class='ocrx_word' id='word_1_380' title='bbox 1105 2982 1301 3038; x_wconf 86' lang='lat' dir='ltr'><strong>subtus</strong></span> <span class='ocrx_word' id='word_1_381' title='bbox 1343 2983 1672 3054; x_wconf 87' lang='lat' dir='ltr'><strong>irrepentes,</strong></span> <span class='ocrx_word' id='word_1_382' title='bbox 1701 2985 1898 3056; x_wconf 75' lang='lat' dir='ltr'><strong>gladiis</strong></span> <span class='ocrx_word' id='word_1_383' title='bbox 1931 2990 2098 3042; x_wconf 83' lang='lat' dir='ltr'><strong>conii-</strong></span> 
     </span>
    </p>
   </div>
   <div class='ocr_carea' id='block_1_62' title="bbox 2211 2982 3794 3081">
    <p class='ocr_par' dir='ltr' id='par_1_62' title="bbox 2211 2982 3794 3078">
     <span class='ocr_line' id='line_1_62' title="bbox 2211 2982 3794 3078; baseline 0.004 -24"><span class='ocrx_word' id='word_1_384' title='bbox 2211 3002 2459 3067; x_wconf 84' lang='grc' dir='ltr'><strong>ελθόντες</strong></span> <span class='ocrx_word' id='word_1_385' title='bbox 2491 3004 2556 3056; x_wconf 81' lang='grc' dir='ltr'><strong>ἐκ</strong></span> <span class='ocrx_word' id='word_1_386' title='bbox 2593 3003 2688 3057; x_wconf 80' lang='grc' dir='ltr'><strong>τοῦ</strong></span> <span class='ocrx_word' id='word_1_387' title='bbox 2720 2982 2932 3072; x_wconf 83' lang='grc' dir='ltr'><strong>τείχους</strong></span> <span class='ocrx_word' id='word_1_388' title='bbox 2955 3002 3084 3065; x_wconf 82' lang='grc' dir='ltr'><strong>τοὺς</strong></span> <span class='ocrx_word' id='word_1_389' title='bbox 3107 2982 3610 3074; x_wconf 68' lang='grc' dir='ltr'><strong>ὑπεισερχομένους</strong></span> <span class='ocrx_word' id='word_1_390' title='bbox 3649 3008 3794 3078; x_wconf 77' lang='grc' dir='ltr'><strong>Πέρ-</strong></span> 
     </span>
    </p>
   </div>
   <div class='ocr_carea' id='block_1_63' title="bbox 529 3074 2106 3149">
    <p class='ocr_par' dir='ltr' id='par_1_63' title="bbox 529 3074 2106 3149">
     <span class='ocr_line' id='line_1_63' title="bbox 529 3074 2106 3149; baseline 0.003 -18"><span class='ocrx_word' id='word_1_391' title='bbox 529 3077 706 3131; x_wconf 88' lang='lat' dir='ltr'><strong>ciunt.</strong></span> <span class='ocrx_word' id='word_1_392' title='bbox 762 3076 919 3143; x_wconf 87' lang='lat' dir='ltr'><strong>Quod</strong></span> <span class='ocrx_word' id='word_1_393' title='bbox 963 3074 1146 3129; x_wconf 75' lang='lat' dir='ltr'><strong>Persa:</strong></span> <span class='ocrx_word' id='word_1_394' title='bbox 1191 3074 1466 3136; x_wconf 85' lang='lat' dir='ltr'><strong>videntes,</strong></span> <span class='ocrx_word' id='word_1_395' title='bbox 1523 3085 1742 3146; x_wconf 84' lang='lat' dir='ltr'><strong>arrepta</strong></span> <span class='ocrx_word' id='word_1_396' title='bbox 1795 3081 2106 3149; x_wconf 90' lang='lat' dir='ltr'><strong>occasione,</strong></span> 
     </span>
    </p>
   </div>
   <div class='ocr_carea' id='block_1_64' title="bbox 533 3164 2107 3227">
    <p class='ocr_par' dir='ltr' id='par_1_64' title="bbox 533 3164 2107 3227">
     <span class='ocr_line' id='line_1_64' title="bbox 533 3164 2107 3227; baseline 0.003 -4"><span class='ocrx_word' id='word_1_397' title='bbox 533 3167 755 3223; x_wconf 84' lang='lat' dir='ltr'><strong>interim</strong></span> <span class='ocrx_word' id='word_1_398' title='bbox 826 3167 956 3220; x_wconf 91' lang='lat' dir='ltr'><strong>dum</strong></span> <span class='ocrx_word' id='word_1_399' title='bbox 1007 3165 1244 3219; x_wconf 76' lang='lat' dir='ltr'><strong>Romani</strong></span> <span class='ocrx_word' id='word_1_400' title='bbox 1283 3164 1714 3221; x_wconf 76' lang='lat' dir='ltr'><strong>suﬂossionibus</strong></span> <span class='ocrx_word' id='word_1_401' title='bbox 1737 3171 1986 3224; x_wconf 84' lang='lat' dir='ltr'><strong>tutandis</strong></span> <span class='ocrx_word' id='word_1_402' title='bbox 2009 3173 2107 3227; x_wconf 87' lang='lat' dir='ltr'><strong>toti</strong></span> 
     </span>
    </p>
   </div>
   <div class='ocr_carea' id='block_1_65' title="bbox 533 3244 2109 3330">
    <p class='ocr_par' dir='ltr' id='par_1_65' title="bbox 533 3244 2109 3330">
     <span class='ocr_line' id='line_1_65' title="bbox 533 3244 2109 3330; baseline 0.002 -15"><span class='ocrx_word' id='word_1_403' title='bbox 533 3244 956 3324; x_wconf 83' lang='lat' dir='ltr'><strong>incumbebant,</strong></span> <span class='ocrx_word' id='word_1_404' title='bbox 996 3258 1164 3312; x_wconf 88' lang='lat' dir='ltr'><strong>scalis</strong></span> <span class='ocrx_word' id='word_1_405' title='bbox 1219 3257 1480 3311; x_wconf 82' lang='lat' dir='ltr'><strong>adhibitis</strong></span> <span class='ocrx_word' id='word_1_406' title='bbox 1517 3273 1733 3312; x_wconf 90' lang='lat' dir='ltr'><strong>murum</strong></span> <span class='ocrx_word' id='word_1_407' title='bbox 1770 3275 1864 3330; x_wconf 93' lang='lat' dir='ltr'><strong>per</strong></span> <span class='ocrx_word' id='word_1_408' title='bbox 1892 3271 2109 3320; x_wconf 90' lang='lat' dir='ltr'><strong>noctem</strong></span> 
     </span>
    </p>
   </div>
   <div class='ocr_carea' id='block_1_66' title="bbox 532 3348 2112 3420">
    <p class='ocr_par' dir='ltr' id='par_1_66' title="bbox 532 3348 2112 3420">
     <span class='ocr_line' id='line_1_66' title="bbox 532 3348 2112 3420; baseline 0.001 -16"><span class='ocrx_word' id='word_1_409' title='bbox 532 3349 778 3420; x_wconf 74' lang='lat' dir='ltr'><strong>aggressi</strong></span> <span class='ocrx_word' id='word_1_410' title='bbox 809 3357 936 3402; x_wconf 89' lang='lat' dir='ltr'><strong>sunt</strong></span> <span class='ocrx_word' id='word_1_411' title='bbox 965 3348 1304 3418; x_wconf 82' lang='lat' dir='ltr'><strong>ingressique</strong></span> <span class='ocrx_word' id='word_1_412' title='bbox 1321 3354 1567 3401; x_wconf 88' lang='lat' dir='ltr'><strong>castrum</strong></span> <span class='ocrx_word' id='word_1_413' title='bbox 1595 3357 2112 3418; x_wconf 86' lang='lat' dir='ltr'><strong>occuparunt,cun-</strong></span> 
     </span>
    </p>
   </div>
   <div class='ocr_carea' id='block_1_67' title="bbox 531 3440 2110 3513">
    <p class='ocr_par' dir='ltr' id='par_1_67' title="bbox 531 3440 2110 3513">
     <span class='ocr_line' id='line_1_67' title="bbox 531 3440 2110 3513; baseline 0 -13"><span class='ocrx_word' id='word_1_414' title='bbox 531 3445 641 3500; x_wconf 78' lang='lat' dir='ltr'><strong>Ctis</strong></span> <span class='ocrx_word' id='word_1_415' title='bbox 665 3459 697 3496; x_wconf 90' lang='lat' dir='ltr'><strong>e</strong></span> <span class='ocrx_word' id='word_1_416' title='bbox 727 3442 905 3495; x_wconf 91' lang='lat' dir='ltr'><strong>medio</strong></span> <span class='ocrx_word' id='word_1_417' title='bbox 928 3440 1161 3496; x_wconf 89' lang='lat' dir='ltr'><strong>sublatis</strong></span> <span class='ocrx_word' id='word_1_418' title='bbox 1193 3445 1392 3509; x_wconf 66' lang='lat' dir='ltr'><strong>praeter</strong></span> <span class='ocrx_word' id='word_1_419' title='bbox 1417 3453 1646 3508; x_wconf 88' lang='lat' dir='ltr'><strong>paucos,</strong></span> <span class='ocrx_word' id='word_1_420' title='bbox 1671 3442 1764 3510; x_wconf 82' lang='lat' dir='ltr'><strong>qui</strong></span> <span class='ocrx_word' id='word_1_421' title='bbox 1795 3443 2110 3513; x_wconf 89' lang='lat' dir='ltr'><strong>evadentes,</strong></span> 
     </span>
    </p>
   </div>
   <div class='ocr_carea' id='block_1_68' title="bbox 534 3529 2112 3604">
    <p class='ocr_par' dir='ltr' id='par_1_68' title="bbox 534 3529 2112 3604">
     <span class='ocr_line' id='line_1_68' title="bbox 534 3529 2112 3604; baseline 0.001 -14"><span class='ocrx_word' id='word_1_422' title='bbox 534 3551 656 3604; x_wconf 71' lang='lat' dir='ltr'><strong>quae</strong></span> <span class='ocrx_word' id='word_1_423' title='bbox 711 3533 1397 3588; x_wconf 87' lang='lat' dir='ltr'><strong>acciderantenarrabaut.</strong></span> <span class='ocrx_word' id='word_1_424' title='bbox 1452 3529 1592 3586; x_wconf 88' lang='lat' dir='ltr'><strong>Tum</strong></span> <span class='ocrx_word' id='word_1_425' title='bbox 1617 3547 1749 3587; x_wconf 92' lang='lat' dir='ltr'><strong>vero</strong></span> <span class='ocrx_word' id='word_1_426' title='bbox 1769 3531 1969 3602; x_wconf 64' lang='lat' dir='ltr'><strong>Persae,</strong></span> <span class='ocrx_word' id='word_1_427' title='bbox 2021 3553 2112 3591; x_wconf 90' lang='lat' dir='ltr'><strong>re-</strong></span> 
     </span>
    </p>
   </div>
   <div class='ocr_carea' id='block_1_69' title="bbox 535 3623 1827 3705">
    <p class='ocr_par' dir='ltr' id='par_1_69' title="bbox 535 3623 1827 3705">
     <span class='ocr_line' id='line_1_69' title="bbox 535 3623 1827 3705; baseline -0.002 -23"><span class='ocrx_word' id='word_1_428' title='bbox 535 3627 802 3686; x_wconf 85' lang='lat' dir='ltr'><strong>cedentes</strong></span> <span class='ocrx_word' id='word_1_429' title='bbox 825 3625 980 3680; x_wconf 87' lang='lat' dir='ltr'><strong>illinc</strong></span> <span class='ocrx_word' id='word_1_430' title='bbox 1006 3624 1277 3705; x_wconf 27' lang='lat' dir='ltr'><strong>regiones!</strong></span> <span class='ocrx_word' id='word_1_431' title='bbox 1303 3638 1434 3678; x_wconf 85' lang='lat' dir='ltr'><strong>suas</strong></span> <span class='ocrx_word' id='word_1_432' title='bbox 1466 3623 1827 3694; x_wconf 87' lang='lat' dir='ltr'><strong>repeticrunt.</strong></span> 
     </span>
    </p>
   </div>
   <div class='ocr_carea' id='block_1_70' title="bbox 605 3825 2112 3890">
    <p class='ocr_par' dir='ltr' id='par_1_70' title="bbox 605 3825 2112 3890">
     <span class='ocr_line' id='line_1_70' title="bbox 605 3825 2112 3890; baseline 0.005 -8"><span class='ocrx_word' id='word_1_433' title='bbox 605 3831 681 3885; x_wconf 84' lang='lat' dir='ltr'><strong>De</strong></span> <span class='ocrx_word' id='word_1_434' title='bbox 701 3830 897 3884; x_wconf 90' lang='lat' dir='ltr'><strong>horum</strong></span> <span class='ocrx_word' id='word_1_435' title='bbox 927 3834 1114 3882; x_wconf 90' lang='lat' dir='ltr'><strong>autem</strong></span> <span class='ocrx_word' id='word_1_436' title='bbox 1146 3825 1392 3880; x_wconf 90' lang='lat' dir='ltr'><strong>omnium</strong></span> <span class='ocrx_word' id='word_1_437' title='bbox 1431 3825 1665 3882; x_wconf 89' lang='lat' dir='ltr'><strong>veritate</strong></span> <span class='ocrx_word' id='word_1_438' title='bbox 1697 3826 2112 3890; x_wconf 87' lang='lat' dir='ltr'><strong>Constantiolus</strong></span> 
     </span>
    </p>
   </div>
   <div class='ocr_carea' id='block_1_71' title="bbox 539 3919 2112 3995">
    <p class='ocr_par' dir='ltr' id='par_1_71' title="bbox 539 3919 2112 3995">
     <span class='ocr_line' id='line_1_71' title="bbox 539 3919 2112 3995; baseline -0.001 -17"><span class='ocrx_word' id='word_1_439' title='bbox 539 3940 569 3978; x_wconf 87' lang='lat' dir='ltr'><strong>a</strong></span> <span class='ocrx_word' id='word_1_440' title='bbox 605 3926 869 3994; x_wconf 87' lang='lat' dir='ltr'><strong>magistro</strong></span> <span class='ocrx_word' id='word_1_441' title='bbox 927 3923 1278 3991; x_wconf 74' lang='lat' dir='ltr'><strong>caeterisque&#39;</strong></span> <span class='ocrx_word' id='word_1_442' title='bbox 1310 3919 1551 3976; x_wconf 90' lang='lat' dir='ltr'><strong>ducibus</strong></span> <span class='ocrx_word' id='word_1_443' title='bbox 1595 3921 1843 3984; x_wconf 88' lang='lat' dir='ltr'><strong>edoctus,</strong></span> <span class='ocrx_word' id='word_1_444' title='bbox 1878 3921 1948 3976; x_wconf 88' lang='lat' dir='ltr'><strong>ad</strong></span> <span class='ocrx_word' id='word_1_445' title='bbox 2004 3922 2112 3995; x_wconf 86' lang='lat' dir='ltr'><strong>By-</strong></span> 
     </span>
    </p>
   </div>
   <div class='ocr_carea' id='block_1_72' title="bbox 537 4011 2112 4083">
    <p class='ocr_par' dir='ltr' id='par_1_72' title="bbox 537 4011 2112 4083">
     <span class='ocr_line' id='line_1_72' title="bbox 537 4011 2112 4083; baseline 0 -13"><span class='ocrx_word' id='word_1_446' title='bbox 537 4017 779 4071; x_wconf 79' lang='lat' dir='ltr'><strong>zantium</strong></span> <span class='ocrx_word' id='word_1_447' title='bbox 842 4016 1036 4078; x_wconf 81' lang='lat' dir='ltr'><strong>redux,</strong></span> <span class='ocrx_word' id='word_1_448' title='bbox 1081 4013 1402 4082; x_wconf 87' lang='lat' dir='ltr'><strong>imperatori</strong></span> <span class='ocrx_word' id='word_1_449' title='bbox 1436 4014 1739 4068; x_wconf 86' lang='lat' dir='ltr'><strong>nuntiavit.</strong></span> <span class='ocrx_word' id='word_1_450' title='bbox 1805 4011 2112 4083; x_wconf 84' lang='lat' dir='ltr'><strong>imperator</strong></span> 
     </span>
    </p>
   </div>
   <div class='ocr_carea' id='block_1_73' title="bbox 483 4103 2112 4174">
    <p class='ocr_par' dir='ltr' id='par_1_73' title="bbox 483 4103 2112 4174">
     <span class='ocr_line' id='line_1_73' title="bbox 483 4103 2112 4174; baseline 0.001 -14"><span class='ocrx_word' id='word_1_451' title='bbox 483 4152 493 4160; x_wconf 82' lang='grc'><strong><em>,</em></strong></span> <span class='ocrx_word' id='word_1_452' title='bbox 531 4117 714 4164; x_wconf 87' lang='lat' dir='ltr'><strong>autem</strong></span> <span class='ocrx_word' id='word_1_453' title='bbox 745 4107 812 4162; x_wconf 86' lang='lat' dir='ltr'><strong>de</strong></span> <span class='ocrx_word' id='word_1_454' title='bbox 845 4106 1011 4160; x_wconf 87' lang='lat' dir='ltr'><strong>rebus</strong></span> <span class='ocrx_word' id='word_1_455' title='bbox 1046 4104 1229 4174; x_wconf 89' lang='lat' dir='ltr'><strong>priore</strong></span> <span class='ocrx_word' id='word_1_456' title='bbox 1263 4103 1451 4174; x_wconf 69' lang='lat' dir='ltr'><strong>praelio</strong></span> <span class='ocrx_word' id='word_1_457' title='bbox 1473 4105 1646 4174; x_wconf 82' lang='lat' dir='ltr'><strong>gestis</strong></span> <span class='ocrx_word' id='word_1_458' title='bbox 1666 4119 1697 4157; x_wconf 88' lang='lat' dir='ltr'><strong>a</strong></span> <span class='ocrx_word' id='word_1_459' title='bbox 1727 4103 2112 4162; x_wconf 82' lang='lat' dir='ltr'><strong>Constantiolo</strong></span> 
     </span>
    </p>
   </div>
   <div class='ocr_carea' id='block_1_74' title="bbox 531 4196 2107 4265">
    <p class='ocr_par' dir='ltr' id='par_1_74' title="bbox 531 4196 2107 4265">
     <span class='ocr_line' id='line_1_74' title="bbox 531 4196 2107 4265; baseline -0.001 -12"><span class='ocrx_word' id='word_1_460' title='bbox 531 4203 736 4255; x_wconf 90' lang='lat' dir='ltr'><strong>certior</strong></span> <span class='ocrx_word' id='word_1_461' title='bbox 769 4198 1034 4259; x_wconf 88' lang='lat' dir='ltr'><strong>redditus,</strong></span> <span class='ocrx_word' id='word_1_462' title='bbox 1061 4197 1388 4251; x_wconf 85' lang='lat' dir='ltr'><strong>Belisarium</strong></span> <span class='ocrx_word' id='word_1_463' title='bbox 1425 4197 1752 4265; x_wconf 79' lang='lat' dir='ltr'><strong>magistratu</strong></span> <span class='ocrx_word' id='word_1_464' title='bbox 1787 4196 2107 4265; x_wconf 87' lang='lat' dir='ltr'><strong>abdicavit;</strong></span> 
     </span>
    </p>
   </div>
   <div class='ocr_carea' id='block_1_75' title="bbox 2213 3094 3793 3170">
    <p class='ocr_par' dir='ltr' id='par_1_75' title="bbox 2213 3094 3793 3170">
     <span class='ocr_line' id='line_1_75' title="bbox 2213 3094 3793 3170; baseline 0.003 -23"><span class='ocrx_word' id='word_1_465' title='bbox 2213 3111 2311 3156; x_wconf 87' lang='grc' dir='ltr'><strong>σας</strong></span> <span class='ocrx_word' id='word_1_466' title='bbox 2361 3094 2542 3163; x_wconf 80' lang='grc' dir='ltr'><strong>ξίφεσι</strong></span> <span class='ocrx_word' id='word_1_467' title='bbox 2579 3095 3002 3166; x_wconf 82' lang='grc' dir='ltr'><strong>κατανήλισκον.</strong></span> <span class='ocrx_word' id='word_1_468' title='bbox 3043 3095 3156 3148; x_wconf 73' lang='grc' dir='ltr'><strong>Καὶ</strong></span> <span class='ocrx_word' id='word_1_469' title='bbox 3187 3097 3409 3162; x_wconf 82' lang='grc' dir='ltr'><strong>γνόντες</strong></span> <span class='ocrx_word' id='word_1_470' title='bbox 3456 3100 3507 3150; x_wconf 82' lang='grc' dir='ltr'><strong>οἱ</strong></span> <span class='ocrx_word' id='word_1_471' title='bbox 3562 3097 3793 3170; x_wconf 80' lang='grc' dir='ltr'><strong>Πέρσαι,</strong></span> 
     </span>
    </p>
   </div>
   <div class='ocr_carea' id='block_1_76' title="bbox 2211 3184 3794 3257">
    <p class='ocr_par' dir='ltr' id='par_1_76' title="bbox 2211 3184 3794 3257">
     <span class='ocr_line' id='line_1_76' title="bbox 2211 3184 3794 3257; baseline 0.004 -20"><span class='ocrx_word' id='word_1_472' title='bbox 2211 3186 2270 3237; x_wconf 85' lang='grc' dir='ltr'><strong>ὲν</strong></span> <span class='ocrx_word' id='word_1_473' title='bbox 2309 3184 2386 3254; x_wconf 86' lang='grc' dir='ltr'><strong>τῷ</strong></span> <span class='ocrx_word' id='word_1_474' title='bbox 2429 3186 2776 3254; x_wconf 79' lang='grc' dir='ltr'><strong>ἀσχολεῖσθαι</strong></span> <span class='ocrx_word' id='word_1_475' title='bbox 2813 3186 2940 3250; x_wconf 82' lang='grc' dir='ltr'><strong>τοὺς</strong></span> <span class='ocrx_word' id='word_1_476' title='bbox 2981 3185 3326 3254; x_wconf 83' lang='grc' dir='ltr'><strong>στρατιώτας</strong></span> <span class='ocrx_word' id='word_1_477' title='bbox 3376 3187 3672 3257; x_wconf 75' lang='grc' dir='ltr'><strong>Ῥωμαίων</strong></span> <span class='ocrx_word' id='word_1_478' title='bbox 3717 3193 3794 3254; x_wconf 83' lang='grc' dir='ltr'><strong>είς</strong></span> 
     </span>
    </p>
   </div>
   <div class='ocr_carea' id='block_1_77' title="bbox 2211 3279 3794 3355">
    <p class='ocr_par' dir='ltr' id='par_1_77' title="bbox 2211 3279 3794 3355">
     <span class='ocr_line' id='line_1_77' title="bbox 2211 3279 3794 3355; baseline 0.004 -22"><span class='ocrx_word' id='word_1_479' title='bbox 2211 3280 2312 3348; x_wconf 80' lang='grc' dir='ltr'><strong>τὴν</strong></span> <span class='ocrx_word' id='word_1_480' title='bbox 2370 3279 2625 3353; x_wconf 84' lang='grc' dir='ltr'><strong>διορυγὴν</strong></span> <span class='ocrx_word' id='word_1_481' title='bbox 2678 3280 2935 3344; x_wconf 83' lang='grc' dir='ltr'><strong>λαϐόντες</strong></span> <span class='ocrx_word' id='word_1_482' title='bbox 2995 3280 3202 3345; x_wconf 86' lang='grc' dir='ltr'><strong>σκάλας</strong></span> <span class='ocrx_word' id='word_1_483' title='bbox 3265 3284 3658 3352; x_wconf 76' lang='grc' dir='ltr'><strong>προσήγγισαν</strong></span> <span class='ocrx_word' id='word_1_484' title='bbox 3720 3285 3794 3355; x_wconf 83' lang='grc' dir='ltr'><strong>τῷ</strong></span> 
     </span>
    </p>
   </div>
   <div class='ocr_carea' id='block_1_78' title="bbox 2209 3371 3795 3442">
    <p class='ocr_par' dir='ltr' id='par_1_78' title="bbox 2209 3371 3795 3442">
     <span class='ocr_line' id='line_1_78' title="bbox 2209 3371 3795 3442; baseline 0.005 -18"><span class='ocrx_word' id='word_1_485' title='bbox 2209 3371 2384 3441; x_wconf 84' lang='grc' dir='ltr'><strong>τείχει</strong></span> <span class='ocrx_word' id='word_1_486' title='bbox 2435 3375 2656 3436; x_wconf 87' lang='grc' dir='ltr'><strong>νυκτός·</strong></span> <span class='ocrx_word' id='word_1_487' title='bbox 2713 3373 2809 3426; x_wconf 81' lang='grc' dir='ltr'><strong>καὶ</strong></span> <span class='ocrx_word' id='word_1_488' title='bbox 2834 3371 3172 3435; x_wconf 79' lang='grc' dir='ltr'><strong>εἰσελθόντες</strong></span> <span class='ocrx_word' id='word_1_489' title='bbox 3217 3371 3530 3442; x_wconf 79' lang='grc' dir='ltr'><strong>παρέλαϐον</strong></span> <span class='ocrx_word' id='word_1_490' title='bbox 3590 3375 3656 3428; x_wconf 80' lang='grc' dir='ltr'><strong>τὺ</strong></span> <span class='ocrx_word' id='word_1_491' title='bbox 3697 3380 3795 3432; x_wconf 82' lang='grc' dir='ltr'><strong>κά-</strong></span> 
     </span>
    </p>
   </div>
   <div class='ocr_carea' id='block_1_79' title="bbox 2213 3461 3794 3534">
    <p class='ocr_par' dir='ltr' id='par_1_79' title="bbox 2213 3461 3794 3534">
     <span class='ocr_line' id='line_1_79' title="bbox 2213 3461 3794 3534; baseline 0.004 -21"><span class='ocrx_word' id='word_1_492' title='bbox 2213 3477 2377 3532; x_wconf 91' lang='grc' dir='ltr'><strong>στρον</strong></span> <span class='ocrx_word' id='word_1_493' title='bbox 2396 3463 2442 3495; x_wconf 77' lang='grc'><strong>⁸⁸</strong></span> <span class='ocrx_word' id='word_1_494' title='bbox 2473 3463 2569 3516; x_wconf 78' lang='grc' dir='ltr'><strong>καὶ</strong></span> <span class='ocrx_word' id='word_1_495' title='bbox 2607 3462 2820 3526; x_wconf 85' lang='grc' dir='ltr'><strong>πάντας</strong></span> <span class='ocrx_word' id='word_1_496' title='bbox 2859 3461 3074 3517; x_wconf 81' lang='grc' dir='ltr'><strong>άνεῖλον</strong></span> <span class='ocrx_word' id='word_1_497' title='bbox 3092 3477 3108 3493; x_wconf 79' lang='grc' dir='ltr'><strong>ο</strong></span> <span class='ocrx_word' id='word_1_498' title='bbox 3139 3462 3286 3525; x_wconf 83' lang='grc' dir='ltr'><strong>τινὲς</strong></span> <span class='ocrx_word' id='word_1_499' title='bbox 3311 3462 3370 3516; x_wconf 69' lang='grc' dir='ltr'><strong>δὲ</strong></span> <span class='ocrx_word' id='word_1_500' title='bbox 3405 3463 3677 3534; x_wconf 78' lang='grc' dir='ltr'><strong>ἐκφυγεῖν</strong></span> <span class='ocrx_word' id='word_1_501' title='bbox 3705 3468 3794 3520; x_wconf 83' lang='grc' dir='ltr'><strong>δυ-</strong></span> 
     </span>
    </p>
   </div>
   <div class='ocr_carea' id='block_1_80' title="bbox 2212 3553 3792 3624">
    <p class='ocr_par' dir='ltr' id='par_1_80' title="bbox 2212 3553 3792 3624">
     <span class='ocr_line' id='line_1_80' title="bbox 2212 3553 3792 3624; baseline 0.004 -18"><span class='ocrx_word' id='word_1_502' title='bbox 2212 3553 2468 3623; x_wconf 82' lang='grc' dir='ltr'><strong>νηθέντες</strong></span> <span class='ocrx_word' id='word_1_503' title='bbox 2521 3554 2863 3624; x_wconf 86' lang='grc' dir='ltr'><strong>ἀπήγγειλαν</strong></span> <span class='ocrx_word' id='word_1_504' title='bbox 2920 3554 2992 3608; x_wconf 84' lang='grc' dir='ltr'><strong>τὰ</strong></span> <span class='ocrx_word' id='word_1_505' title='bbox 3055 3555 3322 3624; x_wconf 88' lang='grc' dir='ltr'><strong>γενόμενα</strong></span> <span class='ocrx_word' id='word_1_506' title='bbox 3348 3569 3362 3584; x_wconf 76' lang='grc'><strong><em>⁸</em></strong></span> <span class='ocrx_word' id='word_1_507' title='bbox 3431 3555 3697 3612; x_wconf 85' lang='grc' dir='ltr'><strong>κάκετθεν</strong></span> <span class='ocrx_word' id='word_1_508' title='bbox 3745 3560 3792 3613; x_wconf 77' lang='grc' dir='ltr'><strong>οι</strong></span> 
     </span>
    </p>
   </div>
   <div class='ocr_carea' id='block_1_81' title="bbox 2213 3641 3795 3721">
    <p class='ocr_par' dir='ltr' id='par_1_81' title="bbox 2213 3641 3795 3721">
     <span class='ocr_line' id='line_1_81' title="bbox 2213 3641 3795 3721; baseline 0.006 -25"><span class='ocrx_word' id='word_1_509' title='bbox 2213 3642 2420 3712; x_wconf 83' lang='grc' dir='ltr'><strong>Πέρσαι</strong></span> <span class='ocrx_word' id='word_1_510' title='bbox 2471 3641 2878 3716; x_wconf 76' lang='grc' dir='ltr'><strong>ἐξορμήσαντες</strong></span> <span class='ocrx_word' id='word_1_511' title='bbox 2951 3643 3312 3716; x_wconf 81' lang='grc' dir='ltr'><strong>ἀνεχώρησαν</strong></span> <span class='ocrx_word' id='word_1_512' title='bbox 3379 3646 3462 3710; x_wconf 83' lang='grc' dir='ltr'><strong>είς</strong></span> <span class='ocrx_word' id='word_1_513' title='bbox 3513 3647 3585 3700; x_wconf 73' lang='grc' dir='ltr'><strong>τά</strong></span> <span class='ocrx_word' id='word_1_514' title='bbox 3651 3651 3795 3721; x_wconf 85' lang='grc' dir='ltr'><strong>Περ-</strong></span> 
     </span>
    </p>
   </div>
   <div class='ocr_carea' id='block_1_82' title="bbox 2215 3733 2364 3788">
    <p class='ocr_par' dir='ltr' id='par_1_82' title="bbox 2215 3733 2364 3788">
     <span class='ocr_line' id='line_1_82' title="bbox 2215 3733 2364 3788; baseline 0.013 -2"><span class='ocrx_word' id='word_1_515' title='bbox 2215 3733 2364 3788; x_wconf 87' lang='grc' dir='ltr'><strong>σικά.</strong></span> 
     </span>
    </p>
   </div>
   <div class='ocr_carea' id='block_1_83' title="bbox 2285 3823 3794 3899">
    <p class='ocr_par' dir='ltr' id='par_1_83' title="bbox 2285 3823 3794 3899">
     <span class='ocr_line' id='line_1_83' title="bbox 2285 3823 3794 3899; baseline 0.002 -20"><span class='ocrx_word' id='word_1_516' title='bbox 2285 3824 2436 3898; x_wconf 68' lang='grc'>[206]</span> <span class='ocrx_word' id='word_1_517' title='bbox 2490 3826 2602 3880; x_wconf 79' lang='grc' dir='ltr'><strong>Καὶ</strong></span> <span class='ocrx_word' id='word_1_518' title='bbox 2657 3823 2846 3896; x_wconf 87' lang='grc' dir='ltr'><strong>μαθὼν</strong></span> <span class='ocrx_word' id='word_1_519' title='bbox 2886 3824 3332 3890; x_wconf 83' lang='grc' dir='ltr'><strong>Κωνσταντίολος</strong></span> <span class='ocrx_word' id='word_1_520' title='bbox 3382 3827 3452 3881; x_wconf 75' lang='grc' dir='ltr'><strong>τά</strong></span> <span class='ocrx_word' id='word_1_521' title='bbox 3503 3830 3794 3899; x_wconf 62' lang='grc' dir='ltr'><strong>συμϐάντα</strong></span> 
     </span>
    </p>
   </div>
   <div class='ocr_carea' id='block_1_84' title="bbox 2213 3917 3796 3992">
    <p class='ocr_par' dir='ltr' id='par_1_84' title="bbox 2213 3917 3796 3992">
     <span class='ocr_line' id='line_1_84' title="bbox 2213 3917 3796 3992; baseline -0.001 -20"><span class='ocrx_word' id='word_1_522' title='bbox 2213 3918 2365 3990; x_wconf 77' lang='grc' dir='ltr'><strong>παρὰ</strong></span> <span class='ocrx_word' id='word_1_523' title='bbox 2387 3917 2480 3971; x_wconf 86' lang='grc' dir='ltr'><strong>τοῦ</strong></span> <span class='ocrx_word' id='word_1_524' title='bbox 2510 3917 2816 3988; x_wconf 82' lang='grc' dir='ltr'><strong>μαγίστρου</strong></span> <span class='ocrx_word' id='word_1_525' title='bbox 2851 3918 2947 3970; x_wconf 75' lang='grc' dir='ltr'><strong>καὶ</strong></span> <span class='ocrx_word' id='word_1_526' title='bbox 2973 3917 3081 3972; x_wconf 83' lang='grc' dir='ltr'><strong>τῶν</strong></span> <span class='ocrx_word' id='word_1_527' title='bbox 3103 3917 3309 3971; x_wconf 86' lang='grc' dir='ltr'><strong>λοιπῶν</strong></span> <span class='ocrx_word' id='word_1_528' title='bbox 3344 3917 3594 3990; x_wconf 76' lang='grc' dir='ltr'><strong>ἐξάρχων</strong></span> <span class='ocrx_word' id='word_1_529' title='bbox 3622 3920 3796 3992; x_wconf 76' lang='grc' dir='ltr'><strong>ἐξώρ-</strong></span> 
     </span>
    </p>
   </div>
   <div class='ocr_carea' id='block_1_85' title="bbox 2217 4009 3795 4082">
    <p class='ocr_par' dir='ltr' id='par_1_85' title="bbox 2217 4009 3795 4082">
     <span class='ocr_line' id='line_1_85' title="bbox 2217 4009 3795 4082; baseline 0.001 -20"><span class='ocrx_word' id='word_1_530' title='bbox 2217 4028 2393 4082; x_wconf 84' lang='grc' dir='ltr'><strong>μησεν</strong></span> <span class='ocrx_word' id='word_1_531' title='bbox 2432 4013 2490 4063; x_wconf 83' lang='grc' dir='ltr'><strong>ὲν</strong></span> <span class='ocrx_word' id='word_1_532' title='bbox 2524 4009 2828 4080; x_wconf 82' lang='grc' dir='ltr'><strong>Βυζαντίῳ,</strong></span> <span class='ocrx_word' id='word_1_533' title='bbox 2860 4010 2958 4062; x_wconf 74' lang='grc' dir='ltr'><strong>καὶ</strong></span> <span class='ocrx_word' id='word_1_534' title='bbox 2999 4011 3248 4078; x_wconf 81' lang='grc' dir='ltr'><strong>ἀνήγαγε</strong></span> <span class='ocrx_word' id='word_1_535' title='bbox 3289 4010 3359 4063; x_wconf 83' lang='grc' dir='ltr'><strong>τὰ</strong></span> <span class='ocrx_word' id='word_1_536' title='bbox 3384 4009 3681 4080; x_wconf 89' lang='grc' dir='ltr'><strong>συμϐάντα</strong></span> <span class='ocrx_word' id='word_1_537' title='bbox 3719 4012 3795 4082; x_wconf 83' lang='grc' dir='ltr'><strong>τῷ</strong></span> 
     </span>
    </p>
   </div>
   <div class='ocr_carea' id='block_1_86' title="bbox 2195 4103 3795 4176">
    <p class='ocr_par' dir='ltr' id='par_1_86' title="bbox 2195 4103 3795 4176">
     <span class='ocr_line' id='line_1_86' title="bbox 2195 4103 3795 4176; baseline -0.001 -18"><span class='ocrx_word' id='word_1_538' title='bbox 2195 4105 2448 4176; x_wconf 77' lang='grc' dir='ltr'><strong>βασιλεῖ.</strong></span> <span class='ocrx_word' id='word_1_539' title='bbox 2485 4103 2764 4174; x_wconf 82' lang='grc' dir='ltr'><strong>’Δκηκοὼς</strong></span> <span class='ocrx_word' id='word_1_540' title='bbox 2794 4104 2850 4156; x_wconf 84' lang='grc' dir='ltr'><strong>δὲ</strong></span> <span class='ocrx_word' id='word_1_541' title='bbox 2884 4103 3037 4174; x_wconf 84' lang='grc' dir='ltr'><strong>παρὰ</strong></span> <span class='ocrx_word' id='word_1_542' title='bbox 3086 4105 3532 4157; x_wconf 78' lang='grc' dir='ltr'><strong>Κωνσταντιόλου</strong></span> <span class='ocrx_word' id='word_1_543' title='bbox 3561 4107 3631 4158; x_wconf 76' lang='grc' dir='ltr'><strong>τὰ</strong></span> <span class='ocrx_word' id='word_1_544' title='bbox 3667 4109 3795 4176; x_wconf 81' lang='grc' dir='ltr'><strong>περὶ</strong></span> 
     </span>
    </p>
   </div>
   <div class='ocr_carea' id='block_1_87' title="bbox 2211 4193 3794 4269">
    <p class='ocr_par' dir='ltr' id='par_1_87' title="bbox 2211 4193 3794 4269">
     <span class='ocr_line' id='line_1_87' title="bbox 2211 4193 3794 4269; baseline 0.001 -19"><span class='ocrx_word' id='word_1_545' title='bbox 2211 4200 2310 4269; x_wconf 82' lang='grc' dir='ltr'><strong>τῆς</strong></span> <span class='ocrx_word' id='word_1_546' title='bbox 2335 4195 2612 4266; x_wconf 80' lang='grc' dir='ltr'><strong>συμϐολῆς</strong></span> <span class='ocrx_word' id='word_1_547' title='bbox 2633 4195 2729 4248; x_wconf 82' lang='grc' dir='ltr'><strong>τοῦ</strong></span> <span class='ocrx_word' id='word_1_548' title='bbox 2753 4193 3014 4264; x_wconf 82' lang='grc' dir='ltr'><strong>πολέμου,</strong></span> <span class='ocrx_word' id='word_1_549' title='bbox 3045 4193 3318 4258; x_wconf 80' lang='grc' dir='ltr'><strong>διεδέξατο</strong></span> <span class='ocrx_word' id='word_1_550' title='bbox 3349 4197 3448 4265; x_wconf 81' lang='grc' dir='ltr'><strong>μὲν</strong></span> <span class='ocrx_word' id='word_1_551' title='bbox 3475 4197 3794 4267; x_wconf 80' lang='grc' dir='ltr'><strong>Βελισάριον</strong></span> 
     </span>
    </p>
   </div>
   <div class='ocr_carea' id='block_1_88' title="bbox 533 4284 2104 4359">
    <p class='ocr_par' dir='ltr' id='par_1_88' title="bbox 533 4287 2104 4356">
     <span class='ocr_line' id='line_1_88' title="bbox 533 4287 2104 4356; baseline -0.001 -12"><span class='ocrx_word' id='word_1_552' title='bbox 533 4287 979 4356; x_wconf 82' lang='lat' dir='ltr'><strong>Mundumquein</strong></span> <span class='ocrx_word' id='word_1_553' title='bbox 1012 4287 1133 4355; x_wconf 89' lang='lat' dir='ltr'><strong>ejus</strong></span> <span class='ocrx_word' id='word_1_554' title='bbox 1172 4288 1349 4341; x_wconf 85' lang='lat' dir='ltr'><strong>locum</strong></span> <span class='ocrx_word' id='word_1_555' title='bbox 1386 4287 1699 4351; x_wconf 71' lang='lat' dir='ltr'><strong>sull‘ectum,</strong></span> <span class='ocrx_word' id='word_1_556' title='bbox 1757 4288 1993 4342; x_wconf 88' lang='lat' dir='ltr'><strong>militum</strong></span> <span class='ocrx_word' id='word_1_557' title='bbox 2054 4289 2104 4343; x_wconf 88' lang='lat' dir='ltr'><strong>in</strong></span> 
     </span>
    </p>
   </div>
   <div class='ocr_carea' id='block_1_89' title="bbox 2211 4284 3793 4359">
    <p class='ocr_par' dir='ltr' id='par_1_89' title="bbox 2211 4284 3793 4359">
     <span class='ocr_line' id='line_1_89' title="bbox 2211 4284 3793 4359; baseline 0 -19"><span class='ocrx_word' id='word_1_558' title='bbox 2211 4289 2312 4357; x_wconf 79' lang='grc' dir='ltr'><strong>τῆς</strong></span> <span class='ocrx_word' id='word_1_559' title='bbox 2349 4287 2778 4359; x_wconf 79' lang='grc' dir='ltr'><strong>στρατηλασίας,</strong></span> <span class='ocrx_word' id='word_1_560' title='bbox 2817 4284 3152 4358; x_wconf 84' lang='grc' dir='ltr'><strong>προαγαγὼν</strong></span> <span class='ocrx_word' id='word_1_561' title='bbox 3182 4288 3239 4340; x_wconf 79' lang='grc' dir='ltr'><strong>δὲ</strong></span> <span class='ocrx_word' id='word_1_562' title='bbox 3269 4287 3509 4341; x_wconf 83' lang='grc' dir='ltr'><strong>Μοῦνδον</strong></span> <span class='ocrx_word' id='word_1_563' title='bbox 3537 4289 3793 4359; x_wconf 77' lang='grc' dir='ltr'><strong>ἐποίησεν</strong></span> 
     </span>
    </p>
   </div>
   <div class='ocr_carea' id='block_1_90' title="bbox 528 4353 2104 4450">
    <p class='ocr_par' dir='ltr' id='par_1_90' title="bbox 528 4376 2104 4448">
     <span class='ocr_line' id='line_1_90' title="bbox 528 4376 2104 4448; baseline -0.001 -13"><span class='ocrx_word' id='word_1_564' title='bbox 528 4381 754 4436; x_wconf 90' lang='lat' dir='ltr'><strong>Oriente</strong></span> <span class='ocrx_word' id='word_1_565' title='bbox 786 4382 1108 4448; x_wconf 83' lang='lat' dir='ltr'><strong>magistrum</strong></span> <span class='ocrx_word' id='word_1_566' title='bbox 1146 4377 1475 4446; x_wconf 88' lang='lat' dir='ltr'><strong>designavit.</strong></span> <span class='ocrx_word' id='word_1_567' title='bbox 1507 4376 1690 4432; x_wconf 80' lang='lat' dir='ltr'><strong>Mense</strong></span> <span class='ocrx_word' id='word_1_568' title='bbox 1713 4387 1892 4433; x_wconf 88' lang='lat' dir='ltr'><strong>autem</strong></span> <span class='ocrx_word' id='word_1_569' title='bbox 1920 4378 2104 4447; x_wconf 82' lang='lat' dir='ltr'><strong>Junio,</strong></span> 
     </span>
    </p>
   </div>
   <div class='ocr_carea' id='block_1_91' title="bbox 2211 4353 3794 4450">
    <p class='ocr_par' dir='ltr' id='par_1_91' title="bbox 2218 4353 3794 4450">
     <span class='ocr_line' id='line_1_91' title="bbox 2218 4353 3794 4450; baseline 0 -20"><span class='ocrx_word' id='word_1_570' title='bbox 2218 4353 2384 4432; x_wconf 79' lang='grc' dir='ltr'><strong>αύτὸν</strong></span> <span class='ocrx_word' id='word_1_571' title='bbox 2410 4353 2791 4448; x_wconf 73' lang='grc' dir='ltr'><strong>στρατηλάτην</strong></span> <span class='ocrx_word' id='word_1_572' title='bbox 2825 4353 3144 4445; x_wconf 49' lang='grc' dir='ltr'><strong>’Ᾰναπέολῆᾳ</strong></span> <span class='ocrx_word' id='word_1_573' title='bbox 3192 4377 3284 4447; x_wconf 83' lang='grc' dir='ltr'><strong>Τῷ</strong></span> <span class='ocrx_word' id='word_1_574' title='bbox 3327 4378 3387 4430; x_wconf 81' lang='grc' dir='ltr'><strong>δὲ</strong></span> <span class='ocrx_word' id='word_1_575' title='bbox 3422 4379 3629 4448; x_wconf 82' lang='grc' dir='ltr'><strong>Ἰουνίῳ</strong></span> <span class='ocrx_word' id='word_1_576' title='bbox 3665 4353 3794 4450; x_wconf 73' lang='grc' dir='ltr'><strong>μηνὶ</strong></span> 
     </span>
    </p>
   </div>
   <div class='ocr_carea' id='block_1_92' title="bbox 530 4469 2108 4540">
    <p class='ocr_par' dir='ltr' id='par_1_92' title="bbox 530 4469 2108 4540">
     <span class='ocr_line' id='line_1_92' title="bbox 530 4469 2108 4540; baseline 0 -13"><span class='ocrx_word' id='word_1_577' title='bbox 530 4473 700 4528; x_wconf 81' lang='lat' dir='ltr'><strong>duces</strong></span> <span class='ocrx_word' id='word_1_578' title='bbox 732 4470 966 4524; x_wconf 81' lang='lat' dir='ltr'><strong>Romani</strong></span> <span class='ocrx_word' id='word_1_579' title='bbox 1005 4471 1134 4523; x_wconf 86' lang='lat' dir='ltr'><strong>dum</strong></span> <span class='ocrx_word' id='word_1_580' title='bbox 1167 4472 1232 4522; x_wconf 89' lang='lat' dir='ltr'><strong>ad</strong></span> <span class='ocrx_word' id='word_1_581' title='bbox 1273 4470 1397 4522; x_wconf 91' lang='lat' dir='ltr'><strong>belli</strong></span> <span class='ocrx_word' id='word_1_582' title='bbox 1424 4469 1630 4524; x_wconf 85' lang='lat' dir='ltr'><strong>Persici</strong></span> <span class='ocrx_word' id='word_1_583' title='bbox 1663 4478 2108 4540; x_wconf 86' lang='lat' dir='ltr'><strong>prosecutionem</strong></span> 
     </span>
    </p>
   </div>
   <div class='ocr_carea' id='block_1_93' title="bbox 530 4560 2110 4633">
    <p class='ocr_par' dir='ltr' id='par_1_93' title="bbox 530 4560 2110 4633">
     <span class='ocr_line' id='line_1_93' title="bbox 530 4560 2110 4633; baseline -0.001 -12"><span class='ocrx_word' id='word_1_584' title='bbox 530 4581 655 4621; x_wconf 88' lang='lat' dir='ltr'><strong>sese</strong></span> <span class='ocrx_word' id='word_1_585' title='bbox 695 4574 975 4633; x_wconf 86' lang='lat' dir='ltr'><strong>pararent,</strong></span> <span class='ocrx_word' id='word_1_586' title='bbox 1007 4560 1416 4615; x_wconf 82' lang='lat' dir='ltr'><strong>Saracenorum</strong></span> <span class='ocrx_word' id='word_1_587' title='bbox 1453 4563 1676 4631; x_wconf 81' lang='lat' dir='ltr'><strong>regulus</strong></span> <span class='ocrx_word' id='word_1_588' title='bbox 1701 4562 2110 4620; x_wconf 88' lang='lat' dir='ltr'><strong>Alamundarus</strong></span> 
     </span>
    </p>
   </div>
   <div class='ocr_carea' id='block_1_94' title="bbox 527 4652 2113 4728">
    <p class='ocr_par' dir='ltr' id='par_1_94' title="bbox 527 4652 2113 4728">
     <span class='ocr_line' id='line_1_94' title="bbox 527 4652 2113 4728; baseline -0.001 -16"><span class='ocrx_word' id='word_1_589' title='bbox 527 4674 627 4728; x_wconf 92' lang='lat' dir='ltr'><strong>per</strong></span> <span class='ocrx_word' id='word_1_590' title='bbox 661 4657 872 4710; x_wconf 86' lang='lat' dir='ltr'><strong>litteras</strong></span> <span class='ocrx_word' id='word_1_591' title='bbox 913 4653 982 4706; x_wconf 90' lang='lat' dir='ltr'><strong>ab</strong></span> <span class='ocrx_word' id='word_1_592' title='bbox 1024 4653 1106 4706; x_wconf 91' lang='lat' dir='ltr'><strong>eis</strong></span> <span class='ocrx_word' id='word_1_593' title='bbox 1137 4652 1460 4721; x_wconf 89' lang='lat' dir='ltr'><strong>postulavit,</strong></span> <span class='ocrx_word' id='word_1_594' title='bbox 1496 4663 1555 4706; x_wconf 93' lang='lat' dir='ltr'><strong>ut</strong></span> <span class='ocrx_word' id='word_1_595' title='bbox 1602 4652 1668 4707; x_wconf 90' lang='lat' dir='ltr'><strong>ad</strong></span> <span class='ocrx_word' id='word_1_596' title='bbox 1704 4668 1764 4708; x_wconf 88' lang='lat' dir='ltr'><strong>se</strong></span> <span class='ocrx_word' id='word_1_597' title='bbox 1799 4654 2113 4710; x_wconf 88' lang='lat' dir='ltr'><strong>ntitteretur</strong></span> 
     </span>
    </p>
   </div>
   <div class='ocr_carea' id='block_1_95' title="bbox 530 4744 2107 4816">
    <p class='ocr_par' dir='ltr' id='par_1_95' title="bbox 530 4744 2107 4816">
     <span class='ocr_line' id='line_1_95' title="bbox 530 4744 2107 4816; baseline -0.001 -14"><span class='ocrx_word' id='word_1_598' title='bbox 530 4747 756 4816; x_wconf 83' lang='lat' dir='ltr'><strong>Sergius</strong></span> <span class='ocrx_word' id='word_1_599' title='bbox 783 4747 1024 4816; x_wconf 87' lang='lat' dir='ltr'><strong>quidam,</strong></span> <span class='ocrx_word' id='word_1_600' title='bbox 1058 4744 1346 4810; x_wconf 88' lang='lat' dir='ltr'><strong>diaconus,</strong></span> <span class='ocrx_word' id='word_1_601' title='bbox 1397 4760 1497 4814; x_wconf 89' lang='lat' dir='ltr'><strong>per</strong></span> <span class='ocrx_word' id='word_1_602' title='bbox 1529 4761 1690 4814; x_wconf 91' lang='lat' dir='ltr'><strong>quem</strong></span> <span class='ocrx_word' id='word_1_603' title='bbox 1728 4748 1880 4816; x_wconf 86' lang='lat' dir='ltr'><strong>pacis</strong></span> <span class='ocrx_word' id='word_1_604' title='bbox 1910 4749 2107 4802; x_wconf 90' lang='lat' dir='ltr'><strong>condi-</strong></span> 
     </span>
    </p>
   </div>
   <div class='ocr_carea' id='block_1_96' title="bbox 527 4837 2112 4910">
    <p class='ocr_par' dir='ltr' id='par_1_96' title="bbox 527 4837 2112 4910">
     <span class='ocr_line' id='line_1_96' title="bbox 527 4837 2112 4910; baseline 0.001 -16"><span class='ocrx_word' id='word_1_605' title='bbox 527 4843 713 4894; x_wconf 82' lang='lat' dir='ltr'><strong>tiones</strong></span> <span class='ocrx_word' id='word_1_606' title='bbox 743 4838 1059 4907; x_wconf 87' lang='lat' dir='ltr'><strong>imperatori</strong></span> <span class='ocrx_word' id='word_1_607' title='bbox 1081 4837 1384 4892; x_wconf 87' lang='lat' dir='ltr'><strong>nuntiaret.</strong></span> <span class='ocrx_word' id='word_1_608' title='bbox 1420 4837 1720 4907; x_wconf 82' lang='lat' dir='ltr'><strong>Expeditus</strong></span> <span class='ocrx_word' id='word_1_609' title='bbox 1739 4837 1902 4909; x_wconf 70' lang='grc'><strong>467</strong></span> <span class='ocrx_word' id='word_1_610' title='bbox 1927 4840 2112 4910; x_wconf 83' lang='lat' dir='ltr'><strong>itaque</strong></span> 
     </span>
    </p>
   </div>
   <div class='ocr_carea' id='block_1_97' title="bbox 525 4929 2111 5003">
    <p class='ocr_par' dir='ltr' id='par_1_97' title="bbox 525 4929 2111 5003">
     <span class='ocr_line' id='line_1_97' title="bbox 525 4929 2111 5003; baseline -0.001 -14"><span class='ocrx_word' id='word_1_611' title='bbox 525 4934 754 5003; x_wconf 83' lang='lat' dir='ltr'><strong>Sergius</strong></span> <span class='ocrx_word' id='word_1_612' title='bbox 783 4932 1032 4987; x_wconf 78' lang='lat' dir='ltr'><strong>Romano</strong></span> <span class='ocrx_word' id='word_1_613' title='bbox 1057 4930 1378 4998; x_wconf 87' lang='lat' dir='ltr'><strong>imperatori</strong></span> <span class='ocrx_word' id='word_1_614' title='bbox 1407 4929 1620 4985; x_wconf 83' lang='lat' dir='ltr'><strong>litteras</strong></span> <span class='ocrx_word' id='word_1_615' title='bbox 1639 4930 1708 4983; x_wconf 92' lang='lat' dir='ltr'><strong>ab</strong></span> <span class='ocrx_word' id='word_1_616' title='bbox 1738 4931 2111 4987; x_wconf 77' lang='lat' dir='ltr'><strong>Alamundaro</strong></span> 
     </span>
    </p>
   </div>
   <div class='ocr_carea' id='block_1_98' title="bbox 524 5018 2109 5092">
    <p class='ocr_par' dir='ltr' id='par_1_98' title="bbox 524 5018 2109 5092">
     <span class='ocr_line' id='line_1_98' title="bbox 524 5018 2109 5092; baseline -0.002 -13"><span class='ocrx_word' id='word_1_617' title='bbox 524 5023 792 5089; x_wconf 85' lang='lat' dir='ltr'><strong>tradidit;</strong></span> <span class='ocrx_word' id='word_1_618' title='bbox 821 5023 1024 5092; x_wconf 85' lang='lat' dir='ltr'><strong>quibus</strong></span> <span class='ocrx_word' id='word_1_619' title='bbox 1047 5021 1348 5088; x_wconf 84' lang='lat' dir='ltr'><strong>imperator</strong></span> <span class='ocrx_word' id='word_1_620' title='bbox 1373 5018 1640 5088; x_wconf 86' lang='lat' dir='ltr'><strong>acceptis,</strong></span> <span class='ocrx_word' id='word_1_621' title='bbox 1673 5018 1742 5072; x_wconf 87' lang='lat' dir='ltr'><strong>ab</strong></span> <span class='ocrx_word' id='word_1_622' title='bbox 1769 5018 1989 5088; x_wconf 88' lang='lat' dir='ltr'><strong>incepto</strong></span> <span class='ocrx_word' id='word_1_623' title='bbox 2008 5037 2109 5076; x_wconf 91' lang='lat' dir='ltr'><strong>suo</strong></span> 
     </span>
    </p>
   </div>
   <div class='ocr_carea' id='block_1_99' title="bbox 523 5109 2104 5184">
    <p class='ocr_par' dir='ltr' id='par_1_99' title="bbox 523 5109 2104 5184">
     <span class='ocr_line' id='line_1_99' title="bbox 523 5109 2104 5184; baseline -0.003 -12"><span class='ocrx_word' id='word_1_624' title='bbox 523 5117 592 5172; x_wconf 87' lang='lat' dir='ltr'><strong>de</strong></span> <span class='ocrx_word' id='word_1_625' title='bbox 653 5116 836 5170; x_wconf 81' lang='lat' dir='ltr'><strong>Persis</strong></span> <span class='ocrx_word' id='word_1_626' title='bbox 909 5112 1298 5184; x_wconf 82' lang='lat' dir='ltr'><strong>aggrediettdis</strong></span> <span class='ocrx_word' id='word_1_627' title='bbox 1351 5111 1528 5165; x_wconf 90' lang='lat' dir='ltr'><strong>nihilo</strong></span> <span class='ocrx_word' id='word_1_628' title='bbox 1569 5109 1875 5164; x_wconf 87' lang='lat' dir='ltr'><strong>desistebat</strong></span> <span class='ocrx_word' id='word_1_629' title='bbox 1902 5112 2104 5168; x_wconf 88' lang='lat' dir='ltr'><strong>minus.</strong></span> 
     </span>
    </p>
   </div>
   <div class='ocr_carea' id='block_1_100' title="bbox 524 5201 2104 5278">
    <p class='ocr_par' dir='ltr' id='par_1_100' title="bbox 524 5201 2104 5278">
     <span class='ocr_line' id='line_1_100' title="bbox 524 5201 2104 5278; baseline -0.003 -15"><span class='ocrx_word' id='word_1_630' title='bbox 524 5209 672 5276; x_wconf 80' lang='lat' dir='ltr'><strong>Quin</strong></span> <span class='ocrx_word' id='word_1_631' title='bbox 706 5207 909 5262; x_wconf 72' lang='lat' dir='ltr'><strong>Iiuiino</strong></span> <span class='ocrx_word' id='word_1_632' title='bbox 937 5220 1177 5278; x_wconf 86' lang='lat' dir='ltr'><strong>quoque,</strong></span> <span class='ocrx_word' id='word_1_633' title='bbox 1219 5220 1380 5274; x_wconf 85' lang='lat' dir='ltr'><strong>quem</strong></span> <span class='ocrx_word' id='word_1_634' title='bbox 1435 5203 1674 5272; x_wconf 83' lang='lat' dir='ltr'><strong>legatum</strong></span> <span class='ocrx_word' id='word_1_635' title='bbox 1724 5203 1780 5257; x_wconf 90' lang='lat' dir='ltr'><strong>in</strong></span> <span class='ocrx_word' id='word_1_636' title='bbox 1821 5201 2104 5258; x_wconf 82' lang='lat' dir='ltr'><strong>Persidem</strong></span> 
     </span>
    </p>
   </div>
   <div class='ocr_carea' id='block_1_101' title="bbox 2207 4467 3791 4540">
    <p class='ocr_par' dir='ltr' id='par_1_101' title="bbox 2207 4467 3791 4540">
     <span class='ocr_line' id='line_1_101' title="bbox 2207 4467 3791 4540; baseline 0.002 -20"><span class='ocrx_word' id='word_1_637' title='bbox 2207 4467 2316 4520; x_wconf 86' lang='grc' dir='ltr'><strong>τῶν</strong></span> <span class='ocrx_word' id='word_1_638' title='bbox 2345 4467 2735 4537; x_wconf 83' lang='grc' dir='ltr'><strong>στρατηλατῶν</strong></span> <span class='ocrx_word' id='word_1_639' title='bbox 2775 4468 3066 4537; x_wconf 86' lang='grc' dir='ltr'><strong>Ῥωμαίων</strong></span> <span class='ocrx_word' id='word_1_640' title='bbox 3088 4470 3229 4522; x_wconf 79' lang='grc' dir='ltr'><strong>κατὰ</strong></span> <span class='ocrx_word' id='word_1_641' title='bbox 3261 4469 3488 4538; x_wconf 88' lang='grc' dir='ltr'><strong>Περσῶν</strong></span> <span class='ocrx_word' id='word_1_642' title='bbox 3530 4471 3791 4540; x_wconf 75' lang='grc' dir='ltr'><strong>εὐτρεπι-</strong></span> 
     </span>
    </p>
   </div>
   <div class='ocr_carea' id='block_1_102' title="bbox 2208 4559 3790 4632">
    <p class='ocr_par' dir='ltr' id='par_1_102' title="bbox 2208 4559 3790 4632">
     <span class='ocr_line' id='line_1_102' title="bbox 2208 4559 3790 4632; baseline -0.001 -19"><span class='ocrx_word' id='word_1_643' title='bbox 2208 4559 2472 4630; x_wconf 80' lang='grc' dir='ltr'><strong>ζομένων,</strong></span> <span class='ocrx_word' id='word_1_644' title='bbox 2537 4559 2966 4631; x_wconf 79' lang='grc' dir='ltr'><strong>Ἀλαμούνδαρος</strong></span> <span class='ocrx_word' id='word_1_645' title='bbox 3008 4563 3036 4612; x_wconf 87' lang='grc' dir='ltr'>ὁ</span> <span class='ocrx_word' id='word_1_646' title='bbox 3082 4560 3194 4612; x_wconf 89' lang='grc' dir='ltr'><strong>τῶν</strong></span> <span class='ocrx_word' id='word_1_647' title='bbox 3239 4561 3576 4630; x_wconf 82' lang='grc' dir='ltr'><strong>Σαρακηνῶν</strong></span> <span class='ocrx_word' id='word_1_648' title='bbox 3633 4563 3790 4632; x_wconf 81' lang='grc' dir='ltr'><strong>βασι-</strong></span> 
     </span>
    </p>
   </div>
   <div class='ocr_carea' id='block_1_103' title="bbox 2208 4650 3790 4721">
    <p class='ocr_par' dir='ltr' id='par_1_103' title="bbox 2208 4650 3790 4721">
     <span class='ocr_line' id='line_1_103' title="bbox 2208 4650 3790 4721; baseline 0 -17"><span class='ocrx_word' id='word_1_649' title='bbox 2208 4653 2398 4714; x_wconf 84' lang='grc' dir='ltr'><strong>λίσκος</strong></span> <span class='ocrx_word' id='word_1_650' title='bbox 2419 4650 2638 4721; x_wconf 77' lang='grc' dir='ltr'><strong>γράψας</strong></span> <span class='ocrx_word' id='word_1_651' title='bbox 2673 4650 2967 4718; x_wconf 86' lang='grc' dir='ltr'><strong>Ῥωμαίοις</strong></span> <span class='ocrx_word' id='word_1_652' title='bbox 2995 4650 3084 4704; x_wconf 83' lang='grc' dir='ltr'><strong>διὰ</strong></span> <span class='ocrx_word' id='word_1_653' title='bbox 3123 4650 3347 4720; x_wconf 75' lang='grc' dir='ltr'><strong>Σέργιόν</strong></span> <span class='ocrx_word' id='word_1_654' title='bbox 3390 4667 3512 4703; x_wconf 90' lang='grc' dir='ltr'><strong>τινα</strong></span> <span class='ocrx_word' id='word_1_655' title='bbox 3542 4652 3790 4704; x_wconf 81' lang='grc' dir='ltr'><strong>διάκονον</strong></span> 
     </span>
    </p>
   </div>
   <div class='ocr_carea' id='block_1_104' title="bbox 2208 4743 3787 4814">
    <p class='ocr_par' dir='ltr' id='par_1_104' title="bbox 2208 4743 3787 4814">
     <span class='ocr_line' id='line_1_104' title="bbox 2208 4743 3787 4814; baseline -0.002 -17"><span class='ocrx_word' id='word_1_656' title='bbox 2208 4744 2351 4797; x_wconf 81' lang='grc' dir='ltr'><strong>ὥστε</strong></span> <span class='ocrx_word' id='word_1_657' title='bbox 2395 4743 2718 4812; x_wconf 77' lang='grc' dir='ltr'><strong>πεμφθῆναι</strong></span> <span class='ocrx_word' id='word_1_658' title='bbox 2773 4743 2936 4795; x_wconf 81' lang='grc' dir='ltr'><strong>αὐτὸν</strong></span> <span class='ocrx_word' id='word_1_659' title='bbox 2983 4743 3121 4814; x_wconf 80' lang='grc' dir='ltr'><strong>πρὸς</strong></span> <span class='ocrx_word' id='word_1_660' title='bbox 3153 4743 3338 4806; x_wconf 70' lang='grc' dir='ltr'><strong>αὑτὸν,</strong></span> <span class='ocrx_word' id='word_1_661' title='bbox 3395 4743 3484 4796; x_wconf 83' lang='grc' dir='ltr'><strong>ἵνα</strong></span> <span class='ocrx_word' id='word_1_662' title='bbox 3519 4743 3588 4795; x_wconf 87' lang='grc' dir='ltr'><strong>δι’</strong></span> <span class='ocrx_word' id='word_1_663' title='bbox 3620 4743 3787 4797; x_wconf 75' lang='grc' dir='ltr'><strong>αὐτοῦ</strong></span> 
     </span>
    </p>
   </div>
   <div class='ocr_carea' id='block_1_105' title="bbox 2215 4834 3788 4908">
    <p class='ocr_par' dir='ltr' id='par_1_105' title="bbox 2215 4834 3788 4908">
     <span class='ocr_line' id='line_1_105' title="bbox 2215 4834 3788 4908; baseline -0.002 -20"><span class='ocrx_word' id='word_1_664' title='bbox 2215 4835 2430 4908; x_wconf 80' lang='grc' dir='ltr'><strong>μηνύσῃ</strong></span> <span class='ocrx_word' id='word_1_665' title='bbox 2473 4834 2552 4904; x_wconf 81' lang='grc' dir='ltr'><strong>τῷ</strong></span> <span class='ocrx_word' id='word_1_666' title='bbox 2585 4834 2800 4904; x_wconf 87' lang='grc' dir='ltr'><strong>βασιλεῖ</strong></span> <span class='ocrx_word' id='word_1_667' title='bbox 2841 4834 3132 4904; x_wconf 79' lang='grc' dir='ltr'><strong>Ῥωμαίων</strong></span> <span class='ocrx_word' id='word_1_668' title='bbox 3166 4835 3352 4888; x_wconf 83' lang='grc' dir='ltr'><strong>πάκτα</strong></span> <span class='ocrx_word' id='word_1_669' title='bbox 3398 4837 3648 4905; x_wconf 83' lang='grc' dir='ltr'><strong>εἰρήνης.</strong></span> <span class='ocrx_word' id='word_1_670' title='bbox 3683 4836 3788 4889; x_wconf 71' lang='grc' dir='ltr'><strong>Καὶ</strong></span> 
     </span>
    </p>
   </div>
   <div class='ocr_carea' id='block_1_106' title="bbox 2211 4925 3787 4999">
    <p class='ocr_par' dir='ltr' id='par_1_106' title="bbox 2211 4925 3787 4999">
     <span class='ocr_line' id='line_1_106' title="bbox 2211 4925 3787 4999; baseline -0.003 -17"><span class='ocrx_word' id='word_1_671' title='bbox 2211 4927 2441 4999; x_wconf 88' lang='grc' dir='ltr'><strong>Σεργίου</strong></span> <span class='ocrx_word' id='word_1_672' title='bbox 2498 4925 2988 4995; x_wconf 82' lang='grc' dir='ltr'><strong>καταπεμφθὲντος</strong></span> <span class='ocrx_word' id='word_1_673' title='bbox 3032 4930 3170 4996; x_wconf 76' lang='grc' dir='ltr'><strong>πρὸς</strong></span> <span class='ocrx_word' id='word_1_674' title='bbox 3230 4925 3324 4978; x_wconf 78' lang='grc' dir='ltr'><strong>τὸν</strong></span> <span class='ocrx_word' id='word_1_675' title='bbox 3375 4925 3603 4993; x_wconf 78' lang='grc' dir='ltr'><strong>βασιλέα</strong></span> <span class='ocrx_word' id='word_1_676' title='bbox 3657 4926 3787 4978; x_wconf 88' lang='grc' dir='ltr'><strong>Ῥω·</strong></span> 
     </span>
    </p>
   </div>
   <div class='ocr_carea' id='block_1_107' title="bbox 2212 5022 3790 5094">
    <p class='ocr_par' dir='ltr' id='par_1_107' title="bbox 2212 5022 3790 5094">
     <span class='ocr_line' id='line_1_107' title="bbox 2212 5022 3790 5094; baseline -0.001 -20"><span class='ocrx_word' id='word_1_677' title='bbox 2212 5023 2390 5092; x_wconf 82' lang='grc' dir='ltr'><strong>μαίων</strong></span> <span class='ocrx_word' id='word_1_678' title='bbox 2423 5022 2561 5094; x_wconf 71' lang='grc' dir='ltr'><strong>μετὰ</strong></span> <span class='ocrx_word' id='word_1_679' title='bbox 2584 5025 2680 5075; x_wconf 75' lang='grc' dir='ltr'><strong>καὶ</strong></span> <span class='ocrx_word' id='word_1_680' title='bbox 2703 5023 2812 5076; x_wconf 86' lang='grc' dir='ltr'><strong>τῶν</strong></span> <span class='ocrx_word' id='word_1_681' title='bbox 2834 5024 3184 5094; x_wconf 87' lang='grc' dir='ltr'><strong>γραμμάτων</strong></span> <span class='ocrx_word' id='word_1_682' title='bbox 3211 5023 3320 5076; x_wconf 87' lang='grc' dir='ltr'><strong>τῶν</strong></span> <span class='ocrx_word' id='word_1_683' title='bbox 3353 5023 3459 5076; x_wconf 77' lang='grc' dir='ltr'><strong>ὑπὸ</strong></span> <span class='ocrx_word' id='word_1_684' title='bbox 3486 5023 3790 5090; x_wconf 79' lang='grc' dir='ltr'><strong>Ἀλαμουν-</strong></span> 
     </span>
    </p>
   </div>
   <div class='ocr_carea' id='block_1_108' title="bbox 2207 5101 3789 5188">
    <p class='ocr_par' dir='ltr' id='par_1_108' title="bbox 2207 5101 3789 5188">
     <span class='ocr_line' id='line_1_108' title="bbox 2207 5101 3789 5188; baseline -0.004 -19"><span class='ocrx_word' id='word_1_685' title='bbox 2207 5117 2374 5188; x_wconf 73' lang='grc' dir='ltr'><strong>δάρου</strong></span> <span class='ocrx_word' id='word_1_686' title='bbox 2409 5115 2797 5186; x_wconf 80' lang='grc' dir='ltr'><strong>πεμφθέντων,</strong></span> <span class='ocrx_word' id='word_1_687' title='bbox 2833 5117 2928 5170; x_wconf 71' lang='grc' dir='ltr'><strong>καὶ</strong></span> <span class='ocrx_word' id='word_1_688' title='bbox 2969 5101 3214 5185; x_wconf 78' lang='grc' dir='ltr'><strong>ἐντυχὼν</strong></span> <span class='ocrx_word' id='word_1_689' title='bbox 3249 5116 3360 5177; x_wconf 88' lang='grc' dir='ltr'><strong>τοῖς</strong></span> <span class='ocrx_word' id='word_1_690' title='bbox 3401 5115 3735 5185; x_wconf 80' lang='grc' dir='ltr'><strong>γράμμασιν</strong></span> <span class='ocrx_word' id='word_1_691' title='bbox 3760 5110 3789 5161; x_wconf 87' lang='grc' dir='ltr'><strong>ό</strong></span> 
     </span>
    </p>
   </div>
   <div class='ocr_carea' id='block_1_109' title="bbox 2208 5202 3786 5277">
    <p class='ocr_par' dir='ltr' id='par_1_109' title="bbox 2208 5202 3786 5277">
     <span class='ocr_line' id='line_1_109' title="bbox 2208 5202 3786 5277; baseline -0.004 -18"><span class='ocrx_word' id='word_1_692' title='bbox 2208 5207 2369 5269; x_wconf 78' lang='grc' dir='ltr'><strong>αὐτὸς</strong></span> <span class='ocrx_word' id='word_1_693' title='bbox 2413 5206 2691 5276; x_wconf 78' lang='grc' dir='ltr'><strong>βασιλεὺς,</strong></span> <span class='ocrx_word' id='word_1_694' title='bbox 2733 5207 2834 5260; x_wconf 81' lang='grc' dir='ltr'><strong>οὐκ</strong></span> <span class='ocrx_word' id='word_1_695' title='bbox 2871 5205 3150 5260; x_wconf 77' lang='grc' dir='ltr'><strong>ἐπαύσατο</strong></span> <span class='ocrx_word' id='word_1_696' title='bbox 3193 5205 3614 5277; x_wconf 72' lang='grc' dir='ltr'><strong>ἐπιστρατεύειν</strong></span> <span class='ocrx_word' id='word_1_697' title='bbox 3646 5202 3786 5258; x_wconf 68' lang='grc' dir='ltr'><strong>κατὰ</strong></span> 
     </span>
    </p>
   </div>
   <div class='ocr_carea' id='block_1_110' title="bbox 1815 5291 2524 5380">
    <p class='ocr_par' dir='ltr' id='par_1_110' title="bbox 1815 5291 2524 5380">
     <span class='ocr_line' id='line_1_110' title="bbox 1815 5291 2524 5380; baseline 0.007 -6"><span class='ocrx_word' id='word_1_698' title='bbox 1815 5319 2050 5376; x_wconf 51' lang='lat' dir='ltr'><strong>vixitle</strong></span> <span class='ocrx_word' id='word_1_699' title='bbox 2092 5291 2524 5380; x_wconf 43' lang='lat' dir='ltr'><strong>Lacrimas}</strong></span> 
     </span>
    </p>
   </div>
   <div class='ocr_carea' id='block_1_111' title="bbox 591 5410 2104 5486">
    <p class='ocr_par' dir='ltr' id='par_1_111' title="bbox 591 5411 2104 5486">
     <span class='ocr_line' id='line_1_111' title="bbox 591 5411 2104 5486; baseline -0.005 -15"><span class='ocrx_word' id='word_1_700' title='bbox 591 5417 638 5453; x_wconf 82' lang='grc'>⁸⁸</span> <span class='ocrx_word' id='word_1_701' title='bbox 677 5414 990 5486; x_wconf 65' lang='grc' dir='ltr'><strong>Ὀσδροῖνὴν</strong></span> <span class='ocrx_word' id='word_1_702' title='bbox 1025 5414 1125 5469; x_wconf 76' lang='lat' dir='ltr'><strong>0x.</strong></span> <span class='ocrx_word' id='word_1_703' title='bbox 1184 5421 1238 5468; x_wconf 84' lang='lat' dir='ltr'><strong>et</strong></span> <span class='ocrx_word' id='word_1_704' title='bbox 1296 5427 1422 5466; x_wconf 66' lang='lat' dir='ltr'><strong>mox</strong></span> <span class='ocrx_word' id='word_1_705' title='bbox 1470 5411 1816 5483; x_wconf 84' lang='grc' dir='ltr'><strong>Ὀσδροῖνῶν.</strong></span> <span class='ocrx_word' id='word_1_706' title='bbox 1893 5412 1938 5445; x_wconf 74' lang='grc'><strong>⁸⁷</strong></span> <span class='ocrx_word' id='word_1_707' title='bbox 1984 5415 2104 5466; x_wconf 73' lang='lat' dir='ltr'><strong>(me:</strong></span> 
     </span>
    </p>
   </div>
   <div class='ocr_carea' id='block_1_112' title="bbox 2211 5410 3642 5486">
    <p class='ocr_par' dir='ltr' id='par_1_112' title="bbox 2211 5410 3642 5486">
     <span class='ocr_line' id='line_1_112' title="bbox 2211 5410 3642 5486; baseline -0.002 -19"><span class='ocrx_word' id='word_1_708' title='bbox 2211 5431 2382 5486; x_wconf 71' lang='grc' dir='ltr'><strong>ιχοντο</strong></span> <span class='ocrx_word' id='word_1_709' title='bbox 2421 5415 2550 5480; x_wconf 78' lang='lat' dir='ltr'><strong>Ch.,</strong></span> <span class='ocrx_word' id='word_1_710' title='bbox 2592 5413 2986 5484; x_wconf 81' lang='grc' dir='ltr'><strong>ὑπεισέρχοντο</strong></span> <span class='ocrx_word' id='word_1_711' title='bbox 3013 5411 3117 5470; x_wconf 81' lang='lat' dir='ltr'><strong>Ox.</strong></span> <span class='ocrx_word' id='word_1_712' title='bbox 3189 5412 3236 5447; x_wconf 80' lang='grc'>⁸⁸</span> <span class='ocrx_word' id='word_1_713' title='bbox 3267 5411 3510 5484; x_wconf 79' lang='grc' dir='ltr'><strong>καστρὸν</strong></span> <span class='ocrx_word' id='word_1_714' title='bbox 3541 5410 3642 5465; x_wconf 81' lang='lat' dir='ltr'><strong>Ox.</strong></span> 
     </span>
    </p>
   </div>
   <div class='ocr_carea' id='block_1_113' title="bbox 1771 5543 2543 5603">
    <p class='ocr_par' dir='ltr' id='par_1_113' title="bbox 1771 5543 2543 5603">
     <span class='ocr_line' id='line_1_113' title="bbox 1771 5543 2543 5603; baseline -0.001 -2"><span class='ocrx_word' id='word_1_715' title='bbox 1771 5547 1875 5602; x_wconf 78' lang='lat' dir='ltr'><strong>El).</strong></span> <span class='ocrx_word' id='word_1_716' title='bbox 1909 5545 2283 5603; x_wconf 79' lang='lat' dir='ltr'><strong>CHILMEADI</strong></span> <span class='ocrx_word' id='word_1_717' title='bbox 2313 5543 2543 5600; x_wconf 61' lang='lat' dir='ltr'><strong>NOTAE.</strong></span> 
     </span>
    </p>
   </div>
   <div class='ocr_carea' id='block_1_114' title="bbox 599 5636 2104 5714">
    <p class='ocr_par' dir='ltr' id='par_1_114' title="bbox 599 5639 2090 5714">
     <span class='ocr_line' id='line_1_114' title="bbox 599 5639 2090 5714; baseline -0.001 -19"><span class='ocrx_word' id='word_1_718' title='bbox 599 5642 710 5714; x_wconf 78' lang='lat' dir='ltr'><strong>(i7)</strong></span> <span class='ocrx_word' id='word_1_719' title='bbox 777 5643 1054 5706; x_wconf 80' lang='grc' dir='ltr'><strong>Κελεύσας</strong></span> <span class='ocrx_word' id='word_1_720' title='bbox 1104 5644 1193 5697; x_wconf 78' lang='grc' dir='ltr'><strong>διὰ</strong></span> <span class='ocrx_word' id='word_1_721' title='bbox 1248 5642 1594 5712; x_wconf 84' lang='grc' dir='ltr'><strong>γραμμάτων</strong></span> <span class='ocrx_word' id='word_1_722' title='bbox 1644 5641 1866 5711; x_wconf 77' lang='grc' dir='ltr'><strong>Τζίττᾳ.</strong></span> <span class='ocrx_word' id='word_1_723' title='bbox 1927 5639 2090 5695; x_wconf 81' lang='lat' dir='ltr'><strong>Forte</strong></span> 
     </span>
    </p>
   </div>
   <div class='ocr_carea' id='block_1_115' title="bbox 2211 5636 2786 5714">
    <p class='ocr_par' dir='ltr' id='par_1_115' title="bbox 2211 5636 2786 5693">
     <span class='ocr_line' id='line_1_115' title="bbox 2211 5636 2786 5693; baseline -0.002 -2"><span class='ocrx_word' id='word_1_724' title='bbox 2211 5637 2474 5693; x_wconf 62' lang='lat' dir='ltr'><strong>&#39;ibendum</strong></span> <span class='ocrx_word' id='word_1_725' title='bbox 2510 5636 2786 5690; x_wconf 76' lang='grc' dir='ltr'><strong>ἐκέλευσε.</strong></span> 
     </span>
    </p>
   </div>
  </div>
