3988 6136
353 361 458 426 681

1304 367 1977 427 CHRONOGRAPHIA.
2020 392 2088 400 —
2129 367 2285 429 LIB.
2327 367 2554 429 XVIII.

3502 365 3610 428 682

363 472 606 544 Περσῶν.
663 471 770 525 Καὶ
821 473 1036 543 πέμψας
1081 473 1362 544 Ῥουφῖνον
1407 477 1465 528 ὲν
1519 473 1740 545 Περσίδι
1797 492 1922 544 πρε-

2037 473 2283 536 miserat,
2319 487 2418 542 per
2439 473 2650 528 litteras
2683 471 2970 536 innuebat,
3009 469 3362 525 concordiam
3391 471 3606 526 edicere

364 565 618 634 σϐευτὴν,
654 563 872 634 γράψας
903 557 1052 636 αὐτῷ
1085 567 1182 620 τοῦ
1215 567 1500 636 ἀγαπῆσαι
1534 565 1714 635 φιλίαν
1739 583 1750 595 ·
1797 567 1931 636 τιμὴ

361 660 470 730 γάρ
503 659 620 710 ἐστι
676 661 771 710 καὶ
815 659 942 723 δόξα
995 661 1218 728 ποιῆσαι
1268 659 1366 722 τὰς
1419 658 1512 712 δύο
1565 657 1840 720 πολιτείας
1875 659 1932 708 ἐν

359 748 550 819 εἰρήνῃ
576 747 788 814 διάγειν
813 764 826 776 ·
863 749 913 800 εἱ
949 747 1008 799 δὲ
1060 749 1132 818 μὴ
1183 747 1342 801 τοῦτο
1385 751 1621 818 ποιήσει,
1651 747 1750 818 τὴν
1791 747 1932 818 Περ-

361 838 520 906 σικὴν
553 835 662 905 γῆν
691 835 756 888 δι’
781 835 1021 906 ἐμαυτοῦ
1047 837 1455 908 καταλήψομαι.

439 927 530 979 Ἐν
565 926 750 996 ταύτῷ
781 925 838 978 δὲ
888 927 1247 997 κατεπέμφθη
1279 929 1372 980 καὶ
1417 929 1644 997 Σέργιος
1681 928 1932 992 διάκονος

357 1019 500 1089 πρὸς
519 1018 964 1088 Ἀλαμοὺνδαρον
987 1019 1208 1088 βασιλέα
1234 1019 1370 1088 μετὰ
1403 1018 1590 1090 δώρων
1615 1019 1927 1090 βασιλικῶν.

367 1111 458 1164 Ἐν
486 1111 638 1180 αὐτῷ
672 1110 728 1164 δὲ
762 1111 852 1188 τῷ
877 1112 1056 1182 χρόνῳ
1085 1113 1556 1183 κατεπέμφθησαν
1594 1111 1744 1182 δῶρα
1779 1113 1931 1183 παρὰ

355 1202 452 1255 τοῦ
479 1202 753 1276 βασιλέως
786 1203 1074 1274 Ῥωμαίων
1097 1203 1172 1275 τῷ
1205 1204 1418 1274 βασιλεῖ
1436 1205 1663 1274 Περσῶν
1683 1222 1696 1234 ·
1727 1205 1932 1274 ὁμοίως

356 1293 414 1348 δὲ
438 1295 532 1346 καὶ
561 1297 594 1364 ἠ
629 1293 920 1363 Αὕγουστα
946 1297 988 1328 ⁸³
1015 1297 1334 1367 κατέπεμψε
1359 1299 1423 1368 τῇ
1465 1297 1751 1368 βασιλίσσῃ
1789 1299 1928 1367 Περ-

360 1384 468 1436 σῶν
495 1383 668 1456 [207],
699 1388 764 1455 τῇ
789 1385 923 1456 οὔσῃ
953 1385 1118 1439 αὐτοῦ
1145 1387 1370 1458 ἀδελφῇ.
1397 1387 1507 1440 Kal.
1529 1387 1930 1451 καταλαϐόντες

369 1473 654 1543 Ῥουφῖνος
708 1478 802 1530 καὶ
867 1477 1204 1547 Στρατήγιος
1263 1477 1362 1548 τὴν
1425 1477 1726 1547 Ἐδεσηνῶν
1775 1477 1930 1532 πόλιν

357 1567 634 1634 ἐμήνυσαν
669 1567 894 1639 Κωάδῃ,
937 1567 1148 1636 βασιλεῖ
1189 1567 1432 1638 Περσῶν,
1472 1569 1584 1620 Καὶ
1636 1567 1930 1622 ἀνεϐάλετο

241 1716 250 1724 ,
354 1655 451 1710 τοῦ
487 1657 741 1722 δέξασθαι
773 1660 993 1726 αὐτοὺς,
1022 1661 1105 1713 ὅτι
1127 1657 1196 1731 ἦν
1220 1660 1444 1730 πέμψας
1471 1661 1613 1713 κατὰ
1641 1659 1928 1730 Ῥωμαίων

355 1747 633 1821 λαθραίως
657 1751 725 1804 ⁷ο.

2034 562 2281 617 Studeret
2319 579 2332 618 :
2367 561 2682 618 Gloriosum
2743 562 3010 632 (dicens)
3077 563 3178 616 hoc
3227 571 3396 618 estet
3445 563 3606 616 laudo

2033 652 2279 722 dignum,
2323 653 2367 706 si
2409 653 2816 722 rebuspublicis
2865 652 3082 708 duabus
3115 669 3300 722 pacem
3343 663 3606 722 praestare

2033 744 2260 810 poteris.
2321 741 2416 797 Sin
2455 743 2559 797 hoc
2621 742 2970 797 aversabitur
3015 741 3203 806 Persa,
3269 744 3322 796 in
3355 743 3608 812 regiones

2033 833 2151 902 ejus
2179 835 2298 902 ipse
2321 835 2672 890 descendam.

2103 925 2276 980 Porro
2331 927 2557 996 Sergius
2585 928 2750 981 etiam
2787 926 3078 991 diaconus,
3132 927 3323 981 eodem
3361 936 3606 996 tempore

2031 1017 2406 1073 Alamundaro
2425 1020 2654 1082 missus,
2685 1033 2911 1072 munera
2930 1018 2978 1072 ei
3001 1019 3352 1087 imperatoria
3372 1019 3566 1072 detulit
3590 1039 3602 1073 :

2033 1123 2144 1177 quo
2201 1115 2446 1178 tempore
2496 1109 2658 1162 etiam
2715 1109 3012 1178 imperator
3067 1106 3446 1162 Romanorum
3492 1109 3608 1178 regi

2031 1195 2345 1260 Persarum,
2403 1197 2544 1252 sicut
2597 1206 2650 1274 et
2700 1198 2904 1266 regina:
2935 1197 3112 1251 sorori
3167 1197 3292 1264 ejus
3335 1199 3606 1267 Augusta,

2033 1302 2264 1344 munera
2298 1291 2751 1344 transmiserunt.
2781 1291 3053 1344 Caeterum
3095 1289 3330 1344 Ruﬁnus
3359 1301 3409 1343 et
3449 1291 3606 1344 Stra—

2029 1379 2210 1449 tegius
2263 1378 2526 1435 Edessam
2587 1381 2868 1435 venientes
2921 1382 3211 1436 adventum
3248 1397 3408 1436 suum
3435 1379 3608 1437 Coadi

2031 1468 2326 1526 Persarum
2383 1473 2492 1540 regi
2549 1481 2742 1526 notum
2805 1472 3074 1527 fecerunt.
3107 1475 3210 1527 Hic
3241 1489 3376 1528 vero
3409 1489 3604 1528 eorum

2031 1561 2422 1618 admissionem
2464 1563 3012 1633 comperendinavit:
3043 1565 3244 1635 quippe
3267 1566 3362 1635 qui
3406 1565 3608 1620 adver—

2032 1667 2153 1708 sum
2181 1651 2459 1708 Romanos
2481 1655 2786 1708 exercitum
2806 1655 3058 1709 clanculo
3085 1656 3462 1725 expediverat.

436 1810 526 1890 ’ὲν
557 1810 706 1909 αότῷ
730 1841 786 1892 δὲ
818 1840 895 1911 τῷ
913 1841 1100 1912 ’χρόνῳ
1135 1842 1230 1894 καὶ
1264 1840 1594 1914 ἐμπρησμὸς
1623 1843 1840 1911 ἐγένετο
1868 1845 1922 1898 ὲν

2107 1831 2324 1888 Eisdem
2355 1835 2698 1904 temporibus
2729 1835 3046 1890 incendium
3084 1837 3398 1892 Antiochia;
3426 1841 3610 1894 conti-

368 1927 672 2000 Ἀντιοχείᾳ
693 1949 707 1962 ·
731 1931 876 1994 τινὸς
901 1933 1009 2002 γάρ
1046 1933 1356 2002 ὑφάψαντος
1385 1935 1588 2002 κηροὺς
1613 1935 1670 1988 ἐν
1698 1933 1928 2004 τῷρθεά-

353 2039 489 2093 τρῳ,
523 2023 618 2074 καλ⁵
645 2021 738 2075 τοῦ
789 2023 964 2094 κηροῦ
1006 2023 1300 2087 στάξαντος
1343 2023 1527 2077 ἐπάνω
1579 2023 1688 2077 τῶν
1729 2025 1923 2091 ξύλων,

355 2113 578 2184 ὑφῆψαν
630 2113 702 2166 τὰ
752 2113 885 2178 ξύλα
931 2113 1072 2187 (18)⁶
1121 2115 1218 2169 καὶ
1264 2115 1566 2186 συνδρομῆς
1623 2116 1926 2186 γενομένης

353 2205 617 2276 ὲσϐέσθη.

435 2297 526 2348 Ἑν
555 2297 706 2367 αὐτῷ
731 2297 786 2352 δὲ
810 2299 888 2369 τῷ
917 2299 1094 2370 χρόνῳ
1125 2301 1486 2372 κατεπέμφθη
1515 2303 1594 2365 εἰς
1616 2303 1682 2355 τὰ
1710 2303 1925 2355 Ἀνατο-

347 2387 478 2440 λικὰ
533 2387 909 2458 Δημοσθένης,
941 2391 1340 2462 ἐπιφερόμενος
1397 2395 1492 2446 καὶ
1529 2395 1790 2464 χρήματα
1825 2395 1924 2449 οὐκ

349 2477 506 2545 ὀλίγα
533 2481 614 2536 είς
647 2479 706 2531 τὸ
735 2481 1056 2550 εὐτρεπίσαι
1104 2483 1246 2536 κατὰ
1296 2485 1450 2536 πόλιν
1483 2485 1724 2540 ἀπόθετα
1773 2487 1923 2540 σίτου

349 2567 542 2620 ἕνεκεν
575 2570 674 2638 τῆς
717 2567 854 2638 μετὰ
877 2569 922 2600 τ’
959 2571 1186 2640 Περσῶν
1219 2571 1522 2642 συμϐολῆς·
1557 2573 1652 2626 καὶ
1681 2574 1921 2627 καταλαο

351 2657 540 2720 eam;
570 2656 737 2710 αὑτοῦ
769 2657 1105 2730 Ἀντιόχειαν
1139 2659 1366 2730 ἐξῆλθεν
1403 2664 1495 2715 ἐπὶ
1525 2663 1624 2732 τὴν
1667 2664 1923 2736 Ὁσδροη-

352 2748 452 2817 νήν
479 2749 547 2801 ⁷⁸.

299 2909 322 2922 ἡ
419 2842 916 2910 Κατεπέμφθησαν
945 2841 1004 2896 δὲ
1029 2844 1238 2915 Σάκραι
1267 2847 1326 2898 ὲν
1363 2849 1481 2909 ταῖς
1507 2847 1740 2912 πόλεσιν,
1780 2849 1921 2904 ὥστε

348 2933 474 2994 τοὺς
525 2933 602 3001 μὴ
651 2933 1048 2997 κοινωνοῦντας
1088 2939 1206 2998 ταῖς
1239 2937 1424 3004 ἁγίαις
1481 2931 1830 3010 Ἐκκλησίαις
1864 2945 1921 2995 ἐν

349 3021 590 3092 ἑξορίαις
628 3025 1086 3093 καταπέμπεσθαι
1110 3067 1124 3091 ,
1170 3027 1246 3090 ὡς
1291 3031 1793 3101 προφασιζομένους
1825 3035 1919 3087 τοῦ

347 3112 720 3182 ὀνομάζεσθαι
745 3115 845 3185 τὴν
875 3115 1092 3169 σύνοδον
1114 3117 1456 3187 Χαλκηδόνος
1487 3121 1594 3173 τῶν
1622 3122 1919 3188 ἑξακοσίων

346 3205 665 3274 τριάκοντα.
715 3207 824 3258 Καὶ
871 3209 1169 3278 γενομένης
1219 3210 1466 3280 ταραχῆς
1511 3212 1569 3264 ὲν
1597 3212 1920 3286 Ἀντιοχείᾳ,

347 3294 616 3366 ὥρμησαν
644 3299 692 3349 οἱ
729 3297 896 3367 δῆμοι
943 3301 999 3351 ὲν
1049 3299 1128 3369 τῷ
1176 3301 1512 3371 ὲπισκοπείῳ
1555 3303 1668 3372 (l9)
1717 3304 1922 3358 λιθοϐον

257 3397 270 3410 ’
347 3387 568 3451 λοῦντες
605 3389 700 3441 καὶ
742 3391 924 3458 φωνὰς
956 3391 1278 3460 ὑϐριστικὰς
1315 3395 1778 3467 κατακράζοντες.
1815 3401 1924 3454 Καὶ

345 3481 660 3547 ἐξελθόντες
687 3485 734 3534 οἱ
759 3485 1170 3554 παραμένοντες
1193 3486 1250 3536 ἐν
1271 3485 1349 3556 τῷ
1371 3485 1524 3558 [208]
1552 3491 1925 3562 πατριαρχείῳ

346 3571 466 3640 ἅμα
515 3569 596 3640 τῷ
643 3571 845 3640 κόμητι
888 3573 990 3639 τῆς
1055 3573 1372 3644 ’Δνατολῆς,
1423 3573 1601 3645 βέλεσι
1631 3577 1724 3629 καὶ
1754 3577 1924 3642 λίθοις

343 3661 704 3724 ἀντιστάντες
739 3664 782 3694 ⁷³
818 3663 1048 3727 πολλοὺς
1092 3663 1202 3718 τῶν
1248 3667 1652 3730 στασιαζόντων
1689 3669 1919 3724 ἀνεῖλον.

343 3753 426 3804 Τὰ
445 3753 506 3806 δὲ
536 3753 852 3824 πραχθέντα
875 3757 1144 3828 ἀνηνέχθη
1166 3757 1244 3829 τῷ
1274 3757 1485 3829 βασιλεῖ
1505 3776 1517 3790 ·
1551 3762 1644 3814 καὶ
1669 3761 1922 3815 ἐκέλευσε

343 3845 730 3916 τιμωρηθῆναι
761 3847 1012 3912 πολλούς.

425 4026 514 4079 Ἐν
537 4027 689 4097 αὕτῷ
717 4027 772 4080 δὲ
815 4029 894 4099 τῷ
924 4030 1102 4101 χρόνῳ
1142 4032 1236 4086 καὶ
1273 4033 1506 4104 μήνυσις
1551 4035 1917 4106 κατεπέμφθη

346 4117 496 4188 παρὰ
531 4116 898 4188 Ἑρμογένους
921 4122 1110 4174 ἕνεκεν
1133 4123 1232 4194 τῆς
1257 4123 1533 4194 συμϐολῆς
1551 4125 1644 4177 τοῦ
1677 4126 1918 4196 πολέμου

353 4209 644 4280 Ῥωμαίων
682 4227 742 4262 τε
789 4213 882 4265 καὶ¹
926 4213 1173 4282 Περσῶν.
1217 4215 1519 4284 Στρατηγοὶ
1547 4216 1656 4284 γὰρ
1691 4217 1919 4287 Περσῶν

341 4303 790 4374 καταδραμόντες
825 4307 962 4374 μετὰ
989 4306 1244 4376 βοηθείας
1273 4307 1526 4376 χιλιάδων
1559 4307 1638 4374 ἒξ,
1667 4309 1742 4373 ὡς
1769 4311 1917 4379 ὀφεί-

339 4391 526 4458 λοντες
577 4394 916 4465 παραλαϐεῖν
945 4397 1374 4467 Μαρτυρόπολιν
1398 4411 1412 4426 ⁸
1445 4393 1586 4467 ἦσαν
1632 4399 1740 4468 γὰρ
1781 4417 1917 4470 σκη-

2036 1926 2113 1996 git
2145 1941 2160 1978 :
2191 1925 2246 1979 in
2279 1925 2496 1978 theatro
2525 1927 2670 1978 enim
2689 1927 2866 1980 cereis
2895 1941 2926 1980 a
2956 1926 3192 1996 quodam
3239 1930 3512 1992 accensis,
3550 1938 3608 1984 et

2035 2017 2240 2072 alicubi
2275 2018 2328 2071 in
2361 2017 2505 2088 ligna
2559 2017 2794 2088 desuper
2831 2017 3191 2084 stillantibus,
3224 2020 3372 2090 ligna
3395 2021 3608 2076 conﬂa-

2033 2107 2299 2176 grabant;
2369 2107 2464 2162 sed
2522 2113 2892 2163 concurrente
2942 2109 3129 2162 statim
3197 2111 3400 2180 populo
3463 2112 3606 2180 ignis

2032 2197 2506 2266 exstinguebatur.

2105 2289 2306 2344 Eodem
2365 2298 2614 2360 tempore
2653 2291 2706 2344 in
2743 2289 3026 2346 Orientem
3061 2293 3266 2348 missus
3297 2303 3384 2349 est
3415 2294 3606 2349 Demo-

2031 2381 2278 2444 sthenes,
2323 2381 2432 2435 vim
2473 2381 2594 2435 auri
2629 2397 2878 2452 magnam
2931 2392 3252 2452 apportans,
3291 2385 3438 2440 unde
3487 2387 3606 2440 sin-

2031 2471 2186 2540 gulas
2229 2487 2326 2540 per
2365 2473 2529 2528 urbes
2581 2474 2912 2544 repositoria
2963 2474 3242 2530 frumento
3301 2477 3357 2530 in
3395 2477 3600 2532 bellum

2032 2559 2314 2616 Persicum
2382 2563 2701 2618 instrueret.
2755 2562 2864 2618 lter
2911 2566 3098 2634 itaque
3129 2565 3252 2634 ejus
3283 2583 3378 2637 per
3411 2569 3605 2622 Antio-

2035 2653 2214 2708 chiam
2247 2655 2572 2722 instituens,
2600 2653 2942 2711 Osdroenam
2975 2657 3246 2727 pervenit.

2099 2837 2264 2910 ωε
2285 2836 2458 2893 Porro
2485 2839 2647 2894 etiam
2681 2836 2863 2893 Sacrae
2884 2854 2980 2908 per
3001 2839 3164 2894 urbes
3188 2839 3603 2908 emittebantur,

2030 2929 2084 2984 id
2113 2933 2410 3000 exigentes,
2431 2931 2507 2984 uti
2547 2938 2857 2984 sanctarum
2901 2930 3269 2986 Ecclesiarum
3303 2947 3331 2985 a
3357 2949 3604 2989 commu-

2031 3021 2196 3077 nione
2225 3023 2314 3092 qui
2341 3011 2677 3077 abstinerent
2713 3022 3236 3090 exterminarentur;
3280 3025 3482 3096 quippe
3507 3027 3600 3095 qui

2029 3114 2422 3170 subtrahebant
2442 3131 2582 3176 sese,
2599 3122 2958 3184 praetexentes
2975 3112 3076 3168 sibi
3096 3113 3362 3184 synodum
3377 3115 3603 3170 Chalce-

2027 3207 2322 3262 donensem
2353 3221 2528 3260 ocxxx
2560 3207 2973 3275 episcoporum,
2999 3221 3164 3275 quam
3202 3219 3300 3260 nec
3323 3208 3599 3261 nominari

2024 3297 2336 3350 voluerunt.
2363 3295 2744 3364 Obortusjnde
2761 3295 3067 3350 Antiochiae
3089 3297 3358 3352 tumultus
3378 3297 3604 3361 ,irrum-

2025 3385 2285 3455 pentibus
2315 3386 2369 3439 in
2387 3385 2726 3454 episcopium
2779 3385 2978 3455 popelli
3023 3387 3218 3453 turbis,
3247 3403 3378 3442 saxa
3427 3390 3598 3443 etiam

2023 3476 2369 3532 vibrantibus
2419 3485 2474 3531 et
2529 3478 2780 3532 convicia
2811 3479 3212 3534 evomentibus.
3263 3479 3380 3535 Una
3411 3491 3596 3534 autem

2024 3572 2442 3632 exeuntes,cum
2455 3565 2697 3622 Orientis
2712 3567 2934 3640 comite,
2951 3569 3043 3638 qui
3063 3569 3118 3623 in
3135 3571 3598 3639 patriarchalibus

2023 3657 2234 3714 aedibus
2304 3661 2813 3726 counnorabantur,
2843 3661 3174 3732 turbamque
3204 3663 3332 3717 telis
3353 3671 3408 3716 et
3443 3665 3598 3718 saxis

2025 3749 2390 3818 impetentes},
2431 3751 2821 3806 seditiosorum
2881 3754 3324 3824 quamplurimas
3353 3771 3383 3808 e
3415 3756 3598 3809 medio

2025 3841 2388 3894 sustulerunt.
2431 3839 2564 3906 Quae
2621 3841 2713 3896 ubi
2768 3843 3092 3912 imperatori
3131 3846 3310 3899 delata
3337 3845 3592 3911 fuerant,

2025 3943 2052 3982 a
2089 3930 2343 4014 plurimis
2383 3932 2770 3988 seditiosorum
2796 3951 2986 4005 poenas
3011 3937 3209 4007 exegit.

2083 4021 2296 4076 ‘l'lodem
2333 4029 2577 4091 tempore
2609 4025 2782 4092 praelii
2817 4025 2958 4079 alius
2989 4026 3186 4080 Persas
3219 4027 3360 4080 inter
3389 4026 3596 4081 Βοιιιι-

2024 4123 2238 4180 nosque
2270 4113 2550 4165 commissi
2578 4113 2772 4166 relatio
2818 4114 2886 4167 ab
2921 4113 3263 4184 Hermogene
3289 4117 3597 4186 [Constan-

2022 4203 2346 4276 tinopolim]
2381 4205 2551 4260 missa
2601 4212 2709 4261 est.
2761 4205 3058 4262 Persarum
3093 4209 3240 4262 enim
3275 4209 3470 4273 duces,
3499 4225 3596 4268 se:

2021 4304 2360 4350 armatorum
2401 4298 2646 4352 millibus
2697 4299 2974 4364 instructi,
3015 4299 3592 4372 imminebant,'quasi

2027 4385 2445 4457 Martyropolim
2505 4388 2802 4443 adorturi:
2847 4397 3030 4443 castra
3079 4391 3224 4444 enim
3267 4391 3322 4445 in
3369 4393 3593 4463 regione
3687 4401 3690 4406 '

339 4481 611 4545 νὼσαντες
637 4485 716 4545 είς
761 4483 828 4536 τά
873 4485 1014 4556 μέρη
1068 4487 1296 4557 Ἀμίδης
1325 4489 1476 4558 παρὰ
1517 4488 1594 4558 τῷ
1633 4491 1912 4562 λεγομένῳ

2033 4477 2324 4540 Amidensi,
2371 4477 2550 4546 juxta-
2597 4479 2922 4549 Nymphium
2978 4481 3226 4548 ﬂuvium,
3261 4493 3588 4552 posuerant,

341 4572 582 4642 Νυμφίῳ
640 4574 890 4643 ποταμῷ.
956 4575 1478 4642 Ἀντικαταστάντες
1532 4579 1589 4632 δὲ
1655 4579 1914 4649 Ῥωμαίοι

341 4663 582 4732 Πέρσαις
614 4665 716 4717 οὐκ
750 4665 1090 4735 ἐδυνήθησαν
1112 4666 1311 4737 τρέψαι
1343 4669 1562 4732 αὐτούς.
1589 4672 1700 4723 Καὶ
1727 4671 1914 4724 δευτέ-

343 4769 438 4822 ραν
469 4755 803 4825 σύγκρουσιν
849 4757 1240 4828 συμϐαλόντες,
1273 4761 1367 4813 καὶ
1398 4763 1686 4832 τρακτάτῳ
1733 4764 1917 4834 φυγῆς

338 4845 678 4912 χρησάμενοι
716 4846 1001 4914 Ῥωμαῖοι,
1019 4847 1242 4900 ἐδόκουν
1267 4850 1510 4918 φεύγειν.
1541 4852 1604 4904 Oi
1633 4852 1688 4904 δὲ
1711 4853 1916 4924 Πέρσαι

337 4933 803 5004 καταδραμόντες,
841 4939 1164 5006 νομίσαντες
1193 4941 1392 5004 αὐτοὺς
1433 4941 1750 5007 διώκεσθαι,
1795 4945 1916 4997 έλυ-

338 5039 436 5076 σαν
466 5025 534 5078 τὰ
561 5025 776 5080 ἑαυτῶν
827 5028 1084 5100 τάγματα
1109 5047 1124 5062 ο
1157 5033 1494 5103 στραφέντες
1533 5033 1588 5086 δὲ
1642 5035 1899 5103 Ῥωμαῖοι

2013 4566 2248 4624 Romani
2286 4569 2472 4638 itaque
2499 4571 2552 4622 in
2573 4586 2668 4626 eos
2703 4581 3011 4635 moventes,
3035 4571 3237 4627 Persas
3267 4575 3444 4643 primo
3479 4575 3588 4627 im-

2011 4667 2140 4728 petu
2193 4661 2507 4729 propellere
2557 4675 2664 4714 non
2723 4669 3021 4730 potuerunt
3073 4680 3088 4714 :
3147 4665 3345 4718 iterato
3403 4677 3584 4719 autem

2013 4765 2338 4821 congressu.
2364 4751 2544 4821 fugam
2569 4753 2672 4823 ipsi
2697 4753 3048 4820 simulantes,
3083 4763 3234 4826 terga
3265 4757 3536 4812 dederunt
3567 4775 3582 4821 ;

2011 4861 2174 4915 quos,
2207 4855 2474 4915 tanquam
2517 4847 2570 4899 in
2629 4849 2810 4917 fugam
2848 4857 3024 4910 actos,
3073 4848 3367 4902 confertim
3401 4847 3586 4904 Persae

2015 4939 2278 5004 insecuti,
2339 4939 2562 4995 ordines
2612 4955 2748 4995 suos
2771 4941 3080 4996 solvebant.
3107 4940 3245 4995 Tum
3281 4955 3413 4997 vero
3453 4955 3585 4997 con-

2011 5041 2290 5088 vertentes
2331 5049 2454 5088 sese
2481 5031 2733 5094 Romani.
2775 5035 2886 5090 duo
2913 5033 3206 5089 Persarum
3238 5021 3410 5089 millia
3436 5035 3585 5089 exci-

1595 5167 1830 5224 VARUE
1865 5169 2280 5226 LEC'I‘IONES.

412 5253 456 5324 ’ξ
483 5252 774 5324 Αὐγούστα
805 5253 903 5310 0x.
991 5255 1038 5287 '”
1065 5253 1340 5324 λαθραίων
1387 5255 1488 5310 Ox.

337 5323 579 5386 ιστάντες
613 5323 718 5376 Ox.

1573 5259 1614 5288 “
1661 5261 1818 5328 μετά.
1855 5263 1998 5314 κατὰ
2045 5261 2145 5317 Ox.
2179 5263 2242 5317 V.
2265 5261 2329 5316 ad
2358 5277 2410 5331 p.
2442 5261 2512 5316 68
2539 5261 2598 5317 Β.

2707 5267 2752 5298 ⁷³
2819 5267 3132 5339 Ὀσδροῖνήν
3173 5268 3274 5324 Ox.
3381 5271 3578 5328 "tivo-

1553 5439 1661 5496 ED.
1701 5442 2076 5502 CHILMEADI
2127 5447 2352 5506 NOTAE.

338 5599 354 5616 .
401 5532 512 5632 μβ)
560 5531 818 5603 ’Υφῆψαν
877 5531 945 5586 τά
1004 5531 1156 5598 ξύλα.
1227 5531 1348 5588 Scr.
1425 5533 1732 5605 ὐφήψαντο,
1788 5539 1903 5596 sive

331 5617 600 5670 υφηψατο.

393 5673 519 5744 (19)
555 5673 646 5726 Ἐν
672 5742 681 5744 Α
705 5671 786 5736 τῷ
818 5671 1190 5744 *ἐπισκοπείιμ
1224 5674 1636 5744 ίἘπισκοπεῖον
1691 5675 1900 5734 dictum

325 5741 412 5796 est
438 5742 686 5815 episcopi
744 5741 1051 5812 palatium;
1088 5741 1237 5814 quod
1274 5743 1328 5798 in
1378 5745 1623 5814 proxime
1661 5761 1898 5820 sequen-

647 5831 924 5896 PATBOL.
969 5833 1088 5896 Gtt.
1133 5833 1371 5899 XCVII.

2012 5543 2156 5626 tibus
2199 5547 2590 5629 πατριαρχεῖρν
2647 5547 2812 5629 etiam
2857 5557 3124 5629 vocatur;
3173 5551 3574 5629 scilicet_quia

2007 5617 2300 5737 episclopus
2331 5617 2707 5738 Artiochenus
2740 5619 2903 5674 etiam
2928 5619 3261 5678 Patriarchae
3291 5617 3575 5680 titulo'in-

2008 5699 2148 5756 srgm
2180 5700 2243 5740 us
2276 5699 2368 5740 era
2401 5724 2416 5738 .

3179 5854 3255 5918 ΞΕ
