3988 6136
391 305 493 365 E87

1788 298 2113 359 JOANNIS
2150 297 2475 357 MALAL/E

3558 282 3657 345 638

389 418 570 472 eicndi
604 434 617 469 :
653 415 758 470 hoc
794 415 886 469 ubi
926 412 1289 469 intelleﬁssel
1321 410 1619 466 Persarum
1655 425 1773 473 rex,
1808 409 1965 463 fratri

2103 409 2224 473 sia;
2248 409 2343 462 καὶ
2381 405 2607 475 ποιῆσαι
2642 401 2756 456 ἀντ’
2783 397 2946 453 αὐτοῦ
2977 397 3066 450 τὸν
3093 393 3320 461 ἀδελφὸν
3354 389 3545 444 αὐτοῦ’
3577 396 3669 445 καὶ

388 524 491 565 suo
511 516 677 579 caput
730 505 1074 577 amputavit;
1102 512 1156 559 et
1185 504 1358 574 magis
1393 503 1584 567 ctiam,
1619 503 1822 573 quique
1848 517 1971 557 sce-

391 602 520 656 lcris
557 598 770 653 conscii
826 596 1049 651 fuerunt
1099 595 1426 666 proceribus
1446 594 1569 648 neci
1607 592 1854 657 traditis,
1887 594 1974 647 in-

390 692 587 745 ducias
644 704 741 758 per
801 696 915 744 tres
981 703 1199 742 menses
1248 686 1567 755 imperatori
1594 686 1845 740 llomano
1879 699 1976 753 per

392 783 609 837 litteras
666 782 818 833 ultro
852 779 1154 835 concessit.
1207 779 1513 848 Imperator
1542 792 1675 832 vero
1708 778 1976 847 magistro

391 873 703 928 rescribeus
726 873 917 941 jussit,
951 871 1238 926 obsidibus
1264 870 1501 925 invicem
1531 868 1675 924 datis
1706 868 1979 938 acceptis-

390 980 516 1037 que,
554 964 721 1016 trium
786 961 1060 1017 mensium
1119 960 1375 1014 inducias
1427 957 1765 1027 acciperent.
1833 956 1978 1023 Quin

393 1055 600 1125 legatos
629 1068 876 1123 quoque,
932 1051 1269 1121 Strategium
1329 1058 1388 1104 et
1426 1048 1711 1113 Ruﬁnum,
1758 1046 1973 1119 Byzan-

391 1147 534 1202 tium
565 1145 870 1202 revocavit.

466 1329 670 1384 Iisdem
702 1328 1046 1398 temporibus
1075 1325 1256 1380 Hunni
1289 1325 1492 1389 Sabiri,
1532 1324 1710 1395 portis
1748 1323 1971 1394 Caspiis

2078 500 2242 566 γνοὺς
2289 497 2467 550 ταῦτα
2516 496 2544 549 6
2601 490 2856 563 βασιλεὺς
2902 486 3148 558 Περσῶν,
3174 485 3266 536 τὸν
3310 488 3409 552 μὲν
3443 480 3669 548 ἀδελφὺν

2078 587 2245 643 αιττοῦ
2295 586 2694 656 ἀπεκεφάλισε,
2747 578 3147 649 συγκλητικοὺς
3201 575 3259 627 δὲ
3310 573 3403 626 καὶ
3464 573 3669 643 μάγιυς,

2079 681 2348 750 φονεύσας
2389 680 2593 749 γράφει
2640 675 2719 745 τῷ
2768 672 2983 744 βασιλεῖ
3035 667 3327 738 Ῥωμαίων
3378 663 3670 733 επιστολὴν

2080 773 2445 843 περιέχουσαν
2476 767 2645 839 τριῶν
2683 764 2869 836 μηνῶν
2897 762 3105 816 ἔνδοσιν
3139 757 3402 827 πολέμου.
3424 754 3530 809 Kal
3554 755 3673 808 ἀντ-

2082 864 2323 936 έγραψεν
2345 861 2497 936 [215]
2520 863 2548 914 6
2574 857 2861 928 Ῥωμαίων
2891 852 3143 926 βασιλεὺς
3162 849 3242 920 τῷ
3266 848 3552 920 μαγίστρῳ
3571 846 3671 900 τοῦ

2080 956 2339 1023 δέξασθαι
2385 956 2485 1024 τὴν
2534 952 2644 1005 τῶν
2680 948 2849 1020 τριῶν
2886 946 3074 1018 μηνῶν
3125 942 3328 995 ἔνδοσιν
3362 942 3457 995 καὶ
3490 939 3672 993 δοῦναι

2080 1052 2325 1122 ὁμήρους
2364 1048 2460 1100 καὶ
2488 1044 2674 1099 λαϐεῖν
2705 1043 2814 1097 ἀπὸ
2844 1039 3101 1110 Περσῶν,
3136 1035 3403 1097 κελεύσας
3431 1034 3674 1104 Στρατη-

2083 1143 2187 1213 γίῳ
2222 1140 2317 1194 καὶ
2348 1135 2615 1208 Ῥουφίνῳ
2646 1136 2759 1199 τοῖς
2792 1131 3158 1203 πρεσόευταῖς
3196 1126 3442 1180 ἀνελθεῖν
3481 1129 3537 1176 ὲν
3572 1124 3677 1175 Βυ-

2086 1231 2310 1300 ζαντίῳ.

2156 1322 2262 1377 Kal
2291 1318 2441 1390 αὐτῷ
2469 1316 2548 1389 τῷ
2568 1316 2743 1388 χρόνῳ
2770 1305 2961 1368 Οὗννοι
2987 1309 3236 1380 Σάϐηρες
3260 1305 3372 1377 (‘25)
3398 1306 3677 1376 περάσαν-

396 1422 669 1490 trajectis,
694 1423 747 1474 in
774 1419 1013 1475 ditiones
1058 1416 1336 1474 Romanas
1360 1417 1703 1486 irruperunt,
1732 1393 1984 1484 regiones

2103 1430 2176 1475 τες
2227 1411 2317 1465 διὰ
2366 1409 2476 1463 τῶν
2517 1406 2783 1461 Κασπίων
2830 1402 3015 1457 πυλῶν
3069 1399 3418 1469 ἀνεφάνησαν
3460 1398 3516 1450 ὲν
3567 1393 3681 1455 τοῖς

396 1515 663 1583 undique,
685 1511 996 1566 Armeniam
1013 1510 1599 1581 usquedeprtndantes.
1621 1510 1765 1575 Quin
1785 1518 1840 1563 et
1863 1509 1985 1562 lon-

399 1623 466 1673 ge
492 1607 712 1672 lateque
744 1611 1125 1669 cxcnrrentes,
1164 1617 1263 1672 per
1292 1600 1710 1667 Euphratcsiam
1743 1615 1983 1669 quoque,

2101 1504 2432 1574 Ῥωμαϊκοῖς
2460 1499 2675 1570 μέρεσι,
2700 1494 3089 1568 πραιδεύοντες
3120 1490 3214 1544 ἐπὶ
3253 1489 3352 1559 τὴν
3374 1487 3685 1559 Ἀρμενίων

2090 1599 2307 1667 χώραν’
2356 1593 2452 1647 καὶ
2493 1589 2848 1649 ἀπλώσαντες
2874 1584 3103 1648 ἑαυτοὺς
3138 1580 3405 1650 κατέσχον
3446 1577 3553 1639 ἕως
3582 1576 3683 1643 τῆς

398 1697 644 1752 Ciliciam
663 1695 958 1750 secundam
980 1703 1032 1746 et
1054 1692 1419 1764 Cyrresticam
1437 1693 1670 1762 grassati
1698 1703 1848 1746 sunt.
1869 1692 1987 1756 Quo

2103 1685 2484 1758 Εὑφρατησίας
2534 1684 2631 1738 καὶ
2670 1681 2772 1750 τῆς
2816 1677 3080 1748 δευτέρας
3129 1672 3379 1734 Κιλικίας
3426 1670 3523 1723 καὶ¹
3574 1667 3685 1721 τῶν

400 1789 607 1847 audito.
651 1786 953 1854 imperator
1004 1750 1285 1838 Romanus
1333 1750 1589 1837 [latinum
1618 1750 1987 1853 patrieimiiin

2103 1750 2459 1850 Κυρηστικῶν
2482 1776 2529 1808 ⁸⁸
2585 1773 2718 1845 (26).
2770 1771 2880 1825 Kal
2928 1769 3091 1837 γνοὺς
3134 1762 3297 1818 τοῦτο
3344 1763 3373 1816 ό
3428 1759 3686 1830 βασιλεὺς

403 1881 678 1935 Orientem
699 1875 972 1945 expedivit
1025 1875 1367 1945 exploratum
1396 1888 1463 1927 an
1485 1890 1513 1927 a
1542 1873 1836 1929 Persarum
1867 1887 1991 1944 rege

404 1971 670 2025 adversus
738 1967 1017 2022 Romanos
1083 1966 1236 2021 missi
1275 1966 1510 2030 fuerant,
1574 1980 1766 2020 necne.
1802 1963 1992 2019 Profe-

405 2071 528 2117 clus
563 2063 749 2130 itaque
790 2058 1048 2122 Ruﬁnus,
1092 2072 1333 2127 cumque
1379 2057 1672 2112 Persarum
1726 2073 1851 2128 rege
1898 2072 1995 2124 per

409 2158 621 2209 litteras
651 2155 716 2207 de
750 2153 833 2207 his
862 2166 1066 2222 agens,
1098 2151 1326 2205 omnino
1385 2151 1548 2217 hujus
1595 2160 1798 2218 praeter
1828 2148 1992 2221 473

402 2247 697 2301 consilium
734 2243 1021 2298 advenisse
1078 2240 1325 2307 llunnos,
1375 2249 1717 2311 compertmn
1778 2241 1992 2295 habuit.

407 2340 669 2407 Protinus
734 2337 901 2407 igitur
977 2334 1277 2397 Durotlteo,
1348 2334 1582 2387 militqu
1620 2333 1674 2386 in
1734 2333 1994 2387 Armenia

410 2429 697 2497 magistro,
728 2442 822 2496 per
844 2427 1059 2480 litteras
1080 2425 1280 2487 innuit,
1309 2425 1541 2478 llunnos
1560 2425 1992 2492 aggrederetur:

406 2519 554 2588 quod
612 2516 795 2571 Hunni
860 2516 952 2570 ubi
1022 2515 1466 2577 intellexissent,
1518 2513 1756 2566 abducta
1805 2528 1994 2569 secum

412 2611 595 2680 praeda
656 2607 832 2673 omni,
875 2622 973 2674 per
1006 2621 1170 2675 quam
1223 2606 1460 2676 ingressi
1495 2612 1649 2666 sunt,
1675 2604 1867 2658 eadem
1911 2604 1995 2657 via

415 2709 793 2756 revertuntur.
855 2698 1126 2752 Caeterum
1179 2698 1467 2752 insecutus
1543 2711 1639 2751 eos
1690 2695 1998 2750 Dorothcus

417 2794 685 2864 magister
719 2792 978 2857 militum,
1021 2790 1337 2845 detractum
1384 2789 1495 2846 illis
1529 2787 1727 2859 praedae
1756 2804 1865 2842 non
1898 2789 1999 2842 mi-

419 2887 630 2942 nimum
671 2884 1001 2955 reportavit.

487 2978 727 3048 Contigit
757 2985 941 3032 autem
967 2991 1063 3046 per
1087 2974 1142 3029 id
1176 2983 1415 3044 tempus,
1456 2974 1653 3029 indict.
1694 2989 1749 3038 ι,
1792 2974 2000 3027 tumul-

418 3082 534 3127 tum
581 3069 1068 3138 Constantinopoli
1127 3067 1492 3138 (perniciosis
1542 3067 1730 3123 nescio
1797 3067 2002 3136 quibus

416 3162 710 3219 dannoniis
744 3176 873 3216 eum
906 3159 1367 3230 promoventibus
1390 3159 1433 3229 ),
1466 3140 1754 3213 concitari.
1801 3158 2002 3212 Eudaz-

418 3269 551 3311 mon
590 3254 764 3315 enim,
820 3251 977 3306 urbis
1040 3249 1353 3322 prafectus,
1408 3249 1671 3304 factionis
1716 3250 2006 3318 utriusque

421 3348 717 3404 seditiosos
775 3344 1046 3416 quosdam
1105 3345 1484 3399 incarceratos
1533 3341 1756 3408 habuit;
1789 3342 2006 3396 multis-

422 3454 531 3509 que
583 3438 823 3493 examini
878 3435 1172 3503 subjectis,
1227 3441 1430 3503 septem
1483 3432 1759 3503 praecipue
1810 3446 2003 3486 eorum

423 3531 655 3585 caedium
717 3536 1057 3599 patratarum
1128 3529 1207 3581 rei
1252 3524 1509 3594 deprensi
1544 3534 1696 3581 sunt.
1726 3523 1770 3577 E
1801 3524 2006 3593 quibus

424 3628 666 3691 quatuor
718 3619 898 3689 capite
960 3618 1147 3687 plecti,
1210 3626 1324 3672 tres
1377 3631 1509 3671 vero
1569 3615 1820 3686 patibulo
1865 3613 2007 3684 θαίςί

425 3714 694 3769 decrevit.
734 3712 835 3766 Per
867 3711 1058 3764 urbem
1088 3709 1275 3779 itaque
1304 3722 1527 3763 omnem
1561 3707 1652 3762 ubi
1687 3706 1741 3761 in
1805 3720 2003 3776 pompa

423 3801 792 3857 circumducti
854 3801 1111 3866 fuissent,
1141 3799 1267 3854 sinu
1324 3798 1667 3868 trajecto,in
1733 3799 2006 3853 ulteriore

432 3897 547 3966 ripa
608 3895 771 3950 morti
800 3894 1116 3948 traduntur.
1161 3891 1408 3958 Quorum
1439 3894 1536 3961 qui
1568 3891 1870 3961 suspendio
1905 3888 2004 3945 ad-

424 3988 655 4058 judieati
719 3996 849 4041 sunt
901 3988 1036 4053 duo,
1080 3983 1325 4041 eﬂ‘ractis
1379 3984 1666 4053 patibulis,
1701 3983 1755 4037 in
1805 3992 2007 4038 terratn

428 4079 638 4149 delapsi
674 4086 833 4146 sunt;
866 4092 933 4133 ex
962 4079 1168 4145 quibus
1227 4090 1369 4130 unus
1426 4072 1668 4139 Venetae,
1706 4074 1845 4128 alter
1876 4071 2013 4125 Pra-

431 4176 568 4231 sinze
621 4175 801 4230 fuerat
867 4170 1145 4229 factionis.
1177 4168 1300 4236 Quo
1352 4168 1495 4233 viso,
1538 4166 1873 4223 circumfusa
1906 4175 2015 4221 tur-

433 4268 499 4320 ha
558 4262 878 4332 imperatori
929 4260 1186 4331 protinus
1253 4256 1444 4312 omnia
1521 4255 1703 4309 fausta
1772 4253 2012 4323 precari.

2107 1870 2414 1942 Ῥωμαίων,
2445 1864 2937 1940 μεταστειλάμενος
2960 1861 3054 1913 τὸν
3081 1856 3371 1929 πατρίκιον
3402 1854 3689 1922 Ῥουφῖνον

2094 1965 2381 2019 ἐκέλευσεν
2408 1961 2559 2031 αὐτῷ
2582 1958 2820 2025 ἐξελθεῖν
2849 1955 2943 2009 ἐπὶ
2963 1953 3033 2008 τὰ
3054 1948 3380 2005 Ἀνατολικά
3408 1944 3555 2016 μέρη
3580 1945 3683 1995 καὶ

2099 2057 2295 2128 μαθεῖν
2350 2057 2398 2108 εἰ
2450 2052 2559 2107 ἀπὸ
2603 2050 2696 2104 τοῦ
2756 2046 3022 2118 βασιλέως
3064 2040 3293 2113 Περσῶν
3338 2034 3504 2109 ἦλθον
3547 2031 3693 2128 κατά

2105 2124 2418 2217 Ῥωμαίων.
2468 2143 2582 2198 Kal
2627 2137 2860 2204 ἐξελθὼν
2891 2136 3173 2204 Ῥουφῖνος
3211 2130 3304 2185 καὶ
3335 2128 3583 2201 μηνύσας
3616 2124 3693 2196 τῷ

2098 2239 2312 2311 βασιλεῖ
2339 2235 2587 2308 Περσῶν,
2625 2226 2785 2304 εὗρεν
2815 2230 2898 2283 ὅτι
2929 2228 2991 2281 οὐ
3026 2224 3172 2281 κατά
3203 2222 3431 2292 γνώμην
3457 2217 3556 2311 τοῦ
3594 2218 3694 2311 βα-

2100 2306 2292 2393 σιλέως
2321 2306 2550 2399 Περσῶν
2580 2327 2628 2378 οἱ
2661 2322 2822 2378 αὐτοὶ
2849 2312 3042 2374 Οὖννοι
3073 2312 3385 2389 παρῆλθον·
3416 2310 3513 2364 καὶ
3552 2306 3696 2378 γρά-

2096 2425 2205 2494 ψας
2239 2419 2501 2492 Δωροθέῳ
2532 2416 2609 2486 τῷ
2643 2410 2996 2485 στρατηλάτῃ
3032 2404 3329 2481 Ἀρμενίας
3356 2399 3697 2494 ὁπλίσασθαι

2099 2514 2243 2570 κατὰ
2271 2513 2380 2566 τῶν
2416 2509 2599 2564 αὐτῶν
2632 2505 2873 2566 Οὖννων,
2904 2503 3002 2557 καὶ⁵
3030 2499 3370 2560 ἀκούσαντες
3395 2496 3445 2548 οἱ
3475 2486 3692 2555 Οὗννοι,

2099 2607 2355 2668 λαϐόντες
2390 2602 2490 2673 τὴν
2527 2599 2765 2671 πραῖδαν
2797 2598 2980 2650 πᾶσαν
3012 2588 3364 2662 ὑπέστρεψαν
3391 2585 3459 2639 δι’
3481 2578 3558 2638 ὧν
3597 2586 3697 2636 ὲπο

2102 2696 2336 2769 ανῆλθον
2360 2698 2561 2747 τόπων.
2598 2691 2707 2744 Kal
2736 2685 3081 2750 καταδιώξας
3112 2680 3314 2744 αὐτοὺς
3332 2681 3362 2733 6
3385 2674 3701 2748 στρατηλάο

2100 2767 2203 2863 της
2234 2786 2507 2859 Δωρόθεος
2542 2781 2806 2853 ἀφείλατο
2828 2777 2960 2849 παρ’
2984 2773 3167 2830 αὐτῶν
3186 2772 3289 2827 οὐκ
3315 2769 3508 2838 ὀλίγην
3531 2767 3699 2839 πρατ-

2103 2885 2221 2939 δαν.

2174 2975 2267 3028 Ἐν
2317 2969 2467 3041 αὐτῷ
2511 2969 2569 3022 δὲ
2609 2965 2690 3036 τῷ
2719 2963 2899 3036 χρόνῳ
2943 2960 3044 3031 τῆς
3085 2955 3321 3027 δεκάτης
3364 2951 3705 3012 ἱνδικτιῶνος

2108 3065 2312 3134 συνέϐη
2362 3061 2469 3116 ὑπό
2516 3075 2681 3113 τινων
2731 3052 3054 3123 ἀλαστόρων
3099 3048 3373 3119 δαιμόνων
3424 3044 3705 3116 πρόφασιν

2108 3140 2365 3226 γενέσθαι
2406 3151 2653 3223 ταραχῆς
2700 3151 2757 3203 ἐν
2808 3144 3125 3212 Βυζαντίῳ,
3160 3136 3312 3212 [εει]
3363 3136 3705 3207 Εὐδαίμονος

2109 3250 2354 3320 ἐπάρχου
2378 3245 2586 3305 πόλεως
2611 3242 2767 3302 ὄντος
2790 3238 2883 3292 καὶ
2910 3236 3132 3306 ἔχοντος
3157 3230 3431 3292 ἀτάκτους
3452 3230 3514 3281 ἐν
3546 3244 3705 3299 φρου-

2114 3343 2184 3413 Ρᾷ
2336 3336 2668 3408 ἀμφοτέρων
2714 3330 2824 3385 τῶν
2876 3324 3083 3399 μερῶν,
3137 3324 3233 3377 καὶ
3277 3318 3640 3388 ἐξετάσαντας
3663 3316 3706 3348 ⁸³

2111 3410 2347 3505 διάφορα
2377 3429 2650 3501 πρόσωπα
2676 3418 2837 3495 εὗρεν
2865 3419 2925 3485 ἐξ
2954 3417 3136 3474 αὐτῶν
3168 3414 3411 3485 ὀνόματα
3446 3410 3598 3464 ἑπτὰ
3627 3410 3706 3463 ai-

2111 3527 2262 3589 τίους
2291 3523 2509 3592 φόνων·
2546 3518 2641 3571 καὶ
2682 3512 3072 3585 ψηφισάμενος
3118 3506 3228 3561 τῶν
3273 3505 3374 3576 μὲν
3420 3504 3708 3592 τεσσάρων

2114 3589 2520 3685 καρατόμησιν,
2570 3603 2785 3659 τῶν-δὲ
2828 3598 2999 3671 τριῶν
3045 3592 3550 3664 ἀνασκολοπισμόν.
3605 3589 3709 3644 Kal

2115 3682 2643 3772 περιὸωμισθέντων
2661 3690 2709 3724 ⁸⁸
2740 3689 2924 3745 αὐτῶν
2944 3687 3055 3760 (‘27)
3078 3685 3185 3741 άνά
3211 3686 3396 3738 πᾶσαν
3422 3684 3527 3752 τὴν
3560 3682 3709 3735 πόλιν

2115 3793 2210 3848 καὶ
2235 3789 2588 3862 περασάντων
2621 3782 2821 3846 αὐτῶν,
2856 3780 2951 3835 καὶ
2978 3779 3088 3833 τῶν
3120 3777 3223 3849 μὲν
3254 3773 3707 3848 κρεμασθέντων,

2115 3848 2385 3953 ἐξέπεσαν
2411 3880 2507 3935 δύο
2527 3879 2636 3931 τῶν
2664 3876 2834 3941 ξύλων
2859 3872 3161 3946 ῥαγέντων,
3185 3868 3303 3933 ένδς
3334 3869 3433 3939 μὲν
3454 3867 3707 3925 Βενέτου,
3762 3848 3771 3895 ⁸

2118 3979 2215 4034 καὶ
2253 3976 2445 4047 ἑτέρου
2501 3970 2796 4043 Πρασίνου.
2841 3967 2952 4021 Kal
3002 3961 3270 4035 ἑωρακὼς
3320 3963 3349 4015 6
3402 3957 3710 4030 περιεστὼς

2116 4069 2247 4133 λαὸς
2273 4069 2334 4121 τὸ
2362 4064 2575 4137 συμϐὰν
2609 4063 2937 4133 εὐφήμησαν
2960 4060 3005 4090 ⁸⁵
3044 4052 3136 4111 τὸν
3173 4054 3424 4127 βασιλέα.
3444 4051 3710 4122 Ἀκηκοό-

2117 4178 2211 4224 τες
2252 4158 2312 4214 δὲ
2359 4158 2411 4212 οἱ
2454 4154 2682 4224 πλησίον
2714 4150 2810 4206 τοῦ
2842 4149 3003 4218 ἁγίου
3049 4149 3302 4210 Κόνωνος
3347 4148 3581 4217 μοναχοὶ
3620 4142 3711 4196 καὶ
3746 4180 3757 4249 1

2120 4250 2463 4312 ἐπελθόντες,
2486 4242 2644 4318 εὖρον
2677 4246 2744 4298 ὲκ
2775 4243 2885 4297 τῶν
2913 4239 3345 4312 κρεμασθέντων
3376 4236 3472 4303 δύο
3503 4237 3712 4302 ζῶντας
3748 4236 3755 4303 ζ

432 4327 712 4412 Excuntes
761 4327 968 4414 autem,
1020 4351 1118 4421 qui
1178 4348 1249 4403 de
1301 4348 1389 4403 his
1439 4353 1792 4415 acceperant,
1847 4360 1994 4417 propt

2123 4344 2414 4414 κειμένους
2459 4341 2542 4404 εἰς
2587 4337 2650 4392 τὸ
2686 4336 2905 4404 ἔδαφος.
2932 4332 3038 4387 Καὶ
3067 4330 3482 4400 καταγαγόντες
3517 4327 3714 4387 αὐτοὺς

430 4455 692 4504 sanctum
747 4445 1033 4499 Cononem
1082 4439 1343 4507 degentes
1376 4437 1657 4501 monachi,
1686 4450 1885 4491 eorum
1921 4452 1991 4503 qu

2126 4436 2355 4510 πλησίον
2383 4433 2684 4502 θαλάσσης,
2722 4430 2816 4482 καὶ
2848 4425 3185 4497 ἐμϐαλόντες
3216 4425 3276 4478 ὲν
3309 4422 3483 4491 πλοίῳ
3504 4460 3520 4484 ,
3545 4420 3715 4487 έπεμ-

436 4538 684 4609 patibulo
746 4532 1010 4589 destinati
1072 4537 1205 4587 sunt
1232 4527 1376 4583 duos
1437 4527 1591 4582 vivos
1635 4527 1994 4589 adhuc,hum

2121 4530 2230 4601 ψαν
2269 4525 2468 4588 αὐτοὺς
2494 4524 2555 4576 ἐν
2581 4520 2662 4592 τῷ
2699 4519 2843 4590 ἁγίῳ
2873 4516 3197 4588 Λαυρεντίῳ
3222 4516 3282 4568 ὲν
3311 4512 3542 4577 ἀσύλοις
3559 4513 3604 4543 ⁸⁸
3631 4516 3717 4562 τόο

430 4632 680 4699 jacentes
724 4627 1078 4680 invenerunt.
1130 4619 1240 4676 Hos
1271 4619 1552 4679 monachi,
1608 4615 1677 4670 ad
1711 4632 1863 4672 mare
1894 4616 1994 4671 indt

2124 4640 2272 4685 ποις.
2297 4618 2408 4674 Kal
2434 4616 2597 4685 γνοὺς
2626 4613 2799 4668 ταῦτα
2839 4612 2870 4665 ό
2910 4613 3015 4681 τῆς
3046 4609 3257 4671 πόλεως
3281 4605 3547 4678 ἔπαρχος,
3575 4604 3717 4672 πέμ-

435 4697 729 4782 deductos,
790 4715 1123 4787 navigioque
1163 4714 1455 4784 impositos
1511 4710 1702 4765 Sancti
1735 4707 1994 4765 Laurenti

2123 4716 2232 4785 ψας
2259 4705 2662 4782 στρατιωτικὴν
2695 4703 2953 4775 βοήθειαν
2983 4699 3286 4770 ἐφύλαττεν
3310 4697 3510 4759 αὐτοὺς
3540 4697 3716 4749 ὲκειστ

440 4811 507 4865 ad
557 4809 769 4881 asylum
787 4807 1166 4878 deportarunt.
1197 4802 1415 4859 Certior
1437 4812 1618 4857 autem
1637 4801 1703 4855 de
1729 4800 1815 4857 his
1846 4799 1991 4857 factu

2128 4809 2311 4869 livta;.
2348 4801 2461 4858 Kal
2495 4799 2638 4870 μετά
2663 4798 2814 4868 τρεῖς
2846 4794 3060 4866 ἡμέρας
3097 4792 3241 4863 ἢχθη
3267 4790 3329 4844 τὸ
3360 4788 3718 4881 ἱπποδρόμιον

442 4878 757 4973 praefectus,
817 4906 1089 4955 armatam
1164 4911 1234 4954 eo
1286 4910 1510 4950 manum
1556 4892 1840 4963 expedivit
1902 4908 1994 4963 qu:

2131 4898 2192 4952 τὸ
2218 4892 2630 4966 ὀνομαζόμενον
2676 4887 2788 4944 τῶν
2833 4884 3022 4940 εἰδῶνο
3065 4883 3199 4939 εἰδοὶ
3243 4882 3301 4936 δὲ
3333 4878 3716 4952 ὀνομάζονται,

443 5002 630 5054 sontes
660 4996 735 5053 ibi
775 5001 928 5051 arcte
964 4988 1313 5049 custodiret.
1351 4986 1542 5042 Tertio
1573 4992 1757 5039 autem
1790 4991 1917 5053 post
1937 4984 1990 5039 di

2132 4989 2267 5044 διότι
2301 4984 2414 5058 (28)
2447 4983 2657 5047 πάντας
2684 4981 2813 5044 τοὺς
2845 4978 3263 5052 προκόπτοντας
3306 4978 3365 5031 ὲν
3402 4978 3525 5038 ταῖς
3562 4985 3717 5042 στρα·

1636 5120 1659 5133 κ
1756 5092 1988 5149 νΛΒΙίΕ
2030 5094 2435 5155 LEC'I‘IONES.

512 5201 560 5233 "
585 5195 954 5270 Κηρυστικῶν
981 5192 1085 5270 0}:
1115 5265 1127 5270 _
1160 5188 1624 5270 'f_é€atr§cavysi
1646 5184 1794 5270 Ox.“
1826 5186 1873 5217 *τ’
1903 5192 2442 5264 περιὸωμισθέντων.
2493 5185 2560 5243 ν.
2597 5185 2698 5241 Ch.
2752 5185 2943 5240 adnot.
2977 5183 3043 5238 ad
3084 5199 3139 5254 p.
3165 5183 3256 5239 ed.
3291 5182 3467 5239 Bona.
3500 5176 3603 5234 456
3635 5171 3721 5230 ﬂ.

440 5273 487 5307 ⁸⁸
515 5255 812 5343 ὲφηρῖἧσαν
850 5266 954 5322 Ox.
1029 5265 1077 5296 ⁸⁸
1105 5261 1327 5325 ἀσύλοις
1356 5260 1482 5322 CIL,
1506 5258 1723 5320 άεύλοις
1753 5255 1857 5310 0x.

1712 5347 1816 5401 EI).
1840 5343 2139 5400 CIIIIMEA
2153 5344 2210 5398 ΠΙ
2242 5339 2475 5397 NOTAE.

512 5455 628 5539 (25)
660 5456 857 5539 Quwm.
905 5450 1170 5519 Σάὅηρες.
1234 5444 1489 5514 Σάϐειροι
1543 5444 1844 5512 Procopio,
1890 5440 2037 5509 Aga-
2148 5437 2498 5503 πευθέντων,
2555 5434 2633 5488 uti
2689 5431 2756 5487 dc
2812 5431 2919 5487 hoc
2977 5432 3251 5488 vocabulo
3291 5447 3460 5503 supra
3512 5445 3729 5485 momn-

447 5525 750 5585 tltiaa,aliis
780 5533 1070 5577 vocantur.
2148 5525 2290 5562 mus.

515 5595 632 5665 (ἐξῆ)
673 5592 934 5665 Καῖ-τῶν
965 5585 1355 5665 Κυρηστ-ικῶν.
1404 5582 1767 5665 Seribcnduut
1813 5583 2032 5651 Κυρῤε-
2179 5568 3382 5665 ..(28ξλῐεξίδολ

451 5640 1335 5729 "liministipa—niiomums
1364 5655 1429 5729 ad
1468 5654 1560 5729 l_ih.
1595 5669 1713 5729 x_ut.
1904 5640 1915 5651 ’
1944 5640 1954 5651 ’
2138 5640 2282 5729 νίιρι·
2316 5648 2408 5729 Ιιῖο
2449 5646 2648 5729 ineptit
2680 5640 2894 5728 auctor.
2927 5642 3072 5729 Quin
3106 5653 3165 5729 et
3202 5646 3384 5697 socios
3416 5643 3514 5723 hac
3560 5640 3616 5721 in
3670 5654 3728 5690 re

816 5709 1330 5798 ἕέέὲὶέαὶαἱαδέντωε)
1363 5723 1566 5779 αὐτῶν.
1597 5723 1719 5777 Scr.
1748 5738 2027 5792 περιπομ-
2138 5720 2302 5775 habet
2327 5716 2415 5771 Jo.
2453 5709 2732 5781 Taetzem,
2758 5712 3075 5769 Graeculum
3106 5713 3260 5768 illum
3294 5709 3727 5784 nugacissimum
