3988 6136
389 314 485 382 891

1682 326 2012 399 JOANNIS
2068 326 2394 389 MALAL/E

3573 327 3670 399 (392

394 439 452 488 ct
478 427 583 486 fide
614 443 714 486 sua
742 429 1090 504 interpos'ta,
1119 433 1439 491 demulcere
1472 435 1752 492 studebat.
1781 438 1982 508 Magna

2110 440 2203 503 ζον,
2236 434 2533 515 κράζοντες
2565 434 2852 491 ’Υπάτιον.
2885 435 2990 493 Kal.
3017 434 3275 502 λαϐόντες
3299 436 3351 491 οἱ
3378 436 3543 509 δῆμοι
3586 439 3676 496 τὸν

387 522 581 593 itaque
638 524 813 579 turbae
852 541 979 596 pars
1007 527 1187 597 ipsum
1230 527 1491 584 dicebant
1517 529 1909 602 imperatorem
1955 546 1969 584 :

388 613 797 668 tumultuantes
867 624 1049 669 autem
1109 616 1205 670 alii
1253 615 1551 689 Hypatium
1628 620 1972 690 poscebant:

389 717 556 772 quem
623 702 788 756 etiam
833 712 1138 772 arreptum,
1178 704 1233 759 in
1268 706 1620 763 Constantini
1663 708 1845 763 lorum
1875 707 1975 763 de—

389 791 700 855 duxerunt;
755 791 1107 863 sublimeque
1157 795 1211 849 in
1244 797 1509 866 gradibus
1541 798 1809 863 locatum,
1841 797 1980 852 insi-

391 883 593 954 gnibus
646 880 1040 952 imperatoriis,
1070 903 1135 951 ex
1165 888 1370 958 palatio
1417 889 1641 953 ablatis,
1674 897 1981 957 torqueque

392 990 563 1029 aureo
623 976 805 1047 ipsum
847 986 1142 1032 ornarunt.
1207 979 1312 1039 Sed
1339 981 1529 1043 etiam,
1584 988 1783 1036 ornatu
1814 980 1981 1034 indu-

399 1075 516 1120 tum
585 1067 969 1138 imperatorio,
1050 1086 1214 1140 quem
1273 1089 1339 1127 ex
1383 1073 1589 1144 palatio
1645 1082 1983 1129 maturantes

391 1169 843 1229 exportaverant,
892 1162 945 1214 in
986 1162 1196 1218 circum
1246 1163 1617 1232 deduxerunt,
1679 1164 1808 1218 sede
1851 1179 1975 1219 eum

397 1251 745 1327 imperatoria
776 1254 1128 1309 collocaturi.
1167 1255 1434 1328 Hypatius
1471 1258 1656 1327 itaque
1689 1256 1781 1327 qui
1804 1270 1986 1311 reces-

400 1347 542 1403 sisse
570 1347 955 1417 imperatorem
982 1350 1270 1413 rcscierat,
1297 1350 1497 1405 throno
1519 1352 1640 1420 ejus
1688 1358 1984 1421 occupato,

401 1437 696 1508 imperium
727 1439 957 1497 ﬁdenter
979 1444 1242 1513 suscepit.

469 1528 637 1619 476
666 1533 942 1589 Caeterum
990 1532 1264 1600 Mundus,
1317 1534 1738 1591 Constantiolus
1786 1542 1840 1590 et
1886 1533 1988 1589 Be-

398 1620 627 1681 lisarius
651 1664 666 1689 ,
700 1627 904 1694 quique
932 1642 1225 1696 procerum
1266 1627 1357 1681 alii
1394 1641 1518 1681 cum
1576 1634 1787 1681 armata
1821 1642 1989 1682 manu

401 1708 457 1769 in
500 1715 789 1785 procinctu
842 1717 1105 1783 stabant,
1140 1719 1281 1772 clam
1314 1719 1522 1772 circum
1578 1718 1813 1787 ingressi
1842 1759 1856 1781 ,
1901 1734 1989 1772 se-

2074 529 2238 583 αὐτὺν
2283 529 2547 582 Ὕπάτιον
2597 528 2891 598 ἀπήγαγον
2940 528 3105 583 αὑτὸν
3154 531 3214 583 ἐν
3263 526 3341 599 τῷ
3395 528 3679 602 λεγομένῳ

2083 620 2241 693 φόρῳ
2275 619 2725 675 Κωνσταντίνου’
2760 621 2855 674 καὶ
2881 621 3203 692 ,στήσαντες
3230 621 3398 676 αὐτὸν
3446 623 3504 676 ἐν
3555 621 3675 693 ὕψει

2078 715 2159 778 εἰς
2202 713 2330 777 τοὺς
2377 712 2621 784 βαθμοὺς
2651 712 2746 766 καὶ
2784 713 3149 784 ἀφειλάμενοι
3185 714 3250 766 ἐκ
3281 711 3379 766 τοῦ
3413 713 3674 772 παλατίου

2082 806 2240 874 σίγνα
2275 806 2369 859 καὶ
2404 804 2695 877 μανιάκιον
2743 804 3005 875 χρυσοῦν,
3037 804 3377 875 περιέθηκαν
3424 805 3574 874 αὺτῷ
3621 808 3676 860 ἐν

2079 900 2146 969 τῇ
2180 898 2419 968 κεφαλῇ.
2455 897 2561 952 Kal.
2590 896 2853 959 λαϐόντες
2884 895 3045 951 αὐτὸν
3075 896 3367 966 ἀπήγαγον
3399 897 3458 949 ἐν
3488 895 3566 967 τῷ
3598 897 3680 951 ίπ·

2082 988 2251 1060 πικῷ,
2299 988 2617 1060 βουλόμενοι
2666 987 2944 1055 άναγάγαι
2991 986 3264 1049 αὑτδννέν
3311 986 3390 1057 τῷ
3420 987 3678 1060 βασιλικῷ

2082 1079 2693 1152 καθίσματι,Ἐσπευδε
2739 1079 2849 1150 γὰρ
2893 1078 2956 1130 τὸ
2991 1077 3198 1148 πλῆθος
3232 1077 3496 1149 φορεσίαν
3528 1077 3678 1149 βασις

2083 1172 2243 1243 λικὴν
2276 1172 2508 1225 ἐκὸἁλαι
2538 1170 2688 1242 αὐτῷ
2719 1172 2784 1224 ἐκ
2816 1168 2911 1222 τοῦ
2948 1168 3247 1223 παλατίου*
3273 1164 3343 1239 ἦν
3365 1169 3476 1239 γὰρ
3498 1167 3686 1237 μαθὼν

2084 1263 2114 1316 ὁ
2144 1262 2406 1327 ’Υπάτιος
2439 1263 2522 1317 ὅτι
2551 1264 2579 1315 ὁ
2607 1261 2862 1332 βασιλεὺς
2892 1257 3212 1330 ἀνεχώρησε
3232 1276 3246 1290 '
3275 1258 3372 1313 καὶ
3396 1258 3689 1314 καθεσθεὶς

2088 1355 2147 1408 ἐν
2172 1354 2251 1424 τῷ
2279 1355 2583 1426 καθισματι
2625 1354 2768 1425 μετὰ
2800 1352 3039 1424 θράσους
3068 1353 3377 1426 ἐτυράννει.

2162 1535 2525 1593 Ἀνελθόντων
2556 1535 2614 1589 δέ
2638 1534 2727 1588 διὰ
2754 1533 2851 1588 τοῦ
2883 1533 3231 1604 καθίσματος
3259 1531 3486 1586 ὄπισθεν
3516 1530 3681 1585 Madv-

2091 1630 2183 1684 δου
2235 1629 2333 1683 καὶ
2380 1628 2824 1683 Κωνσταντιόλου
2875 1629 2971 1681 καὶ
3016 1625 3337 1695 Βελισαρίου
3389 1625 3485 1679 καὶ
3512 1624 3691 1678 ἄλλων

2097 1721 2483 1793 συγκλητικῶν
2517 1723 2611 1774 καὶ
2646 1718 2903 1791 βοηθείας
2931 1718 3158 1776 ἐνόπλου
3178 1759 3194 1785 ,
3225 1716 3504 1789 λαθραίως
3541 1717 3684 1782 ἐξελυ

404 1805 492 1861 dis
534 1806 910 1878 imperatoriae
950 1824 980 1865 a
1031 1817 1187 1881 parte
1240 1811 1551 1881 posteriore
1599 1811 1986 1883 delituerant:

2110 1789 2201 1870 ltbv
2220 1789 2446 1886 Ναρσὴς
2471 1789 2925 1883 κουϐικουλάριος
2946 1810 3043 1864 καὶ
3077 1808 3385 1880 σπαθὰριος
3414 1805 3695 1877 ὑπέκλεψέ

404 1913 532 1951 cum
586 1900 807 1954 interim
864 1900 1065 1956 Narscs
1117 1902 1496 1957 cubicularius
1544 1912 1598 1957 ct
1647 1902 1986 1972 spatharius,

408 1988 629 2057 Venetae
673 1991 932 2049 factionis
989 1995 1283 2049 nonnullos
1334 1994 1692 2066 imperatoris
1722 1995 1773 2047 in
1806 2003 1990 2063 partes

405 2084 765 2157 pecuniarum
822 2088 1135 2143 interventu
1195 2088 1553 2158 perduxerat.
1587 2086 1849 2140 Nonnulli
1888 2087 1992 2140 ita-

405 2193 515 2246 que
551 2179 943 2235 seditiosorum
991 2181 1391 2244 exclamantes,
1445 2178 1823 2235 Justinianum
1871 2179 1990 2233 urbi

404 2258 563 2333 reddi
632 2272 1016 2342 imperatorem
1095 2274 1486 2345 dcposcebant.
1569 2272 1751 2328 Divisa
1805 2272 1993 2339 itaque

402 2362 565 2433 turba
616 2378 675 2420 se
729 2365 959 2421 invicem
996 2365 1314 2435 impctebat.
1367 2364 1599 2419 Militum
1642 2378 1773 2418 vero
1814 2363 1993 2433 magi-

405 2457 505 2510 stri
539 2472 663 2511 cunt
700 2459 954 2513 satellitio
1004 2459 1227 2514 interim
1278 2474 1382 2514 suo
1413 2464 1630 2511 armato
1663 2457 1873 2509 circum
1910 2455 1994 2508 in—

406 2556 642 2619 trantes,
677 2550 744 2615 ad
801 2561 1100 2619 utrumque
1126 2550 1250 2620 ejus
1297 2550 1613 2618 ingressum
1653 2546 1868 2600 turbam
1901 2560 1996 2598 cx-

409 2640 664 2709 scindere
691 2650 1003 2709 creperum,
1061 2641 1163 2696 bos
1212 2641 1438 2711 gladiis,
1479 2639 1605 2694 illos
1640 2637 1869 2707 spiculis
1898 2651 1994 2704 pe-

409 2738 611 2799 tentes.
645 2731 945 2786 Belisartus
978 2741 1154 2787 autem
1182 2732 1326 2785 clam
1364 2745 1651 2800 egressus,
1678 2727 1994 2800 Hypatium,

409 2821 850 2891 Pompeiumque
894 2823 1200 2893 prehensos
1259 2822 1328 2876 ad
1382 2822 1767 2891 imperatorem
1824 2817 1999 2873 Justi-

412 2914 637 2983 nianum
707 2914 1004 2985 perduxit:
1078 2913 1164 2970 cui
1228 2914 1294 2967 ad
1379 2911 1545 2982 pedes
1623 2911 1998 2982 procidentcs,

413 3005 657 3075 factique
718 3007 1134 3062 excusationem
1223 3004 1650 3075 aggredientes:
1712 3002 1998 3066 Tandem,

415 3084 709 3167 inquiunt,
746 3099 1006 3167 domine,
1041 3097 1261 3168 imperii
1311 3097 1395 3151 tui
1444 3097 1674 3159 hostes,
1709 3109 1810 3149 nec
1848 3094 2002 3147 nullo

417 3191 554 3245 adeo
583 3191 775 3245 labere
804 3192 859 3247 in
897 3192 1174 3246 theatrum
1226 3189 1536 3259 coegimus.
1575 3187 1790 3254 Quibus
1835 3187 2004 3256 impe-

420 3295 616 3341 rator:
679 3286 823 3341 Bcnc
877 3285 1127 3350 fecistis.
1188 3285 1411 3356 inquit;
1470 3282 1566 3339 sed
1616 3283 1661 3337 si
1717 3297 1811 3336 eos
1840 3279 2005 3334 dictis

419 3379 624 3433 vestris
676 3379 963 3434 audientes
1013 3378 1289 3445 habuistis
1317 3418 1332 3441 ,
1381 3390 1556 3448 quare
1592 3390 1699 3429 non
1737 3374 1839 3428 hoc
1869 3372 2005 3427 feci-
2038 3365 2044 3371 ’

422 3473 525 3526 stis
560 3475 711 3541 prius
751 3486 915 3540 quam
956 3472 1085 3527 urbs
1139 3478 1250 3523 tota
1303 3467 1539 3525 ﬂammis
1590 3462 2009 3520 absumeretur?

425 3559 569 3614 Tum
605 3577 735 3615 vero
785 3561 1088 3632 spatbarii,
1130 3560 1468 3630 imperatore
1512 3557 1775 3627 jnhcnte,
1828 3554 2010 3626 Hypa-

427 3652 560 3706 tium
620 3658 675 3705 ct
723 3651 1043 3725 Pompeium
1104 3650 1157 3704 in
1218 3661 1499 3702 carcerem
1557 3644 1868 3715 cogebant:
1914 3640 2012 3697 ubi

425 3740 692 3811 postridie
742 3740 1014 3796 interfecti
1061 3745 1227 3802 sunt,
1274 3736 1662 3806 cadaveraque
1712 3748 1901 3787 eorum
1954 3731 2012 3786 in

428 3848 581 3888 mare
612 3833 928 3888 deturbata.
972 3831 1306 3887 Ceciderunt
1349 3836 1534 3883 autem
1582 3828 1638 3881 in
1668 3825 1831 3898 477
1863 3823 2014 3879 circo

430 3925 537 3979 hoc
562 3933 811 3994 tempore
844 3939 988 3978 xxxv
1021 3923 1246 3978 circiter
1276 3921 1565 3976 hominum
1600 3917 1799 3971 millia.
1838 3914 2014 3972 Porro

432 4019 740 4090 imperator
795 4034 952 4072 suam
996 4017 1066 4072 de
1113 4015 1397 4071 seditiosis
1426 4011 1719 4068 victoriam
1746 4017 2016 4082 tyranno-

432 4124 667 4178 rnmque
748 4108 1107 4179 occisionem,
1169 4121 1269 4176 per
1336 4104 1625 4175 imperium
1690 4102 2014 4157 universum

432 4209 618 4255 notam
678 4199 831 4256 fecit.
866 4199 1010 4275 Quin
1050 4208 1104 4255 ct
1146 4207 1364 4253 vastata
1420 4195 1643 4268 ignibus
1685 4192 1914 4250 aedilicia
1949 4192 2019 4249 de

432 4296 648 4366 integro
687 4295 933 4349 excitare
970 4292 1206 4360 occoepit
1232 4333 1247 4358 ,
1304 4290 1507 4345 horreo
1551 4289 1720 4343 etiam
1757 4296 1809 4341 et
1846 4300 2019 4356 aqua-

436 4402 556 4441 rum
594 4385 855 4440 cisternis
902 4399 1074 4455 prope
1110 4383 1374 4453 palatium
1402 4379 1710 4443 exstructis
1739 4416 1754 4441 ,
1788 4386 1886 4443 ut,
1923 4376 2017 4431 ubi

432 4491 525 4533 res
557 4475 902 4546 postularet,
941 4473 1266 4543 repositoria
1301 4471 1421 4525 baac
1461 4470 1706 4524 haberet.

510 4567 710 4641 Eodem
742 4576 986 4637 tempore
1016 4564 1250 4619 Ruﬁnus
1277 4602 1292 4627 ,
1335 4560 1615 4615 mandatis
1649 4556 2021 4629 imperatoriis

442 4662 706 4731 acceptis,
743 4659 1026 4714 Persidem
1067 4657 1346 4728 profectus
1378 4661 1464 4708 est
1498 4667 1684 4723 pacem
1727 4666 1851 4706 cum
1885 4647 2021 4703 Per-

443 4756 521 4811 sis
550 4753 772 4807 ineundi
809 4764 1005 4807 causa.

512 4845 719 4901 Eodem
780 4842 947 4909 etiam
1007 4849 1255 4911 tempore
1306 4835 1566 4903 ludorum
1621 4834 1836 4904 legatus
1894 4845 2022 4886 cum

439 4938 770 4995 muneribus
830 4929 1375 4999 Constantinopolim
1455 4927 1663 4983 missus
1723 4932 1846 4989 est;
1911 4936 2024 4992 quo

442 5041 690 5104 tempore
734 5029 903 5085 etiam
937 5025 1180 5080 Joannes
1208 5021 1509 5095 Cappadox
1543 5017 1801 5089 praetorio
1829 5013 2025 5085 praefe-

440 5132 568 5185 ctus
601 5122 784 5185 factus
818 5128 923 5176 est.

515 5215 716 5273 Eodem
760 5223 1007 5282 tempore
1040 5209 1326 5265 stellamnn
1380 5203 1705 5265 discursus,
1738 5215 1765 5252 a
1800 5212 2027 5268 vespera

445 5308 512 5363 ad
547 5321 806 5362 auroram
863 5318 1061 5374 usque,
1118 5297 1378 5354 horrendi
1432 5300 1843 5368 apparuerunt;
1891 5301 2032 5359 quos

443 5403 537 5475 qui
574 5408 1025 5473 conspexerunt,
1072 5392 1285 5456 attoniti
1349 5402 1578 5455 omnes,
1624 5385 1698 5439 nil
1733 5382 1840 5437 tale
1870 5389 2031 5435 antea

452 5510 698 5570 unquam
731 5493 935 5550 vidisse
968 5504 1026 5548 se
1114 5485 1481 5547 allirtnarunt.

2052 4508 2097 4564 D

2089 1924 2243 1971 τινας
2284 1907 2413 1970 τοὺς
2429 1906 2474 1937 9⁸
2503 1904 2599 1959 τοῦ
2632 1904 2864 1957 Βενέτου
2917 1901 3153 1973 μέρους,
3186 1901 3458 1969 ῥογεύσας
3509 1899 3696 1956 αὐτοῖς

2091 1998 2374 2070 χρήματα.
2410 1995 2516 2050 Καὶ
2568 1992 2966 2054 στασιάσαντές
3011 2007 3159 2053 τινες
3204 1991 3268 2043 ἐκ
3310 1988 3407 2042 τοῦ
3444 1987 3691 2058 πλήθους

2091 2089 2329 2162 ἔκραζον
2351 2087 2732 2142 Ἰουστινιανὺν
2775 2083 3004 2157 βασιλέα
3041 2085 3107 2153 τῇ
3148 2081 3339 2134 πόλει·
3371 2081 3693 2151 διχονοῆσαν

2091 2185 2149 2237 δὲ
2191 2184 2251 2237 τὸ
2296 2181 2501 2252 πλῆθος
2533 2179 2805 2252 ὥρμησαν
2837 2174 3255 2250 κατ’ἀλλὴλων.
3288 2173 3410 2227 Τῶν
3439 2172 3496 2226 δέ
3529 2189 3700 2244 στρα-

2093 2275 2342 2347 τηλατῶν
2383 2273 2735 2328 εἰσελθόντων
2766 2269 2910 2347 μετὰ
2940 2268 3199 2339 βοηθείας
3231 2268 3289 2320 ἐν
3316 2265 3396 2336 τῷ
3432 2264 3700 2335 ἱπποδρο-

2098 2368 2227 2439 μίῳ,
2265 2367 2324 2432 ἐξ
2352 2364 2681 2435 ἀμφοτέρων
2710 2361 2821 2416 τῶν
2848 2362 3071 2415 εἰσόδων
3107 2358 3345 2431 ἤρξαντο
3375 2358 3607 2411 κόπτειν
3632 2355 3701 2409 τὰ

2096 2459 2275 2529 πλήθη
2298 2475 2313 2490 ο
2348 2458 2442 2510 καὶ
2469 2456 2619 2510 ἄλλοι
2662 2455 2760 2524 μὲν
2790 2454 3062 2520 ἐτόξευον,
3088 2453 3270 2522 ἕτεροι
3317 2450 3373 2505 δὲ
3418 2449 3702 2517 κατέσφα-

2098 2550 2206 2615 ζον.
2236 2551 2436 2620 Κρυφῇ
2467 2548 2523 2601 δὲ
2564 2546 2796 2614 ἐξελθὼν
2827 2545 3144 2618 Βελισάριος
3175 2544 3266 2598 τὸν
3307 2542 3407 2614 μὲν
3435 2542 3700 2595 ’Υπάτιον

2099 2644 2194 2699 καὶ
2228 2642 2518 2710 Πομπήιον
2550 2639 2695 2710 χειρὶ
2727 2637 3076 2699 συνελάϐετο,
3108 2634 3204 2691 καὶ
3247 2633 3550 2703 εἰσήγαγεν
3598 2630 3700 2683 αὒ-

2099 2737 2226 2813 τοὺς
2254 2735 2334 2805 τῷ
2363 2733 2580 2805 βασιλεῖ
2606 2731 2998 2803 ἰοιιστινιανῷ.
3030 2729 3181 2804 [218]
3207 2729 3313 2784 Καὶ
3340 2727 3700 2800 προσέπεσαν

2102 2824 2208 2879 ὑπὸ
2254 2826 2381 2888 τοὺς
2429 2824 2596 2887 πόδας
2629 2823 2724 2876 τοῦ
2757 2821 2921 2875 αὐτοῦ
2960 2820 3228 2893 βασιλέως
3261 2817 3701 2886 ἀπολογούμενοι

2102 2919 2197 2972 καὶ
2244 2917 2496 2984 λέγοντες
2525 2932 2536 2945 ·
2571 2915 2839 2981 Δέσποτα,
2873 2913 3041 2976 πολὺς
3074 2914 3211 2983 ἡμῖν
3262 2910 3430 2972 κόπος
3482 2908 3703 2977 ἐγένετο

2102 3008 2242 3065 ὥστε
2279 3007 2584 3075 συναγάγαι
2625 3007 2753 3069 τοὺς
2801 3004 3031 3076 ἐχθροὺς
3064 3001 3156 3056 τοῦ
3187 3001 3426 3072 κράτους
3459 2999 3618 3071 ὑμῶν
3649 3001 3700 3051 ἐν

2029 3139 2071 3195 c
2104 3099 2182 3167 τῷ
2212 3064 2575 3169 ἱπποδρομίῳ.
2606 3064 3087 3175 Καὶ-ἀποκριθεὶς
3132 3064 3270 3165 πρός
3308 3064 3510 3156 αὐτοὺς
3541 3092 3570 3144 ὁ
3604 3064 3727 3160 βαρ.

2109 3192 2287 3265 σιλεὺς
2324 3186 2447 3243 εἷπε
2469 3191 2515 3222 ⁹²
2544 3206 2556 3217 ·
2590 3187 2791 3251 Καλῶς
2822 3188 2921 3258 μὲν
2974 3185 3348 3256 πεποιήκατε·
3380 3183 3429 3235 εἰ
3458 3180 3514 3234 δὲ
3550 3180 3701 3234 ἐπεί⁶

2108 3283 2323 3337 θοντο⁰³
2370 3282 2496 3350 ὑμῖν
2537 3277 2928 3350 προστατοῦσι,
2970 3276 3058 3330 διὰ
3102 3275 3154 3327 τί
3205 3272 3281 3345 μὴ
3317 3271 3479 3325 τοῦτο
3510 3270 3705 3342 strati)-

2111 3390 2238 3426 σατε
2253 3372 2300 3404 9“
2329 3370 2434 3442 πρὸ
2459 3368 2554 3422 τοῦ
2588 3368 2859 3439 καυθῆναι
2893 3367 3076 3420 πᾶσαν
3103 3362 3203 3432 τὴν
3230 3361 3416 3427 πόλιν;
3452 3360 3564 3412 Καὶ
3587 3360 3707 3412 ἐπι-

2110 3462 2411 3535 τραπέντες
2432 3462 2481 3515 οί
2507 3460 2802 3531 σπαθάριοι
2832 3442 2940 3512 ὑπὸ
2970 3456 3061 3511 τοῦ
3097 3453 3363 3526 βασιλέως
3393 3450 3708 3522 παρέλαϐον

2112 3554 2205 3608 καὶ
2235 3552 2570 3606 ἀπέκλεισαν
2603 3549 2865 3602 ’Υπάτιον
2893 3547 2990 3607 καὶ
3017 3544 3328 3621 Πομπήιον.
3366 3540 3431 3593 Οἱ
3463 3539 3522 3591 δὲ
3551 3540 3613 3591 ἐν
3635 3536 3709 3608 τῷ

2114 3644 2456 3716 ἱπποδρομίῳ
2481 3641 2781 3711 σφαγέντες
2801 3636 2942 3711 ἦσαν
2958 3636 3196 3710 χιλιάδες
3225 3632 3523 3707 τριάκοντα
3545 3629 3709 3683 πέντε

2118 3739 2301 3812 μικρῷ
2328 3738 2494 3792 πλέον
2519 3736 2553 3808 ἢ
2585 3731 2966 3788 ἕλασσον.Καλ
2994 3732 3062 3801 τῇ
3094 3727 3358 3799 ἐπαύριον
3384 3725 3711 3796 ἐσφάγησαν

2126 3833 2389 3895 ’Υπάτιος
2418 3830 2514 3884 καὶ
2543 3828 2858 3899 Πομπήιος,
2898 3823 2995 3879 καὶ
3026 3819 3335 3894 ἐρρίφησαν
3378 3818 3448 3871 τὰ
3477 3816 3710 3885 λείψανα

2116 3924 2297 3981 αὐτῶν
2324 3925 2382 3979 ἐν
2412 3922 2682 3994 θαλάσσῃ.
2700 3919 2758 3972 '0
2784 3917 2840 3970 δὲ
2866 3914 3031 3978 αὐτὸς
3060 3911 3316 3984 βασιλεὺς
3345 3911 3589 3981 ἐσήμανε
3611 3905 3711 3977 τὴν

2117 4016 2311 4071 ἐαυτοῦ
2347 4014 2507 4082 νίκην
2538 4014 2594 4065 ὲν
2615 4010 2820 4072 πάσαις
2852 4009 2974 4070 ταῖς
3004 4004 3195 4058 πόλεσι
3225 4003 3323 4057 καὶ
3356 4001 3457 4074 τὴν
3484 3997 3710 4069 ἀναίρε-

2120 4129 2204 4166 σιν
2231 4108 2340 4163 τῶν
2378 4105 2679 4176 τυράννων,
2700 4100 3130 4172 ἐπιϐαλλόμενος
3168 4093 3376 4160 κτίζειν
3415 4092 3546 4157 τοὺς
3573 4108 3709 4146 καυ·

2119 4204 2315 4267 θέντας
2327 4202 2374 4235 ³⁸
2396 4197 2852 4261 τόπους.Ἕκτισε
2872 4195 2928 4248 δέ
2952 4191 3183 4263 πλησίον
3203 4188 3297 4243 τοῦ
3322 4188 3593 4243 παλατίου
3618 4183 3714 4239 καὶ

2119 4294 2313 4365 ὼρεῖον
2343 4292 2438 4345 καὶ
2463 4290 2756 4362 κιστέρνας
2779 4288 2988 4343 ὑδάτων
3020 4284 3111 4339 διὰ
3138 4283 3198 4336 τὸ
3228 4283 3286 4337 ἐν
3321 4279 3709 4355 περιστάσεσιν

2122 4385 2265 4459 ἔχειν
2296 4382 2559 4439 ἀπόθετα.

2207 4563 2296 4615 Ἐν
2337 4558 2486 4630 αὐτῷ
2525 4557 2582 4611 δέ
2621 4556 2699 4628 τῷ
2738 4555 2917 4627 χρόνῳ
2958 4550 3148 4621 ἐξῆλθε
3175 4549 3457 4618 Ῥουφῖνος
3501 4546 3560 4598 ἐν
3602 4543 3709 4605 τοῖς

2125 4653 2415 4725 Περσικοῖς
2475 4648 2667 4720 μέρεσι
2725 4644 2863 4717 μετὰ
2915 4644 3077 4697 θείων
3135 4635 3564 4712 ὕπομνηστικῶν
3620 4631 3712 4688 τοῦ

2128 4743 2352 4814 ποιῆσαι
2390 4738 2527 4811 μετὰ
2561 4736 2791 4808 Περσῶν
2825 4735 3011 4790 πάκτα
3043 4733 3292 4803 εἰρήνης.

2209 4810 2301 4890 Ἑν
2323 4810 2473 4903 αὐτῷ
2496 4830 2554 4884 δὲ
2574 4828 2654 4900 τῷ
2678 4827 2856 4901 χρόνῳ
2879 4826 2975 4881 καὶ
2997 4821 3343 4897 πρεσϐευτὴς
3367 4817 3548 4874 Ἰνδῶν
3578 4810 3714 4888 μετὰ

2126 4925 2318 4997 δώρων
2338 4918 2702 4990 κατεπέμφθη
2729 4915 2883 4991 [219]
2906 4917 2965 4970 ἐν
2989 4907 3585 4968 Κωνσταντινουπόλει.
3608 4903 3712 4961 Καὶ

2124 5011 2272 5083 αὐτῷ
2303 5009 2381 5081 τῷ
2414 5008 2592 5081 χρόνῳ
2618 5008 2875 5077 Ἰωάννης
2905 5006 2934 5059 ὁ
2961 5000 3264 5069 Καππάδοξ
3296 5000 3518 5069 ἐγένετο
3549 4997 3715 5065 ἐπαρ-

2126 5122 2220 5177 χος
2254 5101 2628 5174 πραιτωρίων.
2915 5104 2919 5114 ’

2200 5194 2311 5249 Καὶ
2347 5193 2406 5247 ἐν
2440 5189 2590 5261 αὐτῷ
2627 5187 2705 5260 τῷ
2745 5186 2928 5259 χρόνῳ
2969 5183 3186 5253 ἐγένετο
3225 5180 3429 5253 δρόμος
3470 5174 3714 5245 ἀστέρων

2131 5286 2297 5350 πολὺς
2340 5283 2450 5338 ἀπὸ
2488 5280 2728 5353 ἑσπέρας
2767 5279 2873 5342 ἐως
2917 5276 3140 5346 αὖγους,
3181 5272 3325 5327 ὥστε
3368 5269 3584 5331 πάντας
3624 5266 3715 5317 ἐκ·

2139 5376 2471 5449 πλήττεσθαι
2500 5374 2595 5441 καὶ
2618 5373 2799 5443 λέγειν
2825 5371 2907 5425 ὅτι
2936 5368 3205 5425 Οὐδέποτε
3232 5366 3457 5435 οἴδαμεν
3485 5354 3713 5415 τοιοῦτόν

2138 5488 2192 5523 τι
2220 5466 2463 5539 γεγονός.

1731 5587 1964 5645 VARI/IS
2001 5578 2413 5641 LECTIONES.

558 5702 778 5767 “e064.
834 5700 1029 5757 Scribe
1079 5699 1190 5753 τῶν
1244 5711 1372 5753 cum
1419 5693 1625 5767 Chron.
1678 5686 1880 5767 Pasch.

1944 5700 1996 5754 p.
2056 5680 2160 5754 559
2212 5678 2276 5734 C.

2382 5677 2431 5709 ⁹¹
2472 5669 2615 5727 εἷπε.
2652 5674 2703 5727 ει
2747 5670 2850 5727 Ox.
2960 5669 3007 5701 ”
3042 5661 3328 5722 ἐπείθοντο
3379 5656 3515 5726 σιμ,
3576 5641 3716 5704 δπεί⁴

458 5775 617 5831 Orno
830 5741 1203 5830 π’έπῖἶήέὲεε
1392 5741 1698 5836 ιξξίῆπὲὲιτέ
1724 5741 1830 5814 Οίκ.
1903 5741 1959 5789 η’
1981 5750 2307 5814 καυθέντας.
2344 5744 2697 5822 ’καυσθέντας
2741 5741 2844 5799 Ch.
