3988 6136
410 293 520 372 695

1723 302 2046 371 IOANNIS
2083 309 2406 371 MALALE

3575 300 3681 362 695

482 409 688 467 Eodem
720 415 969 480 tempore
1015 409 1217 468 Juliani
1270 413 1548 485 Apostatae
1609 422 1831 483 statua,
1867 430 1990 487 quae

2163 415 2255 487 Τῷ
2286 414 2438 485 αὐτῷ
2468 412 2525 468 δέ
2560 412 2737 485 χρόνῳ
2768 411 2962 467 ἔπεσεν
2995 411 3029 482 ἡ
3062 409 3230 482 στήλη
3258 409 3557 485 Ἰουλιανοῦ
3587 413 3681 467 τοῦ

410 499 620 558 Iuliani
648 512 843 574 portus
873 502 930 557 in
966 502 1149 559 medio
1189 506 1366 571 stetit,
1403 506 1473 562 ad
1501 514 1706 563 terram
1740 507 1984 579 collapsa

412 603 541 652 est:
579 596 637 650 in
666 595 830 665 cujus
861 595 1045 651 locum
1070 610 1213 661 ,crux
1250 596 1431 654 deﬁxa
1455 609 1562 654 est.

485 685 692 742 Exacto
717 692 898 742 autem
934 684 1185 745 Belisarii
1214 689 1504 747 consulatu
1527 731 1543 757 ,
1576 691 1818 763 synodus
1844 689 1988 747 Con-

410 779 774 849 stantinopoli
830 779 1020 834 habita
1073 786 1209 847 est,‘
1247 783 1317 838 ab
1358 782 1637 855 Agapeto,
1726 784 1991 855 episcopo

411 868 663 925 Romano
686 912 701 937 ,
736 881 1038 927 convocata
1067 891 1082 927 :
1132 887 1163 927 a
1191 889 1300 945 qua
1343 874 1671 933 Anthemius
1695 918 1711 943 ,
1752 877 1990 948 patriar-

409 962 512 1017 cha
540 961 1191 1034 Constantinopolitanus
1225 964 1494 1037 dignitate
1523 982 1622 1022 sua
1653 976 1857 1024 exutus
1879 976 1986 1024 est.

409 1052 614 1110 Eodem
648 1055 815 1109 etiam
846 1070 992 1111 anno
1019 1055 1312 1127 episcopus
1355 1056 1640 1115 Romanus
1674 1059 1992 1116 Constanti-

406 1147 601 1210 nopoli
664 1146 809 1202 diem
868 1163 1031 1203 suum
1081 1148 1268 1204 obiit:
1312 1150 1749 1219 patriarcbatum
1807 1159 1988 1206 autem

405 1239 1091 1309 Constantinopolitanum
1125 1241 1374 1309 suscepit
1406 1238 1594 1295 Menas
1621 1281 1635 1306 ,
1678 1240 1772 1311 qui
1802 1239 1992 1310 hospi-

414 1328 475 1382 ιίἱ
508 1327 833 1399 Sampsouis
870 1329 1163 1399 prmicctus
1195 1329 1393 1385 fuerat.

481 1417 715 1474 Joannis
747 1427 928 1474 autem
959 1418 1302 1490 Cappadocis
1326 1420 1431 1476 sub
1473 1421 1768 1476 consulatu
1814 1422 1994 1479 eccle-

408 1512 510 1566 siae
541 1526 654 1567 sua:
687 1509 757 1565 ab
786 1511 1008 1565 Arianis
1038 1511 1306 1581 ademptae
1334 1520 1487 1568 sunt.

484 1600 688 1658 Eodem
723 1618 868 1658 anno
903 1603 1094 1658 chalca
1138 1603 1332 1673 palatii
1386 1603 1994 1675 Constantinopolitani

412 1693 743 1748 marmoreis
774 1691 971 1748 statuis
1003 1692 1196 1755 variis,
1228 1698 1282 1745 et
1313 1692 1534 1747 musivo
1580 1707 1744 1761 opere
1774 1703 1993 1756 ornata,

414 1785 668 1840 absoluta
698 1791 805 1838 est.
839 1783 1196 1854 ilorologium
1241 1784 1406 1838 etiam
1462 1784 1607 1855 quod
1655 1783 1993 1854 Augusteum
2026 1771 2068 1827 Β

412 1877 570 1946 juxta
601 1888 657 1930 ct
704 1875 989 1931 basilicam
1037 1884 1300 1940 steterat,
1351 1876 1484 1931 illuc
1526 1877 1856 1931 translatum
1887 1883 1993 1932 est.

415 1969 694 2038 Ahrogata
719 1978 805 2024 est
841 1968 1032 2023 eodem
1062 1976 1309 2039 tempore
1340 1969 1694 2039 nycteparchi
1729 1977 1993 2040 potestas;

420 2062 476 2115 in
543 2061 702 2131 cujus
752 2063 932 2117 locum
991 2071 1193 2132 praetor
1241 2071 1464 2118 creatus
1489 2071 1594 2118 est.
1643 2063 1765 2129 Quo
1829 2063 1994 2118 etiam

420 2168 569 2208 anno
595 2161 843 2225 quaestor
874 2156 1164 2211 institutus
1195 2161 1300 2209 est.

492 2243 695 2299 Eodem
727 2248 978 2313 consule,
1021 2244 1231 2317 Magnae
1259 2244 1509 2301 ecclesia:
1566 2242 1810 2299 encaenia
1862 2236 1998 2298 cele4

420 2336 575 2390 hrala
610 2345 762 2392 sunt.

394 2414 400 2420 ’
492 2426 678 2483 Mense
726 2426 935 2495 Junio,
984 2428 1302 2484 indictionis
1335 2443 1421 2493 ιιι,
1454 2426 1748 2482 Antiochia
1804 2426 1998 2497 Magna

421 2535 453 2573 a
492 2517 734 2575 Chosroe
755 2560 770 2586 ,
799 2519 1088 2576 Persarum
1125 2520 1292 2592 430
1326 2535 1483 2590 rege,
1521 2528 1680 2589 capta
1711 2527 1815 2575 est.
1850 2519 1997 2574 Con-

422 2619 509 2666 tra
542 2628 708 2683 quem
739 2612 1050 2669 Germanus
1082 2613 1318 2667 militum
1352 2612 1618 2683 magister
1652 2614 1868 2675 lactus,
1891 2626 2000 2666 una

424 2717 555 2758 cum
622 2703 845 2759 Iustino
912 2704 1065 2770 ﬁlio,
1123 2720 1248 2758 cum
1315 2703 1561 2758 exercitu
1621 2703 1824 2758 missus
1883 2710 2000 2757 est:

425 2796 553 2867 qui,
588 2796 723 2851 nihil
781 2796 1063 2862 eﬂiciens,
1101 2794 1445 2850 Antiochiam
1499 2810 1559 2850 se
1619 2794 1855 2864 recepit;
1908 2791 2001 2846 ubi

427 2888 727 2952 desidens,
787 2896 1076 2958 argentum
1128 2886 1197 2941 ab
1229 2885 1635 2947 Antiochenis,
1688 2900 1786 2953 pro
1843 2884 2000 2938 libris

428 2978 701 3047 singulis,
733 2979 976 3034 nummis
1015 2991 1055 3032 ll
1097 2983 1193 3031 aut
1215 2993 1272 3031 ιιι
1305 2976 1447 3031 datis
1472 2985 1753 3030 mercatus
1787 2983 1893 3029 est.

503 3068 797 3125 Persarum
828 3078 1010 3124 autem
1044 3084 1137 3125 rex
1171 3066 1457 3139 Apamiam
1484 3108 1498 3132 ,
1531 3068 1781 3136 aliasque
1807 3067 2003 3122 Oriel-
2028 3104 2072 3164 c

425 3162 502 3217 tis
535 3162 697 3218 urbes
728 3161 1038 3229 occupavit.

500 3253 753 3310 Emissus
781 3253 976 3309 eodem
1027 3262 1271 3323 tempore
1335 3250 1678 3314 Beiisarius,
1737 3250 2002 3314 Romam,

431 3346 719 3411 Siciliam,
752 3359 1006 3416 quasque
1037 3344 1091 3399 in
1126 3345 1367 3399 circuitu
1413 3343 1661 3413 jaccntes
1695 3341 1860 3397 urbes
1898 3339 2006 3395 Go—

431 3440 653 3494 thorum
710 3456 802 3494 rex
860 3436 1070 3509 Vitiges
1123 3443 1526 3507 occupaverat,
1580 3435 1724 3488 bello
1773 3434 2001 3504 recepit.

429 3533 573 3600 Quin
606 3542 659 3587 et
691 3548 870 3600 regem
897 3532 1074 3601 ipsum
1097 3573 1112 3597 ,
1173 3545 1297 3585 cum
1335 3544 1502 3582 uxore
1561 3526 1785 3596 ﬁlioque
1844 3539 1998 3579 com-

431 3626 795 3698 prehensum,
832 3624 1134 3680 Belis-arias
1179 3620 1713 3690 Constantinopolim
1755 3619 2003 3673 abduxit.

501 3807 619 3862 Non
657 3807 829 3861 multo
863 3813 1043 3860 autem
1088 3813 1212 3874 post
1262 3811 1546 3873 tempore,
1597 3799 1802 3857 Narses
1849 3800 2007 3855 cubi-

430 3901 678 3956 ruiarius
702 3940 716 3962 .
755 3899 962 3970 ingenti
1018 3897 1329 3954 instructus
1359 3893 1611 3950 exercitu
1644 3892 1876 3949 Romam
1909 3892 2008 3948 ad-

1284 3988 1354 4043 ab
1394 3988 1729 4058 imperatore
1799 3985 2007 4042 missus

429 4008 626 4049 versus
686 3994 906 4049 eosdem
954 3990 1201 4057 Gothos,

428 4097 532 4142 esi.

501 4177 688 4235 Mense
733 4176 981 4249 Augusto
1021 4174 1263 4231 Joannes
1293 4177 1663 4244 cognomento
1713 4168 2011 4241 Cappadox

428 4271 523 4340 qui
560 4270 801 4325 secunda
838 4270 955 4339 jam
987 4268 1107 4322 vice
1140 4263 1481 4336 praefectura}
1522 4277 1723 4318 munus
1755 4264 2006 4329 obiisset,

429 4370 822 4416 exauctoratus
877 4367 984 4423 est,
1012 4358 1283 4426 bonisque
1339 4354 1678 4425 publicatis,
1718 4354 1772 4408 in
1843 4355 2008 4426 Cyzi-

2093 508 2423 581 Παραϐάτου
2450 509 2483 580 ἡ
2512 507 2769 562 σταθεῖσα
2799 507 2965 573 μέσον
2988 504 3084 559 τοῦ
3109 503 3401 559 Ἰουλιανοῦ
3425 503 3645 576 λιμένος
3664 522 3676 536 ·

2092 599 2190 652 καὶ
2219 599 2429 670 ἔπηξαν
2458 599 2582 653 ἀντὶ
2610 597 2708 668 τῆς
2735 596 2907 666 αὐτῆς
2940 595 3142 667 στήλης
3171 594 3430 667 σταυρόν.

2160 690 2273 745 Καὶ
2298 690 2438 761 μετὰ
2458 689 2558 760 τὴν
2580 687 2843 742 ὑπατείαν
2868 686 3189 757 Βελισαρίου
3216 686 3437 754 ἐγένετο
3463 683 3682 750 σύνοδος

2090 785 2149 837 ἐν
2199 779 2769 837 Κωνσταντινουπόλει
2818 779 2923 832 ὑπὸ
2968 776 3064 832 τοῦ
3118 776 3424 832 ἐπισκόπου
3456 775 3680 849 Ῥώμης

2103 873 2412 945 ’Δγαπητοῢ
2433 893 2446 906 ο
2472 873 2569 927 καὶ
2592 871 2832 943 καθῆρεν
2844 871 2890 903 ⁸⁸
2914 870 3196 941 Ἀνθέμιον
3218 869 3309 924 τὸν
3333 869 3680 939 πατριάρχην

2089 967 2738 1030 Κωνσταντινουπόλεως.
2775 967 2884 1020 Kal
2920 967 2979 1019 ἐν
3009 963 3088 1036 τῷ
3121 964 3272 1035 αὐτῷ
3304 952 3418 1016 ἔτει
3451 961 3681 1034 τελευτᾷ

2089 1064 2149 1116 ἐν
2188 1060 2468 1131 Βυζαντίῳ
2507 1062 2536 1115 ὁ
2576 1058 2874 1122 ἐπίσκοπος
2901 1057 3155 1129 Ῥώμης*
3199 1057 3295 1111 καὶ
3333 1056 3537 1125 γέγονε
3576 1072 3679 1110 πα-

2089 1155 2360 1226 τριάρχης
2384 1155 2442 1208 ἐν
2462 1149 3037 1206 Κωνσταντινουπόλει
3063 1149 3255 1221 Μηνᾶς
3280 1149 3310 1203 ὁ
3335 1148 3446 1203 ἀπὺ
3474 1147 3678 1213 ξενοδό·

2094 1262 2204 1316 χων
2221 1247 2266 1278 ⁸⁸
2294 1244 2405 1299 τῶν
2433 1243 2696 1316 Σαμψών.

2176 1444 2267 1499 Ἐν
2287 1443 2345 1498 δὲ
2369 1445 2434 1515 τῇ
2458 1442 2698 1514 ὑπατείᾳ
2720 1441 2971 1495 Ἰωάννου
2995 1438 3092 1493 τοῦ
3114 1436 3486 1500 Καππάδοκος
3510 1435 3679 1507 ἐπήρ-

2096 1536 2266 1608 θησαν
2291 1536 2346 1590 αί
2375 1534 2664 1605 ἐκκλησίαι
2690 1532 2801 1587 τῶν
2825 1530 3142 1604 Ἀρειανῶν.

2164 1626 2277 1682 Kal
2298 1625 2378 1698 τῷ
2402 1624 2549 1697 αὐτῷ
2574 1624 2752 1696 χρόνῳ
2776 1620 3071 1694 ἐπληρώθη
3095 1623 3129 1692 ή
3149 1621 3325 1692 χαλκῆ
3345 1622 3362 1653 ¹
3386 1620 3485 1673 τοῦ
3511 1620 3680 1674 παλα-

2094 1716 2212 1770 τίου
2276 1713 2902 1775 Κωνσταντινουπόλεως
2925 1750 2941 1778 ,
3006 1709 3345 1783 κοσμηθεῖσα
3404 1709 3679 1780 διαφόροις

2101 1805 2414 1878 μαρμάροις
2445 1805 2539 1859 καὶ
2574 1803 2801 1875 μουσίῳ.
2823 1801 3144 1878 Μετηνέχθη
3178 1801 3237 1854 δὲ
3269 1801 3367 1855 καὶ⁵
3393 1800 3455 1854 τὺ
3480 1800 3680 1871 ὡρολο-

2097 1877 2244 1967 νεῖον
2267 1877 2328 1952 τδ
2350 1897 2577 1968 πλησίον
2599 1894 2694 1950 τοῦ
2719 1877 3055 1963 Αὐγουστίου
3074 1895 3095 1925 ³
3121 1892 3218 1947 καὶ⁸
3240 1892 3344 1962 τῆς
3372 1890 3677 1962 βασιλικῆς.

2098 1987 2411 2060 Περιῃρέθη
2456 1988 2514 2042 δὲ
2557 1987 2635 2058 τῷ
2679 1985 2827 2056 αὐτῷ
2870 1987 3048 2057 χρόνῳ
3090 1986 3124 2054 ἡ
3171 1982 3266 2037 τοῦ
3301 1984 3677 2053 νυκτεπάρχου

2096 2079 2240 2152 ἀρχὴ
2271 2079 2414 2151 (56),
2448 2082 2551 2133 καὶ
2575 2079 2793 2149 ἐγένετο
2817 2078 2931 2133 ἀντ’
2954 2075 3121 2130 αὐτοῦ
3154 2076 3429 2147 πραῐτωρ.
3462 2074 3575 2128 Καὶ
3605 2072 3679 2142 τῷ

2099 2170 2249 2241 αὑτῷ
2276 2169 2387 2224 ἔτει
2417 2169 2728 2241 προεϐλήθη
2757 2168 3075 2238 κοιαίστωρ.

2182 2263 2270 2316 Ἐν
2300 2261 2435 2333 αὐτῇ
2468 2260 2620 2334 [ΞΞΞ]
2652 2261 2709 2314 δὲ
2737 2264 2804 2332 τῇ
2838 2260 3075 2330 ὑπατείᾳ
3107 2257 3298 2328 γέγονε
3329 2256 3399 2311 τὰ
3428 2254 3681 2325 ὲγκαίνια

2100 2356 2198 2425 τῆς
2230 2354 2488 2425 Μεγάλης
2519 2353 2835 2423 ἐκκλησίας.

2171 2444 2319 2515 Μηνὶ
2342 2444 2545 2513 Ἰουνίῳ
2587 2443 2915 2506 ίνδικτιῶνος
2960 2447 3010 2511 τ
3037 2439 3361 2512 παρελήφθη
3385 2440 3685 2510 ’Δντιόχεια

2100 2538 2133 2606 ή
2159 2535 2382 2605 Μεγάλη
2408 2533 2512 2587 ὑπὸ
2536 2534 2800 2603 Χοσρόου,
2828 2531 3093 2603 βασιλέως
3118 2531 3493 2601 Περσῶν.ΚαὶΙ
3515 2531 3684 2601 ἐπέμ·

2104 2620 2211 2690 φθη
2239 2623 2318 2683 είς
2341 2621 2400 2673 τὸ
2422 2620 2729 2690 πολεμῆσαι
2752 2619 3030 2690 Γερμανὸς
3055 2619 3281 2684 ζωσθεὶς
3311 2619 3685 2691 στρατηλάτης

2106 2712 2244 2782 μετὰ
2272 2711 2367 2764 καὶ
2397 2710 2490 2764 τοῦ
2526 2712 2658 2765 ἰδίου
2689 2710 2851 2764 αὐτοῦ
2881 2710 2998 2764 υίοῦ
3026 2709 3338 2767 Ἰουστίνου.
3368 2711 3480 2765 Kal
3514 2710 3680 2782 μηδὲν

2105 2801 2425 2873 ὠφελήσας⁸
2454 2801 2689 2874 ἐκάθητο
2717 2804 2775 2857 ἐν
2801 2802 3121 2873 Ἀντιοχείᾳ,
3154 2801 3442 2874 ἀγορὲζων
3470 2802 3562 2856 τὸν
3587 2802 3686 2874 ἄρ-

2105 2910 2270 2963 γυρον
2298 2894 2651 2965 νομισμάτων
2682 2893 2779 2964 β”ἢ
2814 2893 2981 2965 τριῶν
3011 2893 3109 2964 τὴν
3135 2894 3325 2966 λίτραν
3352 2896 3420 2948 ἐκ
3451 2893 3563 2948 τῶν
3589 2894 3685 2947 αὐ-

2104 2982 2213 3037 τῶν
2242 2985 2579 3055 Ἀντιοχέων.

2187 3077 2245 3130 Ὀ
2280 3078 2336 3130 δὲ
2374 3077 2628 3148 βασιλεὺς
2671 3078 2898 3149 Περσῶν
2932 3076 3150 3150 είσῆλθε
3190 3076 3288 3130 καὶ
3326 3078 3386 3130 ἐν
3416 3074 3689 3148 Ἀπαμείᾳ

2107 3170 2199 3222 καὶ
2230 3171 2287 3222 ὲν
2314 3169 2531 3240 ἑτέραις
2561 3170 2746 3223 πόλεσι
2771 3170 2872 3239 τῆς
2894 3168 3204 3240 Ἀνατολῆς.

2177 3261 2288 3314 Καὶ
2326 3260 2404 3330 τῷ
2442 3259 2593 3332 αὐτῷ
2639 3260 2833 3330 χρόνῳ
2864 3258 3226 3330 κατεπέμφθη
3271 3257 3594 3330 Βελισάριος
3631 3259 3689 3313 ἐν

2122 3351 2310 3424 Ῥώμῃ
2326 3369 2342 3382 ο
2366 3352 2461 3405 καὶ
2490 3352 2804 3423 πολεμήσας
2832 3348 3112 3421 παρέλαϐε
3136 3350 3237 3420 τήν
3262 3366 3325 3401 τε
3348 3347 3572 3419 Ῥώμην
3594 3347 3690 3401 καὶ

2107 3441 2357 3495 Σικελίαν
2409 3441 2506 3494 καὶ
2554 3441 2652 3505 τὰς
2704 3440 2863 3511 πέριξ
2915 3439 3100 3503 πόλεις
3155 3439 3538 3509 κρατουμένας
3586 3437 3693 3490 ὑπὸ

2108 3534 2365 3604 Οὐιττιγὴ
2384 3533 2612 3604 neme;
2651 3532 2761 3586 τῶν
2792 3532 3026 3586 Γότθων.
3058 3530 3171 3584 Kal
3214 3526 3555 3601 πολεμήσας,
3595 3527 3692 3582 καὶ

2108 3624 2440 3698 παραλαϐὼν
2463 3625 2554 3679 τὸν
2578 3624 2741 3679 αὑτὸν
2763 3622 3059 3694 Οὐιττιγὴν
3084 3623 3177 3676 καὶ
3200 3621 3300 3692 τὴν
3323 3623 3562 3690 γυναῖκα
3586 3619 3692 3674 αὐ-

2105 3718 2201 3773 τοῦ
2233 3718 2328 3772 καὶ
2355 3718 2445 3773 τὸν
2472 3718 2589 3770 υίὸν
2616 3716 2807 3780 αὑτοῦ,
2833 3717 3040 3788 ἤγαγεν
3070 3717 3128 3769 ἐν
3156 3713 3458 3784 Βυζαντίῳ.

2180 3812 2291 3864 Kal
2334 3812 2452 3881 μετ’
2471 3808 2651 3877 ὀλίγον
2688 3807 2880 3879 καιρὸν
2915 3808 2945 3860 ὁ
2983 3806 3146 3870 αὐτὸς
3188 3804 3440 3876 βασιλεὺς
3476 3799 3692 3872 ἔπεμψε

2109 3902 2334 3975 Ναρσὴν
2359 3903 2450 3955 τὸν
2476 3899 2919 3971 κουϐικουλάριον
2951 3898 3091 3969 μετὰ
3116 3897 3321 3967 πολλῆς
3352 3894 3605 3967 βοηθείας
3629 3894 3693 3947 ἐν

2125 3995 2308 4067 Ῥώμῃ
2341 3993 2480 4049 κατὰ
2509 3993 2617 4048 τῶν
2643 3992 2821 4046 αὐτῶν
2848 3991 3083 4046 Γότθων.

2179 4169 2328 4241 Μηνὶ
2386 4166 2682 4238 Αὐγούστῳ
2732 4162 3028 4235 ἀπεζώσθη
3066 4163 3323 4234 Ἰωάννης
3379 4164 3408 4217 ὁ
3462 4161 3695 4233 ἐπίκλην

2111 4258 2438 4325 Καππάδοξ,
2481 4258 2561 4322 δὶς
2604 4255 2864 4319 διανύσας
2907 4253 3006 4323 τὴν
3046 4252 3153 4308 τῶν
3195 4252 3454 4323 ἐπάρχων
3495 4251 3691 4323 ἀρχήν.

2112 4353 2225 4406 Kal
2249 4349 2539 4421 δημευθεὶς
2565 4346 2822 4418 ἐπέμφθη
2853 4342 3004 4417 [225]
3030 4346 3087 4398 ἐν
3112 4342 3358 4411 Κυζίκῳ,
3385 4341 3489 4413 κλη
3500 4340 3694 4413 ρωθεὶς

430 4467 556 4504 cum
615 4450 889 4520 relegatus
948 4459 1068 4504 est.
1120 4463 1174 4505 et
1230 4449 1443 4504 Artacaa
1501 4450 1773 4505 diaconus
1807 4447 2001 4503 factus.

2121 4445 2359 4509 διάκονος
2385 4440 2727 4513 ἐν’Δρτάκῃ·
2746 4439 2972 4492 κάκεῖσε
2997 4434 3340 4508 φρατριάσας
3365 4434 3508 4504 μετά
3529 4449 3693 4487 τινων

431 4541 533 4598 llic
573 4557 705 4598 vero
748 4556 872 4597 cum
929 4541 1259 4612 quibusdam
1293 4541 1507 4595 civibus
1557 4541 1692 4595 inita
1722 4540 2005 4610 conspira-

2112 4538 2394 4609 κτητόρων
2428 4534 2539 4606 (57)
2573 4532 2780 4586 ἀνεῖλον
2798 4532 2818 4564 ⁵
2848 4528 3106 4585 Εὐσέϐιον
3137 4528 3229 4582 τὸν
3264 4526 3563 4581 ἐπίσκοπον
3591 4527 3691 4597 τῆς

431 4637 626 4700 tione,
696 4634 1039 4700 Eusebium,
1114 4634 1435 4704 episcopum
1506 4634 1868 4704 (Zyziceuum,
1937 4631 2001 4686 dc

2121 4628 2284 4698 αὐτῆς
2317 4624 2640 4697 Κυζικηνῶν
2671 4622 2902 4687 πόλεως.
2931 4620 3135 4677 Μαθὼν
3166 4620 3223 4674 δέ
3253 4622 3282 4674 ὁ
3313 4618 3566 4690 βασιλεὺς
3597 4618 3690 4673 καὶ

1736 4788 1971 4844 VARUE
2015 4783 2419 4843 LECTIONES.

504 4912 550 4943 ’⁸
580 4910 843 4979 καθῆρεν.
886 4907 1007 4979 Scr.
1040 4907 1378 4979 καθῄρειμνει
1412 4908 1597 4976 potius
1633 4908 1902 4979 καθεῖλεν.
1953 4909 2022 4979 γ⁹⁰
2059 4906 2346 4979 ξενοδοχῶν
2370 4903 2474 4979 ΟΧ.
2506 4975 2517 4979 _
2553 4903 2569 4935 ¹
2595 4898 2917 4979 Αχαλκὴμοκέ

3020 4899 3041 4928 ²
3074 4895 3438 4964 Αὐγουστίου.
3500 4893 3683 4964 Scribe

432 4962 839 5050 Αὐγουιισιέίου.⁷
899 4962 1238 5049 ⁵ιῖκρελήιὲἶιῖις
1261 4976 1386 5045 Ch.,
1414 4962 1731 5050 ὧφειλήσας
1770 4962 1897 5034 Οιιζ
1948 4978 1970 5009 ⁸
2003 4962 2371 5045 Οὑίττιγίῖὴι.
2449 4975 2471 5006 ⁵
2494 4962 2725 5028 ἀνεῖλον.
2772 4962 2993 5025 ’ἀνεῖλεν
3025 4967 3127 5023 Ch.
3161 4962 3303 5023 idem
3333 4962 3679 5033 Κυζικηνῶν.

431 5050 753 5121 Κυζινηνῶν
778 5049 882 5105 0x.

1696 5141 1804 5199 ΕΙ).
1838 5138 2208 5197 CHILMEADI
2237 5136 2448 5193 ΝΟΤιΕ

529 5237 621 5304 36)
663 5235 973 5308 Περιηρέθη
1011 5236 1068 5289 δὲ
1091 5235 1169 5307 τῷ
1216 5235 1365 5308 αὐτῷ
1402 5235 1581 5306 χρόνῳ
1610 5237 1642 5303 ἠ
1676 5233 1771 5286 τοῦ
1832 5234 2015 5287 Νυκτο

711 5303 877 5376 ἀρχή.
908 5303 1279 5377 Nycteparchi
1325 5303 1861 5377 potestaskabrogata
1902 5311 2011 5366 est,

432 5386 487 5432 et
512 5375 613 5448 pro
642 5391 709 5448 e_0
737 5375 1721 5448 praetereat“,“Beysario‘Cons.
1753 5383 1811 5429 ut
1844 5389 2013 5448 appa-

432 5323 680 5378 επαρχου

2111 5232 2260 5285 niani
2324 5229 2456 5296 imp.
2510 5241 2659 5282 anno
2720 5224 3009 5279 institutus
3055 5231 3177 5278 est:
3234 5220 3309 5275 uti
3360 5217 3546 5272 videre
3601 5219 3681 5268 cst

2107 5298 2682 5445 Νῇέἓίοὲἕατριᾴσας
2702 5382 2717 5389 '
2732 5363 2872 5445 μετὰ
2907 5362 3073 5445 τινῶν
3100 5360 3402 5445 κτηῖόρωνζ
3421 5357 3499 5445 AA;

433 5430 535 5503 reti
554 5430 618 5502 ex
655 5430 890 5516 VJuslin._
924 5430 1274 5516 Novelit‘i’?»
1318 5430 1462 5516 Ergo
1521 5445 1725 5499 factum
1777 5430 2013 5516 est'hoc
2109 5430 2287 5495 uilius
2310 5430 2644 5516 quihusdam
2676 5430 2986 5516 coniuratis
3013 5430 3201 5516 caedes
3231 5432 3346 5516 haec
3369 5430 3679 5516 perpetrata

433 5517 674 5572 triennio
709 5525 837 5571 ante
865 5514 1095 5572 Joannis
1124 5514 1466 5585 Cappadocis
1488 5517 1856 5569 consulatum.
1884 5515 2014 5585 Κοι-

433 5585 666 5655 αίστωρ,
692 5601 857 5655 vero,
880 5586 996 5641 sive
1025 5583 1383 5655 Κοιαισίτωρ,
1418 5586 1498 5639 ιιιὶ
1534 5592 1846 5655 ειιιηγνοεει
1882 5583 2015 5655 Pro-

2110 5494 2216 5577 δεῖ,
2247 5494 2475 5565 εςὲιενίε
2498 5508 2663 5577 etiam
2695 5494 2883 5577 nescio
2910 5501 3303 5577 (tithominunt
3332 5494 3519 5577 opinio
3546 5494 3680 5577 era}?

2110 5561 2721 5648 .‘Ioa'nnerCappadoce.
2768 5561 2957 5648 liuius
3006 5572 3293 5648 historiam
3348 5561 3680 5648 tiitamntibi

688 5632 995 5711 uiiii’a'ié.‘
1016 5632 2015 5723 ιῖῐιίἷέὀὶίᾶιῖἐἶιίίοῖἲὶἰ’Ν‹ἱὲἶές”νίῐιι
2113 5632 2335 5723 ξι-ιιὶινίίκέι
2362 5632 2666 5723 Procopius
2714 5643 2786 5723 ad
2817 5632 3027 5698 calcem
3055 5642 3150 5696 lib.
3181 5657 3220 5705 ι,
3256 5638 3327 5723 De
3371 5632 3679 5723 θεμένης·

434 5721 899 5792 insequentibus,
928 5724 1024 5781 scd
1056 5725 1293 5781 triennio
1317 5734 1459 5794 post,
1492 5740 1573 5795 ιιι
1600 5725 1813 5780 scilicet
1836 5721 2006 5779 Justi-

2115 5719 2239 5777 llasc
2271 5735 2399 5776 vero
2435 5711 2729 5773 Justiuiani
2772 5715 2904 5784 imp.
2946 5727 3093 5768 anno
3117 5727 3207 5767 uv
3241 5713 3362 5766 acta
3395 5711 3544 5763 sunt.
