3988 6136
422 358 536 430 703

1801 358 2041 427 ῘΟΑΝΝ
2050 363 2119 426 IS
2158 364 2483 426 MALAL/E

3584 361 3690 425 7M

421 492 564 550 que,
617 475 951 534 Maritimam
988 484 1044 535 et
1094 476 1473 540 Libanesiam,
1526 486 1814 547 grassatus
1878 484 2004 532 est:

2126 476 2208 529 ιαὶ
2256 475 2510 545 Φοινίκης
2564 471 2812 544 παράλου
2857 471 2951 527 καὶ
3003 471 3340 541 Λιϐανησίας
3368 473 3437 526 ”.
3492 474 3603 527 Καὶ
3630 478 3691 551 ἑν

422 570 586 638 cujus
629 569 700 623 ab
754 569 988 623 horrore
1037 565 1220 638 Tyrus
1250 580 1376 620 cum
1438 564 1670 631 Sidone,
1735 565 1997 636 Berytus,

421 659 684 732 Tripolis,
717 658 922 731 Byblus
944 658 1134 721 etiam,
1161 658 1493 730 Botrysque,
1524 658 1759 712 aliarum
1783 669 2007 726 quoque

424 751 641 807 urbium
670 757 858 820 partes
873 759 1207 806 succussatze
1228 758 1598 816 corruerunt;
1631 746 2008 818 compluribus

420 843 652 911 insuper
698 839 1020 895 hominibus
1074 842 1361 896 ruinarum
1408 840 1652 895 molibus
1698 839 2003 909 oppressis.

343 950 351 960 ·
420 928 502 986 Ad
536 929 726 984 urbem
761 915 1173 1000 veroBotrym,
1206 928 1410 985 montis
1439 928 1578 983 mari
1631 928 2005 993 imminentis,

420 1019 813 1090 Lithoprosopi
844 1019 1002 1084 dicti,
1031 1020 1245 1076 divulsa
1281 1035 1408 1090 pars
1439 1027 1495 1077 et
1527 1021 1581 1074 in
1637 1034 1793 1075 mare
1823 1020 2010 1074 detur-

420 1111 568 1174 bata,
601 1119 821 1181 portum
870 1110 1074 1179 ellecit,
1118 1111 1351 1167 navibus
1390 1111 1647 1166 maximis
1678 1109 2010 1181 recipiendis

422 1206 708 1274 idoneum,
744 1220 867 1261 cum
903 1212 1068 1261 antea
1099 1208 1231 1261 urbs
1265 1221 1328 1261 ea
1370 1214 1530 1277 portu
1565 1207 1860 1262 caruisset.
1888 1205 2008 1260 Cte-

422 1306 601 1352 terum
653 1296 957 1367 imperator
990 1296 1242 1366 pecuniis
1277 1296 1335 1351 in
1391 1295 1707 1367 provincias
1765 1295 2012 1363 singulas

424 1388 803 1455 transmissis,
869 1388 1145 1458 plurimas
1202 1402 1269 1458 ex
1301 1386 1389 1442 bis
1439 1386 1607 1442 urbes
1659 1386 2007 1440 instauravit.

427 1475 680 1532 Durante
711 1484 895 1531 autem
930 1477 1033 1532 hoe
1064 1489 1222 1532 terras
1250 1485 1427 1544 motu,
1469 1491 1624 1530 mare
1646 1476 1809 1531 etiam
1849 1476 1906 1529 in
1931 1476 2012 1529 al-

421 1576 566 1632 tum,
602 1567 670 1622 ad
711 1568 857 1624 mille
905 1583 1128 1639 passus,
1180 1568 1449 1633 recessit;
1509 1566 1740 1621 navibus
1792 1565 2010 1621 interim

426 1659 617 1715 multis
650 1659 847 1715 exinde
881 1659 1282 1730 pereuntibus;
1335 1674 1687 1729 rursumque,
1717 1657 1875 1727 jussu
1931 1658 2012 1711 di-

424 1747 577 1818 vino,
615 1751 670 1805 in
707 1751 999 1820 pristinum
1029 1751 1244 1811 alveum
1283 1765 1559 1806 reversqu
1589 1755 1694 1805 est.

504 2004 673 2076 586
716 2006 908 2082 Mense
954 2005 1285 2077 Septembri,
1336 2005 1657 2062 indictionis
1682 2004 2015 2073 xv,Saneta:

424 2096 612 2153 ltenes
644 2099 907 2167 templum
941 2098 1006 2152 ad
1041 2097 1361 2153 ulteriorem
1391 2096 1565 2167 ripam
1601 2096 1656 2150 in
1687 2095 2015 2151 Justinianis

430 2191 702 2260 positum,
730 2189 1043 2244 dedicatum
1070 2197 1176 2245 est.
1229 2188 1464 2244 Sanctas
1517 2196 1700 2242 autem
1749 2186 2015 2256 reliquias

427 2280 800 2350 exportabant
855 2282 1054 2352 Magna
1102 2296 1168 2337 ex
1206 2281 1467 2345 ecclesia,
1500 2278 1829 2351 patriarchae
1878 2279 2012 2340 duo,

427 2371 621 2426 Menas
637 2370 1287 2442 Constantinopolitanus
1301 2380 1357 2428 et
1379 2372 1761 2443 Apollinarius
1780 2371 2016 2427 Alexan~

424 2462 623 2517 drinus
651 2482 665 2528 ;
696 2464 790 2533 qui
828 2466 1012 2519 currui
1058 2465 1417 2535 imperatorio
1462 2464 1704 2530 devecti,
1752 2464 2016 2535 reliquias

426 2554 659 2624 genibus
690 2554 811 2609 suis
838 2554 1179 2624 compositas
1204 2554 1517 2626 gestabant.

506 2730 710 2785 Eodem
749 2737 1000 2799 tempore
1025 2739 1246 2799 portus,
1289 2730 1776 2786 Secundianorum
1815 2730 2018 2802 palatio

428 2823 668 2887 vicinus,
699 2822 860 2891 aquis
887 2823 1193 2887 exhaustis,
1231 2831 1563 2893 repurgatus
1589 2830 1693 2877 est.

497 2911 692 2966 Mense
743 2914 1019 2983 Augusto,
1069 2911 1267 2967 indict.
1312 2927 1404 2968 XV.
1457 2912 1669 2977 Menas,
1739 2907 2018 2981 archiepi-

432 3019 640 3074 scopus
670 3003 1358 3074 Constantinopolitanus,
1373 3004 1514 3058 diem
1549 3017 1709 3059 suum
1741 3001 1907 3069 obiit;
1933 3018 2021 3057 re-

433 3096 620 3167 liquiis
660 3097 782 3166 ejus
812 3098 1029 3167 Magnae
1067 3096 1320 3152 ecclesiae
1365 3096 1526 3163 juxta
1584 3110 1805 3150 sacrum
1845 3096 2018 3149 altare
2043 3136 2089 3192 ο

433 3190 729 3259 repositis:
771 3187 930 3258 cujus
961 3188 1014 3241 in
1046 3187 1226 3242 locum
1261 3187 1585 3258 Eutychius,
1617 3186 1854 3242 Amasia:
1887 3200 2016 3257 apo-

431 3279 740 3343 crisiarius,
772 3278 1043 3335 sulfeetus
1072 3286 1179 3335 est.

503 3368 688 3423 Mense
718 3369 914 3424 eodem
952 3370 1156 3425 Narses
1190 3370 1594 3436 cubicularius,
1635 3370 2015 3427 Romanorum

428 3461 728 3523 exarclius.
748 3460 816 3517 de
833 3462 1062 3517 victoria
1083 3477 1182 3517 sua
1205 3463 1459 3517 nuntium
1481 3462 1654 3517 Roma
1681 3464 1852 3519 misit.
1875 3463 2019 3519 Prae-

432 3552 508 3607 lio
525 3552 671 3607 enim
695 3568 822 3608 cum
855 3552 1040 3608 Totila
1062 3555 1242 3609 Gotbo
1273 3555 1597 3623 commisso,
1618 3554 1828 3612 Narses
1858 3572 2020 3627 supe-

433 3645 550 3697 rior
585 3643 765 3700 factus
804 3658 929 3699 eum
962 3644 1191 3707 occidit,
1219 3656 1514 3716 vestesque
1546 3647 1667 3717 ejus
1701 3655 2019 3704 cruentatas

431 3734 984 3809 Constantinopolim
1018 3736 1352 3795 transmisit.

500 3992 684 4050 Mense
704 3993 923 4062 Martio,
953 3996 1283 4054 indictionis
1312 4013 1354 4065 ι,
1381 3998 1683 4053 commotio
1711 3999 1781 4054 ab
1818 3998 2020 4056 inﬁmae

426 4087 599 4142 sortis
630 4088 976 4153 hominibus,
1015 4088 1088 4144 ob
1119 4103 1401 4144 nummum
1433 4088 1802 4159 diminutum,
1828 4104 2019 4148 coorta

423 4189 545 4236 est:
582 4195 693 4250 qua
723 4194 782 4237 re
808 4181 878 4236 ad
910 4181 1301 4251 imperatorem
1329 4181 1538 4247 delata,
1578 4198 1872 4238 nummum
1921 4200 2018 4239 va-

428 4271 597 4327 lorem
625 4287 789 4327 suum
825 4272 1118 4342 pristinum
1152 4272 1404 4328 obtinere
1427 4272 1619 4342 jussit.

444 4426 449 4431 ’
496 4449 690 4503 Mense
717 4446 988 4517 Augusto,
1020 4446 1344 4502 indictionis
1375 4462 1437 4513 tt,
1468 4456 1631 4504 terrae
1670 4461 1851 4507 motus
1880 4454 2011 4509 hor-
2048 4476 2092 4531 ο

426 4544 632 4599 rendus
665 4544 899 4608 exstitit,
927 4558 959 4597 a
984 4558 1095 4613 quo
1135 4542 1300 4615 487
1336 4543 1567 4599 aedilicia
1592 4546 2020 4617 quamplurima,

425 4636 621 4691 balnea
637 4636 802 4690 etiam
818 4645 872 4691 et
891 4636 1453 4708 ecclesiamllyzantini
1473 4640 1845 4708 quoquemuri
1865 4657 2017 4713 pars,

422 4744 695 4784 concussa
737 4735 1068 4784 corruerunt
1097 4746 1111 4784 :
1140 4728 1302 4798 cujus
1342 4730 1508 4785 etiam
1561 4730 1608 4783 vi
1659 4730 1847 4787 lancea
1883 4734 2014 4799 illa,

420 4839 591 4896 quam
643 4831 825 4880 statua
862 4825 916 4878 in
948 4823 1068 4879 foro
1120 4824 1466 4879 Constantini
1518 4823 1693 4894 posita
1739 4827 2008 4895 gestabat,

2110 566 2259 639 αύτῷ
2286 566 2365 637 τῷ
2395 566 2545 637 φόὃῳ
2585 564 2786 618 ἔπαθον
2813 565 2869 619 αἱ
2897 564 3103 630 πόλεις,
3138 562 3288 619 τοῦτ’
3336 564 3453 619 ἐστι
3490 566 3689 639 Τύρος,

2109 656 2304 725 Σιδὼν,
2353 658 2622 729 Βηρυτὸς,
2674 656 2958 728 Τρίπολις,
3019 656 3307 723 Βύϐλοςυ,
3343 657 3694 729 Βότρυς,καὶ

2109 748 2284 803 ἄλλων
2335 749 2545 802 πόλεων
2604 748 2766 819 μέρη.
2819 746 3257 819 Κατελήφθησαν
3295 747 3354 802 δὲ
3398 750 3456 802 ὲν
3498 749 3692 814 αὑταῖς

2110 841 2206 894 καὶ
2267 839 2449 911 πλήθη
2497 837 2828 910 ἀνθρώπων.
2881 837 2971 892 Ἑν
3028 837 3087 892 δὲ
3118 840 3187 910 τῇ
3243 836 3402 892 πόλει
3457 839 3694 910 Βότρυος

2109 931 2440 1002 ἀπεσπάσθη
2469 930 2579 984 ἀπὸ
2607 927 2702 983 τοῦ
2730 928 3143 1003 παρακειμένου
3168 932 3236 1002 τῇ
3265 929 3514 1002 θαλάσσῃ
3535 930 3695 1002 ὅρους

2061 1090 2068 1095 _
2108 1021 2205 1074 τοῦ
2234 1021 2467 1091 ἐπίκλην
2521 1020 2956 1092 Λιθοπροσὼπου
2982 1018 3097 1091 (55)
3126 1020 3293 1092 μέρος
3334 1022 3430 1075 καὶ
3459 1021 3694 1093 κατηνέ-

2111 1110 2215 1181 χθη
2245 1112 2324 1174 εἰς
2375 1110 2474 1182 τὴν
2536 1109 2841 1178 θάλασσαν,
2894 1110 2991 1164 καὶ
3034 1110 3333 1164 ἀπετέλεσε
3376 1109 3695 1181 λιμένα,ὼς

2110 1200 2373 1255 δύνασθαι
2421 1202 2613 1273 ὁρμεῖν
2637 1201 2685 1233 ⁸³
2704 1203 2763 1254 ὲν
2788 1199 2866 1271 τῷ
2897 1199 3081 1271 λιμένι
3107 1198 3203 1253 τοῦ
3242 1199 3696 1264 ἀποσπασθέντας

2112 1289 2273 1363 ὅρους
2302 1291 2466 1345 πλοῖα
2498 1288 2865 1361 παμμεγέθη·
2897 1289 3000 1343 οὐκ
3027 1285 3144 1360 εἶχε
3175 1288 3285 1359 γὰρ
3306 1290 3341 1360 ἡ
3370 1291 3512 1358 αὐτὴ
3540 1289 3697 1353 πόλις

2111 1382 2174 1433 τὸ
2212 1381 2382 1435 πάλαι
2435 1381 2654 1451 λιμένα.
2695 1381 2755 1434 '0
2783 1380 2841 1435 δὲ
2875 1378 3038 1445 αὐτὸς
3090 1378 3350 1449 βασιλεὺς
3407 1378 3697 1433 ἀπέστειλε

2114 1472 2375 1542 χρήματα
2405 1472 2464 1525 ὲν
2515 1471 2721 1536 πάσαις
2769 1473 2891 1536 ταῖς
2953 1469 3249 1542 ἐπαρχίαις
3302 1472 3397 1525 καὶ
3439 1472 3699 1540 ἀνήγειρε

2116 1563 2326 1635 φανερά
2356 1562 2506 1636 [250}
2549 1562 2659 1617 τῶν
2700 1562 2879 1617 αὐτῶν
2940 1562 3175 1617 πόλεων.
3219 1561 3383 1617 Ἐνδὲ
3413 1561 3493 1632 τῷ
3523 1561 3699 1633 καιρῷ

2114 1655 2210 1709 τοῦ
2231 1654 2468 1726 σεισμοῦ
2530 1655 2702 1724 ἔφυγε
2734 1653 2980 1708 θάλασσα
3007 1654 3089 1718 είς
3117 1654 3179 1708 τὸ
3218 1654 3453 1722 πέλαγος
3482 1653 3579 1706 ἐπὶ
3607 1653 3698 1722 μί·-

2117 1743 2231 1797 λιον
2251 1743 2329 1808 ἓν,
2353 1744 2447 1797 καὶ
2502 1743 2786 1798 ἀπώλοντο
2841 1743 3003 1797 πλοῖα
3057 1742 3263 1797 πολλά’
3291 1743 3389 1797 καὶ
3418 1743 3583 1796 πάλιν
3632 1744 3699 1814 τῇ

2045 1811 2086 1866 Β
2114 1833 2209 1887 τοῦ
2252 1834 2389 1888 Θεοῦ
2430 1832 2692 1888 κελεύσει
2741 1833 3092 1905 ἀπεκατέστη
3117 1836 3151 1905 ὴ
3181 1832 3428 1888 θάλασσα
3476 1834 3559 1896 είς
3605 1811 3701 1903 τὴν

2114 1926 2352 1997 ἀρχαίαν
2379 1927 2590 1998 κοίτην.

2183 2017 2332 2088 Μηνὶ
2379 2016 2752 2087 Σεπτεμϐρίῳ
2793 2015 3124 2079 ίνδικτιῶνος
3155 2021 3215 2069 ιε’
3244 2014 3437 2084 γέγονε
3491 2014 3562 2067 τὰ
3613 2015 3702 2081 ὲγ-

2114 2108 2301 2162 καίνια
2327 2109 2424 2179 τῆς
2447 2109 2611 2176 ἁγίας
2637 2108 2879 2179 Εἰρήνης
2920 2108 3018 2178 τῆς
3053 2106 3221 2178 ούσης
3259 2106 3434 2176 πέραν
3466 2108 3525 2160 ὲν
3569 2106 3701 2158 Ἰου-

2118 2203 2417 2262 στινιαναῖς
2438 2200 2571 2271 (54)’
2607 2200 2703 2253 καὶ
2728 2198 2959 2269 ἐξῆλθον
2987 2198 3058 2254 τὰ
3087 2200 3223 2269 am
3255 2199 3483 2269 λείψανα
3513 2201 3579 2253 ὲκ
3604 2199 3700 2270 τῆς

2114 2292 2374 2363 Μεγάλης
2404 2293 2704 2365 ἐκκλησίας
2746 2292 2887 2364 μετὰ
2928 2293 3024 2346 καὶ
3046 2292 3155 2346 τῶν
3183 2292 3277 2346 δύο
3316 2290 3698 2363 πατριαρχῶν,

2115 2383 2261 2453 λέγω
2280 2382 2345 2453 δὴ
2367 2384 2532 2452 Μηνᾶ
2554 2383 2648 2437 τοῦ
2682 2383 3031 2454 πατριάρχου
3071 2383 3704 2446 Κωνσταντινουπόλεως

2117 2476 2213 2528 καὶ
2258 2474 2670 2546 ’Λπολλιναρίου
2700 2475 2747 2507 ³⁸
2779 2476 2874 2544 τοῦ
2933 2474 3093 2528 πὰπα
3137 2474 3552 2547 Ἀλεξανδρείας
3572 2492 3587 2505 ·
3611 2476 3704 2531 καὶ

2116 2560 2376 2615 ἐκάθισαν
2440 2562 2743 2635 ἀμφότεροι
2770 2565 2828 2617 ὲν
2858 2563 2936 2633 τῷ
2956 2562 3224 2634 βασιλικῷ
3254 2565 3522 2635 ὀχήματι,
3570 2581 3699 2620 κατ-

2118 2652 2333 2722 έχοντες
2366 2655 2425 2706 ὲν
2453 2656 2566 2715 τοῖς
2596 2654 2820 2721 γόνασιν
2851 2654 3032 2707 αὐτῶν
3058 2655 3126 2708 τὰ
3147 2654 3305 2726 τίμια
3332 2654 3586 2723 λείψανα.

2190 2744 2300 2797 Καὶ
2328 2743 2405 2815 τῷ
2434 2744 2585 2816 αὐτῷ
2611 2747 2792 2817 χρόνῳ
2856 2730 3159 2818 ὲξηντλήθη
3194 2748 3288 2800 καὶ
3316 2745 3657 2818 ἐκαθαρίσθη
3679 2748 3707 2800 ὁ

2119 2836 2285 2909 λιμὴν
2317 2839 2346 2889 ό
2392 2837 2622 2908 πλησίον
2652 2838 2745 2891 τοῦ
2769 2837 3035 2891 παλατίου
3065 2836 3487 2891 Σεκουνδιανῶν.

2188 2926 2338 2995 Μηνὶ
2381 2925 2680 2996 Αὐγούστῳ
2735 2927 3067 2991 ίνδικτιῶνος
3106 2933 3167 2980 ιε’
3186 2926 3421 2999 τελευτᾷ
3449 2927 3647 2998 Μηνᾶς
3679 2929 3709 2981 ὁ

2122 3018 2561 3088 ἀρχιεπίσκοπος
2616 3019 3252 3082 Κωνσταντινουπόλεως
3273 3037 3286 3050 ο
3320 3019 3416 3071 καὶ
3451 3019 3706 3088 κειμένου

2120 3108 2214 3161 τοῦ
2244 3108 2598 3178 λειψάνουείς
2626 3110 2686 3163 τὸ
2719 3110 2875 3180 ἅγιον
2908 3110 3299 3187 θυσιαστήριον
3320 3111 3419 3182 τῆς
3443 3112 3709 3180 Μεγάλης

2122 3198 2414 3269 ἐκκλησίας
2472 3201 2664 3269 γέγονε
2725 3202 3078 3273 πατριάρχης
3125 3202 3388 3273 Εὐτύχιος
3415 3204 3444 3256 ό
3480 3205 3713 3273 ἀποκρι-

2123 3290 2334 3360 σιάριος
2376 3291 2700 3362 Ἀμασείας.

2190 3379 2303 3434 Καὶ
2340 3379 2418 3451 τῷ
2450 3380 2598 3451 αύτῷ
2653 3384 2787 3453 μηνὶ
2834 3383 3079 3436 ἐπινίκια
3124 3379 3290 3453 ἦλθον
3336 3384 3446 3437 ἀπὸ
3493 3383 3712 3456 Ῥώμης

2118 3469 2226 3523 ἀπὸ
2280 3470 2504 3543 Ναρσοῦ
2551 3472 2646 3526 τοῦ
2682 3473 3135 3544 κουὸικουλαρίου
3164 3476 3259 3529 καὶ
3288 3475 3529 3546 ἐξάρχου
3574 3475 3710 3530 Ῥω-

2122 3559 2317 3630 μαίων.
2351 3561 2731 3631 Συμϐαλόντος
2763 3564 2871 3634 γὰρ
2920 3564 3086 3618 αὑτοῦ
3109 3563 3259 3637 [251]
3288 3566 3532 3636 πόλεμον
3570 3566 3713 3637 μετά

2119 3650 2318 3703 Τοτίλα
2334 3652 2400 3717 ’⁵,
2446 3653 2613 3724 ρηγὸς
2665 3652 2775 3707 τῶν
2814 3654 3049 3721 Γότθων,
3102 3657 3246 3709 κατά
3289 3657 3494 3728 κράτος
3556 3659 3713 3729 νική-

2122 3756 2221 3804 σας
2238 3740 2285 3772 ²⁸
2317 3740 2408 3795 τὸν
2451 3741 2690 3812 πόλεμον
2751 3742 2846 3796 καὶ
2896 3744 3064 3797 αὐτὸν
3098 3744 3409 3810 κατέσφαξε
3429 3761 3444 3775 ·
3478 3743 3575 3798 καὶ
3603 3745 3707 3796 ὲπ-

2121 3831 2307 3902 έμφθη
2365 3831 2437 3886 τὰ
2487 3834 2678 3911 ἱμάτια
2736 3834 2902 3888 αὑτοῦ
2948 3821 3253 3907 ᾑμαγμένα
3274 3838 3332 3889 ἐν
3363 3837 3712 3890 Κωνσταντι-

2120 3924 2396 3980 νουπόλει.
2755 3942 2759 3946 '

2191 4017 2339 4087 Μηνὶ
2389 4017 2620 4089 Μαρτίῳ
2679 4018 3013 4084 ίνδικτιῶνος
3059 4027 3107 4074 α’
3136 4020 3359 4089 ἐγένετο
3403 4021 3710 4094 διαστροφὴ

2120 4106 2216 4160 τοῦ
2245 4106 2521 4177 κέρματος
2540 4123 2555 4137 ·
2579 4109 2673 4161 καὶ
2705 4110 2769 4161 ἐκ
2797 4110 2906 4162 τῶν
2928 4108 3162 4179 πτωχῶν
3201 4109 3449 4174 στάσεως
3481 4109 3714 4180 γενομέ-

2122 4213 2221 4268 νης
2272 4199 2367 4252 καὶ
2414 4197 2647 4270 θορύϐου
2711 4200 2983 4271 ἀνηνέχθη
3018 4200 3097 4270 τῷ
3129 4200 3279 4271 αὐτῷ
3334 4201 3579 4271 βασιλεῖ·
3614 4200 3709 4254 καὶ

2121 4287 2377 4340 ἐκέλευσε
2424 4289 2521 4359 τὴν
2577 4291 2917 4345 κατάστασιν
2962 4290 3058 4344 τοῦ
3109 4294 3389 4363 κέρματος
3437 4293 3690 4361 κρατῆσα

2125 4379 2270 4433 κατά
2299 4378 2360 4432 τὸ
2383 4381 2610 4449 ἀρχαῖον
2633 4380 2774 4443 ἔθος.

2210 4469 2295 4524 Ἐν
2319 4470 2377 4523 δὲ
2400 4471 2479 4541 τῷ
2502 4472 2800 4543 Αὐγούστῳ
2853 4474 2985 4544 μηνὶ
3009 4473 3111 4545 τῆς
3141 4474 3405 4546 δευτέρας
3441 4473 3712 4529 ἰνδικτιῶ-

2133 4578 2221 4626 νος
2272 4562 2517 4633 ἐγένετο,
2551 4564 2776 4635 σεισμὸς
2828 4564 3081 4634 φοϐερὸς,
3113 4564 3257 4618 ὥστε
3304 4546 3503 4618 παθεῖν
3530 4567 3714 4629 οἴκους

2131 4652 2362 4716 πολλοὺς
2411 4653 2507 4705 καὶ
2560 4653 2763 4725 λουτρά
2822 4654 2917 4707 καὶ
2958 4654 3257 4724 ἐκκλησίας
3285 4655 3380 4707 καὶ
3428 4654 3574 4725 μέρη
3605 4653 3713 4708 τῶν

2125 4744 2351 4815 τειχέων
2412 4744 2609 4799 παθεῖν
2636 4747 2693 4799 ὲν
2718 4746 3017 4816 Βυζαντίῳ.
3059 4746 3151 4799 Ἐν
3191 4744 3342 4817 αὐτῷ
3365 4745 3424 4799 δὲ
3451 4746 3530 4816 τῷ
3562 4745 3713 4815 φόὸῳ

2124 4834 2321 4888 ἔπεσεν
2360 4837 2395 4907 ἡ
2443 4835 2609 4907 λόγχη
2634 4877 2648 4901 ,
2705 4837 2773 4908 ἢν
2829 4838 3050 4908 ἐκράτει
3087 4838 3149 4891 τὸ
3186 4837 3410 4909 ἄγαλμα
3444 4838 3509 4891 τὸ
3545 4841 3603 4892 ὲν
3633 4838 3714 4909 τῷ

420 4946 441 4985 ι
1744 4917 1981 4976 VARUE
2009 4924 2415 4985 LECTIUNES.

497 5008 541 5039 ἰ
572 5005 1021 5092 amandas-(0::
1075 5009 1143 5092 β’
1174 5007 1541 5092 βύϐλοςϐιξη
1581 5007 1771 5092 Βίξλος
1796 5009 1898 5067 ΟΧ.
1959 5016 2022 5092 ,³³
2042 5017 2393 5092 ὀρμείνβίι,
2420 5020 2599 5092 ὁρμῆν
2664 5019 2766 5077 0x.
2845 5021 2893 5053 ”
2935 5020 3347 5091 Ἀπολλιναρίου
3375 5020 3504 5088 Ch.,
3550 5023 3709 5075 Ἀπο-

420 5075 659 5149 λιναρίου
679 5076 785 5175 ‘Ox.
862 5080 907 5109 ’⁵
944 5076 1141 5131 Τότιλα
1172 5076 1274 5133 0x.
1352 5078 1398 5109 ’⁸
1421 5078 1530 5147 γὰρ
1557 5079 1815 5149 νικήσας.
1858 5100 1876 5131 ι
1911 5084 2020 5155 γὰρ
2049 5075 2341 5144 redundat.
2381 5075 2413 5143 ἰ
2444 5075 2544 5146 Cit.

1682 5168 1789 5225 Εἰ).
1828 5172 2202 5235 ClllLMEADl
2237 5181 2466 5238 ΝΟΤιιΕ.

491 5260 607 5327 (55)
634 5258 742 5312 Τοῦ
780 5260 1012 5331 ἐπίκλην
1045 5261 1497 5331 Λιθοπροσώπου.
1523 5260 1727 5316 Eadem
1776 5267 2004 5322 omnino

422 5316 601 5384 habes
649 5330 793 5402 apud
843 5316 1173 5402 Cedrentrm.
1225 5316 1430 5385 Verum
1478 5316 2001 5402 Pomponin'sﬁlldela

421 5401 997 5473 promontoriumwhoc
1019 5441 1033 5465 ,
1067 5400 1463 5473 Euprosopon_,
1500 5400 1706 5473 vocare
1752 5407 1969 5460 videtur
1990 5450 2003 5473 ,

422 5469 811 5545 Desitunorb.
868 5472 960 5526 lib.
1012 5487 1050 5535 ι,
1077 5469 1207 5545 cap.
1245 5475 1358 5526 l2:
1399 5471 1491 5545 ΑΙ)Δ
1523 5470 1707 5545 εα-αᾴ
1755 5469 2008 5545 promoer

422 5540 621 5660 l‘orium
661 5539 1020 5612 Enprosopou
1053 5539 1305 5597 duo’sunt
1335 5542 1561 5611 oppida,
1598 5539 1794 5611 Byblus
1826 5557 1873 5601 el
1903 5547 2007 5602 Bo-

452 5625 565 5660 rus.

452 5625 565 5675 σιμ.

2104 5273 2235 5327 olim
2271 5274 2414 5329 dicta
2441 5284 2596 5331 sunt.
2629 5276 2897 5344 Stepltan.
2929 5276 2998 5330 de
3034 5274 3164 5331 Urb.
3197 5276 3393 5338 Συκαὶ,
3427 5274 3586 5338 πόλις
3614 5275 3708 5344 ἀντ

2102 5345 2263 5413 τικρὺ
2306 5346 2408 5414 τῆς
2444 5346 2589 5417 ’νέας
2643 5334 2890 5417 Ῥώμης,
2933 5347 2966 5414 ἡ
2998 5346 3122 5399 καθ’
3156 5347 3304 5415 ἡμᾶς
3328 5334 3708 5417 Ἰουστινὶαναὶ

2104 5414 2628 5485 προσαγορευθεῖσα.
2661 5414 2933 5485 Procopio
2959 5426 3140 5468 tamen
3168 5415 3581 5473 Ἰουκονδιάναι.
3611 5418 3704 5485 vd;

2104 5482 2321 5547 cantur,
2354 5482 2457 5540 _De
2500 5484 2670 5539 1Edil‘.
2701 5482 2907 5541 Justiti.
2959 5487 3052 5538 lib.
3086 5502 3123 5545 ι,
3162 5486 3265 5539 nisi
3311 5502 3468 5539 error
3495 5482 3701 5540 librarii

2106 5556 2197 5625 sit.
2254 5555 2424 5625 llmlie
2449 5624 2461 5625 γ
2502 5555 2698 5610 Galam
2742 5565 2968 5625 vocatur
3013 5556 3115 5608 hoc
3158 5556 3465 5625 oppidum:
3502 5557 3571 5610 de
3595 5565 3703 5623 quo

2106 5624 2231 5678 vide
2268 5623 2384 5696 Pet.
2434 5624 2671 5696 Gyllium
2720 5625 2798 5681 De
2849 5624 3088 5695 'l'opogr.
3130 5623 3423 5680 constant.
3484 5625 3579 5681 lib.
3621 5635 3698 5688 tv,

782 5678 948 5765 οθὲης
980 5680 1155 5765 τξέρξγ
1177 5683 1239 5734 ἐν
1270 5680 1699 5765 ’ςιιθστινιανσιῖς¹
1720 5684 2015 5765 ,διιιψιειιίτξ

424 5743 546 5799 Itch
595 5743 787 5803 littore
844 5743 1328 5820 Constantinopoli
1379 5751 1619 5808 adverso
1660 5743 1814 5821 'sita,
1848 5757 2019 5812 Συκαὶ
