3988 6136
338 304 444 367 705

1366 304 2049 367 CHRONOGRAPIIIA;
2089 332 2155 340 -
2176 307 2324 366 LIB.
2355 308 2580 368 XVIII.

3505 312 3610 374 706
3628 371 3635 377 .

342 412 497 482 φόρῳ
549 412 962 464 Κωνσταντίνου
985 452 998 470 .
1059 415 1152 467 καὶ
1206 412 1493 484 κατεπάρη
1531 415 1590 465 ἐν
1612 415 1678 484 τῇ
1707 415 1776 483 γῇ
1811 412 1924 485 (55)

2037 414 2341 479 ιΙεῑυνὺιιιο,
2376 416 2443 469 ad
2491 424 2605 470 tres
2663 415 2880 470 cubitus
2919 416 2970 469 in
3027 424 3228 469 terram
3284 422 3609 484 penetravit.

343 503 439 554 ἐπὶ
498 503 696 570 πήχεις
743 503 917 573 τρεῖς.
952 501 1042 552 Ἐν
1068 503 1123 553 δέ
1154 503 1267 562 τοῖς
1307 503 1682 573 συμπτώμασι
1738 502 1924 555 πολλοὶ

347 592 784 665 συνελήφθησαν.
840 594 928 645 Ἑν
981 593 1132 664 αὑτῷ
1177 593 1233 645 δὲ
1270 592 1348 663 τῷ
1402 594 1555 664 φόϐῳ
1610 594 1702 647 καὶ
1766 593 1924 648 ἄλλαι

344 687 530 753 πόλεις
577 688 804 753 ἔπαθον,
832 691 889 742 ἐν
918 683 1002 752 οἷς
1034 689 1129 743 καὶ
1157 689 1203 742 Ν
1212 686 1529 760 ικομηδείας
1561 689 1729 759 μέρος
1750 688 1923 741 κατα-

343 783 528 833 πεσεῖν
561 780 699 851 (56).
736 780 833 833 Ἐκ
861 779 918 832 δὲ
944 779 1055 832 τῶν
1084 780 1514 849 συμπτωμάτων
1551 779 1925 849 Νικομηδείας

342 874 434 927 καὶ
481 872 606 943 μεθ’
660 871 873 941 ἡμέρας
920 870 1068 934 τινὲς
1114 871 1317 934 ζῶντες
1346 869 1750 940 ἀνηνέχθησαν.
1797 870 1927 922 Ἐπ-

342 964 618 1035 εκράτησε
645 958 701 1016 ἃ
730 966 759 1017 ό
787 962 947 1027 αὐτὸς
979 963 1202 1032 σεισμὸς
1226 963 1438 1034 ἡμέρας
1461 970 1534 1033 μ’.

291 1072 328 1119 ξ’
409 1056 560 1126 Μηνὶ
615 1056 824 1127 Ἰουλίῳ
863 1054 1199 1118 ίνδικτιῶνος
1227 1055 1268 1109 δ’
1302 1056 1702 1120 στασιάσαντες
1731 1057 1781 1109 οἱ
1821 1058 1926 1110 Σα-

346 1149 603 1220 μαρεῖται
632 1147 726 1200 καὶ
748 1148 799 1200 οἱ
828 1146 1073 1199 Ἰουδαῖοι
1093 1149 1150 1199 ἐν
1179 1147 1494 1218 Καισαρείᾳ
1533 1147 1922 1217 Παλαιστίνης,

343 1242 671 1311 ποιήσαντες
707 1239 768 1292 τὸ
789 1237 848 1292 ἓν
876 1239 961 1300 είς
1010 1238 1279 1309 ἀλλήλους
1328 1237 1481 1311 [232]
1544 1240 1620 1303 ὡς
1671 1241 1730 1292 ἐν
1772 1237 1927 1303 τάξει

347 1331 588 1402 μερικῶν
608 1329 849 1399 ἐπῆλθον
876 1331 992 1393 τοῖς
1022 1329 1373 1399 Χριπιανοίς
1393 1330 1494 1400 τῆς
1527 1328 1697 1400 αὐτῆς
1719 1328 1927 1392 πόλεως

344 1431 438 1477 καὶ
457 1421 693 1485 πολλοὺς
716 1420 1063 1491 κατέσφαξαν
1094 1420 1202 1474 τῶν
1247 1421 1615 1490 Χριστιανῶν.
1656 1418 1927 1489 Ἐπῆλθον

345 1515 400 1569 δὲ
430 1515 526 1568 καὶ
559 1514 873 1586 ἐπόρθησαν
908 1514 1007 1579 τὰς
1069 1513 1384 1584 ἐκκλησίας.
1430 1513 1541 1566 Καὶ
1581 1512 1676 1567 τοῦ
1727 1510 1929 1582 ἄρχον-

330 1622 434 1680 τος
455 1606 556 1676 τῆς
617 1606 789 1677 αὐτῆς
850 1606 1059 1670 πόλεως
1123 1605 1435 1671 ἐξελθόντος
1483 1604 1623 1675 πρὸς
1672 1601 1927 1674 βοήθειαν

327 1686 451 1751 ’τῶν
479 1697 828 1769 Χριστιανῶν
868 1698 1103 1769 ἐπῆλθον
1144 1698 1193 1750 0!
1224 1698 1382 1750 αὐτοὶ
1434 1697 1793 1766 Σαμαρεῖται,
1825 1695 1928 1748 κά-

316 831 336 895 l

2026 505 2411 560 Corrnentium
2434 506 2992 560 anteuizcdiliciorum
3027 522 3056 560 a
3092 507 3267 563 ruinis
3296 510 3611 563 mortalium

2029 599 2252 667 plurimi
2286 599 2594 669 perierunt.
2632 598 2894 653 Eamdem
2931 600 3381 653 consternatione
3428 632 3435 647 ι
3488 615 3617 654 sen-

2028 700 2220 743 serunt
2297 691 2462 745 urbes
2510 692 2737 760 insuper
2786 690 2946 757 aliaa;
2990 705 3128 760 quas
3177 692 3320 745 inter
3367 691 3618 749 Nicome-

2027 779 2130 833 diae
2153 794 2376 848 quoque
2398 794 2525 849 pars
2555 778 2779 848 delapsa
2809 779 3101 848 est:cnjus
3128 781 3291 834 etiam
3323 781 3616 838 ruderibus

2027 870 2209 923 obruti
2242 869 2517 933 nonnulli,
2549 869 2750 925 diebus
2782 869 3015 939 aliquot,
3053 870 3158 922 vivi
3192 869 3615 926 ell'odiebantnr.

2029 964 2262 1017 lnvaluit
2292 972 2475 1018 autem
2505 971 2669 1019 terra;
2701 975 2885 1018 motus
2911 963 3016 1019 iste
3047 979 3143 1033 per
3174 980 3240 1018 τι
3274 965 3415 1021 dies.

2101 1054 2286 1110 Mense
2315 1052 2465 1108 Julio
2488 1094 2503 1118 ,
2555 1054 2880 1109 indictionis
2913 1070 2988 1121 ιν,
3021 1053 3313 1110 Samarita:
3333 1042 3618 1128 Judaaique

2028 1149 2083 1202 in
2105 1146 2355 1204 Caesarea
2376 1145 2688 1202 Palaestinae
2715 1184 2730 1209 ,
2768 1146 2914 1200 inter
2944 1161 3004 1201 se
3029 1146 3358 1215 conSpirati,
3383 1150 3618 1203 seditio-

2029 1253 2152 1293 nem
2185 1238 2359 1291 moliti
2404 1245 2572 1302 sunt;
2618 1244 2674 1293 et
2722 1235 3032 1291 factionum
3073 1238 3372 1293 conllictus
3412 1256 3524 1309 prae
3557 1256 3618 1295 se

2030 1330 2296 1394 ferentes,
2331 1331 2684 1388 Christianos
2716 1331 3090 1387 Caesarienses
3123 1349 3228 1387 una
3262 1334 3614 1399 adortisunt,

2030 1423 2413 1493 plurimosque
2447 1423 2875 1488 interfecerunt,
2917 1424 3179 1479 ecclesiis
3215 1424 3381 1478 etiam
3422 1440 3615 1479 eorum

2029 1515 2286 1585 direptis.
2320 1516 2465 1582 Quin
2505 1515 2854 1585 Stephanum
2923 1531 3167 1586 quoque,
3218 1516 3374 1572 urbis
3424 1516 3618 1585 praele-

2031 1617 2204 1669 Ctum,
2229 1603 2323 1673 qui
2356 1602 2690 1659 Christianis
2730 1604 3034 1660 advenerat
3057 1606 3363 1675 suppetias,
3408 1606 3616 1670 adorti,

2032 1697 2087 1750 in
2127 1695 2393 1765 praatorio
2426 1694 2795 1761 occiderunt,
2847 1696 3014 1752 bonis
3047 1698 3213 1752 etiam
3256 1700 3374 1768 ejus
3407 1699 3616 1768 ereptis

346 1791 522 1842 κεῖνον
580 1788 934 1859 κατέσφαξαν
957 1791 1015 1843 ἐν
1048 1789 1127 1860 τῷ
1150 1788 1495 1860 πραιτωρίῳ,
1525 1787 1621 1840 καὶ
1650 1786 1719 1840 τά
1740 1786 1925 1858 πράγ-

2037 1788 2318 1842 omnibus.
2354 1785 2509 1842 Uxor
2537 1786 2727 1858 itaque
2758 1788 2880 1859 ejus
2911 1777 3466 1859 Constantinopolim
3518 1805 3616 1858 pc-

347 1896 493 1950 ματα
556 1878 725 1933 αὑτοῦ
772 1879 955 1934 πάντα
1014 1879 1403 1951 καθήρπασαν.
1442 1880 1508 1932 Ἠ
1536 1878 1594 1932 δὲ
1644 1879 1783 1948 γυνὴ
1832 1877 1928 1931 τοῦ

348 1969 513 2027 αὐτοῦ
560 1972 823 2045 ἄρχοντος
879 1972 1186 2042 Στεφάνου,
1230 1969 1532 2025 ἀνελθοῦσα
1561 1974 1619 2024 ἐν
1638 1972 1931 2024 Κωνσταν-

350 2064 676 2130 τινουπόλει,
704 2064 979 2137 προσῆλθε
1001 2064 1081 2137 τῷ
1111 2064 1260 2135 αὐτῷ
1300 2062 1534 2136 βασιλεῖ.
1561 2063 1670 2117 Καὶ
1689 2061 1931 2126 ἀκούσας

343 2159 372 2211 ό
406 2158 660 2227 βασιλεὺς
684 2158 753 2212 τὰ
779 2158 1043 2226 γεγονότα
1101 2156 1207 2210 ὑπὸ
1262 2155 1374 2210 τῶν
1430 2154 1815 2227 Σαμαρειτῶν,
1836 2153 1932 2207 καὶ

346 2249 642 2319 θυμωθεὶς,
691 2248 947 2303 ἐκέλευσε
971 2248 1048 2320 τῷ
1084 2248 1198 2302 ὄντι
1234 2248 1359 2304 τότε
1391 2248 1612 2317 ἄρχοντι
1642 2248 1745 2322 τῇς
1769 2246 1931 2299 Ἀνα-

343 2343 506 2411 τολῆς
551 2341 827 2413 Ἀμαντίῳ
892 2340 1198 2412 ἐπιζητῆσαι
1249 2341 1320 2396 τὰ
1372 2340 1643 2411 γενόμενα
1693 2338 1789 2392 καὶ
1839 2337 1932 2391 τὸν

346 2436 507 2501 φόνον
537 2431 632 2486 τοῦ
689 2432 856 2486 αὐτοῦ
888 2432 1190 2501 Στεφάνου.
1225 2432 1416 2494 Ὅστις
1455 2430 1746 2501 Ἀμάντιος
1774 2427 1930 2493 δεξά-

347 2543 507 2594 μενος
557 2525 880 2595 ἀποκρίσεις
932 2523 1219 2594 βασιλικὰς
1245 2524 1340 2578 καὶ
1367 2521 1621 2576 ἀπελθὼν
1638 2522 1695 2574 ὲν
1727 2523 1930 2575 Καισα-

346 2617 491 2690 ρείᾳ,
519 2618 616 2672 καὶ
640 2617 993 2688 ἀναζητήσας
1017 2616 1145 2681 τοὺς
1175 2616 1549 2687 πεποιηκότας
1568 2615 1695 2679 τοὺς
1727 2615 1922 2683 φόνους

345 2712 439 2765 καὶ
492 2708 691 2780 εὑρὼν,
755 2711 884 2775 τοὺς
938 2708 1040 2779 μὲν
1097 2707 1585 2779 ὲφούρκισενῶᾯ,
1622 2706 1844 2776 ἑτέρους
1866 2705 1923 2758 δὲ

2027 1889 2168 1946 tens,
2203 1879 2349 1949 quod
2375 1896 2405 1934 a
2434 1878 2729 1936 Samaritis
2762 1888 3040 1951 patratum
3074 1882 3614 1952 fuerat,imperatnri

2027 1972 2267 2028 detulit:
2301 1972 2395 2043 qui
2424 1987 2593 2043 super
2623 1973 2711 2029 his
2742 1973 3086 2045 indignatus,
3111 1976 3395 2040 Amantio,
3418 1976 3617 2033 Orien-

2029 2062 2102 2117 tis
2153 2062 2368 2126 comiti,
2424 2063 2705 2132 negotium
2759 2061 2932 2128 dedit,
2973 2065 3051 2118 uti
3076 2079 3132 2119 re
3172 2066 3381 2121 certius
3423 2067 3615 2136 explo-

2029 2157 2149 2203 rata
2174 2189 2189 2214 ,
2225 2149 2495 2219 Stephani
2539 2149 2746 2204 caulem
2787 2150 2856 2204 ab
2896 2151 2965 2205 iis
3003 2152 3272 2222 exigeret.
3322 2154 3616 2208 Amantius

2032 2239 2222 2309 itaque
2246 2241 2531 2297 mandatis
2576 2241 2955 2311 imperatoriis
2989 2247 3257 2313 acceptis,
3293 2245 3608 2300 Caesaream

2031 2333 2313 2404 profectus
2367 2343 2487 2398 est;
2536 2342 2590 2387 et
2638 2333 2982 2402 perquisitos
3024 2334 3097 2389 ibi
3148 2335 3316 2389 caedis
3358 2346 3616 2391 auctores

2030 2425 2122 2480 ubi
2155 2430 2484 2493 invenerat,
2531 2426 2631 2481 hos
2679 2426 2732 2479 in
2764 2425 2974 2480 furcam
3008 2425 3140 2498 egit,
3176 2427 3261 2482 his
3295 2427 3503 2497 capita,
3544 2428 3615 2482 il-

2027 2518 2095 2573 lis
2122 2517 2292 2590 488
2329 2518 2558 2574 dextras
2595 2520 2939 2588 amputavit;
2975 2519 3246 2588 quosdam
3294 2522 3460 2574 etiam
3509 2522 3612 2575 ho-

2029 2628 2230 2665 norum
2283 2611 2666 2681 publicatione
2704 2612 2988 2666 multavit.
3031 2612 3208 2666 Metus
3245 2612 3371 2668 inde
3421 2615 3616 2684 ingens

2031 2701 2490 2765 Caesariensibus,
2518 2704 2732 2770 totique
2764 2703 2903 2755 adeo
2937 2701 3145 2757 Orienti
3197 2704 3459 2760 incussus
3504 2716 3614 2766 est.

343 2800 719 2869 ἀπεκεφάλισε
779 2798 875 2854 καὶ
920 2799 1116 2864 ἄλλους
1180 2798 1565 2869 ἐδεξιοκόπησε
1614 2797 1707 2849 καί
1762 2812 1919 2859 τινας
1995 2793 2310 2864 ἐδήμευσε·
2380 2793 2476 2847 καὶ
2523 2793 2746 2861 ἐγένετο
2789 2792 2953 2863 φόϐος
3005 2793 3178 2864 μέγας
3227 2795 3286 2848 ἐν
3331 2798 3397 2867 τῇ
3460 2796 3614 2850 πόλει

344 2894 686 2965 Καισαρείας
720 2894 817 2948 καὶ
843 2896 903 2948 ἐν
925 2897 1039 2959 τοῖς
1073 2894 1437 2957 Ἀνατολικοῖς
1463 2892 1670 2964 μέρεσι.

413 2988 565 3059 Μηνὶ
617 2988 983 3060 Δεκεμϐρίῳ,
1046 2987 1342 3043 ίνδικτιῶνι
1372 2990 1437 3060 τῇ
1496 2990 1660 3060 αὐτῇ,
1710 2988 1928 3057 ἐγένετο

345 3080 537 3150 θνῆσις
582 3080 681 3137 ἀνθ
692 3080 890 3153 ρώπων
912 3083 970 3134 ἐν
987 3082 1267 3153 διαφόροις
1294 3083 1504 3136 πόλεσι.

413 3175 564 3244 Μηνὶ
616 3175 780 3245 Μαΐῳ
823 3175 867 3205 ³⁷
918 3175 1018 3246 τῆς
1067 3175 1240 3244 αὐτῆς
1307 3175 1644 3238 ίνδικτιῶνος
1713 3174 1931 3244 ἐγένετο

349 3266 541 3329 σπάνις
562 3265 731 3337 ἄρτου
761 3267 819 3319 ἐν
841 3266 1438 3328 Κωνσταντινουπόλει,
1465 3268 1561 3320 καὶ
1599 3267 1737 3337 πρὸς
1773 3266 1870 3337 μὲν
1884 3266 1930 3297 ³⁸

346 3358 525 3428 ὀλίγον
553 3358 933 3430 ὲστενώθησαν
966 3360 1018 3414 οἱ
1047 3359 1326 3430 ἄνθρωποι
1349 3358 1522 3432 [233],
1563 3362 1658 3414 καὶ
1691 3359 1931 3431 ἔκραξαν

345 3449 422 3521 τῷ
440 3449 591 3521 αὐτῷ
625 3450 836 3521 βασιλεῖ
860 3454 919 3506 ἐν
942 3450 1209 3522 γενεθλίῳ
1244 3450 1358 3523 (58)
1394 3452 1831 3522 συνθεωροῢντος
1853 3450 1930 3522 τῷ

347 3539 496 3611 αὐτῷ
528 3539 738 3610 βασιλεί
764 3541 1107 3612 πρεσϐευτοῦ
1137 3540 1394 3613 Περσῶν⁶
1419 3542 1515 3596 καὶ
1544 3543 1930 3613 ἀγανακτήσας

347 3631 376 3681 ὁ
399 3630 561 3694 αὐτὸς
589 3630 848 3700 βασιλεὺς
891 3631 1104 3687 κελεύει
1159 3633 1466 3705 Μουσωνίῳ
1487 3634 1534 3666 ⁸³
1565 3634 1641 3703 τῷ
1681 3633 1793 3688 ὄντι
1826 3636 1929 3686 ἐπ-

348 3720 501 3791 άρχῳ
550 3722 780 3787 πόλεως,
838 3724 935 3778 καὶ
985 3724 1399 3796 κατεσχέθησαν
1448 3726 1514 3779 ἐκ
1555 3724 1649 3779 τοῦ
1701 3726 1927 3778 Βενέτου

351 3811 552 3883 μέρους
581 3813 680 3868 καὶ
714 3814 1092 3886 ἐκολάσθησάν
1119 3832 1266 3880 τινες
1294 3816 1403 3871 τῶν
1433 3815 1662 3880 ἐνδόξων
1693 3817 1923 3886 ἀνδρῶν.

312 3966 317 3971 δ
349 3906 601 3978 Κατέσχε
639 3908 697 3962 δέ
736 3910 770 3980 ἡ
801 3908 939 3980 αὑτὴ
990 3909 1189 3974 σπάνις
1243 3909 1340 3963 τοῦ
1371 3910 1536 3981 ἄρτου
1593 3909 1689 3963 ἐπὶ
1753 3912 1928 3981 μῆνας

348 3998 517 4067 τρεῖς.
545 3998 658 4052 Καὶ
707 3998 829 4070 μετ’
861 3998 1052 4068 ὀλίγας
1092 3998 1311 4071 ἡμέρας
1360 4000 1612 4068 ἐγένοντο
1646 4002 1929 4072 ἀστραπαὶ

349 4087 442 4141 καὶ
469 4087 695 4159 βρονταὶ
723 4089 959 4162 φοϐεραὶ
986 4092 1044 4145 ἐν
1069 4090 1352 4163 διαφόροις
1384 4091 1627 4155 πόλεσιν,
1655 4090 1797 4146 ὥστε
1833 4092 1928 4147 καὶ

349 4181 599 4247 πολλοὺς-
610 4181 900 4254 βλαϐῆναι.

2079 2979 2296 3034 Mense
2356 2976 2668 3042 Decembri,
2722 2975 3046 3032 indictionis
3104 2977 3378 3047 ejusdem,
3443 2979 3618 3049 peStis

1957 3060 2000 3118 C
2033 3072 2286 3128 diversas
2318 3071 2536 3141 imperii
2559 3086 2657 3140 per
2691 3070 2856 3125 urbes
2888 3078 3140 3139 grassata
3175 3081 3279 3124 est.

2104 3163 2294 3220 Mense
2325 3162 2490 3228 Maio,
2535 3162 2865 3217 indictionis
2897 3162 3169 3230 ejusdem,
3199 3162 3356 3231 panis
3385 3163 3617 3231 penuria

2033 3257 2307 3312 laboravit
2342 3255 2897 3323 Constantinopolis;
2952 3262 3006 3310 et
3046 3256 3113 3309 ad
3147 3256 3463 3310 dimensum
3500 3273 3618 3312 mo-

2032 3348 2217 3402 dicum
2282 3346 2696 3401 reducebantur
2744 3348 3019 3403 homines.
3091 3347 3372 3403 Natalitiis
3432 3359 3617 3403 autem

2032 3437 2276 3507 agitatis,
2319 3436 2541 3491 interim
2583 3435 2715 3489 dum
2763 3436 3079 3502 circensia,
3113 3452 3221 3490 una
3257 3452 3381 3491 cum
3419 3436 3619 3492 Persa-

2031 3543 2154 3582 rum
2180 3528 2381 3599 legato,
2415 3536 2693 3597 spectaret
2747 3528 3071 3598 imperator,
3121 3544 3248 3583 eum
3289 3530 3356 3583 de
3397 3529 3483 3583 his
3530 3530 3614 3582 in-

2031 3618 2346 3689 terpellavit
2396 3618 2636 3689 populus
2697 3617 2854 3685 Quod
2920 3619 3145 3688 indigne
3202 3620 3389 3674 ferens
3444 3623 3618 3690 impe-

2030 3719 2186 3767 rator
2285 3709 2607 3767 Musonium
2674 3713 2832 3768 urbis
2898 3712 3216 3781 praefectum
3269 3712 3476 3781 jussit,
3539 3713 3615 3767 uti

2031 3810 2443 3857 murmurantes
2470 3814 2887 3873 compesceret;
2927 3804 3022 3874 qui
3060 3804 3344 3872 primariis
3395 3804 3617 3860 Venetas

2030 3892 2290 3949 factionis
2325 3895 2610 3951 nonnullis
2647 3897 3018 3965 comprensis,
3049 3897 3118 3951 ab
3152 3898 3222 3953 iis
3249 3912 3442 3968 poenas
3484 3915 3616 3953 exe-

2029 3985 2127 4055 git.
2174 3986 2446 4041 Caeterum
2494 3988 2595 4041 ista
2638 3988 2798 4056 panis
2832 3989 3064 4058 penuria
3105 4005 3205 4058 per
3244 3999 3357 4045 tres
3395 4007 3615 4048 menses

2027 4079 2474 4150 ingravescebat.
2498 4077 2697 4134 Paucis
2727 4094 2857 4133 vero
2891 4091 3018 4149 post
3042 4080 3243 4137 diebus
3276 4081 3499 4152 fulgura
3528 4092 3615 4136 to-

2027 4169 2324 4241 nitruaque
2355 4171 2654 4237 horrenda,
2695 4171 2936 4227 diversis
2968 4172 3021 4226 in
3052 4172 3190 4229 locis
3218 4176 3611 4246 contigerunt;

2028 4278 2059 4316 a
2085 4262 2289 4333 quibus
2320 4260 2485 4316 etiam
2520 4262 2678 4317 multi
2710 4262 3079 4319 laedebantur.

412 4355 560 4426 Μηνὶ
589 4355 888 4429 Νοεμϐρίῳ
947 4346 1280 4422 ίνδικτίῶνος
1304 4367 1345 4413 ε’
1375 4360 1550 4431 ἐφάνη
1624 4362 1737 4434 πῢρ
1757 4367 1816 4417 ἐν
1845 4381 1924 4437 τῳ

2097 4354 2286 4410 Mense
2334 4352 2658 4418 Novembri,
2703 4355 3028 4412 indictionis
3069 4374 3122 4421 v,
3168 4357 3317 4430 ignis
3370 4358 3425 4412 in
3469 4336 3614 4413 coelo

347 4446 557 4518 οὐρανῷ
577 4449 654 4511 ὡς
677 4445 819 4513 εἶδος
842 4450 1047 4521 λόγχης
1067 4451 1177 4505 ἀπὸ
1203 4452 1314 4506 τῶν
1341 4453 1711 4511 ’Δνατολικῶν
1741 4459 1927 4530 μερῶν

2037 4448 2306 4517 apparuit,
2339 4448 2435 4519 qui
2469 4449 2641 4503 hastae
2663 4450 2731 4503 ad
2763 4452 2965 4512 instar,
3001 4450 3072 4505 ab
3106 4451 3326 4506 Oriente
3354 4452 3420 4506 ad
3451 4451 3615 4521 Qcci-

349 4539 708 4610 ἐκτεταμένον
733 4541 841 4606 ἕως
868 4544 1122 4612 Δυσμῶν.

411 4630 559 4701 Μηνὶ
592 4631 911 4704 Ἀπριλλίῳ,
980 4632 1273 4688 ινδικτιῶνι
1301 4636 1369 4707 τῇ
1395 4634 1558 4707 αὐτῇ,
1600 4637 1793 4707 γέγονε
1816 4656 1930 4694 σει-

350 4721 484 4790 σμὸς
509 4722 747 4795 φοϐερὸς
769 4723 867 4778 καὶ
895 4724 1165 4799 ἀϐλαϐής.

411 4812 560 4885 Μηνὶ
616 4815 940 4887 Δεκεμϐρίῳ
984 4816 1318 4882 ίνδικτιῶνος
1358 4817 1414 4885 ς’
1456 4821 1682 4890 γέγονεν
1737 4824 1929 4895 ἕτερος

352 4902 568 4973 σεισμὸς
596 4903 657 4960 ἐν
687 4905 1034 4977 μεσονυκτίῳ
1089 4905 1323 4979 φοϐερός
1364 4907 1530 4975 πάνυ,
1566 4909 1709 4965 ὥστε
1734 4913 1927 4966 παθεῖν

2027 4539 2246 4596 dentem
2278 4548 2591 4611 porrectus.
2620 4543 3012 4614 elongabatur.

2100 4632 2288 4688 Mense
2317 4634 2517 4704 Aprili,
2549 4635 2876 4692 indictionis
2908 4636 3193 4706 ejusdem,
3225 4644 3389 4694 terra:
3429 4648 3614 4695 motus

2027 4724 2364 4786 horrendus,
2405 4725 2501 4781 sed
2539 4727 2804 4783 innoxius
2831 4730 3068 4785 exstitit.

2096 4816 2283 4873 Mense
2327 4814 2644 4887 Decembri,
2696 4820 3026 4877 indictionis
3065 4838 3141 4887 vi,
3217 4830 3382 4878 terrm
3430 4831 3615 4879 motus

2026 4911 2191 4977 alter,
2226 4910 2389 4980 plane
2438 4912 2782 4981 tremendus,
2835 4924 3003 4972 nocte
3062 4915 3245 4971 media
3278 4916 3611 4988 ingruebat;

1651 5022 1882 5080 VARUE
1913 5024 2320 5083 LECTIONES.

416 5107 460 5139 "
488 5109 672 5163 Μαΐου
715 5107 822 5165 0x.
898 5111 943 5143 ’⁸
988 5108 1117 5168 Dele
1154 5111 1276 5182 μέν.
1308 5111 1535 5200 Conﬁp.
1568 5129 1687 5184 seq.
1723 5131 1775 5169 ν.
1809 5115 1864 5174 8.
1942 5118 1988 5150 ”
2012 5119 2298 5191 Μουσονίῳ
2325 5118 2429 5176 Ox.

1605 5206 1714 5262 ΕΙ).
1742 5207 2117 5266 CHILMEADI
2146 5211 2381 5267 NOTAE.

417 5293 528 5370 (55)
557 5293 670 5347 Καὶ
706 5293 1018 5370 ,κατεπάρη
1037 5297 1117 5370 -ἐν
1147 5297 1222 5370 τῇ-
1264 5299 1359 5369 γῇ.
1385 5299 1696 5370 Κατεπάρη
1748 5315 1867 5355 aor.
1894 5303 1930 5358 2

355 5364 577 5439 passiva:
596 5363 755 5439 vocis
777 5370 860 5418 est
885 5379 912 5416 a
938 5363 1106 5439 verbo
1133 5363 1349 5439 πείρωξ
1383 5363 1777 5439 ἰόοοίιιιθΊιίιίε
1804 5373 1928 5427 loco

355 5434 496 5510 nullo
546 5434 711 5510 modo
740 5435 1040 5490 convenire
1065 5434 1267 5510 potest.
1287 5436 1473 5510 ‘Forte
1503 5434 1700 5510 itaque
1742 5441 1927 5509 legen-

350 5503 494 5568 dum,
532 5504 857 5626 κρτέπειρε,
891 5503 1185 5572 penetravit
1218 5522 1236 5561 :
1286 5508 1389 5563 hoc
1426 5509 1573 5564 enim
1610 5503 1819 5583 auctor"
1835 5511 1923 5567 di-

350 5586 465 5626 cere
494 5590 560 5626 vo
588 5582 691 5626 ult.

347 5586 465 5627 cere
494 5580 691 5629 voluit.
1652 5580 1659 5583 ’

560 5643 963 5725 ’Νικομηδείας-
985 5645 1149 5714 μέρος
1189 5651 1537 5705 καταπεσεῖν.
1572 5649 1801 5723 Συνέϐη.
1830 5661 1918 5708 aut

322 5715 464 5785 quid
498 5715 612 5771 tale
644 5716 848 5770 deesse
875 5715 1115 5771 videtur.

2099 5305 2217 5377 (5:7)
2259 5305 2399 5377 Τοίρς
2443 5306 2542 5375 μὲν
2568 5307 2886 5377 ἐφούρκισε.
2912 5305 3150 5363 Cedren.
3177 5305 3362 5368 habet,
3392 5305 3612 5374 ἐφύλκι-

2029 5390 2111 5429 σε.
2158 5374 2298 5429 Vide
2331 5374 2452 5442 quae
2487 5378 2555 5432 de
2582 5377 2688 5432 hoc
2709 5374 2996 5432 vocabulo
3053 5393 3222 5448 supra
3262 5382 3609 5444 notavimus,

2025 5447 2093 5500 ad
2135 5445 2412 5500 nae.427.

2096 5462 2661 5588 (Eli?)g.’£:ll‘.evs_0).lqi.
2715 5514 2790 5588 De
2821 5516 2978 5571 urbis
3013 5515 3296 5588 Natalitiis
3336 5516 3605 5587 loquitur,

2022 5602 2142 5655 qius
2166 5587 2462 5653 quotannis
2496 5585 2621 5639 Maii
2653 5604 2729 5649 xi,
2761 5587 2871 5657 jam
2900 5589 3029 5642 olim
3060 5601 3090 5641 a
3139 5585 3495 5657 Constantini
3530 5588 3601 5649 Μ.

2022 5657 2386 5779 marmoribus,
2451 5657 2720 5713 celebrari
2744 5655 2955 5732 ~Vsolita
3021 5655 3370 5714 sunt..Vide
3434 5674 3606 5731 supra

2044 5742 2264 5781 i).xin.
