3988 6136
307 258 406 320 717

1364 264 1724 326 EPISTULA
1773 267 1976 325 RlClI.
2021 265 2398 326 BENTLEII.

3447 268 3549 330 718

300 370 472 423 τέκνα
501 369 596 422 τοῦ
637 369 802 423 αὐτοῦ
829 369 1123 441 Κουζτίνη,
1167 375 1508 440 ἐκδικοῦντες
1536 379 1596 430 τὸ
1632 377 1873 448 πατρῷοι

1985 375 2228 431 Cntziua:
2266 377 2442 446 ipsius
2474 377 2590 440 lilii,
2627 389 2910 448 paternam
2941 379 3146 433 caulem
3175 377 3367 443 ulturi,
3399 394 3548 433 arma

305 456 466 532 αἷμα.
502 461 614 514 Καὶ
655 461 1058 528 ἐπαναστάντες
1094 467 1208 528 τοῖς
1237 465 1430 535 μέρεσι
1468 467 1564 536 τῆς
1595 469 1879 537 Ἀφρικῆς,

307 549 618 621 παρέλαων
657 569 810 614 τινας
847 552 1046 616 τόπους
1090 555 1448 624 φονεύσαντες
1493 559 1587 610 καὶ
1635 557 1884 628 πραιδεύ-

309 659 520 705 σαντες.
557 643 620 700 Ὀ
664 641 722 695 δὲ
769 643 932 707 αὐτὸς
973 643 1226 714 βασιλεὺς
1251 647 1626 712 Ίουστινιανὺς
1669 647 1880 718 ἔπεμψε

306 733 628 805 Μαρκιανὸν
647 735 738 788 τὸν
775 733 906 788 [διον
929 735 1094 789 αὐτοῦ
1130 735 1351 805 ἀνεψιὸν
1376 737 1524 792 ’““¹³.

1987 479 2340 539 sumpserunt
2377 487 2388 523 :
2421 469 2731 540 Africaeque
2794 472 3046 539 regiones
3097 469 3364 540 quasdam
3391 469 3550 524 inva«

1987 559 2196 626 dentes,
2243 563 2359 616 loca
2387 563 2650 616 nonnulla
2686 573 3046 633 occuparunt,
3083 563 3284 618 incolis
3329 561 3555 618 interfe-

1987 653 2092 706 ctis
2123 653 2510 724 expilatisque.
2545 653 3051 724 lmperatorltaque
3085 654 3431 712 Justiniauus
3465 675 3557 712 ne-

1983 749 2166 810 potem
2200 757 2360 796 suum
2393 741 2728 798 Marcianum
2759 745 3192 816 expedivit“““.

1699 1007 2192 1070 APPENDIX.

317 1125 434 1182 Non
492 1126 882 1196 incommodum
934 1125 1038 1180 erit
1092 1125 1402 1196 subjungere
1467 1127 1550 1178 hic
1625 1123 1888 1196 Synopsin
1929 1126 2378 1196 Chronographiw
2441 1127 2758 1182 Halaliame
2795 1129 2858 1182 de
2895 1127 3018 1182 Vita
3083 1141 3132 1183 et

3207 1131 3357 1186 rebus
3397 1135 3552 1202 gestis

379 1197 700 1270 Justinia_ni,
755 1205 814 1250 ut
843 1195 1122 1264 dignoseat
1165 1195 1360 1250 Lector
1397 1198 1466 1249 ad
1516 1195 1681 1265 quem
1729 1213 1926 1250 annum
1980 1195 2151 1252 illius,
2189 1195 2542 1268 imperiique:
2579 1200 2633 1251 in
2674 1201 2898 1268 singulis
2941 1203 3148 1270 paginis
3209 1195 3555 1256 conscribun-

377 1277 468 1321 tur
493 1268 814 1336 pertineant.

377 1358 556 1440 Am}
631 1425 650 1440 ‘
711 1425 748 1440 μ
793 1435 804 1440 _
869 1425 898 1440 Δ
1141 1423 1181 1440 Λ
1221 1437 1231 1440 _
1273 1355 1408 1440 Pag.
1439 1355 1526 1412 ed.
1569 1357 1668 1412 Ox.

381 1457 450 1468 -ο
519 1427 557 1480 2
631 1425 832 1480 lndict.
865 1425 898 1482 6
928 1441 1106 1482 mens.
1139 1423 1259 1482 Oct.
1713 1427 1816 1480 152

379 1525 452 1539 .-.
519 1527 594 1539 -
665 1525 733 1537 -
803 1525 876 1536 -
943 1495 1069 1550 Jan.
1713 1497 1816 1549 155

625 1565 952 1620 lndietionis
988 1567 1092 1620 sub
1123 1566 1272 1622 exitu
1715 1566 1816 1617 174

380 1665 454 1676 -
665 1636 862 1690 lndiet.
901 1635 931 1688 7
971 1651 1144 1696 ruens.
1179 1635 1310 1690 Jun.
1712 1635 1816 1688 180

381 1735 452 1748 ..-
525 1705 560 1760 5
737 1734 810 1744 —
915 1735 984 1746 —
1091 1703 1200 1758 Jul.
1711 1704 1815 1757 182

383 1805 452 1816 —-
669 1775 832 1828 Decio
860 1775 982 1828 Cos.
1713 1773 1816 1827 I86

380 1877 452 1888 -
523 1845 560 1898 ι
631 1844 932 1912 Lampadio
963 1853 1018 1898 et
1041 1845 1236 1900 Oreste
1263 1844 1423 1902 Coss.
1711 1843 1814 1897 188

391 1944 454 1954 —-
509 1944 554 1954 -
626 1913 779 1968 Mens
819 1913 971 1983 Sept.
1710 1913 1814 1983 190

386 2015 455 2025 .__
510 2015 556 2024 .-
640 2015 710 2025 -
783 1982 912 2050 Apr.
1711 1982 1813 2037 199

383 2085 458 2096 --
531 2055 564 2108 5
639 2051 1020 2120 MensisSept.
1241 2119 1249 2120 ί
1705 2053 1806 2106 2H

381 2155 456 2167 -—
527 2123 560 2176 6
633 2121 864 2177 lndictio
893 2119 1190 2178 ltimensis
1223 2119 1346 2176 Jan.
1705 2123 1813 2177 215

385 2222 452 2234 -—-
526 2193 558 2246 7
633 2192 840 2246 Justin.
885 2191 1074 2246 5Cos.
1701 2192 1809 2246 220

381 2291 455 2304 —
527 2265 558 2318 8
633 2261 830 2315 Indict.
873 2260 962 2314 l2.
1668 2261 1802 2316 ibid.

381 2361 454 2373 —
497 2363 568 2374 ——
641 2332 770 2385 Post
801 2330 1029 2384 Consul.
1065 2329 1316 2384 Belisarii
1699 2330 1798 2384 221

381 2431 456 2441 -
497 2433 569 2443 --
639 2399 726 2455 Jo.
757 2401 1080 2469 (lappadoce
1119 2400 1246 2469 Qus.
1669 2400 1803 2454 ihid.

380 2499 454 2512 -
491 2475 560 2526 M
633 2467 896 2524 lndict.'5
922 2485 1094 2524 tuens.
1128 2467 1256 2524 Jun.
1702 2469 1810 2522 222

385 2545 562 2582 _._
633 2571 749 2610 ί-
880 2567 950 2580 -
1123 2539 1262 2610 Aug.
1669 2539 1808 2610 ibid.

379 2639 452 2650 —
489 2613 556 2666 16
631 2609 748 2664 lnd.
790 2609 846 2664 5.
1216 2607 1235 2610 ⁷
1705 2607 1811 2662 225

383 2711 453 2722 -
489 2685 560 2736 is
635 2681 748 2735 Ind.
794 2680 825 2732 ’ἱ
863 2694 1036 2735 mens.
1074 2677 1224 2748 Sept.
1703 2677 1812 2732 225

381 2780 454 2792 —
486 2783 560 2794 --
701 2779 772 2789 —-
908 2779 981 2790 —
1085 2748 1222 2802 Nov.
1671 2749 1809 2802 ibid.

383 2849 456 2864 —
490 2822 560 2876 2i
637 2817 758 2874 1nd.
795 2819 863 2873 10
895 2834 1069 2874 meus.
1103 2817 1232 2875 Feb.
1703 2817 1810 2871 226

2053 1385 2124 1394 _
2161 1383 2229 1392 _..
2372 1381 2440 1393 υ-
2515 1367 2690 1406 mens.
2725 1351 2852 1406 Jun.
3373 1357 3486 1412 227

2053 1452 2226 1466 .-.--
2365 1451 2438 1462 --
2541 1453 2610 1462 --
2714 1423 2820 1476 Jul.
3377 1429 3484 1484 228

2053 1523 2124 1534 -—
2155 1492 2227 1546 2i-
2301 1491 2420 1546 lud.
2463 1491 2726 1548 li’nuens.
2765 1495 2900 1560 Apr.
3345 1499 3479 1552 ibid.

2051 1594 2120 1603 _
2155 1591 2226 1602 _
2352 1591 2422 1601 —
2561 1591 2633 1601 —
2774 1561 2901 1616 Jun.
3343 1569 3480 1622 ibid.

2052 1663 2122 1675 -—-
2152 1631 2222 1685 25
2293 1629 2410 1683 iud.
2455 1631 2518 1682 14
3377 1638 3484 1692 229

2053 1731 2125 1744 α-
2156 1702 2226 1756 26
2301 1701 2415 1754 Ind.
2457 1701 2523 1754 l5
2561 1717 2733 1754 lucus.
2775 1701 2926 1772 Sept.
3379 1709 3485 1760 250

2055 1804 2123 1815 _
2157 1799 2226 1810 -η
2395 1800 2466 1810 —
2607 1799 2677 1810 —
2785 1775 2925 1831 Aug.
3347 1777 3485 1831 ibid.

2051 1813 2121 1884 Ξ
2153 1839 2222 1892 9.7
2297 1839 2410 1893 lnd.
2451 1839 2476 1892 ι
2521 1855 2696 1893 tuens.
2734 1813 2925 1895 ni???"
3348 1813 3482 1900 iiiiiii

2051 1943 2118 1954 --
2155 1909 2226 1964 28
2295 1910 2415 1980 ind.
2453 1909 2489 1963 2
2528 1925 2702 1962 mens.
2733 1911 2876 1980 Aug.
3379 1917 3478 1968 23H

2051 2013 2120 2024 —
2153 1981 2222 2033 50
2293 1979 2408 2034 Iud.
2446 1981 2481 2033 ι
2515 1981 2688 2034 iniens.
2723 1979 2844 2034 Jul.
3297 1987 3312 2004 ‘
3375 1985 3484 2048 252

2047 2081 2116 2091 __
2153 2079 2223 2090 .._.
2377 2077 2447 2088 --
2551 2077 2624 2088 ——
2733 2051 2860 2104 Dec.
3376 2056 3488 2110 255

2047 2152 2116 2160 —
2149 2117 2236 2172 5|.
2291 2117 2414 2172 Iud.
2456 2120 2490 2174 5
2530 2133 2686 2173 tuens
2717 2117 2851 2172 Nov.
3347 2126 3482 2180 lbid.

2047 2217 2220 2231 _...._
2355 2217 2428 2228 -——
2487 2255 2492 2257 _
2567 2217 2638 2228 —-
2781 2190 2910 2257 Apr.
3349 2196 3481 2250 ibid.

2051 2289 2122 2300 -—
2151 2257 2220 2311 32
2315 2257 2436 2312 Ind.
2471 2255 2506 2310 6
2533 2273 2706 2310 mens.
2747 2255 2878 2313 Dec.
3343 2265 3479 2320 ibid.

2051 2359 2122 2370 —-
2155 2357 2226 2366 —
2363 2355 2437 2368 -—
2576 2357 2643 2366 --
2749 2327 2881 2382 Feb.
3373 2335 3482 2390 254

2052 2429 2122 2438 -
2158 2395 2228 2450 55
2301 2395 2418 2452 lnd.
2465 2395 2496 2448 7
2534 2411 2708 2451 meus.
2743 2395 2900 2454 Mart.
3376 2405 3482 2458 255

2052 2497 2124 2508 —-
2157 2495 2230 2504 —
2369 2495 2439 2506 —-
2579 2497 2649 2508 ——-
2754 2466 2880 2521 anu.
3373 2473 3482 2526 236

2052 2569 2124 2578 __.
2159 2567 2230 2578 _
2366 2563 2440 2575 —
2577 2565 2648 2576 —-
2751 2535 2884 2596 Jun.
3375 2543 3482 2596 258

2053 2637 2124 2650 —-
2155 2606 2225 2678 ὅθ
2295 2603 2420 2678 ind.
2452 2605 2520 2678 lt)
2548 2620 2722 2660 mens.
2757 2609 2899 2678 Aug.
3347 2613 3480 2666 ibid.

2055 2707 2126 2716 —
2155 2677 2221 2732 57
2293 2673 2410 2728 Iud.
2450 2676 2510 2728 li
2549 2691 2723 2732 mens.
2758 2673 2876 2730 Oct'.
3343 2681 3480 2736 ibid.

2058 2775 2125 2786 .-
2158 2775 2230 2786 _..
2368 2773 2439 2784 -
2577 2775 2650 2786 —-
2752 2743 2892 2800 Nov.
3376 2751 3486 2806 239

2057 2845 2127 2856 -
2159 2845 2230 2856 —
2369 2839 2440 2854 —--
2577 2843 2648 2856 —-
2753 2813 2880 2872 Jan.
3375 2821 3484 2876 245

3401 2995 3533 3004 -οη-ι-

331 2985 3532 3023 m

797 3141 1480 3254 BICHARDI
1569 3121 2224 3249 BENTLEII
2340 3137 3075 3252 EPIS'I‘OLA.

553 3469 638 3548 [Ῑ]
679 3467 796 3532 CL.
843 3467 1044 3530 VIRO
1082 3465 1394 3528 JOANNI
1434 3465 1736 3528 MILLIO
1783 3467 1851 3528 S.
1917 3469 1987 3527 T.
2050 3468 2124 3529 P.
2185 3467 2670 3530 RICHARDUS
2723 3467 3214 3531 BENTLEIUS
3244 3471 3310 3532 S.

380 3597 602 3654 Memini
655 3595 926 3664 equidem,
979 3592 1110 3646 Milli
1159 3591 1497 3656 doctissime,
1526 3606 1649 3644 cum
1682 3590 1880 3645 abhinc
1906 3607 1948 3662 ο
1983 3591 2111 3659 quid
2141 3590 2378 3646 faciam?
2406 3591 2532 3644 data
2574 3599 2657 3646 est
2691 3591 2819 3646 fides
2855 3609 2867 3643 :
2911 3593 3183 3662 promissa
3213 3593 3551 3664 ﬂagitantur.

307 3695 426 3748 dies
480 3689 886 3760 complusculos
931 3685 1401 3740 deambularemus
1448 3699 1554 3738 una
1581 3724 1596 3746 ,
1632 3691 1879 3738 strenue-

309 3803 414 3855 que
449 3786 516 3840 de
563 3781 820 3836 litterulis
879 3780 1081 3834 nostris
1151 3794 1432 3834 sermones
1487 3777 1816 3831 caederemus
1857 3793 1876 3842 ;

307 3875 382 3928 ibi
417 3874 558 3928 forte
580 3873 800 3925 fortuna
835 3871 901 3924 de
921 3867 1130 3922 Joanne
1163 3865 1522 3922 Antiochensi
1545 3869 1874 3922 mentionem

307 3964 480 4030 fuisse
523 3963 780 4030 injectam
813 3978 828 4014 :
865 3975 1100 4028 cumque
1137 3973 1222 4012 me
1262 3959 1596 4013 desiderium
1637 3958 1877 4028 cepisset

305 4055 506 4108 librum
539 4051 718 4106 adhuc
751 4061 1022 4106 musteum
1053 4049 1290 4114 videndi,
1326 4051 1642 4118 priusquam
1691 4050 1746 4102 in
1796 4049 1877 4102 lu-

303 4163 424 4204 cem
459 4149 758 4217 publicam,
809 4155 864 4202 te
891 4153 1146 4208 curante,
1176 4147 1388 4210 exiret;
1431 4159 1494 4198 ea
1525 4157 1612 4198 me
1660 4143 1776 4212 lege
1822 4141 1876 4198 id

305 4239 402 4294 abs
447 4247 504 4292 te
557 4237 938 4306 impetravisse
963 4245 1060 4298 ,ut
1101 4233 1148 4288 si
1180 4248 1286 4302 qua
1325 4233 1377 4286 in
1429 4243 1536 4286 tam
1579 4231 1876 4300 depravata

305 4333 576 4399 scriptore
609 4327 1046 4382 ernendatiouem
1075 4333 1320 4379 nostram
1353 4324 1600 4393 accipere
1629 4331 1873 4392 possent,

301 4435 366 4474 ea
400 4419 456 4472 in
484 4417 782 4472 schedulas
829 4415 1078 4482 conjecta
1109 4413 1176 4466 ad
1223 4421 1278 4466 te
1328 4413 1622 4468 mitterem.
1675 4410 1873 4464 Duram

303 4510 551 4579 profecto
603 4507 998 4568 conditionem,
1041 4519 1316 4574 quamque
1371 4503 1507 4558 adeo
1569 4503 1758 4557 multis
1808 4503 1876 4556 de

302 4603 486 4656 causis
510 4601 709 4652 nollem
743 4605 1046 4666 acceptam.
1081 4593 1214 4648 Nam
1246 4603 1306 4648 ut
1335 4595 1604 4660 omittam,
1631 4594 1777 4664 quod
1808 4610 1873 4648 ex

301 4695 398 4746 illo
433 4691 546 4748 fere
579 4701 822 4758 tempore
863 4705 892 4740 τι
935 4687 1144 4742 meliori
1197 4685 1460 4738 librorum
1498 4693 1550 4739 ct
1589 4687 1872 4738 chartula-

303 4800 422 4837 rum
455 4797 704 4836 mearum
755 4788 928 4848 parte,
957 4786 1009 4832 et
1052 4777 1214 4844 (quod
1251 4776 1504 4830 acerbius
1551 4777 1682 4828 mihi
1736 4775 1874 4830 acei-

301 4877 402 4944 dit)
447 4891 476 4928 a
509 4873 918 4960 jucundjssima
971 4881 1062 4924 tua
1112 4869 1511 4924 coasuetudine
1545 4869 1705 4938 longe
1755 4870 1868 4924 dis-

1984 3679 2171 3742 Video,
2203 3681 2345 3750 quod
2383 3681 2748 3750 mihiegomet
2781 3681 2990 3746 intt'ivi,
3024 3683 3367 3736 cxmleudum
3404 3701 3549 3740 esse.

1978 3769 2160 3826 Liceat
2199 3773 2378 3834 modo,
2419 3773 2466 3827 si
2492 3773 2708 3841 quando
2739 3772 2792 3824 in
2835 3771 2934 3825 hac
2973 3772 3353 3846 ἀναγκοφαγῐᾳ
3395 3774 3550 3832 fasti-

1977 3861 2126 3915 dium
2163 3863 2290 3914 mihi
2328 3863 2660 3928 suborietur,
2698 3864 2918 3917 aliunde
2965 3875 3150 3932 petere
3193 3869 3336 3936 quod
3373 3867 3545 3922 ﬂuen-

1977 3961 2082 4006 tem
2119 3953 2377 4007 nauseam
2405 3961 2676 4008 coerceat.
2725 3954 2953 4008 Dabitur
2994 3957 3178 4026 itaque
3219 3969 3464 4028 potestas
3493 3971 3547 4016 et

1980 4045 2136 4099 venia
2185 4046 2448 4114 evagandi
2500 4045 2795 4099 identidem
2831 4046 3210 4120 longiuscule;
3251 4049 3548 4106 dummodo

1977 4153 2046 4192 ne
2081 4137 2239 4208 plane
2272 4135 2376 4202 ἔξω
2397 4136 2504 4191 τῶν
2537 4135 2754 4202 ἐλαιῶν,
2785 4153 2962 4208 neque
2993 4140 3203 4194 levibus
3240 4142 3308 4196 de
3342 4144 3548 4200 causis.

1977 4229 2090 4283 lloc
2119 4243 2300 4282 autem
2328 4228 2473 4284 scias
2519 4229 2682 4283 velim
2717 4229 2772 4283 in
2817 4231 3008 4299 primis
3033 4271 3048 4296 ,
3101 4247 3209 4286 non
3247 4234 3380 4288 mihi
3413 4245 3548 4290 con-

1977 4321 2160 4376 silium
2187 4336 2310 4376 esse
2338 4321 2404 4376 de
2426 4319 2638 4376 Joanne
2669 4321 2775 4376 isto
2799 4323 2892 4392 qui
2913 4325 3140 4391 cujasve
3161 4323 3350 4392 fuerit,
3373 4339 3552 4396 quan-

1975 4413 2047 4466 do
2079 4413 2298 4478 vixerit,
2331 4421 2424 4467 aut
2455 4427 2482 4465 a
2516 4414 2718 4482 quibus
2750 4414 3006 4471 laudatus
3043 4416 3137 4483 sit,
3165 4419 3396 4474 omnino
3430 4435 3550 4476 ver-

1977 4503 2103 4556 bum
2169 4501 2346 4556 l'acere
2394 4519 2409 4557 :
2465 4519 2588 4558 cum
2647 4503 2737 4558 diu
2795 4507 2866 4558 sit
2921 4507 3068 4575 quod
3114 4521 3330 4564 omnem
3387 4510 3547 4564 istam

1975 4593 2406 4647 controversiam
2445 4594 2689 4664 suscepit
2727 4595 3100 4650 amicissimus
3149 4606 3339 4654 noster
3385 4608 3550 4670 atque

1973 4683 2380 4740 eruditissimus
2399 4683 2627 4741 Hodius.
2647 4685 2860 4757 Quippe
2887 4687 3034 4742 aliud
3053 4697 3158 4753 est,
3192 4691 3436 4762 inquam,
3467 4689 3550 4766 [2]

1976 4777 2291 4846 scriptionis
2340 4778 2504 4848 hujus
2562 4778 2871 4832 institutum
2914 4796 2928 4833 :
2977 4795 3098 4848 qua:
3155 4797 3348 4838 vereor
3397 4787 3550 4854 equi-

1975 4869 2096 4920 dem
2161 4877 2217 4920 ut
2271 4868 2405 4921 satis
2460 4883 2524 4921 ex
2585 4879 2714 4922 voto
2761 4875 2815 4922 et
2879 4869 3108 4924 feliciter
3171 4873 3300 4926 mihi
3353 4883 3546 4928 vertat.

297 4970 526 5036 junctus
559 4967 662 5020 sim
683 4950 990 5034 {quodque
1036 4962 1204 5016 semel
1234 4961 1502 5036 duntaxat
1531 4961 1678 5014 hunc
1709 4961 1876 5014 Mala-
1909 4950 1950 5004 Β
1981 4957 2056 5012 Ita
2089 4974 2222 5012 sane
2267 4959 2522 5028 praesagit
2569 4959 2807 5020 animus,
2859 4961 2930 5014 ita
2964 4961 3018 5014 in
3061 4963 3183 5032 ipso
3207 4963 3392 5018 limine
3413 4979 3549 5019 con-

297 5060 404 5112 lam
433 5071 738 5126 properans
769 5055 1160 5124 percurrerim,
1189 5067 1290 5106 nec
1325 5059 1382 5104 ut
1412 5033 1710 5108 sccundas.
1733 5067 1873 5120 quas

299 5150 663 5218 sapientiores
689 5163 811 5200 esse
837 5148 1012 5208 aiunt,
1045 5159 1208 5198 curas
1240 5151 1296 5197 et
1321 5143 1688 5212 cogitationes
1717 5142 1872 5196 aditi-

299 5243 502 5305 berem,
540 5239 654 5292 ullo
699 5238 878 5290 adhuc
911 5244 1069 5305 pacto
1117 5235 1386 5305 potuerim
1417 5236 1658 5288 animum
1697 5234 1871 5288 intin—

297 5347 420 5385 cere
475 5353 486 5386 :
557 5340 614 5383 ιιι
666 5331 778 5396 illa,
811 5331 1060 5397 inquam.
1117 5337 1282 5398 atque
1331 5328 1438 5380 alia
1508 5335 1866 5396 praeteream;

297 5424 464 5492 pudet
493 5422 706 5482 hercle,
747 5429 806 5474 ut
831 5436 1016 5474 verum
1049 5419 1240 5482 fatear,
1273 5421 1522 5488 pigetque
1569 5421 1742 5472 bonas
1771 5421 1869 5472 Ιιο-

295 5528 408 5576 ras,
443 5529 566 5584 quae
592 5513 736 5568 haud
767 5515 928 5582 paulo
971 5514 1166 5567 melius
1205 5513 1470 5566 collocari
1521 5518 1768 5580 possent,
1813 5512 1866 5564 in

295 5613 406 5659 tam
471 5607 692 5676 ingrato
747 5615 798 5659 et
855 5605 1078 5674 ignobili
1130 5605 1316 5658 labore
1365 5618 1710 5658 consumere.
1763 5601 1868 5658 Sed

1979 5050 2174 5116 spicio,
2235 5049 2380 5117 quod
2433 5049 2600 5102 etiam
2640 5049 2944 5104 fortissimo
2989 5061 3254 5107 terrorem
3293 5055 3544 5110 incutiat.

1979 5137 2263 5208 Siquidem
2324 5147 2472 5192 recte
2521 5149 2712 5194 narrat
2761 5141 2984 5198 Malalas
3029 5159 3153 5216 pag.
3191 5145 3279 5212 90,
3306 5147 3549 5202 edixisse

1977 5231 2240 5284 nimirum
2297 5242 2462 5299 atque
2519 5231 2936 5286 interminatum
2988 5251 3112 5290 esse
3173 5235 3410 5306 Orphea.
3477 5257 3547 5294 ne

1975 5325 2268 5392 quisquam
2303 5326 2618 5378 mortalium
2663 5327 2838 5395 palam
2891 5327 3081 5384 fecerit
3109 5331 3176 5384 τὰ
3222 5332 3543 5402 Ἐρικεπεώ.

1978 5411 2074 5482 Οὗ,
2101 5419 2200 5480 ait,
2229 5417 2396 5486 ὄνομα
2429 5421 2456 5470 ὁ
2483 5420 2642 5482 αὐτὸς
2682 5421 2916 5490 Ὀρφεὺς
2945 5423 3181 5487 ἀκούσας
3205 5426 3266 5476 ὲκ
3292 5429 3390 5506 τῆς
3411 5443 3547 5494 μαν-

1977 5511 2129 5572 τείας
2176 5511 2389 5576 ἐξεῖπε,
2445 5513 2662 5582 Μήτινα
2714 5513 2882 5580 φάναι
2920 5515 2988 5565 τὰ
3031 5515 3359 5582 Ἐρικεπεὼ,
3409 5517 3546 5588 ὅπερ

1977 5601 2334 5672 ἑρμηνεύεται
2362 5605 2427 5672 τῇ
2460 5605 2610 5674 κοινῇ
2633 5604 2872 5676 γλώσσῃ,
2898 5607 3121 5673 Bauli),
3154 5607 3302 5674 Φῶς,
3326 5607 3548 5664 Ζωίδο-
