3988 6136
472 218 575 283 719

1290 282 1303 301 l
1352 222 1447 282 DE
1486 222 1806 282 JOANNIS
1843 222 2163 282 MALALJE
2212 222 2858 286 CHRONOGRAPHIA

3632 228 3737 292 πει)

469 335 600 398 try).
634 328 746 400 Ego
775 347 903 384 vero
930 347 1047 385 cum
1082 332 1224 387 haud
1273 332 1380 387 sim
1417 334 1662 397 nescius,
1702 347 1865 401 quam
1894 346 2049 385 acor-

2158 333 2342 387 τοῠτον
2389 334 2509 387 θεὸν
2539 336 2913 407 ἀνευφήσαιμι
2947 335 3038 389 τὸν
3081 334 3302 408 σπέρμα
3332 336 3571 407 φέροντα
3600 337 3737 392 θεῶν
3776 355 3783 359 ‘

472 426 572 476 bos
591 425 719 476 olim
745 424 987 479 vindices
1006 426 1137 478 deos
1168 425 1526 495 hominesque
1544 425 1822 490 habuerit,
1840 426 1934 493 qui
1957 442 2056 494 μυ-

474 515 674 584 στήρια
724 513 1123 585 ὲξορχήσασοαι
1174 527 1227 571 et
1279 517 1553 572 Eleusium
1599 518 1793 571 matris
1839 517 2053 571 occulta

471 609 728 677 proferre
764 624 936 663 ausus
964 609 1033 663 sit
1057 626 1072 676 ;
1096 610 1187 679 qui
1222 611 1416 677 sciam,
1452 624 1633 663 annon
1665 609 1784 679 ipse
1815 608 2052 662 similem

473 701 529 759 in
558 715 644 754 me
672 714 869 754 noxam
901 698 1211 765 admittam,
1266 701 1311 754 si
1364 700 1690 771 mysterium
1719 700 1821 754 hoc
1854 697 2055 768 Orphi-

472 807 598 846 cum
629 805 792 847 sacro
830 791 1101 848 hactenus
1133 793 1366 846 silentio
1401 792 1636 846 celatum
1684 787 2056 861 evulgavero?

468 881 658 952 Neque
714 882 853 937 adeo
908 884 1047 937 clam
1112 898 1198 938 me
1258 894 1371 949 est,
1422 897 1456 937 o
1505 880 1640 935 Milli
1696 880 2050 943 suavissime,

468 990 634 1044 quam
662 973 845 1027 audax
895 974 1133 1042 impulsu
1173 981 1269 1029 tuo
1311 974 1367 1029 in
1415 989 1503 1030 me
1530 987 1798 1043 meosque
1833 971 2052 1027 facinus

468 1070 822 1125 consciscam
865 1087 878 1123 :

539 1184 647 1239 Sed
683 1194 776 1237 tua
811 1200 892 1237 me
924 1183 1089 1237 virtus
1109 1190 1311 1247 tamen,
1345 1191 1394 1235 et
1425 1190 1637 1249 sperata
1671 1181 1909 1248 roluptas

545 1255 742 1309 Suavis
774 1254 1036 1307 amicitia:
1066 1252 1286 1322 quodvis
1310 1251 1595 1322 discrimen
1621 1252 1771 1305 adire

542 1323 767 1389 Suadel,
793 1334 840 1378 et
869 1321 1083 1377 inducit
1102 1323 1223 1375 dias
1246 1324 1299 1374 in
1326 1321 1545 1374 luminis
1568 1337 1692 1374 oras

470 1436 740 1492 horribile
764 1435 896 1489 illud
931 1448 1198 1489 arcanum
1227 1433 1571 1502 protrahere.
1600 1430 1752 1487 Bono
1775 1445 1906 1485 vero
1932 1431 2050 1483 ani-

471 1546 560 1586 mo
589 1530 725 1594 eris,
759 1527 1040 1598 capitique
1080 1536 1135 1580 et
1166 1524 1312 1579 atati
1352 1539 1487 1578 mea:
1523 1537 1721 1592 parces
1768 1529 2047 1586 metuere;

470 1622 565 1677 tibi
590 1618 975 1693 μορμολυκείῳ
1011 1606 1119 1672 isto
1158 1618 1430 1678 detracto,
1476 1614 1798 1684 putidisquc
1828 1612 1939 1666 illis
1972 1611 2045 1682 μή

469 1731 590 1767 τινα
624 1713 791 1780 φάναι
819 1713 888 1764 τὰ
938 1707 1272 1781 Ἐρικεπαιὼ
1300 1706 1354 1758 ἰιι
1394 1706 1592 1758 malum
1631 1716 1745 1758 rem
1780 1702 2049 1771 ablegatis

472 1807 678 1872 aliquo,
734 1795 976 1856 veterem
1026 1801 1158 1853 illuc
1197 1808 1253 1852 et
1295 1812 1477 1851 veram
1543 1797 1833 1850 lectionem
1891 1795 2047 1863 quasi

475 1893 820 1964 postliminio
852 1890 1144 1944 retluxero.
1167 1886 1240 1939 Ea
1272 1886 1387 1940 bzec
1408 1892 1491 1937 est
1520 1901 1533 1937 :
1568 1876 1644 1937 Οὗ
1676 1880 1854 1953 (Θεοῦ)
1880 1881 2050 1951 ὄνομα

471 1990 499 2040 ὁ
553 1985 712 2049 αὐτὸς
759 1984 990 2055 Ὀρφεὺς
1045 1979 1288 2041 ἀκούσας
1319 1979 1384 2030 ὲκ
1418 1977 1518 2045 τῆς
1551 1973 1811 2045 μαντείας
1865 1971 2048 2037 ἐξεῖπε

470 2077 685 2147 Μῆτιν,
747 2075 1009 2141 Φάνητα,
1065 2068 1453 2139 Ἠρικεπαῖον.
1500 2065 1775 2135 Orpheus,
1815 2064 1911 2127 ait,
1954 2078 2049 2132 per

471 2170 759 2225 oraculum
799 2165 1034 2220 edoctus
1082 2171 1165 2216 est
1208 2160 1301 2213 Dei
1332 2159 1553 2213 nomina
1597 2155 1777 2225 Μῆτιν
1840 2168 1962 2209 esse
1995 2162 2049 2207 et

469 2263 709 2331 Φάνητα,
741 2256 1182 2326 ειἩρικεπαῖον,
1214 2267 1337 2322 qtue
1366 2248 1646 2305 communi
1679 2260 1932 2301 sermone
1968 2245 2041 2297 in-

471 2357 773 2421 terpretata
808 2348 949 2399 hanc
985 2345 1188 2399 habent
1232 2342 1339 2395 vim
1370 2349 1426 2395 et
1457 2337 1816 2400 sententiam,
1847 2334 2045 2404 Βουλῆ,

467 2443 608 2503 Φῶς,
637 2438 944 2506 Ζωοδοτήρ.

542 2533 713 2588 Porro
745 2530 901 2582 hisce
945 2524 1265 2580 nominibus
1317 2522 1478 2576 deum
1525 2520 1827 2590 Orphicum
1862 2516 2044 2570 vocari

472 2641 579 2679 non
636 2625 838 2676 desunt
893 2619 1026 2672 mihi
1081 2617 1382 2685 locupletes
1437 2613 1853 2680 certissimique
1912 2622 2048 2663 sane

471 2724 750 2770 auctores.
788 2710 1116 2764 Damascins
1157 2708 1285 2777 περὶ
1320 2707 1428 2759 τῶν
1451 2704 1683 2776 πρώτων
1712 2701 1897 2773 ἀρχῶν
1941 2714 2043 2753 ms.

472 2811 527 2862 in
556 2804 893 2861 bibliotheca
918 2798 1060 2855 Coll.
1082 2797 1347 2867 Corporis
1364 2796 1572 2850 Christi
1605 2792 1802 2847 Oxouii
1824 2808 1876 2860 p.
1916 2789 2042 2843 156;

482 2901 570 2953 Ἐν
603 2898 701 2969 μὲν
733 2893 914 2955 τοίνυν
944 2892 1064 2953 ταῖς
1098 2886 1430 2959 φερομέναις
1477 2884 1702 2945 ταύταις
1750 2880 2046 2952 ραψῳδίαις

482 2987 770 3061 Ὀρφικαῖς
794 2986 828 3056 ἡ
859 2979 1112 3049 θεολογία
1140 2980 1205 3050 δή
1237 2977 1322 3041 τίς
1351 2980 1496 3031 ἐστιν
1530 2978 1563 3046 ἡ
1590 2974 1717 3043 περὶ
1743 2974 1834 3026 τὸν
1857 2971 2046 3039 νοητὸν

472 3080 813 3153 (διάκοσμον)
836 3076 903 3147 ἡν
933 3074 1029 3127 καὶ
1061 3073 1112 3125 οί
1140 3069 1421 3141 φιλόσοφοι
1449 3065 1916 3138 διερμηνεύουσιν,
1934 3062 2056 3116 ἀντὶ

475 3173 573 3242 μὲν
606 3170 709 3238 τῆς
763 3171 893 3239 μιᾶς
921 3165 1034 3219 τῶν
1064 3164 1203 3217 ὅλων
1237 3162 1411 3232 ἀρχῆς
1441 3160 1531 3213 τὸν
1562 3158 1766 3232 Χρόνον
1782 3157 2053 3227 τιθέντες,

473 3262 596 3315 avri.
621 3260 680 3312 δὲ
717 3261 841 3312 ταῖν
877 3257 1025 3311 δυοῖν
1054 3254 1261 3327 Αἰθέρα
1286 3254 1383 3307 καὶ
1411 3252 1578 3315 Χάος,
1602 3249 1725 3304 ἀντὶ
1761 3248 1817 3301 δὲ
1845 3246 1940 3300 τοῦ
1967 3247 2058 3300 δν-

471 3369 562 3416 τος
592 3350 780 3413 ἁπλῶς
828 3349 889 3402 τὸ
934 3347 1051 3402 Ὢὺν
1091 3343 1563 3413 ἀπολογιζόμενοι.
1589 3342 1683 3395 καὶ
1711 3338 1904 3411 τριάδα
1928 3336 2057 3390 ταύο

471 3463 571 3515 την
590 3442 669 3516 [5]
694 3442 912 3513 πρώτην
942 3440 1242 3501 ποιοῦντες.
1271 3439 1362 3500 Εἰς
1388 3436 1447 3489 δὲ
1470 3436 1570 3506 τὴν
1600 3433 1858 3503 δευτέραν
1883 3431 2056 3484 τελεῖν

471 3540 593 3608 ἦτοι
632 3537 692 3588 τὸ
720 3533 1023 3605 κυούμενον
1073 3531 1168 3584 καὶ
1188 3530 1254 3582 τὸ
1284 3530 1415 3581 κύον
1455 3527 1571 3579 Ὠδν
1597 3525 1690 3579 τὸν
1716 3524 1869 3585 Θεὸν,
1901 3523 1935 3593 ἣ
1965 3522 2056 3575 τὸν

485 3628 725 3701 Ἀργῆτα
775 3627 977 3697 χιτῶνα
1005 3624 1038 3694 ἢ
1074 3622 1174 3693 τὴν
1218 3620 1494 3688 Νεφέλην,
1529 3620 1610 3671 ὅτι
1640 3619 1705 3670 ὲκ
1729 3616 1933 3669 τούτων
1962 3616 2057 3668 ὲκ-

474 3722 712 3794 ορώσκει
740 3721 769 3772 6
794 3717 1014 3784 Φάνης.
1044 3714 1271 3768 Ἀλλοτε
1301 3712 1409 3782 γὰρ
1442 3709 1576 3764 ἄλλα
1610 3709 1741 3775 περὶ
1768 3706 1863 3760 τοῦ
1890 3705 2057 3775 μέσου

474 3811 850 3883 φιλοσοφοῦσι,
890 3809 1048 3862 τοῦτο
1084 3807 1183 3878 μὲν
1212 3807 1396 3858 ὁποῖον
1426 3803 1493 3856 ἂν
1586 3802 1662 3865 ὡς
1691 3801 1781 3854 τὸν
1808 3798 1953 3861 νοῦν,
1982 3798 2057 3859 ὡς

473 3906 529 3958 δὲ
573 3904 789 3973 πατέρα
840 3901 937 3955 καὶ
966 3899 1195 3969 δύναμιν
1243 3896 1381 3950 ἄλλα
1419 3896 1542 3947 τινὰ
1571 3889 2057 3963 προππινοοῦντες

473 3999 623 4051 οὐδὲν
652 3995 728 4066 τῷ
765 3994 952 4065 Ὀρφεῖ
981 3992 1348 4063 προσήκοντα·
1390 3986 1486 4058 τὴν
1514 3986 1570 4040 δὲ
1604 3984 1795 4055 τρίτην
1820 3981 1910 4034 τὸν
1933 3979 2058 4047 Mii-

472 4107 566 4143 τιν
597 4088 687 4143 τὸν
720 4083 1091 4154 Ἠρικεπαῖον
1119 4080 1194 4144 ὡς
1225 4078 1472 4149 δύναμιν,
1505 4076 1596 4129 τὸν
1625 4074 1865 4141 Φάνητα
1896 4071 2058 4124 αὐτὸν

470 4181 545 4243 ὡς
575 4180 806 4250 πατέρα.
846 4177 990 4232 Idem
1024 4174 1230 4230 ibidem
1275 4189 1326 4242 p.
1366 4169 1501 4226 106:
1539 4167 1707 4222 Ὅθεν
1741 4164 1926 4234 πηγὴν
1958 4162 2057 4233 μὲν

471 4270 665 4341 πηγῶν
690 4270 821 4324 αὐτὸ
855 4270 937 4337 (τδ
978 4266 1109 4334 Ἓν)
1150 4262 1437 4317 Χαλδαίων
1476 4260 1668 4321 παῖδες
1709 4254 2058 4324 ἁνευφημοῦ-

472 4379 577 4425 σιν,
626 4356 859 4428 Ὀρφεὺς
885 4356 942 4408 δὲ
974 4353 1161 4423 μικτιῆ
1194 4351 1419 4420 σπέρμα
1466 4351 1702 4419 φέροντα
1740 4344 1898 4410 θεῶν,
1933 4345 2057 4395 Φοί·
2092 4374 2135 4428 D

470 4466 620 4512 νικες
649 4449 706 4501 δὲ
743 4446 918 4500 αἰῶνα
954 4442 1254 4513 κοσμικδν,
1289 4442 1365 4504 ὡς
1405 4440 1584 4493 πάντα
1612 4441 1669 4491 ὲν
1723 4436 1903 4505 ἑαυτῴ
1932 4453 2059 4488 συν-

472 4539 738 4615 ῃρηκότα,
807 4536 988 4592 Locus
1056 4540 1369 4602 corruptus.
1438 4531 1586 4601 Lego
1647 4546 1661 4581 :
1718 4528 1949 4598 Ὀρφεὺς
2005 4525 2063 4579 δὲ

473 4630 665 4698 Μῆτιν
721 4629 942 4700 σπέρμα
1000 4625 1237 4696 φέροντα
1281 4621 1421 4675 Θεῶν
1458 4652 1522 4661 -
1564 4619 1722 4700 -τ-Ει
1754 4633 1876 4689 pag.
1918 4616 2059 4672 ηδε

474 4722 616 4791 Οὐχὶ
648 4720 706 4773 δὲ
732 4698 841 4775 καὶ⁷
868 4718 1100 4791 Ὀρφεὺς
1131 4714 1238 4770 ἀπὸ
1260 4713 1354 4768 τοῦ
1381 4711 1503 4766 Ὠοὓ
1532 4698 1794 4782 παράγει.
1824 4710 1937 4763 Καὶ
1964 4709 2064 4778 τῆς

473 4813 724 4884 Νεφέλης
756 4811 1025 4884 ῥαγείσης
1062 4809 1189 4881 (hac
1214 4806 1381 4862 modo
1406 4804 1706 4861 occasione
1749 4803 1955 4873 cogita,
1992 4816 2062 4853 an

474 4909 531 4963 in
605 4907 729 4962 loco
792 4904 1081 4975 superiore
1152 4916 1253 4971 pro
1329 4898 1545 4969 ἀργῆτα
1603 4894 1796 4965 reponi
1851 4894 2066 4963 placeat

472 4998 563 5052 τὸν
588 4996 824 5071 ῥαγέντα
855 4993 1061 5065 χιτῶνα
1096 4991 1127 5062 ἢ
1156 4988 1410 5059 νεφέλην)
1442 4987 1541 5041 τὸν
1558 4985 1926 5056 πολυτίμητον
1962 4983 2066 5050 φά-

476 5105 658 5160 νηται,
690 5085 937 5156 πρόοδον.
980 5085 1090 5138 Kal.
1130 5084 1338 5145 ἐκεῖνος
1375 5080 1433 5131 ὲν
1466 5078 1544 5150 τῷ
1572 5076 1649 5147 νῷ
1678 5074 2063 5146 ὑποστησάμε-

483 5198 584 5244 δος.
616 5168 690 5231 Ἢ
710 5176 904 5249 ῥητέον
928 5177 1063 5246 πρὸς
1085 5172 1277 5238 ταῦτα,
1307 5179 1361 5226 et
1392 5166 1518 5241 quae
1545 5175 1881 5237 sequuntur.
1919 5164 2063 5235 Lege

476 5279 531 5323 et
566 5269 850 5339 distingue
889 5284 902 5320 :
962 5265 1054 5317 τὸν
1104 5262 1475 5333 πολυτίμητον
1520 5257 1783 5326 Φάνητα,
1835 5254 2062 5326 πρόοδον

475 5364 570 5417 καὶ
591 5364 821 5425 ἐκεῖνος,
847 5372 951 5415 etc.
973 5357 1036 5411 Et
1057 5365 1319 5428 praeterea
1348 5371 1398 5425 p.
1422 5354 1558 5408 ιειε

487 5457 707 5511 Ἔνθεν
746 5450 1122 5519 ἀποθρώσκει
1148 5449 1388 5519 γένεσις
1427 5443 1849 5500 πολυπιδάκου
1881 5442 2058 5509 ὕλης,

477 5547 571 5597 καὶ
607 5547 709 5598 ὅσα
760 5543 984 5598 τοιαῦτα
1025 5542 1156 5615 περὶ
1197 5540 1298 5611 τῆς
1341 5539 1553 5602 τάξεως
1598 5536 1814 5605 ἐκείνης
1843 5535 1894 5587 oi
1946 5532 2062 5585 θεοὶ

479 5636 915 5705 χρησμιρδοῦσιν·
973 5633 1107 5687 am
1148 5633 1242 5685 καὶ
1289 5630 1520 5700 Ὀρφεὺς
1558 5627 1649 5679 τὸν
1693 5626 2061 5695 πολυτίμητον

2161 426 2211 478 κ’
2238 427 2404 481 αὑτὸν
2445 429 2822 498 Ἥρικεπαῖον,
2862 429 2959 483 καὶ
2987 429 3048 495 ἐξ
3077 429 3241 483 αὑτοῦ
3272 432 3419 483 ποιεί
3444 429 3739 500 προϊοῦσαν

2159 517 2377 571 ἃπασαν
2405 517 2505 586 τὴν
2533 518 2640 572 τῶν
2673 518 2809 571 θεῶν
2842 520 3053 587 γενεάν.
3089 517 3385 574 Enimvero
3416 532 3525 573 non
3549 521 3740 578 leviter

2157 608 2374 662 mendis
2391 624 2616 678 aspersa
2647 619 2733 666 est
2754 610 2869 664 haec
2886 610 3077 681 ῥῆσις,
3100 627 3266 682 quam
3299 610 3371 665 ita
3395 612 3733 670 constitues:

2156 700 2252 752 καὶ
2294 701 2525 771 Ὀρφεὺς
2556 691 2649 756 τὸν
2700 702 3067 775 πολυτίμητον
3103 702 3294 757 τοῦτον
3329 702 3452 757 θεὸν
3498 706 3734 779 ἀνευφη-

2156 792 2251 860 μεῖ

2156 901 2351 970 Μῆτιν
2401 903 2643 975 σπέρμα
2695 905 2955 976 φέροντα
3012 902 3166 960 θεῶν
3215 903 3472 1045 κλυτὸῖπ
3511 904 3733 985 :Hpme-

3472 990 3627 1028 αιον.

3426 985 3627 1028 παιον.

2156 1085 2361 1154 Pagina
2383 1074 2626 1156 denique
2646 1086 2784 1141 164:
2815 1087 2971 1140 Τοῖον
2996 1085 3295 1143 ἀπέστιλϐε
3316 1088 3506 1157 χρόνος
3537 1086 3735 1141 deum.

2148 1192 2265 1228 τοιο
2288 1173 2580 1242 Φάνητος,
2632 1176 2721 1229 ubi
2758 1175 3050 1245 legendum
3077 1177 3266 1248 χροός,
3303 1185 3361 1230 ιιι
3386 1176 3611 1246 quidem
3639 1195 3702 1235 ex

2151 1276 2259 1323 stat
2294 1266 2439 1337 apud
2474 1266 2728 1321 Proclum
2759 1286 2773 1322 :

2153 1375 2464 1445 Θαύμαζον
2489 1376 2863 1445 καθορῶντες
2892 1377 2962 1430 ἐν
2984 1376 3169 1445 αἰθέρι
3198 1377 3418 1446 φέγγος
3445 1378 3729 1442 ἄελπτον,

2157 1447 2324 1531 Τοῒον
2352 1446 2682 1501 ἀπέστιλϐε
2711 1448 2892 1515 χροὸς
2916 1447 3233 1502 ἀθανάτοιο
3267 1447 3557 1515 Φάνητος.

2151 1557 2296 1613 hiem
2323 1558 2625 1613 Proclusin
2652 1559 3173 1621 ParmenidemJns.
3208 1560 3319 1614 haec
3344 1560 3509 1615 habet
3548 1578 3561 1613 :
3586 1561 3616 1612 6
3639 1561 3731 1631 μὲν

2084 1681 2120 1732 Β
2151 1650 2507 1721 γάρύρφεὺς
2538 1651 2677 1720 μετὰ
2702 1652 2802 1721 τὴν
2824 1651 3129 1704 κατάποσιν
3150 1651 3244 1704 τοῦ
3281 1650 3555 1718 Φάνητος
3574 1654 3632 1705 ἐν
3659 1652 3734 1722 τῷ

2155 1745 2237 1794 Att
2264 1743 2333 1794 τὰ
2368 1743 2544 1796 πάντα
2571 1743 2856 1811 γεγονέναι
2885 1743 3071 1813 φησίν.
3103 1743 3324 1815 Ἐπειδὴ
3349 1744 3616 1814 πρότερον
3639 1744 3733 1814 μὲν

2155 1836 2250 1886 καὶ
2283 1834 2577 1903 ὴνωμένως
2620 1836 2678 1886 ὲν
2702 1833 2918 1905 ἐκείνῳ.
2948 1835 3221 1905 δευτέρως
3249 1834 3305 1888 δὲ
3331 1837 3426 1887 καὶ
3453 1836 3731 1908 διακεκριρ

2158 1922 2331 1992 μένως
2366 1925 2423 1975 ὲν
2465 1923 2544 1992 τῷ
2583 1924 2914 1995 Δημιουργῷ
2942 1908 3012 1978 τά
3042 1924 3220 1978 πάντα
3259 1926 3505 1997 ἀνεφάνη
3530 1928 3601 1980 τὰ
3631 1928 3732 1980 τῶν
3789 1976 3801 1995 ,

2154 2013 2592 2083 ἐγκοσμημάτων
2640 2014 2813 2069 αῐτια.
2877 2014 2945 2069 Ει
3000 2016 3054 2069 in
3104 2016 3446 2070 Alcibiadem
3499 2019 3732 2086 priorem

2153 2120 2259 2158 ms.
2299 2105 2380 2159 sic
2410 2106 2605 2160 scribit
2639 2123 2653 2159 :
2686 2106 2793 2160 Καί
2818 2124 2907 2177 μοι
2935 2107 3086 2161 δοκεῖ
3125 2108 3221 2160 καὶ
3246 2109 3274 2159 6
3308 2108 3534 2162 Πλάτων
3561 2109 3737 2180 εὑρὼν

2154 2196 2282 2264 παρ’
2314 2196 2507 2266 ’ορφεί
2527 2196 2618 2250 τὸν
2652 2198 2815 2250 αὑτὸν
2863 2198 3056 2252 τοῦτον
3087 2199 3181 2251 καὶ
3222 2198 3447 2269 Ἔρωτα
3479 2201 3573 2255 καὶ
3615 2202 3736 2256 Δαί-

2156 2302 2291 2355 μονα
2323 2287 2495 2356 μέγαν
2519 2287 2986 2359 ἀποκαλούμενον,
3027 2292 3312 2361 ἀγαπῆσαι
3354 2293 3447 2343 καὶ
3468 2292 3628 2354 αὐτὸς
3644 2294 3736 2346 ἐπὶ

2151 2377 2246 2430 τοῦ
2283 2380 2525 2448 Ἔρωτος
2548 2381 2637 2432 τὸν
2676 2380 2916 2434 τοιοῦτον
2953 2381 3141 2451 ὕμνον
3173 2382 3302 2453 περὶ
3347 2381 3446 2451 μὲν
3475 2382 3584 2453 γὰρ
3608 2401 3736 2453 νοη-

2148 2468 2245 2521 τοῦ
2268 2470 2360 2522 νοῦ
2388 2469 2561 2537 λέγων
2586 2474 2613 2525 6
2632 2472 2918 2540 Θεολόγος·

2152 2558 2233 2631 [4]
2263 2560 2456 2628 Ἁϐρὸς
2480 2563 2666 2631 Ἔρως
2696 2564 2792 2617 καί
2814 2563 3004 2634 Μῆτις
3036 2564 3451 2633 ἀτάσθαλος...

2152 2649 2262 2702 Καὶ
2283 2652 2464 2708 πάλιν.

2156 2756 2330 2815 Οἷσιν
2349 2763 2724 2832 ἐπεμϐεϐαὼς
2753 2765 2988 2835 Δαίμων
3005 2767 3196 2837 μέγας
3223 2768 3356 2821 ater
3384 2769 3481 2821 ἐπ’
3506 2770 3664 2837 (xm.

2153 2851 2288 2922 Περὶ
2319 2852 2374 2905 δὲ
2405 2854 2499 2906 τοῦ
2518 2856 2706 2924 νοεροῦ
2748 2853 2839 2909 νοῦ
2864 2857 2957 2909 καὶ
2984 2856 3311 2926 ἁμεθέκτου,

2153 2942 2260 2996 Καὶ
2276 2943 2464 3023 Μῆτις
2479 2945 2709 3013 πρῶτος
2731 2947 2979 3017 γενέτωρ
3003 2945 3100 3002 και
3120 2949 3309 3017 Ἔρως
3336 2949 3736 3018 πολυτερπής.

2083 3023 2125 3080 C
2162 3036 2272 3088 Καὶ
2295 3037 2476 3089 πάλιν·

2171 3147 2280 3199 Ἔν
2330 3145 2567 3214 κράτος,
2619 3142 2710 3216 εἷς
2760 3148 2998 3218 Δαιμων
3053 3148 3258 3220 γένετο
3300 3152 3526 3223 μέγας,
3557 3154 3742 3222 ἀρχὸς

3366 3223 3670 3289 ἁπάντων,

2162 3330 2333 3385 Multa
2373 3333 2621 3401 prudens
2670 3341 2725 3388 et
2769 3333 2955 3389 sciens
2988 3345 3288 3403 prtetereo,
3325 3352 3450 3403 «tua:
3480 3352 3545 3390 ex
3578 3337 3740 3390 Athe.

2162 3438 2391 3494 nagora,
2435 3423 2737 3489 Mat-rohio,
2790 3423 3052 3495 Orphici's
3106 3424 3359 3498 Hymnis,
3396 3435 3512 3482 tum
3559 3436 3739 3481 autem

2165 3516 2438 3586 praecipue
2472 3532 2502 3571 ο
2544 3515 2743 3571 Proclo
2803 3517 2858 3570 in
2919 3516 3169 3573 Platonis
3222 3515 3491 3572 Timaeum
3548 3518 3741 3572 afferre

2166 3618 2384 3677 possem
2424 3626 2437 3662 :
2497 3623 2562 3663 ue
2592 3607 2734 3663 forte
2763 3608 2858 3677 qui
2895 3624 2980 3663 me
3007 3610 3192 3665 minus
3221 3618 3448 3675 norunt,
3481 3609 3632 3664 Pauli
3660 3624 3742 3662 ire

2164 3699 2434 3769 Leopardi
2459 3700 2662 3753 scrinia
2688 3701 2996 3769 compilare
3016 3702 3360 3757 existiment.
3393 3701 3531 3756 Inde
3558 3710 3740 3772 petere

2164 3799 2424 3864 possunt,
2456 3793 2541 3847 vel
2573 3808 2600 3844 a
2628 3790 2923 3847 Theodoro
2955 3792 3220 3854 Cantero,
3246 3795 3341 3863 qui
3373 3795 3534 3863 plura
3568 3793 3744 3848 dehis

2166 3884 2335 3939 rebus
2377 3885 2526 3938 scire
2552 3884 2891 3938 dcsiderent.
2921 3884 3058 3937 Nam
3090 3885 3223 3953 quid
3251 3901 3354 3955 ego
3384 3900 3642 3941 censeam
3676 3885 3741 3937 de

2167 3974 2388 4028 illorum
2448 3975 2750 4035 sententia,
2798 3974 2891 4043 qui
2953 3975 3429 4044 signiﬁcationem
3493 3976 3738 4032 mendosi

2169 4066 2322 4121 verbi
2368 4065 2670 4136 Ἐρικεπεὼ
2700 4082 2765 4119 ex
2815 4066 3060 4122 anilibus
3102 4066 3547 4122 Cabbalistarum
3583 4068 3741 4138 nugis

2166 4166 2445 4213 conantur
2461 4156 2829 4226 exsculpere?
2859 4157 2954 4213 sed
2989 4158 3118 4213 nolo
3143 4158 3351 4229 aliquid
3380 4160 3742 4215 inclementer

2165 4251 2371 4305 dicere.
2426 4247 2546 4303 Non
2582 4260 2835 4304 nostrum
2882 4256 2969 4304 est
3048 4250 3326 4320 κειμένοις
3368 4251 3742 4322 ὲπεμὸαίνειν.

2167 4343 2396 4398 Veniam
2426 4344 2591 4397 etiam
2639 4342 2875 4397 libenter
2909 4342 3140 4409 dedero,
3178 4344 3228 4398 si
3283 4345 3475 4402 minus
3520 4360 3584 4399 ea
3620 4361 3749 4415 per.

2164 4434 2466 4503 spexerint,
2498 4446 2666 4500 quaea
2692 4432 2880 4486 multis
2911 4432 3130 4487 sacculis
3161 4432 3415 4489 homines
3447 4434 3750 4495 latuerunt,

2162 4526 2399 4596 caligine
2431 4534 2485 4579 et
2515 4523 2760 4578 tenebris
2799 4522 3166 4579 circumfusa.
3197 4522 3332 4578 Nam
3364 4534 3424 4579 ut
3448 4528 3750 4580 concedam

2167 4620 2304 4681 haec,
2335 4617 2616 4686 quomodo
2661 4631 2691 4670 a
2734 4631 2820 4670 me
2846 4617 3135 4671 emendata
3162 4627 3316 4683 sum,
3342 4618 3415 4671 ita
3472 4634 3502 4671 a
3533 4616 3749 4673 Joanne

2164 4709 2335 4765 fuisse
2388 4716 2693 4780 concepta;
2742 4708 2893 4779 quod
2927 4710 3188 4779 equidem
3228 4709 3378 4764 haud
3425 4710 3589 4765 facile
3634 4725 3755 4766 cre-

2166 4801 2397 4857 diderim
2445 4820 2461 4868 ;
2521 4800 2706 4856 Suidae
2760 4810 2943 4856 tamen
3012 4809 3067 4855 et
3108 4800 3347 4856 Cedreni
3411 4802 3756 4873 temporibus

2165 4895 2525 4964 depravatum
2576 4907 2701 4947 esse
2755 4892 2905 4947 hunc
2938 4891 3151 4947 Malalze
3193 4892 3377 4947 locum
3411 4892 3551 4947 illud
3585 4908 3751 4965 argu-

2163 4997 2349 5041 mento
2395 4993 2501 5049 est,
2531 4985 2678 5055 quod
2714 4985 2769 5038 hi
2808 4985 3313 5055 interpretamenta
3338 5006 3341 5009 ι
3366 4984 3643 5039 duntaxat
3678 4999 3751 5040 ex

2163 5087 2357 5134 nostro
2391 5077 2645 5140 aﬂ‘erant,
2683 5076 2752 5131 de
2794 5077 2981 5131 verbis
3016 5074 3221 5146 Orphei
3272 5075 3395 5129 οὐδὲ
3448 5075 3577 5148 γρῦ.
3613 5075 3751 5131 illud

2161 5180 2344 5223 autem
2386 5168 2519 5222 mihi
2552 5168 2742 5223 videor
2772 5168 2910 5224 satis
2948 5179 3104 5223 certo
3132 5168 3307 5231 scire,
3334 5183 3447 5222 non
3481 5176 3537 5222 te
3559 5183 3753 5240 exspe-

2164 5271 2338 5325 ctare,
2368 5270 2429 5313 ut
2468 5260 2579 5313 vim
2615 5260 2772 5315 verbi
2804 5260 3170 5330 Ἢρικεπαῖος
3201 5269 3254 5314 et
3290 5267 3554 5313 naturam
3583 5260 3752 5330 expli-

2161 5368 2277 5407 cem
2308 5371 2320 5406 :
2347 5365 2485 5408 tune
2527 5361 2587 5406 ut
2619 5353 2833 5422 ineptas
2859 5351 3188 5422 plerumque
3227 5359 3281 5406 et
3319 5364 3519 5406 casses
3541 5361 3751 5423 etymo-

2156 5444 2334 5515 iogias
2367 5444 2684 5499 consectari
2719 5457 2809 5499 me
2841 5442 3011 5498 velis?
3069 5442 3299 5497 Dabitur
3327 5442 3746 5513 jusjurandum,

2163 5550 2230 5589 ne
2271 5535 2339 5587 ab
2362 5533 2832 5605 Orpheoquidem
2858 5534 2979 5603 ipso
3012 5533 3115 5587 hoc
3151 5534 3266 5586 ﬁeri
3308 5534 3585 5603 potuisse.
3606 5534 3750 5588 Scire

2165 5627 2316 5695 prius
2354 5640 2511 5690 aveo,
2562 5622 2709 5679 unde
2753 5624 2849 5679 illa
2907 5624 3181 5693 vulgaria.
3228 5623 3512 5685 Διόνυσος,
3550 5624 3748 5691 “ﬁgat-
