3988 6136
325 339 433 396 725

334 340 433 403 ῗ25
1441 340 1808 400 EPISTOLA
1850 343 2060 407 RICH.
2095 346 2456 408 BENTLEII

3494 345 3601 409 ’ἶΞῦ

401 452 534 504 Sine
592 446 762 504 dubio
814 449 939 502 loco
1013 446 1274 500 Ἀστάνου
1351 447 1760 503 emendandum
1822 457 1904 504 est

2015 451 2273 523 ἀληθείας
2307 449 2466 507 εἶναι.
2501 447 2592 518 Εἷς
2625 457 2774 507 ἐστιν
2795 454 2824 504 ὁ
2849 454 2980 517 Θεδς
3003 454 3062 518 ὃς
3085 453 3178 506 τὸν
3204 451 3458 524 οὐρανόν,
3491 465 3596 512 etc.

335 541 620 595 Ὀστὲινου.
655 541 891 596 Ostanes
938 556 1130 611 magus
1164 549 1220 594 rt
1260 539 1588 597 Zoroastres
1624 545 1792 596 etiam
1829 543 1914 596 iu-

323 633 506 686 doctis
571 632 966 702 cognitissimi.
1035 631 1329 689 Theodoro
1380 633 1726 690 Meliteuioltn
1768 633 1917 690 Prte-

327 725 535 778 fatione
601 724 656 778 in
724 725 1130 780 Astronomiam
1205 741 1313 780 non
1383 725 1616 782 Ostanes
1681 728 1913 792 dicitur,

325 816 418 868 sed
487 813 716 883 Ὀτάνης
771 813 910 886 [11],
961 813 1092 882 Quae
1153 815 1387 871 fortasse
1449 832 1579 872 vera
1635 818 1912 886 scriptura

323 916 457 960 est:
518 921 645 960 naut
702 915 756 961 et
789 906 932 977 apud
1007 906 1341 961 llerodotum
1417 924 1527 963 non
1605 925 1751 964 unus
1827 917 1914 964 est

323 998 530 1051 Otanes
579 997 794 1052 Persa:
833 1009 890 1053 et
955 1013 1083 1054 vero
1137 1014 1331 1070 magus
1392 999 1483 1054 ille
1531 999 1754 1055 natione
1813 999 1915 1054 fuit

319 1087 640 1142 Chaldaeus.
694 1085 978 1143 Theodori
1023 1089 1206 1143 locum
1253 1091 1591 1156 describam,
1645 1089 1793 1160 quod
1833 1089 1911 1144 ibi

325 1179 692 1248 plurimorum
747 1195 1032 1251 magorum
1075 1181 1300 1235 nomina
1339 1182 1552 1245 videas,
1585 1197 1727 1251 quos
1779 1181 1912 1236 alibi

325 1269 543 1323 frustra
603 1249 916 1338 quaesieris.
993 1271 1083 1324 Ἐν
1127 1267 1210 1336 οἷς
1261 1249 1617 1342 (Χαλδαίοιςγ
1649 1273 1801 1328 ἄλλοι
1851 1289 1913 1325 τε

323 1360 573 1414 πλεῖστοι
624 1361 916 1431 γεγόνασιν
966 1363 1236 1430 ἀξιόλογοι
1282 1365 1473 1434 ἄνδρες
1533 1365 1628 1418 καὶ
1679 1365 1914 1436 μάλιστα

321 1451 688 1522 Ζωροάστρης
725 1457 819 1506 καὶ
864 1453 982 1522 μετ’
1037 1454 1244 1506 ἐκεῖνον
1287 1453 1536 1520 Ὀτάνης,
1569 1455 1597 1508 ὂ
1627 1470 1688 1506 τε
1740 1453 1910 1527 Κιδηο

321 1544 442 1609 νᾶς,
491 1544 586 1596 καὶ
632 1543 1044 1615 Ναϐουριανὸς,
1095 1545 1188 1596 καὶ
1213 1545 1309 1598 σὺν
1359 1545 1544 1606 αὐτοῖς
1581 1547 1610 1598 ὁ
1645 1544 1909 1612 Σουδῖνος,

319 1632 463 1686 ἀλλὰ
517 1637 611 1686 καὶ
666 1633 932 1698 Σέλευκος
997 1634 1106 1689 ἀπὸ
1150 1634 1474 1700 Σελευκείας
1503 1634 1769 1700 Χαλδαῖος
1817 1635 1913 1707 καὶ

320 1719 480 1787 οὗτός
521 1726 690 1779 ὲσττν.

320 1835 440 1891 XV.
481 1837 702 1906 Θοῦλις
720 1840 1105 1908 όΑὶγυπτίων
1137 1838 1440 1906 βασιλεὺς
1475 1839 1758 1906 ἐπαρθεὶς
1786 1838 1908 1904 τοῖς

393 1909 1245 1980 ζαρτορθὼμασιν’ἠρώτησεν
1267 1913 1354 1976 εις
1386 1909 1453 1964 τὸ
1477 1909 1764 1980 μαντεῖον
1801 1908 1909 1962 τοῦ

390 1978 720 2044 Εὐριπίδου
748 1980 881 2048 περὶ
917 1980 1103 2033 αὐτοῦ
1132 1979 1342 2046 οὕτως’

373 2088 620 2157 Φράσον
638 2109 740 2160 μοι
773 2091 1160 2160 πυρισθεγές,
1195 2101 1302 2148 etc.
1337 2102 1396 2148 ut
1419 2091 1641 2148 Malalas
1675 2109 1731 2164 p.
1763 2093 1853 2148 26.

319 2177 615 2233 Hominem
662 2195 796 2236 sane
847 2181 1130 2244 festivum,
1157 2181 1250 2252 qui
1298 2179 1617 2252 Euripidem
1662 2199 1910 2254 χρησμοο

318 2271 591 2339 λογοῦντα
618 2274 777 2329 nobis
823 2275 1098 2329 exhibuit.
1127 2273 1332 2340 Quidni
1384 2275 1616 2332 autem?
1653 2275 1906 2346 inquies,

319 2361 487 2430 cujus
523 2376 592 2416 ex
627 2362 870 2434 μαντείῳ
901 2363 1007 2418 hoc
1037 2364 1246 2418 editum
1281 2371 1387 2428 est,

469 2452 698 2518 Μάντις
729 2451 782 2504 δ’
827 2453 1074 2521 ἀριστος
1097 2452 1268 2519 ὅστις
1297 2450 1513 2514 εἰκάζει
1542 2450 1764 2522 καλῶς,

321 2542 616 2594 oraculum
647 2541 894 2612 quidem,
923 2557 1036 2612 quo
1068 2541 1206 2596 nihil
1241 2544 1424 2598 verius
1457 2556 1522 2596 ac
1550 2543 1904 2613 sapientius;

321 2631 486 2698 quale
518 2647 800 2702 nunquam
831 2643 926 2688 aut
961 2633 1121 2690 Bacis
1165 2631 1332 2700 fudit,
1365 2641 1462 2688 aut
1501 2634 1753 2688 comicus
1803 2632 1907 2688 iste

317 2723 534 2785 Clanis.
571 2736 666 2778 aut

321 2812 519 2884 Pythia
553 2829 671 2884 qua:
709 2813 915 2883 tripode
951 2830 1017 2870 ea:
1053 2814 1238 2872 Phoebi
1269 2817 1525 2886 lauroque
1557 2814 1775 2885 profata
1803 2822 1905 2868 est.

323 2905 430 2960 Sed
457 2917 616 2961 extra
650 2907 840 2976 jocum
879 2927 892 2962 :
932 2907 1054 2964 sine
1095 2908 1478 2964 controversia
1513 2905 1902 2977 corrigendum

319 3009 405 3056 est
443 2998 538 3052 τοῦ
573 2999 914 3070 Σαράπιδος·
948 3000 1037 3054 cui
1068 2999 1276 3056 Cauobi
1305 3000 1507 3070 templa
1537 2998 1720 3052 dicata
1741 3006 1902 3065 sunt;

319 3094 486 3146 etiam
521 3092 873 3147 Alexandriae
899 3101 952 3147 et
979 3091 1238 3162 Memphi.
1271 3091 1475 3147 Narrat
1515 3081 1714 3146 Strabo
1745 3091 1903 3146 miris

316 3183 592 3252 quosdam
615 3184 868 3239 laudibus
887 3184 1086 3240 efferre
1105 3182 1207 3250 τὰς
1236 3185 1439 3256 ἀρετὰς
1455 3183 1566 3238 τῶν
1591 3183 1688 3238 τοῦ
1731 3184 1904 3256 Σαρά-

317 3274 472 3338 πιδος
492 3277 551 3328 ἐν
582 3275 830 3347 Κανώϐῳ
849 3276 1068 3345 λογίων.
1097 3275 1224 3330 Hauc
1241 3277 1602 3346 scripseram,
1627 3289 1751 3330 cum
1776 3291 1904 3330 sero

315 3365 690 3421 animadverti
735 3368 878 3437 apud
916 3367 1146 3423 Suidam
1181 3369 1235 3422 in
1286 3383 1419 3422 voce
1467 3366 1662 3431 Θοῦλις
1697 3367 1903 3437 italegi

315 3456 624 3524 αὐτολεξει,
662 3460 741 3511 uti
769 3459 924 3529 prius
948 3475 1014 3514 ex
1046 3457 1374 3528 conjectura
1409 3436 1854 3512 emendavcraiu.

391 3547 746 3603 Dubitzmtem
781 3566 866 3604 me
901 3559 957 3604 et
1001 3565 1113 3620 quo
1142 3549 1393 3620 proxime
1423 3564 1508 3603 me
1547 3555 1756 3602 vertam
1795 3549 1906 3602 cir-

313 3651 797 3708 cumspectantem
841 3641 909 3695 ad
949 3655 1010 3696 se
1056 3649 1221 3695 vocat
1271 3637 1612 3710 Sophocles,
1663 3639 1906 3709 indignis

315 3745 452 3783 sane
482 3731 659 3783 modis
681 3745 710 3783 a
730 3728 944 3784 Joanne
980 3739 1260 3800 acceptus,
1293 3743 1348 3800 p.
1377 3729 1441 3783 ιι
1477 3747 1490 3782 :
1525 3727 1583 3782 Ὀ
1603 3727 1713 3799 γὰρ
1737 3727 1906 3797 σοφώ.

311 3839 474 3886 τατος
507 3821 783 3894 Σοφοκλῆς
815 3823 1001 3894 δρᾶμα
1029 3821 1248 3886 ἐξέθετο
1285 3823 1379 3876 καὶ
1419 3821 1719 3890 ποιητικῶς
1749 3816 1902 3875 εἶπεν

309 3911 400 3964 ὅτι
441 3913 472 3964 ὁ
509 3903 800 3981 Τειρεσίας
859 3911 956 3982 τὴν
1011 3911 1260 3966 Παλλάδα
1315 3908 1421 3965 εῐδε
1468 3912 1764 3982 λουομένην
1810 3914 1903 3966 καὶ

305 4002 455 4074 γυνὴ
486 4004 730 4072 ἐγένετο.
757 4002 869 4074 Ego
895 4019 1023 4058 vero
1053 4005 1248 4072 quovis
1269 4005 1498 4074 pignore
1525 4005 1899 4059 contendetim

310 4099 451 4154 nihil
484 4113 718 4168 usquam
753 4099 822 4151 de
865 4096 1062 4152 fabella
1089 4099 1194 4153 ista
1219 4102 1523 4168 proiectum
1549 4112 1578 4152 ιι
1605 4096 1898 4167 Sophocle,

309 4205 635 4260 quanquam
661 4191 728 4243 ab
761 4187 889 4243 aliis
929 4189 1144 4258 passim
1177 4198 1544 4244 memoretttr.
1582 4187 1718 4243 Cum
1753 4187 1898 4242 enim

307 4295 510 4334 omnes
538 4278 654 4333 fere
685 4279 874 4335 titulos
901 4277 1336 4351 Sophocleorum
1376 4279 1696 4336 Dramatum
1729 4280 1900 4336 bene-

312 4372 441 4425 ficio
479 4369 990 4426 Grammaticorum
1038 4379 1286 4426 veterum
1336 4371 1660 4432 habeamus.
1685 4373 1897 4428 nullum

2019 543 2063 598 Ο
2103 544 2347 602 hominis
2381 555 2687 616 stuporem,
2729 556 2782 601 et
2830 545 3100 599 ἰδιωτεὶαν
3149 547 3394 599 meram!
3439 547 3599 618 Apud

2019 644 2327 702 auctorem,
2377 637 2523 691 unde
2587 637 2702 692 haec
2769 637 2956 691 habuit
3005 635 3422 702 Antiochensis,
3479 635 3604 692 siue

2016 727 2187 800 638
2211 729 2382 784 dubio
2408 731 2678 801 scriptum
2709 739 2832 785 erat
2858 731 2924 785 ad
2955 731 3061 784 hoc
3098 729 3412 799 exemplum
3448 747 3460 784 :
3487 731 3603 784 Κα-

2018 819 2124 882 θὼς
2159 824 2188 874 ὁ
2235 822 2512 894 Σοφοκλῆς
2541 817 2697 876 εἶπεν
2733 823 2792 876 ὲν
2833 825 2953 886 ταῖς
2985 821 3322 892 ἀληθείαισιν
3362 815 3444 886 εἷς
3482 825 3600 877 ἐστι

2017 911 2168 976 Θεὸς.
2206 911 2387 968 Homo
2411 914 2646 968 stolidus
2678 913 3128 983 interpunctione
3162 913 3295 982 falsa
3323 914 3598 985 iugulavit

2019 1017 2259 1069 versum,
2299 1005 2610 1074 misereque
2653 1005 3006 1076 disperdidit.
3050 1004 3321 1060 Nimirum
3365 1009 3436 1060 ab
3465 1005 3598 1076 ἀλη-

2017 1094 2245 1148 θείαισιν
2294 1097 2709 1154 distinctionem
2773 1099 3182 1166 posuit,'cum
3240 1099 3420 1152 oratio
3473 1107 3598 1168 post

2014 1182 2136 1240 εἷπε
2167 1189 2434 1245 sustineri
2457 1190 2730 1246 debuerit.
2771 1189 2878 1246 Sed
2910 1189 3143 1246 effloiam
3180 1199 3241 1244 ut
3277 1193 3514 1262 posthac
3543 1191 3594 1244 hi

2016 1280 2278 1334 versiculi
2315 1297 2452 1337 sano
2496 1283 2690 1340 saltem
2737 1283 2876 1353 pede
2920 1283 3140 1353 possint
3184 1283 3462 1338 incedere.
3503 1281 3627 1336 Sic.

2019 1371 2188 1441 igitur
2219 1375 2453 1430 emendo
2479 1395 2494 1431 :

2154 1488 2258 1544 Ἑν
2290 1489 2418 1556 ταῖς
2440 1490 2824 1558 ἀληθείαισιν
2846 1486 2936 1557 εἷς
2964 1492 3134 1548 ἐστιν
3156 1492 3290 1557 θεὸς

2165 1561 2270 1632 Ὃς
2297 1562 2559 1629 οὐρανόν
2591 1561 2640 1613 τ’
2662 1557 2879 1632 ἔτευξε
2899 1561 3000 1614 καὶ
3031 1561 3208 1632 γαῖαν
3223 1562 3464 1630 μακρὰν
3493 1577 3507 1590 ‘

2155 1627 2390 1700 nemo
2417 1644 2482 1682 τε
2505 1629 2772 1700 χαροπὰν
2791 1627 2974 1698 οἶδμα
2997 1627 3278 1700 κᾶν-ἐμῶν
3299 1627 3466 1698 βίας.

2157 1699 2465 1768 Θνητοίᾼτε
2485 1699 2723 1753 πολλὸν
2753 1699 2964 1768 καρδίᾳ
2992 1699 3372 1767 πλανώμενοι

2165 1766 2592 1840 Ἰὃρυσάμεσθιι
2612 1766 2898 1840 πημάτὼν
2927 1766 3319 1840 παραψυχὴν,

2156 1837 2316 1909 Θεῶν
2337 1837 2626 1907 ἀγάλματ’
2654 1837 2722 1892 ἐκ
2743 1839 2928 1909 λίθων
2949 1839 2987 1907 ἢ
3012 1837 3292 1909 χαλκέων

2153 1900 2230 1961 “Η
2249 1900 2710 1975 χρυάοτὲύκτων
2735 1907 2775 1976 ἢ
2809 1900 3197 1977 Hegea-eiiier
3233 1910 3482 1976 τύπους.

2155 1979 2382 2042 Θυσίας
2401 1995 2465 2032 τε
2485 1980 2720 2045 τούτοις
2751 1978 2851 2032 καὶ
2882 1979 3059 2046 κενὰς
3085 1981 3469 2047 πανηγύρεις.

2155 2047 2484 2117 Τεύχοντες
2509 2048 2699 2114 οὕτως
2737 2049 3013 2104 εὐσεϐεῖν
3039 2051 3374 2120 νομίζομεν.

2010 2165 2086 2220 lta
2118 2163 2235 2219 fere
2267 2163 2530 2234 leguntur
2553 2161 2699 2231 apud
2737 2159 3042 2227 Iustinum,
3081 2163 3445 2226 Clementem,
3479 2161 3588 2216 Eu-

2009 2257 2245 2320 sebium,
2295 2253 2720 2317 Theodoritum,
2765 2259 2822 2308 et
2875 2253 3076 2322 partim
3131 2254 3585 2325 Athenagoram;

2007 2349 2145 2404 adeo
2185 2356 2248 2402 ttt
2279 2346 2526 2402 demirer
2553 2344 2915 2414 interpretem
2955 2343 3341 2401 Chilmeadum
3361 2387 3374 2411 ,
3409 2347 3590 2401 homi-

2007 2455 2138 2497 nem
2171 2453 2306 2495 sane
2351 2437 2762 2510 pereruditum,
2804 2437 2860 2492 in
2901 2437 3026 2494 luce
3065 2445 3176 2492 tam
3221 2439 3367 2494 clara
3404 2438 3588 2494 minus

2007 2533 2174 2589 solito
2211 2529 2580 2602 perspexisse.
2626 2529 2735 2586 Sed
2771 2545 2882 2584 non
2923 2537 2978 2584 te
3015 2530 3227 2596 celabo,
3257 2530 3406 2602 quod
3446 2545 3586 2601 pace

2008 2633 2327 2680 sanctorum
2359 2622 2602 2679 virorum
2629 2623 2838 2678 dictum
2873 2624 3039 2678 velim
3067 2662 3082 2686 ,
3111 2625 3473 2680 vehementer
3502 2640 3588 2679 me

2009 2716 2282 2788 suspicari
2313 2730 2420 2770 non
2447 2729 2578 2771 esse
2601 2715 2718 2770 haec
2749 2730 2780 2768 ιι
2813 2715 3108 2785 Sophocle.
3143 2715 3200 2769 id
3224 2715 3362 2771 adeo
3393 2731 3496 2772 cur
3530 2717 3587 2771 in

2007 2809 2253 2863 animum
2284 2805 2568 2870 inducam.
2604 2807 2650 2864 si
2676 2821 2766 2864 me
2797 2808 3138 2880 interroges,
3173 2807 3339 2864 dico:
3374 2809 3585 2879 permi-

2007 2915 2130 2956 rum
2155 2899 2290 2954 mihi
2316 2909 2515 2969 praeter
2552 2899 2659 2954 alia
2694 2899 2894 2966 videri,
2929 2910 3040 2956 tam
3082 2900 3353 2956 illustrem
3405 2901 3584 2955 locum

2010 2992 2420 3049 Ecclesiasticis
2463 2993 2603 3049 solis
2653 2993 2962 3049 incurrisse
3001 2993 3056 3046 in
3097 2991 3309 3056 oculos,
3347 2991 3582 3046 aliorum

2007 3086 2254 3141 omnium
2288 3087 2462 3140 aciem
2489 3083 2750 3156 effugisse
2779 3083 2919 3158 {15].
2947 3084 3056 3152 Qui
3088 3084 3319 3149 factum,
3341 3085 3422 3139 uti
3454 3083 3586 3139 dor-

2009 3177 2223 3231 mitaret
2259 3177 2348 3231 hic
2395 3175 2680 3232 Plutarchi
2719 3177 3047 3245 diligentia?
3073 3177 3178 3244 Qui
3223 3175 3584 3248 Porphyrium

2007 3271 2290 3338 praeterire
2313 3269 2492 3338 potuit
2521 3271 2650 3340 περὶ
2691 3271 2904 3340 ἀποχῆς
2931 3270 3194 3342 ἐμψύχων
3217 3278 3328 3324 tam
3366 3270 3587 3338 insigne

2006 3361 2381 3415 testimonium
2418 3361 2688 3418 adversus
2718 3361 2830 3415 τῶν
2863 3361 3064 3416 θυσιῶν
3099 3363 3200 3426 τὰς
3231 3362 3586 3434 παρανόμους

2008 3453 2244 3522 σφαγάς,
2271 3461 2343 3507 ιιι
2359 3454 2426 3508 ad
2450 3453 2597 3509 hunc
2621 3455 2804 3509 locum
2833 3456 2909 3510 ait
2933 3453 3303 3510 Theodoritus
3323 3456 3347 3510 ’ἔ
3369 3453 3472 3510 Ubi
3501 3462 3603 3519 tu,-

2009 3545 2257 3616 Stobae,
2307 3547 2566 3614 cessasti,
2612 3547 2922 3603 litterarum
2955 3547 3202 3602 oblivio?
3245 3556 3326 3612 tu,
3375 3547 3470 3618 qui
3503 3557 3588 3602 tot

2007 3639 2219 3696 forulos
2239 3640 2704 3698 bibliothecarum
2731 3641 3053 3706 excussisti,
3082 3639 3376 3711 Sophoclis
3401 3649 3582 3694 autem

2005 3739 2060 3784 et
2108 3729 2394 3800 Euripidis
2439 3742 2796 3788 monumenta
2836 3731 3083 3788 studiose
3136 3738 3338 3801 praeter
3387 3739 3584 3785 cetera

2007 3819 2289 3878 lectitasti.
2323 3822 2546 3878 Adeone
2567 3838 2771 3894 paucos
2819 3839 2849 3878 ε
2883 3822 3173 3886 Patribus,
3210 3822 3343 3893 quid
3389 3821 3586 3876 Patres

2005 3923 2184 3968 autem
2227 3913 2391 3969 dido?
2437 3931 2683 3971 unumne
2739 3916 2979 3986 aliquem
3040 3916 3446 3980 tenebrioncm,
3489 3915 3582 3984 qui

2003 4008 2286 4077 supposita
2331 4024 2571 4078 persona
2633 4009 2836 4068 librum
2883 4008 3120 4064 ediderit
3159 4008 3244 4078 (ut
3284 4015 3340 4061 et
3377 4008 3508 4061 olim
3531 4014 3585 4061 et

2005 4099 2166 4154 hodie
2198 4101 2589 4154 nonnullorum
2618 4101 2806 4170 opinio
2833 4108 2938 4163 est,
2981 4115 3158 4169 neque
3187 4093 3326 4152 adeo
3350 4098 3580 4166 injuria)

2002 4191 2218 4247 caeteris
2262 4191 2523 4250 omnibus
2567 4189 3036 4262 perspicaciorem
3074 4197 3130 4245 et
3174 4188 3582 4260 diligentiorem

2003 4281 2215 4339 fuisse?
2249 4281 2505 4338 Clemens
2549 4284 2695 4339 enim
2745 4290 2934 4353 aperte
2983 4289 3038 4338 et
3094 4279 3337 4351 ingenue
3382 4276 3584 4332 fatetur

2001 4373 2239 4430 Hecataei
2269 4389 2328 4429 se
2355 4373 2514 4429 fidem
2541 4381 2824 4438 secutum,
2861 4373 3005 4444 apud
3038 4375 3220 4445 ipsum
3250 4371 3581 4443 Sophoclem

305 4469 401 4516 est
433 4463 526 4514 ubi
560 4461 790 4517 Tiresias
815 4477 1052 4532 persona
1081 4464 1270 4518 locum
1304 4463 1507 4518 habere
1536 4463 1732 4534 possit,
1758 4479 1898 4534 praa-
1931 4468 1974 4523 D
2003 4465 2228 4519 omnino
2256 4479 2364 4518 non
2395 4465 2611 4536 legisse.
2648 4463 2708 4517 Ὅ
2732 4463 2829 4535 μὲν
2855 4463 3151 4534 Σοφοκλῆς,
3173 4464 3251 4518 ait
3282 4462 3486 4519 Strom.
3519 4461 3579 4524 ν,

307 4562 567 4621 terquem
597 4569 709 4606 una
765 4551 1029 4624 Trilogia,
1069 4553 1319 4623 (Edipus
1363 4553 1680 4626 Tyrannus,
1734 4557 1898 4611 Anti-

309 4657 480 4713 gone,
528 4653 586 4700 et
607 4644 855 4715 (Edipus
903 4645 959 4700 in
1013 4645 1230 4702 Colono
1273 4664 1289 4702 :
1335 4646 1418 4703 sic
1461 4635 1612 4703 enim
1660 4650 1845 4705 sentio
1882 4666 1896 4702 :

309 4737 432 4790 sive
455 4736 810 4807 tetralogiam
842 4737 1026 4804 malis,
1073 4740 1313 4807 accedo;
1346 4747 1404 4793 ut
1437 4738 1622 4796 fabula
1654 4741 1776 4815 [12]
1803 4758 1899 4798 sa-

309 4827 512 4898 tyrica,
541 4829 693 4884 sicut
714 4843 911 4884 omnes
937 4829 1187 4885 ninnium
1228 4840 1432 4900 printer
1463 4831 1758 4904 Cyclopem
1789 4833 1899 4888 Eu-

309 4917 531 4989 ripidis,
557 4919 792 4988 periisse
811 4919 1087 4974 videatur.
1122 4921 1450 4990 Quanquam
1477 4922 1628 4976 enim
1661 4922 1900 4978 affirmet

311 5009 520 5067 Suidas
539 5052 554 5077 ,
593 5012 677 5066 ὅτι
697 5012 728 5064 ὁ
765 5011 1045 5083 Σοφοκλῆς
1069 5009 1208 5083 ἦρξε
1227 5011 1322 5066 τοῦ
1347 5013 1532 5084 δρᾶμα
1551 5012 1688 5082 πρὸς
1713 5013 1899 5086 δρᾶμα

306 5104 718 5174 ἀγωνίζεσθαι,
746 5105 884 5160 ἀλλὰ
923 5107 998 5178 μὴ
1031 5106 1390 5179 τετραλογίαν
1412 5123 1427 5140 ο
1473 5107 1683 5164 scimus
1713 5116 1901 5164 tamen
1929 5113 1942 5128 '

305 5212 376 5252 ex
411 5196 744 5252 Didascaliis
768 5213 880 5252 non
913 5213 978 5254 ex
1003 5199 1154 5253 omni
1191 5209 1346 5268 parte
1377 5213 1570 5255 verum
1606 5201 1709 5255 hoc
1748 5217 1895 5258 esse.

307 5286 452 5346 Vide
494 5291 659 5344 modo
699 5291 1125 5359 Aristophanem
1166 5291 1602 5348 Grammaticum
1627 5293 1680 5346 in
1722 5293 1902 5365 Argn-

311 5389 505 5437 mento
525 5379 734 5437 Medeae
787 5379 1086 5452 Euripidis.
1141 5385 1305 5452 Atqui
1353 5383 1495 5437 haud
1547 5387 1896 5440 coinmemini

309 5471 570 5528 fabellam
612 5473 779 5528 istam
811 5475 894 5528 de.
930 5473 1143 5529 Tiresia
1179 5475 1234 5530 in
1281 5476 1444 5531 trinis
1495 5475 1604 5530 illis
1651 5479 1894 5542 narrari,

307 5581 495 5636 neque
535 5564 614 5620 ibi
657 5565 886 5632 reperiri
927 5582 1088 5636 posse
1130 5569 1387 5625 arbitror.
1439 5567 1622 5624 Prima
1668 5569 1784 5624 haec
1814 5581 1899 5627 est

306 5673 440 5724 erga
465 5655 801 5726 Sophoclem
823 5659 1182 5717 contumelia.
1229 5659 1504 5732 Deinceps
1529 5701 1544 5726 ,
1582 5659 1766 5726 Ὅθεν,
1795 5662 1894 5722 ait.

307 5745 526 5810 ἐξέθετο
552 5743 832 5814 Σοφοκλῆς
866 5747 922 5798 ἐν
951 5748 1061 5813 τοῖς
1105 5748 1270 5804 αὑτοῦ
1305 5751 1698 5823 συγγράμμασι
1725 5749 1897 5805 ταῦτα

2001 4555 2078 4621 ὥς
2111 4572 2276 4628 φησιν
2319 4556 2602 4620 Ἑκαταῖος
2627 4559 2656 4611 6
2679 4557 2779 4618 τὰς
2819 4557 3060 4628 ἱστορίας
3095 4556 3498 4627 συνταξάμενος
3523 4557 3583 4611 ὲν

2001 4647 2078 4718 τῷ
2106 4649 2228 4702 κατ’
2245 4649 2530 4720 ’Ἅϐραμον
2559 4648 2656 4704 καὶ⁹
2689 4649 2816 4712 τοὺς
2839 4648 3192 4716 Αἰγυπτίους.
3230 4645 3366 4702 Illud
3398 4657 3580 4702 autem

2001 4739 2350 4808 exploratum
2377 4739 2554 4794 habeo
2599 4747 2711 4792 tam
2751 4752 2780 4792 a
2811 4736 3032 4793 Iustino
3065 4749 3121 4792 et
3154 4739 3440 4795 Clemente
3473 4737 3580 4793 Pa-

2002 4839 2114 4885 tres
2149 4829 2288 4884 alios
2319 4830 2622 4897 accepisse,
2653 4845 2816 4898 quam
2847 4811 3128 4884 Justinum
3157 4837 3210 4884 et
3238 4826 3578 4884 Clementem

2001 4922 2366 4977 commentitii
2427 4921 2548 4990 ejus
2598 4919 2832 4976 llecatazi
2883 4922 3214 4976 auctoritate
3255 4921 3576 4977 tradidisse.

1999 5015 2171 5082 Quem
2203 5015 2267 5068 ad
2303 5013 2578 5068 hominem
2605 5015 2849 5078 dentom,
2875 5022 2929 5069 et
2962 5030 3126 5084 quam
3165 5015 3321 5068 nulla
3358 5014 3462 5069 fide
3490 5030 3581 5070 res

1959 5097 1968 5107 ’
2001 5105 2262 5170 redierit,
2301 5103 2474 5160 vides.
2507 5103 2670 5159 lllene
2725 5115 2784 5158 ut
2833 5103 3096 5172 Sophocli
3134 5103 3447 5159 versiculos
3480 5105 3581 5158 ali-

1998 5207 2127 5266 quot
2160 5207 2447 5252 vercrrtur
2477 5197 2764 5266 attingere,
2797 5197 2890 5267 qui
2919 5197 3074 5250 illum
3104 5196 3309 5266 ipsum,
3343 5211 3456 5264 quo
3483 5211 3580 5250 eos

1999 5289 2246 5350 adduxit,
2289 5288 2488 5342 librum
2531 5286 2768 5342 ediderit
2817 5287 3076 5344 simulata
3122 5303 3360 5359 persona
3399 5285 3579 5342 Heca-

2000 5380 2262 5450 taeiv?lpsa
2283 5389 2548 5450 praeterea
2569 5381 2750 5436 oratio
2788 5367 2860 5435 de
2895 5397 2954 5436 se
2979 5379 3107 5436 facit
3135 5381 3424 5436 indicium.
3457 5378 3576 5436 Non

1999 5489 2237 5545 agnosco
2256 5473 2386 5527 illud
2403 5472 2672 5543 χαλκέων,
2691 5481 2746 5528 et
2763 5473 2958 5526 πολλὸν
2978 5483 3286 5542 sumptum,
3317 5481 3376 5528 ut
3398 5473 3575 5538 aiunt,

1999 5567 2408 5630 adverbialiter,
2442 5578 2568 5624 esse
2621 5567 2861 5623 hominis
2890 5567 3091 5633 Attici,
3124 5576 3218 5622 aut
3270 5571 3324 5622 in
3376 5579 3580 5640 tragic-

1999 5660 2086 5715 dia
2151 5658 2281 5715 ferri
2349 5673 2532 5730 posse.
2589 5658 2780 5726 Qualis
2831 5661 2977 5716 enim
3032 5660 3150 5716 haec
3209 5661 3348 5716 foret
3389 5661 3578 5718 confu-

2000 5752 2081 5807 sio
2123 5752 2506 5815 dialcctorum,
2548 5759 2602 5808 et
2637 5761 2695 5807 ut
2729 5752 2804 5807 ait
2855 5754 2969 5809 ille.
3029 5765 3246 5822 sartago
3281 5754 3580 5823 loquendi?
