3988 6136
420 318 526 382 727

1273 324 1370 384 DE
1404 318 1647 388 JOANN
1654 328 1726 388 IS
1793 330 2112 392 ΜΛιΑιίΕ
2138 334 2789 403 CHRONOGRAPHIA

3580 349 3682 412 728

419 434 676 505 Oportnit
704 435 847 490 enim
900 436 1034 491 πολὺ
1067 436 1391 507 (ξι-χαλκῶν.
1427 438 1686 492 Χαλκέων
1715 441 1933 511 quidem
1971 458 1999 498 a
2032 493 2037 502 ,

2130 448 2340 512 ubere,
2371 449 2633 507 hilariore
2656 454 2841 507 animo
2876 468 3021 519 esse,
3066 453 3476 509 convalescere.
3509 457 3682 512 Etiam

348 546 351 549 ·
421 526 660 593 ξαλκεῦς
694 528 871 581 Attice
893 528 1133 592 dixeris;
1162 529 1388 582 minime
1420 531 1662 596 gentium
1689 546 1717 585 a
1743 532 1996 601 χαλκοῦς,

424 633 535 671 non
571 618 745 688 magis
768 619 1078 673 mehercule
1109 636 1273 689 quam
1301 620 1542 688 ἀγαπάει
1577 623 1659 677 vel
1697 623 2002 694 Ἀριστοτέ-

423 707 565 771 λεος.
586 708 826 775 Χρύσεα,
851 711 927 762 ait
947 710 1593 783 Phrynichusﬁtpyupsa,
1617 715 1843 780 κυάνεα,
1864 715 2001 786 χάλα

425 816 529 853 κεα
559 798 730 852 ταῦτα
757 799 911 852 Ἰακὰ
944 799 1328 873 διαιρούμενα·
1359 806 1464 874 χρὴ
1486 800 1579 858 οὖν
1601 805 1658 858 λέ
1671 808 1780 873 few
1803 808 1999 877 χρυσᾶ,

426 891 663 962 ἀργυρᾶ,
683 892 857 944 auaui
876 891 967 944 τὸν
987 891 1376 957 Ἀττικίζοντα.
1399 897 1646 966 Χρυσοῦς
1664 897 1878 965 λέγε·τὸ
1894 896 2004 967 γὰρ

427 982 658 1053 χρύσεος
707 981 903 1046 Ἰακὸν,
956 982 1217 1048 ὡσαύτως
1249 987 1344 1039 καὶ
1389 987 1663 1058 ἀργυροῦς
1688 1030 1704 1053 ,
1735 988 2001 1057 χαλκοῦς,

428 1075 681 1138 κυανοῦς,
715 1076 808 1128 καὶ
842 1074 911 1129 τὰ
944 1077 1126 1145 ὅμοια.
1162 1079 1310 1149 Rogo
1347 1079 1602 1146 denique,
1640 1082 1728 1134 cui
1756 1095 2005 1150 personat

431 1168 547 1221 haec
592 1169 777 1220 oratio
824 1169 1167 1222 conveniat?
1215 1168 1404 1236 Quave
1461 1170 1762 1240 Sophocles
1805 1170 2006 1225 fiducia

430 1256 522 1309 die
562 1255 704 1311 festo
729 1255 980 1311 ludorum
1014 1257 1147 1326 (non
1194 1258 1331 1311 alias
1371 1258 1519 1312 enim
1553 1260 1604 1310 iu
1638 1274 1803 1313 scena
1841 1274 2006 1328 quam

433 1346 815 1403 Panathcuasis
849 1361 915 1401 ac
950 1347 1110 1402 trinis
1134 1347 1478 1404 Liberalibus
1513 1349 1818 1419 Tragwdiae
1844 1351 2009 1404 doce-

431 1436 657 1507 bantur)
699 1437 823 1493 illos
868 1437 1019 1509 ipsos
1064 1440 1185 1494 dies
1222 1439 1394 1496 festos
1431 1449 1483 1495 et
1536 1442 1693 1495 ludos
1736 1443 2011 1496 solemnes

433 1526 492 1581 in
529 1530 991 1598 contemptionem
1026 1530 1365 1586 adduceret?
1402 1533 1677 1587 lstucciue
1703 1548 1762 1588 se
1790 1531 2011 1602 impune

434 1616 675 1675 laturqu
712 1621 1200 1689 speraret‘lNonuc
1227 1621 1470 1693 IEschyli
1512 1622 2028 1693 periculumcaulio-

435 1723 554 1762 rem
585 1724 708 1763 eum
742 1709 973 1774 laceret,
1006 1711 1121 1784 [l4]
1152 1712 1243 1782 qui
1263 1753 1278 1775 ,
1307 1715 1449 1781 quod
1472 1715 1524 1766 in
1558 1714 1793 1784 Sisypho
1821 1713 2015 1782 Opinor

437 1800 837 1872 πετροκυλιστῇ
864 1801 931 1854 ad
961 1803 1178 1857 Cereris
1209 1805 1470 1874 mysteria
1504 1796 1778 1858 Curiosius
1807 1805 1960 1856 vider

440 1896 534 1941 tur
574 1890 849 1952 alludere,
908 1892 1013 1947 nisi
1060 1893 1129 1947 ad
1172 1908 1324 1947 aram
1390 1893 1588 1948 Bacchi
1632 1894 1967 1962 confugisset
1995 1933 2010 1956 ,

440 1979 589 2034 illico
623 1982 933 2039 trucidatus
979 1993 1130 2039 esset
1184 1986 1237 2039 in
1283 2002 1447 2041 scena
1483 2007 1494 2041 :
1527 1994 1719 2056 postca
1749 1988 1910 2038 etiam
1960 1983 2013 2036 in

439 2073 731 2143 Areopago
781 2074 849 2129 de
903 2076 1084 2145 capite
1133 2092 1234 2132 suo
1291 2093 1515 2133 causam
1575 2078 1751 2132 dixit?
1811 2077 2014 2139 l-labes,

338 2162 346 2169 '
428 2163 640 2229 amice,
668 2166 1015 2236 suspiciones
1053 2179 1275 2226 nostras
1318 2189 1331 2224 :
1363 2178 1416 2223 tu
1447 2170 1635 2239 tuique
1659 2168 1868 2225 similes
1897 2183 2014 2222 rem

443 2257 776 2323 cognoscite,
813 2268 867 2312 et
907 2261 1237 2316 sententiam
1272 2260 1451 2328 ferte;
1486 2275 1596 2316 non
1626 2259 2017 2330 Βεκκεσέληνοι
2043 2251 2059 2264 ’

443 2347 689 2414 quidam.
725 2349 1062 2420 πολυμαθεῖς
1098 2353 1220 2408 sine
1249 2365 1468 2424 pectore
1491 2362 1546 2409 et
1578 2359 1782 2419 mente,

588 2437 644 2491 Ἀ
652 2438 823 2510 νέρες
835 2433 923 2493 ὧν
947 2440 1014 2494 τὸ
1042 2440 1186 2510 κέαρ

584 2507 765 2574 nam
784 2510 1079 2565 σέσακται
1106 2507 1206 2565 xit!
1234 2510 1621 2577 δυσεκνίπτῳ
1639 2513 1874 2580 τρυγός.

513 2598 786 2655 Praeclare
814 2616 946 2657 vero
994 2610 1180 2656 actum
1227 2612 1312 2657 est
1361 2616 1485 2657 cum
1532 2602 1831 2669 Sophocle,
1868 2600 2016 2670 quod

447 2706 479 2744 a
499 2690 861 2762 xpovoppdcptp
888 2699 1079 2745 nostro
1113 2705 1224 2745 non
1272 2691 1380 2747 nisi
1406 2691 1575 2747 semel
1607 2690 1675 2745 ad
1699 2690 1898 2746 falsum
1934 2698 2018 2746 tc-

447 2781 769 2838 stiutonium
806 2781 1106 2839 dicendum
1135 2782 1344 2838 citatus
1368 2782 1441 2837 sit
1460 2799 1477 2837 :
1495 2781 1787 2852 Euripides
1813 2787 2014 2846 autem,

446 2874 544 2942 qui
593 2872 801 2928 Malala:
839 2882 960 2929 erat
1028 2873 1196 2944 paulo
1246 2871 1601 2938 familiarior,
1663 2872 2018 2944 gravissimas

447 2968 614 3024 istius
631 2965 1057 3023 consuetudinis
1087 2981 1280 3037 pteuas
1312 2964 1613 3031 sustinuit;
1638 2964 1775 3019 adeo
1794 2963 2017 3034 quidem

385 3071 398 3080 '
449 3067 511 3113 ut
540 3074 648 3115 non
670 3059 853 3114 minus
882 3056 1230 3112 incommodo
1256 3056 1475 3126 hospite
1504 3055 1607 3111 hoc
1632 3053 2013 3118 Antiochensi,

447 3166 615 3219 quam
665 3150 795 3204 olim
846 3148 1091 3204 Promeri
1141 3148 1372 3203 canibus
1413 3163 1550 3202 usus
1593 3162 1717 3202 esse
1751 3145 2021 3201 videatur.

449 3239 570 3296 Non
595 3240 724 3303 erit,
767 3239 983 3308 opinor,
1025 3238 1094 3292 ab
1130 3237 1383 3293 instituto
1428 3247 1618 3291 nostro
1666 3236 1928 3299 alienum,
1976 3235 2022 3289 si

449 3334 605 3390 locos
629 3345 822 3386 omnes
856 3330 1176 3385 accuratius
1205 3313 1560 3399 'aliquautum
1603 3316 1932 3388 examinem.
1968 3326 2023 3380 in

450 3424 651 3498 quibus
695 3421 971 3491 Euripidis
1007 3423 1213 3477 mentio
1246 3423 1302 3476 lit
1336 3438 1350 3475 :
1381 3429 1437 3476 et
1473 3419 1655 3490 quoad
1687 3417 2026 3496 ejuslacere

450 3525 667 3586 potero,
707 3514 1018 3571 fabularum
1055 3514 1281 3576 titulos,
1310 3528 1420 3582 quo
1447 3513 1652 3584 singuli
1684 3513 1892 3582 quique
1917 3511 2024 3566 loci

453 3605 773 3661 referuntur
800 3646 813 3668 ,
851 3604 1158 3661 ostendam.
1184 3604 1411 3658 Dabitur
1441 3603 1676 3660 fortasse
1708 3604 1934 3659 occasio
1959 3618 2027 3659 ex

453 3698 811 3753 interioribus
858 3696 1058 3752 litteris
1099 3695 1425 3767 aspergendi
1467 3696 1672 3763 aliquid
1705 3714 1719 3751 :
1752 3710 2029 3751 memores

454 3800 643 3846 tamen
663 3791 896 3852 erimus,
930 3797 989 3849 ut
1030 3787 1310 3858 spondeo,
1344 3787 1496 3843 verbi
1540 3787 1764 3855 veteris,
1796 3801 1907 3857 quo
1936 3787 2030 3842 ad-

453 3896 742 3939 monemur

496 4034 497 4037 η
604 3970 683 4040 Τῇ
708 3971 859 4042 χειρὶ
889 3971 1183 4039 σπείρειν,
1209 3969 1349 4040 μηδ’
1379 3969 1502 4036 ὅλῳ
1538 3969 1619 4034 τῷ
1644 3967 1889 4032 θυλάκῳ

530 4064 663 4130 Quae
711 4064 879 4133 igitur
920 4064 1090 4118 habes
1142 4077 1266 4132 pag.
1315 4061 1432 4119 '59:
1475 4061 1612 4133 Περὶ
1654 4054 1724 4132 ἦς
1772 4059 2028 4130 (Δανάης)

457 4155 868 4226 ὲμυθολόγησεν,
896 4152 1195 4223 Εὐριπίδης
1216 4154 1245 4205 ὁ
1268 4150 1578 4221 σοφώτατος
1597 4153 1656 4203 ὲν
1686 4152 1752 4221 τῇ
1784 4150 2034 4215 συντάξει

457 4248 552 4302 τοῦ
585 4247 747 4315 αὐτοῦ
791 4246 1070 4317 δράματος
1121 4255 1176 4300 et
1223 4261 1344 4313 qua:
1382 4254 1710 4313 sequuntur,
1752 4232 1798 4297 ’θ
1848 4242 2033 4297 fabula

460 4342 646 4395 Danae
674 4338 964 4404 desumpta
995 4343 1143 4392 sunt.
1181 4334 1391 4391 Laudat
1420 4336 1561 4389 hanc
1602 4332 1791 4387 Pollux
1825 4334 1922 4392 lih.
1959 4350 2033 4398 tv,

462 4447 586 4501 cap.
632 4428 722 4494 16,
777 4428 1028 4487 Stobabus
1063 4435 1247 4480 autem
1287 4440 1395 4479 non
1426 4427 1618 4489 semel,
1663 4433 1725 4478 ut
1766 4433 1820 4479 et
1870 4425 2032 4478 aliam
2067 4455 2111 4510 ι)

464 4519 760 4590 Sophoclis
788 4516 1042 4572 similiter
1066 4514 1413 4585 inscriptam.
1447 4514 1651 4569 Harum
1688 4514 2031 4580 alterutram,

464 4613 643 4680 magis
669 4617 850 4671 tamen
886 4606 1261 4676 Euripideam,
1286 4604 1479 4668 Latine
1511 4604 2033 4669 convet'titNtevius,

465 4702 628 4771 cujus
676 4700 857 4754 Danae
882 4697 1061 4759 Nonio
1098 4695 1359 4755 Marcello
1426 4694 1654 4752 citatur.
1708 4693 2036 4752 Plutarchus

467 4792 850 4856 Consolataric
878 4776 1314 4856 ad‘Apollonittm
1344 4800 1362 4839 :
1408 4785 1466 4838 Ὀ
1506 4784 1564 4838 δὲ
1600 4785 2036 4856 παραμυθούμε-

465 4904 555 4951 νος
585 4886 683 4954 τὴν
723 4883 936 4952 Δανάην
963 4879 1363 4947 ὃυσπενθοῦσαν
1389 4878 1582 4940 Δίκτυς
1601 4878 1734 4949 φησί
1757 4895 1772 4910 ο

538 4978 745 5041 Δοκεῖς
773 4975 883 5029 τὸν
911 4974 1068 5042 ᾅδην
1099 4971 1229 5042 σῶν
1256 4987 1309 5024 τι
1335 4968 1665 5042 φροντίζειν
1684 4971 1837 5039 γόων

537 5049 648 5105 Καὶ
675 5040 833 5100 παῖδ’
863 5040 1120 5111 ἀνήσειν
1147 5040 1252 5093 thr
1275 5040 1410 5104 σὺν,
1441 5043 1491 5111 ξι
1510 5040 1727 5111 ,θέλοις
1762 5040 2039 5105 στένειν;

536 5118 775 5175 Παῦσαι
794 5133 807 5148 ο
827 5107 1151 5180 ,ϐλέπουσα
1171 5111 1230 5163 6‘
1246 5113 1332 5174 εἰς
1365 5111 1436 5163 τὰ
1451 5107 1589 5180 ’τῶνΔ
1606 5110 1796 5176 πέλας
1824 5111 1980 5166 κακὰ

549 5189 739 5255 Ῥᾴων
758 5178 938 5256 τέκοί
968 5181 1064 5256 ἅτ,
1093 5184 1145 5256 ei
1165 5180 1501 5256 λογίζεσθαι
1527 5178 1724 5256 θέέοις

540 5250 718 5314 Ὅσοι
739 5250 803 5317 τέ
825 5253 1069 5323 δεσμοῖς
1084 5252 1561 5323 ἐκμεμόχθηνται
1578 5250 1818 5323 ,βροτῶν

541 5327 656 5417 IIS)
675 5329 848 5417 ’Ὅροι
867 5320 1360 5417 τεήράσκςυίἑεν
1398 5320 1905 5417 ὀρφανοὶΙΞέκνων

545 5390 693 5466 Τοῦς
714 5397 765 5453 τ’
794 5397 862 5450 ἐκ
890 5390 1173 5463 μεγίστης
1197 5391 1397 5466 ῥλᾷίας
1422 5390 1776 5466 τυρανζίδος

545 5470 619 5524 Τὸ
644 5460 838 5539 μηδὲν
860 5460 1039 5530 ὄντας
1070 5480 1083 5494 ·
1118 5460 1403 5516 ταῦτά¹σε
1430 5460 1686 5514 σκοπεῖν
1706 5462 1914 5530 χρεών.

540 5560 763 5615 Erravit
792 5555 1206 5613 eruditissimus
1231 5553 1457 5609 Grotius
1489 5552 1542 5607 in
1581 5554 1883 5625 Excerptis,
1917 5572 2043 5610 cum

473 5646 529 5706 in
570 5663 731 5703 versu
781 5657 979 5716 quarto
1030 5641 1277 5712 reposuit
1334 5640 1490 5712 Ῥᾷον
1533 5642 1722 5715 φέροις
1774 5645 1860 5698 ἄν..
1902 5645 2044 5700 Nihil

475 5737 622 5805 enim
655 5739 828 5808 magis
866 5752 968 5793 usu
1008 5735 1226 5799 tritum,
1265 5746 1426 5807 quam
1465 5733 1613 5813 ῥᾴων
1659 5730 1823 5801 εἶναι,
1855 5740 2047 5795 melius

2102 541 2253 607 pueri
2288 540 2391 596 hoc
2430 542 2634 598 sciunt.
2674 543 2904 607 Erravit,
2936 558 3062 598 cum
3100 543 3154 597 iu
3188 545 3464 599 versiculo
3492 549 3683 618 quinto

2100 629 2397 686 eritendare
2445 641 2680 699 conatus
2721 643 2808 688 est
2854 633 3329 706 ὲμμεμὸχθηνται.
3369 635 3488 691 Non
3541 640 3682 693 enim

2102 719 2275 785 magis
2330 720 2635 791 μοχθοῦμαι
2681 722 2909 785 dixeris,
2949 737 3072 775 cum
3117 721 3303 792 μοχθῶ
3345 724 3417 776 sit
3457 726 3681 779 vcrbu'm

2104 820 2381 873 neutrum,
2406 826 2567 879 quam
2597 811 2879 882 πάσχομαι
2905 818 2998 865 aut
3021 810 3327 881 κάμνομαι.
3354 812 3486 869 Siue
3517 814 3684 871 dubio

2105 904 2371 973 scriptqu
2403 906 2669 973 oportuit,

2106 1016 2280 1069 Ὅσοι
2323 1032 2386 1069 τε
2436 1015 2686 1086 δεσμοῖς
2726 1017 3241 1090 ἐμμεμόχλευνται
3280 1021 3548 1090 βροτῶν,

2109 1108 2190 1161 vel

2109 1196 2284 1250 ’Ὅσοι
2324 1214 2388 1252 τε
2416 1197 2694 1269 δεσμοῖσι
2717 1200 3166 1269 μεμόχλευνται
3196 1199 3456 1268 βροτῶν.

2109 1307 2325 1363 Erravit
2366 1309 2639 1377 denique,
2686 1324 2813 1364 cum
2851 1310 3032 1365 locum
3097 1310 3243 1363 hunc
3275 1310 3343 1363 ad
3400 1310 3577 1381 hanc,
3618 1308 3687 1363 de

2110 1414 2216 1469 qua
2253 1401 2485 1469 agimus.
2527 1400 2742 1455 Danaen
2777 1401 3119 1455 referendum
3168 1400 3396 1470 putavit,
3434 1400 3529 1470 qui
3573 1415 3687 1454 om-

2114 1493 2245 1544 nino
2286 1507 2352 1545 ex
2409 1490 2684 1559 Euripidis
2721 1490 2909 1561 Dictye
2954 1493 3264 1546 accersitus
3309 1501 3426 1553 est,
3471 1491 3542 1546 de
3582 1503 3686 1559 quo

2115 1582 2345 1636 consule
2369 1581 2643 1636 Stobzeum
2670 1589 2724 1639 et
2753 1583 2917 1638 alios.
2946 1582 3343 1650 Aristophanes
3361 1579 3687 1634 Grammati-

2116 1687 2215 1725 cus
2246 1672 2296 1724 in
2330 1679 2650 1740 argumento
2683 1671 3206 1742 ΜεάεωζἘδιδάχθη
3231 1671 3325 1725 ἐπὶ
3348 1668 3685 1739 Πυθιοδὼρου

2049 1782 2088 1840 η
2117 1763 2376 1830 ἄρχοντος
2421 1762 2563 1815 κατὰ
2600 1763 2700 1834 τὴν
2730 1761 3201 1833 πζ”ολυμπιάδα.
3256 1761 3480 1831 Πρῶτος
3516 1760 3686 1829 Εὐφο-

2122 1851 2273 1920 ρίων,
2311 1851 2562 1922 δεύτερος
2614 1853 2911 1923 Σοφοκλῆς,
2961 1853 3144 1924 τρίτος
3205 1851 3523 1923 Εὐριπίδης.
3569 1851 3689 1919 Μή-

2119 1939 2276 2002 δεια,
2323 1941 2693 2011 Φιλοκτήτης,
2744 1942 2966 2011 Δίκτης,
3011 1942 3294 2012 Θερισταὶ.
3349 1941 3592 2012 Σάτυρος
3627 1938 3689 1991 οὐ

2122 2028 2374 2093 σώζεται,
2407 2028 2599 2085 Scribe
2627 2031 2844 2095 Δίκτυς,
2865 2032 3124 2102 θερισταὶ
3152 2031 3375 2101 σάτυροι
3400 2031 3462 2082 ού
3494 2028 3689 2092 σώζον-

2119 2138 2230 2174 ται.
2260 2121 2297 2173 i.
2336 2137 2386 2174 e.
2420 2121 2680 2191 Θερισταὶ
2711 2121 2900 2193 δρᾶμα
2955 2120 3268 2192 σατυρικόν.
3304 2119 3383 2174 Ita
3419 2119 3568 2189 loqui
3606 2132 3694 2171 so-

2122 2212 2256 2267 lent.
2288 2211 2435 2265 Cave
2466 2212 2611 2266 enim
2644 2213 2840 2268 credas
2865 2213 2924 2265 τὸ
2956 2213 3181 2284 σάτυροι
3213 2228 3339 2268 esse
3373 2223 3582 2283 partem
3613 2212 3699 2266 in-

2124 2303 2469 2373 scriptionis.
2524 2303 2598 2357 lta
2644 2300 2933 2373 Sophoclis
2987 2303 3172 2359 fabula
3214 2306 3406 2372 Κωφοὶ
3450 2303 3697 2374 σάτυροι.

2125 2394 2464 2450 Scholiastes
2500 2394 2764 2450 Nicandri
2811 2396 3134 2466 simpliciter
3176 2395 3454 2464 Σοφοκλῆς
3490 2397 3548 2448 ὲν
3573 2394 3700 2447 Κω-

2124 2488 2264 2554 φοῖς.
2292 2483 2386 2538 Sic
2406 2483 2651 2552 cjusdem
2669 2483 2934 2554 ’ἰχνευταὶ
2957 2483 3200 2553 σάτυροι,
3230 2479 3701 2551 quemadmodum

2123 2574 2267 2644 apud
2292 2572 2573 2632 Pollucem
2593 2582 2677 2629 est
2697 2573 2984 2644 legendum
3012 2587 3110 2642 pro
3133 2571 3400 2643 ’ἰχνευταὶ
3416 2568 3699 2641 Σατύρων.

2122 2668 2414 2722 Athenaeus
2445 2681 2551 2720 non
2582 2664 2839 2736 apposito
2873 2663 3071 2720 fabula:
3111 2663 3437 2718 discrimine
3480 2662 3611 2730 Σοφ.
3636 2660 3701 2712 ὲν

2142 2760 2458 2831 Ἰχνευταῖς.
2502 2756 2596 2811 Sic
2642 2755 2834 2826 Ἰοφῶν
2866 2758 2923 2809 ὲν
2959 2740 3229 2826 Αύλῳδοῖς
3264 2752 3523 2823 σατύροις
3551 2749 3703 2821 apud

2123 2851 2458 2906 Clementem
2514 2864 2528 2901 :
2590 2848 2672 2903 sic
2721 2845 3021 2918 )Eschylus
3071 2849 3129 2900 ἐν
3176 2842 3393 2916 Κήρυξι
3444 2842 3703 2912 σατύροις

2125 2941 2266 3013 apud
2304 2940 2578 2993 Pollucem
2619 2957 2632 2993 :
2668 2940 2743 2992 ita
2780 2941 2926 2993 enim
2955 2940 3189 2992 emendo
3228 2952 3327 3007 pro
3357 2936 3561 3007 κήρυξι
3604 2951 3704 2988 σα-

2125 3034 2387 3101 τυρικοῖς.
2425 3029 2654 3086 l’hotius
2678 3029 2732 3084 in
2766 3029 2966 3083 Lexico
3008 3044 3172 3083 manu
3212 3029 3459 3099 scripto:
3493 3027 3707 3098 Πυρσο-

2050 3128 2093 3184 c
2124 3122 2322 3191 κόρσου
2364 3119 2599 3185 λέοντος,
2642 3117 2908 3190 Αἰσχύλος
2941 3121 2999 3172 ὲν
3043 3119 3255 3188 Κήρυξι
3297 3114 3577 3185 σατύροις.
3621 3114 3707 3170 Ex

2075 3217 2089 3228 ‘
2124 3228 2235 3282 quo
2274 3212 2649 3267 restituendus
2677 3209 2933 3280 llesychii
2967 3211 3120 3265 locus
3162 3228 3175 3262 :
3218 3206 3709 3280 Πυρσοκουρσολέ-

2124 3322 2275 3368 οντος
2319 3303 2772 3375 πυρῤοκεφὰλου,
2818 3301 3207 3373 ξανθοτρίχου,
3254 3301 3393 3371 lege,
3449 3309 3509 3353 ut
3558 3295 3708 3368 apud

2126 3396 2401 3451 Photium.
2437 3393 2575 3450 Cum
2611 3402 2793 3448 autem
2824 3408 3019 3448 nomen
3057 3392 3255 3447 fabulae
3284 3390 3603 3461 cujuSpiam
3637 3388 3709 3444 sit

2126 3501 2358 3541 numero
2405 3485 2699 3555 singulari;
2744 3494 2874 3538 tunc
2912 3483 3183 3554 σατυρικὴ
3227 3481 3423 3536 dicunt
3464 3489 3517 3534 et
3553 3496 3710 3533 σατυ·

2130 3578 2304 3649 ρικός.
2329 3575 2518 3631 Potuit
2552 3583 2735 3630 autem
2764 3575 2988 3630 Grotius
3032 3583 3275 3630 erratum
3310 3588 3471 3627 suum
3530 3572 3709 3629 resci-

2129 3683 2285 3724 scere
2329 3683 2392 3722 ex
2438 3664 2767 3737 Fra‘gmento
2819 3667 2916 3720 illo
2963 3667 3179 3728 Danae,
3212 3663 3358 3734 quod
3405 3662 3622 3734 primus
3654 3663 3711 3717 in

2131 3765 2306 3816 lucem
2335 3759 2597 3815 ediditde
2624 3759 2820 3813 litteris
2843 3759 3054 3828 Optime
3076 3757 3308 3812 meritus
3338 3754 3711 3825 Hieronymus

2129 3853 2529 3910 Commelinus.
2577 3851 2652 3905 lbi
2700 3850 2971 3904 dramatis
3013 3863 3265 3918 personae
3314 3855 3446 3901 sunt
3489 3844 3712 3900 Mercu-

2131 3949 2249 4001 rius
2268 3944 2407 4018 [l6],
2426 3941 2624 4005 Danae,
2640 3942 2854 4004 Nutrix.
2873 3940 3139 4002 Acrisius,
3167 3939 3433 4000 Minerva,
3449 3934 3709 3998 Nuntius,

2132 4039 2348 4093 Chorus
2383 4053 2396 4090 :
2425 4036 2611 4106 Dictys
2638 4042 2819 4088 autent
2855 4031 3078 4086 minime
3116 4040 3416 4100 comparet.
3466 4028 3528 4081 lu
3575 4028 3713 4080 ἀπο-

2134 4128 2465 4199 σπασματίῳ
2495 4128 2589 4181 illo
2615 4126 2697 4181 sic
2736 4125 2898 4195 vulgo
2940 4122 3138 4193 legitur
3167 4137 3274 4175 non
3306 4120 3469 4191 longe
3489 4135 3520 4173 a
3551 4118 3709 4190 prin-

2136 4220 2280 4290 cipio
2306 4237 2320 4273 :

2205 4339 2441 4353 ———
2461 4303 2613 4377 κᾷτά
2636 4323 2760 4374 πως
2785 4306 2951 4374 κείνη
2981 4305 3125 4377 ποτὲ

2204 4380 2412 4447 Εὐνὴν
2440 4372 2748 4448 κρυφαίαν-ὴ
2767 4372 3001 4448 γνοῦᾲα
3022 4376 3118 4429 καὶ
3142 4376 3228 4444 μὴ
3267 4372 3504 4448 ⁴χονοῦσα
3527 4372 3610 4441 δὴ

2221 4452 2234 4471 ⁸
2250 4446 2591 4518 Υπόπετςροὸν
2614 4447 2834 4502 λέοντα
2860 4446 3085 4510 τέξεται
3116 4446 3315 4514 πατρί.

2207 4544 2342 4600 Cum
2363 4543 2519 4595 metri
2543 4540 2704 4604 ratio,
2725 4547 2842 4593 tum
2876 4554 2965 4592 res
2989 4537 3106 4608 ipsa
3139 4535 3349 4609 ﬂagitat
3376 4541 3436 4587 ut
3465 4533 3711 4587 ὑπόπτε-

2141 4653 2233 4708 ρον
2282 4632 2614 4691 scribamus,
2664 4645 2770 4684 non
2817 4629 3147 4710 ὑπόπετρον.
3189 4628 3325 4695 Quis
3359 4641 3469 4681 non
3505 4626 3710 4679 alatum

2140 4728 2398 4782 Perseum
2429 4731 2485 4779 et
2521 4724 2578 4777 in
2608 4722 2767 4777 lib‘ris
2787 4721 2939 4793 legit,
2963 4729 3016 4776 et
3040 4722 3096 4774 in
3123 4719 3288 4790 pictis
3316 4717 3525 4772 tabulis
3545 4710 3715 4770 vidit?

2139 4819 2210 4873 At
2255 4819 2528 4885 interpres
2579 4814 2742 4867 homo
2793 4826 2925 4867 sane
2970 4811 3207 4865 festivus
3259 4810 3338 4863 ita
3375 4806 3655 4864 convertit
3695 4818 3709 4853 :

2140 4905 2235 4965 sub
2296 4904 2674 4962 samo‘natum
2728 4904 2945 4959 leonem.
3007 4901 3211 4973 Nempe
3277 4899 3405 4954 huic
3458 4896 3712 4954 commit-

2140 5013 2247 5068 tas,
2279 5004 2326 5055 si
2361 4997 2491 5070 quid
2534 5005 2683 5052 recte
2714 5004 2963 5070 curatum
2993 4995 3149 5050 velis.
3197 4993 3264 5048 Et
3297 5000 3479 5048 tamen
3516 4990 3565 5045 is
3600 4990 3715 5059 ipse

2129 5063 2311 5152 “est'ni
2358 5063 2553 5156 fallor,
2583 5090 2678 5161 qui
2724 5063 2923 5145 borlam
2962 5088 3138 5143 aetatis
3175 5095 3386 5159 partem
3418 5082 3711 5144 contrivit,

2143 5199 2202 5242 ut
2247 5185 2471 5239 Suidam
2536 5182 2686 5237 foras
2744 5180 3064 5236 extruderet
3107 5179 3320 5235 mendis
3372 5175 3715 5244 maculisque

2144 5292 2539 5349 usquequaque
2560 5275 2822 5340 obsitum,
2856 5282 2916 5328 ut
2940 5272 3237 5342 aliquando
3262 5270 3496 5326 fortasse
3525 5277 3710 5323 osten-

2143 5371 2360 5427 demus.

2218 5462 2343 5533 Pag.
2372 5462 2460 5518 5i.
2492 5460 2594 5515 Διὰ
2623 5459 2784 5513 τοῦτο
2833 5458 2890 5512 δὲ
2935 5456 3308 5529 ὀΈύριπίδης
3351 5454 3462 5507 τῶν
3490 5448 3714 5519 Βακχῶν

2146 5555 2361 5619 ἐξέθετο
2384 5554 2590 5625 δρᾶμα,
2620 5553 2697 5615 ὡς
2728 5551 2841 5605 ἀπὸ
2871 5551 3137 5612 Πενθέως
3168 5547 3339 5602 εἰπὼν
3385 5544 3582 5599 ταῦτα.
3620 5540 3713 5593 Σε-

2153 5646 2290 5719 μέλη
2312 5646 2369 5699 se
2398 5643 2717 5715 λοχευθεῖσα
2741 5645 2807 5696 ὲκ
2830 5641 3023 5714 βροτοῦ
3050 5657 3217 5704 τινος,
3248 5641 3329 5701 είς
3357 5638 3500 5708 Ζῆνα
3520 5633 3708 5702 φέρου·

2151 5755 2219 5792 σα
2249 5736 2346 5814 τὴν
2402 5734 2680 5807 ἁμαρτίαν
2736 5734 2903 5802 λέγει.
2958 5732 3182 5799 Baccha:
3238 5728 3513 5798 Euripidis
3553 5721 3717 5781 etiam
