3988 6136
326 351 431 414 723

325 547 438 602 ἀπὸ
473 545 743 608 Πενθέως.
801 542 918 598 Non
946 541 1225 598 Pentheus
1260 541 1428 603 enim,
1454 554 1644 593 verum
1680 535 1908 590 Semelae

327 653 555 696 sorores
582 636 698 691 Ἰνὼ
736 638 787 690 κ’
819 635 1086 700 Αὑτονόα,
1112 632 1164 703 χ’
1209 634 1246 686 ἀ
1299 631 1655 702 μαλοπάρῃος
1701 626 1908 694 Ἀγαύα

326 730 697 786 contumelias
727 728 828 781 has
863 727 914 781 ei
943 726 1220 780 dixerunt.
1262 722 1512 777 Bacchus
1544 723 1598 774 in
1633 719 1859 789 prologo
1893 734 1906 769 :

411 822 584 876 Ἐπεί
605 821 668 888 μ’
694 817 949 886 ἀδελφαί
991 816 1221 888 μητρὸς
1249 813 1321 880 ἅς
1354 809 1769 888 ἦκέοξτξὲχρῆν
1810 845 1828 860 .

394 882 700 961 Διόνυᾰωνο
720 882 1135 961 οὐχ’ἕςραὰκρῄ
1165 882 1318 961 εἶναι
1348 882 1454 961 τοῦ
1477 885 1601 961 Διὸς

397 959 680 1028 Σεμέλην
709 957 776 1011 δὲ
804 951 1259 1028 νυμφευθεῖσαν
1285 954 1353 1006 ἐκ
1386 951 1605 1028 θνητοᾷ
1640 968 1805 1016 τινος
1887 992 1899 1002 .

394 1020 511 1097 Et}
541 1020 683 1095 Ζῆν’
712 1020 1035 1095 ἀναφέρειν
1064 1024 1173 1091 τὴν
1202 1022 1496 1092 ἁμαρτίαν
1527 1020 1768 1089 λέχους.

398 1121 538 1192 Pag.
575 1120 661 1175 58.
708 1120 767 1173 Ὀ
791 1117 902 1190 γὰρ
936 1116 1246 1185 σοφώτατος
1280 1112 1577 1185 Εὐριπίδης
1605 1108 1917 1181 ,ποιητικῶς

278 1254 288 1267 .
330 1214 552 1280 ἐξέθετο
576 1213 781 1284 δρᾶμα,
841 1210 918 1274 ὡς
962 1210 1044 1263 ὃτι
1077 1210 1106 1261 ὁ
1134 1208 1269 1269 Ζεὺς
1298 1209 1380 1270 είς
1432 1205 1666 1273 σάτυρον
1697 1204 1916 1274 ἔφθειρε

329 1308 432 1378 τὴν
465 1305 786 1374 Ἀντιόπην.
818 1303 1028 1358 Censeo
1056 1298 1420 1371 supplendum
1460 1313 1604 1363 esse,
1645 1299 1727 1360 ei;
1757 1297 1920 1349 σάτυ-

292 1396 297 1401 ’
336 1412 429 1467 ρον
461 1394 724 1466 τρεφθεὶς
765 1391 1009 1461 ἔφθειρε.
1050 1391 1286 1459 Propter
1337 1386 1755 1443 similitudinem
1783 1390 1921 1439 duo-

333 1502 462 1544 rum
520 1488 811 1540 verborum
847 1481 1070 1547 accidit,
1118 1489 1179 1536 ut
1210 1480 1325 1534 heri
1358 1480 1519 1543 solet,
1559 1487 1620 1533 ut
1659 1477 1922 1532 librarius

338 1594 512 1635 unum
541 1577 844 1631 omitteret.
893 1573 1067 1629 Porro
1100 1572 1280 1628 fabula
1322 1571 1557 1639 Antiopa
1589 1576 1925 1624 memoratur

338 1671 407 1726 ab
438 1669 745 1740 Hesychio,
789 1667 1026 1729 Stobaeo,
1060 1665 1206 1719 aliis.
1256 1662 1489 1717 Photius
1517 1659 1826 1730 patriarcha
1867 1658 1922 1712 in

1008 400 1013 406 .
1404 362 1409 367 θ
1434 339 1796 399 EPISTULA
1834 334 2041 395 RICIl.
2085 331 2442 393 BENTLEII
2453 375 2468 391 .

326 471 480 511 nunc
511 459 832 524 supersunt.
876 448 1011 506 Illud
1039 460 1219 506 autem
1261 448 1521 504 mentitur
1549 445 1794 504 Malalas,
1830 443 1904 505 ὡς
1935 495 1936 499 η

2076 441 2308 524 ΙΖρίημα
2514 435 2687 524 πάις-τ’
2723 476 2738 490 .
2778 475 2790 489 .
2819 476 2834 489 .

3476 321 3589 385 730

2878 436 2955 489 ἂν
2984 433 3172 489 πάλιν

2077 502 2238 577 Ετπῇ
2257 527 2350 573 τις
2386 507 2766 577 Ἀλκμαίωνα,
2800 505 2898 557 καὶ
2928 504 2997 577 τὰ
3031 502 3235 577 παιδία

2078 571 2260 633 Ιιάνῖ
2287 571 2467 642 εὐθὺς
2489 571 2678 645 εἴρηχ’
2708 575 2799 628 ὅτι
2815 576 3031 644 μανεὶς
3050 571 3344 628 ἀπέκτονε

2086 649 2207 718 Τὴν
2229 649 2474 717 μητέρα.

2009 784 2203 840 Cicero
2242 781 2360 855 [18]
2394 781 2652 837 Academ.
2687 779 2744 834 2.
2778 778 2965 845 Quid?
3016 779 3134 848 ipse
3171 778 3410 831 Alcmaeo
3442 784 3590 834 tuus,

2010 877 2102 948 qui
2136 883 2298 946 negat
2326 890 2422 929 cor
2461 873 2565 946 sibi
2618 887 2744 927 cum
2788 872 2963 926 oculis
3017 869 3352 929 consentire,
3409 880 3593 920 nonne

2014 968 2214 1023 ibidem
2244 966 2473 1020 incitato
2504 962 2695 1018 furore
2721 978 2735 1014 :
2771 959 2922 1015 Unde
2974 960 3085 1014 haec
3131 960 3351 1029 ﬂamma
3382 958 3593 1012 oritur.’

2013 1068 2067 1115 et
2089 1059 2179 1113 illa
2202 1052 2715 1125 deinceps,1ncede,
2742 1052 2955 1115 incede;
2986 1051 3203 1125 adsunt,
3230 1051 3462 1114 adsunt;
3491 1064 3592 1109 me,

2015 1166 2097 1205 me
2152 1157 2421 1215 expetunt.
2455 1146 2631 1213 Quid,
2685 1160 2810 1199 cum
2845 1143 3074 1210 virginis
3114 1138 3271 1194 [idem
3304 1139 3598 1208 implorat?

2017 1240 2126 1295 Fer
2158 1240 2232 1292 mi
2258 1237 2560 1299 auxilium;
2588 1245 2787 1300 pestem
2813 1233 2962 1302 abige
3004 1250 3036 1286 a
3082 1247 3196 1295 me;
3219 1230 3599 1300 ﬂammiferam

2018 1331 2152 1385 hanc
2182 1332 2284 1385 vim
2309 1344 2426 1399 quae
2451 1344 2531 1382 me
2553 1327 2847 1382 excruciat.
2877 1322 3115 1379 Caeruleo
3159 1325 3402 1376 incincta:
3437 1322 3601 1391 angui

2023 1422 2308 1483 incedunt;
2354 1420 2704 1472 circumstant
2742 1432 2862 1469 cum
2914 1412 3225 1467 ardentibus
3275 1411 3449 1471 tradis.
3491 1410 3599 1464 Sed

2023 1514 2174 1583 piget
2220 1509 2465 1580 profecto
2512 1509 2567 1563 in
2595 1524 2655 1561 re
2685 1506 2995 1562 certissima
3027 1504 3260 1559 testibus
3290 1517 3448 1557 usum
3476 1516 3602 1556 esse

2024 1620 2132 1659 non
2171 1601 2522 1658 necessariis.
2566 1598 2705 1654 Illud
2764 1598 2961 1666 opinor
2999 1595 3226 1649 auribus
3273 1594 3409 1654 tuis,
3442 1591 3598 1653 Milli,

2027 1709 2223 1749 novum
2270 1693 2530 1754 accedet,
2591 1693 2861 1760 integram
2893 1687 3057 1756 hujus
3107 1685 3374 1739 dramatis
3405 1684 3606 1736 inscri-

343 1763 549 1817 Lexico
577 1775 684 1815 ms.
713 1757 931 1828 Εὔκρας
964 1754 1231 1826 εὔκρατος
1259 1752 1685 1824 εὑρυόροτοῖσιν.
1705 1749 1925 1822 Εὕκρας

377 1854 391 1867 .
484 1852 497 1867 ο
622 1850 636 1867 9
674 1850 697 1867 ιι
780 1848 939 1867 (01,-
994 1848 1046 1867 ι..
1080 1844 1333 1867 ἰη-,Δᾴμ
1391 1843 1411 1867 1
1440 1859 1530 1867 -..Α
1587 1841 1803 1867 ηιμ---
1833 1839 1889 1867 ,Ε

2041 1786 2269 1855 ptionem
2302 1798 2424 1839 esse
2455 1749 2770 1867 Ἀλκμαίων
2787 1781 2813 1832 ὁ
2829 1778 2917 1831 διὰ
2935 1749 3196 1847 ιιίωφῖδος.
3219 1773 3335 1828 Nisi
3370 1771 3605 1827 fortasse

343 1854 401 1906 οὐ
432 1850 636 1922 γένοιτ’
669 1850 738 1903 ἂν
764 1848 960 1920 ἡδέως,
991 1848 1048 1899 ὲν
1080 1844 1359 1915 Ἀντιόπῃ.
1390 1843 1552 1913 Lege,
1585 1841 1803 1911 Εῠκρας
1832 1839 1922 1893 εὖ·

347 1958 573 2013 κρατος.
617 1940 817 2010 Εὐριπ.
869 1940 928 1991 ὲν
968 1936 1259 2006 Ἀντιόπῃο
1293 1935 1575 2005 ΒροτΟἶσιν
1609 1930 1814 2002 εὖκρας
1860 1931 1922 1985 οὐ

349 2033 544 2101 γένοιτ’
569 2030 636 2085 ἂν
662 2030 856 2101 ἡδέως.
889 2027 1090 2082 Suidas
1117 2043 1132 2080 :
1167 2024 1431 2097 εὐκραὴς,
1459 2023 1582 2076 ἀντὶ
1603 2022 1699 2076 τοῦ
1729 2021 1926 2092 εὔκρα-

350 2140 460 2187 τος.
511 2121 708 2178 Scribe
754 2119 993 2191 Εὐκράς,
1027 2119 1107 2172 uti
1142 2126 1293 2173 recte
1348 2115 1490 2185 apud
1516 2114 1924 2185 Etymologicon

355 2228 638 2283 magnum.
690 2211 979 2280 Antiopam
1034 2207 1228 2262 Latine
1285 2205 1473 2285 docuit
1514 2203 1809 2270 Pacuvius,
1864 2204 1931 2259 de

353 2304 546 2360 Graeco
570 2302 850 2372 Euripidis
885 2315 1210 2356 conversam
1249 2297 1363 2371 [l7]
1399 2297 1696 2351 ritantibus
1740 2295 1934 2351 Chari-

356 2397 462 2459 sio,
492 2393 776 2457 Diomede,
811 2391 1005 2445 Servio
1035 2397 1088 2443 et
1120 2389 1397 2443 Marcello.
1431 2388 1487 2441 In
1512 2401 1620 2456 quo
1668 2385 1932 2449 admiror,

356 2488 433 2540 ait
455 2486 654 2557 Cicero
681 2484 757 2538 De
787 2482 1006 2553 ﬁnibus,
1039 2496 1143 2535 cur
1169 2482 1221 2534 in
1254 2478 1604 2547 gravissimis
1631 2477 1792 2531 rebus
1826 2490 1934 2529 non

356 2576 594 2633 delectet
618 2590 712 2630 eos
742 2574 954 2644 patrius
981 2586 1186 2636 sermo,
1224 2586 1350 2624 cum
1386 2570 1548 2625 iidem
1577 2568 1805 2622 fabellas
1832 2565 1938 2621 La-

357 2670 507 2724 tinas
541 2666 624 2723 'ad
663 2667 888 2721 verbum
940 2665 1010 2720 de
1068 2662 1275 2719 Graecis
1304 2676 1601 2732 expressas
1631 2677 1740 2715 non
1781 2660 1936 2714 inviti

354 2759 562 2829 legant.
589 2756 726 2822 Quis
754 2756 898 2809 enim
932 2763 1042 2809 tam
1093 2754 1355 2808 inimicus
1402 2767 1542 2822 pene
1585 2750 1790 2805 nomini
1820 2751 1937 2806 Ro-

358 2863 525 2902 mano
559 2856 667 2909 est,
694 2846 788 2916 qui
825 2844 980 2899 Ennii
1017 2843 1287 2904 Medeam,
1319 2851 1415 2897 aut
1437 2844 1731 2911 Antiopam
1768 2839 1941 2895 Pacu-

358 2939 431 2993 vii
483 2946 711 3007 spernat
744 2942 840 2989 aut
901 2934 1155 3004 rejiciat?
1196 2933 1292 3004 qui
1340 2948 1400 2989 se
1435 2932 1628 2987 iisdem
1663 2929 1941 2999 Euripidis

362 3029 566 3083 fabulis
597 3026 854 3083 delectari
893 3026 1063 3093 dicat,
1099 3024 1330 3082 Latinas
1373 3023 1594 3081 oderit?
1626 3021 1781 3079 Nosti
1808 3021 1941 3077 illud

360 3118 561 3182 Persii,

434 3209 575 3266 Sunt
603 3226 735 3280 quos
765 3208 1141 3280 Pacuviusque,
1165 3217 1215 3263 et
1249 3223 1538 3280 verrucosa
1564 3214 1802 3280 moretur

433 3277 688 3348 Antiopa,
713 3281 966 3335 erumnis
1004 3277 1098 3332 cor
1125 3277 1473 3347 luctiﬁcabile
1495 3277 1660 3347 fulta.

435 3371 569 3443 Pag.
611 3371 681 3426 65
704 3388 719 3426 :
746 3370 806 3423 '0
836 3369 947 3441 γὰρ
970 3368 1284 3438 σοφώτατος
1315 3367 1614 3439 Εὐριπίδης
1643 3364 1943 3436 ποιητικῶς

363 3464 583 3532 ἐξέθετο
612 3463 801 3534 δρᾶμα
828 3460 1073 3531 περὶτοῦ
1097 3459 1383 3523 Οἰδίποδος
1413 3459 1628 3530 καὶτῆς
1664 3457 1941 3526 Ἰοκάστης

364 3557 462 3610 καὶ
489 3558 592 3626 τῆς
625 3553 882 3624 Σφιγγός.
918 3551 1162 3622 (Edipus
1210 3558 1266 3608 ct
1296 3546 1516 3605 locasta
1561 3549 1616 3603 in
1645 3547 1945 3603 Phoenissis

368 3647 438 3700 ad
479 3654 670 3717 partes
717 3652 1028 3700 vocantur:
1076 3644 1296 3713 quinet
1335 3640 1536 3695 ibidem
1578 3639 1646 3694 de
1703 3637 1947 3707 Sphinge

368 3735 578 3787 mentio
616 3733 677 3785 lit
704 3746 812 3786 non
837 3731 1024 3787 semel.
1055 3729 1243 3785 Potuit
1270 3729 1436 3800 igitur
1457 3726 1846 3782 Antiochensis
1877 3725 1945 3779 ad

371 3822 693 3878 Phoenissae
725 3821 1019 3889 respicere,
1064 3820 1246 3888 potuit
1279 3820 1346 3874 ad
1377 3817 1618 3872 fabulam
1652 3816 1945 3884 (Edipum,

367 3931 492 3986 quae
516 3915 776 3970 laudatur
804 3914 873 3969 ab
898 3911 1194 3984 Hesychia,
1218 3927 1250 3966 a
1284 3911 1500 3967 Stobteo
1534 3907 1849 3979 aliquoties,
1879 3907 1949 3962 ab

369 4008 661 4063 Erotiano.
1550 4024 1553 4025 ν

438 4099 570 4169 Pag.
604 4098 712 4152 88:
748 4097 862 4152 Καὶ
898 4095 1037 4167 μετὰ
1071 4093 1336 4164 Αἰσχύλον
1392 4090 1737 4146 ἐϐασίλευσεν
1768 4089 1949 4143 αὐτῶν

374 4190 507 4257 (τῶν
546 4188 871 4261 Ἀθηναίων)
911 4186 1190 4257 Ἀκμαίων
1215 4185 1310 4255 ἐτη
1337 4183 1450 4246 δύο,
1481 4184 1611 4254 περὶ
1629 4175 1690 4235 οὗ
1725 4180 1951 4254 Εὐριπί-

374 4283 472 4353 δης
497 4285 528 4337 ὁ
555 4281 869 4351 σοφώτατος
893 4280 1079 4349 δρᾶμα
1103 4275 1316 4342 ἐξέθετο
1334 4292 1348 4306 ⁸
1373 4277 1468 4329 καὶ
1494 4274 1632 4344 μετὰ
1658 4273 1950 4343 Ἀκμαίον-

315 4381 329 4399 ⁸
375 4391 447 4428 τα
479 4371 847 4427 ἐϐασίλευσαν
868 4370 1050 4424 αὐτῶν
1078 4369 1228 4423 ἄλλοι
1253 4373 1343 4437 ιη’.
1374 4367 1583 4422 Amabo
1611 4374 1682 4429 te,
1707 4364 1948 4437 Syrisce,

378 4458 600 4523 serione
659 4464 771 4517 haec
818 4477 887 4516 an
932 4461 1059 4530 joco
1100 4460 1266 4529 iiquae
1296 4469 1368 4513 te'
1396 4457 1541 4512 enim
1584 4457 1746 4511 larva;
1794 4463 1959 4525 atque

378 4554 722 4624 intemperiae
779 4551 1097 4622 agitabant,
1144 4564 1269 4604 cum
1322 4548 1435 4600 haec
1493 4544 1806 4602 scriberes?
1848 4542 1952 4597 ποῦ

376 4662 463 4699 τοι
528 4645 726 4716 φρένες
748 4641 1189 4703 ἐκπεπότανται;
1220 4635 1498 4707 Ἀκμαίων
1542 4642 1597 4689 et
1624 4632 1954 4703 Ἀκμαίοντα

379 4751 481 4807 pro
550 4734 862 4805 Ἀλκμαίων
906 4741 960 4787 et
1026 4728 1373 4800 Ἀλκμαίωνα
1411 4726 1436 4781 ἲ
1468 4724 1595 4780 Muli
1647 4734 1777 4780 sunt
1828 4723 1916 4777 illa
1931 4761 1952 4784 .,

380 4842 492 4881 non
548 4824 810 4880 hominis.
862 4821 1054 4877 Simile
1106 4826 1391 4890 peccatum
1427 4825 1531 4880 est,
1562 4814 1707 4885 quod
1764 4812 1832 4868 de
1863 4812 1958 4889 Al-

380 4932 626 4973 cmaeone
665 4913 982 4970 Atheniensi
1034 4888 1359 4981 tragcediam
1406 4906 1605 4961 factam
1651 4888 1955 4960 existimes.

382 5007 670 5079 Siquidem
695 5006 784 5060 ille
810 5012 897 5060 est
921 5004 1162 5057 Alcmaeo
1181 5000 1439 5070 Argivus,
1456 4993 1766 5064 Amphiarai
1793 4992 1958 5053 illius,

382 5102 498 5171 qui,
526 5098 675 5170 quod
709 5095 1005 5166 Eriphylen
1031 5100 1261 5148 matrem
1296 5086 1615 5148 occidisset,
1659 5082 1816 5137 furiis
1844 5082 1960 5152 agi-

385 5199 535 5247 tatus
575 5198 682 5245 est.
723 5187 858 5243 Inde
881 5200 1059 5241 scena:
1082 5187 1463 5255 argumentum
1494 5186 1578 5251 est
1605 5175 1957 5232 accersitum.

385 5282 664 5338 Timocles
685 5278 948 5335 Comicus
983 5295 998 5331 :

461 5372 609 5439 Τοὺς
630 5373 743 5443 γὰρ
766 5368 1103 5443 spumidon
1124 5365 1377 5443 πρῷτοις,
1395 5366 1446 5418 εί
1463 5362 1698 5443 βοιξῑει,
1723 5358 1959 5443 σκόπει,

470 5445 564 5510 Ὡς
584 5429 895 5510 bks-laba;
926 5429 1186 5510 Ξτεάκτὶιςῖ
1221 5440 1253 5490 ὁ
1423 5429 1864 5510 γὰρ-ῶνέτένης

457 5499 848 5583 Πτῖυχότερον
872 5509 1063 5583 ᾳρτοῆ
1103 5499 1474 5583 vitacantabrica}~
1486 5502 1594 5556 τὸν
1626 5499 1894 5583 Τήλεφον

457 5571 824 5652 Perdita-or,
859 5580 976 5647 ἤδη
1004 5579 1120 5652 thy
1158 5571 1374 5652 accitur
1393 5572 1553 5652 prian
1574 5571 1735 5652 φέρει
1753 5586 1766 5600 ο

470 5655 522 5707 Ὁ
550 5642 757 5707 νᾶσῶν
787 5642 855 5703 δὲ
878 5642 1510 5719 μανικῶς-Ἀλκμαίων
1534 5642 1855 5719 baut-51min.

389 5724 735 5795 Antiphanes
781 5753 830 5772 ..
850 5709 915 5773 .’.
946 5758 958 5772 .
992 5709 1489 5787 Μακίὶριόιδέστιν
1519 5714 1557 5781 ἡ
1578 5709 1866 5779 Τραγῳδίιι

2027 1878 2307 1949 geminum
2363 1864 2726 1930 Alcmaeonem
2769 1868 3061 1939 Euripides
3083 1865 3339 1930 ediderit,
3381 1871 3477 1919 aut
3507 1864 3605 1916 ite-

2029 1984 2148 2022 rum
2182 1965 2458 2029 eumdem,
2484 1971 2790 2018 correctum
2814 1961 3025 2015 scilicet
3052 1966 3105 2014 et
3129 1953 3603 2024 διεσκευασμένον.

2036 2056 2311 2126 Quidquid
2347 2065 2430 2110 est
2479 2053 2665 2121 hujus,
2696 2051 2846 2106 solus
2885 2047 3023 2104 adeo
3071 2062 3158 2101 me
3215 2045 3402 2100 docuit
3433 2041 3604 2111 Hesy-

2031 2147 2193 2202 chius
2219 2153 2432 2210 noster,
2468 2150 2523 2198 et
2554 2141 2791 2196 fortasse
2829 2140 3005 2194 solum
3048 2154 3062 2190 :
3096 2136 3256 2196 alios,
3291 2134 3381 2204 qui
3417 2133 3611 2200 depra-

2029 2248 2156 2291 vata
2188 2237 2308 2305 ejus
2332 2234 2500 2289 verba
2524 2248 2633 2287 non
2666 2238 2923 2301 poterant
2965 2227 3292 2295 intelligere,
3324 2238 3429 2279 non
3457 2225 3603 2277 item.

2046 2326 2372 2398 Ἀργαίνειν,
2406 2323 2734 2378 λευκαίνειν.
2787 2320 3089 2392 Εὐριπίδης
3128 2316 3482 2387 Ἀλκμαίωνι,
3521 2313 3608 2367 διὰ

2032 2420 2263 2492 ψηφῖδος
2297 2416 2654 2487 ἀργαίνουσα,
2693 2411 3072 2475 λευκαίνουσα,
3104 2408 3366 2479 φοιτῶσα.
3399 2406 3610 2462 Censeo

2035 2511 2423 2582 corrigendum
2474 2522 2599 2565 esse
2630 2525 2645 2562 :
2699 2504 3004 2576 Εὐριπίδης
3036 2502 3376 2573 Ἀλκμαίωνι
3422 2498 3500 2571 τῷ
3522 2498 3612 2551 διὰ

2036 2602 2321 2673 Ψωφῖδος·
2383 2609 2496 2655 ιιιιη
2542 2609 2729 2653 notam
2781 2595 3160 2652 distinctionis
3218 2589 3526 2663 ponendam
3571 2588 3613 2657 ~j-

2050 2692 2429 2764 Ἀργαίνουσα,
2455 2689 2835 2752 λευκαίνουσα,
2862 2685 3130 2755 φοιόὦσα.
3158 2682 3319 2752 Παρὰ
3342 2680 3399 2734 δὲ
3423 2680 3483 2733 τὸ
3513 2680 3614 2749 ἀρ-

2038 2784 2155 2853 γὸν,
2197 2784 2274 2839 ait
2300 2781 2619 2838 Eustathius
2651 2779 2718 2834 ad
2744 2777 3003 2849 Odyssea
3027 2770 3353 2835 secundum,
3374 2772 3474 2825 καὶ
3512 2770 3615 2840 ἀρ-

2038 2877 2237 2945 τάντες
2260 2872 2453 2944 ταῦροι
2484 2870 2639 2943 παρὰ
2664 2869 2939 2941 Πινδάρῳ,
2963 2867 3059 2922 καὶ
3079 2865 3363 2937 ἀργαίνειν
3399 2864 3461 2917 τὸ
3490 2861 3615 2915 λευ-

1997 2965 2250 3021 -καίνειν
2290 2962 2422 3035 παρ’
2469 2962 2737 3033 Εὐριπίδῃ
2792 2962 2852 3015 ὲν
2904 2957 3263 3030 Ἀλκμαίωνι.
3324 2954 3451 3010 Sive
3503 2953 3616 3008 hac

2044 3055 2365 3112 Eustathius
2399 3053 2467 3109 ab
2496 3052 2792 3125 Hesychia,
2820 3052 2936 3106 sive
2959 3051 3028 3105 ab
3049 3050 3158 3103 alio
3180 3045 3438 3118 quopiam
3468 3050 3616 3098 uter-

2047 3162 2154 3219 que
2186 3130 2489 3223 transtulit,
2537 3152 2766 3214 apparet
2812 3143 2961 3197 hunc
3009 3145 3192 3196 locum
3234 3153 3267 3192 a
3298 3125 3485 3191 multis
3506 3134 3617 3205 jam

2050 3238 2269 3295 suculis
2320 3238 2495 3292 fuisse
2526 3236 2904 3306 depravatum.
2960 3230 3063 3298 Qui
3112 3231 3316 3284 factum
3354 3225 3620 3294 alioquin,

2051 3340 2111 3386 ut
2131 3330 2458 3387 Eustathius
2480 3326 2763 3395 tragwdia:
2794 3339 2993 3379 nomen
3029 3321 3280 3375 nmtilum
3313 3315 3620 3389 protulerit,

2050 3420 2160 3477 nisi
2205 3418 2350 3489 quod
2402 3417 2458 3472 in
2503 3414 2688 3471 verbis
2737 3411 3097 3483 sequentibus
3165 3414 3419 3465 cerneret
3469 3403 3623 3458 οὐδὲν

2053 3511 2225 3581 ὑγιές.
2274 3508 2418 3564 Idem
2462 3505 2779 3578 Hesychius
2815 3521 2828 3558 :
2861 3502 3106 3571 Ἀτενής.
3139 3501 3298 3553 ’Ἥκω
3344 3498 3390 3551 δ’
3429 3494 3624 3564 ἀτενὴς

2051 3603 2147 3657 ἀπ’
2179 3600 2364 3656 οἴκων.
2416 3598 2713 3671 Εὐριπίδης
2783 3592 3115 3664 Ἀλκμαίωνι
3148 3589 3223 3660 τῷ
3271 3588 3360 3642 διὰ
3402 3587 3624 3656 ψοφίδος

2053 3692 2394 3748 συντείνασα.
2425 3689 2652 3760 Corrige
2690 3686 2853 3743 sodes
2890 3686 2944 3739 in
2979 3684 3124 3737 hunc
3159 3679 3376 3736 modum
3414 3695 3427 3729 :
3459 3677 3621 3745 Εὐρι-

2052 3784 2211 3855 πίδης
2280 3782 2612 3853 Ἀλκμαίωνι
2664 3779 2742 3849 τῷ
2802 3776 2891 3830 διὰ
2946 3772 3220 3842 Ψωφῖδος,
3281 3767 3620 3822 συντείνασα.

2063 3877 2304 3946 Ἀτενὴς,
2329 3874 2424 3936 ait,
2461 3883 2547 3928 est
2568 3869 2911 3943 συντείνασα,
2953 3865 3219 3921 festinans
3255 3874 3465 3917 summa
3500 3873 3623 3913 cum

2053 3972 2255 4027 virium
2305 3971 2677 4023 contentione.
2729 3965 2901 4033 Cujus
2933 3959 3353 4031 signiﬁcationis
3376 3955 3623 4024 exempla

2053 4061 2201 4133 quod
2234 4059 2378 4115 haud
2401 4066 2605 4112 temere
2638 4054 3008 4124 reperiantur,
3033 4058 3318 4120 propterea
3346 4045 3500 4100 verbi
3537 4060 3620 4098 se-

2054 4154 2151 4209 des
2183 4167 2214 4205 a
2253 4148 2626 4221 grammaticis
2679 4145 2920 4200 indicata
2982 4150 3069 4198 est
3125 4139 3436 4210 Ἀλκμαίων
3481 4139 3510 4190 ὁ
3540 4135 3628 4188 διὰ

2055 4242 2332 4312 Ψωφῖδος.
2379 4239 2662 4294 Rationem
2698 4250 2866 4308 porro
2903 4234 3068 4304 hujus
3115 4229 3491 4300 inscriptionis
3520 4243 3626 4281 non

2057 4337 2148 4391 diu
2209 4347 2386 4403 neque
2439 4329 2644 4384 frustra
2716 4323 3193 4398 quaesiverit,qui
3250 4321 3303 4392 in
3367 4332 3627 4373 memoria

1993 4445 2033 4499 ι)
2062 4426 2313 4482 habuerit
2371 4423 2756 4483 Alcmaeonem,
2816 4432 2979 4488 quem
3043 4426 3199 4471 antea
3255 4420 3628 4468 contortorum

2060 4519 2317 4591 anguium
2348 4524 2403 4572 et
2425 4514 2735 4570 ardentium
2775 4511 3040 4566 taedarum
3088 4507 3313 4562 verbera
3358 4517 3629 4572 nusquam

2060 4606 2364 4662 consistere
2394 4610 2734 4674 paterentur,
2763 4597 3060 4668 aliquando
3103 4594 3323 4650 tandem
3356 4593 3421 4647 ad
3444 4606 3631 4647 sanam

2059 4706 2295 4753 mentem
2326 4698 2383 4751 in
2413 4694 2687 4765 Psophide
2710 4690 2961 4745 Arcadia:
2997 4688 3252 4744 rediisse.
3284 4684 3550 4740 Videatur
3580 4683 3632 4736 in

2026 4790 2341 4844 ’Arcadicis
2387 4785 2715 4842 Pausanias.
2774 4782 2887 4855 [l9]
2928 4781 3336 4851 Apollodorus,
3394 4777 3491 4831 lib.
3554 4791 3634 4829 ιιι.

2070 4878 2418 4949 Ἀλκμαίωνα
2450 4877 2507 4930 δὲ
2540 4874 2803 4946 μετῆλθεν
2836 4871 3093 4943 Ἐριννὺς
3120 4869 3216 4923 τοῦ
3256 4866 3510 4939 μητρῴου
3546 4866 3639 4933 φό-

2060 4987 2172 5034 νου,
2221 4969 2316 5023 xui.
2368 4965 2630 5038 μεμηνὼς
2676 4963 2896 5034 πρῶτον
2935 4961 3034 5032 μὲν
3064 4962 3145 5024 εἰς
3182 4957 3472 5026 Ἀρκαδίαν
3503 4956 3640 5025 πρὸς

2060 5062 2264 5118 Οἰκλέα
2299 5061 2683 5133 παραγίνεται,
2716 5055 2924 5109 ἐκεῖθεν
2971 5054 3028 5107 δὲ
3063 5051 3201 5123 πρὸς
3236 5050 3470 5119 Ψωφίδα
3504 5048 3641 5118 πρὸς

2059 5155 2278 5225 Φηγέω
2328 5151 2623 5222 καθαρθεὶς
2681 5148 2741 5202 δὲ
2793 5147 2884 5201 ὑπ’
2922 5144 3087 5201 αὐτοῦ
3146 5142 3430 5214 Ἀρσινόην
3470 5141 3640 5210 γαμεί

2061 5249 2159 5318 τὴν
2187 5246 2375 5300 τούτου
2400 5243 2697 5312 θυγατέρα.
2719 5239 2837 5294 Jam
2864 5238 3050 5293 monui
3076 5233 3485 5292 emendandum
3510 5247 3633 5288 esse

2061 5337 2292 5406 Ψωφῖδα
2326 5334 2534 5407 syllaba
2570 5331 2811 5388 secunda
2845 5328 3134 5400 producta.
3171 5325 3398 5381 Ovidius
3433 5340 3446 5376 :

2070 5428 2243 5500 Usque
2272 5428 2369 5483 sub
2405 5425 2794 5487 Orchomenon,
2834 5420 3235 5491 Psophidaque,
3264 5416 3641 5488 Cyllenenque.

2066 5517 2454 5576 Percommode
2483 5527 2663 5571 autem
2696 5514 2785 5570 hic
2814 5514 2973 5569 locus
3018 5504 3330 5581 Apollodori
3355 5508 3420 5562 'in
3444 5522 3647 5563 memo~

2070 5615 2204 5669 riam
2243 5611 2374 5666 mihi
2412 5611 2581 5665 alium
2616 5608 2833 5679 redigit,
2858 5606 2915 5660 in
2941 5603 3084 5659 libro
3120 5604 3330 5674 primo:
3370 5601 3461 5671 qui
3498 5599 3645 5654 virus

2069 5707 2262 5761 ductos
2298 5705 2350 5758 iu
2380 5718 2623 5757 errorem
2659 5701 2923 5754 hactenus
2969 5696 3183 5753 induxit
3219 5714 3232 5750 :
3270 5693 3531 5760 deinceps
3563 5699 3644 5749 ta-
