  <div class='ocr_page' id='page_1' title='image "/cluster/home/n/w/nwhite01/storage/ocr_20150623/97/mdp.39015041892756/365.png"; bbox 0 0 3988 6136; ppageno 0'>
   <div class='ocr_carea' id='block_1_1' title="bbox 441 319 566 418">
    <p class='ocr_par' dir='ltr' id='par_1_1' title="bbox 441 319 566 418">
     <span class='ocr_line' id='line_1_1' title="bbox 441 319 566 418; baseline 0.016 -2"><span class='ocrx_word' id='word_1_1' title='bbox 441 319 444 321; x_wconf 23' lang='grc' dir='ltr'><strong>λ</strong></span> <span class='ocrx_word' id='word_1_2' title='bbox 468 349 566 418; x_wconf 71' lang='lat' dir='ltr'><strong>rat</strong></span> 
     </span>
    </p>
   </div>
   <div class='ocr_carea' id='block_1_2' title="bbox 1331 322 2848 401">
    <p class='ocr_par' dir='ltr' id='par_1_2' title="bbox 1331 322 2848 401">
     <span class='ocr_line' id='line_1_2' title="bbox 1331 322 2848 401; baseline -0.014 0"><span class='ocrx_word' id='word_1_3' title='bbox 1331 341 1430 401; x_wconf 88' lang='lat' dir='ltr'><strong>DE</strong></span> <span class='ocrx_word' id='word_1_4' title='bbox 1475 335 1795 400; x_wconf 84' lang='lat' dir='ltr'><strong>JOA-NNIS</strong></span> <span class='ocrx_word' id='word_1_5' title='bbox 1829 332 2150 396; x_wconf 76' lang='lat' dir='ltr'><strong>MALAL/E</strong></span> <span class='ocrx_word' id='word_1_6' title='bbox 2193 322 2848 390; x_wconf 75' lang='lat' dir='ltr'><strong>CHRONOGRAPHIA</strong></span> 
     </span>
    </p>
   </div>
   <div class='ocr_carea' id='block_1_3' title="bbox 3624 305 3736 370">
    <p class='ocr_par' dir='ltr' id='par_1_3' title="bbox 3624 305 3736 370">
     <span class='ocr_line' id='line_1_3' title="bbox 3624 305 3736 370; baseline -0.018 0"><span class='ocrx_word' id='word_1_7' title='bbox 3624 305 3736 370; x_wconf 71' lang='lat'><strong>73?</strong></span> 
     </span>
    </p>
   </div>
   <div class='ocr_carea' id='block_1_4' title="bbox 467 417 2071 526">
    <p class='ocr_par' dir='ltr' id='par_1_4' title="bbox 467 445 2050 526">
     <span class='ocr_line' id='line_1_4' title="bbox 467 445 2050 526; baseline -0.013 -11"><span class='ocrx_word' id='word_1_8' title='bbox 467 475 620 520; x_wconf 88' lang='lat' dir='ltr'><strong>men.</strong></span> <span class='ocrx_word' id='word_1_9' title='bbox 651 457 732 510; x_wconf 99' lang='lat' dir='ltr'><strong>uti</strong></span> <span class='ocrx_word' id='word_1_10' title='bbox 763 467 950 526; x_wconf 87' lang='lat' dir='ltr'><strong>spero,</strong></span> <span class='ocrx_word' id='word_1_11' title='bbox 1002 467 1110 507; x_wconf 91' lang='lat' dir='ltr'><strong>non</strong></span> <span class='ocrx_word' id='word_1_12' title='bbox 1166 448 1350 506; x_wconf 73' lang='lat' dir='ltr'><strong>faciet;</strong></span> <span class='ocrx_word' id='word_1_13' title='bbox 1399 447 1602 510; x_wconf 77' lang='grc' dir='ltr'>Τυδεὺς</span> <span class='ocrx_word' id='word_1_14' title='bbox 1630 445 1688 500; x_wconf 76' lang='grc' dir='ltr'>δὲ</span> <span class='ocrx_word' id='word_1_15' title='bbox 1722 445 1797 510; x_wconf 84' lang='grc' dir='ltr'>ὥς</span> <span class='ocrx_word' id='word_1_16' title='bbox 1829 461 1994 515; x_wconf 84' lang='grc' dir='ltr'>φησιν</span> <span class='ocrx_word' id='word_1_17' title='bbox 2023 445 2050 495; x_wconf 84' lang='grc' dir='ltr'>ὁ</span> 
     </span>
    </p>
   </div>
   <div class='ocr_carea' id='block_1_5' title="bbox 2155 417 3729 526">
    <p class='ocr_par' dir='ltr' id='par_1_5' title="bbox 2155 417 3729 509">
     <span class='ocr_line' id='line_1_5' title="bbox 2155 417 3729 509; baseline -0.017 -16"><span class='ocrx_word' id='word_1_18' title='bbox 2155 440 2226 493; x_wconf 90' lang='lat' dir='ltr'><strong>ita</strong></span> <span class='ocrx_word' id='word_1_19' title='bbox 2248 437 2633 509; x_wconf 76' lang='lat' dir='ltr'><strong>corrigendum</strong></span> <span class='ocrx_word' id='word_1_20' title='bbox 2667 448 2808 496; x_wconf 86' lang='lat' dir='ltr'><strong>esse,</strong></span> <span class='ocrx_word' id='word_1_21' title='bbox 2838 443 2962 485; x_wconf 89' lang='lat' dir='ltr'><strong>cum</strong></span> <span class='ocrx_word' id='word_1_22' title='bbox 2984 443 3050 483; x_wconf 76' lang='lat' dir='ltr'><strong>ex</strong></span> <span class='ocrx_word' id='word_1_23' title='bbox 3081 425 3189 480; x_wconf 90' lang='lat' dir='ltr'><strong>hoc</strong></span> <span class='ocrx_word' id='word_1_24' title='bbox 3224 423 3342 478; x_wconf 91' lang='lat' dir='ltr'><strong>loco</strong></span> <span class='ocrx_word' id='word_1_25' title='bbox 3369 417 3552 474; x_wconf 87' lang='lat' dir='ltr'><strong>Photii</strong></span> <span class='ocrx_word' id='word_1_26' title='bbox 3575 462 3590 483; x_wconf 87' lang='lat'><strong>,</strong></span> <span class='ocrx_word' id='word_1_27' title='bbox 3617 428 3729 472; x_wconf 72' lang='lat' dir='ltr'><strong>tuin</strong></span> 
     </span>
    </p>
   </div>
   <div class='ocr_carea' id='block_1_6' title="bbox 467 535 2052 620">
    <p class='ocr_par' dir='ltr' id='par_1_6' title="bbox 467 535 2052 620">
     <span class='ocr_line' id='line_1_6' title="bbox 467 535 2052 620; baseline -0.012 -16"><span class='ocrx_word' id='word_1_28' title='bbox 467 551 571 620; x_wconf 72' lang='grc' dir='ltr'><strong>τὴν</strong></span> <span class='ocrx_word' id='word_1_29' title='bbox 609 544 990 617; x_wconf 82' lang='grc' dir='ltr'>Ἀλκμαιονίδα</span> <span class='ocrx_word' id='word_1_30' title='bbox 1028 538 1320 613; x_wconf 73' lang='grc' dir='ltr'>γεγραφὼς</span> <span class='ocrx_word' id='word_1_31' title='bbox 1375 537 1594 601; x_wconf 87' lang='grc' dir='ltr'>κτείνας</span> <span class='ocrx_word' id='word_1_32' title='bbox 1639 538 1766 600; x_wconf 72' lang='grc' dir='ltr'>τοὺς</span> <span class='ocrx_word' id='word_1_33' title='bbox 1805 535 2052 596; x_wconf 72' lang='grc' dir='ltr'>Μέλανος</span> 
     </span>
    </p>
   </div>
   <div class='ocr_carea' id='block_1_7' title="bbox 467 625 2052 702">
    <p class='ocr_par' dir='ltr' id='par_1_7' title="bbox 467 625 2052 702">
     <span class='ocr_line' id='line_1_7' title="bbox 467 625 2052 702; baseline -0.01 -8"><span class='ocrx_word' id='word_1_34' title='bbox 467 640 666 702; x_wconf 80' lang='grc' dir='ltr'>παῖδας</span> <span class='ocrx_word' id='word_1_35' title='bbox 718 634 1167 696; x_wconf 79' lang='grc' dir='ltr'>ἐπιϐουλεύοντας</span> <span class='ocrx_word' id='word_1_36' title='bbox 1202 632 1373 695; x_wconf 82' lang='grc' dir='ltr'><strong>Οἰνεῖ,</strong></span> <span class='ocrx_word' id='word_1_37' title='bbox 1424 629 1624 699; x_wconf 79' lang='grc' dir='ltr'>Φηνέα,</span> <span class='ocrx_word' id='word_1_38' title='bbox 1675 636 1782 682; x_wconf 83' lang='lat' dir='ltr'><strong>etc.</strong></span> <span class='ocrx_word' id='word_1_39' title='bbox 1813 627 1947 692; x_wconf 73' lang='lat' dir='ltr'><strong>Quae</strong></span> <span class='ocrx_word' id='word_1_40' title='bbox 1971 625 2052 686; x_wconf 83' lang='lat' dir='ltr'><strong>sic</strong></span> 
     </span>
    </p>
   </div>
   <div class='ocr_carea' id='block_1_8' title="bbox 469 716 2050 799">
    <p class='ocr_par' dir='ltr' id='par_1_8' title="bbox 469 716 2050 799">
     <span class='ocr_line' id='line_1_8' title="bbox 469 716 2050 799; baseline -0.011 -14"><span class='ocrx_word' id='word_1_41' title='bbox 469 731 664 785; x_wconf 87' lang='lat' dir='ltr'><strong>Latine</strong></span> <span class='ocrx_word' id='word_1_42' title='bbox 717 727 990 799; x_wconf 57' lang='lat' dir='ltr'><strong>expressit</strong></span> <span class='ocrx_word' id='word_1_43' title='bbox 1025 725 1298 792; x_wconf 73' lang='lat' dir='ltr'><strong>interpres</strong></span> <span class='ocrx_word' id='word_1_44' title='bbox 1335 737 1348 772; x_wconf 89' lang='lat'><strong>:</strong></span> <span class='ocrx_word' id='word_1_45' title='bbox 1413 721 1462 775; x_wconf 88' lang='lat' dir='ltr'><strong>Is</strong></span> <span class='ocrx_word' id='word_1_46' title='bbox 1488 720 1582 788; x_wconf 88' lang='lat' dir='ltr'><strong>qui</strong></span> <span class='ocrx_word' id='word_1_47' title='bbox 1625 716 2050 772; x_wconf 62' lang='lat' dir='ltr'><strong>Alcmaeonidem</strong></span> 
     </span>
    </p>
   </div>
   <div class='ocr_carea' id='block_1_9' title="bbox 469 807 2050 891">
    <p class='ocr_par' dir='ltr' id='par_1_9' title="bbox 469 807 2050 891">
     <span class='ocr_line' id='line_1_9' title="bbox 469 807 2050 891; baseline -0.009 -16"><span class='ocrx_word' id='word_1_48' title='bbox 469 821 790 891; x_wconf 74' lang='lat' dir='ltr'><strong>tragmdiam</strong></span> <span class='ocrx_word' id='word_1_49' title='bbox 832 817 1082 887; x_wconf 75' lang='lat' dir='ltr'><strong>scripsit.</strong></span> <span class='ocrx_word' id='word_1_50' title='bbox 1127 813 1413 868; x_wconf 84' lang='lat' dir='ltr'><strong>Hominem</strong></span> <span class='ocrx_word' id='word_1_51' title='bbox 1449 825 1580 866; x_wconf 90' lang='lat' dir='ltr'><strong>sane</strong></span> <span class='ocrx_word' id='word_1_52' title='bbox 1611 809 1920 872; x_wconf 85' lang='lat' dir='ltr'><strong>liberalem,</strong></span> <span class='ocrx_word' id='word_1_53' title='bbox 1955 807 2050 878; x_wconf 87' lang='lat' dir='ltr'><strong>qui</strong></span> 
     </span>
    </p>
   </div>
   <div class='ocr_carea' id='block_1_10' title="bbox 469 899 2053 980">
    <p class='ocr_par' dir='ltr' id='par_1_10' title="bbox 469 899 2053 980">
     <span class='ocr_line' id='line_1_10' title="bbox 469 899 2053 980; baseline -0.01 -14"><span class='ocrx_word' id='word_1_54' title='bbox 469 925 654 966; x_wconf 88' lang='lat' dir='ltr'><strong>vocem</strong></span> <span class='ocrx_word' id='word_1_55' title='bbox 691 910 840 964; x_wconf 84' lang='lat' dir='ltr'><strong>illam</strong></span> <span class='ocrx_word' id='word_1_56' title='bbox 872 907 1222 980; x_wconf 66' lang='lat' dir='ltr'><strong>Tragoediam</strong></span> <span class='ocrx_word' id='word_1_57' title='bbox 1261 903 1496 973; x_wconf 79' lang='lat' dir='ltr'><strong>benigne</strong></span> <span class='ocrx_word' id='word_1_58' title='bbox 1519 901 1681 956; x_wconf 89' lang='lat' dir='ltr'><strong>nobis</strong></span> <span class='ocrx_word' id='word_1_59' title='bbox 1708 899 1778 956; x_wconf 90' lang='lat' dir='ltr'><strong>de</strong></span> <span class='ocrx_word' id='word_1_60' title='bbox 1809 914 1910 954; x_wconf 91' lang='lat' dir='ltr'><strong>suo</strong></span> <span class='ocrx_word' id='word_1_61' title='bbox 1940 899 2053 952; x_wconf 91' lang='lat' dir='ltr'><strong>lar-</strong></span> 
     </span>
    </p>
   </div>
   <div class='ocr_carea' id='block_1_11' title="bbox 467 985 2052 1074">
    <p class='ocr_par' dir='ltr' id='par_1_11' title="bbox 467 985 2052 1074">
     <span class='ocr_line' id='line_1_11' title="bbox 467 985 2052 1074; baseline -0.008 -18"><span class='ocrx_word' id='word_1_62' title='bbox 467 1005 615 1074; x_wconf 87' lang='lat' dir='ltr'><strong>gitus</strong></span> <span class='ocrx_word' id='word_1_63' title='bbox 648 1012 756 1057; x_wconf 88' lang='lat' dir='ltr'><strong>est.</strong></span> <span class='ocrx_word' id='word_1_64' title='bbox 788 1001 978 1070; x_wconf 93' lang='lat' dir='ltr'><strong>Atqui,</strong></span> <span class='ocrx_word' id='word_1_65' title='bbox 1009 1014 1042 1054; x_wconf 92' lang='grc' dir='ltr'><strong>ο</strong></span> <span class='ocrx_word' id='word_1_66' title='bbox 1071 1001 1234 1061; x_wconf 89' lang='lat' dir='ltr'><strong>boue,</strong></span> <span class='ocrx_word' id='word_1_67' title='bbox 1291 985 1617 1064; x_wconf 57' lang='grc' dir='ltr'>Ἀλκμαίων</span> <span class='ocrx_word' id='word_1_68' title='bbox 1661 1007 1724 1046; x_wconf 91' lang='lat' dir='ltr'><strong>ea</strong></span> <span class='ocrx_word' id='word_1_69' title='bbox 1761 989 2052 1060; x_wconf 61' lang='lat' dir='ltr'><strong>tragoedia.</strong></span> 
     </span>
    </p>
   </div>
   <div class='ocr_carea' id='block_1_12' title="bbox 467 1081 2052 1165">
    <p class='ocr_par' dir='ltr' id='par_1_12' title="bbox 467 1081 2052 1165">
     <span class='ocr_line' id='line_1_12' title="bbox 467 1081 2052 1165; baseline -0.009 -15"><span class='ocrx_word' id='word_1_70' title='bbox 467 1111 576 1150; x_wconf 92' lang='lat' dir='ltr'><strong>non</strong></span> <span class='ocrx_word' id='word_1_71' title='bbox 603 1094 954 1165; x_wconf 79' lang='grc' dir='ltr'>Ἀλκμαιονὶς</span> <span class='ocrx_word' id='word_1_72' title='bbox 975 1091 1316 1154; x_wconf 75' lang='lat' dir='ltr'><strong>inscribitur,</strong></span> <span class='ocrx_word' id='word_1_73' title='bbox 1341 1095 1400 1142; x_wconf 92' lang='lat' dir='ltr'><strong>ut</strong></span> <span class='ocrx_word' id='word_1_74' title='bbox 1424 1085 1744 1147; x_wconf 81' lang='lat' dir='ltr'><strong>Erotianns,</strong></span> <span class='ocrx_word' id='word_1_75' title='bbox 1781 1081 2052 1146; x_wconf 66' lang='lat' dir='ltr'><strong>Stobaeus,</strong></span> 
     </span>
    </p>
   </div>
   <div class='ocr_carea' id='block_1_13' title="bbox 465 1171 2052 1254">
    <p class='ocr_par' dir='ltr' id='par_1_13' title="bbox 465 1171 2052 1254">
     <span class='ocr_line' id='line_1_13' title="bbox 465 1171 2052 1254; baseline -0.009 -14"><span class='ocrx_word' id='word_1_76' title='bbox 465 1185 811 1250; x_wconf 83' lang='lat' dir='ltr'><strong>Priscianus,</strong></span> <span class='ocrx_word' id='word_1_77' title='bbox 851 1183 1060 1254; x_wconf 92' lang='lat' dir='ltr'><strong>aliique</strong></span> <span class='ocrx_word' id='word_1_78' title='bbox 1094 1189 1389 1236; x_wconf 85' lang='lat' dir='ltr'><strong>testantur.</strong></span> <span class='ocrx_word' id='word_1_79' title='bbox 1443 1175 1618 1230; x_wconf 87' lang='lat' dir='ltr'><strong>Sicuti</strong></span> <span class='ocrx_word' id='word_1_80' title='bbox 1646 1184 1827 1228; x_wconf 86' lang='lat' dir='ltr'><strong>autem</strong></span> <span class='ocrx_word' id='word_1_81' title='bbox 1865 1171 2052 1226; x_wconf 84' lang='lat' dir='ltr'><strong>Philo-</strong></span> 
     </span>
    </p>
   </div>
   <div class='ocr_carea' id='block_1_14' title="bbox 466 1265 2056 1347">
    <p class='ocr_par' dir='ltr' id='par_1_14' title="bbox 466 1265 2056 1347">
     <span class='ocr_line' id='line_1_14' title="bbox 466 1265 2056 1347; baseline -0.009 -15"><span class='ocrx_word' id='word_1_82' title='bbox 466 1276 571 1333; x_wconf 86' lang='lat' dir='ltr'><strong>clis</strong></span> <span class='ocrx_word' id='word_1_83' title='bbox 603 1275 797 1347; x_wconf 76' lang='lat' dir='ltr'><strong>tragici</strong></span> <span class='ocrx_word' id='word_1_84' title='bbox 822 1273 1110 1343; x_wconf 82' lang='lat' dir='ltr'><strong>tctralogia</strong></span> <span class='ocrx_word' id='word_1_85' title='bbox 1141 1271 1206 1326; x_wconf 90' lang='lat' dir='ltr'><strong>de</strong></span> <span class='ocrx_word' id='word_1_86' title='bbox 1233 1269 1516 1324; x_wconf 86' lang='lat' dir='ltr'><strong>Pandione</strong></span> <span class='ocrx_word' id='word_1_87' title='bbox 1547 1265 1854 1328; x_wconf 72' lang='grc' dir='ltr'><strong>Πανδιονὶς,</strong></span> <span class='ocrx_word' id='word_1_88' title='bbox 1891 1271 2056 1334; x_wconf 90' lang='lat' dir='ltr'><strong>atque</strong></span> 
     </span>
    </p>
   </div>
   <div class='ocr_carea' id='block_1_15' title="bbox 463 1361 2052 1443">
    <p class='ocr_par' dir='ltr' id='par_1_15' title="bbox 463 1361 2052 1443">
     <span class='ocr_line' id='line_1_15' title="bbox 463 1361 2052 1443; baseline -0.008 -14"><span class='ocrx_word' id='word_1_89' title='bbox 463 1372 716 1443; x_wconf 49' lang='lat' dir='ltr'><strong>aEschyli</strong></span> <span class='ocrx_word' id='word_1_90' title='bbox 745 1372 812 1426; x_wconf 91' lang='lat' dir='ltr'><strong>de</strong></span> <span class='ocrx_word' id='word_1_91' title='bbox 831 1369 1025 1426; x_wconf 87' lang='lat' dir='ltr'><strong>Oreste</strong></span> <span class='ocrx_word' id='word_1_92' title='bbox 1061 1367 1345 1440; x_wconf 83' lang='grc' dir='ltr'>Ὀρεστεία</span> <span class='ocrx_word' id='word_1_93' title='bbox 1377 1365 1656 1420; x_wconf 89' lang='lat' dir='ltr'><strong>nominata</strong></span> <span class='ocrx_word' id='word_1_94' title='bbox 1678 1371 1796 1426; x_wconf 85' lang='lat' dir='ltr'><strong>est;</strong></span> <span class='ocrx_word' id='word_1_95' title='bbox 1827 1362 1903 1416; x_wconf 90' lang='lat' dir='ltr'><strong>ita</strong></span> <span class='ocrx_word' id='word_1_96' title='bbox 1938 1361 2052 1417; x_wconf 85' lang='lat' dir='ltr'><strong>fieri</strong></span> 
     </span>
    </p>
   </div>
   <div class='ocr_carea' id='block_1_16' title="bbox 465 1453 2054 1532">
    <p class='ocr_par' dir='ltr' id='par_1_16' title="bbox 465 1453 2054 1532">
     <span class='ocr_line' id='line_1_16' title="bbox 465 1453 2054 1532; baseline -0.007 -16"><span class='ocrx_word' id='word_1_97' title='bbox 465 1473 645 1532; x_wconf 82' lang='lat' dir='ltr'><strong>potest</strong></span> <span class='ocrx_word' id='word_1_98' title='bbox 677 1470 736 1516; x_wconf 91' lang='lat' dir='ltr'><strong>ut</strong></span> <span class='ocrx_word' id='word_1_99' title='bbox 766 1461 1058 1532; x_wconf 78' lang='lat' dir='ltr'><strong>Euripides</strong></span> <span class='ocrx_word' id='word_1_100' title='bbox 1084 1462 1191 1513; x_wconf 84' lang='lat' dir='ltr'><strong>tria</strong></span> <span class='ocrx_word' id='word_1_101' title='bbox 1224 1457 1474 1513; x_wconf 89' lang='lat' dir='ltr'><strong>dramata</strong></span> <span class='ocrx_word' id='word_1_102' title='bbox 1509 1455 1578 1509; x_wconf 91' lang='lat' dir='ltr'><strong>de</strong></span> <span class='ocrx_word' id='word_1_103' title='bbox 1609 1453 1920 1506; x_wconf 58' lang='lat' dir='ltr'><strong>Alcmaeone</strong></span> <span class='ocrx_word' id='word_1_104' title='bbox 1951 1467 2054 1521; x_wconf 90' lang='lat' dir='ltr'><strong>pu-</strong></span> 
     </span>
    </p>
   </div>
   <div class='ocr_carea' id='block_1_17' title="bbox 463 1543 2056 1620">
    <p class='ocr_par' dir='ltr' id='par_1_17' title="bbox 463 1543 2056 1620">
     <span class='ocr_line' id='line_1_17' title="bbox 463 1543 2056 1620; baseline -0.005 -10"><span class='ocrx_word' id='word_1_105' title='bbox 463 1555 796 1617; x_wconf 83' lang='lat' dir='ltr'><strong>blicaverit,</strong></span> <span class='ocrx_word' id='word_1_106' title='bbox 857 1568 966 1608; x_wconf 90' lang='lat' dir='ltr'><strong>una</strong></span> <span class='ocrx_word' id='word_1_107' title='bbox 1029 1566 1156 1606; x_wconf 91' lang='lat' dir='ltr'><strong>cum</strong></span> <span class='ocrx_word' id='word_1_108' title='bbox 1213 1555 1415 1620; x_wconf 90' lang='lat' dir='ltr'><strong>quarto</strong></span> <span class='ocrx_word' id='word_1_109' title='bbox 1459 1543 1712 1617; x_wconf 82' lang='lat' dir='ltr'><strong>Satyrico</strong></span> <span class='ocrx_word' id='word_1_110' title='bbox 1745 1548 2056 1614; x_wconf 74' lang='lat' dir='ltr'><strong>argumenti</strong></span> 
     </span>
    </p>
   </div>
   <div class='ocr_carea' id='block_1_18' title="bbox 466 1630 2057 1711">
    <p class='ocr_par' dir='ltr' id='par_1_18' title="bbox 466 1630 2057 1711">
     <span class='ocr_line' id='line_1_18' title="bbox 466 1630 2057 1711; baseline -0.008 -14"><span class='ocrx_word' id='word_1_111' title='bbox 466 1644 696 1698; x_wconf 89' lang='lat' dir='ltr'><strong>omnino</strong></span> <span class='ocrx_word' id='word_1_112' title='bbox 739 1643 902 1698; x_wconf 84' lang='lat' dir='ltr'><strong>alieni</strong></span> <span class='ocrx_word' id='word_1_113' title='bbox 934 1657 948 1694; x_wconf 89' lang='lat'>:</span> <span class='ocrx_word' id='word_1_114' title='bbox 985 1655 1150 1711; x_wconf 89' lang='lat' dir='ltr'><strong>quam</strong></span> <span class='ocrx_word' id='word_1_115' title='bbox 1189 1639 1457 1708; x_wconf 79' lang='lat' dir='ltr'><strong>integram</strong></span> <span class='ocrx_word' id='word_1_116' title='bbox 1510 1631 1852 1704; x_wconf 85' lang='lat' dir='ltr'><strong>tetralogiam</strong></span> <span class='ocrx_word' id='word_1_117' title='bbox 1937 1630 2057 1686; x_wconf 86' lang='grc' dir='ltr'><strong>Ἀλ-</strong></span> 
     </span>
    </p>
   </div>
   <div class='ocr_carea' id='block_1_19' title="bbox 465 1714 2054 1806">
    <p class='ocr_par' dir='ltr' id='par_1_19' title="bbox 465 1714 2054 1806">
     <span class='ocr_line' id='line_1_19' title="bbox 465 1714 2054 1806; baseline -0.008 -16"><span class='ocrx_word' id='word_1_118' title='bbox 465 1735 775 1806; x_wconf 82' lang='grc' dir='ltr'>κμαιωνίδα</span> <span class='ocrx_word' id='word_1_119' title='bbox 809 1745 1090 1788; x_wconf 87' lang='lat' dir='ltr'><strong>vocarent.</strong></span> <span class='ocrx_word' id='word_1_120' title='bbox 1142 1731 1250 1786; x_wconf 88' lang='lat' dir='ltr'><strong>Sed</strong></span> <span class='ocrx_word' id='word_1_121' title='bbox 1291 1714 1505 1799; x_wconf 78' lang='lat' dir='ltr'><strong>oportet</strong></span> <span class='ocrx_word' id='word_1_122' title='bbox 1558 1724 1866 1796; x_wconf 87' lang='lat' dir='ltr'><strong>Epicharmi</strong></span> <span class='ocrx_word' id='word_1_123' title='bbox 1921 1724 2054 1779; x_wconf 91' lang='lat' dir='ltr'><strong>illud</strong></span> 
     </span>
    </p>
   </div>
   <div class='ocr_carea' id='block_1_20' title="bbox 467 1827 1325 1898">
    <p class='ocr_par' dir='ltr' id='par_1_20' title="bbox 467 1827 1325 1898">
     <span class='ocr_line' id='line_1_20' title="bbox 467 1827 1325 1898; baseline -0.005 -15"><span class='ocrx_word' id='word_1_124' title='bbox 467 1844 684 1898; x_wconf 86' lang='lat' dir='ltr'><strong>semper</strong></span> <span class='ocrx_word' id='word_1_125' title='bbox 721 1827 925 1882; x_wconf 86' lang='lat' dir='ltr'><strong>habeas</strong></span> <span class='ocrx_word' id='word_1_126' title='bbox 955 1827 1008 1881; x_wconf 90' lang='lat' dir='ltr'><strong>in</strong></span> <span class='ocrx_word' id='word_1_127' title='bbox 1043 1834 1325 1896; x_wconf 87' lang='lat' dir='ltr'><strong>promptu,</strong></span> 
     </span>
    </p>
   </div>
   <div class='ocr_carea' id='block_1_21' title="bbox 465 1927 2058 2010">
    <p class='ocr_par' dir='ltr' id='par_1_21' title="bbox 465 1927 2058 2010">
     <span class='ocr_line' id='line_1_21' title="bbox 465 1927 2058 2010; baseline -0.006 -16"><span class='ocrx_word' id='word_1_128' title='bbox 465 1938 636 2009; x_wconf 75' lang='grc' dir='ltr'><strong>Νᾶφε</strong></span> <span class='ocrx_word' id='word_1_129' title='bbox 679 1940 780 1994; x_wconf 76' lang='grc' dir='ltr'>καὶ</span> <span class='ocrx_word' id='word_1_130' title='bbox 809 1929 1070 2010; x_wconf 59' lang='lat' dir='ltr'><strong>aegroto&quot;</strong></span> <span class='ocrx_word' id='word_1_131' title='bbox 1109 1939 1424 1996; x_wconf 80' lang='grc' dir='ltr'><strong>ἀπιστεῖν·</strong></span> <span class='ocrx_word' id='word_1_132' title='bbox 1465 1937 1656 2008; x_wconf 76' lang='grc' dir='ltr'>ἄρθρα</span> <span class='ocrx_word' id='word_1_133' title='bbox 1703 1933 1916 2010; x_wconf 43' lang='grc' dir='ltr'><strong>ταῦτα.</strong></span> <span class='ocrx_word' id='word_1_134' title='bbox 1944 1927 2058 1986; x_wconf 81' lang='grc' dir='ltr'><em>τᾶν</em></span> 
     </span>
    </p>
   </div>
   <div class='ocr_carea' id='block_1_22' title="bbox 925 1999 1984 2078">
    <p class='ocr_par' dir='ltr' id='par_1_22' title="bbox 925 1999 1984 2078">
     <span class='ocr_line' id='line_1_22' title="bbox 925 1999 1984 2078; baseline -0.02 -4"><span class='ocrx_word' id='word_1_135' title='bbox 925 2065 941 2074; x_wconf 82' lang='grc'><strong>-</strong></span> <span class='ocrx_word' id='word_1_136' title='bbox 1501 1999 1521 2008; x_wconf 58' lang='grc'>⁷</span> <span class='ocrx_word' id='word_1_137' title='bbox 1573 1999 1593 2006; x_wconf 63' lang='grc'>⁷</span> <span class='ocrx_word' id='word_1_138' title='bbox 1706 1999 1984 2078; x_wconf 71' lang='grc' dir='ltr'><strong>[φρενῶν.</strong></span> 
     </span>
    </p>
   </div>
   <div class='ocr_carea' id='block_1_23' title="bbox 468 2095 2059 2170">
    <p class='ocr_par' dir='ltr' id='par_1_23' title="bbox 468 2095 2059 2170">
     <span class='ocr_line' id='line_1_23' title="bbox 468 2095 2059 2170; baseline -0.003 -16"><span class='ocrx_word' id='word_1_139' title='bbox 468 2101 796 2170; x_wconf 81' lang='lat' dir='ltr'><strong>Quicunque</strong></span> <span class='ocrx_word' id='word_1_140' title='bbox 829 2101 974 2156; x_wconf 88' lang='lat' dir='ltr'><strong>enim</strong></span> <span class='ocrx_word' id='word_1_141' title='bbox 1007 2101 1366 2159; x_wconf 82' lang='lat' dir='ltr'><strong>humaniores</strong></span> <span class='ocrx_word' id='word_1_142' title='bbox 1391 2100 1494 2156; x_wconf 89' lang='lat' dir='ltr'><strong>has</strong></span> <span class='ocrx_word' id='word_1_143' title='bbox 1533 2111 1722 2154; x_wconf 88' lang='lat' dir='ltr'><strong>musas</strong></span> <span class='ocrx_word' id='word_1_144' title='bbox 1761 2095 1915 2161; x_wconf 89' lang='lat' dir='ltr'><strong>colit,</strong></span> <span class='ocrx_word' id='word_1_145' title='bbox 1952 2107 2059 2150; x_wconf 79' lang='lat' dir='ltr'><strong>sae-</strong></span> 
     </span>
    </p>
   </div>
   <div class='ocr_carea' id='block_1_24' title="bbox 468 2193 1374 2261">
    <p class='ocr_par' dir='ltr' id='par_1_24' title="bbox 468 2193 1374 2261">
     <span class='ocr_line' id='line_1_24' title="bbox 468 2193 1374 2261; baseline -0.001 -14"><span class='ocrx_word' id='word_1_146' title='bbox 468 2208 770 2261; x_wconf 84' lang='lat' dir='ltr'><strong>penumero</strong></span> <span class='ocrx_word' id='word_1_147' title='bbox 803 2195 943 2248; x_wconf 84' lang='lat' dir='ltr'><strong>solet</strong></span> <span class='ocrx_word' id='word_1_148' title='bbox 973 2210 1075 2248; x_wconf 87' lang='lat' dir='ltr'><strong>usu</strong></span> <span class='ocrx_word' id='word_1_149' title='bbox 1101 2193 1290 2250; x_wconf 87' lang='lat' dir='ltr'><strong>venire</strong></span> <span class='ocrx_word' id='word_1_150' title='bbox 1315 2199 1374 2248; x_wconf 90' lang='lat' dir='ltr'><strong>ut</strong></span> 
     </span>
    </p>
   </div>
   <div class='ocr_carea' id='block_1_25' title="bbox 543 2279 1982 2365">
    <p class='ocr_par' dir='ltr' id='par_1_25' title="bbox 543 2279 1982 2365">
     <span class='ocr_line' id='line_1_25' title="bbox 543 2279 1982 2365; baseline -0.001 -29"><span class='ocrx_word' id='word_1_151' title='bbox 543 2283 711 2352; x_wconf 82' lang='grc' dir='ltr'><strong>Ἶσκῃ</strong></span> <span class='ocrx_word' id='word_1_152' title='bbox 751 2285 984 2356; x_wconf 69' lang='grc' dir='ltr'>ψεύδεα</span> <span class='ocrx_word' id='word_1_153' title='bbox 1003 2285 1208 2340; x_wconf 77' lang='grc' dir='ltr'>πολλὰ</span> <span class='ocrx_word' id='word_1_154' title='bbox 1237 2285 1431 2365; x_wconf 58' lang='grc' dir='ltr'><strong>,ξένων</strong></span> <span class='ocrx_word' id='word_1_155' title='bbox 1449 2283 1758 2351; x_wconf 76' lang='grc' dir='ltr'><strong>ἐτύμοισιν</strong></span> <span class='ocrx_word' id='word_1_156' title='bbox 1785 2279 1982 2348; x_wconf 83' lang='grc' dir='ltr'>ὅμοια.</span> 
     </span>
    </p>
   </div>
   <div class='ocr_carea' id='block_1_26' title="bbox 469 2371 2056 2446">
    <p class='ocr_par' dir='ltr' id='par_1_26' title="bbox 469 2371 2056 2446">
     <span class='ocr_line' id='line_1_26' title="bbox 469 2371 2056 2446; baseline -0.001 -18"><span class='ocrx_word' id='word_1_157' title='bbox 469 2375 753 2446; x_wconf 81' lang='lat' dir='ltr'><strong>Siquidem</strong></span> <span class='ocrx_word' id='word_1_158' title='bbox 779 2379 862 2432; x_wconf 73' lang='lat' dir='ltr'><strong>hae</strong></span> <span class='ocrx_word' id='word_1_159' title='bbox 883 2377 954 2434; x_wconf 90' lang='lat' dir='ltr'><strong>de</strong></span> <span class='ocrx_word' id='word_1_160' title='bbox 983 2377 1358 2433; x_wconf 79' lang='lat' dir='ltr'><strong>Alcmaeonide</strong></span> <span class='ocrx_word' id='word_1_161' title='bbox 1380 2375 1744 2446; x_wconf 87' lang='lat' dir='ltr'><strong>suspiciones,</strong></span> <span class='ocrx_word' id='word_1_162' title='bbox 1767 2371 1895 2442; x_wconf 67' lang='lat' dir='ltr'><strong>aegri</strong></span> <span class='ocrx_word' id='word_1_163' title='bbox 1925 2377 2056 2426; x_wconf 88' lang='lat' dir='ltr'><strong>sunt</strong></span> 
     </span>
    </p>
   </div>
   <div class='ocr_carea' id='block_1_27' title="bbox 467 2463 2059 2540">
    <p class='ocr_par' dir='ltr' id='par_1_27' title="bbox 467 2463 2059 2540">
     <span class='ocr_line' id='line_1_27' title="bbox 467 2463 2059 2540; baseline -0.002 -17"><span class='ocrx_word' id='word_1_164' title='bbox 467 2470 712 2536; x_wconf 77' lang='lat' dir='ltr'><strong>somnia;</strong></span> <span class='ocrx_word' id='word_1_165' title='bbox 745 2484 872 2527; x_wconf 87' lang='lat' dir='ltr'><strong>cum</strong></span> <span class='ocrx_word' id='word_1_166' title='bbox 895 2470 944 2529; x_wconf 92' lang='lat' dir='ltr'><strong>is</strong></span> <span class='ocrx_word' id='word_1_167' title='bbox 969 2471 1206 2538; x_wconf 83' lang='lat' dir='ltr'><strong>scriptor</strong></span> <span class='ocrx_word' id='word_1_168' title='bbox 1233 2510 1250 2537; x_wconf 90' lang='lat'><strong>,</strong></span> <span class='ocrx_word' id='word_1_169' title='bbox 1283 2471 1602 2540; x_wconf 87' lang='lat' dir='ltr'><strong>quicunque</strong></span> <span class='ocrx_word' id='word_1_170' title='bbox 1633 2465 1854 2521; x_wconf 84' lang='lat' dir='ltr'><strong>tandem</strong></span> <span class='ocrx_word' id='word_1_171' title='bbox 1891 2463 2059 2520; x_wconf 82' lang='lat' dir='ltr'><strong>fuerit</strong></span> 
     </span>
    </p>
   </div>
   <div class='ocr_carea' id='block_1_28' title="bbox 471 2558 2058 2642">
    <p class='ocr_par' dir='ltr' id='par_1_28' title="bbox 471 2558 2058 2642">
     <span class='ocr_line' id='line_1_28' title="bbox 471 2558 2058 2642; baseline -0.001 -27"><span class='ocrx_word' id='word_1_172' title='bbox 471 2572 675 2631; x_wconf 76' lang='lat' dir='ltr'><strong>(neque</strong></span> <span class='ocrx_word' id='word_1_173' title='bbox 723 2562 870 2642; x_wconf 76' lang='lat' dir='ltr'><strong>enim</strong></span> <span class='ocrx_word' id='word_1_174' title='bbox 911 2563 978 2617; x_wconf 90' lang='lat' dir='ltr'><strong>de</strong></span> <span class='ocrx_word' id='word_1_175' title='bbox 1025 2571 1208 2626; x_wconf 65' lang='lat' dir='ltr'><strong>aetate,</strong></span> <span class='ocrx_word' id='word_1_176' title='bbox 1265 2577 1441 2630; x_wconf 87' lang='lat' dir='ltr'><strong>neque</strong></span> <span class='ocrx_word' id='word_1_177' title='bbox 1496 2561 1565 2616; x_wconf 91' lang='lat' dir='ltr'><strong>de</strong></span> <span class='ocrx_word' id='word_1_178' title='bbox 1599 2559 1776 2631; x_wconf 89' lang='lat' dir='ltr'><strong>patria</strong></span> <span class='ocrx_word' id='word_1_179' title='bbox 1809 2558 2058 2620; x_wconf 82' lang='lat' dir='ltr'><strong>viri,aut</strong></span> 
     </span>
    </p>
   </div>
   <div class='ocr_carea' id='block_1_29' title="bbox 470 2649 2057 2724">
    <p class='ocr_par' dir='ltr' id='par_1_29' title="bbox 470 2649 2057 2724">
     <span class='ocr_line' id='line_1_29' title="bbox 470 2649 2057 2724; baseline -0.003 -16"><span class='ocrx_word' id='word_1_180' title='bbox 470 2655 695 2708; x_wconf 86' lang='lat' dir='ltr'><strong>nomine</strong></span> <span class='ocrx_word' id='word_1_181' title='bbox 754 2653 1051 2724; x_wconf 85' lang='lat' dir='ltr'><strong>quidquam</strong></span> <span class='ocrx_word' id='word_1_182' title='bbox 1109 2655 1286 2709; x_wconf 85' lang='lat' dir='ltr'><strong>habeo</strong></span> <span class='ocrx_word' id='word_1_183' title='bbox 1335 2653 1724 2722; x_wconf 85' lang='lat' dir='ltr'><strong>compertum),</strong></span> <span class='ocrx_word' id='word_1_184' title='bbox 1756 2649 2057 2704; x_wconf 85' lang='lat' dir='ltr'><strong>historicus</strong></span> 
     </span>
    </p>
   </div>
   <div class='ocr_carea' id='block_1_30' title="bbox 473 2737 2056 2812">
    <p class='ocr_par' dir='ltr' id='par_1_30' title="bbox 473 2737 2056 2812">
     <span class='ocr_line' id='line_1_30' title="bbox 473 2737 2056 2812; baseline -0.003 -17"><span class='ocrx_word' id='word_1_185' title='bbox 473 2743 566 2804; x_wconf 86' lang='lat' dir='ltr'><strong>sit,</strong></span> <span class='ocrx_word' id='word_1_186' title='bbox 603 2757 706 2795; x_wconf 88' lang='lat' dir='ltr'><strong>non</strong></span> <span class='ocrx_word' id='word_1_187' title='bbox 757 2743 1019 2811; x_wconf 79' lang='lat' dir='ltr'><strong>tragicus.</strong></span> <span class='ocrx_word' id='word_1_188' title='bbox 1067 2742 1125 2794; x_wconf 91' lang='lat'><strong>&#39;0</strong></span> <span class='ocrx_word' id='word_1_189' title='bbox 1179 2741 1236 2794; x_wconf 76' lang='grc' dir='ltr'>δὲ</span> <span class='ocrx_word' id='word_1_190' title='bbox 1277 2740 1375 2812; x_wconf 80' lang='grc' dir='ltr'><strong>τὴν</strong></span> <span class='ocrx_word' id='word_1_191' title='bbox 1399 2739 1806 2812; x_wconf 80' lang='grc' dir='ltr'>Ἀλκμαιωνίδα</span> <span class='ocrx_word' id='word_1_192' title='bbox 1839 2737 2056 2808; x_wconf 77' lang='grc' dir='ltr'>γράψας</span> 
     </span>
    </p>
   </div>
   <div class='ocr_carea' id='block_1_31' title="bbox 476 2811 2059 2902">
    <p class='ocr_par' dir='ltr' id='par_1_31' title="bbox 476 2811 2059 2902">
     <span class='ocr_line' id='line_1_31' title="bbox 476 2811 2059 2902; baseline -0.003 -18"><span class='ocrx_word' id='word_1_193' title='bbox 476 2833 663 2902; x_wconf 81' lang='lat' dir='ltr'><strong>(verba</strong></span> <span class='ocrx_word' id='word_1_194' title='bbox 695 2843 825 2889; x_wconf 90' lang='lat' dir='ltr'><strong>sunt</strong></span> <span class='ocrx_word' id='word_1_195' title='bbox 862 2831 1149 2889; x_wconf 84' lang='lat' dir='ltr'><strong>Strabonis</strong></span> <span class='ocrx_word' id='word_1_196' title='bbox 1197 2832 1291 2888; x_wconf 87' lang='lat' dir='ltr'><strong>lib.</strong></span> <span class='ocrx_word' id='word_1_197' title='bbox 1343 2833 1397 2900; x_wconf 80' lang='grc' dir='ltr'><strong>ιι)</strong></span> <span class='ocrx_word' id='word_1_198' title='bbox 1434 2811 1670 2902; x_wconf 73' lang='grc' dir='ltr'>Ἰκαρίου</span> <span class='ocrx_word' id='word_1_199' title='bbox 1699 2829 1792 2883; x_wconf 82' lang='grc' dir='ltr'><strong>τοῦ</strong></span> <span class='ocrx_word' id='word_1_200' title='bbox 1821 2827 2059 2899; x_wconf 83' lang='grc' dir='ltr'><strong>Πηνελό-</strong></span> 
     </span>
    </p>
   </div>
   <div class='ocr_carea' id='block_1_32' title="bbox 475 2921 2094 2996">
    <p class='ocr_par' dir='ltr' id='par_1_32' title="bbox 475 2921 2094 2996">
     <span class='ocr_line' id='line_1_32' title="bbox 475 2921 2094 2996; baseline -0.005 -17"><span class='ocrx_word' id='word_1_201' title='bbox 475 2943 584 2995; x_wconf 77' lang='grc' dir='ltr'><strong>πης</strong></span> <span class='ocrx_word' id='word_1_202' title='bbox 614 2926 818 2996; x_wconf 75' lang='grc' dir='ltr'><strong>πατρὸς</strong></span> <span class='ocrx_word' id='word_1_203' title='bbox 855 2927 1004 2991; x_wconf 65' lang='grc' dir='ltr'>υἱοὺς</span> <span class='ocrx_word' id='word_1_204' title='bbox 1037 2923 1292 2992; x_wconf 74' lang='grc' dir='ltr'>γενέσθαι</span> <span class='ocrx_word' id='word_1_205' title='bbox 1318 2923 1432 2986; x_wconf 79' lang='grc' dir='ltr'>δύο,</span> <span class='ocrx_word' id='word_1_206' title='bbox 1467 2921 1693 2986; x_wconf 78' lang='grc' dir='ltr'>Ἀλυζέα</span> <span class='ocrx_word' id='word_1_207' title='bbox 1727 2921 1820 2978; x_wconf 64' lang='grc' dir='ltr'>καὶ</span> <span class='ocrx_word' id='word_1_208' title='bbox 1845 2921 2054 2973; x_wconf 81' lang='grc' dir='ltr'>Λευκά-</span> <span class='ocrx_word' id='word_1_209' title='bbox 2088 2983 2094 2988; x_wconf 91' lang='lat'><strong>_</strong></span> 
     </span>
    </p>
   </div>
   <div class='ocr_carea' id='block_1_33' title="bbox 471 3009 2056 3084">
    <p class='ocr_par' dir='ltr' id='par_1_33' title="bbox 471 3009 2056 3084">
     <span class='ocr_line' id='line_1_33' title="bbox 471 3009 2056 3084; baseline -0.004 -14"><span class='ocrx_word' id='word_1_210' title='bbox 471 3017 616 3070; x_wconf 84' lang='grc' dir='ltr'>διον·</span> <span class='ocrx_word' id='word_1_211' title='bbox 654 3016 1012 3070; x_wconf 77' lang='grc' dir='ltr'>δυναστεῦσαι</span> <span class='ocrx_word' id='word_1_212' title='bbox 1063 3015 1108 3069; x_wconf 84' lang='grc' dir='ltr'>δ’</span> <span class='ocrx_word' id='word_1_213' title='bbox 1163 3015 1222 3069; x_wconf 81' lang='grc' dir='ltr'>ὲν</span> <span class='ocrx_word' id='word_1_214' title='bbox 1264 3012 1595 3084; x_wconf 80' lang='grc' dir='ltr'>Ἀκαρνανίᾳ</span> <span class='ocrx_word' id='word_1_215' title='bbox 1637 3010 1858 3073; x_wconf 75' lang='grc' dir='ltr'>τούτους</span> <span class='ocrx_word' id='word_1_216' title='bbox 1917 3009 2056 3079; x_wconf 82' lang='grc' dir='ltr'><strong>μετά</strong></span> 
     </span>
    </p>
   </div>
   <div class='ocr_carea' id='block_1_34' title="bbox 2155 511 3734 600">
    <p class='ocr_par' dir='ltr' id='par_1_34' title="bbox 2155 511 3734 600">
     <span class='ocr_line' id='line_1_34' title="bbox 2155 511 3734 600; baseline -0.015 -15"><span class='ocrx_word' id='word_1_217' title='bbox 2155 549 2221 587; x_wconf 79' lang='lat' dir='ltr'><strong>ex</strong></span> <span class='ocrx_word' id='word_1_218' title='bbox 2253 528 2532 600; x_wconf 84' lang='lat' dir='ltr'><strong>Euripidis</strong></span> <span class='ocrx_word' id='word_1_219' title='bbox 2585 525 2796 584; x_wconf 77' lang='lat' dir='ltr'><strong>Medea.</strong></span> <span class='ocrx_word' id='word_1_220' title='bbox 2853 536 2976 591; x_wconf 69' lang='lat' dir='ltr'><strong>quae</strong></span> <span class='ocrx_word' id='word_1_221' title='bbox 3039 520 3092 572; x_wconf 87' lang='lat' dir='ltr'><strong>in</strong></span> <span class='ocrx_word' id='word_1_222' title='bbox 3150 527 3392 572; x_wconf 79' lang='lat' dir='ltr'><strong>extrema</strong></span> <span class='ocrx_word' id='word_1_223' title='bbox 3431 511 3612 600; x_wconf 76' lang='lat' dir='ltr'><strong>fabula</strong></span> <span class='ocrx_word' id='word_1_224' title='bbox 3654 512 3734 564; x_wconf 88' lang='lat' dir='ltr'><strong>sic</strong></span> 
     </span>
    </p>
   </div>
   <div class='ocr_carea' id='block_1_35' title="bbox 2155 597 3732 676">
    <p class='ocr_par' dir='ltr' id='par_1_35' title="bbox 2155 597 3732 676">
     <span class='ocr_line' id='line_1_35' title="bbox 2155 597 3732 676; baseline -0.016 0"><span class='ocrx_word' id='word_1_225' title='bbox 2155 621 2339 676; x_wconf 78' lang='lat' dir='ltr'><strong>Jasoni</strong></span> <span class='ocrx_word' id='word_1_226' title='bbox 2371 597 2674 672; x_wconf 78' lang='lat' dir='ltr'><strong>convitium</strong></span> <span class='ocrx_word' id='word_1_227' title='bbox 2700 613 2851 676; x_wconf 89' lang='lat' dir='ltr'><strong>facit,</strong></span> <span class='ocrx_word' id='word_1_228' title='bbox 2875 610 2970 672; x_wconf 83' lang='grc' dir='ltr'>Τίς</span> <span class='ocrx_word' id='word_1_229' title='bbox 2999 608 3056 662; x_wconf 80' lang='grc' dir='ltr'>δὲ</span> <span class='ocrx_word' id='word_1_230' title='bbox 3085 605 3240 660; x_wconf 76' lang='grc' dir='ltr'>κλύει</span> <span class='ocrx_word' id='word_1_231' title='bbox 3279 619 3372 656; x_wconf 87' lang='grc' dir='ltr'>σου</span> <span class='ocrx_word' id='word_1_232' title='bbox 3411 601 3532 663; x_wconf 83' lang='grc' dir='ltr'>θεὸς</span> <span class='ocrx_word' id='word_1_233' title='bbox 3563 598 3597 670; x_wconf 76' lang='grc' dir='ltr'>ἦ</span> <span class='ocrx_word' id='word_1_234' title='bbox 3623 597 3732 652; x_wconf 82' lang='grc' dir='ltr'>δαί-</span> 
     </span>
    </p>
   </div>
   <div class='ocr_carea' id='block_1_36' title="bbox 2159 693 3731 781">
    <p class='ocr_par' dir='ltr' id='par_1_36' title="bbox 2159 693 3731 781">
     <span class='ocr_line' id='line_1_36' title="bbox 2159 693 3731 781; baseline -0.013 -14"><span class='ocrx_word' id='word_1_235' title='bbox 2159 730 2274 781; x_wconf 78' lang='grc' dir='ltr'><strong>μων</strong></span> <span class='ocrx_word' id='word_1_236' title='bbox 2321 710 2416 764; x_wconf 74' lang='grc' dir='ltr'><strong>τοῦ</strong></span> <span class='ocrx_word' id='word_1_237' title='bbox 2463 707 2765 780; x_wconf 73' lang='grc' dir='ltr'>ψευδόρκω</span> <span class='ocrx_word' id='word_1_238' title='bbox 2811 703 2905 758; x_wconf 78' lang='grc' dir='ltr'>καὶ</span> <span class='ocrx_word' id='word_1_239' title='bbox 2943 699 3283 766; x_wconf 72' lang='grc' dir='ltr'>ξεινατιάτας</span> <span class='ocrx_word' id='word_1_240' title='bbox 3335 693 3731 761; x_wconf 73' lang='lat' dir='ltr'><strong>Aristophanes</strong></span> 
     </span>
    </p>
   </div>
   <div class='ocr_carea' id='block_1_37' title="bbox 2157 802 2404 874">
    <p class='ocr_par' dir='ltr' id='par_1_37' title="bbox 2157 802 2404 874">
     <span class='ocr_line' id='line_1_37' title="bbox 2157 802 2404 874; baseline -0.012 -16"><span class='ocrx_word' id='word_1_241' title='bbox 2157 802 2352 874; x_wconf 80' lang='lat' dir='ltr'><strong>Vespis</strong></span> <span class='ocrx_word' id='word_1_242' title='bbox 2388 821 2404 855; x_wconf 92' lang='lat'><strong><em>:</em></strong></span> 
     </span>
    </p>
   </div>
   <div class='ocr_carea' id='block_1_38' title="bbox 2223 897 3692 980">
    <p class='ocr_par' dir='ltr' id='par_1_38' title="bbox 2223 897 3692 980">
     <span class='ocr_line' id='line_1_38' title="bbox 2223 897 3692 980; baseline -0.015 -11"><span class='ocrx_word' id='word_1_243' title='bbox 2223 916 2382 980; x_wconf 81' lang='grc' dir='ltr'><strong>Ειτις</strong></span> <span class='ocrx_word' id='word_1_244' title='bbox 2414 904 2680 980; x_wconf 49' lang='grc' dir='ltr'><strong>ὑμῶνμῖι</strong></span> <span class='ocrx_word' id='word_1_245' title='bbox 2703 904 2924 980; x_wconf 49' lang='grc' dir='ltr'>θεαταί,</span> <span class='ocrx_word' id='word_1_246' title='bbox 2961 902 3074 980; x_wconf 65' lang='grc' dir='ltr'><strong>τὴν</strong></span> <span class='ocrx_word' id='word_1_247' title='bbox 3101 897 3258 980; x_wconf 50' lang='grc' dir='ltr'><strong>ἐμὴν</strong></span> <span class='ocrx_word' id='word_1_248' title='bbox 3297 897 3444 952; x_wconf 71' lang='grc' dir='ltr'><strong>ἰδὼν</strong></span> <span class='ocrx_word' id='word_1_249' title='bbox 3487 897 3692 980; x_wconf 45' lang='lat' dir='ltr'><strong>sedans,</strong></span> 
     </span>
    </p>
   </div>
   <div class='ocr_carea' id='block_1_39' title="bbox 2223 964 3694 1049">
    <p class='ocr_par' dir='ltr' id='par_1_39' title="bbox 2223 964 3694 1049">
     <span class='ocr_line' id='line_1_39' title="bbox 2223 964 3694 1049; baseline -0.014 -12"><span class='ocrx_word' id='word_1_250' title='bbox 2399 964 2676 1049; x_wconf 67' lang='grc' dir='ltr'><strong>όᾶιιμᾶζει</strong></span> <span class='ocrx_word' id='word_1_251' title='bbox 2700 981 2764 1049; x_wconf 61' lang='grc' dir='ltr'><strong>μξ</strong></span> <span class='ocrx_word' id='word_1_252' title='bbox 2793 964 2949 1044; x_wconf 62' lang='grc' dir='ltr'><strong>όρῶι⁴</strong></span> <span class='ocrx_word' id='word_1_253' title='bbox 2967 964 3162 1049; x_wconf 62' lang='grc' dir='ltr'><strong>έιές-οἱο</strong></span> <span class='ocrx_word' id='word_1_254' title='bbox 3189 964 3694 1049; x_wconf 57' lang='grc' dir='ltr'><strong>διεᾳςρηκωμᾴξον,</strong></span> 
     </span>
    </p>
   </div>
   <div class='ocr_carea' id='block_1_40' title="bbox 2228 1036 3678 1120">
    <p class='ocr_par' dir='ltr' id='par_1_40' title="bbox 2228 1036 3678 1120">
     <span class='ocr_line' id='line_1_40' title="bbox 2228 1036 3678 1120; baseline -0.016 -12"><span class='ocrx_word' id='word_1_255' title='bbox 2228 1036 2576 1120; x_wconf 13' lang='grc' dir='ltr'><strong>Ἦὲινς-ήμῶν</strong></span> <span class='ocrx_word' id='word_1_256' title='bbox 2607 1036 2657 1120; x_wconf 59' lang='grc' dir='ltr'><strong>ἢ</strong></span> <span class='ocrx_word' id='word_1_257' title='bbox 2680 1036 2900 1120; x_wconf 37' lang='lat' dir='ltr'><strong>ideo“;</strong></span> <span class='ocrx_word' id='word_1_258' title='bbox 2922 1036 3111 1120; x_wconf 57' lang='grc' dir='ltr'><strong>τῇσδξ</strong></span> <span class='ocrx_word' id='word_1_259' title='bbox 3143 1039 3253 1107; x_wconf 83' lang='grc' dir='ltr'><strong>τῆς</strong></span> <span class='ocrx_word' id='word_1_260' title='bbox 3283 1036 3678 1120; x_wconf 33' lang='lat' dir='ltr'><strong>emergam,“</strong></span> 
     </span>
    </p>
   </div>
   <div class='ocr_carea' id='block_1_41' title="bbox 2242 1102 3682 1192">
    <p class='ocr_par' dir='ltr' id='par_1_41' title="bbox 2242 1102 3682 1192">
     <span class='ocr_line' id='line_1_41' title="bbox 2242 1102 3682 1192; baseline -0.016 -13"><span class='ocrx_word' id='word_1_261' title='bbox 2632 1102 2874 1180; x_wconf 79' lang='grc' dir='ltr'>διδάξω,</span> <span class='ocrx_word' id='word_1_262' title='bbox 2911 1102 3028 1166; x_wconf 69' lang='grc' dir='ltr'><strong>κᾶν</strong></span> <span class='ocrx_word' id='word_1_263' title='bbox 3057 1102 3334 1180; x_wconf 67' lang='grc' dir='ltr'><strong>ἇμοιίάοςί</strong></span> <span class='ocrx_word' id='word_1_264' title='bbox 3359 1102 3400 1178; x_wconf 81' lang='grc' dir='ltr'><em>ᾖ</em></span> <span class='ocrx_word' id='word_1_265' title='bbox 3429 1102 3500 1159; x_wconf 81' lang='grc' dir='ltr'><em>τὸ</em></span> <span class='ocrx_word' id='word_1_266' title='bbox 3525 1106 3682 1172; x_wconf 75' lang='grc' dir='ltr'>πρίν.</span> 
     </span>
    </p>
   </div>
   <div class='ocr_carea' id='block_1_42' title="bbox 2161 1217 3731 1295">
    <p class='ocr_par' dir='ltr' id='par_1_42' title="bbox 2161 1217 3731 1295">
     <span class='ocr_line' id='line_1_42' title="bbox 2161 1217 3731 1295; baseline -0.018 0"><span class='ocrx_word' id='word_1_267' title='bbox 2161 1224 2502 1295; x_wconf 84' lang='lat' dir='ltr'><strong>Scholiastes</strong></span> <span class='ocrx_word' id='word_1_268' title='bbox 2537 1231 2762 1286; x_wconf 87' lang='lat' dir='ltr'><strong>adnotat</strong></span> <span class='ocrx_word' id='word_1_269' title='bbox 2818 1226 2885 1282; x_wconf 85' lang='lat' dir='ltr'><strong>ad</strong></span> <span class='ocrx_word' id='word_1_270' title='bbox 2940 1237 3156 1279; x_wconf 86' lang='lat' dir='ltr'><strong>versum</strong></span> <span class='ocrx_word' id='word_1_271' title='bbox 3210 1218 3621 1276; x_wconf 86' lang='lat' dir='ltr'><strong>novissimum:</strong></span> <span class='ocrx_word' id='word_1_272' title='bbox 3677 1217 3731 1269; x_wconf 87' lang='lat'><strong>&#39;0</strong></span> 
     </span>
    </p>
   </div>
   <div class='ocr_carea' id='block_1_43' title="bbox 2158 1308 3728 1401">
    <p class='ocr_par' dir='ltr' id='par_1_43' title="bbox 2158 1308 3728 1401">
     <span class='ocr_line' id='line_1_43' title="bbox 2158 1308 3728 1401; baseline -0.018 -17"><span class='ocrx_word' id='word_1_273' title='bbox 2158 1329 2339 1401; x_wconf 84' lang='grc' dir='ltr'>στίχος</span> <span class='ocrx_word' id='word_1_274' title='bbox 2373 1329 2436 1380; x_wconf 77' lang='grc' dir='ltr'>ἐκ</span> <span class='ocrx_word' id='word_1_275' title='bbox 2489 1320 2812 1382; x_wconf 77' lang='grc' dir='ltr'>Σθενεϐοίας</span> <span class='ocrx_word' id='word_1_276' title='bbox 2839 1313 3156 1389; x_wconf 80' lang='grc' dir='ltr'><strong>Εὐριπίδου.</strong></span> <span class='ocrx_word' id='word_1_277' title='bbox 3215 1310 3362 1364; x_wconf 86' lang='lat' dir='ltr'><strong>Bene</strong></span> <span class='ocrx_word' id='word_1_278' title='bbox 3385 1309 3473 1377; x_wconf 84' lang='lat' dir='ltr'><strong>pol</strong></span> <span class='ocrx_word' id='word_1_279' title='bbox 3507 1308 3728 1366; x_wconf 84' lang='lat' dir='ltr'><strong>factum,</strong></span> 
     </span>
    </p>
   </div>
   <div class='ocr_carea' id='block_1_44' title="bbox 2157 1398 3728 1494">
    <p class='ocr_par' dir='ltr' id='par_1_44' title="bbox 2157 1398 3728 1494">
     <span class='ocr_line' id='line_1_44' title="bbox 2157 1398 3728 1494; baseline -0.018 -18"><span class='ocrx_word' id='word_1_280' title='bbox 2157 1398 2302 1494; x_wconf 78' lang='lat' dir='ltr'><strong>quod</strong></span> <span class='ocrx_word' id='word_1_281' title='bbox 2353 1433 2454 1474; x_wconf 92' lang='lat' dir='ltr'><strong>nos</strong></span> <span class='ocrx_word' id='word_1_282' title='bbox 2506 1413 2792 1474; x_wconf 90' lang='lat' dir='ltr'><strong>docuerit,</strong></span> <span class='ocrx_word' id='word_1_283' title='bbox 2837 1408 2980 1464; x_wconf 79' lang='lat' dir='ltr'><strong>unde</strong></span> <span class='ocrx_word' id='word_1_284' title='bbox 3030 1405 3260 1460; x_wconf 89' lang='lat' dir='ltr'><strong>tralatus</strong></span> <span class='ocrx_word' id='word_1_285' title='bbox 3288 1401 3362 1456; x_wconf 86' lang='lat' dir='ltr'><strong>sit</strong></span> <span class='ocrx_word' id='word_1_286' title='bbox 3406 1400 3494 1453; x_wconf 89' lang='lat' dir='ltr'><strong>hic</strong></span> <span class='ocrx_word' id='word_1_287' title='bbox 3529 1398 3728 1467; x_wconf 77' lang='grc' dir='ltr'>στίχος,</span> 
     </span>
    </p>
   </div>
   <div class='ocr_carea' id='block_1_45' title="bbox 2157 1491 3729 1584">
    <p class='ocr_par' dir='ltr' id='par_1_45' title="bbox 2157 1491 3729 1584">
     <span class='ocr_line' id='line_1_45' title="bbox 2157 1491 3729 1584; baseline -0.018 -17"><span class='ocrx_word' id='word_1_288' title='bbox 2157 1491 2303 1584; x_wconf 80' lang='lat' dir='ltr'><strong>quod</strong></span> <span class='ocrx_word' id='word_1_289' title='bbox 2358 1507 2578 1582; x_wconf 88' lang='lat' dir='ltr'><strong>quidem</strong></span> <span class='ocrx_word' id='word_1_290' title='bbox 2621 1505 2759 1560; x_wconf 91' lang='lat' dir='ltr'><strong>alias</strong></span> <span class='ocrx_word' id='word_1_291' title='bbox 2794 1501 3159 1558; x_wconf 85' lang='lat' dir='ltr'><strong>nesciremus.</strong></span> <span class='ocrx_word' id='word_1_292' title='bbox 3223 1495 3406 1562; x_wconf 82' lang='lat' dir='ltr'><strong>Atque</strong></span> <span class='ocrx_word' id='word_1_293' title='bbox 3459 1507 3521 1548; x_wconf 85' lang='lat' dir='ltr'><strong>ea</strong></span> <span class='ocrx_word' id='word_1_294' title='bbox 3561 1491 3729 1560; x_wconf 79' lang='lat' dir='ltr'><strong>gratia</strong></span> 
     </span>
    </p>
   </div>
   <div class='ocr_carea' id='block_1_46' title="bbox 2159 1585 3732 1672">
    <p class='ocr_par' dir='ltr' id='par_1_46' title="bbox 2159 1585 3732 1672">
     <span class='ocr_line' id='line_1_46' title="bbox 2159 1585 3732 1672; baseline -0.017 -12"><span class='ocrx_word' id='word_1_295' title='bbox 2159 1621 2266 1660; x_wconf 93' lang='lat' dir='ltr'><strong>non</strong></span> <span class='ocrx_word' id='word_1_296' title='bbox 2300 1604 2414 1657; x_wconf 86' lang='lat' dir='ltr'><strong>leve</strong></span> <span class='ocrx_word' id='word_1_297' title='bbox 2452 1606 2736 1672; x_wconf 90' lang='lat' dir='ltr'><strong>peccatum</strong></span> <span class='ocrx_word' id='word_1_298' title='bbox 2766 1595 2816 1650; x_wconf 90' lang='lat' dir='ltr'><strong>ei</strong></span> <span class='ocrx_word' id='word_1_299' title='bbox 2845 1588 3274 1648; x_wconf 87' lang='lat' dir='ltr'><strong>condonabitur.</strong></span> <span class='ocrx_word' id='word_1_300' title='bbox 3309 1585 3600 1638; x_wconf 83' lang='lat' dir='ltr'><strong>Enimvero</strong></span> <span class='ocrx_word' id='word_1_301' title='bbox 3627 1597 3732 1635; x_wconf 89' lang='lat' dir='ltr'><strong>non</strong></span> 
     </span>
    </p>
   </div>
   <div class='ocr_carea' id='block_1_47' title="bbox 2159 1677 3731 1757">
    <p class='ocr_par' dir='ltr' id='par_1_47' title="bbox 2159 1677 3731 1757">
     <span class='ocr_line' id='line_1_47' title="bbox 2159 1677 3731 1757; baseline -0.017 -5"><span class='ocrx_word' id='word_1_302' title='bbox 2159 1703 2306 1752; x_wconf 81' lang='lat' dir='ltr'><strong>totus</strong></span> <span class='ocrx_word' id='word_1_303' title='bbox 2335 1707 2548 1757; x_wconf 81' lang='lat' dir='ltr'><strong>versus,</strong></span> <span class='ocrx_word' id='word_1_304' title='bbox 2577 1697 2636 1743; x_wconf 94' lang='lat' dir='ltr'><strong>ut</strong></span> <span class='ocrx_word' id='word_1_305' title='bbox 2675 1687 2768 1742; x_wconf 89' lang='lat' dir='ltr'><strong>ille</strong></span> <span class='ocrx_word' id='word_1_306' title='bbox 2817 1681 3176 1743; x_wconf 78' lang='lat' dir='ltr'><strong>existimavit,</strong></span> <span class='ocrx_word' id='word_1_307' title='bbox 3205 1677 3300 1732; x_wconf 89' lang='lat' dir='ltr'><strong>sed</strong></span> <span class='ocrx_word' id='word_1_308' title='bbox 3328 1691 3455 1746; x_wconf 87' lang='lat' dir='ltr'><strong>pars</strong></span> <span class='ocrx_word' id='word_1_309' title='bbox 3487 1682 3731 1728; x_wconf 86' lang='lat' dir='ltr'><strong>tantum-</strong></span> 
     </span>
    </p>
   </div>
   <div class='ocr_carea' id='block_1_48' title="bbox 2084 1765 3732 1856">
    <p class='ocr_par' dir='ltr' id='par_1_48' title="bbox 2084 1765 3732 1856">
     <span class='ocr_line' id='line_1_48' title="bbox 2084 1765 3732 1856; baseline -0.017 -10"><span class='ocrx_word' id='word_1_310' title='bbox 2084 1790 2130 1846; x_wconf 84' lang='grc' dir='ltr'><strong>Β</strong></span> <span class='ocrx_word' id='word_1_311' title='bbox 2160 1787 2322 1842; x_wconf 87' lang='lat' dir='ltr'><strong>modo</strong></span> <span class='ocrx_word' id='word_1_312' title='bbox 2353 1781 2624 1856; x_wconf 89' lang='lat' dir='ltr'><strong>posterior</strong></span> <span class='ocrx_word' id='word_1_313' title='bbox 2670 1794 2738 1834; x_wconf 80' lang='lat' dir='ltr'><strong>ex</strong></span> <span class='ocrx_word' id='word_1_314' title='bbox 2771 1772 3032 1844; x_wconf 87' lang='lat' dir='ltr'><strong>Euripide</strong></span> <span class='ocrx_word' id='word_1_315' title='bbox 3063 1779 3167 1826; x_wconf 89' lang='lat' dir='ltr'><strong>est.</strong></span> <span class='ocrx_word' id='word_1_316' title='bbox 3201 1766 3337 1822; x_wconf 84' lang='lat' dir='ltr'><strong>Nam</strong></span> <span class='ocrx_word' id='word_1_317' title='bbox 3374 1766 3430 1820; x_wconf 89' lang='lat' dir='ltr'><strong>in</strong></span> <span class='ocrx_word' id='word_1_318' title='bbox 3456 1765 3544 1818; x_wconf 91' lang='lat' dir='ltr'><strong>his</strong></span> <span class='ocrx_word' id='word_1_319' title='bbox 3573 1765 3732 1818; x_wconf 87' lang='lat' dir='ltr'><strong>rebus</strong></span> 
     </span>
    </p>
   </div>
   <div class='ocr_carea' id='block_1_49' title="bbox 2156 1856 3729 1935">
    <p class='ocr_par' dir='ltr' id='par_1_49' title="bbox 2156 1856 3729 1935">
     <span class='ocr_line' id='line_1_49' title="bbox 2156 1856 3729 1935; baseline -0.016 -2"><span class='ocrx_word' id='word_1_320' title='bbox 2156 1879 2319 1935; x_wconf 85' lang='lat' dir='ltr'><strong>verba</strong></span> <span class='ocrx_word' id='word_1_321' title='bbox 2377 1875 2514 1930; x_wconf 88' lang='lat' dir='ltr'><strong>mihi</strong></span> <span class='ocrx_word' id='word_1_322' title='bbox 2563 1871 2684 1927; x_wconf 87' lang='lat' dir='ltr'><strong>dari</strong></span> <span class='ocrx_word' id='word_1_323' title='bbox 2739 1867 2886 1924; x_wconf 90' lang='lat' dir='ltr'><strong>haud</strong></span> <span class='ocrx_word' id='word_1_324' title='bbox 2916 1865 3075 1920; x_wconf 79' lang='lat' dir='ltr'><strong>facile</strong></span> <span class='ocrx_word' id='word_1_325' title='bbox 3109 1861 3312 1932; x_wconf 90' lang='lat' dir='ltr'><strong>patior,</strong></span> <span class='ocrx_word' id='word_1_326' title='bbox 3345 1857 3463 1928; x_wconf 90' lang='lat' dir='ltr'><strong>qui,</strong></span> <span class='ocrx_word' id='word_1_327' title='bbox 3503 1864 3563 1910; x_wconf 88' lang='lat' dir='ltr'><strong>ut</strong></span> <span class='ocrx_word' id='word_1_328' title='bbox 3604 1856 3729 1918; x_wconf 79' lang='lat' dir='ltr'><strong>scis,</strong></span> 
     </span>
    </p>
   </div>
   <div class='ocr_carea' id='block_1_50' title="bbox 2155 1946 3730 2040">
    <p class='ocr_par' dir='ltr' id='par_1_50' title="bbox 2155 1946 3730 2040">
     <span class='ocr_line' id='line_1_50' title="bbox 2155 1946 3730 2040; baseline -0.017 -16"><span class='ocrx_word' id='word_1_329' title='bbox 2155 1969 2486 2040; x_wconf 78' lang='lat' dir='ltr'><strong>Fragmenta</strong></span> <span class='ocrx_word' id='word_1_330' title='bbox 2511 1963 2755 2019; x_wconf 90' lang='lat' dir='ltr'><strong>omnium</strong></span> <span class='ocrx_word' id='word_1_331' title='bbox 2791 1964 3075 2029; x_wconf 88' lang='lat' dir='ltr'><strong>poetarum</strong></span> <span class='ocrx_word' id='word_1_332' title='bbox 3105 1953 3423 2008; x_wconf 81' lang='lat' dir='ltr'><strong>Graecorum</strong></span> <span class='ocrx_word' id='word_1_333' title='bbox 3459 1946 3576 2020; x_wconf 61' lang='lat' dir='ltr'><strong>[Si]</strong></span> <span class='ocrx_word' id='word_1_334' title='bbox 3611 1961 3730 2000; x_wconf 85' lang='lat' dir='ltr'><strong>cum</strong></span> 
     </span>
    </p>
   </div>
   <div class='ocr_carea' id='block_1_51' title="bbox 2157 2039 3733 2120">
    <p class='ocr_par' dir='ltr' id='par_1_51' title="bbox 2157 2039 3733 2120">
     <span class='ocr_line' id='line_1_51' title="bbox 2157 2039 3733 2120; baseline -0.016 -3"><span class='ocrx_word' id='word_1_335' title='bbox 2157 2039 2636 2117; x_wconf 85' lang='lat' dir='ltr'><strong>emendatiouihus</strong></span> <span class='ocrx_word' id='word_1_336' title='bbox 2668 2061 2724 2108; x_wconf 91' lang='lat' dir='ltr'><strong>et</strong></span> <span class='ocrx_word' id='word_1_337' title='bbox 2751 2051 2895 2106; x_wconf 89' lang='lat' dir='ltr'><strong>notis</strong></span> <span class='ocrx_word' id='word_1_338' title='bbox 2927 2045 3136 2120; x_wconf 81' lang='lat' dir='ltr'><strong>grande</strong></span> <span class='ocrx_word' id='word_1_339' title='bbox 3183 2057 3322 2113; x_wconf 90' lang='lat' dir='ltr'><strong>opus</strong></span> <span class='ocrx_word' id='word_1_340' title='bbox 3347 2040 3512 2096; x_wconf 90' lang='lat' dir='ltr'><strong>edere</strong></span> <span class='ocrx_word' id='word_1_341' title='bbox 3536 2039 3733 2093; x_wconf 82' lang='lat' dir='ltr'><strong>consti-</strong></span> 
     </span>
    </p>
   </div>
   <div class='ocr_carea' id='block_1_52' title="bbox 2157 2131 3728 2222">
    <p class='ocr_par' dir='ltr' id='par_1_52' title="bbox 2157 2131 3728 2222">
     <span class='ocr_line' id='line_1_52' title="bbox 2157 2131 3728 2222; baseline -0.017 -13"><span class='ocrx_word' id='word_1_342' title='bbox 2157 2166 2368 2209; x_wconf 89' lang='lat' dir='ltr'><strong>tueram</strong></span> <span class='ocrx_word' id='word_1_343' title='bbox 2405 2167 2419 2204; x_wconf 90' lang='lat'><strong>:</strong></span> <span class='ocrx_word' id='word_1_344' title='bbox 2454 2164 2623 2212; x_wconf 90' lang='lat' dir='ltr'><strong>nunc,</strong></span> <span class='ocrx_word' id='word_1_345' title='bbox 2655 2156 2718 2200; x_wconf 91' lang='lat' dir='ltr'><strong>ut</strong></span> <span class='ocrx_word' id='word_1_346' title='bbox 2745 2145 2924 2222; x_wconf 66' lang='lat' dir='ltr'><strong>aiunt,</strong></span> <span class='ocrx_word' id='word_1_347' title='bbox 2973 2139 3165 2202; x_wconf 82' lang='grc' dir='ltr'>Ἀλλος</span> <span class='ocrx_word' id='word_1_348' title='bbox 3195 2137 3329 2208; x_wconf 83' lang='grc' dir='ltr'>βίος,</span> <span class='ocrx_word' id='word_1_349' title='bbox 3359 2135 3496 2205; x_wconf 80' lang='grc' dir='ltr'>ἄλλη</span> <span class='ocrx_word' id='word_1_350' title='bbox 3531 2131 3728 2186; x_wconf 81' lang='grc' dir='ltr'>δίαιτα.</span> 
     </span>
    </p>
   </div>
   <div class='ocr_carea' id='block_1_53' title="bbox 2157 2229 3096 2308">
    <p class='ocr_par' dir='ltr' id='par_1_53' title="bbox 2157 2229 3096 2308">
     <span class='ocr_line' id='line_1_53' title="bbox 2157 2229 3096 2308; baseline -0.014 -12"><span class='ocrx_word' id='word_1_351' title='bbox 2157 2241 2484 2296; x_wconf 87' lang='lat' dir='ltr'><strong>Plutarchus</strong></span> <span class='ocrx_word' id='word_1_352' title='bbox 2505 2231 2906 2308; x_wconf 82' lang='grc' dir='ltr'><strong>Συμποσιακῶν</strong></span> <span class='ocrx_word' id='word_1_353' title='bbox 2941 2230 2996 2297; x_wconf 81' lang='grc'>1,</span> <span class='ocrx_word' id='word_1_354' title='bbox 3033 2229 3096 2284; x_wconf 75' lang='grc'>5.</span> 
     </span>
    </p>
   </div>
   <div class='ocr_carea' id='block_1_54' title="bbox 2227 2334 3518 2418">
    <p class='ocr_par' dir='ltr' id='par_1_54' title="bbox 2227 2334 3518 2418">
     <span class='ocr_line' id='line_1_54' title="bbox 2227 2334 3518 2418; baseline -0.017 -10"><span class='ocrx_word' id='word_1_355' title='bbox 2227 2351 2362 2418; x_wconf 85' lang='grc' dir='ltr'><strong>Πῶς</strong></span> <span class='ocrx_word' id='word_1_356' title='bbox 2389 2341 2615 2418; x_wconf 59' lang='lat' dir='ltr'><strong>simiam</strong></span> <span class='ocrx_word' id='word_1_357' title='bbox 2643 2347 2712 2400; x_wconf 82' lang='grc' dir='ltr'><strong>τὸ</strong></span> <span class='ocrx_word' id='word_1_358' title='bbox 2741 2385 2759 2400; x_wconf 93' lang='grc'><strong>.</strong></span> <span class='ocrx_word' id='word_1_359' title='bbox 2790 2385 2818 2418; x_wconf 45' lang='grc' dir='ltr'>ε</span> <span class='ocrx_word' id='word_1_360' title='bbox 2829 2387 2846 2400; x_wconf 91' lang='grc'><strong>.</strong></span> <span class='ocrx_word' id='word_1_361' title='bbox 2874 2385 2888 2398; x_wconf 95' lang='grc'><strong>.</strong></span> <span class='ocrx_word' id='word_1_362' title='bbox 2909 2385 2944 2418; x_wconf 86' lang='lat'><strong>_.</strong></span> <span class='ocrx_word' id='word_1_363' title='bbox 2975 2335 3376 2418; x_wconf 52' lang='grc' dir='ltr'><strong>Μουσνιιειῖιιίχδο</strong></span> <span class='ocrx_word' id='word_1_364' title='bbox 3402 2334 3518 2418; x_wconf 77' lang='grc' dir='ltr'>ἄρα</span> 
     </span>
    </p>
   </div>
   <div class='ocr_carea' id='block_1_55' title="bbox 2233 2404 3522 2491">
    <p class='ocr_par' dir='ltr' id='par_1_55' title="bbox 2233 2404 3522 2491">
     <span class='ocr_line' id='line_1_55' title="bbox 2233 2404 3522 2491; baseline 0.028 -17"><span class='ocrx_word' id='word_1_365' title='bbox 2233 2404 2422 2491; x_wconf 57' lang='grc' dir='ltr'><strong>ἧὲρῖυξ</strong></span> <span class='ocrx_word' id='word_1_366' title='bbox 2438 2404 2731 2483; x_wconf 75' lang='grc' dir='ltr'>διδάσκει,</span> <span class='ocrx_word' id='word_1_367' title='bbox 2751 2413 2867 2470; x_wconf 77' lang='grc' dir='ltr'><strong>κᾶν</strong></span> <span class='ocrx_word' id='word_1_368' title='bbox 2893 2413 3160 2483; x_wconf 69' lang='grc' dir='ltr'><strong>ἄμουσος</strong></span> <span class='ocrx_word' id='word_1_369' title='bbox 3182 2404 3223 2482; x_wconf 72' lang='grc' dir='ltr'><em>ᾗ</em></span> <span class='ocrx_word' id='word_1_370' title='bbox 3241 2404 3320 2461; x_wconf 12' lang='grc' dir='ltr'><strong>«τὸ</strong></span> <span class='ocrx_word' id='word_1_371' title='bbox 3349 2407 3522 2475; x_wconf 65' lang='grc' dir='ltr'><strong>πρίν’</strong></span> 
     </span>
    </p>
   </div>
   <div class='ocr_carea' id='block_1_56' title="bbox 2158 2514 3732 2604">
    <p class='ocr_par' dir='ltr' id='par_1_56' title="bbox 2158 2514 3732 2604">
     <span class='ocr_line' id='line_1_56' title="bbox 2158 2514 3732 2604; baseline -0.016 -13"><span class='ocrx_word' id='word_1_372' title='bbox 2158 2535 2329 2602; x_wconf 84' lang='lat' dir='ltr'><strong>Quem</strong></span> <span class='ocrx_word' id='word_1_373' title='bbox 2363 2548 2464 2604; x_wconf 84' lang='lat' dir='ltr'><strong>ego</strong></span> <span class='ocrx_word' id='word_1_374' title='bbox 2495 2531 2675 2586; x_wconf 91' lang='lat' dir='ltr'><strong>locum</strong></span> <span class='ocrx_word' id='word_1_375' title='bbox 2725 2527 2992 2590; x_wconf 89' lang='lat' dir='ltr'><strong>admiror,</strong></span> <span class='ocrx_word' id='word_1_376' title='bbox 3023 2538 3148 2578; x_wconf 91' lang='lat' dir='ltr'><strong>cum</strong></span> <span class='ocrx_word' id='word_1_377' title='bbox 3181 2521 3302 2578; x_wconf 89' lang='lat' dir='ltr'><strong>sine</strong></span> <span class='ocrx_word' id='word_1_378' title='bbox 3343 2517 3512 2573; x_wconf 88' lang='lat' dir='ltr'><strong>dubio</strong></span> <span class='ocrx_word' id='word_1_379' title='bbox 3539 2514 3732 2585; x_wconf 69' lang='grc' dir='ltr'>ἀερω-</span> 
     </span>
    </p>
   </div>
   <div class='ocr_carea' id='block_1_57' title="bbox 2157 2607 3728 2689">
    <p class='ocr_par' dir='ltr' id='par_1_57' title="bbox 2157 2607 3728 2689">
     <span class='ocr_line' id='line_1_57' title="bbox 2157 2607 3728 2689; baseline -0.015 -8"><span class='ocrx_word' id='word_1_380' title='bbox 2157 2635 2316 2681; x_wconf 84' lang='lat' dir='ltr'><strong>vatus</strong></span> <span class='ocrx_word' id='word_1_381' title='bbox 2343 2625 2434 2687; x_wconf 90' lang='lat' dir='ltr'><strong>sit,</strong></span> <span class='ocrx_word' id='word_1_382' title='bbox 2469 2621 2672 2678; x_wconf 88' lang='lat' dir='ltr'><strong>nemini</strong></span> <span class='ocrx_word' id='word_1_383' title='bbox 2704 2633 2948 2689; x_wconf 86' lang='lat' dir='ltr'><strong>unquam</strong></span> <span class='ocrx_word' id='word_1_384' title='bbox 2992 2616 3049 2670; x_wconf 90' lang='lat' dir='ltr'><strong>in</strong></span> <span class='ocrx_word' id='word_1_385' title='bbox 3091 2611 3465 2683; x_wconf 86' lang='lat' dir='ltr'><strong>suspicionem</strong></span> <span class='ocrx_word' id='word_1_386' title='bbox 3497 2607 3728 2662; x_wconf 76' lang='lat' dir='ltr'><strong>venisse.</strong></span> 
     </span>
    </p>
   </div>
   <div class='ocr_carea' id='block_1_58' title="bbox 2157 2695 3734 2781">
    <p class='ocr_par' dir='ltr' id='par_1_58' title="bbox 2157 2695 3734 2781">
     <span class='ocr_line' id='line_1_58' title="bbox 2157 2695 3734 2781; baseline -0.015 -9"><span class='ocrx_word' id='word_1_387' title='bbox 2157 2717 2236 2772; x_wconf 92' lang='lat' dir='ltr'><strong>lta</strong></span> <span class='ocrx_word' id='word_1_388' title='bbox 2257 2715 2536 2778; x_wconf 80' lang='lat' dir='ltr'><strong>exhibent,</strong></span> <span class='ocrx_word' id='word_1_389' title='bbox 2561 2721 2620 2767; x_wconf 94' lang='lat' dir='ltr'><strong>ut</strong></span> <span class='ocrx_word' id='word_1_390' title='bbox 2647 2711 2810 2781; x_wconf 86' lang='lat' dir='ltr'><strong>vulgo</strong></span> <span class='ocrx_word' id='word_1_391' title='bbox 2842 2707 3056 2779; x_wconf 84' lang='lat' dir='ltr'><strong>legitur,</strong></span> <span class='ocrx_word' id='word_1_392' title='bbox 3089 2703 3352 2758; x_wconf 86' lang='lat' dir='ltr'><strong>Erasmus</strong></span> <span class='ocrx_word' id='word_1_393' title='bbox 3382 2696 3572 2754; x_wconf 79' lang='lat' dir='ltr'><strong>etJos.</strong></span> <span class='ocrx_word' id='word_1_394' title='bbox 3604 2695 3734 2750; x_wconf 89' lang='lat' dir='ltr'><strong>Sca-</strong></span> 
     </span>
    </p>
   </div>
   <div class='ocr_carea' id='block_1_59' title="bbox 2153 2787 3732 2878">
    <p class='ocr_par' dir='ltr' id='par_1_59' title="bbox 2153 2787 3732 2878">
     <span class='ocr_line' id='line_1_59' title="bbox 2153 2787 3732 2878; baseline -0.015 -12"><span class='ocrx_word' id='word_1_395' title='bbox 2153 2807 2289 2878; x_wconf 88' lang='lat' dir='ltr'><strong>liger</strong></span> <span class='ocrx_word' id='word_1_396' title='bbox 2316 2807 2374 2860; x_wconf 88' lang='lat' dir='ltr'><strong>in</strong></span> <span class='ocrx_word' id='word_1_397' title='bbox 2405 2803 2752 2867; x_wconf 87' lang='lat' dir='ltr'><strong>Proverbiis;</strong></span> <span class='ocrx_word' id='word_1_398' title='bbox 2781 2801 2856 2854; x_wconf 85' lang='lat' dir='ltr'><strong>ita</strong></span> <span class='ocrx_word' id='word_1_399' title='bbox 2881 2797 3106 2852; x_wconf 77' lang='lat' dir='ltr'><strong>Grotius</strong></span> <span class='ocrx_word' id='word_1_400' title='bbox 3139 2795 3196 2850; x_wconf 90' lang='lat' dir='ltr'><strong>in</strong></span> <span class='ocrx_word' id='word_1_401' title='bbox 3217 2791 3530 2860; x_wconf 84' lang='lat' dir='ltr'><strong>Excerptis.</strong></span> <span class='ocrx_word' id='word_1_402' title='bbox 3587 2787 3732 2866; x_wconf 43' lang='lat' dir='ltr'><strong>.Spes</strong></span> 
     </span>
    </p>
   </div>
   <div class='ocr_carea' id='block_1_60' title="bbox 2156 2887 3730 2962">
    <p class='ocr_par' dir='ltr' id='par_1_60' title="bbox 2156 2887 3730 2962">
     <span class='ocr_line' id='line_1_60' title="bbox 2156 2887 3730 2962; baseline -0.015 -6"><span class='ocrx_word' id='word_1_403' title='bbox 2156 2909 2336 2956; x_wconf 84' lang='lat' dir='ltr'><strong>tamen</strong></span> <span class='ocrx_word' id='word_1_404' title='bbox 2393 2903 2500 2961; x_wconf 87' lang='lat' dir='ltr'><strong>est,</strong></span> <span class='ocrx_word' id='word_1_405' title='bbox 2536 2901 2597 2948; x_wconf 91' lang='lat' dir='ltr'><strong>ut</strong></span> <span class='ocrx_word' id='word_1_406' title='bbox 2627 2907 2774 2948; x_wconf 85' lang='lat' dir='ltr'><strong>nunc</strong></span> <span class='ocrx_word' id='word_1_407' title='bbox 2798 2892 2911 2962; x_wconf 85' lang='lat' dir='ltr'><strong>jam</strong></span> <span class='ocrx_word' id='word_1_408' title='bbox 2939 2889 3140 2945; x_wconf 88' lang='lat' dir='ltr'><strong>dehinc</strong></span> <span class='ocrx_word' id='word_1_409' title='bbox 3161 2894 3270 2940; x_wconf 87' lang='lat' dir='ltr'><strong>tam</strong></span> <span class='ocrx_word' id='word_1_410' title='bbox 3299 2892 3459 2954; x_wconf 88' lang='lat' dir='ltr'><strong>turpe</strong></span> <span class='ocrx_word' id='word_1_411' title='bbox 3489 2887 3730 2937; x_wconf 85' lang='lat' dir='ltr'><strong>erratum</strong></span> 
     </span>
    </p>
   </div>
   <div class='ocr_carea' id='block_1_61' title="bbox 2153 2971 3733 3045">
    <p class='ocr_par' dir='ltr' id='par_1_61' title="bbox 2153 2971 3733 3045">
     <span class='ocr_line' id='line_1_61' title="bbox 2153 2971 3733 3045; baseline -0.014 0"><span class='ocrx_word' id='word_1_412' title='bbox 2153 3005 2220 3045; x_wconf 81' lang='lat' dir='ltr'><strong>ex</strong></span> <span class='ocrx_word' id='word_1_413' title='bbox 2269 2989 2422 3044; x_wconf 87' lang='lat' dir='ltr'><strong>libris</strong></span> <span class='ocrx_word' id='word_1_414' title='bbox 2451 2995 2506 3043; x_wconf 89' lang='lat' dir='ltr'><strong>et</strong></span> <span class='ocrx_word' id='word_1_415' title='bbox 2539 2985 2807 3042; x_wconf 80' lang='lat' dir='ltr'><strong>memoria</strong></span> <span class='ocrx_word' id='word_1_416' title='bbox 2863 2981 3150 3036; x_wconf 84' lang='lat' dir='ltr'><strong>hominum</strong></span> <span class='ocrx_word' id='word_1_417' title='bbox 3192 2975 3498 3032; x_wconf 76' lang='lat' dir='ltr'><strong>auferatur.</strong></span> <span class='ocrx_word' id='word_1_418' title='bbox 3531 2971 3733 3042; x_wconf 80' lang='lat' dir='ltr'><strong>Legem</strong></span> 
     </span>
    </p>
   </div>
   <div class='ocr_carea' id='block_1_62' title="bbox 473 3068 2071 3177">
    <p class='ocr_par' dir='ltr' id='par_1_62' title="bbox 473 3068 2047 3177">
     <span class='ocr_line' id='line_1_62' title="bbox 473 3068 2047 3177; baseline -0.003 -17"><span class='ocrx_word' id='word_1_419' title='bbox 473 3107 568 3162; x_wconf 79' lang='grc' dir='ltr'><strong>τοῦ</strong></span> <span class='ocrx_word' id='word_1_420' title='bbox 598 3107 824 3177; x_wconf 78' lang='grc' dir='ltr'>πατρός.</span> <span class='ocrx_word' id='word_1_421' title='bbox 849 3106 915 3164; x_wconf 82' lang='lat' dir='ltr'><strong>Et</strong></span> <span class='ocrx_word' id='word_1_422' title='bbox 941 3105 1160 3176; x_wconf 88' lang='lat' dir='ltr'><strong>quidem</strong></span> <span class='ocrx_word' id='word_1_423' title='bbox 1201 3068 1457 3175; x_wconf 70' lang='lat' dir='ltr'><strong>Euripide</strong></span> <span class='ocrx_word' id='word_1_424' title='bbox 1487 3071 1768 3158; x_wconf 75' lang='lat' dir='ltr'><strong>vetustior.</strong></span> <span class='ocrx_word' id='word_1_425' title='bbox 1800 3068 2047 3156; x_wconf 72' lang='lat' dir='ltr'><strong>Scholia-</strong></span> 
     </span>
    </p>
   </div>
   <div class='ocr_carea' id='block_1_63' title="bbox 2155 3068 3734 3177">
    <p class='ocr_par' dir='ltr' id='par_1_63' title="bbox 2155 3068 3734 3151">
     <span class='ocr_line' id='line_1_63' title="bbox 2155 3068 3734 3151; baseline -0.013 -13"><span class='ocrx_word' id='word_1_426' title='bbox 2155 3083 2298 3138; x_wconf 89' lang='lat' dir='ltr'><strong>enim</strong></span> <span class='ocrx_word' id='word_1_427' title='bbox 2325 3081 2418 3151; x_wconf 90' lang='lat' dir='ltr'><strong>qui</strong></span> <span class='ocrx_word' id='word_1_428' title='bbox 2454 3079 2688 3149; x_wconf 89' lang='lat' dir='ltr'><strong>sapient,</strong></span> <span class='ocrx_word' id='word_1_429' title='bbox 2725 3073 3008 3148; x_wconf 78' lang='grc' dir='ltr'>μουσικὸν,</span> <span class='ocrx_word' id='word_1_430' title='bbox 3041 3087 3150 3127; x_wconf 88' lang='grc' dir='ltr'>ιιοιι</span> <span class='ocrx_word' id='word_1_431' title='bbox 3203 3069 3494 3142; x_wconf 84' lang='grc' dir='ltr'>μουσικήν.</span> <span class='ocrx_word' id='word_1_432' title='bbox 3526 3068 3734 3122; x_wconf 84' lang='grc' dir='ltr'>Μουσι-</span> 
     </span>
    </p>
   </div>
   <div class='ocr_carea' id='block_1_64' title="bbox 474 3191 2047 3262">
    <p class='ocr_par' dir='ltr' id='par_1_64' title="bbox 474 3191 2047 3262">
     <span class='ocr_line' id='line_1_64' title="bbox 474 3191 2047 3262; baseline -0.005 -10"><span class='ocrx_word' id='word_1_433' title='bbox 474 3207 592 3252; x_wconf 73' lang='lat' dir='ltr'><strong>etes</strong></span> <span class='ocrx_word' id='word_1_434' title='bbox 623 3196 688 3250; x_wconf 89' lang='lat' dir='ltr'><strong>ad</strong></span> <span class='ocrx_word' id='word_1_435' title='bbox 721 3191 971 3250; x_wconf 70' lang='lat' dir='ltr'><strong>Oreslelti</strong></span> <span class='ocrx_word' id='word_1_436' title='bbox 997 3211 1049 3248; x_wconf 80' lang='grc' dir='ltr'>ν.</span> <span class='ocrx_word' id='word_1_437' title='bbox 1075 3194 1212 3250; x_wconf 82' lang='grc'><strong>1000</strong></span> <span class='ocrx_word' id='word_1_438' title='bbox 1239 3215 1252 3250; x_wconf 86' lang='lat'><strong>:</strong></span> <span class='ocrx_word' id='word_1_439' title='bbox 1297 3194 1633 3248; x_wconf 80' lang='grc' dir='ltr'>Ἀκολουθείν</span> <span class='ocrx_word' id='word_1_440' title='bbox 1662 3193 1858 3246; x_wconf 82' lang='grc' dir='ltr'>δοκεῖὸ</span> <span class='ocrx_word' id='word_1_441' title='bbox 1881 3191 2047 3262; x_wconf 80' lang='grc' dir='ltr'><strong>Εὐρι-</strong></span> 
     </span>
    </p>
   </div>
   <div class='ocr_carea' id='block_1_65' title="bbox 473 3280 2048 3358">
    <p class='ocr_par' dir='ltr' id='par_1_65' title="bbox 473 3280 2048 3358">
     <span class='ocr_line' id='line_1_65' title="bbox 473 3280 2048 3358; baseline -0.004 -16"><span class='ocrx_word' id='word_1_442' title='bbox 473 3287 638 3356; x_wconf 69' lang='grc' dir='ltr'>πίδης</span> <span class='ocrx_word' id='word_1_443' title='bbox 667 3286 746 3358; x_wconf 79' lang='grc' dir='ltr'><strong>τῷ</strong></span> <span class='ocrx_word' id='word_1_444' title='bbox 792 3289 890 3356; x_wconf 79' lang='grc' dir='ltr'><strong>τὴν</strong></span> <span class='ocrx_word' id='word_1_445' title='bbox 946 3287 1344 3355; x_wconf 78' lang='grc' dir='ltr'><strong>Ἀλκμαιωνίδα</strong></span> <span class='ocrx_word' id='word_1_446' title='bbox 1390 3286 1454 3353; x_wconf 85' lang='grc' dir='ltr'>(ω</span> <span class='ocrx_word' id='word_1_447' title='bbox 1499 3285 1680 3340; x_wconf 83' lang='lat' dir='ltr'><strong>scribe</strong></span> <span class='ocrx_word' id='word_1_448' title='bbox 1707 3282 1868 3338; x_wconf 85' lang='lat' dir='ltr'><strong>etiam</strong></span> <span class='ocrx_word' id='word_1_449' title='bbox 1905 3280 2048 3350; x_wconf 85' lang='lat' dir='ltr'><strong>apud</strong></span> 
     </span>
    </p>
   </div>
   <div class='ocr_carea' id='block_1_66' title="bbox 473 3371 2050 3448">
    <p class='ocr_par' dir='ltr' id='par_1_66' title="bbox 473 3371 2050 3448">
     <span class='ocr_line' id='line_1_66' title="bbox 473 3371 2050 3448; baseline -0.004 -16"><span class='ocrx_word' id='word_1_450' title='bbox 473 3379 890 3447; x_wconf 84' lang='lat' dir='ltr'><strong>Apollodorum,</strong></span> <span class='ocrx_word' id='word_1_451' title='bbox 927 3395 1034 3434; x_wconf 90' lang='lat' dir='ltr'><strong>non</strong></span> <span class='ocrx_word' id='word_1_452' title='bbox 1091 3379 1164 3448; x_wconf 90' lang='grc' dir='ltr'>ο.)</span> <span class='ocrx_word' id='word_1_453' title='bbox 1219 3377 1542 3448; x_wconf 78' lang='grc' dir='ltr'><strong>πεποιηκότι</strong></span> <span class='ocrx_word' id='word_1_454' title='bbox 1595 3377 1676 3440; x_wconf 80' lang='grc' dir='ltr'><strong>εἰς</strong></span> <span class='ocrx_word' id='word_1_455' title='bbox 1703 3375 1771 3428; x_wconf 79' lang='grc' dir='ltr'><strong>τὰ</strong></span> <span class='ocrx_word' id='word_1_456' title='bbox 1799 3375 1929 3446; x_wconf 75' lang='grc' dir='ltr'>περὶ</span> <span class='ocrx_word' id='word_1_457' title='bbox 1951 3371 2050 3445; x_wconf 77' lang='grc' dir='ltr'><strong>τὴν</strong></span> 
     </span>
    </p>
   </div>
   <div class='ocr_carea' id='block_1_67' title="bbox 473 3464 2051 3542">
    <p class='ocr_par' dir='ltr' id='par_1_67' title="bbox 473 3464 2051 3542">
     <span class='ocr_line' id='line_1_67' title="bbox 473 3464 2051 3542; baseline -0.005 -18"><span class='ocrx_word' id='word_1_458' title='bbox 473 3471 636 3542; x_wconf 76' lang='grc' dir='ltr'>ἄρνα,</span> <span class='ocrx_word' id='word_1_459' title='bbox 687 3473 758 3534; x_wconf 84' lang='grc' dir='ltr'><strong>ὡς</strong></span> <span class='ocrx_word' id='word_1_460' title='bbox 795 3470 890 3524; x_wconf 73' lang='grc' dir='ltr'>καὶ</span> <span class='ocrx_word' id='word_1_461' title='bbox 921 3469 1197 3534; x_wconf 79' lang='grc' dir='ltr'>Διονύσιος</span> <span class='ocrx_word' id='word_1_462' title='bbox 1227 3470 1257 3522; x_wconf 80' lang='grc' dir='ltr'>ὀ</span> <span class='ocrx_word' id='word_1_463' title='bbox 1277 3467 1662 3540; x_wconf 75' lang='grc' dir='ltr'>,κυκλογράιρος</span> <span class='ocrx_word' id='word_1_464' title='bbox 1703 3466 1858 3537; x_wconf 60' lang='grc' dir='ltr'>φηςι.</span> <span class='ocrx_word' id='word_1_465' title='bbox 1883 3464 2051 3535; x_wconf 84' lang='grc' dir='ltr'>Φερε-</span> 
     </span>
    </p>
   </div>
   <div class='ocr_carea' id='block_1_68' title="bbox 477 3557 2054 3634">
    <p class='ocr_par' dir='ltr' id='par_1_68' title="bbox 477 3557 2054 3634">
     <span class='ocr_line' id='line_1_68' title="bbox 477 3557 2054 3634; baseline -0.005 -17"><span class='ocrx_word' id='word_1_466' title='bbox 477 3564 647 3634; x_wconf 79' lang='grc' dir='ltr'>κύδης</span> <span class='ocrx_word' id='word_1_467' title='bbox 675 3563 732 3616; x_wconf 86' lang='grc' dir='ltr'>δὲ</span> <span class='ocrx_word' id='word_1_468' title='bbox 761 3564 823 3616; x_wconf 83' lang='grc' dir='ltr'>οὐ</span> <span class='ocrx_word' id='word_1_469' title='bbox 849 3562 969 3616; x_wconf 83' lang='grc' dir='ltr'>καθ’</span> <span class='ocrx_word' id='word_1_470' title='bbox 1008 3561 1210 3632; x_wconf 79' lang='grc' dir='ltr'><strong>Ἐρμοῦ</strong></span> <span class='ocrx_word' id='word_1_471' title='bbox 1245 3560 1414 3630; x_wconf 77' lang='grc' dir='ltr'>μῆνίν</span> <span class='ocrx_word' id='word_1_472' title='bbox 1439 3577 1572 3630; x_wconf 80' lang='grc' dir='ltr'><strong>φησι</strong></span> <span class='ocrx_word' id='word_1_473' title='bbox 1612 3559 1715 3628; x_wconf 79' lang='grc' dir='ltr'><strong>τὴν</strong></span> <span class='ocrx_word' id='word_1_474' title='bbox 1759 3559 1897 3628; x_wconf 82' lang='grc' dir='ltr'>ἄρνα</span> <span class='ocrx_word' id='word_1_475' title='bbox 1923 3557 2054 3610; x_wconf 69' lang='lat' dir='ltr'><strong>Cmo-</strong></span> 
     </span>
    </p>
   </div>
   <div class='ocr_carea' id='block_1_69' title="bbox 476 3647 2053 3726">
    <p class='ocr_par' dir='ltr' id='par_1_69' title="bbox 476 3647 2053 3726">
     <span class='ocr_line' id='line_1_69' title="bbox 476 3647 2053 3726; baseline -0.003 -20"><span class='ocrx_word' id='word_1_476' title='bbox 476 3655 762 3726; x_wconf 68' lang='grc' dir='ltr'>ϐληθῆναι.</span> <span class='ocrx_word' id='word_1_477' title='bbox 800 3651 916 3726; x_wconf 76' lang='lat'><strong>[‘20]</strong></span> <span class='ocrx_word' id='word_1_478' title='bbox 965 3653 1022 3706; x_wconf 89' lang='grc' dir='ltr'>Ὀ</span> <span class='ocrx_word' id='word_1_479' title='bbox 1041 3651 1098 3705; x_wconf 77' lang='grc' dir='ltr'>δὲ</span> <span class='ocrx_word' id='word_1_480' title='bbox 1137 3651 1232 3723; x_wconf 79' lang='grc' dir='ltr'><strong>τὴν</strong></span> <span class='ocrx_word' id='word_1_481' title='bbox 1274 3649 1671 3720; x_wconf 77' lang='grc' dir='ltr'><strong>Ἀλκμαιωνίδα</strong></span> <span class='ocrx_word' id='word_1_482' title='bbox 1719 3647 1936 3720; x_wconf 71' lang='grc' dir='ltr'>γράψας</span> <span class='ocrx_word' id='word_1_483' title='bbox 1965 3649 2053 3702; x_wconf 65' lang='grc' dir='ltr'><strong>τὸν</strong></span> 
     </span>
    </p>
   </div>
   <div class='ocr_carea' id='block_1_70' title="bbox 479 3739 2054 3816">
    <p class='ocr_par' dir='ltr' id='par_1_70' title="bbox 479 3739 2054 3816">
     <span class='ocr_line' id='line_1_70' title="bbox 479 3739 2054 3816; baseline -0.005 -17"><span class='ocrx_word' id='word_1_484' title='bbox 479 3747 716 3814; x_wconf 74' lang='grc' dir='ltr'>ποιμένα</span> <span class='ocrx_word' id='word_1_485' title='bbox 741 3743 1161 3816; x_wconf 77' lang='grc' dir='ltr'>προσαγαγόντα</span> <span class='ocrx_word' id='word_1_486' title='bbox 1189 3743 1251 3796; x_wconf 82' lang='grc' dir='ltr'><strong>τὸ</strong></span> <span class='ocrx_word' id='word_1_487' title='bbox 1283 3742 1536 3811; x_wconf 74' lang='grc' dir='ltr'>ποίμνιον</span> <span class='ocrx_word' id='word_1_488' title='bbox 1569 3739 1646 3812; x_wconf 84' lang='grc' dir='ltr'><strong>τῷ</strong></span> <span class='ocrx_word' id='word_1_489' title='bbox 1687 3741 1868 3807; x_wconf 81' lang='grc' dir='ltr'>Ἀτρεῖ</span> <span class='ocrx_word' id='word_1_490' title='bbox 1931 3740 2054 3792; x_wconf 73' lang='grc' dir='ltr'><strong>ἀντο</strong></span> 
     </span>
    </p>
   </div>
   <div class='ocr_carea' id='block_1_71' title="bbox 478 3831 2054 3906">
    <p class='ocr_par' dir='ltr' id='par_1_71' title="bbox 478 3831 2054 3906">
     <span class='ocr_line' id='line_1_71' title="bbox 478 3831 2054 3906; baseline -0.005 -14"><span class='ocrx_word' id='word_1_491' title='bbox 478 3839 766 3893; x_wconf 72' lang='grc' dir='ltr'>αποκαλεῖ.</span> <span class='ocrx_word' id='word_1_492' title='bbox 817 3837 958 3902; x_wconf 84' lang='lat' dir='ltr'><strong>Quid</strong></span> <span class='ocrx_word' id='word_1_493' title='bbox 992 3836 1090 3891; x_wconf 90' lang='lat' dir='ltr'><strong>tibi</strong></span> <span class='ocrx_word' id='word_1_494' title='bbox 1129 3836 1306 3892; x_wconf 86' lang='lat' dir='ltr'><strong>dicam</strong></span> <span class='ocrx_word' id='word_1_495' title='bbox 1336 3835 1688 3906; x_wconf 84' lang='lat' dir='ltr'><strong>depravatum</strong></span> <span class='ocrx_word' id='word_1_496' title='bbox 1715 3831 1846 3884; x_wconf 88' lang='lat' dir='ltr'><strong>mihi</strong></span> <span class='ocrx_word' id='word_1_497' title='bbox 1882 3831 2054 3888; x_wconf 84' lang='lat' dir='ltr'><strong>videri</strong></span> 
     </span>
    </p>
   </div>
   <div class='ocr_carea' id='block_1_72' title="bbox 475 3922 2053 4000">
    <p class='ocr_par' dir='ltr' id='par_1_72' title="bbox 475 3922 2053 4000">
     <span class='ocr_line' id='line_1_72' title="bbox 475 3922 2053 4000; baseline -0.004 -18"><span class='ocrx_word' id='word_1_498' title='bbox 475 3931 706 3984; x_wconf 77' lang='lat' dir='ltr'><strong>verbum</strong></span> <span class='ocrx_word' id='word_1_499' title='bbox 747 3929 882 3984; x_wconf 89' lang='lat' dir='ltr'><strong>illud</strong></span> <span class='ocrx_word' id='word_1_500' title='bbox 914 3926 1294 4000; x_wconf 80' lang='lat' dir='ltr'><strong>postremum?</strong></span> <span class='ocrx_word' id='word_1_501' title='bbox 1329 3924 1468 3998; x_wconf 79' lang='grc' dir='ltr'>Χροῒ</span> <span class='ocrx_word' id='word_1_502' title='bbox 1487 3927 1630 3983; x_wconf 89' lang='lat' dir='ltr'><strong>enim</strong></span> <span class='ocrx_word' id='word_1_503' title='bbox 1662 3923 1848 3990; x_wconf 83' lang='grc' dir='ltr'>δῆλον,</span> <span class='ocrx_word' id='word_1_504' title='bbox 1877 3923 1938 3975; x_wconf 72' lang='grc' dir='ltr'><strong>τὸ</strong></span> <span class='ocrx_word' id='word_1_505' title='bbox 1960 3922 2053 3976; x_wconf 75' lang='grc' dir='ltr'>τοῦ</span> 
     </span>
    </p>
   </div>
   <div class='ocr_carea' id='block_1_73' title="bbox 476 4015 2056 4093">
    <p class='ocr_par' dir='ltr' id='par_1_73' title="bbox 476 4015 2056 4093">
     <span class='ocr_line' id='line_1_73' title="bbox 476 4015 2056 4093; baseline -0.003 -19"><span class='ocrx_word' id='word_1_506' title='bbox 476 4022 804 4093; x_wconf 73' lang='grc' dir='ltr'>Φερεκύδου.</span> <span class='ocrx_word' id='word_1_507' title='bbox 853 4022 956 4092; x_wconf 80' lang='lat' dir='ltr'><strong>leg.</strong></span> <span class='ocrx_word' id='word_1_508' title='bbox 997 4021 1239 4075; x_wconf 80' lang='grc' dir='ltr'>Ἀνταῖον</span> <span class='ocrx_word' id='word_1_509' title='bbox 1299 4019 1567 4074; x_wconf 81' lang='grc' dir='ltr'><strong>ἀποκαλεῖ</strong></span> <span class='ocrx_word' id='word_1_510' title='bbox 1615 4019 1698 4072; x_wconf 86' lang='lat' dir='ltr'><strong>vel</strong></span> <span class='ocrx_word' id='word_1_511' title='bbox 1727 4015 2056 4086; x_wconf 73' lang='grc' dir='ltr'>Ἄντανδρον</span> 
     </span>
    </p>
   </div>
   <div class='ocr_carea' id='block_1_74' title="bbox 477 4110 2058 4183">
    <p class='ocr_par' dir='ltr' id='par_1_74' title="bbox 477 4110 2058 4183">
     <span class='ocr_line' id='line_1_74' title="bbox 477 4110 2058 4183; baseline -0.001 -17"><span class='ocrx_word' id='word_1_512' title='bbox 477 4115 632 4168; x_wconf 82' lang='grc' dir='ltr'>καλεῖ</span> <span class='ocrx_word' id='word_1_513' title='bbox 666 4115 750 4169; x_wconf 90' lang='lat' dir='ltr'><strong>vel</strong></span> <span class='ocrx_word' id='word_1_514' title='bbox 781 4115 1062 4183; x_wconf 85' lang='grc' dir='ltr'>Ἀντιφον,</span> <span class='ocrx_word' id='word_1_515' title='bbox 1093 4115 1178 4168; x_wconf 89' lang='lat' dir='ltr'><strong>vel</strong></span> <span class='ocrx_word' id='word_1_516' title='bbox 1223 4113 1405 4168; x_wconf 90' lang='lat' dir='ltr'><strong>simile</strong></span> <span class='ocrx_word' id='word_1_517' title='bbox 1433 4111 1746 4182; x_wconf 89' lang='lat' dir='ltr'><strong>quippiam;</strong></span> <span class='ocrx_word' id='word_1_518' title='bbox 1777 4125 1903 4165; x_wconf 91' lang='lat' dir='ltr'><strong>cum</strong></span> <span class='ocrx_word' id='word_1_519' title='bbox 1939 4110 2058 4164; x_wconf 90' lang='lat' dir='ltr'><strong>sine</strong></span> 
     </span>
    </p>
   </div>
   <div class='ocr_carea' id='block_1_75' title="bbox 475 4199 2058 4264">
    <p class='ocr_par' dir='ltr' id='par_1_75' title="bbox 475 4199 2058 4264">
     <span class='ocr_line' id='line_1_75' title="bbox 475 4199 2058 4264; baseline -0.006 -2"><span class='ocrx_word' id='word_1_520' title='bbox 475 4209 846 4263; x_wconf 81' lang='lat' dir='ltr'><strong>controversia</strong></span> <span class='ocrx_word' id='word_1_521' title='bbox 873 4207 1012 4263; x_wconf 89' lang='lat' dir='ltr'><strong>desit</strong></span> <span class='ocrx_word' id='word_1_522' title='bbox 1047 4222 1244 4261; x_wconf 81' lang='lat' dir='ltr'><strong>nomen</strong></span> <span class='ocrx_word' id='word_1_523' title='bbox 1267 4205 1531 4262; x_wconf 74' lang='lat' dir='ltr'><strong>Pastoris.</strong></span> <span class='ocrx_word' id='word_1_524' title='bbox 1568 4201 1692 4258; x_wconf 68' lang='lat' dir='ltr'><strong>Haec</strong></span> <span class='ocrx_word' id='word_1_525' title='bbox 1716 4201 1904 4264; x_wconf 89' lang='lat' dir='ltr'><strong>habui,</strong></span> <span class='ocrx_word' id='word_1_526' title='bbox 1927 4199 2058 4253; x_wconf 79' lang='lat' dir='ltr'><strong>Milli</strong></span> 
     </span>
    </p>
   </div>
   <div class='ocr_carea' id='block_1_76' title="bbox 474 4289 2060 4368">
    <p class='ocr_par' dir='ltr' id='par_1_76' title="bbox 474 4289 2060 4368">
     <span class='ocr_line' id='line_1_76' title="bbox 474 4289 2060 4368; baseline -0.001 -20"><span class='ocrx_word' id='word_1_527' title='bbox 474 4295 896 4368; x_wconf 68' lang='lat' dir='ltr'><strong>iucundissime,</strong></span> <span class='ocrx_word' id='word_1_528' title='bbox 944 4310 1070 4364; x_wconf 67' lang='lat' dir='ltr'><strong>qua:</strong></span> <span class='ocrx_word' id='word_1_529' title='bbox 1127 4295 1194 4350; x_wconf 90' lang='lat' dir='ltr'><strong>de</strong></span> <span class='ocrx_word' id='word_1_530' title='bbox 1243 4294 1550 4348; x_wconf 66' lang='lat' dir='ltr'><strong>Alemteone</strong></span> <span class='ocrx_word' id='word_1_531' title='bbox 1600 4299 1655 4346; x_wconf 91' lang='lat' dir='ltr'><strong>et</strong></span> <span class='ocrx_word' id='word_1_532' title='bbox 1694 4289 2060 4346; x_wconf 71' lang='lat' dir='ltr'><strong>Alcmaeonide</strong></span> 
     </span>
    </p>
   </div>
   <div class='ocr_carea' id='block_1_77' title="bbox 476 4381 2058 4454">
    <p class='ocr_par' dir='ltr' id='par_1_77' title="bbox 476 4381 2058 4454">
     <span class='ocr_line' id='line_1_77' title="bbox 476 4381 2058 4454; baseline -0.005 -14"><span class='ocrx_word' id='word_1_533' title='bbox 476 4402 592 4450; x_wconf 66' lang='lat' dir='ltr'><strong>ore,</strong></span> <span class='ocrx_word' id='word_1_534' title='bbox 653 4393 712 4439; x_wconf 93' lang='lat' dir='ltr'><strong>ut</strong></span> <span class='ocrx_word' id='word_1_535' title='bbox 762 4385 978 4454; x_wconf 88' lang='lat' dir='ltr'><strong>opinor,</strong></span> <span class='ocrx_word' id='word_1_536' title='bbox 1031 4384 1139 4438; x_wconf 86' lang='lat' dir='ltr'><strong>alio</strong></span> <span class='ocrx_word' id='word_1_537' title='bbox 1193 4383 1398 4438; x_wconf 85' lang='lat' dir='ltr'><strong>indicta</strong></span> <span class='ocrx_word' id='word_1_538' title='bbox 1441 4383 1729 4436; x_wconf 89' lang='lat' dir='ltr'><strong>dicerem:</strong></span> <span class='ocrx_word' id='word_1_539' title='bbox 1765 4395 1873 4434; x_wconf 87' lang='lat' dir='ltr'><strong>non</strong></span> <span class='ocrx_word' id='word_1_540' title='bbox 1913 4381 2058 4434; x_wconf 89' lang='lat' dir='ltr'><strong>enim</strong></span> 
     </span>
    </p>
   </div>
   <div class='ocr_carea' id='block_1_78' title="bbox 2152 3159 3737 3238">
    <p class='ocr_par' dir='ltr' id='par_1_78' title="bbox 2152 3159 3737 3238">
     <span class='ocr_line' id='line_1_78' title="bbox 2152 3159 3737 3238; baseline -0.01 -11"><span class='ocrx_word' id='word_1_541' title='bbox 2152 3174 2248 3227; x_wconf 77' lang='grc' dir='ltr'><strong>κὸν</strong></span> <span class='ocrx_word' id='word_1_542' title='bbox 2274 3173 2538 3238; x_wconf 75' lang='grc' dir='ltr'><strong>διδάσκει,</strong></span> <span class='ocrx_word' id='word_1_543' title='bbox 2563 3171 2606 3224; x_wconf 90' lang='lat' dir='ltr'><strong>i.</strong></span> <span class='ocrx_word' id='word_1_544' title='bbox 2637 3185 2688 3226; x_wconf 91' lang='lat' dir='ltr'><strong>e.</strong></span> <span class='ocrx_word' id='word_1_545' title='bbox 2726 3165 2958 3238; x_wconf 79' lang='grc' dir='ltr'><strong>ποιητὴν</strong></span> <span class='ocrx_word' id='word_1_546' title='bbox 2979 3163 3358 3226; x_wconf 80' lang='grc' dir='ltr'>ἀποδείκνυσι,</span> <span class='ocrx_word' id='word_1_547' title='bbox 3389 3168 3601 3230; x_wconf 79' lang='lat' dir='ltr'><strong>poetam</strong></span> <span class='ocrx_word' id='word_1_548' title='bbox 3625 3159 3737 3212; x_wconf 77' lang='lat' dir='ltr'><strong>red-</strong></span> 
     </span>
    </p>
   </div>
   <div class='ocr_carea' id='block_1_79' title="bbox 2151 3251 3736 3332">
    <p class='ocr_par' dir='ltr' id='par_1_79' title="bbox 2151 3251 3736 3332">
     <span class='ocr_line' id='line_1_79' title="bbox 2151 3251 3736 3332; baseline -0.009 -16"><span class='ocrx_word' id='word_1_549' title='bbox 2151 3265 2270 3318; x_wconf 84' lang='lat' dir='ltr'><strong>dit:</strong></span> <span class='ocrx_word' id='word_1_550' title='bbox 2305 3263 2463 3332; x_wconf 89' lang='lat' dir='ltr'><strong>quasi</strong></span> <span class='ocrx_word' id='word_1_551' title='bbox 2486 3263 2592 3315; x_wconf 87' lang='lat' dir='ltr'><strong>hoc</strong></span> <span class='ocrx_word' id='word_1_552' title='bbox 2620 3259 2844 3314; x_wconf 83' lang='lat' dir='ltr'><strong>senario</strong></span> <span class='ocrx_word' id='word_1_553' title='bbox 2871 3255 3068 3311; x_wconf 85' lang='lat' dir='ltr'><strong>Latine</strong></span> <span class='ocrx_word' id='word_1_554' title='bbox 3098 3252 3310 3309; x_wconf 72' lang='lat' dir='ltr'><strong>dixeris</strong></span> <span class='ocrx_word' id='word_1_555' title='bbox 3343 3269 3361 3308; x_wconf 88' lang='lat'><strong>:</strong></span> <span class='ocrx_word' id='word_1_556' title='bbox 3392 3251 3566 3308; x_wconf 80' lang='lat' dir='ltr'><strong>Amor</strong></span> <span class='ocrx_word' id='word_1_557' title='bbox 3606 3264 3736 3318; x_wconf 89' lang='lat' dir='ltr'><strong>poe-</strong></span> 
     </span>
    </p>
   </div>
   <div class='ocr_carea' id='block_1_80' title="bbox 2154 3341 3732 3410">
    <p class='ocr_par' dir='ltr' id='par_1_80' title="bbox 2154 3341 3732 3410">
     <span class='ocr_line' id='line_1_80' title="bbox 2154 3341 3732 3410; baseline -0.011 0"><span class='ocrx_word' id='word_1_558' title='bbox 2154 3363 2262 3410; x_wconf 88' lang='lat' dir='ltr'><strong>tam</strong></span> <span class='ocrx_word' id='word_1_559' title='bbox 2315 3355 2402 3408; x_wconf 85' lang='lat' dir='ltr'><strong>vel</strong></span> <span class='ocrx_word' id='word_1_560' title='bbox 2445 3353 2577 3408; x_wconf 84' lang='lat' dir='ltr'><strong>facit</strong></span> <span class='ocrx_word' id='word_1_561' title='bbox 2627 3351 2710 3406; x_wconf 85' lang='lat' dir='ltr'><strong>vel</strong></span> <span class='ocrx_word' id='word_1_562' title='bbox 2743 3350 2970 3404; x_wconf 85' lang='lat' dir='ltr'><strong>invenit.</strong></span> <span class='ocrx_word' id='word_1_563' title='bbox 3017 3348 3136 3401; x_wconf 86' lang='lat' dir='ltr'><strong>Ars</strong></span> <span class='ocrx_word' id='word_1_564' title='bbox 3171 3343 3386 3402; x_wconf 86' lang='lat' dir='ltr'><strong>musica</strong></span> <span class='ocrx_word' id='word_1_565' title='bbox 3411 3351 3466 3398; x_wconf 85' lang='lat' dir='ltr'><strong>et</strong></span> <span class='ocrx_word' id='word_1_566' title='bbox 3493 3341 3732 3398; x_wconf 89' lang='lat' dir='ltr'><strong>studium</strong></span> 
     </span>
    </p>
   </div>
   <div class='ocr_carea' id='block_1_81' title="bbox 2153 3433 3730 3514">
    <p class='ocr_par' dir='ltr' id='par_1_81' title="bbox 2153 3433 3730 3514">
     <span class='ocr_line' id='line_1_81' title="bbox 2153 3433 3730 3514; baseline -0.011 -12"><span class='ocrx_word' id='word_1_567' title='bbox 2153 3446 2420 3502; x_wconf 87' lang='lat' dir='ltr'><strong>musicum</strong></span> <span class='ocrx_word' id='word_1_568' title='bbox 2451 3451 2536 3498; x_wconf 85' lang='lat' dir='ltr'><strong>est</strong></span> <span class='ocrx_word' id='word_1_569' title='bbox 2563 3442 2796 3514; x_wconf 90' lang='lat' dir='ltr'><strong>poetica.</strong></span> <span class='ocrx_word' id='word_1_570' title='bbox 2827 3437 3121 3494; x_wconf 85' lang='lat' dir='ltr'><strong>Terentius</strong></span> <span class='ocrx_word' id='word_1_571' title='bbox 3150 3455 3164 3490; x_wconf 90' lang='lat'><strong>:</strong></span> <span class='ocrx_word' id='word_1_572' title='bbox 3198 3433 3258 3490; x_wconf 76' lang='lat' dir='ltr'><strong>Is</strong></span> <span class='ocrx_word' id='word_1_573' title='bbox 3286 3433 3389 3489; x_wconf 70' lang='lat' dir='ltr'><strong>sibi</strong></span> <span class='ocrx_word' id='word_1_574' title='bbox 3427 3447 3730 3501; x_wconf 63' lang='lat' dir='ltr'><strong>responsant</strong></span> 
     </span>
    </p>
   </div>
   <div class='ocr_carea' id='block_1_82' title="bbox 2152 3524 3730 3600">
    <p class='ocr_par' dir='ltr' id='par_1_82' title="bbox 2152 3524 3730 3600">
     <span class='ocr_line' id='line_1_82' title="bbox 2152 3524 3730 3600; baseline -0.011 -10"><span class='ocrx_word' id='word_1_575' title='bbox 2152 3536 2250 3590; x_wconf 80' lang='lat' dir='ltr'><strong>hoc</strong></span> <span class='ocrx_word' id='word_1_576' title='bbox 2271 3534 2490 3597; x_wconf 80' lang='lat' dir='ltr'><strong>habeat;</strong></span> <span class='ocrx_word' id='word_1_577' title='bbox 2520 3535 2576 3587; x_wconf 83' lang='lat' dir='ltr'><strong>in</strong></span> <span class='ocrx_word' id='word_1_578' title='bbox 2601 3531 2770 3587; x_wconf 80' lang='lat' dir='ltr'><strong>medio</strong></span> <span class='ocrx_word' id='word_1_579' title='bbox 2812 3529 3054 3585; x_wconf 80' lang='lat' dir='ltr'><strong>omnibus</strong></span> <span class='ocrx_word' id='word_1_580' title='bbox 3071 3527 3312 3600; x_wconf 72' lang='lat' dir='ltr'><strong>palmam</strong></span> <span class='ocrx_word' id='word_1_581' title='bbox 3339 3539 3456 3579; x_wconf 76' lang='lat' dir='ltr'><strong>esse</strong></span> <span class='ocrx_word' id='word_1_582' title='bbox 3484 3524 3730 3592; x_wconf 73' lang='lat' dir='ltr'><strong>positam,</strong></span> 
     </span>
    </p>
   </div>
   <div class='ocr_carea' id='block_1_83' title="bbox 2151 3611 3746 3698">
    <p class='ocr_par' dir='ltr' id='par_1_83' title="bbox 2151 3611 3746 3698">
     <span class='ocr_line' id='line_1_83' title="bbox 2151 3611 3746 3698; baseline -0.011 -16"><span class='ocrx_word' id='word_1_583' title='bbox 2151 3628 2242 3698; x_wconf 80' lang='lat' dir='ltr'><strong>qui</strong></span> <span class='ocrx_word' id='word_1_584' title='bbox 2288 3635 2455 3680; x_wconf 72' lang='lat' dir='ltr'><strong>artem</strong></span> <span class='ocrx_word' id='word_1_585' title='bbox 2510 3629 2743 3678; x_wconf 81' lang='lat' dir='ltr'><strong>tractant</strong></span> <span class='ocrx_word' id='word_1_586' title='bbox 2781 3621 3058 3677; x_wconf 71' lang='lat' dir='ltr'><strong>inusicam.</strong></span> <span class='ocrx_word' id='word_1_587' title='bbox 3101 3617 3178 3672; x_wconf 81' lang='lat' dir='ltr'><strong>Ea</strong></span> <span class='ocrx_word' id='word_1_588' title='bbox 3233 3626 3416 3670; x_wconf 83' lang='lat' dir='ltr'><strong>autem</strong></span> <span class='ocrx_word' id='word_1_589' title='bbox 3464 3611 3746 3684; x_wconf 78' lang='lat' dir='ltr'><strong>signiﬁca-</strong></span> 
     </span>
    </p>
   </div>
   <div class='ocr_carea' id='block_1_84' title="bbox 2156 3702 3743 3780">
    <p class='ocr_par' dir='ltr' id='par_1_84' title="bbox 2156 3702 3743 3780">
     <span class='ocr_line' id='line_1_84' title="bbox 2156 3702 3743 3780; baseline -0.009 -10"><span class='ocrx_word' id='word_1_590' title='bbox 2156 3715 2234 3770; x_wconf 91' lang='lat' dir='ltr'><strong>tio</strong></span> <span class='ocrx_word' id='word_1_591' title='bbox 2268 3714 2364 3768; x_wconf 81' lang='grc' dir='ltr'><strong>τοῦ</strong></span> <span class='ocrx_word' id='word_1_592' title='bbox 2413 3713 2684 3768; x_wconf 77' lang='grc' dir='ltr'>διδάσκειν</span> <span class='ocrx_word' id='word_1_593' title='bbox 2732 3709 3034 3780; x_wconf 80' lang='lat' dir='ltr'><strong>elegantior</strong></span> <span class='ocrx_word' id='word_1_594' title='bbox 3083 3706 3252 3779; x_wconf 75' lang='lat' dir='ltr'><strong>paulo</strong></span> <span class='ocrx_word' id='word_1_595' title='bbox 3293 3712 3381 3760; x_wconf 80' lang='lat' dir='ltr'><strong>est</strong></span> <span class='ocrx_word' id='word_1_596' title='bbox 3421 3712 3476 3758; x_wconf 84' lang='lat' dir='ltr'><strong>et</strong></span> <span class='ocrx_word' id='word_1_597' title='bbox 3527 3702 3743 3764; x_wconf 73' lang='lat' dir='ltr'><strong>rarior,</strong></span> 
     </span>
    </p>
   </div>
   <div class='ocr_carea' id='block_1_85' title="bbox 2157 3799 3744 3878">
    <p class='ocr_par' dir='ltr' id='par_1_85' title="bbox 2157 3799 3744 3878">
     <span class='ocr_line' id='line_1_85' title="bbox 2157 3799 3744 3878; baseline -0.009 -17"><span class='ocrx_word' id='word_1_598' title='bbox 2157 3814 2554 3878; x_wconf 77' lang='lat' dir='ltr'><strong>proptereaque</strong></span> <span class='ocrx_word' id='word_1_599' title='bbox 2607 3801 2788 3857; x_wconf 88' lang='lat' dir='ltr'><strong>fraudi</strong></span> <span class='ocrx_word' id='word_1_600' title='bbox 2838 3799 2943 3856; x_wconf 82' lang='lat' dir='ltr'><strong>fuit</strong></span> <span class='ocrx_word' id='word_1_601' title='bbox 2993 3799 3281 3855; x_wconf 84' lang='lat' dir='ltr'><strong>librariis:</strong></span> <span class='ocrx_word' id='word_1_602' title='bbox 3338 3802 3584 3851; x_wconf 68' lang='lat' dir='ltr'><strong>attamen</strong></span> <span class='ocrx_word' id='word_1_603' title='bbox 3625 3808 3744 3848; x_wconf 82' lang='lat' dir='ltr'><strong>non</strong></span> 
     </span>
    </p>
   </div>
   <div class='ocr_carea' id='block_1_86' title="bbox 2157 3891 3207 3966">
    <p class='ocr_par' dir='ltr' id='par_1_86' title="bbox 2157 3891 3207 3966">
     <span class='ocr_line' id='line_1_86' title="bbox 2157 3891 3207 3966; baseline -0.008 -12"><span class='ocrx_word' id='word_1_604' title='bbox 2157 3900 2352 3954; x_wconf 87' lang='lat' dir='ltr'><strong>desunt</strong></span> <span class='ocrx_word' id='word_1_605' title='bbox 2371 3896 2642 3966; x_wconf 78' lang='lat' dir='ltr'><strong>exempla.</strong></span> <span class='ocrx_word' id='word_1_606' title='bbox 2679 3893 2964 3964; x_wconf 84' lang='lat' dir='ltr'><strong>Aristoph.</strong></span> <span class='ocrx_word' id='word_1_607' title='bbox 2991 3891 3162 3948; x_wconf 81' lang='lat' dir='ltr'><strong>Ranis</strong></span> <span class='ocrx_word' id='word_1_608' title='bbox 3189 3907 3207 3946; x_wconf 87' lang='lat'><strong>:</strong></span> 
     </span>
    </p>
   </div>
   <div class='ocr_carea' id='block_1_87' title="bbox 2156 3977 3741 4118">
    <p class='ocr_par' dir='ltr' id='par_1_87' title="bbox 2156 3977 3741 4118">
     <span class='ocr_line' id='line_1_87' title="bbox 2156 3977 3741 4118; baseline -0.007 -73"><span class='ocrx_word' id='word_1_609' title='bbox 2156 3977 2265 4045; x_wconf 84' lang='lat' dir='ltr'><strong>Kal</strong></span> <span class='ocrx_word' id='word_1_610' title='bbox 2289 3989 2372 4044; x_wconf 86' lang='grc' dir='ltr'><strong>σὺ</strong></span> <span class='ocrx_word' id='word_1_611' title='bbox 2409 3988 2466 4042; x_wconf 83' lang='grc' dir='ltr'>τί</span> <span class='ocrx_word' id='word_1_612' title='bbox 2493 3987 2568 4056; x_wconf 84' lang='grc' dir='ltr'>δὴ</span> <span class='ocrx_word' id='word_1_613' title='bbox 2594 3986 2824 4056; x_wconf 77' lang='grc' dir='ltr'><strong>δράσας</strong></span> <span class='ocrx_word' id='word_1_614' title='bbox 2851 3985 3074 4051; x_wconf 82' lang='grc' dir='ltr'><strong>αὐτοὺς</strong></span> <span class='ocrx_word' id='word_1_615' title='bbox 3094 3983 3286 4050; x_wconf 83' lang='grc' dir='ltr'>οὕτως</span> <span class='ocrx_word' id='word_1_616' title='bbox 3317 3981 3597 4118; x_wconf 57' lang='grc' dir='ltr'><strong>ἀνδιέιὲς</strong></span> <span class='ocrx_word' id='word_1_617' title='bbox 3615 3979 3741 4035; x_wconf 81' lang='grc' dir='ltr'>ἐδί-</span> 
     </span>
     <span class='ocr_line' id='line_1_88' title="bbox 3481 4067 3664 4116; baseline -0.005 1"><span class='ocrx_word' id='word_1_618' title='bbox 3481 4070 3519 4107; x_wconf 82' lang='grc' dir='ltr'><strong>ιι</strong></span> <span class='ocrx_word' id='word_1_619' title='bbox 3559 4067 3664 4116; x_wconf 76' lang='lat' dir='ltr'><strong>ac;</strong></span> 
     </span>
    </p>
   </div>
   <div class='ocr_carea' id='block_1_88' title="bbox 3481 4067 3664 4116">
    <p class='ocr_par' dir='ltr' id='par_1_88' title="bbox 3481 4067 3664 4116">
     <span class='ocr_line' id='line_1_89' title="bbox 3481 4067 3664 4116; baseline 0 0"><span class='ocrx_word' id='word_1_620' title='bbox 3481 4067 3664 4116; x_wconf 69' lang='lat' dir='ltr'><strong>acac;</strong></span> 
     </span>
    </p>
   </div>
   <div class='ocr_carea' id='block_1_89' title="bbox 2161 4143 3741 4215">
    <p class='ocr_par' dir='ltr' id='par_1_89' title="bbox 2161 4143 3741 4215">
     <span class='ocr_line' id='line_1_90' title="bbox 2161 4143 3741 4215; baseline -0.005 -9"><span class='ocrx_word' id='word_1_621' title='bbox 2161 4153 2267 4208; x_wconf 86' lang='lat' dir='ltr'><strong>Sed</strong></span> <span class='ocrx_word' id='word_1_622' title='bbox 2298 4159 2352 4206; x_wconf 90' lang='lat' dir='ltr'><strong>et</strong></span> <span class='ocrx_word' id='word_1_623' title='bbox 2380 4151 2471 4204; x_wconf 89' lang='lat' dir='ltr'><strong>hic</strong></span> <span class='ocrx_word' id='word_1_624' title='bbox 2498 4149 2656 4204; x_wconf 89' lang='lat' dir='ltr'><strong>locus</strong></span> <span class='ocrx_word' id='word_1_625' title='bbox 2683 4149 2740 4203; x_wconf 90' lang='lat' dir='ltr'><strong>in</strong></span> <span class='ocrx_word' id='word_1_626' title='bbox 2779 4147 2918 4202; x_wconf 90' lang='lat' dir='ltr'><strong>vitio</strong></span> <span class='ocrx_word' id='word_1_627' title='bbox 2941 4152 3060 4214; x_wconf 84' lang='lat' dir='ltr'><strong>est;</strong></span> <span class='ocrx_word' id='word_1_628' title='bbox 3103 4153 3163 4202; x_wconf 87' lang='lat' dir='ltr'><strong>et</strong></span> <span class='ocrx_word' id='word_1_629' title='bbox 3190 4143 3489 4215; x_wconf 76' lang='lat' dir='ltr'><strong>legendum</strong></span> <span class='ocrx_word' id='word_1_630' title='bbox 3511 4151 3741 4198; x_wconf 79' lang='lat' dir='ltr'><strong>auctore</strong></span> 
     </span>
    </p>
   </div>
   <div class='ocr_carea' id='block_1_90' title="bbox 2159 4239 2650 4298">
    <p class='ocr_par' dir='ltr' id='par_1_90' title="bbox 2159 4239 2650 4298">
     <span class='ocr_line' id='line_1_91' title="bbox 2159 4239 2650 4298; baseline -0.01 -1"><span class='ocrx_word' id='word_1_631' title='bbox 2159 4257 2264 4297; x_wconf 90' lang='lat' dir='ltr'><strong>ms.</strong></span> <span class='ocrx_word' id='word_1_632' title='bbox 2301 4239 2606 4298; x_wconf 75' lang='lat' dir='ltr'><strong>Oxoniensi</strong></span> <span class='ocrx_word' id='word_1_633' title='bbox 2637 4259 2650 4292; x_wconf 92' lang='lat'><strong>:</strong></span> 
     </span>
    </p>
   </div>
   <div class='ocr_carea' id='block_1_91' title="bbox 2161 4325 3784 4468">
    <p class='ocr_par' dir='ltr' id='par_1_91' title="bbox 2161 4325 3784 4468">
     <span class='ocr_line' id='line_1_92' title="bbox 2161 4325 3784 4468; baseline -0.01 -79"><span class='ocrx_word' id='word_1_634' title='bbox 2161 4334 2270 4390; x_wconf 79' lang='lat' dir='ltr'><strong>Kal</strong></span> <span class='ocrx_word' id='word_1_635' title='bbox 2297 4333 2380 4388; x_wconf 87' lang='grc' dir='ltr'><strong>σὺ</strong></span> <span class='ocrx_word' id='word_1_636' title='bbox 2402 4333 2460 4386; x_wconf 81' lang='grc' dir='ltr'><strong>τι</strong></span> <span class='ocrx_word' id='word_1_637' title='bbox 2479 4331 2713 4400; x_wconf 80' lang='grc' dir='ltr'><strong>δράσας</strong></span> <span class='ocrx_word' id='word_1_638' title='bbox 2735 4329 2924 4396; x_wconf 77' lang='grc' dir='ltr'>οὕτως</span> <span class='ocrx_word' id='word_1_639' title='bbox 2943 4327 3174 4394; x_wconf 75' lang='grc' dir='ltr'><strong>αὐτοὺς</strong></span> <span class='ocrx_word' id='word_1_640' title='bbox 3207 4325 3742 4468; x_wconf 58' lang='grc' dir='ltr'><strong>τενναίρὲἕξξξεδίο</strong></span> <span class='ocrx_word' id='word_1_641' title='bbox 3771 4353 3784 4372; x_wconf 89' lang='grc'><strong>.</strong></span> 
     </span>
    </p>
   </div>
   <div class='ocr_carea' id='block_1_92' title="bbox 479 4471 3736 4562">
    <p class='ocr_par' dir='ltr' id='par_1_92' title="bbox 479 4471 3736 4562">
     <span class='ocr_line' id='line_1_93' title="bbox 479 4471 3736 4562; baseline -0.005 -34"><span class='ocrx_word' id='word_1_642' title='bbox 479 4477 653 4547; x_wconf 76' lang='lat' dir='ltr'><strong>placet</strong></span> <span class='ocrx_word' id='word_1_643' title='bbox 695 4489 885 4529; x_wconf 86' lang='lat' dir='ltr'><strong>eorum</strong></span> <span class='ocrx_word' id='word_1_644' title='bbox 937 4473 1110 4537; x_wconf 85' lang='lat' dir='ltr'><strong>ratio,</strong></span> <span class='ocrx_word' id='word_1_645' title='bbox 1140 4474 1236 4544; x_wconf 92' lang='lat' dir='ltr'><strong>qui</strong></span> <span class='ocrx_word' id='word_1_646' title='bbox 1259 4488 1385 4528; x_wconf 87' lang='lat' dir='ltr'><strong>cum</strong></span> <span class='ocrx_word' id='word_1_647' title='bbox 1419 4487 1582 4528; x_wconf 66' lang='lat' dir='ltr'><strong>merae</strong></span> <span class='ocrx_word' id='word_1_648' title='bbox 1609 4471 1902 4526; x_wconf 74' lang='lat' dir='ltr'><strong>cornicula:</strong></span> <span class='ocrx_word' id='word_1_649' title='bbox 1927 4471 2060 4534; x_wconf 90' lang='lat' dir='ltr'><strong>sint,</strong></span> <span class='ocrx_word' id='word_1_650' title='bbox 2096 4482 2139 4536; x_wconf 76' lang='grc' dir='ltr'>ο</span> <span class='ocrx_word' id='word_1_651' title='bbox 2166 4492 2393 4562; x_wconf 52' lang='lat' dir='ltr'><strong>vulsa“,</strong></span> <span class='ocrx_word' id='word_1_652' title='bbox 2429 4489 2596 4546; x_wconf 52' lang='lat' dir='ltr'><strong>lectio</strong></span> <span class='ocrx_word' id='word_1_653' title='bbox 2619 4503 2744 4543; x_wconf 73' lang='lat' dir='ltr'><strong>cum</strong></span> <span class='ocrx_word' id='word_1_654' title='bbox 2779 4496 3006 4558; x_wconf 54' lang='lat' dir='ltr'><strong>propter</strong></span> <span class='ocrx_word' id='word_1_655' title='bbox 3041 4486 3148 4540; x_wconf 62' lang='lat' dir='ltr'><strong>alia</strong></span> <span class='ocrx_word' id='word_1_656' title='bbox 3185 4485 3369 4540; x_wconf 69' lang='lat' dir='ltr'><strong>minus</strong></span> <span class='ocrx_word' id='word_1_657' title='bbox 3395 4485 3596 4556; x_wconf 51' lang='lat' dir='ltr'><strong>placet.</strong></span> <span class='ocrx_word' id='word_1_658' title='bbox 3621 4492 3736 4537; x_wconf 68' lang='lat' dir='ltr'><strong>mm</strong></span> 
     </span>
    </p>
   </div>
   <div class='ocr_carea' id='block_1_93' title="bbox 475 4563 3736 4651">
    <p class='ocr_par' dir='ltr' id='par_1_93' title="bbox 475 4563 3736 4651">
     <span class='ocr_line' id='line_1_94' title="bbox 475 4563 3736 4651; baseline -0.005 -28"><span class='ocrx_word' id='word_1_659' title='bbox 475 4569 831 4623; x_wconf 88' lang='lat' dir='ltr'><strong>emendicatis</strong></span> <span class='ocrx_word' id='word_1_660' title='bbox 863 4566 993 4622; x_wconf 86' lang='lat' dir='ltr'><strong>hinc</strong></span> <span class='ocrx_word' id='word_1_661' title='bbox 1017 4565 1143 4622; x_wconf 87' lang='lat' dir='ltr'><strong>inde</strong></span> <span class='ocrx_word' id='word_1_662' title='bbox 1183 4563 1383 4634; x_wconf 86' lang='lat' dir='ltr'><strong>plumis</strong></span> <span class='ocrx_word' id='word_1_663' title='bbox 1424 4577 1712 4638; x_wconf 85' lang='lat' dir='ltr'><strong>germanos</strong></span> <span class='ocrx_word' id='word_1_664' title='bbox 1737 4577 1974 4633; x_wconf 84' lang='lat' dir='ltr'><strong>pavones</strong></span> <span class='ocrx_word' id='word_1_665' title='bbox 2005 4577 2064 4618; x_wconf 88' lang='lat' dir='ltr'><strong>se</strong></span> <span class='ocrx_word' id='word_1_666' title='bbox 2164 4584 2234 4638; x_wconf 74' lang='lat' dir='ltr'><strong>ob</strong></span> <span class='ocrx_word' id='word_1_667' title='bbox 2291 4584 2398 4636; x_wconf 68' lang='lat' dir='ltr'><strong>hoc</strong></span> <span class='ocrx_word' id='word_1_668' title='bbox 2445 4579 2760 4651; x_wconf 52' lang='lat' dir='ltr'><strong>praecipue.</strong></span> <span class='ocrx_word' id='word_1_669' title='bbox 2797 4577 2946 4649; x_wconf 69' lang='lat' dir='ltr'><strong>quod</strong></span> <span class='ocrx_word' id='word_1_670' title='bbox 2991 4575 3054 4630; x_wconf 78' lang='grc' dir='ltr'><strong>τδ</strong></span> <span class='ocrx_word' id='word_1_671' title='bbox 3105 4573 3461 4646; x_wconf 66' lang='grc' dir='ltr'><strong>τετραπόδων</strong></span> <span class='ocrx_word' id='word_1_672' title='bbox 3515 4575 3631 4630; x_wconf 60' lang='lat' dir='ltr'><strong>si&quot;,</strong></span> <span class='ocrx_word' id='word_1_673' title='bbox 3685 4589 3736 4628; x_wconf 66' lang='grc' dir='ltr'>,ν</span> 
     </span>
    </p>
   </div>
   <div class='ocr_carea' id='block_1_94' title="bbox 475 4660 817 4729">
    <p class='ocr_par' dir='ltr' id='par_1_94' title="bbox 475 4660 817 4729">
     <span class='ocr_line' id='line_1_95' title="bbox 475 4660 817 4729; baseline -0.009 -15"><span class='ocrx_word' id='word_1_674' title='bbox 475 4660 817 4729; x_wconf 83' lang='lat' dir='ltr'><strong>pollicentur.</strong></span> 
     </span>
    </p>
   </div>
   <div class='ocr_carea' id='block_1_95' title="bbox 549 4743 2061 4822">
    <p class='ocr_par' dir='ltr' id='par_1_95' title="bbox 549 4743 2061 4822">
     <span class='ocr_line' id='line_1_96' title="bbox 549 4743 2061 4822; baseline -0.001 -18"><span class='ocrx_word' id='word_1_675' title='bbox 549 4750 678 4822; x_wconf 86' lang='lat' dir='ltr'><strong>Pag.</strong></span> <span class='ocrx_word' id='word_1_676' title='bbox 716 4751 839 4806; x_wconf 69' lang='grc'><strong>104.</strong></span> <span class='ocrx_word' id='word_1_677' title='bbox 875 4749 1044 4806; x_wconf 77' lang='lat' dir='ltr'><strong>Multa</strong></span> <span class='ocrx_word' id='word_1_678' title='bbox 1075 4759 1264 4805; x_wconf 89' lang='lat' dir='ltr'><strong>narrat</strong></span> <span class='ocrx_word' id='word_1_679' title='bbox 1295 4748 1520 4818; x_wconf 65' lang='lat' dir='ltr'><strong>hialalas</strong></span> <span class='ocrx_word' id='word_1_680' title='bbox 1550 4745 1620 4803; x_wconf 89' lang='lat' dir='ltr'><strong>de</strong></span> <span class='ocrx_word' id='word_1_681' title='bbox 1663 4745 1870 4814; x_wconf 89' lang='lat' dir='ltr'><strong>Proeto,</strong></span> <span class='ocrx_word' id='word_1_682' title='bbox 1899 4743 2061 4803; x_wconf 90' lang='lat' dir='ltr'><strong>Sthe-</strong></span> 
     </span>
    </p>
   </div>
   <div class='ocr_carea' id='block_1_96' title="bbox 476 4836 2060 4912">
    <p class='ocr_par' dir='ltr' id='par_1_96' title="bbox 476 4836 2060 4912">
     <span class='ocr_line' id='line_1_97' title="bbox 476 4836 2060 4912; baseline -0.007 -14"><span class='ocrx_word' id='word_1_683' title='bbox 476 4844 673 4898; x_wconf 72' lang='lat' dir='ltr'><strong>nehma</strong></span> <span class='ocrx_word' id='word_1_684' title='bbox 708 4850 761 4896; x_wconf 94' lang='lat' dir='ltr'><strong>ct</strong></span> <span class='ocrx_word' id='word_1_685' title='bbox 793 4841 1234 4912; x_wconf 87' lang='lat' dir='ltr'><strong>Bellerophonte,</strong></span> <span class='ocrx_word' id='word_1_686' title='bbox 1269 4837 1455 4902; x_wconf 85' lang='grc' dir='ltr'>καθὼς</span> <span class='ocrx_word' id='word_1_687' title='bbox 1493 4836 1870 4908; x_wconf 62' lang='grc' dir='ltr'>συνεγράψαντο</span> <span class='ocrx_word' id='word_1_688' title='bbox 1897 4837 2060 4907; x_wconf 83' lang='grc' dir='ltr'>Εὐρι-</span> 
     </span>
    </p>
   </div>
   <div class='ocr_carea' id='block_1_97' title="bbox 477 4928 2058 5003">
    <p class='ocr_par' dir='ltr' id='par_1_97' title="bbox 477 4928 2058 5003">
     <span class='ocr_line' id='line_1_98' title="bbox 477 4928 2058 5003; baseline -0.001 -19"><span class='ocrx_word' id='word_1_689' title='bbox 477 4933 638 5002; x_wconf 83' lang='grc' dir='ltr'>πίδης</span> <span class='ocrx_word' id='word_1_690' title='bbox 691 4933 720 4986; x_wconf 84' lang='grc' dir='ltr'>ὁ</span> <span class='ocrx_word' id='word_1_691' title='bbox 750 4932 1014 5003; x_wconf 79' lang='grc' dir='ltr'>τραγικὸς</span> <span class='ocrx_word' id='word_1_692' title='bbox 1046 4932 1277 5002; x_wconf 79' lang='grc' dir='ltr'><strong>ποιητὴς</strong></span> <span class='ocrx_word' id='word_1_693' title='bbox 1325 4929 1621 5000; x_wconf 76' lang='grc' dir='ltr'>πληρώσας</span> <span class='ocrx_word' id='word_1_694' title='bbox 1645 4928 1706 4982; x_wconf 81' lang='grc' dir='ltr'>τὸ</span> <span class='ocrx_word' id='word_1_695' title='bbox 1731 4929 1936 5000; x_wconf 82' lang='grc' dir='ltr'>δρᾶμα.</span> <span class='ocrx_word' id='word_1_696' title='bbox 1969 4928 2058 4982; x_wconf 89' lang='lat' dir='ltr'><strong>lu-</strong></span> 
     </span>
    </p>
   </div>
   <div class='ocr_carea' id='block_1_98' title="bbox 476 5019 2059 5096">
    <p class='ocr_par' dir='ltr' id='par_1_98' title="bbox 476 5019 2059 5096">
     <span class='ocr_line' id='line_1_99' title="bbox 476 5019 2059 5096; baseline -0.003 -18"><span class='ocrx_word' id='word_1_697' title='bbox 476 5027 662 5096; x_wconf 83' lang='lat' dir='ltr'><strong>tellige</strong></span> <span class='ocrx_word' id='word_1_698' title='bbox 693 5024 763 5080; x_wconf 90' lang='lat' dir='ltr'><strong>de</strong></span> <span class='ocrx_word' id='word_1_699' title='bbox 788 5024 974 5080; x_wconf 80' lang='lat' dir='ltr'><strong>fabula</strong></span> <span class='ocrx_word' id='word_1_700' title='bbox 1007 5024 1358 5084; x_wconf 70' lang='lat' dir='ltr'><strong>Stheneboea,</strong></span> <span class='ocrx_word' id='word_1_701' title='bbox 1395 5023 1556 5089; x_wconf 76' lang='lat' dir='ltr'><strong>cuius</strong></span> <span class='ocrx_word' id='word_1_702' title='bbox 1590 5023 1795 5076; x_wconf 82' lang='lat' dir='ltr'><strong>mentio</strong></span> <span class='ocrx_word' id='word_1_703' title='bbox 1825 5021 1881 5074; x_wconf 90' lang='lat' dir='ltr'><strong>fit</strong></span> <span class='ocrx_word' id='word_1_704' title='bbox 1917 5019 2059 5090; x_wconf 88' lang='lat' dir='ltr'><strong>apud</strong></span> 
     </span>
    </p>
   </div>
   <div class='ocr_carea' id='block_1_99' title="bbox 475 5113 2056 5184">
    <p class='ocr_par' dir='ltr' id='par_1_99' title="bbox 475 5113 2056 5184">
     <span class='ocr_line' id='line_1_100' title="bbox 475 5113 2056 5184; baseline -0.003 -14"><span class='ocrx_word' id='word_1_705' title='bbox 475 5117 822 5181; x_wconf 78' lang='lat' dir='ltr'><strong>Athena-um,</strong></span> <span class='ocrx_word' id='word_1_706' title='bbox 871 5117 1174 5182; x_wconf 70' lang='lat' dir='ltr'><strong>Stobmum,</strong></span> <span class='ocrx_word' id='word_1_707' title='bbox 1197 5116 1357 5170; x_wconf 84' lang='lat' dir='ltr'><strong>alios.</strong></span> <span class='ocrx_word' id='word_1_708' title='bbox 1392 5113 1572 5170; x_wconf 75' lang='lat' dir='ltr'><strong>Julius</strong></span> <span class='ocrx_word' id='word_1_709' title='bbox 1599 5114 1810 5184; x_wconf 78' lang='lat' dir='ltr'><strong>Pollux,</strong></span> <span class='ocrx_word' id='word_1_710' title='bbox 1845 5114 1942 5168; x_wconf 89' lang='lat' dir='ltr'><strong>lib.</strong></span> <span class='ocrx_word' id='word_1_711' title='bbox 1975 5129 2056 5177; x_wconf 91' lang='grc' dir='ltr'>ιιι,</span> 
     </span>
    </p>
   </div>
   <div class='ocr_carea' id='block_1_100' title="bbox 476 5203 2056 5279">
    <p class='ocr_par' dir='ltr' id='par_1_100' title="bbox 476 5203 2056 5279">
     <span class='ocr_line' id='line_1_101' title="bbox 476 5203 2056 5279; baseline -0.001 -19"><span class='ocrx_word' id='word_1_712' title='bbox 476 5226 595 5278; x_wconf 81' lang='lat' dir='ltr'><strong>rap.</strong></span> <span class='ocrx_word' id='word_1_713' title='bbox 621 5208 653 5261; x_wconf 78' lang='grc' dir='ltr'>ι</span> <span class='ocrx_word' id='word_1_714' title='bbox 679 5227 692 5262; x_wconf 87' lang='lat'><strong>:</strong></span> <span class='ocrx_word' id='word_1_715' title='bbox 722 5205 953 5279; x_wconf 64' lang='grc' dir='ltr'>Εῖριβαι</span> <span class='ocrx_word' id='word_1_716' title='bbox 979 5206 1039 5260; x_wconf 80' lang='grc' dir='ltr'>δὲ</span> <span class='ocrx_word' id='word_1_717' title='bbox 1067 5206 1340 5279; x_wconf 74' lang='grc' dir='ltr'><strong>ξεναπὰτη</strong></span> <span class='ocrx_word' id='word_1_718' title='bbox 1366 5207 1495 5276; x_wconf 82' lang='grc' dir='ltr'>παρ’</span> <span class='ocrx_word' id='word_1_719' title='bbox 1528 5205 1817 5278; x_wconf 78' lang='grc' dir='ltr'>Εὐριπίδῃ.</span> <span class='ocrx_word' id='word_1_720' title='bbox 1851 5203 2056 5261; x_wconf 86' lang='lat' dir='ltr'><strong>Nomen</strong></span> 
     </span>
    </p>
   </div>
   <div class='ocr_carea' id='block_1_101' title="bbox 364 5299 2058 5371">
    <p class='ocr_par' dir='ltr' id='par_1_101' title="bbox 364 5299 2058 5371">
     <span class='ocr_line' id='line_1_102' title="bbox 364 5299 2058 5371; baseline -0.001 -16"><span class='ocrx_word' id='word_1_721' title='bbox 364 5345 372 5355; x_wconf 86' lang='lat'><strong>.</strong></span> <span class='ocrx_word' id='word_1_722' title='bbox 478 5301 758 5371; x_wconf 73' lang='lat' dir='ltr'><strong>tragmdia:</strong></span> <span class='ocrx_word' id='word_1_723' title='bbox 796 5316 908 5356; x_wconf 89' lang='lat' dir='ltr'><strong>non</strong></span> <span class='ocrx_word' id='word_1_724' title='bbox 937 5312 1365 5367; x_wconf 87' lang='lat' dir='ltr'><strong>commemorat;</strong></span> <span class='ocrx_word' id='word_1_725' title='bbox 1393 5299 1615 5356; x_wconf 89' lang='lat' dir='ltr'><strong>aliunde</strong></span> <span class='ocrx_word' id='word_1_726' title='bbox 1635 5307 1816 5354; x_wconf 90' lang='lat' dir='ltr'><strong>tamen</strong></span> <span class='ocrx_word' id='word_1_727' title='bbox 1852 5302 2058 5355; x_wconf 86' lang='lat' dir='ltr'><strong>scimus</strong></span> 
     </span>
    </p>
   </div>
   <div class='ocr_carea' id='block_1_102' title="bbox 481 5392 2054 5466">
    <p class='ocr_par' dir='ltr' id='par_1_102' title="bbox 481 5392 2054 5466">
     <span class='ocr_line' id='line_1_103' title="bbox 481 5392 2054 5466; baseline 0.001 -21"><span class='ocrx_word' id='word_1_728' title='bbox 481 5395 622 5447; x_wconf 76' lang='lat' dir='ltr'><strong>hanc</strong></span> <span class='ocrx_word' id='word_1_729' title='bbox 656 5409 780 5448; x_wconf 85' lang='lat' dir='ltr'><strong>esse</strong></span> <span class='ocrx_word' id='word_1_730' title='bbox 802 5395 870 5448; x_wconf 83' lang='lat' dir='ltr'><strong>de</strong></span> <span class='ocrx_word' id='word_1_731' title='bbox 893 5409 999 5464; x_wconf 86' lang='lat' dir='ltr'><strong>qua</strong></span> <span class='ocrx_word' id='word_1_732' title='bbox 1022 5395 1252 5466; x_wconf 86' lang='lat' dir='ltr'><strong>agimus,</strong></span> <span class='ocrx_word' id='word_1_733' title='bbox 1274 5392 1685 5449; x_wconf 72' lang='lat' dir='ltr'><strong>Sthenebmam.</strong></span> <span class='ocrx_word' id='word_1_734' title='bbox 1717 5393 2054 5456; x_wconf 75' lang='grc' dir='ltr'>Ξεναιίιὰτας,</span> 
     </span>
    </p>
   </div>
   <div class='ocr_carea' id='block_1_103' title="bbox 481 5479 2057 5555">
    <p class='ocr_par' dir='ltr' id='par_1_103' title="bbox 481 5479 2057 5555">
     <span class='ocr_line' id='line_1_104' title="bbox 481 5479 2057 5555; baseline -0.003 -19"><span class='ocrx_word' id='word_1_735' title='bbox 481 5483 554 5536; x_wconf 85' lang='lat' dir='ltr'><strong>ait</strong></span> <span class='ocrx_word' id='word_1_736' title='bbox 587 5483 815 5543; x_wconf 68' lang='lat' dir='ltr'><strong>Photjua</strong></span> <span class='ocrx_word' id='word_1_737' title='bbox 850 5499 980 5555; x_wconf 77' lang='lat' dir='ltr'><strong>ms.,</strong></span> <span class='ocrx_word' id='word_1_738' title='bbox 1016 5483 1160 5546; x_wconf 78' lang='grc' dir='ltr'>ἰδίως</span> <span class='ocrx_word' id='word_1_739' title='bbox 1189 5483 1280 5537; x_wconf 74' lang='grc' dir='ltr'><strong>ἐπὶ</strong></span> <span class='ocrx_word' id='word_1_740' title='bbox 1313 5482 1442 5536; x_wconf 83' lang='grc' dir='ltr'>τῶν.</span> <span class='ocrx_word' id='word_1_741' title='bbox 1479 5523 1491 5535; x_wconf 93' lang='grc'><strong>.</strong></span> <span class='ocrx_word' id='word_1_742' title='bbox 1527 5521 1540 5534; x_wconf 92' lang='grc'><strong>.</strong></span> <span class='ocrx_word' id='word_1_743' title='bbox 1572 5483 1700 5534; x_wconf 81' lang='grc' dir='ltr'>ὅταν</span> <span class='ocrx_word' id='word_1_744' title='bbox 1728 5479 1802 5550; x_wconf 79' lang='grc' dir='ltr'><strong>μὴ</strong></span> <span class='ocrx_word' id='word_1_745' title='bbox 1825 5479 2057 5533; x_wconf 76' lang='grc' dir='ltr'>τοιοῦτοι</span> 
     </span>
    </p>
   </div>
   <div class='ocr_carea' id='block_1_104' title="bbox 486 5571 2055 5644">
    <p class='ocr_par' dir='ltr' id='par_1_104' title="bbox 486 5571 2055 5644">
     <span class='ocr_line' id='line_1_105' title="bbox 486 5571 2055 5644; baseline -0.001 -20"><span class='ocrx_word' id='word_1_746' title='bbox 486 5573 720 5626; x_wconf 79' lang='grc' dir='ltr'>πνὲωσιν</span> <span class='ocrx_word' id='word_1_747' title='bbox 779 5575 968 5644; x_wconf 82' lang='grc' dir='ltr'>ἄνεμοι</span> <span class='ocrx_word' id='word_1_748' title='bbox 1021 5575 1078 5627; x_wconf 87' lang='grc' dir='ltr'><strong>ὲν</strong></span> <span class='ocrx_word' id='word_1_749' title='bbox 1137 5577 1250 5636; x_wconf 78' lang='grc' dir='ltr'>τοῖς</span> <span class='ocrx_word' id='word_1_750' title='bbox 1304 5572 1621 5640; x_wconf 77' lang='grc' dir='ltr'>πελάγεσιν,</span> <span class='ocrx_word' id='word_1_751' title='bbox 1655 5573 1830 5625; x_wconf 80' lang='grc' dir='ltr'>ὁποῖοι</span> <span class='ocrx_word' id='word_1_752' title='bbox 1858 5571 1914 5623; x_wconf 80' lang='grc' dir='ltr'>ἐν</span> <span class='ocrx_word' id='word_1_753' title='bbox 1944 5571 2055 5632; x_wconf 80' lang='grc' dir='ltr'>τοῖς</span> 
     </span>
    </p>
   </div>
   <div class='ocr_carea' id='block_1_105' title="bbox 485 5659 2054 5736">
    <p class='ocr_par' dir='ltr' id='par_1_105' title="bbox 485 5659 2054 5736">
     <span class='ocr_line' id='line_1_106' title="bbox 485 5659 2054 5736; baseline -0.001 -20"><span class='ocrx_word' id='word_1_754' title='bbox 485 5663 702 5730; x_wconf 75' lang='grc' dir='ltr'>λιμέσιν</span> <span class='ocrx_word' id='word_1_755' title='bbox 761 5666 1053 5736; x_wconf 80' lang='grc' dir='ltr'>Εὐριπίδης</span> <span class='ocrx_word' id='word_1_756' title='bbox 1088 5665 1396 5734; x_wconf 69' lang='grc' dir='ltr'>Σθενεϐοίᾳ.</span> <span class='ocrx_word' id='word_1_757' title='bbox 1430 5665 1525 5728; x_wconf 79' lang='grc' dir='ltr'><strong>Τίς</strong></span> <span class='ocrx_word' id='word_1_758' title='bbox 1564 5663 1733 5732; x_wconf 79' lang='grc' dir='ltr'>ἄνδρα</span> <span class='ocrx_word' id='word_1_759' title='bbox 1781 5663 1902 5715; x_wconf 67' lang='grc' dir='ltr'>τινὰ</span> <span class='ocrx_word' id='word_1_760' title='bbox 1936 5659 2054 5726; x_wconf 79' lang='grc' dir='ltr'><strong>ξεν-</strong></span> 
     </span>
    </p>
   </div>
   <div class='ocr_carea' id='block_1_106' title="bbox 493 5749 2051 5824">
    <p class='ocr_par' dir='ltr' id='par_1_106' title="bbox 493 5749 2051 5824">
     <span class='ocr_line' id='line_1_107' title="bbox 493 5749 2051 5824; baseline -0.004 -14"><span class='ocrx_word' id='word_1_761' title='bbox 493 5749 724 5810; x_wconf 59' lang='grc' dir='ltr'><strong>ξπάταν.</strong></span> <span class='ocrx_word' id='word_1_762' title='bbox 753 5751 938 5807; x_wconf 82' lang='lat' dir='ltr'><strong>Scribe</strong></span> <span class='ocrx_word' id='word_1_763' title='bbox 967 5770 1142 5810; x_wconf 85' lang='lat' dir='ltr'><strong>autem</strong></span> <span class='ocrx_word' id='word_1_764' title='bbox 1167 5756 1216 5810; x_wconf 89' lang='lat' dir='ltr'><strong>in</strong></span> <span class='ocrx_word' id='word_1_765' title='bbox 1237 5755 1454 5809; x_wconf 74' lang='lat' dir='ltr'><strong>Polluce</strong></span> <span class='ocrx_word' id='word_1_766' title='bbox 1481 5753 2051 5824; x_wconf 47' lang='lat' dir='ltr'><strong>Eavzzétmﬁpparct</strong></span> 
     </span>
    </p>
   </div>
   <div class='ocr_carea' id='block_1_107' title="bbox 2163 4665 3732 4744">
    <p class='ocr_par' dir='ltr' id='par_1_107' title="bbox 2163 4665 3732 4744">
     <span class='ocr_line' id='line_1_108' title="bbox 2163 4665 3732 4744; baseline -0.004 -17"><span class='ocrx_word' id='word_1_767' title='bbox 2163 4665 2407 4744; x_wconf 85' lang='lat' dir='ltr'><strong>priorum</strong></span> <span class='ocrx_word' id='word_1_768' title='bbox 2436 4671 2638 4744; x_wconf 87' lang='lat' dir='ltr'><strong>pedum</strong></span> <span class='ocrx_word' id='word_1_769' title='bbox 2666 4684 2929 4724; x_wconf 87' lang='lat' dir='ltr'><strong>mensura</strong></span> <span class='ocrx_word' id='word_1_770' title='bbox 2959 4683 3074 4722; x_wconf 90' lang='lat' dir='ltr'><strong>non</strong></span> <span class='ocrx_word' id='word_1_771' title='bbox 3105 4668 3266 4723; x_wconf 87' lang='lat' dir='ltr'><strong>debet</strong></span> <span class='ocrx_word' id='word_1_772' title='bbox 3299 4668 3353 4722; x_wconf 92' lang='lat' dir='ltr'><strong>in</strong></span> <span class='ocrx_word' id='word_1_773' title='bbox 3388 4665 3732 4721; x_wconf 88' lang='lat' dir='ltr'><strong>dimidiatum</strong></span> 
     </span>
    </p>
   </div>
   <div class='ocr_carea' id='block_1_108' title="bbox 2161 4757 3734 4829">
    <p class='ocr_par' dir='ltr' id='par_1_108' title="bbox 2161 4757 3734 4829">
     <span class='ocr_line' id='line_1_109' title="bbox 2161 4757 3734 4829; baseline -0.008 -7"><span class='ocrx_word' id='word_1_774' title='bbox 2161 4767 2388 4822; x_wconf 80' lang='lat' dir='ltr'><strong>verbum</strong></span> <span class='ocrx_word' id='word_1_775' title='bbox 2429 4763 2708 4820; x_wconf 84' lang='lat' dir='ltr'><strong>desinere.</strong></span> <span class='ocrx_word' id='word_1_776' title='bbox 2777 4760 2925 4815; x_wconf 86' lang='lat' dir='ltr'><strong>Idem</strong></span> <span class='ocrx_word' id='word_1_777' title='bbox 2977 4757 3318 4814; x_wconf 88' lang='lat' dir='ltr'><strong>Plutarchus</strong></span> <span class='ocrx_word' id='word_1_778' title='bbox 3369 4757 3506 4829; x_wconf 75' lang='grc' dir='ltr'>Περὶ</span> <span class='ocrx_word' id='word_1_779' title='bbox 3538 4757 3630 4811; x_wconf 81' lang='grc' dir='ltr'><strong>τοῦ</strong></span> <span class='ocrx_word' id='word_1_780' title='bbox 3663 4757 3734 4828; x_wconf 76' lang='grc' dir='ltr'>μὴ</span> 
     </span>
    </p>
   </div>
   <div class='ocr_carea' id='block_1_109' title="bbox 2160 4849 3730 4932">
    <p class='ocr_par' dir='ltr' id='par_1_109' title="bbox 2160 4849 3730 4932">
     <span class='ocr_line' id='line_1_110' title="bbox 2160 4849 3730 4932; baseline -0.006 -23"><span class='ocrx_word' id='word_1_781' title='bbox 2160 4859 2297 4932; x_wconf 78' lang='grc' dir='ltr'>χρᾷν</span> <span class='ocrx_word' id='word_1_782' title='bbox 2322 4855 2572 4926; x_wconf 77' lang='grc' dir='ltr'>ἔμμετρα</span> <span class='ocrx_word' id='word_1_783' title='bbox 2603 4853 2697 4908; x_wconf 78' lang='grc' dir='ltr'>νῦν</span> <span class='ocrx_word' id='word_1_784' title='bbox 2721 4855 2818 4922; x_wconf 76' lang='grc' dir='ltr'><strong>τὴν</strong></span> <span class='ocrx_word' id='word_1_785' title='bbox 2841 4851 3070 4906; x_wconf 80' lang='grc' dir='ltr'>Πυθίαν.</span> <span class='ocrx_word' id='word_1_786' title='bbox 3111 4851 3170 4904; x_wconf 84' lang='grc' dir='ltr'>Ὀ</span> <span class='ocrx_word' id='word_1_787' title='bbox 3209 4849 3254 4904; x_wconf 78' lang='grc' dir='ltr'>δ’</span> <span class='ocrx_word' id='word_1_788' title='bbox 3279 4849 3604 4919; x_wconf 77' lang='grc' dir='ltr'>Εὐριπίδης,</span> <span class='ocrx_word' id='word_1_789' title='bbox 3637 4849 3730 4911; x_wconf 85' lang='lat' dir='ltr'><strong>ait,</strong></span> 
     </span>
    </p>
   </div>
   <div class='ocr_carea' id='block_1_110' title="bbox 2161 4937 3731 5016">
    <p class='ocr_par' dir='ltr' id='par_1_110' title="bbox 2161 4937 3731 5016">
     <span class='ocr_line' id='line_1_111' title="bbox 2161 4937 3731 5016; baseline 0.024 -12"><span class='ocrx_word' id='word_1_790' title='bbox 2161 4949 2354 5010; x_wconf 80' lang='grc' dir='ltr'>εἰπὼν.</span> <span class='ocrx_word' id='word_1_791' title='bbox 2381 4946 2456 5012; x_wconf 77' lang='grc' dir='ltr'>ὥς</span> <span class='ocrx_word' id='word_1_792' title='bbox 2481 4947 2721 5001; x_wconf 79' lang='grc' dir='ltr'>διδάσκει</span> <span class='ocrx_word' id='word_1_793' title='bbox 2755 4944 2985 5016; x_wconf 74' lang='grc' dir='ltr'><strong>ποιητὴν</strong></span> <span class='ocrx_word' id='word_1_794' title='bbox 3018 4943 3180 5015; x_wconf 60' lang='grc' dir='ltr'><strong>έρωῖο</strong></span> <span class='ocrx_word' id='word_1_795' title='bbox 3225 4942 3328 4996; x_wconf 53' lang='grc' dir='ltr'><strong>κᾶν</strong></span> <span class='ocrx_word' id='word_1_796' title='bbox 3357 4942 3596 5012; x_wconf 37' lang='lat' dir='ltr'><strong>aﬂuant;</strong></span> <span class='ocrx_word' id='word_1_797' title='bbox 3676 4940 3731 4993; x_wconf 60' lang='grc' dir='ltr'><strong>τὸ</strong></span> 
     </span>
    </p>
   </div>
   <div class='ocr_carea' id='block_1_111' title="bbox 2161 5036 3730 5114">
    <p class='ocr_par' dir='ltr' id='par_1_111' title="bbox 2161 5036 3730 5114">
     <span class='ocr_line' id='line_1_112' title="bbox 2161 5036 3730 5114; baseline -0.005 -18"><span class='ocrx_word' id='word_1_798' title='bbox 2161 5043 2310 5114; x_wconf 70' lang='grc' dir='ltr'>πρὶν,</span> <span class='ocrx_word' id='word_1_799' title='bbox 2335 5041 2554 5108; x_wconf 81' lang='grc' dir='ltr'><strong>ἐνόησεν</strong></span> <span class='ocrx_word' id='word_1_800' title='bbox 2575 5041 2681 5101; x_wconf 68' lang='grc' dir='ltr'>ὅτι,</span> <span class='ocrx_word' id='word_1_801' title='bbox 2709 5048 2766 5094; x_wconf 88' lang='lat' dir='ltr'><strong>et</strong></span> <span class='ocrx_word' id='word_1_802' title='bbox 2792 5055 2914 5110; x_wconf 75' lang='lat' dir='ltr'><strong>quae</strong></span> <span class='ocrx_word' id='word_1_803' title='bbox 2945 5049 3274 5105; x_wconf 81' lang='lat' dir='ltr'><strong>sequuntur.</strong></span> <span class='ocrx_word' id='word_1_804' title='bbox 3291 5036 3476 5092; x_wconf 59' lang='lat' dir='ltr'><strong>t‘iicias</strong></span> <span class='ocrx_word' id='word_1_805' title='bbox 3495 5037 3730 5092; x_wconf 86' lang='lat' dir='ltr'><strong>medicus</strong></span> 
     </span>
    </p>
   </div>
   <div class='ocr_carea' id='block_1_112' title="bbox 2160 5131 3167 5206">
    <p class='ocr_par' dir='ltr' id='par_1_112' title="bbox 2160 5131 3167 5206">
     <span class='ocr_line' id='line_1_113' title="bbox 2160 5131 3167 5206; baseline -0.007 -18"><span class='ocrx_word' id='word_1_806' title='bbox 2160 5135 2302 5206; x_wconf 83' lang='lat' dir='ltr'><strong>apud</strong></span> <span class='ocrx_word' id='word_1_807' title='bbox 2336 5133 2524 5189; x_wconf 73' lang='lat' dir='ltr'><strong>Srltol.</strong></span> <span class='ocrx_word' id='word_1_808' title='bbox 2555 5131 2832 5186; x_wconf 85' lang='lat' dir='ltr'><strong>Theocriti</strong></span> <span class='ocrx_word' id='word_1_809' title='bbox 2869 5133 3024 5201; x_wconf 78' lang='lat' dir='ltr'><strong>l-lyll.</strong></span> <span class='ocrx_word' id='word_1_810' title='bbox 3070 5147 3119 5184; x_wconf 79' lang='grc' dir='ltr'><strong>ιιι</strong></span> <span class='ocrx_word' id='word_1_811' title='bbox 3155 5147 3167 5181; x_wconf 90' lang='lat'>:</span> 
     </span>
    </p>
   </div>
   <div class='ocr_carea' id='block_1_113' title="bbox 2157 5220 3728 5293">
    <p class='ocr_par' dir='ltr' id='par_1_113' title="bbox 2157 5220 3728 5293">
     <span class='ocr_line' id='line_1_114' title="bbox 2157 5220 3728 5293; baseline -0.003 -14"><span class='ocrx_word' id='word_1_812' title='bbox 2157 5221 2270 5279; x_wconf 81' lang='grc' dir='ltr'><strong>Ἦν</strong></span> <span class='ocrx_word' id='word_1_813' title='bbox 2300 5225 2388 5293; x_wconf 81' lang='grc' dir='ltr'><strong>ἄρ’</strong></span> <span class='ocrx_word' id='word_1_814' title='bbox 2417 5224 2642 5291; x_wconf 70' lang='grc' dir='ltr'><strong>ἀληθὲς</strong></span> <span class='ocrx_word' id='word_1_815' title='bbox 2664 5224 2860 5282; x_wconf 74' lang='grc' dir='ltr'>τοῦτο,</span> <span class='ocrx_word' id='word_1_816' title='bbox 2905 5224 3202 5288; x_wconf 74' lang='grc' dir='ltr'>Θεόκριτεο</span> <span class='ocrx_word' id='word_1_817' title='bbox 3237 5225 3291 5276; x_wconf 79' lang='grc' dir='ltr'>οἱ</span> <span class='ocrx_word' id='word_1_818' title='bbox 3335 5223 3445 5293; x_wconf 75' lang='grc' dir='ltr'><strong>γὰρ</strong></span> <span class='ocrx_word' id='word_1_819' title='bbox 3487 5220 3728 5289; x_wconf 78' lang='grc' dir='ltr'><strong>ἐρῶντες</strong></span> 
     </span>
    </p>
   </div>
   <div class='ocr_carea' id='block_1_114' title="bbox 2158 5292 3724 5360">
    <p class='ocr_par' dir='ltr' id='par_1_114' title="bbox 2158 5292 3724 5360">
     <span class='ocr_line' id='line_1_115' title="bbox 2158 5292 3724 5360; baseline -0.003 -11"><span class='ocrx_word' id='word_1_820' title='bbox 2158 5292 2426 5350; x_wconf 69' lang='grc' dir='ltr'>Πολλάκι</span> <span class='ocrx_word' id='word_1_821' title='bbox 2455 5295 2703 5360; x_wconf 79' lang='grc' dir='ltr'><strong>ποιητὰς</strong></span> <span class='ocrx_word' id='word_1_822' title='bbox 2731 5293 3018 5356; x_wconf 72' lang='grc' dir='ltr'>ἐδίδαξαν</span> <span class='ocrx_word' id='word_1_823' title='bbox 3052 5293 3194 5356; x_wconf 84' lang='grc' dir='ltr'>τοὺς</span> <span class='ocrx_word' id='word_1_824' title='bbox 3231 5293 3374 5358; x_wconf 67' lang='grc' dir='ltr'><em>πρὶν</em></span> <span class='ocrx_word' id='word_1_825' title='bbox 3405 5292 3724 5358; x_wconf 81' lang='grc' dir='ltr'>ἀμούσους.</span> 
     </span>
    </p>
   </div>
   <div class='ocr_carea' id='block_1_115' title="bbox 2159 5383 3727 5458">
    <p class='ocr_par' dir='ltr' id='par_1_115' title="bbox 2159 5383 3727 5458">
     <span class='ocr_line' id='line_1_116' title="bbox 2159 5383 3727 5458; baseline -0.006 -16"><span class='ocrx_word' id='word_1_826' title='bbox 2159 5386 2264 5442; x_wconf 84' lang='lat' dir='ltr'><strong>Sed</strong></span> <span class='ocrx_word' id='word_1_827' title='bbox 2291 5403 2403 5458; x_wconf 90' lang='lat' dir='ltr'><strong>quo</strong></span> <span class='ocrx_word' id='word_1_828' title='bbox 2438 5402 2525 5441; x_wconf 88' lang='lat' dir='ltr'><strong>me</strong></span> <span class='ocrx_word' id='word_1_829' title='bbox 2554 5401 2774 5455; x_wconf 87' lang='lat' dir='ltr'><strong>cunque</strong></span> <span class='ocrx_word' id='word_1_830' title='bbox 2799 5384 3031 5453; x_wconf 77' lang='lat' dir='ltr'><strong>recipio,</strong></span> <span class='ocrx_word' id='word_1_831' title='bbox 3063 5385 3250 5438; x_wconf 84' lang='lat' dir='ltr'><strong>omnia</strong></span> <span class='ocrx_word' id='word_1_832' title='bbox 3275 5383 3566 5454; x_wconf 87' lang='lat' dir='ltr'><strong>conspicio</strong></span> <span class='ocrx_word' id='word_1_833' title='bbox 3588 5397 3727 5438; x_wconf 88' lang='lat' dir='ltr'><strong>men-</strong></span> 
     </span>
    </p>
   </div>
   <div class='ocr_carea' id='block_1_116' title="bbox 2157 5476 3724 5548">
    <p class='ocr_par' dir='ltr' id='par_1_116' title="bbox 2157 5476 3724 5548">
     <span class='ocr_line' id='line_1_117' title="bbox 2157 5476 3724 5548; baseline -0.006 -14"><span class='ocrx_word' id='word_1_834' title='bbox 2157 5479 2242 5534; x_wconf 88' lang='lat' dir='ltr'><strong>dis</strong></span> <span class='ocrx_word' id='word_1_835' title='bbox 2277 5490 2335 5534; x_wconf 84' lang='lat' dir='ltr'><strong>et;</strong></span> <span class='ocrx_word' id='word_1_836' title='bbox 2369 5479 2600 5534; x_wconf 88' lang='lat' dir='ltr'><strong>maculis</strong></span> <span class='ocrx_word' id='word_1_837' title='bbox 2634 5478 2946 5548; x_wconf 87' lang='lat' dir='ltr'><strong>inquinata.</strong></span> <span class='ocrx_word' id='word_1_838' title='bbox 2968 5476 3108 5532; x_wconf 85' lang='lat' dir='ltr'><strong>Ecce</strong></span> <span class='ocrx_word' id='word_1_839' title='bbox 3123 5477 3269 5530; x_wconf 85' lang='lat' dir='ltr'><strong>enim</strong></span> <span class='ocrx_word' id='word_1_840' title='bbox 3292 5485 3346 5531; x_wconf 86' lang='lat' dir='ltr'><strong>et</strong></span> <span class='ocrx_word' id='word_1_841' title='bbox 3369 5477 3500 5531; x_wconf 88' lang='lat' dir='ltr'><strong>huic</strong></span> <span class='ocrx_word' id='word_1_842' title='bbox 3522 5477 3724 5532; x_wconf 83' lang='lat' dir='ltr'><strong>medico</strong></span> 
     </span>
    </p>
   </div>
   <div class='ocr_carea' id='block_1_117' title="bbox 2157 5565 3721 5636">
    <p class='ocr_par' dir='ltr' id='par_1_117' title="bbox 2157 5565 3721 5636">
     <span class='ocr_line' id='line_1_118' title="bbox 2157 5565 3721 5636; baseline -0.007 -13"><span class='ocrx_word' id='word_1_843' title='bbox 2157 5569 2429 5623; x_wconf 89' lang='lat' dir='ltr'><strong>medicina</strong></span> <span class='ocrx_word' id='word_1_844' title='bbox 2464 5566 2774 5622; x_wconf 85' lang='lat' dir='ltr'><strong>adhibenda</strong></span> <span class='ocrx_word' id='word_1_845' title='bbox 2809 5574 2915 5620; x_wconf 85' lang='lat' dir='ltr'><strong>est.</strong></span> <span class='ocrx_word' id='word_1_846' title='bbox 2941 5565 3306 5621; x_wconf 84' lang='lat' dir='ltr'><strong>Serihendum</strong></span> <span class='ocrx_word' id='word_1_847' title='bbox 3341 5573 3448 5629; x_wconf 80' lang='lat' dir='ltr'><strong>est,</strong></span> <span class='ocrx_word' id='word_1_848' title='bbox 3485 5567 3721 5636; x_wconf 77' lang='lat' dir='ltr'><strong>inquam,</strong></span> 
     </span>
    </p>
   </div>
   <div class='ocr_carea' id='block_1_118' title="bbox 2156 5678 3238 5753">
    <p class='ocr_par' dir='ltr' id='par_1_118' title="bbox 2156 5678 3238 5753">
     <span class='ocr_line' id='line_1_119' title="bbox 2156 5678 3238 5753; baseline -0.003 -18"><span class='ocrx_word' id='word_1_849' title='bbox 2156 5681 2304 5753; x_wconf 68' lang='lat'><strong>[2‘2].</strong></span> <span class='ocrx_word' id='word_1_850' title='bbox 2347 5720 2366 5753; x_wconf 74' lang='lat'><strong>_.</strong></span> <span class='ocrx_word' id='word_1_851' title='bbox 2399 5723 2412 5734; x_wconf 94' lang='lat'><strong>.</strong></span> <span class='ocrx_word' id='word_1_852' title='bbox 2455 5723 2469 5735; x_wconf 98' lang='lat'><strong>.</strong></span> <span class='ocrx_word' id='word_1_853' title='bbox 2505 5718 2520 5733; x_wconf 93' lang='lat'><strong>.</strong></span> <span class='ocrx_word' id='word_1_854' title='bbox 2556 5721 2570 5734; x_wconf 92' lang='lat'><strong>.</strong></span> <span class='ocrx_word' id='word_1_855' title='bbox 2614 5721 2639 5753; x_wconf 93' lang='lat'><strong>._</strong></span> <span class='ocrx_word' id='word_1_856' title='bbox 2673 5722 2686 5734; x_wconf 92' lang='lat'><strong>.</strong></span> <span class='ocrx_word' id='word_1_857' title='bbox 2727 5678 2962 5753; x_wconf 40' lang='grc' dir='ltr'>καλ-γὰρ</span> <span class='ocrx_word' id='word_1_858' title='bbox 2995 5681 3238 5753; x_wconf 77' lang='grc' dir='ltr'>Ἔρωτες</span> 
     </span>
    </p>
   </div>
   <div class='ocr_carea' id='block_1_119' title="bbox 2154 5748 3722 5821">
    <p class='ocr_par' dir='ltr' id='par_1_119' title="bbox 2154 5748 3722 5821">
     <span class='ocr_line' id='line_1_120' title="bbox 2154 5748 3722 5821; baseline -0.001 -17"><span class='ocrx_word' id='word_1_859' title='bbox 2154 5748 2688 5821; x_wconf 65' lang='lat' dir='ltr'><strong>llo.1.1¢ixt:tomtl‘tq</strong></span> <span class='ocrx_word' id='word_1_860' title='bbox 2733 5751 3017 5812; x_wconf 70' lang='grc' dir='ltr'>ἐδίδαξαν</span> <span class='ocrx_word' id='word_1_861' title='bbox 3054 5750 3188 5812; x_wconf 69' lang='grc' dir='ltr'><strong>τοὺς</strong></span> <span class='ocrx_word' id='word_1_862' title='bbox 3223 5748 3366 5816; x_wconf 57' lang='grc' dir='ltr'><strong>πρὶν</strong></span> <span class='ocrx_word' id='word_1_863' title='bbox 3394 5749 3722 5818; x_wconf 62' lang='grc' dir='ltr'><strong>ἀμούσους.</strong></span> 
     </span>
    </p>
   </div>
  </div>
