3988 6136
421 356 529 420 735

1284 338 1397 411 ’ΒΕ
1429 345 1751 411 JOANNIS
1778 344 2117 405 MALALzE'
2146 340 2797 407 CllllOXOGllAPIIIA

3597 342 3702 405 736

421 481 555 536 ergo
593 464 661 519 de
686 464 872 519 Minoe
923 477 1131 533 proavo
1170 462 1333 531 longa
1372 460 1647 515 dubitatio
1685 466 1792 522 est,
1820 456 1954 528 quin
1984 471 2015 511 e
2046 468 2086 519 Α
2118 456 2334 513 Latinis
2361 457 2585 527 quidem
2618 455 2848 527 legitimi
2884 460 3015 510 sunt
3047 454 3307 510 numeri?
3359 453 3417 509 in
3457 454 3703 538 secundo

424 571 658 613 numero
681 558 929 611 vivorum
964 553 1173 625 pridem
1207 564 1334 609 ante
1372 550 1696 625 excesserit.
1727 549 1842 605 lmo
1879 563 2007 604 vero

425 666 457 703 a
501 648 719 703 filiabus
753 646 939 701 Cocali
978 645 1291 701 trucidatus
1323 655 1431 711 est,
1483 645 1529 701 si
1586 642 1827 723 Eusebio
1850 642 2007 710 ﬁdes,

425 742 578 810 prius
605 739 830 795 circiter
883 738 1160 805 triennio;
1205 737 1328 801 sed,
1365 736 1673 793 secundum
1713 734 2009 790 exactissi-

426 846 569 886 mam
624 832 898 887 rationem
969 830 1229 887 Gulielmi
1305 829 1506 885 Lloidii
1575 828 1824 899 episcopi
1862 828 2051 882 'Asa-'

424 922 677 991 pltensis,
1170 981 1195 997 ~

426 1010 543 1084 [25]
590 1011 851 1081 Ἀνδρὸς,
888 1012 962 1066 ὃν
994 1012 1119 1066 οὔτ’
1152 1011 1346 1066 αὶνεῐν
1370 1011 1529 1064 τοῖσι
1564 1010 1803 1065 κακοῖσι
1821 1009 2007 1079 θέμις,

423 1113 555 1160 ante
577 1106 740 1160 annis
764 1103 965 1159 solidis
999 1113 1236 1175 quatuor
1269 1114 1325 1159 et
1359 1103 1581 1174 viginti,
1610 1118 1777 1174 quam
1808 1102 2010 1157 Atreus

424 1212 656 1267 regnum
691 1204 1030 1266 capesseret.
1058 1196 1237 1263 Quam
1280 1195 1353 1249 ob
1403 1210 1517 1250 rem
1547 1194 1693 1249 haud
1728 1194 1889 1248 facile
1916 1209 2012 1262 pa-

426 1287 556 1350 tior,
586 1293 648 1339 ut
682 1294 946 1355 corrupta
997 1285 1088 1339 illa
1125 1286 1290 1341 verba
1327 1285 1576 1340 Erotiani
1619 1284 1919 1354 Εὐριπίδης
1953 1286 2012 1336 ὲν

423 1375 619 1428 Κλεισὶ
681 1375 859 1446 magis
917 1374 1206 1442 magisque
1249 1388 1279 1427 a
1339 1372 1535 1427 Grotio
1593 1373 2007 1441 depraventur:

425 1466 548 1530 sed,
578 1465 729 1535 quod
784 1465 853 1519 ad
887 1466 1163 1536 vulgatam
1205 1466 1498 1520 lectionem
1556 1464 1809 1534 proxime
1847 1476 2011 1517 acre-

423 1556 527 1619 dit,
564 1566 759 1609 auctor
784 1571 905 1611 esse
930 1557 1129 1619 ausim,
1167 1565 1225 1609 ut
1251 1557 1477 1625 posthac
1522 1557 1579 1608 ὲν
1605 1541 1800 1624 Κρησὶ
1836 1552 2012 1608 corri-

424 1639 708 1718 gaturJta
745 1654 921 1701 totum
963 1648 1067 1701 erit
1095 1647 1326 1718 simplex
1364 1654 1418 1702 et
1458 1662 1651 1711 unuut,
1682 1645 1870 1699 omnia
1905 1642 2011 1699 sibi

423 1739 787 1803 constabunt,
824 1728 1073 1805 belleque
1126 1738 1462 1792 convenient
1493 1752 1507 1790 :
1541 1734 1741 1801 Minos,
1806 1735 2011 1790 chorus

424 1838 753 1899 mystarum,
791 1828 1088 1899 Pasiphae,
1118 1818 1346 1885 'lcarus.
1387 1827 1508 1883 Non
1555 1844 1700 1899 opus
1731 1827 1835 1882 erit
1863 1827 2005 1882 κλώ-

425 1919 542 1974 θειν
567 1920 635 1973 τὰ
657 1920 1043 1988 ἀσύγκλωστα.
1092 1921 1309 1985 Restat,
1343 1930 1402 1975 ttt
1451 1920 1520 1975 de
1543 1916 1653 1974 loci
1688 1918 1852 1989 hujus
1882 1917 2011 1973 Por-

427 2009 680 2079 phyriani
713 2010 871 2065 miris
910 2009 1130 2080 quidem
1166 2008 1343 2064 modis
1374 2007 1623 2064 mendosi
1651 2008 1889 2063 lectione
1911 2022 2003 2063 acv

425 2106 641 2164 curate,
675 2108 943 2169 quantum
980 2101 1035 2155 in
1093 2101 1250 2156 nobis
1277 2084 1383 2167 est,
1424 2108 1480 2156 et
1516 2100 1789 2170 exquisite
1816 2099 2007 2170 dispu-

424 2199 606 2247 temus
641 2210 656 2247 ε

603 2282 1016 2356 ’ξῌκωγζαθέους
1048 2284 1210 2356 ναοὺς
1246 2284 1549 2356 προλιπὼν,

598 2352 706 2426 ρῦς
723 2354 1016 2426 αὐθιγενὴς
1040 2352 1310 2426 τμηθεϊσᾴ
1330 2354 1468 2426 δρῦς
1491 2354 1571 2425 (a)

603 2372 706 2416 υυς
723 2372 1016 2426 αυυιγενης
1040 2372 1310 2426 τμηυεισα
1338 2372 1468 2476 06pm;
1491 2372 1571 2425 ta)

603 2423 1165 2495 ges-{avobgrtapéxst
1194 2424 1342 2478 Χαλύ
1383 2443 1428 2494 ῳ
1450 2425 1692 2491 πελέκει,

598 2493 709 2566 ﬁcti
740 2493 1089 2566 caupoaérptp
1108 2493 1195 2565 '(b)
1221 2493 1446 2566 κραθεῖ-

596 2559 654 2614 Σ’
685 2559 951 2634 ἀτρεκξοῦς
975 2559 1282 2635 (ἐ)’ἀρμοὺξ
1314 2566 1681 2637 κυπαρίσσου.

421 2669 557 2737 Qua
589 2670 666 2726 ita
688 2675 856 2728 vertit
878 2673 964 2727 CI.
996 2672 1221 2728 Grotius
1252 2690 1265 2726 :

600 2776 1020 2856 Sacra'advenio
1050 2787 1243 2855 templa
1269 2787 1568 2856 relinquens
1600 2804 1620 2843 :

601 2854 750 2920 Quas
795 2857 976 2927 prisca
998 2856 1194 2927 domos
1229 2856 1374 2910 dedit
1405 2854 1655 2927 indigena

601 2928 844 2992 Quercus
870 2926 1111 2997 Chalgba
1142 2937 1287 2980 secta
1318 2926 1560 2994 bipenni,

616 2997 880 3067 Taurique
909 2996 1235 3066 sibi’glutinc
1255 2997 1488 3067 jungens

600 3066 677 3121 De
715 3066 838 3122 uera
864 3068 1010 3137 tigna
1038 3083 1312 3136 cupressu.
1357 3126 1366 3134 ,

2041 1802 2082 1856 Β

423 3164 581 3219 Haud
619 3163 696 3217 ita
734 3161 919 3216 facere
949 3160 1114 3215 debet
1135 3161 1229 3228 qui
1264 3160 1584 3229 interpretis
1625 3162 1853 3217 munere
1891 3163 2008 3216 fun-
2036 3155 2078 3211 C

421 3257 591 3326 gitur.
622 3251 805 3308 Nolim
846 3266 972 3306 eum
1007 3251 1062 3305 in
1096 3252 1320 3306 caeteris
1379 3253 1604 3321 scriptis
1627 3254 1818 3308 eodem
1847 3257 2006 3308 modo

423 3343 827 3412 intliligentem.
862 3339 1017 3397 Unde
1059 3343 1205 3396 enim
1279 3342 1449 3412 ἁρμοὶ
1488 3351 1619 3397 sunt
1660 3344 2004 3414 tigna?quid

422 3437 533 3491 ista
559 3435 664 3490 sibi
697 3435 815 3489 vult
838 3450 959 3488 vera
987 3434 1321 3504 cupressus?
1346 3436 1457 3489 Cur
1473 3446 1657 3504 spreta
1682 3444 1768 3491 est
1789 3437 2005 3506 vulgata

422 3524 722 3597 Porphyrii
759 3524 928 3579 lectio
960 3524 1254 3594 ἀτρεκείςῖ
1278 3522 1391 3578 Cur
1431 3523 1679 3578 Erotiani
1705 3526 2006 3581 auctoritas

422 3617 735 3687 repudiata,
766 3616 860 3686 qui
913 3616 1095 3670 locum
1134 3616 1282 3670 hunc
1313 3615 1435 3671 ideo
1484 3617 1697 3680 citavit,
1731 3622 1794 3670 ut
1820 3624 2008 3671 osten-

423 3709 580 3764 deret
604 3709 859 3779 ἀτρεκείς
901 3707 1086 3778 ἁρμὰς
1106 3723 1217 3761 non
1238 3707 1553 3779 signiﬁcare
1580 3706 1800 3778 ἀληθεῖς
1833 3724 2002 3773 ueras,

326 3846 333 3853 .
425 3798 519 3854 sed
554 3799 831 3869 ἀκριϐεῖς,
868 3809 1052 3852 arctas
1109 3812 1306 3869 nempe
1341 3810 1390 3852 et
1444 3807 1662 3852 exactas
1705 3815 2001 3870 compages.

425 3892 560 3961 Ejus
628 3891 793 3945 verba
849 3898 982 3946 sunt
1042 3891 1201 3947 ha-c:
1240 3890 1351 3944 Kal.
1394 3890 1694 3961 Εὐριπιδης
1730 3893 1789 3944 ὲν
1814 3890 2005 3945 Κλεισί

425 3981 555 4051 (leg.
577 3978 781 4049 Κρησί)
803 3995 988 4049 φησιν,
1014 3979 1176 4033 Ἥκω
1205 3977 1481 4045 ζαθέους,
1528 3988 1662 4045 etc.,
1684 3980 2006 4047 κολληθεις

420 4071 690 4139 ἁτρεκεῖς
716 4068 912 4140 ἀρμὰς
936 4088 950 4102 ο
982 4071 1086 4124 οὐκ
1110 4066 1266 4125 εἶπεν
1304 4069 1582 4140 Ἀληθεῖς
1627 4054 1845 4142 ἇρμὰς,
1889 4073 2004 4127 ἀλλ’

419 4163 701 4231 ἀκριϐεῖς.
740 4164 834 4219 Sic
864 4163 1262 4233 corrigendum
1295 4179 1419 4219 esse
1452 4163 1613 4221 facile
1656 4165 1883 4234 videbit,
1914 4164 2003 4221 cui

420 4254 487 4308 ad
514 4271 737 4309 manum
760 4263 847 4315 est
901 4256 1202 4311 Erotianus
1243 4256 1453 4327 :vulgo
1503 4256 1650 4312 enim
1693 4271 2002 4326 perperam,

418 4348 843 4422 ἀλλ’ᾁτρεκεῖς.
882 4350 1147 4419 Apagesis
1207 4356 1388 4415 autem
1452 4351 1745 4406 barbarum
1788 4351 1919 4407 illud
1949 4361 2006 4408 et

420 4439 690 4493 soloecum
725 4437 843 4511 [26]
871 4440 1242 4511 ταυροδέτρῳ,
1290 4455 1402 4510 quo
1456 4441 1625 4498 verbo
1670 4444 1858 4499 nullus
1904 4461 2006 4499 un-

420 4547 587 4600 quam
635 4532 872 4601 scriptor
938 4541 1026 4588 est
1076 4549 1234 4598 usus,
1280 4544 1377 4589 aut
1426 4548 1526 4604 per
1558 4534 1865 4607 analogiam
1927 4537 2005 4592 ttti

423 4624 821 4695 puterit.Quin
879 4626 1046 4680 etiam
1096 4635 1155 4682 et
1209 4626 1394 4682 versui
1466 4628 1779 4683 consultum
1844 4643 2012 4699 opor-

419 4716 543 4769 tuit.
583 4716 718 4782 Quis
755 4717 926 4784 enim,
957 4719 1051 4788 qui
1118 4734 1230 4773 non
1280 4719 1622 4790 negligenter
1667 4719 1723 4774 in
1782 4721 1867 4776 his
1913 4720 2008 4774 lit-

421 4807 559 4861 teris
611 4816 868 4863 versatus
915 4819 1019 4873 est,
1061 4809 1196 4864 illud
1252 4811 1480 4866 omnino
1532 4811 1773 4881 probare
1832 4812 2008 4882 possit

417 4899 528 4951 Καὶ
555 4899 902 4971 ταυροδέτρῳ
928 4900 1126 4971 κραθεῖ
1157 4930 1225 4941 --
1254 4901 1555 4957 dimetrutn
1603 4902 1820 4958 scilicet
1881 4903 2004 4957 bra-

417 4990 863 5060 cltycatalertum
896 5032 910 5054 ,

416 5082 625 5133 veniat.
675 5081 901 5136 Allirmo
977 5083 1074 5137 tibi
1143 5084 1419 5140 neminem
1507 5099 1678 5138 unum
1730 5085 2000 5156 tragicum

417 5169 767 5225 eomicumve
816 5171 870 5225 in
935 5186 1002 5227 eo
1058 5173 1183 5228 loco
1241 5174 1346 5228 hoc
1410 5180 1647 5227 tnetrutn
1699 5173 2004 5239 adhibere;

418 5262 596 5314 multo
622 5260 787 5314 etiam
825 5263 1032 5327 minus,
1065 5264 1212 5333 quod
1266 5263 1516 5320 Erotiani
1552 5264 1830 5335 scriptura
1870 5281 2007 5321 con-

416 5353 602 5407 stituit
631 5354 743 5408 Kal
769 5356 1085 5427 ταυροόέτῳ
1141 5356 1446 5428 κολληθείς.
1488 5354 1630 5424 Quid
1662 5358 1808 5427 quod
1844 5373 1914 5413 ne
1952 5358 2007 5412 itt

2112 562 2272 603 versu
2298 564 2431 617 quas
2464 548 2869 615 prisca'domos
2912 546 3060 601 dedit
3099 545 3349 618 indigena
3383 546 3701 617 tribrachys

2108 646 2194 694 est
2227 639 2351 693 loco
2394 640 2656 709 anapaesti
2688 639 2774 695 vel
2832 640 3218 709 cujuscunque
3270 639 3425 709 pedis
3461 650 3701 709 quatuor

2114 735 2448 798 temporum.
2481 727 2638 794 Quod
2666 728 2864 784 vitium
2904 743 3200 784 commune
3230 726 3535 784 Grotioest
3574 744 3696 783 cum

2108 818 2223 875 Jos.
2262 819 2564 891 Scaligero,
2597 819 2749 876 Flor.
2813 820 3156 886 Christiano,
3190 822 3458 893 aliisque,
3474 822 3695 891 opinor,

2109 913 2371 967 omnibus
2401 912 2494 982 qui
2525 914 2734 968 saeculo
2758 912 2866 968 hoc
2902 923 2959 969 et
3019 914 3311 984 superiore
3355 913 3442 968 vel
3495 923 3698 983 tragte-

2110 1002 2233 1057 dias
2257 1001 2479 1058 Graecas
2509 1000 2704 1058 Latine
2751 1011 3063 1067 verterunt,
3095 1002 3183 1057 vel
3214 1002 3325 1072 ipsi~
3351 1003 3695 1073 scripserunt

2113 1109 2281 1149 novas
2305 1113 2318 1148 :
2341 1095 2548 1165 quibus
2573 1096 2822 1151 solemne
2850 1100 2940 1151 est
2955 1105 3265 1166 anapaestos
3297 1110 3435 1151 suos
3466 1096 3691 1164 passim,

2111 1185 2205 1240 ubi
2242 1186 2396 1240 nulla
2422 1187 2675 1242 clausula
2708 1198 2794 1244 est
2818 1179 3007 1257 neque
3022 1188 3463 1258 interpunctum,
3497 1187 3697 1242 tribra-

2111 1277 2200 1332 chi
2233 1278 2318 1331 vel
2373 1276 2615 1332 trochao
2653 1278 2739 1333 vel
2795 1279 2998 1334 cretico
3024 1281 3360 1344 terminare;
3403 1279 3488 1333 vel
3518 1279 3693 1354 etiam

2111 1368 2314 1431 vocali,
2353 1377 2448 1422 aut
2476 1368 2661 1424 littera
2697 1369 2745 1423 M
2778 1370 2958 1436 linire,
2994 1386 3154 1426 versu
3188 1370 3441 1442 proximo
3475 1371 3546 1425 ab
3588 1371 3694 1424 alia

2111 1459 2293 1512 vocali
2335 1459 2421 1513 vel
2464 1458 2506 1513 ll
2553 1460 2871 1529 incipiente.
2902 1461 3122 1517 Scilicet
3149 1462 3313 1516 etiam
3360 1461 3451 1516 hic
3480 1473 3540 1516 ttt
3564 1462 3691 1515 alibi

2112 1558 2449 1620 postremam
2508 1552 2564 1606 in
2617 1568 2778 1608 versu
2841 1534 3107 1625 syllabam
3163 1570 3516 1610 communem
3574 1571 3693 1610 esse

2113 1640 2547 1697 arbitrabantur.
2580 1641 2673 1697 Nae
2707 1644 2822 1712 isti,
2851 1645 2899 1699 si
2923 1647 3056 1700 olim
3082 1656 3265 1701 stante
3297 1662 3355 1699 re
3384 1645 3574 1701 Graeca
3611 1648 3691 1701 vel

2114 1731 2362 1794 Romana
2402 1748 2533 1790 suas
2600 1734 2811 1792 fabulas
2862 1736 3192 1804 edidissent,
3237 1738 3426 1795 sibilis
3465 1746 3522 1792 et
3548 1737 3691 1791 κλωο

2111 1825 2273 1894 γμοῖς
2310 1840 2530 1880 escena
2563 1826 2774 1892 explosi
2818 1827 3072 1883 fuissent.
3117 1827 3239 1883 Non
3279 1827 3430 1883 enim
3488 1827 3691 1883 Graecis

2112 1926 2177 1967 ea
2208 1912 2425 1966 licentia
2453 1915 2750 1982 permissa,

2188 2001 2300 2056 Nec
2361 2002 2489 2057 data
2544 2003 2795 2059 Romanis
2864 2006 3013 2060 venia
3085 2016 3161 2061 est
3226 2006 3443 2077 indigna
3503 2007 3688 2073 poetis.

2111 2092 2219 2148 Fas
2255 2102 2373 2148 erat
2402 2094 2671 2151 duntaxat
2711 2111 2933 2152 versum
2988 2098 3162 2162 illum,
3205 2099 3297 2167 qui
3327 2097 3693 2166 parmntiaeus

2112 2183 2344 2251 dicitur,
2392 2185 2636 2242 trochaeo
2700 2186 2983 2243 claudere.
3034 2187 3111 2241 Eo
3176 2203 3353 2257 usque
3393 2203 3505 2242 non
3531 2188 3695 2241 aliter

2111 2278 2430 2333 continuari
2456 2279 2732 2334 debebant
2772 2281 3033 2349 anapzesti
3082 2281 3168 2336 vel
3204 2296 3367 2350 pares
3407 2290 3696 2350 anapaesto

2109 2369 2300 2439 pedes,
2356 2384 2421 2425 ac
2447 2371 2492 2426 si
2519 2371 2719 2427 unicus
2754 2381 2908 2427 esset
2941 2387 3159 2428 versus.
3191 2371 3336 2438 Quin
3389 2381 3465 2427 et:
3480 2371 3696 2426 Seneca

2111 2459 2383 2531 tragicus.
2429 2469 2489 2515 ut
2543 2462 2690 2517 scias
2714 2477 2838 2517 eum
2860 2461 2929 2517 de
2965 2463 3240 2519 industria
3269 2463 3695 2533 temperavisse,

2111 2551 2283 2606 semel
2329 2559 2541 2605 tantum
2599 2560 2769 2622 atque
2825 2554 3027 2607 iterum
3086 2553 3331 2607 trocltieo
3378 2561 3697 2621 anapwstos

2110 2642 2335 2707 clausit,
2369 2658 2471 2697 nec
2493 2642 2600 2697 nisi
2629 2642 2783 2697 finita
2823 2643 3094 2699 sententia
3114 2662 3126 2696 :
3148 2645 3242 2713 qui
3265 2642 3482 2699 scilicet
3510 2655 3696 2712 parce-

2110 2732 2276 2787 miaci
2325 2733 2482 2790 locus
2517 2741 2690 2799 esset,
2721 2734 2826 2789 nisi
2863 2734 2910 2789 is
2939 2732 3184 2799 scriptor
3215 2732 3407 2789 nescio
3437 2747 3539 2787 cur
3569 2747 3700 2786 ver-

2110 2840 2231 2879 sum
2282 2824 2434 2879 illum
2503 2825 2872 2894 repudiasset.
2937 2826 3160 2881 Veteres
3215 2834 3401 2880 tamen
3463 2822 3698 2877 Latinos

2109 2915 2336 2970 minime
2395 2924 2724 2986 aspernatos
2774 2932 2896 2971 esse
2935 2915 3358 2983 Parmmiacum,
3388 2913 3484 2970 sed
3516 2922 3571 2970 et
3605 2915 3701 2968 hic

2109 2995 2425 3061 Graecorum
2459 3008 2704 3079 vestigiis
2745 3008 3014 3062 institisse
3040 3007 3186 3062 scire
3216 3006 3439 3063 dabitur
3468 3022 3537 3062 ex
3568 3005 3699 3060 istis

2112 3101 2362 3169 reliquis,
2401 3100 2603 3169 iisque,
2632 3101 2686 3154 ni
2720 3099 2911 3167 fallor,
2945 3099 3102 3155 solis.

2112 3191 2299 3249 Attius
2329 3191 2581 3248 Pltinidis
2618 3210 2635 3247 :

2323 3283 2495 3338 Simul
2527 3293 2577 3338 et
2610 3285 2811 3338 circum
2841 3299 3037 3352 magna
3067 3281 3381 3352 sonantibus

2335 3352 2454 3426 [27]
2499 3353 2692 3426 Eme-ila
2715 3355 2864 3408 saxis
2897 3351 3039 3426 stiva
3071 3351 3313 3407 sonando

2326 3424 2541 3494 Crepitu
2563 3424 2839 3495 clangente
2871 3424 3217 3478 cachinnant.

2114 3521 2295 3576 Locus
2324 3529 2410 3577 est
2437 3519 2581 3589 apud
2604 3518 2847 3573 Nonium
2877 3519 2935 3572 in
2990 3517 3337 3571 cachinnare.
3376 3512 3484 3569 Sed
3534 3531 3700 3571 nemo

2113 3630 2143 3669 a
2175 3629 2264 3669 me
2318 3611 2663 3682 impetrabit,
2703 3617 2763 3665 ut
2809 3612 2978 3666 verba
3010 3609 3146 3663 Attii
3179 3623 3314 3663 sana
3337 3623 3463 3663 esse
3489 3623 3697 3664 concc-

2111 3704 2259 3759 dam.
2309 3703 2583 3770 Quorsum
2639 3701 2786 3757 enim
2841 3701 3127 3773 pertinent
3191 3717 3388 3770 magna
3447 3708 3699 3766 sa’ra,et

2111 3794 2422 3849 sonantibus
2491 3791 2773 3847 sonando?
2818 3793 3162 3847 Peccaturus
3212 3807 3358 3853 sum,
3391 3791 3470 3844 uti
3505 3805 3695 3861 spero,

2111 3885 2257 3940 intra
2285 3884 2521 3948 veniam,
2555 3883 2600 3939 si
2635 3898 2831 3953 parum
2857 3899 3123 3954 prospere
3164 3882 3499 3938 medicinam
3529 3898 3694 3952 expe-

2111 3978 2245 4034 rior.
2274 3977 2353 4031 Ex
2400 3976 2523 4046 ipso
2572 3973 2771 4030 fabulae
2819 3976 3046 4029 nomine
3089 3988 3289 4045 magna
3334 3973 3589 4043 suspicio
3616 3982 3698 4028 est

2111 4068 2179 4126 de
2217 4067 2476 4139 Harpyiis
2504 4065 2673 4122 verba
2701 4066 2845 4122 ﬁeri.
2880 4065 3063 4122 Fallor
3093 4066 3283 4135 itaque
3307 4081 3377 4118 an
3406 4067 3487 4120 sic
3513 4065 3696 4136 legen-

2111 4162 2243 4216 dum
2264 4166 2353 4214 est

2330 4248 2502 4335 §imul
2528 4259 2577 4304 et
2618 4250 2820 4332 circum
2853 4260 3042 4335 stagna
3072 4248 3391 4302 sonantibus

2325 4319 2519 4373 Excita
2550 4321 2698 4374 saxis
2731 4336 2870 4374 sava
2909 4319 3117 4374 Gelani!)

2325 4388 2542 4460 Crepitu
2571 4390 2847 4460 clangente
2878 4390 3193 4446 cachinnat.

2040 4508 2083 4563 ι)
2111 4486 2250 4542 lllud
2281 4485 2554 4555 clangente
2590 4483 2813 4554 proprie
2842 4492 2896 4538 et
2934 4492 3059 4553 apte
3100 4482 3312 4539 dictum
3340 4490 3427 4538 est
3458 4481 3529 4536 de
3562 4481 3670 4535 Har

2110 4581 2271 4651 pyiis.

2113 4672 2372 4744 Virgilius
2400 4692 2415 4729 :
2491 4705 2495 4709 ν

2315 4767 2386 4818 At
2414 4764 2603 4819 subita:
2621 4761 2875 4829 horriﬁco
2912 4759 3066 4825 lapsu
3092 4758 3156 4812 de
3188 4754 3457 4829 montibus
3499 4754 3691 4829 adsunt

2323 4834 2601 4905 Harpyias,
2628 4843 2676 4886 et
2697 4825 2902 4901 magnis
2917 4834 3167 4900 quatiunt
3190 4825 3529 4897 clangoribus
3551 4826 3687 4878 alas.

2102 4926 2250 4993 Quin
2304 4936 2361 4981 et
2426 4936 2618 4995 stagna
2643 4924 2781 4978 bene
2808 4921 3054 4991 reposui,
3108 4919 3459 4990 approbante
3492 4916 3688 4971 ibidem

975 5002 1035 5045 ιιι
1083 4992 1333 5062 proxime
1402 5002 1529 5048 ante
1606 4994 1998 5064 partnmiacum
2102 5017 2395 5089 Virg-m0:

2314 5110 2579 5165 Obscenas
2630 5105 2805 5177 pelagi
2837 5104 2980 5175 [erro
3010 5101 3213 5172 foedare
3230 5115 3487 5155 νέαισι-εδ.

2105 5198 2288 5254 Attius
2320 5197 2562 5268 Teleplto
2594 5214 2608 5250 :

2324 5289 2564 5360 Jamjam
2599 5287 2814 5357 stupido
2846 5284 3106 5340 Thessala
3134 5301 3316 5337 somno

2328 5360 2553 5415 Pectora
2595 5360 2945 5428 [anguemque
2968 5365 3279 5424 senentque.

1954 5534 2187 5593 NOTIE.

490 5685 567 5767 (ᾳ)
594 5686 886 5767 Erotianus
912 5672 1119 5767 ὅθκῳξς,
1153 5703 1308 5750 vetus
1337 5693 1505 5767 editio
1531 5694 1814 5767 Porphyrii
1841 5693 2015 5767 ὀρρός.

494 5756 564 5823 (b)
594 5755 793 5824 Porph.
848 5755 1150 5832 ταυρτιδέὲῳ
1225 5763 1489 5834 κρηθεῖσ“.
1542 5755 2016 5835 ΙΞιόἰ.”τορο)Ῐέτῳ

2130 5695 2428 5766 κολληβείς.

2200 5754 2498 5835 (ε)’1³υιῖρ1ι.
2546 5765 2838 5837 ’Δτρεκεῖ;,
2867 5762 3013 5817 Erot.
3049 5762 3297 5833 ἀτρεκεῖς
3328 5754 3537 5829 apud:-
