3988 6136
265 301 372 364 ’ἶ37
1361 293 1726 355 EPISTOLA
1763 290 1872 350 RH

2031 289 2415 382 BENTLan.
2687 277 2700 288 '
2831 279 2836 285 '
3443 285 3549 347 733

267 418 450 470 Αιιίυε
475 415 790 482 Eurysaoe;
1651 417 1653 420 ·
1895 407 1941 460 Α
1971 415 2146 468 quens
2209 414 2370 469 quam
2419 399 2474 452 in
2535 397 2708 454 Creta
2741 397 3118 450 nascebatur?
3167 396 3278 468 Ego
3314 413 3461 464 vero,
3492 409 3550 451 ut

485 504 656 572 Super
679 501 878 558 Oceani
912 509 1105 570 stagna
1137 497 1250 572 alta
1279 499 1454 566 patris
1959 492 2204 559 primum
2238 493 2416 546 oculis
2442 491 2670 546 verbum
2717 492 2850 546 illud
2906 491 3131 561 agnovi,
3168 493 3435 546 continuo
3461 492 3552 546 de-

489 571 772 628 Terrarum
807 573 1056 644 anfracta
1087 571 1338 624 renisam.

1976 585 2218 640 )rehendi
2259 587 2602 658 κυπάρισσος
2668 601 2698 640 a
2757 599 2915 656 poeta
2949 586 3216 654 scriptum
3248 601 3396 651 esse,
3441 599 3552 640 non

269 669 550 724 Pacuvius
574 664 790 734 Niptris
815 684 828 718 :

1976 679 2326 748 ιυπαρίσσου.
2359 679 2492 733 Eam
2523 679 2674 734 enim
2703 679 2818 732 illic
2871 678 3228 732 memineram
3264 693 3390 732 esse
3423 692 3554 730 vere

487 797 562 840 .u.
608 797 632 840 ._
669 755 902 825 Operite,
939 752 1225 840 abscedite,
1244 751 1476 840 jamjam

1976 769 2266 839 ιύθιγενῆ,
2305 780 2362 826 et
2407 771 2686 827 Creticam
2734 781 3022 840 propterea
3054 769 3320 838 appellari
3359 784 3388 820 a
3425 767 3556 822 Plu-

485 829 687 882 Mittite
721 843 738 880 :
770 843 892 878 nam
934 833 1226 876 attrectatu
1259 833 1306 875 et
1347 835 1545 890 quassu

489 899 693 928 Cum...“
726 895 1066 928 nnanln‘ﬁnnto“
1105 893 1344 928 [Inlue-nm

1976 829 2152 915 .arclio
2183 829 2309 915 ενἮ
2348 862 2632 928 Ἰσθμικὴν
2675 829 2852 913 πίτυν·
2884 861 2918 928 ἦ
2951 829 3238 928 Κρηίιι-κὴν
3278 859 3558 928 κυπάρισ-

721 875 1087 963 βεαιίδί
1104 895 1136 945 tl
1146 875 1370 946 olorem:

1976 875 2195 915 .arcno:
2240 875 2309 915 "ﬂ
2353 875 2632 932 Ἰσθμικὴν
2675 875 2835 913 πιτυν
2884 875 2918 929 η
2952 875 3238 928 λρητικην
3278 875 3466 929 κυπαρ

269 991 448 1046 Anius
815 947 835 1038 ἐ
1957 966 2084 1002 σονο
2126 951 2270 1006 sicut
2297 960 2353 1008 et
2400 952 2594 1009 Idaeam
2664 949 2780 1020 [29]
2815 966 2845 1002 a
2891 948 3173 1003 Nicandro
3198 957 3251 1002 et
3275 947 3509 1016 Virgilio
3537 965 3552 1003 :

483 1079 598 1133 Heu
624 1080 742 1147 quis
769 1077 931 1132 salsis
947 1075 1188 1146 ﬂuctibu’
1217 1075 1432 1130 mandet
1957 1061 2258 1132 Σπέρματα
2300 1061 2640 1132 βουπλεύρου
2686 1077 2748 1112 τε
2805 1061 2902 1112 καὶ
2949 1059 3148 1129 Ἰδαίης
3186 1057 3556 1128 κυπαρίσσου.

483 1148 575 1229 Alc
601 1164 667 1229 ea:
700 1149 918 1229 sublimi
943 1147 1134 1201 uertice
1159 1147 1326 1229 saxi?
1405 1215 1417 1228 .
1958 1148 2072 1203 Nec
2105 1152 2261 1204 salici
2294 1152 2506 1221 lotoque
2537 1167 2706 1221 neque
2741 1148 2910 1202 Idmis
2948 1149 3258 1226 cyparissis.

489 1217 732 1288 Jamjam
765 1220 1054 1271 absumor:
1085 1217 1300 1285 conﬁcit
1327 1217 1564 1270 animum
2032 1260 2236 1288 mh,“
2263 1279 2350 1288 _____
2408 1217 2474 1288 [ﬂ
2536 1217 2906 1288 ληήηη-Μη
2937 1217 3169 1288 ,ξ’-λη
3263 1263 3397 1288 ιω,
3459 1265 3505 1288 _,

2027 1260 2239 1316 Plinius
2263 1279 2372 1326 xvr,
2408 1264 2497 1326 55,
2533 1265 2599 1316 (le
2640 1277 2908 1331 cupresso
2937 1263 3172 1331 loquens
3205 1303 3220 1326 ,
3259 1263 3419 1331 Huic,
3458 1265 3557 1330 ait.

273 1381 418 1436 Idem
443 1380 590 1451 apud
611 1379 728 1434 Cic.
763 1394 798 1432 ιι
837 1377 1060 1432 Tuscul.
1094 1393 1148 1430 ε(
1186 1377 1343 1434 Unde
1375 1377 1518 1448 ignis
1539 1377 1686 1432 lucet
1707 1390 1856 1431 mor—

1976 1355 2134 1407 iatria
2190 1354 2370 1408 insula
2413 1355 2622 1408 Creta:
2665 1371 2782 1408 cum
2833 1353 2966 1409 Cato
3040 1353 3381 1408 Tarentinam
3435 1373 3554 1410 eam

275 1445 498 1522 talibus-
537 1469 678 1522 clam
742 1467 1004 1522 divisus?
1050 1482 1176 1522 eum
1228 1445 1426 1522 doctus
1491 1466 1857 1522 Prometheus
1960 1447 2209 1514 αΡΡθηοε,
2235 1447 2394 1500 στεάο
2419 1448 2557 1516 (μλοά
2586 1447 2816 1514 Plinium
2847 1463 2906 1500 εο
2933 1448 3128 1500 vellem
3162 1461 3180 1498 -'
3207 1454 3256 1500 ετ
3293 1447 3348 1500 in
3372 1445 3553 1500 ιΕηα·

275 1561 546 1631 clepsisse
579 1559 707 1613 dolo
739 1571 1040 1630 prensaque
1069 1557 1190 1614 Jovi
1229 1558 1344 1612 fato
1367 1558 1700 1628 expendisse
1766 1573 1861 1612 su-

1976 1539 2044 1590 -ia
2073 1538 2285 1602 succisa
2307 1539 2650 1608 regerminat.
2676 1537 2855 1591 Simili
2892 1551 3028 1592 sane
3059 1536 3370 1602 tralatione,
3395 1553 3561 1608 quam

275 1628 490 1722 pre'mo.
527 1670 548 1704 ,
589 1649 696 1717 Qui
739 1652 896 1706 locus
931 1628 1014 1706 έίο
1049 1650 1116 1706 ad
1149 1661 1464 1722 anapaestos
1505 1666 1638 1707 suos
1661 1659 1744 1707 εει
1775 1666 1860 1705 τε,
1961 1629 2248 1698 Euripides
2302 1629 2478 1683 Creta:
2513 1628 2823 1698 indigenam
2869 1635 3054 1694 vocat,
3079 1629 3130 1682 ei
3163 1630 3396 1696 patriam
3439 1645 3564 1684 esse

277 1717 604 1798 aucendus:
1259 1717 1278 1722 ’
1892 1735 1937 1792 Β
1963 1718 2182 1774 Cretam
2241 1717 2453 1772 Plinius
2500 1728 2913 1772 commemorat.
2953 1718 3060 1772 Sed
3114 1719 3172 1772 in
3210 1717 3333 1786 ejus
3375 1719 3562 1774 verbis

496 1832 844 1888 cndu-anei;
869 1833 1002 1887 clue,
1036 1833 1430 1888 immortalibus
1961 1811 2174 1864 macula
2231 1809 2376 1863 inest
2433 1808 2764 1873 fmdissima,
2819 1823 3141 1877 quanquam
3201 1809 3345 1864 haud
3405 1808 3564 1863 valde

494 1889 812 1974 Clamd’iris
833 1905 987 1957 nimis
1011 1905 1196 1957 doctus
1226 1903 1303 1974 (d)
1322 1903 1670 1959 Prometheus
1959 1900 2372 1962 δυσέκπλυτος.ο
2407 1898 2618 1969 Quippe
2673 1913 2772 1967 pro
2823 1889 2970 1953 Earia
3004 1913 3112 1951 non
3150 1911 3346 1968 magna
3386 1905 3564 1950 muta-

513 1974 606 2060 ΞΒ]
623 1973 902 2060 ιςρξὶεερ
923 1974 1069 2037 dolo,
1093 1989 1384 2060 poenasque
1401 1974 1522 2029 Jovi

1976 1991 2111 2045 .ione
2142 1991 2436 2060 legendum
2473 1999 2557 2044 est
2591 1993 2782 2043 Tarra.
2841 1987 3126 2057 Siquidem
3163 1987 3565 2056 interpretatur

547 2043 658 2096 urti
680 2043 992 2112 expendisse
1021 2059 1285 2112 supremo.

278 2137 350 2193 Ut
403 2135 471 2190 ad
541 2135 912 2207 Porphyrium
976 2144 1262 2202 revertar;
1296 2135 1432 2191 illud
1477 2137 1672 2204 utique
1719 2135 1865 2192 scire

281 2230 472 2298 cupio,
507 2242 620 2296 quo
651 2226 980 2302 auctorevir
1011 2227 1297 2282 illustriss.
1340 2225 1686 2298 ταυροδέτρῳ
1727 2242 1864 2295 κρα-

276 2324 436 2376 θεῖσα
495 2321 590 2374 de“
627 2313 1104 2388 conglutinatione
1166 2318 1470 2387 acceperit.
1540 2315 1680 2371 Nam
1731 2333 1868 2388 κρα-

275 2416 458 2478 θεῖσα,
487 2411 598 2468 nisi
631 2411 818 2474 omnia
857 2425 942 2464 me
967 2408 1186 2476 fallunt,
1225 2419 1311 2466 est
1339 2411 1606 2481 permista
1643 2415 1698 2464 et
1727 2416 1866 2462 tem-

277 2515 494 2578 perata,
557 2517 668 2558 non
727 2501 1028 2570 conjuncta
1083 2510 1140 2558 et
1200 2513 1488 2572 compacta
1546 2516 1564 2555 :
1613 2500 1868 2570 ταυρύδε-

275 2617 406 2671 τρον
434 2606 644 2661 autem,
667 2594 1018 2666 utprincipio
1039 2595 1174 2662 dixi,
1200 2595 1362 2665 plane
1379 2593 1703 2649 barbarum.
1725 2591 1869 2658 Quin

279 2699 336 2745 et
361 2690 688 2758 ταυρόδετος
720 2703 830 2740 non
865 2687 996 2742 alibi
1025 2687 1242 2757 reperio
1270 2705 1284 2754 ;
1341 2702 1519 2755 neque
1550 2700 1680 2741 vero
1713 2684 1874 2740 intel-

275 2781 413 2849 ligo,
445 2778 540 2848 qui
575 2777 866 2833 commode
909 2776 1021 2830 dici
1077 2777 1304 2846 poterit.
1332 2777 1402 2832 Ut
1451 2775 1762 2837 ἁλυσίδετος
1789 2781 1873 2829 est

279 2870 474 2926 ἁλύσει
504 2869 700 2930 δεθεὶς,
731 2868 1022 2939 κηρόδετος
1039 2869 1214 2939 κηρῷ,
1239 2878 1294 2924 et
1325 2871 1372 2924 si
1405 2885 1512 2940 qua
1540 2877 1670 2926 sunt
1699 2868 1806 2921 alia
1844 2882 1857 2917 :

281 2961 368 3015 sic
397 2969 454 3014 et
489 2957 814 3029 ταυρόδετος
868 2957 1035 3012 fuerit
1095 2959 1286 3030 ταύρῳ
1344 2959 1630 3028 δεδεμένος
1678 2957 1866 3029 [tauro

269 3059 632 3122 compactos,
675 3065 784 3104 non
820 3050 1032 3119 glutine
1054 3050 1324 3122 taurino].
1349 3051 1484 3104 Nam
1516 3051 1668 3120 quis,
1717 3051 1874 3105 obse-

283 3158 412 3208 cro,
443 3141 648 3212 ταῦρον
676 3140 978 3210 usurpavit
997 3141 1119 3193 ἀντὶ
1134 3141 1236 3210 τῆς
1260 3159 1360 3194 ταυ
1371 3140 1625 3212 ροκόλλας
1647 3139 1870 3194 ?Demi—

281 3250 380 3288 τοι·
405 3240 590 3287 tamen
619 3229 772 3286 unde
801 3232 896 3286 illa
927 3231 980 3285 iu
1025 3230 1315 3302 Porphyrii
1349 3238 1403 3284 et
1437 3227 1682 3284 Erotiani
1715 3231 1873 3284 codi-

281 3340 380 3380 ces
419 3321 780 3391 irrepserint.
821 3318 980 3374 Haud
1039 3336 1172 3376 sane
1227 3329 1434 3374 temere
1470 3319 1524 3374 id
1560 3319 1763 3374 factum
1796 3320 1876 3373 vi-

279 3411 448 3464 detur
476 3425 489 3460 :
515 3409 709 3476 itaque
745 3407 916 3462 haeret
953 3409 1066 3462 haec
1093 3423 1218 3475 res;
1257 3423 1434 3476 neque
1490 3415 1743 3476 prompte
1787 3423 1877 3462 ex-

283 3499 484 3570 pedire
517 3514 772 3569 possum.
803 3497 882 3552 Ne
905 3506 1088 3553 tamen
1125 3498 1436 3568 ἀσύμῦολος
1480 3500 1588 3554 huc
1618 3499 1831 3552 veniam
1859 3539 1874 3564 ,

283 3592 470 3645 donec
514 3589 728 3657 aliquid
765 3589 966 3642 melius
996 3589 1300 3653 succurrit,
1333 3603 1536 3644 censeo
1581 3599 1642 3642 ut
1677 3606 1877 3659 ταυρο-

282 3683 425 3751 δὲτῳ
466 3681 535 3756 de
561 3680 746 3734 medio
801 3679 1088 3734 auferatur
1141 3679 1288 3750 (cum
1346 3681 1466 3735 sine
1496 3695 1562 3734 eo
1605 3681 1764 3750 plena
1808 3680 1879 3734 sit

283 3774 595 3836 sententia,
627 3770 706 3841 τῷ
732 3771 1059 3842 κολληοεῖσα
1088 3772 1294 3842 ἄρμας,
1325 3787 1390 3827 ex
1425 3769 1719 3826 Homerico
1749 3773 1876 3836 isto,

1963 2083 2081 2137 haec
2107 2079 2478 2152 TheOphrasti
2531 2081 2627 2134 lib.
2677 2096 2715 2135 ll
2743 2077 2889 2133 Hist.
2925 2095 3047 2146 cap.
3097 2079 3133 2131 2
3170 2095 3184 2132 :
3215 2069 3565 2146 κυπάριττος

1962 2174 2018 2227 δὲ
2053 2173 2204 2244 παρὰ
2249 2173 2347 2243 μὲν
2373 2175 2488 2235 τοῖς
2526 2171 2709 2235 ἄλλοις
2738 2172 2850 2224 ἀπὸ
2896 2169 3236 2240 σπέρματος,
3271 2171 3329 2222 ὲν
3363 2169 3562 2238 Κρήτῃ

1963 2263 2020 2316 δὲ
2056 2263 2150 2316 καὶ
2197 2263 2306 2316 ἀπὸ
2346 2249 2637 2332 στελέχους
2678 2301 2693 2326 ,
2725 2256 2838 2314 οἷον
2867 2260 2962 2314 καὶ
2996 2260 3104 2314 ἀπὸ
3136 2259 3240 2329 τῆς
3266 2259 3472 2327 κουρᾶς
3507 2259 3566 2310 ὲν

1967 2355 2193 2426 Τάρρᾳ*
2226 2353 2376 2424 παρὰ
2404 2353 2616 2416 τούτοις
2653 2353 2762 2423 γάρ
2799 2353 2948 2404 ἐστιν
2990 2354 3024 2421 ή
3065 2350 3434 2421 κουριζομένη
3466 2365 3568 2400 κυ-

1970 2446 2251 2517 πάριττος.
2301 2444 2432 2498 Mihi
2471 2445 2695 2516 quidem
2743 2445 2850 2497 hoc
2885 2444 3092 2498 certius
3127 2455 3231 2504 est,
3269 2457 3434 2510 quam
3473 2440 3568 2493 illa

1969 2551 2090 2606 qua:
2118 2539 2262 2606 apud
2296 2535 2546 2606 Sagram.
2582 2535 2690 2589 Sed
2715 2535 2841 2604 quia
2879 2533 3174 2588 diliiculter
3205 2533 3307 2585 hoc
3337 2531 3574 2585 nonnul-

1970 2627 2039 2682 lis
2066 2639 2234 2696 atque
2261 2641 2406 2698 aegre
2435 2625 2759 2696 persuaderi
2795 2625 2976 2688 video,
3022 2624 3251 2693 agedum
3279 2641 3344 2678 ex
3378 2623 3570 2677 Solino

1975 2719 2352 2788 πειθανάγκην
2409 2719 2804 2772 admoveamus
2863 2715 3220 2784 Θετταλικὴν,
3266 2723 3327 2768 ιιι
3373 2725 3570 2770 contra

1975 2811 2021 2866 si
2051 2810 2176 2879 quis
2209 2811 2434 2873 sentiat,
2477 2807 2617 2862 nihil
2649 2807 2870 2863 sentiat.
2911 2805 3044 2875 Ejus
3081 2807 3246 2861 verba
3274 2800 3402 2860 sunt
3445 2820 3568 2875 cap.

1983 2901 2044 2954 l7
2085 2919 2100 2956 :
2135 2901 2282 2954 Mira
2315 2901 2417 2954 soli
2457 2899 2654 2954 Cretici
2709 2897 3087 2968 indulgentia:
3145 2897 3417 2974 arborarii
3446 2913 3572 2965 pro-

1980 3001 2160 3046 ventus
2207 2989 2537 3044 abundantes
2569 3005 2588 3044 :
2655 3005 2778 3042 nam
2831 2989 2890 3042 in
2940 2988 3098 3056 hujus
3141 2997 3346 3042 tantum
3374 2988 3570 3041 insqu

1900 3060 1944 3116 δ
1973 3091 2126 3148 parte
2157 3079 2480 3149 repullulant
2514 3094 2666 3133 caste
2690 3078 2947 3145 cupressi.
2977 3076 3232 3132 Profecto
3267 3087 3362 3130 aut
3397 3075 3571 3132 Tarra

1979 3172 2032 3224 in
2065 3171 2241 3226 Plinio
2273 3186 2378 3226 suo
2403 3171 2533 3240 legit
2562 3169 2807 3232 Solinus,
2841 3176 2934 3222 aut
2955 3165 3240 3222 Enariam
3265 3171 3571 3225 arbitratus

1978 3271 2061 3318 est
2116 3271 2324 3331 partem
2382 3277 2507 3316 esse
2565 3260 2759 3335 Cretie.
2809 3259 3060 3326 Quamne
3099 3268 3260 3314 antea
3299 3275 3421 3331 cap.
3455 3261 3485 3314 7
3515 3262 3572 3316 in

1979 3355 2178 3408 insulis
2205 3352 2412 3407 ltalicis
2449 3351 2802 3405 numeravit?
2830 3350 2957 3407 Oris
2985 3366 3107 3407 esse
3141 3351 3305 3406 ferrei
3356 3360 3574 3422 oportet

1980 3444 2074 3512 qui
2126 3443 2229 3497 hoc
2281 3443 2508 3498 dixerit.
2569 3442 2704 3507 Quis
2736 3449 2918 3496 autem
2969 3441 3155 3496 credat
3183 3457 3479 3511 cupressos
3516 3443 3573 3498 in

1980 3533 2205 3589 IEnaria
2241 3541 2439 3609 sponte
2470 3531 2671 3587 nasci?
2707 3530 3040 3601 Ecquisnam
3076 3531 3261 3586 isthuc
3289 3535 3571 3589 memoriae

1982 3625 2258 3696 prodidit?
2279 3641 2387 3679 non
2412 3625 2589 3694 magis
2619 3623 2935 3678 mehercule
2961 3637 3125 3692 quam
3153 3623 3292 3677 Batti
3319 3624 3574 3694 Silphion

1981 3725 2069 3769 aut
2103 3714 2376 3771 auriferas
2403 3717 2577 3770 malos
2601 3712 2990 3782 Hesperidum.
3013 3711 3216 3767 Verum
3243 3723 3303 3768 ut
3341 3715 3574 3772 ulterius

1982 3808 2422 3878 progrediamur,
2465 3809 2630 3862 etiam
2685 3805 2932 3860 Sulinum
2976 3821 3083 3860 non
3137 3805 3206 3861 ab
3237 3807 3388 3861 omni
3417 3813 3575 3876 parte

1984 3915 2180 3954 sanum
2204 3915 2328 3954 esse
2347 3900 2639 3954 existimo.
2670 3898 2837 3952 Valde
2877 3899 3022 3951 enim
3052 3898 3304 3967 suspicor
3327 3897 3401 3953 ita
3430 3900 3575 3955 scri-

1985 4002 2134 4062 ptum
2163 4005 2287 4046 esse
2321 3989 2628 4058 antiquitus
2669 4007 2682 4042 :
2722 3987 2866 4041 Nam
2897 3989 2954 4042 in
2983 3987 3158 4042 Tarra
3189 3988 3349 4055 huius
3381 3989 3576 4044 insulis

1981 4091 2133 4152 parte
2156 4079 2480 4149 repullulant
2509 4095 2528 4132 :
2550 4081 2655 4142 vel,
2679 4082 2731 4132 in
2757 4080 2914 4148 Imjus
2945 4089 3152 4133 tantum
3182 4081 3374 4134 insulae
3404 4081 3579 4134 Tarra

1985 4173 2330 4243 repullulant.
2364 4171 2476 4226 Nec
2509 4173 2655 4226 enim
2691 4187 2723 4225 a
2751 4173 2978 4240 vulgata
3018 4171 3255 4226 lectione
3285 4173 3446 4240 longe
3485 4173 3577 4226 ni—

285 3875 351 3918 ut
384 3863 627 3928 videtur,
663 3864 990 3918 adumbrata
1019 3880 1032 3915 :
1670 3929 1684 3939 _

285 3953 615 4020 Κολλητὰς
647 3953 700 4006 δ’
739 3953 1008 4020 ἐπέθηκα
1051 3954 1236 4020 θύρας
1267 3953 1536 4018 πυκινῶς
1567 3953 1875 4022 ἀραρυίας.

285 4045 476 4116 Atque
509 4047 618 4100 hoc
651 4056 814 4114 pacto
859 4045 1018 4116 βάσις
1080 4045 1186 4100 ista
1240 4046 1630 4116 ἀναπαιστική,
1687 4060 1881 4100 versus

288 4137 672 4206 videlicetqui
708 4137 1106 4205 partemiacum
1138 4137 1436 4198 antecedit,
1473 4146 1878 4190 monometrum

287 4231 396 4284 erit
429 4232 800 4284 acatalectum
829 4247 843 4296 ;
871 4239 929 4283 ut
961 4228 1212 4299 profecto
1255 4229 1580 4299 plerumque
1610 4237 1714 4293 est,
1743 4238 1796 4284 et
1828 4230 1882 4284 in

437 4262 800 4332 '_"“““""‘"“"
830 4273 843 4296 ²
871 4262 929 4283 ⁹⁶
962 4262 1212 4299 P""“"’
1255 4262 1580 4299 ν⁸⁰¹υ¹¹¹Ψ¹⁸⁵
1610 4262 1714 4293 ‘7’"
1743 4262 1796 4284 ’⁵⁵
1829 4262 1882 4284 ¹¹¹
1983 4268 2088 4322 mis
2146 4263 2386 4321 abscedo
2416 4279 2429 4316 :
2492 4278 2593 4318 nec
2651 4262 2992 4332 probabilem
3055 4277 3277 4316 causam
3333 4263 3578 4332 reperire

291 4323 400 4376 hoc
435 4323 558 4390 ipso
588 4323 814 4391 quidem
855 4323 986 4388 loco
1019 4323 1144 4392 plus
1187 4322 1405 4390 semel).
1437 4323 1647 4377 Caitera
1697 4330 1872 4377 autem

294 4428 468 4483 porro
497 4414 580 4467 sic
619 4415 878 4482 legantur
911 4430 924 4466 :

1985 4371 2235 4423 possum,
2275 4371 2376 4409 cur
2410 4351 2716 4407 abstineret
2737 4367 2856 4407 eam
2889 4362 3096 4422 partem
3119 4353 3313 4406 insulae
3348 4367 3450 4407 suo
3479 4369 3580 4408 vo-

1989 4448 2190 4483 nnhnln
2235 4445 2518 4483 nnminnrn
2587 4443 2836 4483 “inor-nni
2875 4444 3039 4483 alia":
3097 4445 3144 4483 εἰ
3175 4446 3395 4483 nnimnc
3433 4453 3578 4483 neunt

893 4443 930 4526 νεῖ
1039 4509 1076 4526 Α
1111 4524 1121 4526 ᾼ
1161 4525 1185 4526 η
1370 4506 1386 4525 η
1426 4525 1431 4526 γ
1918 4443 1960 4496 ”.
1989 4448 2200 4526 cabulo‘
2235 4445 2537 4501 nominare.
2587 4443 2836 4499 Dicerem
2875 4444 3065 4506 etiam,
3097 4445 3144 4499 si
3173 4446 3396 4499 animus
3433 4453 3581 4500 esset

516 4507 538 4524 ..
819 4509 835 4533 ι
1063 4509 1076 4525 .
1370 4506 1386 4525 ς
2185 4513 2200 4526 .

960 4507 1456 4639 ξῗιονΐξε-ἷξςιθέξξξζξς
1579 4565 1590 4574 ε
1989 4539 2252 4639 hariolari
2289 4539 2636 4639 conjectura,
2678 4535 3434 4639 similitudinem"verborum
3467 4536 3582 4591 Ca-

513 4595 608 4638 υις
639 4595 932 4645 αυυιγενης
963 4595 1237 4645 τμηυεισα
1261 4595 1456 4639 οοκους

513 4647 790 4715 Στεγανὰς
817 4647 1049 4716 παρέχει
1081 4647 1347 4700 Χαλύϐων
1382 4647 1627 4714 πελέκει,

1990 4631 2104 4684 toni
2137 4629 2505 4698 imposuisse,
2538 4643 2662 4682 cum
2711 4641 3037 4696 cupressum
3089 4624 3448 4680 Tarentinam
3481 4641 3581 4696 ap-

514 4713 639 4808 Ιξιαι
651 4713 973 4808 moneys"
985 4713 996 4716 “
1175 4785 1186 4802 ν

1988 4722 2236 4792 pellaret.
2294 4719 2575 4790 Siquidem
2619 4717 2754 4773 urbs
2799 4717 2976 4786 Cretae
3015 4716 3229 4788 Τάρρα,
3271 4713 3578 4773 Tarentum

545 4788 807 4856 Ατρεκεῖς
837 4787 1021 4857 ἄρμας
1045 4787 1408 4856 κυπάρισσος.

1989 4787 2172 4868 autem
2197 4787 2385 4883 Τάρας
2408 4821 2654 4865 vocatur.
2677 4810 2884 4863 Lanam
2903 4787 3148 4878 quidem,
3175 4817 3228 4864 et
3255 4825 3581 4879 purpuram,

521 4883 725 4972 {Adsum
756 4895 786 4930 a
811 4881 1009 4972 sqnctis
1045 4880 1272 4946 templis,
1308 4880 1516 4933 ualidas

587 4953 730 4972 “IL---
778 4950 827 4972 Σ--
877 4951 1020 4972 Ζ----..
1059 4960 1126 4972 --ι
1154 4960 1302 4972 ----ι-
1330 4966 1600 4972 -------_--__-

1992 4905 2135 4968 nte],
2161 4905 2330 4959 salem
2364 4901 2503 4972 [50],
2533 4903 2732 4964 oleam,
2764 4915 2970 4956 ceram.
3000 4915 3248 4970 porrum,
3280 4910 3587 4969 pectuncu-

529 4951 733 5028 Qnions
777 4949 1020 5028 indigena
1051 4960 1126 5002 est
1149 4960 1302 5002 sueta
1322 4966 1601 5028 cupressus

519 4991 1601 5079 ίᾶ,ξςξι“ξέξη;.ῖν”””“ι“”
1993 4999 2098 5060 los,
2154 5003 2390 5058 ostreas,
2445 5009 2662 5056 nucem,
2700 5001 3006 5055 castaneas,
3059 4991 3195 5045 licus
3257 4991 3586 5048 Tarentinas

526 5088 846 5157 Chalybum,
875 5097 1032 5156 atque
1067 5101 1244 5141 arctas
1993 5086 2359 5140 animadverti
2400 5084 2570 5138 fuisse
2602 5085 2654 5136 in
2687 5083 2868 5152 pretio
2905 5100 2917 5136 :
2970 5097 3297 5152 cupressum
3331 5082 3588 5137 Tarenti-

526 5158 816 5228 Compages
846 5159 1052 5226 glutine
1075 5161 1272 5212 vincta.

1997 5191 2121 5228 nam
2156 5175 2290 5228 cedo
2325 5175 2456 5226 mihi
2493 5187 2686 5236 unum,
2723 5172 2816 5238 qui
2851 5186 3020 5241 supra
3051 5179 3280 5227 caeteras
3327 5171 3588 5228 laudave-

307 5255 453 5308 ’λιίὴί
509 5251 683 5306 nimis
739 5258 1072 5319 occupatum
1138 5251 1328 5306 habuit
1381 5253 1626 5308 animum
1667 5258 1694 5310 ὁ
1728 5261 1894 5327 πάνυ,
1995 5265 2092 5330 rit,
2115 5271 2312 5334 printer
2338 5262 2623 5316 Catonem.
2655 5260 2858 5316 Verum
2918 5261 3022 5314 hoc
3073 5261 3276 5328 obiter,
3315 5269 3370 5315 et
3409 5263 3587 5333 magis

303 5363 435 5401 cum
465 5343 602 5399 illud
635 5342 766 5411 δρῦς
806 5343 1352 5397 comminisceretur.
1401 5345 1512 5398 Cur
1556 5347 1700 5401 enim
1733 5365 1896 5418 quer-
1993 5355 2120 5425 joco
2169 5355 2372 5408 dictum
2411 5353 2688 5415 existima,
2725 5366 2889 5420 quam
2928 5351 3076 5418 quod
3135 5351 3191 5404 in
3228 5367 3290 5405 ea
3323 5351 3425 5406 sim
3458 5367 3588 5406 sen-

305 5451 414 5494 ctzs
443 5443 736 5492 vocaretur
759 5434 1096 5504 αὐθιγενήςῖ
1136 5435 1440 5503 quid?non
1481 5435 1610 5492 alibi
1649 5449 1756 5492 tam
1793 5442 1894 5496 fre-
2007 5444 2198 5499 tentia.
2257 5442 2376 5497 Jam
2414 5442 2558 5512 quod
2609 5440 2902 5511 Euripides
2939 5441 3097 5495 istam
3159 5442 3416 5498 arborem
3449 5442 3589 5498 dicit

390 5702 470 5772 (il;
497 5701 594 5756 Vel
617 5711 788 5768 ratus,
817 5700 1023 5755 doctus.
1840 5615 2072 5754 δοτῖἶῖ.
