3988 6136
455 293 562 355 739
1300 277 1420 347 ’ΒΕ
1473 281 1796 346 JOANNIS
1835 273 2157 339 MALALE
2189 268 2841 332 CHRONOGRAPBIA
3629 259 3736 324 7&0

461 406 812 462 tirmissimas
868 401 1052 457 trabes
1114 399 1345 469 templis
1392 397 1730 468 praebuisse;
1773 393 1952 448 ﬁrmat
1991 390 2043 443 id
2072 394 2116 450 Α
2146 384 2475 455 Hippolytus
2510 381 2791 437 secundus
2812 378 2911 448 qui
2942 377 3103 432 hodie
3132 383 3406 446 superest,
3429 374 3738 442 Στεφανῐας

462 496 599 552 adeo
656 493 1095 550 emendationem
1159 496 1461 544 nostram:
1517 502 1644 541 cum
1711 495 2034 553 cupressum

2162 477 2265 530 sive
2297 473 2717 544 Στεφανηφόρος
2772 468 3099 525 inscribitur
3126 483 3139 518 :
3185 466 3334 536 prior
3364 465 3738 535 Καλυπτόμες

459 602 657 643 omnes
689 600 798 638 uno
846 598 943 638 ore
986 588 1261 636 testentur
1292 578 1663 650 χρονιωτάτην
1699 591 1825 631 esse
1873 582 2039 643 atque

2162 585 2251 630 ρος.
2282 566 2505 628 Pollux,
2536 579 2612 628 Ix,
2657 578 2707 617 ρ.
2733 561 2769 615 5
2805 574 2817 612 :
2855 558 3157 629 Εὐριπιδης
3191 559 3248 608 ὲν
3297 554 3605 624 Ἱππολύτῳ
3637 571 3737 606 κα-

462 677 889 746 ἁσαπεστάτην·
943 681 999 729 et
1031 671 1179 742 quod
1217 646 1380 741 caput
1429 681 1535 735 est,
1583 646 1798 739 egregie
1842 676 2040 738 prteter

2162 658 2466 727 ιυπτομένῳ
2487 672 2501 687 ο
2543 696 2556 710 .
2594 694 2607 709 .
2646 691 2660 707 .
2700 690 2714 706 .
2746 652 2884 722 πρὸς
2914 651 3101 703 ἵππων
3130 647 3294 710 εὐθὺς
3323 648 3578 717 ὁρμήσας
3611 646 3740 698 στά-

464 784 693 827 cteteras
728 768 783 822 in
808 768 1039 822 deorum
1064 766 1275 820 aedibus
1301 765 1482 817 locum
1517 773 1571 817 et
1602 763 1867 817 honorem
1895 760 2042 814 inve-

464 862 637 916 nisse.
664 857 993 926 Hermippus
1021 855 1167 924 apud
1190 854 1511 907 Artbenteum
1536 866 1551 903 :

538 1012 553 1026 .
589 1009 604 1023 .
635 1008 650 1020 .
686 1010 700 1025 .
736 1009 751 1023 .
787 1009 800 1022 .
826 968 895 1021 ἐκ
924 967 978 1019 δ’
1014 966 1317 1034 Αἰγύπτου
1337 960 1745 1034 τὰ-κρεμαστὰ

545 1040 724 1094 Ἰστία
742 1041 837 1092 καὶ
853 1028 1149 1101 βύϐ.ῑουὶ,-,
1166 1035 1282 1087 ἀπὸ
1300 1033 1349 1086 δ’
1364 1028 1440 1087 αὖ
1461 1028 1676 1101 Συρίας
1690 1028 2041 1101 habitator.

547 1110 618 1165 'H
652 1109 720 1162 δὲ
750 1095 907 1173 καλὴ
941 1095 1145 1172 Κρήτῆ
1165 1095 1554 1170 κυπάρισσοῶ
1575 1100 1728 1153 τοῖσι
1759 1095 1966 1152 θεοῖσι.

360 1254 367 1259 ε
468 1224 907 1294 Theophrastus,
968 1217 1115 1272 Hist.
1157 1234 1211 1279 ν,
1246 1215 1280 1269 5
1318 1233 1330 1269 :
1366 1214 1585 1267 Τούτων
1623 1212 1680 1264 δὲ
1708 1210 2045 1283 χρονιώτατα

463 1316 610 1368 δοκεῖ
654 1313 721 1364 τὰ
768 1308 1130 1379 κυπαρίττινα
1190 1300 1350 1360 εἶναι.
1386 1304 1460 1355 Τὸ
1513 1300 1643 1371 γοῦν
1703 1302 1759 1352 ὲν
1788 1298 2042 1367 Ἐφέσῳ,

465 1404 526 1468 ἐξ
561 1396 632 1455 ὧν
668 1401 726 1454 αἱ
781 1398 944 1468 θύραι
1002 1394 1095 1447 τοῦ
1157 1390 1261 1445 νεὼ
1285 1386 1790 1468 τεθησαυρισμέναι
1815 1423 1830 1449 ,
1860 1383 2047 1435 τέσσα·
2082 1397 2095 1408 ·

467 1512 567 1566 ρας
603 1492 779 1545 ἔκειτο
810 1487 1026 1557 γενεάς.
1058 1483 1213 1538 Μόνα
1242 1483 1299 1535 δὲ
1331 1481 1426 1533 καὶ
1460 1476 1782 1545 στιλϐηδόνα
1809 1474 2043 1543 δέχεται·

468 1585 672 1647 Fallor,
719 1598 789 1635 an
824 1578 1003 1631 oratio
1037 1577 1151 1629 haec
1213 1570 1541 1634 σολοικίζειῖ
1578 1568 1698 1633 Quo
1728 1565 1873 1619 enim
1915 1561 2048 1616 illud

465 1678 527 1729 τὸ
562 1674 752 1729 referri
802 1669 1014 1740 possit?
1066 1669 1183 1734 lego
1218 1684 1231 1717 :
1268 1664 1334 1716 τὰ
1364 1660 1494 1730 γοῦν
1518 1661 1578 1711 ὲν
1611 1657 1846 1725 Ἐφέσῳ,
1889 1652 1947 1718 ἐξ
1970 1647 2044 1706 ὧν

2147 768 2252 804 σιν.
2311 748 2421 804 Nec
2485 756 2669 801 tamen
2723 745 2951 799 omnino
3017 742 3251 795 diversae
3296 748 3455 792 erant
3511 736 3735 800 l‘ab'ular,

2146 844 2289 896 sicut
2341 839 2620 910 lpbigenia
2684 839 2739 891 in
2791 835 2988 889 Aulide
3051 833 3197 885 etin
3238 829 3461 890 Tauris,
3493 828 3738 898 (Edipus

2148 932 2441 1004 Tyrannus
2486 939 2542 986 et
2608 931 2661 983 in
2734 927 2985 988 Colono,
3023 923 3378 978 Prometheus
3442 919 3741 990 Δεσμώτης

2147 1036 2203 1080 et
2236 1025 2538 1094 Λυὸμενος.,
2578 1021 2678 1075 Vix
2716 1058 2733 1086 ,
2764 1020 2873 1072 imo
2934 1032 3004 1071 nc
3045 1018 3134 1068 vix
3192 1013 3409 1083 quidem
3468 1013 3574 1065 hoc
3619 1011 3736 1066 ﬁeri

2149 1125 2350 1188 potest,
2374 1130 2496 1168 cum
2539 1113 2726 1167 drama
2764 1109 3038 1180 posterius
3070 1122 3181 1161 rem
3217 1119 3457 1167 onmem,
3480 1104 3557 1157 uti
3588 1113 3739 1173 gesta

2149 1217 2253 1271 est,
2297 1207 2726 1276 complectatur;
2786 1201 2855 1254 ab
2892 1214 2963 1254 eo
3024 1207 3271 1268 tempore
3328 1208 3440 1264 quo
3494 1194 3737 1262 primum

2152 1301 2415 1370 θεήλατον
2470 1295 2707 1367 ι)τὶνίεηὶ
2766 1304 3011 1346 amorem
3071 1286 3300 1342 Phaedra
3367 1296 3775 1354 conceperat,_

2153 1388 2445 1460 usquead
2489 1384 2765 1456 Hippolyti
2816 1389 3047 1437 mortem
3082 1394 3097 1431 :
3140 1377 3390 1449 quietiam
3447 1379 3618 1431 etiam
3673 1391 3741 1430 οι

2154 1482 2336 1553 priore
2386 1480 2645 1542 citentur,
2709 1489 2829 1544 quae
2879 1482 2934 1527 et
2958 1472 3036 1551 ,in
3069 1471 3244 1523 altero
3300 1467 3566 1537 reperias.
3598 1464 3742 1532 Quin

2155 1571 2289 1626 mihi
2318 1567 2808 1641 persuasissimum
2835 1572 2920 1618 cst
2952 1577 3072 1617 eam
3098 1562 3168 1615 ob
3190 1574 3415 1614 causam
3438 1557 3744 1611 Καλυπτό-

2161 1678 2319 1733 μενον
2347 1677 2471 1717 esse
2506 1658 2831 1727 inscriptum
2860 1694 2876 1720 ,
2908 1653 3050 1723 quod
3081 1654 3136 1706 in
3165 1662 3412 1707 extrema
3450 1650 3634 1705 fabula
3661 1650 3742 1706 sie

463 1769 521 1820 αἱ
559 1767 721 1835 θύραι
766 1761 861 1815 τοῦ
891 1758 1016 1826 νεὼ,
1046 1753 1526 1827 τεθησαυρισμένα
1570 1751 1844 1821 τέσσαρας
1874 1746 2053 1800 ἔκειτο

2162 1757 2413 1825 loquatur
2446 1752 2780 1822 Hippolytus
2810 1745 3184 1802 moribundus
3210 1761 3224 1796 :

465 1859 677 1929 γενεάς.
739 1854 880 1908 Dicit
931 1850 1216 1904 materiem
1279 1847 1441 1901 istam
1474 1841 1858 1912 cupressinam
1893 1853 1989 1907 per
2016 1837 2051 1893 4

467 1950 665 2006 smcula
703 1948 819 2001 sive
847 1958 975 1998 cccc
1027 1954 1226 2003 annos,
1268 1953 1332 1991 ex
1356 1950 1467 2006 quo
1497 1920 1733 2003 primum
1761 1947 1898 1986 caesa
1946 1939 2048 1993 est,

466 2040 807 2097 reconditam
871 2034 1047 2088 fuisse
1122 2032 1443 2101 priusquam
1475 2027 1542 2079 ad
1577 2025 1762 2077 valvas
1796 2018 2051 2091 Ephesini

468 2132 657 2201 templi
695 2126 1049 2183 adhiberetur
1085 2141 1098 2176 :
1142 2129 1197 2176 et
1246 2128 1427 2174 tamen
1483 2117 1860 2183 incorruptam
1891 2111 2057 2163 dura-

464 2196 635 2280 visse.
668 2221 743 2276 Ea
783 2214 1151 2287 Theophrasti
1186 2210 1461 2266 sententia
1488 2216 1593 2262 est.
1636 2204 1892 2258 Profecto
1919 2196 2055 2257 nihil

467 2317 574 2371 bac
594 2309 981 2369 emendatione
1004 2304 1215 2360 certius
1232 2310 1285 2356 et
1311 2298 1647 2355 evidentius.
1677 2294 1869 2350 Ausim
1895 2290 2053 2361 equi-

466 2408 589 2461 dem
639 2402 889 2472 dejerare
928 2413 1039 2452 non
1072 2396 1231 2448 aliter
1262 2392 1462 2460 legisse
1486 2386 1753 2449 Plinium,
1782 2382 2052 2452 siquidem

468 2497 533 2550 ad
568 2497 681 2550 haec
715 2490 1131 2560 Theophrastca
1166 2482 1429 2553 respexit,
1471 2495 1596 2533 cum
1627 2475 1878 2546 Ephesia:
1911 2472 2056 2527 dicat

470 2589 657 2643 Diana:
692 2585 957 2654 templum
988 2590 1100 2634 tota
1131 2578 1261 2631 Asia
1307 2580 1611 2628 exstruente
1652 2565 2055 2639 quadringentis

472 2681 630 2734 annis
662 2685 937 2746 peractum
981 2688 1114 2735 esse,
1167 2679 1243 2734 et,
1276 2666 1454 2721 valvas
1489 2679 1599 2718 esse
1631 2679 1658 2716 e
1690 2674 1938 2730 cupresso
1964 2698 1979 2724 ,
2007 2666 2058 2712 et

463 2771 577 2839 jam
607 2762 1009 2837 quadringentis
1031 2774 1191 2830 prope
1221 2758 1376 2810 annis
1416 2754 1613 2807 durare
1638 2749 1911 2803 materiem
1942 2763 2057 2800 om-

472 2876 586 2913 nem
617 2835 763 2912 nova:
791 2855 1042 2909 similem.
1073 2848 1299 2904 Scilicet
1327 2855 1459 2900 tunc
1507 2844 1621 2897 fere
1666 2839 1892 2895 materia
1923 2835 2058 2890 caedi

473 2953 636 3013 solet,
697 2964 820 3003 eum
855 2943 1072 3001 aedilicii
1128 2940 1482 2995 fundamenta
1529 2933 1850 3005 jaciuntur:
1891 2928 2059 2984 valvae

472 3052 656 3097 autem
696 3047 814 3093 tum
842 3037 1064 3090 deututn
1100 3031 1239 3098 ﬁeri,
1271 3045 1395 3082 cum
1427 3034 1625 3080 caetera
1662 3022 1846 3077 omnia
1878 3018 2052 3091 perfe-

472 3140 560 3186 cta
594 3135 724 3183 sunt
763 3135 928 3194 atque
967 3122 1243 3176 absoluta.
1275 3119 1388 3171 Hac
1431 3116 1656 3184 quidem
1698 3116 2051 3181 argumenta-

473 3220 623 3273 tione
653 3213 869 3268 Plinius
914 3211 1132 3263 videtur
1159 3221 1295 3263 usus
1329 3223 1343 3258 :
1386 3212 1605 3259 rectene
1639 3217 1709 3255 an
1745 3213 2050 3270 perperam,

476 3310 625 3365 nulla
682 3306 816 3359 mihi
859 3303 1093 3373 quaestio
1144 3286 1231 3355 est
1278 3298 1334 3352 in
1392 3295 1712 3367 przesentia.
1749 3292 1884 3346 Illud
1920 3291 2054 3345 adeo

476 3399 747 3464 admiror,
794 3395 1029 3451 eruditis
1060 3392 1217 3454 viris,
1253 3389 1347 3461 qui
1379 3395 1664 3457 tantopere
1688 3385 1873 3438 locum
1905 3383 2055 3435 hunc

476 3467 915 3558 exagitaverunt,
953 3484 1088 3537 nihil
1117 3482 1282 3551 hujus
1313 3480 1541 3534 omnino
1570 3475 1903 3530 suboluisse.
1948 3469 2055 3525 Sed

477 3574 557 3641 εἷς
608 3577 746 3648 ἀνὴρ
795 3577 856 3628 οὺ
892 3573 1051 3627 πάνθ’
1082 3573 1205 3643 ὁρᾷ.
1252 3570 1426 3625 Porro
1477 3565 1599 3638 1⁸51]
1656 3567 1823 3620 etiam
1864 3569 2054 3617 nostra

476 3679 658 3735 aetate,
697 3676 757 3722 ut
787 3666 1054 3729 referunt,
1083 3663 1176 3733 qui
1224 3677 1288 3717 ea
1323 3662 1446 3717 loca
1474 3660 1745 3721 viserunt,
1780 3662 1931 3709 tanta
1960 3669 2056 3708 cu-

478 3775 796 3832 pressorum
830 3758 915 3812 vis
955 3764 1041 3811 est
1073 3755 1127 3807 in
1163 3752 1347 3816 Creta,
1375 3759 1436 3804 ut
1469 3749 1758 3804 domorum
1812 3745 2055 3800 omnium

478 3855 668 3907 trahes
707 3848 1262 3918 contignationesque
1288 3854 1454 3914 atque
1482 3841 1620 3897 adeo
1656 3838 1873 3910 navigia
1904 3852 1969 3892 ex
1993 3848 2057 3891 ea

481 3937 708 3992 materia
742 3941 1159 3989 construantur.

550 4028 680 4097 Pag.
716 4027 838 4081 109.
880 4025 1016 4096 Περὶ
1048 4019 1115 4098 ἧς
1148 4021 1384 4093 Φαίδρας
1425 4022 1454 4075 ὁ
1493 4018 1800 4090 σοφώτατος
1831 4015 2060 4084 Εὐριπι-

476 4120 574 4191 δης
630 4116 771 4188 μετὰ
828 4115 1001 4168 ταῦτα
1065 4112 1444 4182 συνεγράψατο
1499 4111 1685 4182 δρᾶμα
1736 4105 2058 4179 ποιητικῶς.

481 4208 612 4265 Sine
650 4207 1032 4263 controversia
1079 4206 1326 4274 respexit
1375 4203 1604 4258 Malalas
1654 4200 1725 4255 ad
1782 4199 2060 4270 Euripidis

479 4304 828 4375 Hippolytum
862 4316 878 4354 :
917 4300 1229 4370 prioremne
1268 4312 1338 4349 an
1382 4298 1742 4366 posteriorem
1796 4307 1898 4347 nec
1933 4306 2062 4361 pos-

480 4406 674 4447 sumus
716 4390 1037 4456 resciscere,
1070 4400 1173 4439 nec
1202 4400 1335 4439 sane
1365 4385 1595 4438 multum
1621 4381 1809 4436 refert.
1846 4381 2061 4444 Scimus

485 4495 780 4550 utrumque
819 4480 1035 4534 salvum
1094 4475 1381 4531 exstitisse
1440 4490 1537 4544 per
1571 4473 1786 4527 diversa
1814 4480 2061 4541 tempora

438 4594 445 4599 '
482 4544 757 4637 Erotiani,
789 4573 1030 4627 Pollucis
1050 4581 1102 4626 et
1134 4570 1359 4624 Stobaei.
1391 4568 1523 4633 Qua:
1556 4566 1809 4621 Stobaeus
1847 4581 1915 4619 ex
1937 4544 2064 4637 Hip;

482 4672 667 4742 polyto
703 4670 859 4732 citat,
914 4680 1104 4720 eorum
1158 4679 1227 4718 ne
1277 4662 1560 4715 dimidiam
1595 4659 1817 4730 quidem
1853 4667 2062 4729 partem

485 4762 650 4817 hodie
708 4760 975 4813 invenias.
1008 4755 1241 4821 Frustra
1275 4752 1465 4807 itidem
1522 4765 1737 4831 quaeras
1774 4766 1896 4821 quae
1932 4748 2068 4805 Ero-

487 4855 677 4909 tianus
705 4851 862 4905 aﬂ'ert
895 4857 950 4903 et
987 4847 1203 4902 Pollux.
1235 4846 1634 4915 Aristophanes
1670 4844 1844 4899 Hanis
1878 4860 1892 4896 :

562 4967 660 5031 Τίς
682 4960 845 5018 οἶδεν
873 4963 927 5015 ει
950 4961 1015 5014 τὸ
1046 4957 1289 5031 ζτῇνίμέν
1312 4958 1445 5031 ἐστι
1472 4954 1814 5031 καζθᾳῖεῖν,

563 5021 833 5090 Τόπνεῖν
848 5031 915 5084 δὲ
940 5021 1219 5093 ,δειπῖθεῗν
1239 5028 1337 5081 καὶ
1367 5028 1435 5080 τὸ
1464 5024 1781 5079 καθεύδειν
1810 5021 2068 5087 κώδιον;

486 5149 698 5209 Ταῦτα,
754 5148 830 5200 ait
890 5145 1238 5205 scholiasles,
1293 5141 1352 5206 ἐξ
1410 5138 1728 5193 Ἱππολύτου
1775 5137 2067 5208 δράματος.

489 5246 605 5313 Age
632 5247 841 5307 quaerat
871 5238 996 5303 hoc,
1029 5236 1122 5305 qui
1159 5235 1290 5289 velit
1321 5234 1376 5287 in
1423 5230 1814 5301 investigando.
1845 5243 2070 5297 operam

491 5334 742 5404 perdere.
777 5329 979 5385 Verum
1012 5336 1106 5382 aut
1140 5326 1349 5380 librarii
1382 5332 1669 5394 peccatum
1701 5334 1807 5386 est,
1838 5330 1933 5375 aut
1974 5312 2093 5373 au-’

493 5424 663 5480 ctoris
698 5421 1003 5492 ἁμάρτημα
1036 5416 1389 5490 μνημονικόν.
1423 5413 1660 5468 Aliunde
1699 5414 1848 5466 enim
1875 5425 2075 5483 cogno-

495 5518 701 5571 scimus
727 5514 926 5568 trnlata
957 5527 1081 5568 esse
1113 5516 1179 5563 ὲκ
1210 5508 1465 5563 Πολυΐδου
1492 5505 1791 5577 δράματος.

573 5627 662 5686 Τίς
686 5622 737 5675 δ’
762 5618 928 5675 οἶδεν
956 5626 1009 5675 εὶ
1042 5623 1106 5675 τὸ
1135 5619 1240 5687 ζῇν
1263 5619 1379 5689 μέν
1407 5619 1539 5671 ἐστι
1579 5614 1920 5680 κατθανεῖν,

580 5693 649 5744 Τὸ
671 5691 997 5746 ,κατθανεῖν
1015 5691 1082 5744 δὲ
1105 5689 1231 5757 ζῇν.

2223 1863 2656 1934 Κεκαρτέρῃται
2683 1858 2853 1934 τᾶμ’ξ
2885 1858 3088 1912 ὄλωλα
3110 1855 3244 1934 Αίςὰρ,
3272 1852 3483 1934 ςεάτερ,

2222 1922 2566 2004 Κρὐωίδέ
2581 1950 2701 2002 μου
2735 1922 3082 1998 ἀρόσωπον,
3112 1922 3192 1990 ὥς
3224 1924 3426 1992 τάχος,
3461 1922 3738 1986 πέπλοις.

2153 2049 2392 2105 Proinde
2421 2047 2537 2121 [δὲ]
2579 2047 2635 2102 in
2676 2054 2912 2117 utraque
2953 2044 3135 2100 fabula
3168 2038 3663 2111 comperiebantur
3692 2034 3741 2089 hi

2153 2144 2433 2201 versiculi.
2474 2140 2740 2199 Similiter
2768 2151 2823 2196 et
2874 2138 3033 2193 alteri
3085 2132 3511 2204 Στεφανηφόρου
3546 2143 3741 2184 nomen

2155 2248 2240 2294 est
2271 2236 2528 2301 inditum,
2556 2242 2782 2305 propter
2806 2233 2920 2287 haec
2947 2230 3111 2299 verba
3135 2226 3417 2298 Hippolyti
3446 2239 3559 2279 non
3587 2224 3745 2292 longe

2156 2345 2187 2385 a
2220 2330 2495 2400 principio
2529 2344 2542 2381 :
2630 2330 2635 2333 '
3311 2330 3317 2335 '

2226 2436 2329 2492 Σοὶ
2358 2434 2534 2489 τόνδε
2562 2432 2825 2500 πλεκτὸν
2849 2430 3158 2500 στέφανον
3185 2425 3264 2500 *ἐξ
3303 2422 3616 2500 ἀκηράτου

2227 2504 2547 2576 Λειμῶνος,
2576 2499 2624 2559 ὦ
2653 2494 2978 2566 δέσποιναξ
3001 2497 3323 2567 κοσμήσας
3352 2494 3539 2565 φέρω.

2155 2615 2272 2671 Non
2296 2615 2463 2684 igitur
2485 2613 2670 2685 δρᾶμα
2688 2625 2896 2666 novum
2920 2618 3039 2665 erat
3057 2606 3389 2677 Hippolytus
3414 2600 3743 2672 Στεφανιας,

2159 2706 2251 2760 sed
2274 2709 2587 2759 correctum
2636 2702 2927 2763 duntaxat,
2973 2706 3138 2767 atque
3177 2693 3598 2763 interpolatum,
3627 2689 3744 2744 δια-

2160 2795 2327 2865 σκευὴ
2349 2793 2445 2849 τοῦ
2470 2792 2759 2863 προτέρου.
2783 2788 2955 2845 Vetus
2993 2787 3390 2859 grammaticus
3424 2789 3748 2855 argumento

2158 2886 2434 2957 Hippolyti
2462 2902 2475 2939 :
2505 2885 2661 2937 Ἐστι
2700 2882 2757 2936 δὲ
2778 2874 2935 2945 οὗτος
2957 2882 2986 2933 ὀ
3025 2878 3346 2941 Ἱππόλυτος
3373 2876 3631 2947 δεύτερος
3656 2875 3750 2928 καὶ

2159 2975 2462 3044 Στεφανίας
2501 2971 3064 3044 προσαγορευόμενος.
3108 2968 3467 3039 Ἔμφαινεται
3499 2967 3559 3019 δὲ
3592 2965 3752 3018 ὓστε-

2082 3075 2124 3132 C
2160 3086 2250 3140 ρος
2275 3065 2664 3138 γεγραμμένος
2690 3080 2703 3093 ·
2735 3064 2798 3117 τὸ
2853 3063 2965 3133 γὰρ
2991 3062 3238 3131 ἀπρεπὲς
3283 3060 3377 3113 καὶ
3411 3056 3754 3129 κατηγορίας

2159 3158 2305 3224 ἄξιον
2338 3158 2396 3208 ἐν
2430 3154 2605 3225 τούτῳ
2629 3153 2938 3225 διώρθωται
2988 3151 3066 3222 τῷ
3107 3151 3371 3221 δράματι.
3424 3147 3532 3215 Qui
3572 3148 3755 3203 nescit

2159 3248 2291 3318 quid
2322 3248 2393 3303 sit
2425 3245 2683 3315 διασκευὴ
2704 3255 2759 3300 et
2786 3243 3248 3313 διεσκευασμένον
3300 3241 3509 3310 δρᾶμα,
3540 3254 3756 3296 consu-

2161 3339 2273 3393 lere
2314 3338 2517 3407 poterit
2548 3335 2933 3391 Casaubonutn
2967 3333 3033 3387 ad
3070 3333 3413 3387 Athenaaum.
3449 3330 3587 3398 Ejus
3656 3342 3756 3398 ego

2163 3429 2369 3485 scrinia
2403 3443 2511 3483 non
2548 3427 2827 3497 compilo;
2865 3425 2959 3480 sed
2992 3422 3250 3496 Hesychii
3277 3423 3458 3476 locum
3491 3420 3759 3476 emenda-

2161 3531 2275 3576 tum
2307 3521 2539 3582 curabo,
2582 3533 2742 3588 quem
2777 3531 2880 3571 nec
2913 3517 3006 3570 ille
3033 3530 3137 3569 nec
3176 3515 3320 3569 alius
3344 3515 3646 3583 quisquam
3671 3512 3760 3566 in-

2160 3610 2439 3665 tellexisse
2493 3606 2729 3661 videtur.
2770 3606 3037 3669 Λυδίζων,
3087 3593 3333 3675 χορεύων
3361 3602 3450 3656 διὰ
3477 3603 3613 3665 τοὺς
3643 3603 3757 3654 Λυ-

2161 3698 2305 3761 δοὺς,
2347 3696 2397 3749 οἳ
2432 3694 2695 3758 σώζονται
2749 3696 2867 3765 μὲν,
2899 3694 3345 3763 διεσκευασμένοι
3378 3693 3424 3746 δ’
3459 3693 3624 3746 εισιν.
3677 3691 3755 3747 Ita

2164 3786 2283 3857 lege
2312 3785 2515 3846 locum,
2539 3782 2697 3851 cujus
2726 3785 2843 3838 haec
2872 3794 2957 3839 est
2986 3785 3261 3839 sententia
3295 3801 3309 3837 :
3352 3781 3581 3851 Magnes
3608 3791 3756 3839 vete-

2163 3879 2244 3933 ris
2295 3876 2583 3932 commdia:
2638 3876 2879 3944 scriptor
2928 3874 3120 3928 drama
3150 3875 3340 3930 docuit
3390 3874 3623 3939 Λυδούς,
3659 3875 3754 3944 qui

2164 3977 2300 4023 tunc
2327 3954 2743 4038 superfuerunt,
2784 3981 2896 4036 quo
2926 3973 3177 4036 tempore
3227 3968 3629 4038 grammaticus
3658 3967 3753 4036 qui

2166 4061 2380 4130 primus
2414 4059 2530 4112 haec
2568 4057 2728 4123 dixit,
2762 4056 2818 4110 in
2869 4058 3010 4112 vivis
3054 4057 3199 4124 fuit;
3233 4058 3329 4112 sed
3358 4058 3461 4112 sub
3490 4056 3751 4112 incudem

2166 4151 2431 4213 revocati,
2464 4165 2713 4220 novaque
2744 4150 2875 4203 lima
2911 4149 3189 4218 perpoliti.
3229 4148 3464 4203 Photius
3513 4153 3754 4219 patriar-

2167 4244 2271 4299 cba
2306 4258 2322 4295 :
2362 4240 2665 4305 Δυδιὰζων,
2700 4241 2863 4295 Λυδοὶ
2892 4241 3186 4310 Μάγνητος
3224 4239 3320 4293 τοῦ
3357 4240 3610 4310 κωμικοῦ
3668 4239 3750 4294 δι-

2172 4333 2612 4403 εσκευάσθησαν,
2655 4334 2773 4403 lege
2820 4340 2881 4386 ut
2923 4332 3069 4401 apud
3092 4332 3445 4403 Hesychium,
3476 4331 3748 4396 Δυδὶζων.

2094 4422 2535 4495 DCastigandus
2582 4425 2746 4478 etiam
2802 4422 3028 4488 Snidas,
3088 4423 3180 4493 qui
3245 4421 3528 4486 Δυδιάζων
3582 4424 3752 4477 habet

2164 4518 2375 4589 absque
2409 4515 2886 4586 interpretatione.
2912 4513 3060 4568 Idem
3094 4512 3435 4581 Hesychius:
3462 4512 3748 4581 Ψηνίζων,

2163 4609 2292 4672 τοὺς
2335 4607 2514 4677 ψῆνας
2565 4606 2714 4674 λέγει
2753 4606 2879 4667 τοὺς
2908 4602 3003 4657 τοῦ
3039 4604 3354 4674 Μάγνητος,
3406 4604 3590 4658 scribe
3624 4607 3754 4667 τοὺς

2163 4702 2354 4770 Ψῆνας
2383 4697 2475 4750 τοῦ
2506 4698 2816 4767 Μάγνητος.
2863 4694 3143 4763 Siquidem
3182 4695 3271 4748 ille
3301 4695 3463 4748 etiam
3508 4693 3749 4749 fabulam

2163 4793 2359 4862 Ψῆνας
2388 4790 2705 4863 publicavit.
2746 4788 3154 4856 AristOphanes
3184 4786 3477 4856 Equitihus
3510 4802 3525 4840 :

2174 4902 2363 4957 Ταῦτα
2377 4900 2492 4972 μὲν
2516 4898 2686 4964 εἰδὼς
2711 4897 2932 4954 ἄνπαθε
2953 4897 3201 4967 Μάγνης
3220 4898 3338 4981 ἄρα
3360 4896 3755 4981 ταῖςαονιιαῖς

3308 4983 3620 5019 κιιτιουσαι

2175 5041 2280 5105 Ὃς
2305 5040 2565 5093 πλεῖστα
2594 5036 2791 5107 χορῶν
2811 5035 2932 5091 τῶν
2958 4966 3305 5091 ἀντιπάλωὲ
3326 5036 3510 5107 νίκης-ί
3527 4987 3756 5101 ἕστῗσε

2170 5181 2380 5245 Πάσας
2405 5178 2457 5231 δ’
2490 5177 2635 5248 ὑμῖν
2660 5176 2862 5247 φωνὰς
2901 5177 3029 5243 ἱεὶς,
3068 5175 3168 5230 καὶ
3192 5103 3757 5259 nauigii)???"-

2176 5320 2283 5375 Καὶ
2309 5319 2575 5381 Λυδίζων
2595 5318 2691 5373 καὶ
2721 5316 2987 5385 Ψηνίζων
3003 5316 3101 5369 καὶ
3121 5242 3756 5453 βαπτόμὲιῆξὲῒὲἵῶ

3479 5400 3549 5451 χε
3577 5402 3681 5448 οις,

3479 5400 3681 5451 χειοις.

2176 5497 2273 5551 llis
2312 5497 2497 5551 verbis
2526 5495 2793 5565 Magnetis
2829 5494 3026 5549 fabulae.
3060 5493 3374 5564 Βαρϐιτξδες
3403 5493 3520 5547 sive
3555 5490 3758 5560 Βαρδι-

2176 5589 2379 5652 τισταὶ,
2416 5586 2667 5655 Ὀρνιοες
2694 5627 2707 5646 .
2743 5586 2925 5645 Λυδοὶ,
2974 5586 3179 5655 Ψῆνες,
3206 5592 3259 5637 et
3296 5584 3571 5653 Βάτραχοι
3608 5581 3757 5635 indi-

2178 5685 2401 5733 cantur.
2457 5676 2647 5747 Cogita
2710 5686 2914 5739 autem,
2964 5677 3056 5745 qui
3092 5691 3190 5746 pax
3240 5674 3383 5727 inter
3415 5671 3753 5743 llesyt-hittm
