3988 6136
265 300 367 367 ΠΙ

1372 304 1737 364 EPISTOLA
1780 305 1988 365 IilC'rl.
2032 306 2417 365 BENTLEII.

3443 300 3550 367 742

269 413 636 484 Phatiumque
691 421 745 469 et
775 428 1110 486 anonymnm
1151 415 1281 484 περὶ
1341 413 1629 485 κωμῳδτας
1671 414 1859 468 conci-

1968 428 2169 483 τριτον,
2205 414 2484 483 κάλυψον,
2519 420 2577 467 ιιι
2617 413 2733 483 ipse
2773 412 3081 467 litterarum
3123 410 3263 467 ordo
3296 413 3549 468 testimo-

264 506 388 559 liari
422 506 644 576 possit:
681 505 770 559 hic
813 506 955 560 enim
1003 505 1191 560 omnia
1235 505 1502 575 Magnetis
1531 506 1733 574 scripta
1763 506 1857 556 de-

270 598 506 666 periisse
558 596 713 662 dicit,
769 598 923 650 οὐδὲν
964 595 1257 662 σώζεσθαι.
1294 594 1526 667 Μάγνης
1580 598 1862 668 Ἀθηναῖος

271 686 689 755 ἀγωνισάμενος
723 685 988 756 Ἀθήνῃσι
1018 686 1171 748 νίκας
1203 685 1361 756 ἔσχεν
1391 692 1481 751 ια’,
1514 686 1622 739 τῶν
1648 686 1705 738 δὲ
1737 686 1865 756 δρα-

276 777 468 846 μάτων
520 776 689 830 αὐτοῦ
744 776 898 830 οὐδὲν
956 776 1223 842 σώζεται·
1282 777 1352 830 τὰ
1389 777 1447 831 δὲ
1494 777 1866 847 ὲπιφερόμενά

275 869 423 919 ἐστιν
455 868 636 921 ἐννέα.

347 957 473 1012 Non
524 969 769 1013 nostrum
809 960 949 1013 inter
976 975 1064 1015 eos
1095 971 1276 1016 tantas
1309 978 1615 1032 componere
1652 966 1792 1021 lites.

346 1048 480 1119 Pag.
518 1048 642 1103 H8.
678 1048 793 1121 155]
850 1050 909 1102 ὐ
947 1050 1058 1121 γὰρ
1115 1052 1281 1120 σοφὸς
1334 1051 1636 1125 Εὐριπίδης
1682 1054 1866 1125 δρᾶμα.

277 1141 496 1204 ἐξέθετο
537 1142 665 1212 περὶ
692 1141 787 1193 τοῦ
822 1141 1143 1209 Κύκλωπος,
1170 1145 1250 1196 ὅτι
1309 1146 1457 1214 τρεῖς
1487 1143 1630 1217 εἶχεν
1663 1146 1866 1216 ὀφθαλ-

283 1231 438 1298 μοὺς,
470 1230 756 1301 σημαίνων
807 1233 934 1295 τοὺς
994 1236 1144 1303 τρεῖς
1204 1233 1484 1303 ἀδελφούς.
1517 1243 1571 1288 ει
1606 1251 1728 1305 qua:
1775 1234 1869 1292 de-

281 1321 465 1389 inceps
532 1328 859 1389 sequuntur.
888 1318 962 1376 Os
994 1320 1271 1375 hominis!
1307 1322 1545 1376 Hocciue
1592 1331 1653 1377 ut
1709 1321 1871 1378 Euri-

282 1414 434 1481 pides
467 1413 551 1465 vel
584 1413 639 1466 in
666 1413 898 1467 somniis
961 1412 1205 1467 dixerit?
1250 1412 1393 1469 Bene
1447 1413 1675 1479 factum,
1721 1417 1868 1486 quod

280 1505 447 1556 etiam
513 1516 662 1556 nunc
711 1501 946 1572 Cyclops
980 1504 1244 1573 supersit.
1293 1503 1449 1569 Quod
1502 1504 1547 1559 si
1606 1507 1682 1559 ita
1728 1521 1866 1571 rem,

281 1606 445 1668 prout
500 1606 691 1651 narrat
724 1593 987 1659 Joannes,
1026 1614 1085 1653 se
1119 1598 1318 1652 habere
1356 1600 1666 1668 comperias
1701 1614 1715 1651 :
1760 1616 1866 1655 non

283 1708 481 1749 recuso
510 1692 671 1762 quin.
706 1691 855 1763 quod
884 1692 1228 1764 gravissima:
1262 1706 1435 1760 poeuae
1466 1693 1586 1746 loco
1618 1692 1738 1747 fore
1767 1708 1868 1763 pu-

1968 507 2058 557 nio
2112 514 2219 560 est.
2259 505 2435 561 Media
2471 507 2617 561 enim
2674 505 2937 560 incedunt
2987 505 3131 559 inter
3189 502 3455 566 Ἐκλυτος
3493 513 3552 557 ιι

1976 597 2320 661 Ἑκλωπίζει.
2384 598 2501 654 lloc
2537 614 2643 653 non
2704 597 3020 666 intelligens
3073 594 3300 665 pusillus
3326 595 3549 663 quidam

1963 690 2192 744 criticus
2238 691 2349 759 (qui
2387 692 2532 744 enim
2589 690 2645 743 id
2684 688 3034 751 intellexerit,
3085 687 3233 755 quod
3287 686 3548 740 nefando

1965 781 2184 849 quidem
2220 796 2463 849 unquam
2499 782 2746 835 auditum
2790 777 2964 849 esti),
2992 777 3289 832 emendare
3315 782 3550 831 conatus

1964 878 2047 925 est
2106 871 2433 942 ἐκλύρισον,
2480 888 2509 926 a
2565 872 2733 926 verbo
2781 868 3006 940 λυρίζω.
3042 870 3200 931 "Ova;
3239 866 3551 924 mehercule

1971 963 2110 1034 πρὸς
2164 963 2354 1034 λύραν.
2413 964 2645 1017 Tantum
2722 962 2867 1016 enim
2921 960 2980 1013 τὸ
3027 959 3327 1030 ὲκλυριζειν
3384 966 3438 1013 et
3489 957 3551 1012 τὸ

1967 1054 2264 1108 καλύπτειν
2292 1056 2694 1126 signiﬁcatione
2728 1053 3015 1120 differunt,

2074 1145 2347 1211 Quantum
2379 1148 2621 1217 Hypanis
2654 1144 2851 1199 Veneta
2881 1144 3055 1197 distat
3085 1141 3151 1196 ab
3178 1137 3441 1195 Eridano.

1966 1235 2090 1291 Alte
2142 1238 2391 1308 profecto
2442 1241 2573 1293 latet
2608 1239 2770 1293 ulcus
2825 1246 3029 1292 tetrum
3071 1245 3125 1290 et
3168 1232 3549 1303 κακοηθέστα-

1967 1350 2092 1386 τον·
2131 1332 2277 1402 quod
2315 1333 2422 1387 nisi
2465 1332 2740 1385 lancinata
2773 1330 2927 1400 prius
2968 1327 3227 1399 Hcsychii
3261 1326 3549 1381 existima-

1969 1426 2143 1488 tione,
2174 1432 2341 1494 negat
2370 1424 2435 1478 ad
2467 1424 2759 1479 sanitatem
2797 1419 3022 1494 perduci
3050 1435 3233 1491 posse.
3267 1418 3549 1487 Siquidem

1967 1517 2352 1572 erubescendo
2382 1530 2617 1586 prorsus
2654 1530 2844 1571 errore
2866 1513 3054 1584 posuit
3077 1510 3429 1582 Ἐκλύτρισον
3448 1522 3551 1580 pro

1983 1609 2351 1679 Ἐλύτρωσον·
2385 1609 2532 1679 quod
2556 1608 2868 1663 rectissime
2911 1606 3133 1677 quidem
3160 1603 3550 1672 interpreteris

1972 1698 2229 1769 κάλυψον.
2266 1699 2389 1768 ipse
2443 1700 2793 1771 Hesychius:
2848 1698 3125 1768 Ἐλύτροις
3176 1694 3547 1764 καλύμμασι,

281 1792 383 1849 tes,
411 1799 511 1853 per
530 1798 694 1838 omne
728 1783 854 1837 vitae
878 1790 1098 1853 tempus
1131 1792 1319 1837 noctes
1349 1782 1578 1852 diesque
1609 1784 1864 1840 versandi

1970 1793 2375 1863 σκεπάσμασιν.
2432 1792 2673 1863 Ἐλυτρα
2744 1791 2949 1863 κυρίως
3001 1790 3070 1843 τὰ
3128 1787 3458 1858 ὲνείλήμοιτα
3512 1785 3549 1855 ἢ

281 1875 417 1929 mihi
477 1875 591 1930 sint
621 1882 677 1928 et
707 1873 990 1929 ediscendi
1022 1873 1159 1928 adeo
1195 1874 1438 1928 Annales
1468 1873 1520 1927 hi
1554 1871 1862 1945 Volusiani,

280 1967 541 2022 Malalani
577 1966 722 2020 volui
746 1965 955 2022 dicere.

349 2060 464 2132 Pag
494 2077 510 2113 :
538 2060 669 2115 210.
696 2060 785 2122 Ὠς
813 2060 840 2113 ὁ
876 2058 1038 2129 σοφὸς
1066 2059 1365 2131 Εὐριπίδης
1396 2061 1579 2133 δρᾶμα
1616 2064 1742 2134 περὶ
1769 2060 1864 2116 τοῦ

280 2154 446 2208 αὐτοῦ
476 2153 801 2223 Μελεάγρου
832 2151 1068 2217 ἐξέθετο.
1106 2152 1363 2225 Meleagri
1408 2156 1605 2211 fabulae
1635 2155 1867 2211 mentio-

280 2259 405 2299 nem
428 2243 642 2299 iaciunt
672 2242 1009 2310 Macrobius,
1054 2241 1330 2308 Stobaeus,
1377 2245 1706 2300 sclioliastes
1739 2245 1865 2300 Pin-

279 2339 401 2393 dari
471 2354 598 2393 cum
653 2337 798 2390 aliis.
847 2334 1042 2389 Latine
1099 2337 1374 2398 convertit
1434 2337 1641 2393 Attius.
1702 2332 1868 2408 ilesy-

279 2427 888 2490 chiuszKanoiwae,
943 2426 1230 2490 κατέλυσε,
1287 2427 1637 2482 κατεύθυσεν.
1702 2428 1866 2499 Εὐρι-

277 2521 441 2591 πεδης
468 2519 793 2589 Μελεάγρῳ.
841 2517 1008 2588 Lego,
1049 2518 1394 2582 καθωσίωσε,
1430 2518 1718 2576 κατέθυσε.
1752 2518 1865 2574 Vox

277 2611 452 2665 altera
486 2624 595 2663 non
626 2610 790 2663 aliter
845 2623 1011 2678 quam
1049 2609 1213 2661 litura
1239 2614 1484 2661 sananda
1519 2617 1623 2663 est.
1664 2608 1868 2678 Nempe

278 2702 457 2771 primo
480 2698 748 2754 mendose
787 2698 1056 2768 scriptum
1091 2705 1180 2753 est
1227 2698 1523 2750 κατέλυσε’
1575 2707 1762 2768 postea
1797 2698 1865 2753 li-

260 2795 499 2849 brarius
538 2790 740 2860 aliquis
793 2790 959 2860 paulo
1018 2788 1237 2844 doctior
1284 2789 1364 2844 vel
1393 2791 1565 2844 lector
1591 2791 1865 2860 quispiam

278 2885 591 2949 studiosus,
626 2883 682 2937 in
715 2882 839 2936 libri
874 2881 1123 2951 margine
1151 2882 1237 2937 vel
1275 2882 1457 2936 medio
1490 2882 1744 2939 fortassis
1793 2883 1870 2936 in-

278 2987 362 3032 ter
388 2976 702 3032 versiculos
732 2975 914 3045 spatio
951 2987 1139 3027 veram
1178 2972 1618 3028 emendationem
1642 2971 1869 3029 dederat

277 3069 571 3124 κατέθυσε.
618 3066 866 3121 Tandem
888 3064 1093 3131 evenit,
1127 3072 1186 3118 ut
1221 3073 1518 3134 utrumque
1540 3066 1865 3120 vocabulum

277 3163 583 3232 conjuncte
637 3160 691 3213 in
736 3170 901 3213 versu
950 3161 1321 3225 contexteque
1352 3157 1709 3212 scriberetur.
1752 3156 1866 3211 Hac

278 3268 417 3308 sane
441 3252 655 3305 ratione
684 3264 813 3304 cum
843 3249 897 3303 in
924 3248 1461 3317 aliis'scriptoribus,
1488 3256 1601 3301 tum
1628 3249 1682 3302 in
1706 3246 1868 3303 Lexi-

277 3343 579 3414 cograpbis
624 3341 904 3411 praecipue
956 3354 1066 3393 non
1103 3352 1230 3397 raro
1262 3349 1548 3409 peccatum
1597 3347 1703 3395 est.
1735 3339 1868 3408 Quae

277 3434 503 3505 quidem
564 3441 795 3502 peccata
825 3444 950 3486 cum
984 3430 1135 3485 haud
1189 3429 1441 3499 cujusvis
1487 3429 1561 3484 sit
1605 3430 1864 3498 odorari;

279 3526 533 3596 profecto
587 3537 726 3593 opus
762 3528 871 3585 est,
914 3529 974 3576 ut
1008 3521 1277 3590 exemplis
1320 3520 1535 3591 aliquot
1573 3522 1868 3577 conﬁrme-

278 3631 405 3671 mus
430 3613 763 3671 sententiam
798 3620 1069 3676 nostram,
1100 3627 1167 3667 ne
1200 3621 1410 3666 temere
1463 3612 1764 3683 quidquam
1812 3622 1867 3669 et

279 3707 601 3764 inconsulte
630 3703 1017 3759 loco‘movisse
1039 3702 1349 3781 videamur:
1372 3702 1617 3767 Ἔζελεν,
1651 3703 1864 3772 ἔϐαλεν,

279 3797 498 3852 ἐλαϐεν.
539 3794 883 3864 Ejiciendum
912 3803 996 3848 est
1030 3792 1257 3847 verbum
1295 3794 1617 3869 posterius:
1658 3794 1865 3858 ζέλλειν

274 3892 429 3947 enim
456 3888 634 3945 eidem
670 3885 945 3957 Hesychia
974 3894 1060 3941 est
1092 3884 1328 3955 βάλλειν.
1368 3886 1712 3958 Εὑηρότατον
1734 3928 1750 3953 ,
1782 3886 1868 3941 εὖ·

168 3994 177 4001 ·
269 3984 411 4045 διον,
439 3979 582 4050 καλὴ
615 3978 711 4048 γῆ,
743 3978 1025 4048 εὐήροτον,
1067 3975 1301 4046 εὔγειον.
1330 3968 1617 4033 Postrema
1662 3978 1766 4034 ista
1796 3981 1866 4034 ab

272 4073 633 4129 e'meudatore
660 4069 897 4139 quodam
922 4068 1171 4138 profecta
1195 4078 1357 4135 sunt;
1382 4071 1475 4139 qui
1507 4073 1680 4138 prima
1704 4073 1866 4129 vitio-

271 4181 344 4221 sa
387 4180 495 4219 non
556 4164 741 4231 inepte
791 4160 1014 4230 quidem
1066 4172 1404 4215 correxerat.
1452 4162 1629 4218 Totus
1677 4163 1864 4232 itaque

273 4263 436 4313 locus
463 4257 547 4311 sic
561 4252 983 4310 constituendus
1003 4261 1124 4307 est:
1154 4252 1442 4323 Εὑήροτον,
1460 4252 1696 4323 εὔγειον,
1724 4255 1862 4328 καλὴ

269 4350 375 4420 τῆ.
399 4336 746 4419 -ι-Φυρτοίσιν
772 4384 788 4407 ,
829 4344 1081 4407 εἰκαίοις,
1118 4344 1665 4415 συμπεφυραμένοις·
1708 4347 1759 4399 οἱ
1805 4345 1861 4399 δὲ

1967 1885 2346 1953 καλύμματα.
2375 1883 2658 1955 Ἔλυτρον,
2692 1882 2890 1954 δέρμα,
2925 1880 3087 1951 Θήκη,
3116 1879 3372 1949 λέπυρον,
3407 1876 3550 1928 ἐνεί-

1965 1973 2138 2045 λημα,
2170 1976 2474 2046 κάλυμμα,
2502 1976 2816 2046 σκέπασμα.
2860 1974 2992 2029 Inde
3034 1968 3372 2042 ἐλυτρῶσθαι
3402 1967 3552 2039 apud

1967 2063 2399 2136 Hippocratem,
2454 2077 2509 2122 et
2554 2065 2959 2137 προσελυτροῦν
3008 2063 3153 2134 apud
3202 2064 3546 2125 Athenzeum,

1969 2157 2261 2212 involucro
2304 2168 2536 2229 tegere:
2580 2159 2841 2213 similiter
2881 2155 3274 2228 ὲξελυτρῶσαι,
3310 2153 3545 2214 nudare,

1968 2263 2033 2303 ex
2085 2249 2481 2318 integumentis
2529 2251 2764 2305 solvere.
2820 2238 3059 2319 Hesych.
3117 2244 3546 2315 Ἐξελύτρωσας.

1970 2336 2539 2408 ὲγύμνωσαςηειιιίω
2586 2341 2689 2395 Ιιοε
2714 2347 2930 2395 certum
2969 2348 3025 2393 et
3052 2338 3398 2406 exploratum
3439 2343 3546 2398 est,

1967 2420 2012 2481 ὦ
2041 2430 2168 2499 φίλη
2222 2430 2433 2499 κεφαλὴ
2471 2429 2604 2484 Milli
2659 2429 3121 2500 jucundissime?
3148 2427 3218 2482 At
3265 2427 3550 2481 enimvero

1968 2523 2237 2576 exclamet
2268 2523 2359 2577 hic
2407 2523 2654 2593 aliquis:
2715 2520 2759 2577 Ο
2799 2521 3059 2591 juvenem
3101 2518 3462 2575 conﬁdentem
3495 2527 3551 2572 et

1968 2611 2364 2664 temerarium!
2402 2617 2535 2664 tune
2571 2610 2729 2664 illum
2775 2602 3133 2681 Hesychium,
3164 2606 3549 2663 doctissimum

1970 2703 2462 2771 grammaticorum
2506 2702 2842 2773 Hesychium
2877 2708 3044 2757 tantae
3073 2702 3307 2756 inscitia:
3334 2698 3548 2756 amnem

1968 2806 2092 2847 esse
2118 2794 2392 2862 suspicari
2422 2797 2595 2861 ausis,
2625 2802 2684 2849 ut
2723 2792 3076 2865 Ἐκλύτρισον
3104 2794 3406 2859 scriberet;
3440 2794 3548 2850 nisi

1969 2882 2193 2955 verbum
2227 2883 2363 2938 illud
2394 2878 2595 2938 alicubi
2637 2884 2882 2954 legisset,
2915 2883 3061 2952 apud
3113 2894 3370 2939 auctores
3402 2882 3550 2939 forte
3652 2886 3657 2899 '

1970 2990 2110 3049 quos
2160 2976 2325 3046 longa
2380 2976 2500 3031 dies
2553 2987 2607 3031 et
2649 2977 2819 3031 nimia
2856 2985 3106 3031 vetustas
3150 2976 3550 3031 subtraxerunt

1970 3068 2181 3122 notitia:
2224 3069 2515 3123 nostrae?!
2554 3068 2665 3136 jam
2698 3077 2750 3124 et
2798 3068 3033 3123 frontem
3071 3083 3208 3137 nega
3264 3069 3332 3123 de
3382 3069 3549 3125 rebus

1971 3144 2225 3227 periisse.
2263 3156 2487 3211 Placide
2523 3166 2705 3211 tamen
2751 3158 2969 3220 amabo,
3001 3172 3035 3211 0
3078 3157 3334 3226 quisquis
3368 3171 3466 3212 es:
3495 3168 3550 3213 et

1969 3248 2217 3316 reprime
2261 3257 2312 3303 te
2343 3248 2638 3317 tantisper,
2681 3247 2810 3301 dum
2852 3247 2957 3300 alia
3000 3247 3265 3301 nonnulla
3297 3247 3547 3317 profero,

1967 3354 2090 3408 quae
2138 3347 2192 3394 te
2236 3353 2457 3409 quoque
2504 3340 2688 3408 ipsum
2729 3339 2867 3393 velis
2912 3339 3056 3394 nolis
3116 3339 3172 3394 in
3214 3340 3547 3395 sententiam

1967 3439 2223 3501 nostram
2252 3439 2450 3499 cogent
2495 3429 2753 3484 transire.
2798 3428 2933 3483 Dum
2981 3430 3126 3484 enim
3178 3446 3242 3486 cx
3303 3432 3547 3502 antiquis

1968 3520 2308 3587 scholiastis,
2343 3521 2755 3592 grammaticis,
2799 3520 3026 3587 lexicis,
3061 3536 3183 3591 quae
3210 3537 3320 3576 non
3352 3531 3546 3578 conte-

1966 3612 2236 3665 xebantur
2267 3610 2410 3665 κατὰ
2442 3613 2702 3681 στοιχεῖον
2729 3609 2869 3684 [55],
2898 3612 3049 3665 omni
3089 3628 3155 3666 ex
3192 3621 3347 3683 parte
3382 3628 3546 3669 voca-

1967 3703 2096 3757 bula
2120 3703 2384 3767 corradit,
2416 3703 2621 3773 quibus
2659 3703 2802 3757 hanc
2833 3718 2989 3758 suam
3034 3703 3355 3775 συναγωγὴν
3391 3705 3545 3759 locu-

1968 3794 2138 3865 pletet
2165 3803 2219 3849 et
2260 3793 2522 3849 refcrciat
2552 3814 2564 3849 :
2600 3810 2743 3865 saepe
2769 3810 2876 3851 usu
2907 3796 3056 3851 venit
3080 3806 3137 3850 ut
3178 3797 3246 3851 ab
3272 3797 3544 3869 imperitis

1964 3885 2233 3949 librariis,
2270 3885 2363 3954 qui
2422 3900 2616 3955 parum
2671 3895 2931 3943 accurate
2979 3888 3334 3955 scripserant,
3376 3889 3461 3945 vel
3510 3906 3543 3944 a

1965 3978 2050 4032 sui
2093 3977 2370 4033 similibus
2416 3976 2853 4048 ὀνοματοθήραις
2886 3979 2941 4032 in
2979 3994 3223 4034 errorem
3284 3982 3542 4038 inductus

1965 4070 2039 4126 sit
2072 4087 2086 4124 :
2120 4084 2353 4139 quaeque
2386 4083 2658 4138 nusquam
2693 4069 2937 4139 gentium
2965 4070 3048 4124 vel
3081 4071 3220 4125 lecta
3245 4074 3327 4126 vel
3354 4070 3542 4127 audita

1967 4170 2130 4222 sunt,
2183 4160 2491 4215 lectoribus
2556 4158 2675 4213 suis
2733 4159 3016 4216 obtrudat.
3067 4159 3209 4214 illud
3267 4162 3345 4217 sis
3394 4163 3538 4218 vide.

1962 4253 2003 4326 -ι-
2036 4251 2334 4323 Δελεδώνη,
2385 4254 2413 4306 ὁ
2454 4252 2680 4323 μυλαῖος
2718 4252 2888 4323 ἰχθύς.
2937 4252 3050 4307 Suo
3099 4254 3222 4309 loco
3259 4254 3364 4309 hoc
3394 4256 3543 4326 leges

1965 4347 2020 4400 in
2054 4346 2234 4401 littera
2273 4347 2333 4398 Δ.
2374 4343 2487 4413 Ego
2530 4361 2658 4399 vero
2707 4360 2884 4415 nugas
2929 4346 3028 4399 has
3061 4360 3183 4400 csse
3235 4362 3414 4402 meras
3443 4349 3543 4403 tibi

266 4444 484 4511 ἄλφιτα
532 4438 661 4508 οἴνῳ
690 4435 989 4505 δεδευμένοι
1043 4433 1548 4503 συμπεφυρμένοις.
1578 4434 1711 4489 Tam
1745 4439 1862 4492 scio

1968 4439 2274 4493 denuntio:
2314 4437 2583 4505 scriptum
2605 4436 2756 4491 enim
2782 4438 3027 4506 oportuit
3063 4436 3349 4508 Ἐλεδώνη,
3379 4438 3544 4510 ὀσμύ-

271 4532 511 4586 verbum
544 4528 796 4583 ultimum
842 4540 873 4579 a
901 4531 1219 4578 correctore
1243 4523 1481 4591 quodam
1519 4539 1664 4589 esse,
1697 4542 1862 4593 quam

272 4639 376 4681 me
412 4622 619 4677 vivere.
652 4618 811 4672 Nulla
836 4615 1107 4672 dubitatio
1130 4602 1266 4680 'est,
1296 4614 1429 4685 quin
1471 4619 1543 4671 ita
1575 4619 1865 4688 scripserit

272 4715 593 4787 Hesychius
629 4729 643 4765 :
677 4711 984 4779 Φυρτοῖσιν,
1033 4707 1282 4797 είκαίως,
1338 4711 1823 4781 συμπεφυρμένοις
1847 4731 1861 4743 .

268 4816 329 4864 οἱ
354 4810 412 4863 δὲ
440 4808 645 4876 ἄλφιτα
668 4804 798 4872 οῐνῳ
843 4800 1160 4871 δεδευμένα.
1194 4799 1235 4871 -ι-
1268 4801 1486 4854 Ἀντιδι.
1529 4803 1594 4856 ἄν
1621 4820 1728 4857 τινι
1759 4806 1867 4857 ἐνέ-

268 4900 484 4973 γμεθα,
516 4895 916 4966 ὲναντιώμεθα.
949 4894 1064 4967 [54]
1095 4894 1230 4948 Cum
1264 4893 1596 4948 vocabulum
1637 4896 1740 4949 huc
1773 4913 1865 4952 ve-

269 4996 398 5049 niat
426 5005 569 5062 pone
616 4985 1060 5057 Ἀντιμεσοωτος,
1113 4985 1258 5038 scire
1297 4984 1423 5038 licet
1452 4999 1519 5039 ex
1559 4985 1862 5042 litterarum

270 5085 425 5140 serie
480 5085 562 5137 sic
617 5089 899 5134 auctorem
974 5076 1289 5145 scripsisse.
1351 5076 1861 5146 ’Λντινιενέγμεθα,

268 5172 681 5244 ἑναντιῶμεθα.
719 5169 913 5223 Postea
939 5168 1185 5236 quidam,
1211 5167 1303 5235 qui
1333 5164 1693 5236 deprehendit
1715 5184 1864 5224 erra-

268 5280 413 5335 tum,
441 5262 783 5325 emendavil,
814 5260 983 5313 ἀντιδι
1002 5290 1028 5299 -
1048 5274 1213 5327 supra
1263 5257 1711 5326 ἁντινιενέγμεθα
1763 5261 1865 5315 im-

271 5361 480 5430 posito.
508 5356 734 5411 Scimus
758 5368 947 5407 omnes
966 5351 1041 5404 ita
1071 5350 1185 5403 ﬁeri
1205 5351 1400 5403 solere.
1424 5350 1661 5404 Tandem
1681 5358 1862 5405 autem

272 5452 499 5521 ineptus
518 5445 796 5516 quispiam
824 5442 1082 5495 librarius
1101 5457 1218 5494 eam
1248 5440 1535 5509 utriusque
1557 5440 1706 5493 vocis
1735 5448 1864 5493 c‘on~

270 5539 649 5593 tinuationem
705 5533 853 5595 fecit,
895 5546 1060 5601 quam
1090 5529 1256 5584 hodie
1283 5530 1553 5583 videmus.
1585 5529 1866 5601 Ἐκλύτρι-

276 5648 387 5695 σιν,
418 5628 739 5698 ἐκλύρισον,
786 5623 1045 5693 κάλυψον.
1097 5624 1234 5678 Illud
1268 5621 1551 5693 ὲκλύρισον
1578 5638 1644 5676 ex
1675 5624 1864 5678 eadem

273 5732 362 5780 est
382 5720 604 5778 oﬂicina
626 5724 1030 5774 correctorum.
1069 5714 1635 5786 Scripsit‘llesychius
1680 5715 1864 5769 Ἐκλύ-

1965 4529 2056 4590 λος
2090 4516 2262 4597 ἱχθύξ.
2301 4527 2478 4582 Piscis
2507 4533 2593 4582 est
2641 4526 2709 4581 de
2749 4527 3080 4597 polypodum
3112 4543 3345 4597 genere;
3377 4546 3541 4599 quem

1970 4628 2281 4673 ineinoraut
2306 4616 2651 4681 Aristoteles,
2683 4617 2998 4682 Athenaeus,
3032 4619 3149 4670 alii.
3186 4619 3331 4673 idem
3370 4619 3542 4692 Hesy-

1968 4708 2128 4764 chius
2164 4725 2177 4760 :
2220 4707 2487 4777 ὐσμύλιοι
2521 4705 2631 4759 τῶν
2687 4706 3005 4759 πολυπόδων
3038 4709 3092 4758 αἱ
3136 4705 3346 4770 δζαιναι
3388 4708 3544 4777 λεγό-

1971 4819 2151 4872 μεναι,
2179 4800 2276 4853 καὶ
2315 4797 2532 4869 ἰχθύδια.⁸
2556 4798 2688 4851 ποιὰ
2714 4798 2849 4852 ἄττα
2878 4796 3090 4868 εὐτελῆ.
3133 4798 3395 4867 Ὀσμύλαι
3426 4801 3544 4869 βολ-

1968 4894 2168 4946 6ιτῖναι
2228 4892 2543 4946 θαλάσσιοι-
2586 4888 2682 4947 Sic
2740 4892 3070 4947 emendandi
3125 4901 3252 4947 sunt
3306 4892 3358 4946 Ιιὶ
3414 4895 3543 4951 Ιοεὶ.

1969 4980 2175 5039 Videor
2207 4994 2389 5039 autem
2427 4984 2561 5038 mihi
2602 4984 2810 5050 videre,
2852 4984 3317 5054 quidierratiouis
3351 4999 3542 5041 ansam

1971 5076 2245 5149 licsychio
2269 5076 2503 5130 dederit.
2520 5074 2790 5129 Nimirum
2829 5076 2882 5128 in
2907 5081 3130 5129 auctore
3153 5090 3255 5130 suo
3277 5077 3542 5144 scriptum

1969 5177 2089 5221 erat
2123 5169 2155 5236 ἡ
2197 5167 2242 5220 δ’
2292 5165 2526 5236 ἑλεδώνη
2559 5166 2639 5220 vel
2676 5165 2849 5236 μιαρὰ
2895 5165 2940 5218 δ’
2976 5164 3206 5234 ἑλεδώνη
3237 5166 3320 5220 vel
3366 5165 3546 5219 simile

1969 5257 2251 5327 quippiam
2284 5274 2296 5309 :
2327 5256 2416 5309 ille
2443 5254 2633 5315 miser.
2664 5270 2786 5307 cum
2818 5266 2919 5308 sua
2951 5263 3111 5309 aetate
3140 5254 3261 5308 libri
3292 5262 3542 5308 carerent

1975 5349 2151 5418 signis
2178 5355 2465 5409 accentus,
2501 5346 2799 5415 δελεδώνην
2833 5346 3037 5414 piscem
3073 5343 3299 5411 etiinxit,
3326 5345 3541 5414 qualem

1972 5456 2154 5509 neque
2204 5436 2437 5500 Nereus,
2489 5453 2667 5507 neque
2725 5437 3039 5506 Neptunus,
3098 5451 3199 5490 nec
3242 5436 3361 5503 ipse
3391 5443 3546 5504 pater

1968 5532 2218 5586 Oceanus
2264 5531 2568 5601 agnoverit.
2598 5528 2739 5583 Ecce
2790 5526 2935 5581 aliud
2976 5528 3104 5581 huic
3159 5526 3454 5597 gcnuinum
3487 5533 3546 5581 et

1969 5639 2311 5694 germanum.
2344 5622 2386 5693 ·ι-
2411 5621 2677 5684 6ολκάζει
2708 5619 3094 5690 χαλιναγωγεῖ.
3121 5618 3312 5685 Nemo,
3345 5625 3404 5672 ut
3424 5615 3544 5687 opi-

1970 5730 2096 5778 nor,
2120 5712 2338 5767 inﬁcias
2369 5712 2555 5774 iverit,
2575 5711 2706 5781 quin
2737 5713 2806 5764 ita
2841 5709 3102 5780 scriptum
3128 5707 3310 5773 fuerit,
3335 5708 3544 5777 absque
