3988 6136
344 295 405 367 ’34
417 305 447 361 5

1434 292 1793 354 EPISTOLA
1839 291 2049 352 RICl—I.
2089 286 2473 351 BENTLEII.

3504 289 3607 355 ’746

345 406 545 474 Melius
597 415 713 484 ipse
752 411 925 466 alibi:
967 408 1385 482 ‘quvzéosxbc,
1455 408 1918 478 προϐατοὸοσκδς,

2037 407 2294 474 Κάλυξιν·
2324 408 2356 471 ζ
2382 421 2479 476 pro
2511 404 2568 469 ξ·
2606 419 2768 475 quem
2799 417 3049 460 errorem
3099 404 3303 462 millies
3331 410 3600 463 erravisse

345 507 628 578 Σοφοκλῆς
692 505 880 576 Τυροῖ.
924 503 1035 557 Καὶ
1092 503 1364 573 γράφεται
1421 501 1477 555 δὲ
1526 500 1925 574 ὲρρηνοὸοσκδς

342 602 434 655 διά
473 617 533 652 τε
574 595 669 663 τοῦ
695 598 713 617 ⁶
742 596 818 650 ἒω
856 595 952 649 καὶ
992 595 1100 648 τῶν
1148 593 1345 664 sepem.
1390 592 1593 648 V'erum
1647 593 1738 647 hic
1798 594 1926 661 qni-

345 691 472 747 dem
527 690 687 744 locus
743 702 771 741 a
819 686 1043 740 librario
1095 685 1332 755 pessime
1368 695 1629 754 acceptus
1666 685 1929 752 estzipse

354 790 551 838 auctor
579 779 772 852 procul
828 778 986 832 abest
1028 792 1057 831 a
1111 792 1274 831 noxa.
1329 775 1470 847 Lege
1512 775 1789 847 Σοφοκλῆς
1822 776 1923 827 Τυ-

348 878 431 947 ροῖ
471 871 541 944 β’,
572 871 848 943 γράφεται
891 869 947 924 δὲ
985 868 1081 922 καὶ
1131 867 1525 940 ὲρρηνοὸοσκὸς
1556 866 1646 920 διά
1682 883 1744 918 τε
1774 863 1868 918 τοῦ
1903 881 1927 916 ε

349 964 585 1019 καὶτῶν
616 963 661 1034 β’
696 963 831 1033 ρῶν.
893 960 1191 1021 Scribitur,
1244 960 1341 1025 ait,
1379 957 1780 1030 ὲρῤηνοὸοοκδς
1832 970 1929 1025 per

347 1060 589 1114 litteram
622 1073 670 1119 ε,
702 1063 757 1110 et
780 1054 1057 1124 duplicem
1087 1070 1139 1123 ρ.
1174 1051 1600 1123 Etymologicum
1624 1064 1880 1119 magnum
1914 1065 1926 1101 :

360 1146 813 1221 Ἐῥρηνοϐοσκὸς,
845 1146 872 1197 ὁ
910 1141 1355 1214 προῦατοϐοσκδς
1386 1143 1443 1221 ἐν
1485 1141 1652 1211 Τυροῖ
1681 1139 1726 1209 β’
1764 1139 1932 1206 Σοφοο

350 1220 506 1309 κλῆς.
539 1237 581 1308 ’ξ’
609 1237 928 1306 Ἐμπήρους
953 1244 1007 1289 et
1035 1232 1322 1304 Ἐμπηροι
1366 1220 1565 1285 vitium
1598 1231 1930 1300 exemplaris

350 1343 427 1387 est
484 1345 583 1398 pro
622 1328 943 1398 Ἐμμήρους
990 1334 1042 1381 et
1075 1326 1380 1395 Ἐμμηροι.
1422 1324 1544 1393 Ipse
1577 1324 1709 1378 alibi
1738 1339 1931 1378 emen-

353 1423 525 1475 date:
575 1421 916 1489 Ἐμμήρους,
967 1420 1025 1468 ὲν
1078 1416 1318 1486 ὁμηρείᾳ
1371 1413 1553 1478 ὂντας,
1610 1413 1762 1484 παρὰ
1803 1415 1930 1477 τοὺς

352 1513 595 1582 ὁμήρους
623 1511 746 1573 τοὺς
774 1510 865 1561 ἐπὶ
916 1508 1184 1579 συμεάσει
1245 1507 1576 1577 διδομένους.
1632 1507 1802 1561 Totus
1830 1521 1929 1560 att-

352 1612 460 1656 tem
514 1604 666 1656 locus
703 1602 770 1653 ad
800 1600 946 1655 hunc
982 1599 1204 1653 modum
1247 1596 1669 1653 constituendus
1705 1606 1830 1651 est:

471 1731 833 1801 Ἐμμήρους,
864 1729 1192 1801 Δημήτριος
1214 1728 1283 1801 ἐν
1317 1729 1577 1794 Σικελίῃ.

458 1798 913 1869 Λάκέδαιμόνιοί
933 1803 982 1854 θ’
999 1798 1166 1867 ἡμῶν
1191 1798 1263 1851 τὰ
1279 1801 1447 1866 τείχη
1470 1798 1821 1869 κατέὅαλον,

456 1872 570 1926 Καὶ
599 1872 704 1934 τὰς
720 1868 977 1937 τριήρεις
1002 1870 1224 1921 ἕλίιεον
1246 1869 1601 1936 Ἕμμήρους,
1629 1868 1791 1930 ὅπως

458 1940 683 2008 Μηκέτι
712 1937 1282 2006 θαλαττοκρατοῖντο
1312 1937 1820 2005 Πελοποννήσιοι.

357 2052 669 2111 Demetrius
725 2052 828 2105 iste
884 2051 1130 2106 comicus
1187 2049 1325 2115 fuit;
1374 2057 1423 2103 et
1463 2048 1554 2103 illa
1608 2048 1790 2103 fabula
1844 2048 1931 2102 iu-

359 2147 567 2216 scripta
595 2152 680 2200 est
718 2141 930 2199 Sicilia.
961 2141 1143 2208 Quare
1170 2155 1455 2212 perperam
1496 2142 1758 2194 hactenus
1787 2139 1935 2207 judi-

359 2235 555 2294 rarunt
583 2237 688 2292 viri
723 2236 908 2300 docti;
946 2236 1041 2303 qui
1074 2232 1400 2299 scriptorem
1431 2247 1554 2285 eum
1585 2230 1928 2292 historicum,

358 2330 666 2384 orationem
691 2334 873 2380 autem
901 2325 1210 2395 prosaicam
1237 2339 1359 2378 esse
1383 2328 1740 2377 censuerunt.
1764 2319 1934 2374 Athe-

360 2432 536 2483 naeus,
563 2417 662 2471 lib.
694 2430 755 2469 ιιι
782 2432 795 2469 :
832 2415 1144 2484 Δημήτριος
1173 2415 1201 2466 ὁ
1224 2410 1607 2482 κωμῳδοποιὸς
1630 2412 1687 2462 ἐν
1708 2409 1785 2478 τῷ
1816 2413 1936 2460 ἐπιο

356 2508 693 2579 γραφομένῳ
744 2507 986 2577 δράματι
1032 2505 1271 2576 Σικελίᾳ.
1336 2500 1696 2573 Etymologici
1740 2508 1936 2553 auctor

358 2600 615 2662 Σικελοὺς
644 2598 921 2663 inscribit,
945 2611 1057 2650 non
1088 2594 1341 2648 Σικελίαν
1362 2610 1376 2623 ο
1404 2606 1528 2645 cum
1561 2591 1682 2646 vide
1714 2590 1767 2644 in
1798 2588 1937 2659 Ἐμο

362 2691 596 2762 μήρους.
625 2688 666 2759 -ξ-
687 2689 1058 2760 Χωρονομεῖν,
1088 2682 1425 2757 ὀργίζεσθαι.
1458 2681 1687 2753 Oportet
1714 2687 1773 2734 ιιι
1799 2694 1937 2735 con-

358 2781 680 2835 niventibus
711 2780 885 2834 oeulis
917 2780 1032 2833 hare
1073 2776 1266 2848 legerit
1305 2775 1629 2847 Hesychius.
1670 2775 1784 2844 Ego
1815 2774 1937 2844 qui-

360 2873 481 2926 dem
510 2872 648 2926 meis
674 2871 764 2925 vix
800 2870 955 2925 ﬁdem
993 2870 1194 2931 habeo,
1230 2882 1354 2922 cum
1393 2867 1499 2919 ista
1559 2866 1699 2935 lego.
1733 2862 1938 2919 Procul

292 2994 297 3003 η
358 2962 533 3016 dubio
552 2965 635 3015 sic
664 2961 931 3030 scriptum
963 2968 1047 3013 est
1068 2973 1097 3011 a
1127 2958 1300 3027 prima
1334 2970 1500 3009 manu
1530 2973 1543 3009 :
1572 2956 1931 3026 χειρονομεῖν,

356 3052 663 3123 ὀρχεῖσθαι.
707 3050 825 3121 Ipse
873 3049 1042 3104 alibi:
1080 3046 1422 3120 χειρονόμος,
1478 3046 1774 3117 ὀρχηστής.
1827 3045 2007 3152 Mat—C

360 3159 533 3199 nuum
577 3145 683 3199 iste
716 3153 927 3198 motum
962 3157 1087 3196 cum
1129 3148 1276 3194 certa
1318 3140 1435 3209 lege
1473 3147 1527 3193 et
1560 3153 1790 3194 numero
1834 3138 1934 3191 bo-

362 3251 488 3288 nam
542 3243 753 3304 partem
806 3230 1119 3286 saltationis
1166 3229 1297 3283 olim
1340 3227 1732 3281 constituebat.
1770 3225 1935 3280 Plena

363 3334 497 3382 sunt
526 3324 902 3393 exemplorum
935 3322 1141 3375 omnia.
1173 3317 1468 3374 Lucretius
1498 3334 1511 3370 :

365 3435 481 3560 E59]
518 3435 672 3500 Quod
694 3441 950 3501 superest,
970 3448 1069 3483 non
1094 3439 1171 3484 est
1203 3429 1398 3483 mirum
1425 3429 1717 3483 simulacra
1745 3431 1937 3483 moveri

414 3508 699 3560 racltiaaue
735 3506 787 3556 in
820 3518 1090 3555 numerum
1116 3500 1325 3560 jactare
1351 3509 1401 3553 et
1433 3509 1622 3553 cwtera
1646 3500 1898 3553 membra.

414 3500 699 3575 rae/tiaque
735 3500 787 3556 in
820 3518 1090 3555 numerum
1115 3500 1325 3568 jactare
1351 3509 1401 3553 et
1433 3509 1622 3553 cwtera
1646 3500 1898 3553 membra.

368 3616 431 3668 Et
462 3624 648 3681 postea
677 3631 690 3667 :

370 3727 508 3791 Quid
535 3742 715 3792 porro,
748 3728 801 3780 in
824 3743 1099 3780 mimarum
1123 3726 1402 3795 procedere
1430 3742 1549 3780 cum
1578 3726 1866 3780 simulacra

369 3797 646 3851 Cernimus
682 3800 734 3851 in
757 3799 979 3861 somnis,
1011 3807 1057 3850 et
1092 3796 1279 3851 mollia
1308 3801 1543 3850 membra
1569 3812 1791 3859 movere,

369 3866 559 3921 Mollia
589 3866 856 3920 mobiliter
889 3883 1007 3919 cum
1040 3867 1259 3920 alternis
1297 3866 1515 3920 brachia
1540 3866 1775 3919 mittunt.

368 3979 407 4050 1-
436 3979 704 4048 Κάλυψιν,
729 3978 943 4032 κάλυκα
986 3978 1383 4051 ἀντιστρόφως.
1415 3979 1651 4034 Mediqu
1683 3979 1786 4033 hoc
1818 3994 1939 4033 rer-

367 4071 490 4125 bum
531 4081 616 4126 est
666 4071 813 4125 inter
862 4068 1207 4124 Καλυδώνιον
1248 4081 1303 4125 et
1362 4072 1643 4134 Κάλυκας.
1686 4071 1939 4141 Agnosco

369 4178 588 4217 manum
640 4171 694 4217 et
752 4164 1030 4232 ingentium
1073 4164 1407 4219 correctoris
1459 4164 1600 4234 :qui
1660 4164 1936 4226 videlicet,

366 4270 488 4309 cum
545 4258 599 4308 in
662 4254 931 4325 llesycbio
986 4271 1090 4310 suo
1137 4256 1345 4326 legerat
1398 4254 1646 4323 Κάλυψιν
1705 4255 1936 4321 κάλυκα,

367 4349 530 4417 idque
580 4347 1044 4402 animadverterat
1091 4355 1246 4403 extra
1282 4347 1481 4402 seriem
1510 4358 1562 4402 et
1610 4357 1939 4417 prmpostere

2028 515 2176 565 eum,
2201 501 2244 554 si
2290 500 2381 554 hic
2428 499 2586 553 locus
2625 508 2790 564 esset,
2821 513 2973 552 nunc
3022 512 3241 567 possem
3291 501 3602 558 ostendere.

2030 592 2203 658 Quam
2251 601 2400 645 recte
2433 597 2618 645 autem
2659 589 2901 656 Κὰλυξιν
2941 589 3340 660 interpretetur
3364 593 3605 661 κάλυκα,

2032 685 2228 737 melius
2258 691 2341 738 est
2362 693 2421 736 ut
2448 684 2625 753 ipsum
2655 682 2722 737 ad
2748 682 3127 737 testimonium
3162 698 3424 738 vocemus
3459 702 3473 739 :
3500 687 3608 739 Ka-

2030 776 2231 840 λύξεις,
2262 775 2430 845 ῥόδων
2462 773 2717 829 καλύκια.
2757 774 3018 838 Κάλυξις,
3056 775 3260 845 κόσμος
3305 793 3386 840 τις
3423 779 3486 831 ὲκ
3519 778 3608 848 pd-

2030 868 2152 921 δων.
2194 867 2378 923 Habeo
2409 869 2515 921 alia
2553 877 2832 927 sexcenta.
2870 883 2990 936 quae
3024 867 3126 921 hac
3171 871 3287 922 vice
3333 870 3611 924 condona-

2033 960 2204 1015 bitur.
2226 958 2428 1015 Verum
2456 960 2639 1015 hercle
2665 961 2709 1016 si
2735 975 2977 1030 unquam
3005 976 3138 1014 usus
3167 960 3354 1024 fuerit,
3384 970 3442 1014 ut
3469 978 3609 1016 nova

2036 1048 2293 1117 llesychii
2338 1049 2508 1124 editio
2569 1058 2929 1119 procuretur;
2979 1048 3094 1117 qui,
3128 1057 3189 1103 ut
3220 1049 3275 1104 in
3327 1051 3610 1119 pudendos

2032 1157 2255 1195 errores
2302 1140 2500 1195 crebro
2548 1138 2832 1205 inciderit,
2875 1139 3207 1194 utilissimus
3246 1140 3609 1198 nihilominus

2032 1244 2086 1285 et
2143 1247 2278 1301 pene
2318 1233 2663 1288 necessarius
2716 1241 2802 1286 est
2849 1231 3127 1297 omnibus,
3160 1232 3253 1302 qui
3305 1234 3375 1288 ad
3424 1250 3608 1289 veram

2034 1325 2401 1380 eruditionem
2428 1324 2571 1377 viam
2603 1321 2862 1378 allectant
2887 1342 2901 1377 :

2142 1414 2210 1468 Id
2241 1416 2339 1470 tibi
2366 1414 2429 1470 de
2454 1414 2614 1484 plano
2637 1430 2850 1483 possunt
2880 1419 3207 1483 promittere,
3238 1414 3400 1481 Milli,

2034 1505 2279 1575 quinque
2315 1505 2436 1575 plus
2470 1505 2654 1560 minus
2688 1505 2862 1559 millia
2909 1504 3233 1559 mcudorum
3297 1522 3384 1560 me
3422 1522 3610 1563 corre-

2034 1606 2256 1650 cturum
2291 1611 2432 1659 esse,
2462 1596 2506 1651 si
2536 1596 2788 1662 libuerit;
2823 1611 2944 1665 qua:
2986 1597 3218 1663 aliorum
3250 1599 3536 1669 εὐστοχίαν
3560 1611 3614 1655 et

2038 1688 2365 1743 laboriosam
2431 1687 2769 1756 diligentiam
2824 1689 3091 1742 hactenus
3145 1688 3454 1744 cluserunt.
3521 1689 3609 1755 Ut,

2036 1782 2165 1836 illuc
2195 1782 2338 1838 unde
2365 1781 2495 1845 abii,
2524 1782 2791 1842 redeauL:
2824 1781 3025 1835 multos
3063 1781 3264 1850 ubique
3288 1780 3611 1836 Lexicorum

2020 1869 2185 1930 locos
2233 1873 2748 1928 contaminaverunt
2779 1873 3152 1927 correctiones
3178 1873 3359 1926 illaein
3394 1873 3510 1947 [40]
3548 1875 3615 1928 li-

2036 1966 2266 2019 brorum
2295 1963 2634 2033 marginibus
2675 1980 2687 2014 :
2714 1961 2861 2032 quod
2881 1976 2943 2016 ex
2979 1961 3075 2014 illo
3101 1970 3347 2030 tempore
3362 1979 3471 2032 quo
3495 1979 3615 2018 ver-

2035 2057 2163 2112 bum
2197 2055 2521 2109 mendosum
2557 2069 2682 2108 cum
2721 2053 2896 2107 altero
2924 2052 3156 2122 iunctim
3190 2053 3614 2109 continuaretur

2034 2148 2087 2201 iu
2121 2163 2305 2213 versu,
2334 2161 2442 2200 non
2480 2145 2554 2199 uti
2605 2144 2808 2199 factum
2831 2142 3095 2212 oportuit,
3119 2144 3281 2198 litura
3310 2146 3612 2201 tolleretur.

2039 2237 2398 2293 Luculentum
2425 2236 2587 2305 hujus
2613 2237 2690 2289 rei
2720 2235 3027 2303 exemplum
3050 2242 3231 2289 exstat
3255 2235 3612 2304 apudJulium

2035 2330 2317 2384 Pollucem
2348 2328 2441 2381 lib.
2473 2342 2568 2389 vn,
2601 2341 2723 2395 cap.
2744 2326 2836 2387 55,
2867 2327 2959 2380 ubi
2992 2325 3133 2380 inter
3181 2328 3328 2379 varia
3389 2330 3613 2383 nomina

2032 2420 2280 2488 iactuum
2308 2416 2360 2469 in
2390 2416 2516 2469 ludo
2553 2417 2749 2468 talario
2782 2413 3139 2468 nominantur
3168 2415 3328 2484 ἄρτια
3358 2424 3411 2471 et
3437 2418 3615 2488 ἁρμα-

2035 2508 2170 2573 τέαι,
2229 2507 2540 2576 ἀντίτευχος
2594 2513 2648 2559 et
2702 2505 3016 2569 ἀντίτυπος,
3064 2506 3339 2574 ὲπιςρένων
3372 2515 3426 2561 ct
3489 2510 3611 2561 ὲπι-

2040 2602 2243 2672 φέρων.
2287 2599 2393 2654 Sed
2433 2616 2497 2653 ex
2543 2599 2693 2653 hisce
2724 2598 2868 2652 binis
2893 2598 3111 2651 nonnisi
3135 2598 3351 2666 singula
3383 2614 3614 2669 qumque

2037 2708 2068 2747 ιι
2104 2691 2325 2746 Polluce
2384 2688 2626 2759 profecta
2659 2698 2811 2754 sunt,
2838 2696 3036 2742 caetera
3063 2702 3173 2756 qua
3205 2689 3317 2741 dixi
3354 2689 3438 2743 via
3477 2690 3614 2744 iusi-

2041 2791 2277 2838 nuarunt
2307 2797 2364 2836 se
2393 2782 2447 2833 in
2492 2781 2820 2834 orationem.
2872 2778 2970 2833 Cui
3040 2777 3260 2847 quidem
3327 2780 3614 2834 sentcntiae

2038 2891 2145 2929 non
2174 2874 2377 2927 invitus
2415 2871 2657 2934 accedet,
2699 2870 2788 2940 qui
2821 2867 2932 2937 jam
2973 2870 3209 2939 primum
3234 2885 3368 2924 ante
3403 2870 3612 2927 didice-

2042 2972 2111 3025 rit
2149 2969 2416 3023 iambicos
2449 2983 2572 3022 esse
2604 2967 2885 3020 trimetros
2919 2981 2984 3019 ex
3011 2965 3212 3020 Eubuli
3253 2965 3435 3019 fabula
3458 2965 3616 3020 Alca-

2042 3062 2274 3115 toribus.
2329 3058 2509 3112 Locus
2575 3057 2676 3110 huc
2741 3056 2996 3126 exetnplo
3025 3056 3449 3110 constituendus
3505 3069 3611 3111 esu.

2048 3155 2106 3206 Ὀ
2128 3157 2310 3225 μέντοι
2370 3159 2546 3221 Μίδας
2596 3158 2690 3211 irati
2752 3156 2861 3211 τῶν
2918 3156 3100 3226 μέσων
3155 3154 3326 3225 βόλων
3364 3150 3452 3225 ἦν.
3504 3156 3616 3208 Καὶ

2038 3246 2255 3300 ἄλλοιδὲ
2288 3249 2469 3301 πολλοί
2516 3251 2670 3315 εἰσιν,
2699 3248 2791 3313 οὓς
2826 3249 3083 3318 ὀνομάζει
3118 3247 3384 3313 Εὔϐουλος
3418 3250 3474 3302 ἐν
3505 3252 3616 3313 τοῖς

2038 3337 2344 3403 Κυϐευταῖς
2369 3356 2381 3369 ·

2038 3455 2392 3519 ιιέντρωτσθς,
2420 3454 2596 3521 ἱερὸς,
2620 3453 2752 3522 ἄρμ’
2782 3452 3163 3522 ὑπερϐάλλον
3188 3453 3398 3518 πόδας,

2040 3522 2334 3588 Κήρυνος,
2356 3523 2673 3591 εὐδαίμων.
2709 3524 2995 3588 κυνῶτος,
3017 3523 3206 3591 ἄρτια,

2039 3592 2338 3663 Λάκωνες,
2371 3593 2742 3663 ἀντίτευχος,
2771 3593 3024 3663 (im-eice,
3054 3596 3313 3656 δάκνων.

2045 3661 2405 3732 Τιμόκριτος,
2441 3661 2759 3727 ἐλλείπων,
2792 3661 3114 3732 aurelium,
3146 3667 3437 3732 ἑπίθετος,

2040 3731 2360 3799 reciditur,
2422 3734 2703 3802 ἀγίφτης,
2751 3731 3013 3802 οἶστρος,
3046 3731 3473 3805 ἀνακάμπτων,
3514 3736 3615 3791 δο-

3406 3808 3520 3865 ›εὺς
3529 3847 3542 3865 .

3406 3808 3485 3860 ›εὺ
3529 3847 3542 3865 .

2043 3872 2322 3941 Λάμπων,
2377 3874 2711 3940 κύκλωπες,
2769 3875 3087 3943 ἐπιφέρων,
3138 3806 3610 3946 σόλωνμσιίῖων.

2042 3983 2245 4038 Ilorum
2283 3994 2463 4039 autem
2497 4001 2756 4040 versuum
2785 3987 3127 4057 ignoratione
3158 3997 3270 4043 tota
3295 3990 3376 4044 via
3406 3991 3615 4045 erravit

2040 4078 2278 4133 Joannes
2309 4079 2601 4144 Meursius,
2637 4080 2729 4148 qui
2760 4095 2854 4134 eos
2886 4095 3077 4134 omnes
3107 4081 3454 4148 interiectus
3500 4098 3615 4137 rne-

2042 4174 2164 4227 dios
2217 4179 2484 4226 recenset.
2538 4172 2745 4241 Nempe
2811 4186 2918 4225 non
2971 4169 3168 4224 Eubuli
3218 4187 3342 4226 esse
3399 4176 3561 4227 verba
3593 4216 3607 4237 ,

2043 4265 2134 4318 sed
2168 4245 2404 4316 Pollucis
2451 4279 2464 4315 :
2516 4269 2569 4315 et
2631 4260 2761 4330 quia
2827 4259 2997 4313 Midas
3057 4270 3203 4315 esset
3262 4261 3372 4313 τῶν
3434 4261 3616 4329 μέσων

2045 4353 2234 4422 βόλων,
2263 4353 2448 4407 itidem
2482 4363 2537 4407 et
2566 4363 2859 4422 sequentes
2887 4367 3009 4407 esse
3038 4352 3339 4405 arbitratus
3367 4361 3470 4407 est.
3508 4351 3613 4408 Sed

365 4439 511 4508 poni,
549 4441 885 4507 ascripserat
930 4438 985 4492 in
1029 4439 1274 4506 margine
1299 4453 1329 4493 e
1354 4439 1576 4508 regione
1605 4438 1732 4503 loci,
1763 4438 1932 4491 Ἀντι-

2042 4454 2357 4523 parum_est
2387 4444 2765 4510 dubitationis,
2799 4445 2932 4513 quin
2982 4443 3110 4499 boni
3166 4444 3369 4498 fuerint
3416 4446 3614 4500 Εὐδαί-
3687 4512 3692 4518 ι

364 4531 634 4599 στρόφως,
668 4546 860 4598 nempe
892 4530 1000 4584 rice
1045 4546 1195 4583 versa
1229 4529 1332 4599 legi
1379 4538 1635 4599 oportere
1679 4528 1930 4594 Κάλυκα,

361 4618 613 4686 κάλυψεν.
664 4617 860 4673 Postea
911 4619 1044 4673 illud
1092 4620 1469 4690 ἀντιστρόφως
1508 4636 1606 4690 per
1655 4620 1932 4674 inseitiam

362 4710 715 4763 librariorum
771 4710 1077 4765 insinuavit
1111 4727 1171 4766 se
1213 4710 1266 4764 in
1317 4726 1559 4765 versum.
1587 4710 1723 4777 Quis
1764 4711 1933 4779 hujus

361 4803 435 4855 rei
471 4813 597 4857 ante
654 4818 754 4856 nos
808 4803 1183 4871 suspicionem
1221 4801 1454 4856 habuit?
1493 4800 1637 4867 Quin
1691 4814 1746 4857 et
1798 4804 1934 4857 alibi

360 4902 482 4963 post
515 4908 703 4946 vocem
738 4893 1195 4963 Προοόἀλλοιντο,
1227 4910 1350 4962 quas
1379 4901 1430 4947 ct
1455 4895 1571 4963 ipsa
1608 4895 1797 4949 vitiosa
1828 4904 1932 4956 est,

360 4989 471 5043 haec
519 4989 669 5056 leges
707 5007 720 5042 :
777 4988 1118 5059 Προσελθὼν,
1168 4989 1493 5060 προσϐαλὼν
1547 4988 1607 5052 ἐξ
1646 4991 1933 5061 ἀντιστρό-

358 5093 489 5144 φως.
550 5077 676 5131 Dele
734 5078 835 5130 hoe
888 5079 1294 5140 novissimum,
1337 5078 1481 5147 quod
1546 5078 1802 5131 nimirum
1866 5080 1935 5132 ab

356 5170 713 5224 enendatore
757 5179 863 5233 est,
914 5171 1004 5238 qui
1062 5179 1421 5224 annotavcrat
1465 5167 1753 5240 legendum
1807 5186 1932 5226 esse

356 5276 382 5314 e
410 5278 657 5315 converso
685 5262 1017 5332 Προσῦαλὼν
1052 5261 1385 5332 προσελθών.
1422 5262 1542 5328 Quo
1576 5264 1709 5317 nihil
1748 5266 1933 5319 verius

352 5353 458 5408 dici
517 5355 767 5426 potuisse
814 5369 1014 5409 censeo
1053 5373 1066 5408 :
1123 5357 1216 5410 sed
1270 5356 1322 5409 in
1365 5357 1563 5420 altero,
1609 5356 1932 5427 quicunque

354 5444 476 5504 luit,
514 5442 836 5512 longissime
873 5458 900 5494 a
941 5459 1072 5498 vero
1103 5445 1300 5499 abluit.
1355 5442 1609 5499 Proiecto
1646 5447 1768 5515 plus
1813 5454 1928 5501 toto

349 5534 491 5585 cwlo
551 5533 764 5585 distant
818 5532 1006 5596 Ki‘wE
1060 5542 1116 5587 ct
1171 5534 1437 5603 Κάλυψις.
1493 5536 1604 5604 Εεο
1650 5550 1781 5588 vero
1828 5552 1924 5603 pro

346 5626 635 5692 explorato
666 5639 895 5692 prorsus
930 5624 1102 5677 habeo
1135 5627 1212 5679 sic
1256 5630 1518 5695 St'l'ipttlm
1561 5641 1684 5681 esse
1718 5627 1787 5680 ab
1819 5628 1924 5681 lle-

346 5714 575 5778 lychio;
615 5712 878 5775 Κάλυξιν,
926 5713 1166 5766 nitimur
1222 5731 1415 5782 netupe
1463 5716 1754 5785 deut-arato
1802 5719 1919 5775 loco

673 5802 949 5862 ΡΑτῖιοι..
988 5796 1039 5862 Ὀ
1054 5822 1110 5863 [ι.
1161 5805 1383 5866 XCVII.

2043 4552 2158 4607 μων
2191 4544 2244 4591 et
2269 4535 2398 4606 ἄρμ’
2433 4534 2768 4606 ὑπερϐάλλον
2799 4537 2986 4601 πόδας,
3033 4536 3124 4607 qui
3176 4536 3435 4590 nimirum
3490 4539 3615 4591 aliis

2032 4629 2274 4697 jactibus
2333 4637 2486 4683 tanto
2550 4629 2803 4692 anteiret,
2858 4637 3068 4698 quanto
3101 4628 3196 4699 qui
3229 4629 3462 4698 pedibus
3511 4631 3618 4685 iter
3692 4660 3697 4665 ~

2037 4720 2268 4784 laceret,
2297 4735 2326 4773 a
2353 4735 2517 4773 curru
2539 4722 2887 4787 vinceretur;
2914 4717 3097 4784 πεζὸς,
3121 4732 3181 4773 ιιι
3213 4720 3389 4785 aiunt,
3414 4720 3615 4775 ὁδεύων

2040 4810 2190 4880 παρὰ
2233 4809 2422 4864 Λύδιον
2482 4812 2654 4882 ἅρμα.
2704 4811 2925 4866 Δὰκνων
2980 4822 3157 4866 autem
3194 4822 3249 4867 et
3281 4814 3534 4883 σφὰὶλων
3562 4823 3615 4870 et

2038 4903 2305 4954 ἐκλείπων
2335 4903 2533 4957 merito
2580 4905 2777 4973 opinor
2806 4919 2907 4960 suo
2947 4919 3049 4975 pro
3073 4904 3388 4962 infelicibus
3422 4908 3610 4963 haberi

2039 5003 2290 5064 possunt.
2344 4994 2451 5050 Sed
2480 4995 2554 5050 ad.
2586 4997 3013 5052 Antiochensem
3064 4999 3228 5054 redeo
3263 5016 3275 5054 :
3314 5015 3438 5054 nam
3489 5015 3613 5057 sero

2038 5088 2182 5141 sensi
2211 5088 2368 5157 longe
2405 5089 2674 5159 longeque
2699 5090 3009 5145 declinasse
3042 5107 3126 5146 me
3147 5108 3175 5146 a
3208 5093 3518 5162 proposito,

2109 5178 2331 5248 Singula
2359 5180 2485 5232 dum
2520 5182 2660 5249 capti
2692 5182 3162 5237 circumvectamur
3186 5200 3387 5239 amore.

2112 5269 2240 5339 Pag.
2296 5272 2399 5324 172
2448 5272 2647 5337 Καθὼς
2697 5275 2725 5325 ὀ
2764 5273 3074 5343 σοφώτατος
3139 5276 3441 5347 Εὐριπίδης
3497 5276 3613 5342 ἐξέ-

2035 5361 2157 5414 Θετο
2213 5363 2398 5434 δρᾶμα
2458 5366 2789 5431 ποιητικῶς,
2848 5359 2924 5418 ὧν
2992 5368 3158 5439 μέρος
3241 5368 3421 5438 ὀλίγον
3494 5370 3612 5423 ἐστὶ

2034 5452 2225 5507 ταῦτα.
2262 5453 2429 5507 Multa
2459 5455 2678 5520 quidem
2721 5458 3076 5526 transeripsit
3119 5457 3339 5512 Malalas
3362 5474 3426 5512 ex
3459 5456 3609 5525 Iphi-

2033 5544 2185 5610 genia
2213 5544 2266 5597 in
2296 5542 2526 5608 Tauris;
2577 5561 2696 5613 qum
2723 5564 2787 5600 ex
2826 5563 2929 5605 usu
2985 5548 3150 5603 fuerit
3180 5548 3244 5604 ad
3314 5549 3606 5620 Euripiden

2031 5633 2267 5701 exigere,
2298 5650 2407 5702 quo
2439 5635 2504 5687 de
2534 5637 2656 5705 eius
2684 5637 2932 5691 doctrina
2958 5651 3003 5691 et
3035 5641 3136 5693 lidc
3164 5657 3604 5711 cognoscamus:

2029 5723 2072 5775 si
2107 5722 2231 5791 quis
2264 5722 2380 5795 [’tl}
2416 5725 2504 5778 ilia
2548 5734 2656 5779 tam
2703 5726 2837 5780 dura
2898 5728 3111 5791 habent,
3141 5738 3198 5781 ιι
3252 5747 3370 5785 cum
3433 5731 3606 5790 lnle

3195 5820 3269 5885 24
