3988 6136
433 331 534 394 751

1335 331 1432 390 DE
1475 331 1798 396 JOANNIS
1841 336 2163 412 MALALE
2195 337 2851 398 CHRONOGRAPHIA

3589 334 3704 401 752

431 444 695 507 elmrum,
727 443 820 512 qui
849 450 1108 512 perpetua
1149 451 1278 496 ante
1312 445 1562 500 oratione
1583 449 1747 500 tot’am
1784 447 2018 502 fabulam
2051 461 2098 514 Α
2128 452 2346 506 libitum
2381 451 2564 505 fuerit.
2601 451 2862 504 Clemens
2893 447 3036 502 hanc
3095 447 3335 518 appellat
3373 463 3708 518 στοιχειωτι-

439 533 802 596 deeantabat,
851 534 1060 602 primus
1087 533 1350 604 diverhiis
1374 543 1427 588 et
1461 537 1718 604 personis
1740 538 2018 593 distinxit.

411 625 553 705 {Sed
613 639 794 694 Opera:
843 623 1076 692 pretium
1107 623 1270 677 fuerit
1305 625 1625 680 accuratius
1662 627 1775 680 luce
1837 629 2018 682 omnia

443 725 700 770 tractare.
728 719 802 768 Ac
828 715 896 769 de
925 715 1195 786 Tltespidc
1235 717 1456 784 quidem
1499 719 1678 772 minor
1699 728 1782 774 est
1803 720 2020 774 dubita-

441 807 540 868 tio,
573 805 702 874 quia
735 805 787 857 in
815 803 1218 874 discipulorum
1291 805 1572 862 cathedris
1627 810 1873 876 quotidie
1913 811 2018 864 ista

441 897 718 960 iactantur
749 911 763 946 :

417 1032 427 1070 ε
511 995 761 1070 Ignotum
788 995 1006 1070 tragica:
1041 1011 1202 1070 genus
1237 997 1501 1070 invenisse
1531 997 1798 1070 Cauirrme

415 1066 426 1114 ι
513 1068 748 1130 Dicitur,
776 1074 824 1120 et
842 1066 1102 1135 plaustris
1135 1067 1336 1120 vexisse
1359 1077 1606 1134 poemata
1635 1067 1876 1137 Thespis.

443 1170 644 1226 Suidas
671 1189 687 1226 :
715 1171 924 1234 Θέσπις
974 1169 1216 1234 ἐδίδαξεν
1271 1170 1364 1223 ἐπὶ
1414 1167 1516 1239 τῆς
1562 1170 1786 1243 πρώτης
1845 1172 1940 1226 καὶ
1978 1173 2020 1238 ξ’

438 1264 792 1335 ὀλυμπιάδος.
844 1261 1264 1332 Μνημονεύεται
1292 1261 1348 1314 δὲ
1365 1261 1474 1315 τῶν
1498 1261 1796 1334 δραμάτων
1821 1261 1986 1316 αὐτοῦ
2003 1302 2020 1328 ,

432 1355 620 1410 ’Λολιι
655 1353 1153 1426 ΠελίουῆΦορϐἅς,
1191 1353 1399 1424 Ἱερεῖς,
1469 1351 1695 1407 Ἠΐθεοι.
1756 1353 2017 1418 Πενθεύς.

439 1448 700 1503 Pentheus
733 1447 914 1502 l'ahnla
950 1461 979 1500 a
1015 1445 1238 1500 Polluce
1280 1443 1537 1501 laudatur
1565 1447 1660 1502 lib.
1685 1461 1873 1510 vut,c.
1903 1447 1970 1500 19.
2003 1463 2017 1499 :

439 1542 514 1594 Τὸ
559 1541 734 1612 ὄνομα
789 1538 1088 1610 ὲπενδύτης
1139 1537 1376 1608 ληπτέον
1405 1540 1470 1591 ὲκ
1517 1537 1626 1592 τῶν
1683 1537 2022 1608 Σοφοκλέους

437 1631 774 1703 Πλυντριῶν,
813 1631 1060 1694 Πέπλους
1103 1630 1315 1684 τενίσαι
1365 1627 1704 1692 λινοπλυνέῖς
1723 1630 1771 1682 τ’
1793 1628 2020 1682 ἐπενδύ-

437 1740 536 1786 τας
564 1723 693 1776 ικαὶ
725 1721 930 1783 θέσπις
956 1721 1012 1773 δέ
1046 1720 1150 1774 πού
1177 1737 1342 1790 φησιν
1367 1723 1424 1772 ἐν
1448 1718 1526 1789 τῷ
1557 1719 1772 1772 Πενθεῖ·

513 1812 706 1881 "Em-ip
727 1811 922 1880 νόμιζε
945 1812 1115 1878 rsvpt'
1119 1811 1228 1876 δας
1250 1811 1414 1880 ἔχειν
1439 1811 1802 1878 ἐπενδύτην.

440 1905 517 1959 De
549 1920 661 1972 quo
720 1919 880 1958 versu
927 1917 1052 1956 cum
1110 1903 1246 1956 nihil
1277 1905 1330 1957 in
1363 1903 1654 1972 praesentia
1703 1907 2016 1966 succurrat,

435 1997 583 2068 quod
617 1997 752 2050 mihi
787 1996 1119 2058 satisfaciat,
1143 1997 1262 2065 ejus
1306 1995 1750 2050 emendationem
1784 1994 1838 2048 in
1870 1991 2020 2048 aliud

437 2102 652 2160 tempus
709 2088 958 2143 dillcram
1005 2108 1018 2142 :
1064 2086 1436 2158 Sophocleum
1488 2087 1646 2142 illum
1711 2089 1832 2142 sine
1899 2101 2017 2155 mo-

434 2197 496 2234 ra
569 2180 880 2248 expediam.
949 2177 1138 2249 Neque
1203 2179 1350 2234 enim
1437 2194 1560 2234 cum
1633 2177 1963 2234 Casaubono
2001 2216 2016 2240 ,

433 2271 676 2326 Meursio
705 2281 763 2326 et
796 2270 1073 2326 Gata-kero
1119 2271 1358 2324 κτενίσαι
1405 2271 1826 2338 substituerim;
1857 2270 2020 2340 cujus

431 2363 612 2417 Inedia
658 2363 869 2434 syllaba
925 2369 1011 2416 est
1057 2362 1292 2416 brevis:
1345 2377 1679 2432 versumque
1757 2362 2016 2416 redderet

437 2471 543 2510 una
582 2455 787 2526 syllaba
813 2454 1140 2508 breviorem.
1169 2453 1282 2506 Non
1313 2453 1460 2508 enim
1483 2453 1755 2509 diiambus
1771 2460 1854 2508 est
1877 2451 2018 2505 λινο-

432 2547 679 2608 πλυνεῖς,
704 2547 797 2599 sed
821 2560 974 2614 pmon
995 2555 1246 2614 quartus.
1269 2543 1730 2614 NequeGatakeri
1754 2545 2016 2597 νεοπλύν-

433 2656 558 2701 τους
595 2637 710 2709 [4η
739 2636 1032 2700 έπένεὺτας
1061 2636 1408 2706 probaverim
1434 2653 1448 2700 ',
1476 2651 1603 2688 nam
1636 2635 1795 2689 sedes
1819 2644 2016 2704 quarta

434 2729 753 2796 spontlaeutn
779 2743 886 2778 non
915 2727 1195 2790 admittit;
1223 2733 1436 2794 poterat
1473 2726 1638 2796 paulo
1667 2727 1877 2781 rectius
1902 2743 2018 2778 νεο-

432 2818 690 2880 πὶὺτους.
753 2815 857 2870 Sed
911 2817 1060 2870 aliud
1108 2817 1369 2886 quiddam
1423 2816 1882 2886 _pra'tuleritn,de
1907 2833 2016 2887 quo

435 2912 612 2966 ausim
653 2910 749 2964 tibi
787 2909 1104 2964 lirmissime
1126 2923 1449 2964 asaeverare
1472 2925 1490 2962 ε

432 3003 714 3069 Ηέπλους
745 3019 804 3056 τε
836 3000 1022 3069 νῆσοι
1052 3001 1444 3065 λινοπλυνεῖς
1471 3001 1518 3052 τ’
1546 2999 1902 3066 ἐπενδὺτας.

435 3095 660 3150 Diversa
709 3094 780 3147 ab
834 3093 980 3154 illis,
1048 3107 1188 3160 quas
1233 3090 1434 3146 Suidas
1486 3099 1758 3156 recenset,
1831 3091 2014 3146 fabula

435 3191 672 3244 habetur
719 3189 773 3242 in
832 3188 1002 3241 veteri
1054 3201 1332 3241 marmore
1395 3186 1811 3252 Arnndeliano;
1870 3185 2016 3255 quod

437 3295 584 3336 nunc
621 3291 704 3334 est
729 3279 926 3334 ()xonii
953 3299 965 3334 :
998 3279 1088 3330 ΛΦ
1121 3278 1213 3332 ΟΥ
1243 3277 1487 3331 ΘΕΣΠΙΣ
1513 3279 1554 3330 0
1599 3277 1908 3334 ΠΟΙΗΤΗΣ
1933 3317 1947 3331 .
1966 3318 1978 3333 .
2000 3319 2016 3334 .

434 3373 554 3426 AX!
589 3412 603 3426 .
635 3411 679 3424 ..
713 3371 798 3423 os
833 3369 1168 3424 ΙζΔιΔΑΞΕΝ
1193 3369 1285 3421 ΛΑ
1315 3409 1326 3422 .
1357 3409 1368 3422 .
1401 3368 1602 3421 ,ΣτιΝ
1634 3368 1839 3438 Supple
1893 3371 2018 3422 AA-

438 3463 725 3526 ΚΙΙΣΤΞΝ,
757 3461 1022 3532 ἄλκηστιν
1049 3475 1064 3490 ’
1097 3477 1206 3516 ιιοιι
1253 3461 1530 3524 diuisam,
1569 3471 1626 3514 ut
1650 3463 1836 3518 min-us
1869 3471 2019 3518 recte

434 3555 899 3608 mlitores.l.ocns
949 3563 1036 3608 est
1102 3553 1338 3608 illustris
1397 3553 1542 3622 apud
1596 3553 1934 3608 Clementem
1960 3553 2016 3609 in

435 3647 810 3716 Στρωξιατέων
858 3646 1088 3716 quinto,
1143 3659 1307 3714 quem
1356 3642 1510 3698 nefas
1569 3643 1793 3713 quidem
1851 3645 2018 3700 fuerit

436 3739 658 3793 silentio
708 3737 1148 3808 praetermittere.
1205 3735 1408 3799 Θέσπις
1453 3735 1638 3806 μέντοι
1681 3737 1710 3789 ὁ
1755 3737 2018 3808 τραγικὸς

431 3831 522 3884 διὰ
550 3831 756 3884 τούτων
786 3829 914 3884 ἄλλο
942 3847 994 3883 τι
1017 3827 1378 3900 eripuisse-Gai
1423 3844 1588 3899 φησιν
1612 3823 1717 3887 ὧδέ
1738 3844 1856 3894 πως
1881 3829 2018 3902 γράν

434 3939 574 3993 φωνο

543 4035 670 4089 Ἴδε
697 4049 796 4088 σοι
827 4032 1070 4088 σπένδω
1095 4033 1347 4098 κναξζβι
1376 4035 1442 4088 τὸ
1457 4032 1686 4088 λευκόν

551 4106 693 4160 Ἀπὸ
726 4105 1081 4173 θη.2οιμόν‹υν
1106 4105 1329 4172 θλίψας
1359 4101 1629 4173 κνακῶιη

543 4175 668 4230 Ἴδε
695 4191 793 4229 σοι
825 4172 1100 4242 χθὺπτην
1127 4173 1320 4242 teper,
1336 4172 1518 4242 μίξας

548 4241 1052 4312 Ἐρυθρῷίμέλιτι,
1087 4243 1240 4295 κατὰ
1249 4241 1378 4312 ζῶν
1415 4241 1564 4305 σῶν,
1593 4243 1723 4296 Πὰν

536 4310 812 4382 Διᾶιέρὼς,
842 4310 1069 4381 λείθεμιιι
1095 4310 1316 4380 ,ϐωμῶν
1338 4313 1543 4380 ἁγίων.

540 4381 784 4438 Ἰδεσοι
802 4385 1062 4451 Βρομίου
1093 4381 1312 4435 αἴθοπα
1332 4383 1605 4452 55.1831467-

535 4455 743 4508 Λείὸω.

431 4566 558 4622 11ωο
613 4572 803 4619 narrat
854 4563 1110 4618 Clemens
1151 4577 1215 4618 ex
1264 4561 1666 4634 Thcspidemx
1701 4565 1828 4620 aliis
1878 4566 2010 4631 alia,

431 4676 552 4730 quae
601 4660 666 4712 ad
719 4659 972 4712 eatmletn
1026 4673 1138 4710 rem
1207 4667 1478 4728 spectant.
1539 4657 1867 4712 Persuasum
1929 4666 2012 4712 est

429 4755 696 4808 hactenus
759 4751 899 4805 viris
951 4751 1232 4813 eruditis,
1287 4766 1540 4822 magnam
1601 4751 1919 4822 symbolica:
1959 4757 2012 4804 et

426 4844 787 4916 amigmatica:
813 4851 1058 4897 veterum
1089 4842 1377 4912 theologia:
1398 4843 1506 4896 vim
1535 4840 1588 4895 in
1617 4839 1870 4896 barbaris
1902 4839 2011 4894 illis

425 4937 715 4992 vocabulis
744 4935 1036 4991 contineri.
1068 4934 1200 4989 Item
1229 4935 1396 5004 igitur
1439 4933 1578 4988 haud
1621 4933 1888 5002 ingratam
1935 4929 2012 4984 la-

424 5039 646 5084 etorum
679 5043 765 5083 me
790 5043 974 5096 spero,
996 5027 1043 5080 si
1074 5026 1355 5097 refregero
1405 5027 1517 5078 lucc
1535 5025 1799 5087 claustra,
1829 5038 1950 5094 qua!
1981 5037 2010 5076 a

427 5124 620 5180 multis
662 5122 882 5177 saeculis
930 5135 1150 5174 omnem
1179 5118 1244 5172 ad
1278 5119 1392 5172 haec
1429 5132 1587 5172 sacra
1631 5115 1840 5170 aditum
1873 5131 2014 5185 prae-

427 5218 733 5272 cluserant.
761 5213 918 5280 Quod
955 5221 1136 5267 autem
1178 5210 1464 5266 Herculem
1545 5209 1728 5266 ferunt
1784 5208 2008 5277 dixisse,

425 5325 550 5364 cum
584 5309 639 5362 in
675 5307 906 5363 delubro
951 5304 1189 5376 quodam
1241 5301 1625 5374 conspexisset
1649 5300 2009 5356 simulacrum

424 5399 714 5461 Adonidis,
745 5397 912 5451 Οὐδὲν
945 5395 1090 5468 ἱερὸν
1115 5395 1404 5468 ὑπάρχειν·
1439 5393 1581 5448 idem
1610 5391 1743 5446 mihi
1771 5391 1884 5461 jam
1907 5406 2008 5445 usu

423 5493 594 5555 venit,
655 5491 761 5545 hoc
809 5487 972 5558 adon
1010 5488 1250 5542 recluso.
1281 5485 1545 5541 Videlicet
1575 5493 1694 5538 erat
1721 5484 1852 5537 olim
1875 5481 2008 5536 ridi.

423 5583 547 5636 eula
591 5591 647 5636 et
690 5583 919 5653 puerilis
971 5581 1160 5646 ratio;
1211 5587 1270 5632 ut
1305 5595 1370 5633 ex
1416 5587 1656 5648 quatuor
1713 5585 1766 5632 et
1812 5575 2007 5646 viginti

427 5674 651 5733 litteris,
715 5674 885 5727 semel
932 5673 1205 5727 duntaxat
1247 5671 1442 5740 pesitis
1480 5669 1744 5738 singulis,
1769 5669 2006 5723 barbara

425 5761 674 5831 quadam
703 5771 758 5817 et
787 5763 1020 5818 inl’aceta
1052 5763 1214 5818 verba
1235 5761 1590 5830 conﬁcerent,
1616 5769 1780 5832 prout
1805 5759 2002 5832 cuique

2123 545 2226 616 κὴν
2249 543 2358 596 τῶν
2381 541 2587 596 παίδων
2607 539 2981 594 διδασκαλίαν.
3015 539 3209 594 Postea
3239 542 3563 594 certandum
3587 551 3704 593 erat

2123 633 2368 700 ingenio,
2411 631 2821 685 utsententiam
2857 630 3090 683 istorum
3121 627 3420 706 verborum
3461 627 3703 698 aliquam

2122 725 2386 781 omnibus
2429 723 2680 791 vestigiis
2736 721 3102 791 indagarent;
3143 734 3252 772 non
3301 733 3422 774 eam
3483 719 3704 788 quidem

2121 815 2348 868 omnino
2375 814 2609 868 alienam
2639 812 3000 874 etahsonam,
3065 809 3161 865 sed
3189 823 3218 862 a
3265 809 3598 880 propinquo,
3659 811 3705 864 si

2126 909 2241 962 ﬁeri
2293 907 2491 976 potuit,
2523 917 2574 960 et
2617 901 3175 972 verisimilipetitam.
3201 899 3332 954 Tria
3359 899 3478 972 [48]
3503 899 3708 971 profert

2122 999 2375 1054 Clemens
2410 996 2660 1066 exempla
2716 1009 2908 1048 eorum
2968 991 3363 1064 εὐπογροιμμῶν
3415 991 3704 1055 παιδικῶν,

2125 1101 2358 1155 quorum
2395 1099 2566 1138 unum
2599 1083 2703 1136 hoc
2737 1093 2827 1138 est
2864 1101 2878 1136 :
3187 1089 3208 1143 .'

2262 1173 2527 1242 Μάρπτε,
2565 1173 2773 1242 σφὶγξ,
2801 1171 2996 1242 κλὼψ,
3018 1171 3378 1242 ζϐυχθηδόν.

2124 1265 2200 1318 Ita
2238 1265 2406 1321 scribi
2445 1273 2699 1334 oportere
2727 1279 2818 1318 res
2859 1265 2977 1332 ipsa
3004 1264 3244 1331 clamat;
3278 1280 3390 1318 non
3425 1273 3485 1317 ut
3511 1262 3564 1317 in
3591 1265 3706 1318 edi-

2087 1408 2093 1416 ,
2123 1359 2216 1420 tis,
2251 1357 2497 1427 μάρπτες
2526 1363 2580 1409 et
2622 1355 2940 1426 ζυνχθηδόν.
2976 1355 3261 1410 Calculum
3289 1355 3403 1424 jam
3435 1369 3603 1425 pone,
3655 1367 3708 1409 et

2121 1460 2312 1500 omnes
2339 1445 2563 1498 omnino
2598 1444 2812 1498 litteras
2841 1443 3054 1508 Cadmi,
3087 1443 3424 1508 Palamedis,
3459 1444 3705 1499 Simoni-

2122 1536 2231 1600 dis,
2263 1535 2314 1587 iu
2347 1543 2590 1604 quatuor
2633 1535 2758 1592 istis
2791 1535 3077 1590 vocabulis
3113 1535 3387 1591 invenies.
3437 1536 3586 1591 Ecce
3615 1535 3706 1590 tibi

2123 1627 2422 1683 secundum
2458 1642 2471 1679 :

2260 1719 2438 1782 Βέδυ,
2470 1719 2649 1790 ζ’ὰμψ,
2675 1718 2815 1788 χθὼ,
2854 1719 3184 1789 πλῆκτρον.
3223 1720 3435 1792 σφὶγε.

2047 1803 2090 1858 Β
2123 1809 2200 1866 Ita
2222 1810 2530 1880 legendum,
2556 1825 2665 1864 non
2701 1821 2761 1864 ιιι
2796 1813 2850 1864 in
2882 1812 3138 1882 vulgatis,
3167 1811 3278 1882 ζὰψ
3305 1819 3360 1868 et
3387 1811 3558 1883 χθών·
3586 1829 3706 1868 nam

2121 1913 2186 1952 eo
2219 1909 2378 1967 pacto
2413 1907 2468 1953 et
2521 1915 2560 1969 p.
2595 1899 2794 1954 littera.
2832 1899 3075 1968 deesset,
3107 1910 3166 1956 et
3203 1919 3230 1955 ν
3269 1903 3354 1958 bis
3383 1913 3703 1973 poneretur.

2121 1987 2328 2041 Tamen
2363 1997 2423 2042 ut
2471 1988 2701 2058 Λάμϐδα
2742 1989 2935 2052 λάϐδα,
2968 1992 3051 2045 sic
3082 1992 3216 2047 illud
3252 1993 3420 2066 Ζὰμψ
3449 2005 3707 2052 auctores

2120 2077 2296 2134 Graeci
2327 2079 2436 2150 ζὰψ
2465 2083 2758 2152 scripsisse
2783 2094 2836 2138 et
2867 2086 3261 2153 pronuntiasse
3302 2088 3596 2143 videntur.
3617 2088 3706 2143 Sic

2119 2173 2273 2242 κάψοι
2310 2173 2504 2228 dicunt
2525 2185 2580 2230 et
2603 2175 2816 2246 κάμψαι*
2849 2175 3186 2247 διαλήψεται
3211 2179 3264 2232 in
3297 2181 3707 2250 antiquissimis

2121 2281 2254 2320 mss.
2289 2265 2585 2336 λήμψεται,
2617 2276 2670 2320 et
2715 2267 2886 2322 multa
2925 2269 3150 2326 similia.
3186 2268 3433 2326 Tertium
3464 2272 3706 2344 denique

2119 2366 2207 2412 est
2237 2358 2371 2412 illud
2401 2357 2698 2430 Thespidis
2732 2380 2746 2414 :

2261 2449 2532 2517 Κναξζϐὶ,
2569 2453 2863 2520 χθύπτης,
2885 2454 3151 2524 sols-ﬁuit),
3173 2453 3353 2524 δρέψ.

2121 2539 2258 2595 Male
2303 2542 2447 2612 apud
2477 2541 2816 2598 Clementem
2843 2553 2928 2599 est
2951 2548 3184 2612 editum,
3219 2546 3483 2618 φλεγμδς,
3526 2547 3696 2619 δρὼψο

2120 2641 2179 2685 ut
2210 2631 2420 2701 liquido
2435 2633 2733 2698 constabit,
2764 2633 2810 2688 si
2832 2633 3022 2704 digitis
3045 2647 3378 2708 computans
3398 2637 3696 2693 litterarum

2119 2736 2151 2774 ιι
2163 2736 2410 2776 muerum
2436 2721 2571 2777 velis
2601 2722 2759 2776 inire.
2780 2722 2955 2789 Quam
2983 2723 3213 2780 mirifice
3235 2735 3418 2781 autem
3447 2725 3702 2782 Clemens

2121 2813 2238 2869 haec
2259 2815 2466 2880 omnia,
2489 2817 2848 2884 quantumvis
2879 2816 3064 2886 inepta
3094 2825 3146 2874 et
3166 2816 3403 2883 ludicra,
3429 2817 3705 2890 interpre-

2121 2916 2304 2970 tetur;
2337 2907 2522 2960 malim
2551 2922 2619 2960 ex
2654 2906 2776 2976 ipso
2809 2922 2976 2978 quam
3032 2925 3100 2962 ex
3147 2924 3237 2963 me
3279 2910 3498 2966 audias.
3533 2912 3704 2966 Aliter

2121 3001 2286 3068 paulo
2323 2999 2438 3054 haec
2471 3001 2663 3054 ultima
2696 2999 2766 3054 ab
2814 2999 3092 3072 llcsyehio
3121 3001 3523 3072 proferuntur;
3585 3020 3706 3060 nam

2121 3104 2220 3158 pro
2275 3089 2506 3154 κναξξϐὶ
2551 3089 2822 3162 χθύπτης,
2873 3091 3012 3156 κνὰξ
3047 3091 3214 3147 habet
3251 3100 3306 3148 et
3357 3091 3485 3164 ξὸὶχ
3521 3106 3583 3150 et
3617 3095 3707 3148 οὐ·

2121 3197 2283 3250 πτης.
2319 3178 2468 3246 Κνὰξ
2497 3191 2679 3237 autem
2727 3183 3126 3252 interpretatur
3154 3183 3293 3252 γαλὰ
3321 3183 3540 3250 λευκὸν,
3581 3186 3707 3257 Ζϐὶλ

2113 3267 2219 3337 (ita
2283 3267 2421 3337 lege,
2483 3283 2592 3323 non
2655 3269 2841 3340 ζαὸἱχ)
2903 3269 3116 3337 λευκὸν,
3157 3279 3212 3326 et
3271 3271 3484 3345 θύπτης
3537 3278 3571 3330 ὁ
3618 3293 3706 3329 τυ-

2121 3357 2236 3428 ρός.
2285 3356 2466 3427 Atque
2499 3357 2664 3428 hujus
2698 3362 3040 3416 auctoritate
3078 3363 3344 3420 inductus
3394 3366 3706 3423 Salmasius

2114 3447 2284 3502 verba
2323 3446 2620 3516 Thespidis
2651 3449 2717 3502 ad
2745 3449 2892 3503 hunc
2920 3450 3140 3504 modmn
3173 3453 3470 3510 immutare
3489 3457 3706 3512 voluit:

2263 3541 2369 3594 Ἴδε
2398 3557 2480 3594 σοι
2513 3541 2724 3595 σπένδω
2743 3541 2878 3608 avth
2901 3541 3026 3614 ζϐὶχ
3054 3543 3270 3612 λευκόν,

2116 3642 2220 3688 Cl:

2267 3722 2374 3778 Ἴδε
2400 3741 2481 3776 σοι
2515 3722 2728 3793 θύπτην
2751 3723 2915 3794 τυρὸν
2943 3723 3124 3794 μίξας.

2119 3811 2226 3869 Sed
2255 3813 2502 3884 profecto
2533 3829 2640 3868 non
2666 3829 2730 3869 ea
2764 3823 2848 3870 est
2876 3813 3132 3886 ilesyehit
3165 3816 3500 3884 auctoritas;
3524 3832 3705 3890 neque

2115 3905 2242 3974 plus
2274 3905 2438 3959 habet
2470 3906 2756 3971 momenti,
2787 3922 2950 3976 quam
2984 3907 3292 3963 Clementis
3318 3916 3372 3963 et
3405 3907 3702 3982 Porphyrii

2119 3997 2400 4052 hominum
2437 3998 2626 4054 multis
2657 3999 2902 4068 partibus
2933 3998 3026 4052 illo
3053 3999 3384 4054 doctiorum.
3405 3998 3528 4055 Non
3555 4003 3700 4058 enim

2115 4089 2328 4146 librarii
2360 4090 2522 4158 culpa
2559 4097 2645 4144 est
2678 4089 2822 4160 apud
2847 4089 3184 4170 Clementem
3219 4109 3232 4144 :
3267 4106 3447 4160 neque
3476 4093 3595 4148 ulla
3626 4097 3702 4149 si-

2116 4180 2372 4235 militudo
2405 4180 2518 4234 veri
2570 4191 2656 4234 est
2704 4197 2738 4250 χ
2793 4181 3032 4236 litteram
3063 4197 3093 4235 a
3130 4183 3298 4238 verbo
3327 4183 3564 4248 κναξζδὶ
3591 4185 3702 4240 for-

2118 4271 2258 4326 tuito
2313 4271 2650 4342 disjunctam
2721 4271 2940 4336 luisse,
2995 4281 3051 4328 et
3111 4276 3278 4329 tertio
3339 4283 3469 4345 post
3534 4291 3697 4332 versu

2115 4363 2436 4431 repositam.
2521 4362 2813 4434 Porphyrii
2887 4374 3072 4418 autem
3146 4365 3254 4422 hoc
3320 4367 3696 4437 ὰποσπασμά-

2041 4489 2086 4546 D
2112 4471 2228 4508 τιον
2249 4462 2336 4508 est
2367 4469 2432 4508 ex
2493 4455 2636 4509 libro
2672 4472 2808 4511 mss.
2835 4456 3053 4512 Oxonii.

2419 4565 2536 4640 [49]
2573 4569 2960 4624 nororrtor
2985 4571 3388 4627 ΦΙΛΟΣΟΦΟΥ.

2151 4680 2285 4751 Περὶ
2315 4680 2411 4733 τοῦ
2447 4681 2712 4751 Κνοιξζὸὶ,
2744 4682 3011 4770 χούπξης,
3037 4683 3287 4758 φλεγμὼ,
3320 4687 3456 4759 δρδψ
3489 4689 3664 4762 ἑρμη-

2435 4797 2460 4818 ρ
2830 4771 2968 4808 νεια.

2113 4841 2202 4894 Ἐν
2229 4842 2454 4910 Δελφοῖς
2487 4844 2566 4906 εἰς
2589 4844 2680 4896 τὸν
2710 4844 2839 4897 ναὸν
2868 4847 3275 4919 ἐπιγέγραπται
3301 4851 3507 4920 τράγος
3552 4851 3698 4922 illiti!

2113 4937 2204 4988 ἐπὶ
2235 4935 2480 5005 δελφῖνος
2503 4937 2870 5008 ἐπικείμενος.
2897 4939 3048 5004 Κνὰξ
3079 4941 3180 5011 μὲν
3211 4944 3490 5015 γάρὲστιν
3519 4949 3546 5000 ὁ
3564 4947 3695 5017 τρέι-

2112 5045 2206 5098 γος
2253 5031 2394 5084 κατὰ
2447 5031 2731 5102 ἀποκοπὴν
2761 5033 2869 5086 τῶν
2917 5037 3200 5106 στοιχείων
3251 5039 3346 5092 τοῦ
3395 5058 3508 5104 κως
3557 5041 3695 5110 (lege

2112 5118 2243 5190 κων)
2285 5121 2378 5174 καὶ
2424 5121 2586 5175 πάλιν
2627 5122 2918 5192 ἀφαίρεσιν
2957 5124 3090 5196 (imo
3140 5127 3459 5198 πρόσθεσιν)
3501 5127 3596 5182 τοῦ
3642 5126 3690 5192 ξ·

2112 5213 2314 5266 κνάκον
2345 5213 2452 5286 γὰρ
2481 5215 2750 5282 καλεῖται,
2780 5216 2856 5280 ὡς
2883 5217 2978 5271 καὶ
3004 5217 3298 5290 Θεόκριτος
3322 5223 3383 5275 ὲν
3415 5222 3694 5292 βουκόλοις

2110 5303 2278 5372 λέγει’
2307 5299 2418 5358 οἷον
2439 5307 2640 5376 τράγος
2673 5307 2766 5360 καὶ
2798 5307 2970 5378 ἰχθὺς,
2999 5311 3028 5363 ὁ
3067 5310 3168 5381 μὲν
3201 5310 3555 5384 φλεγόμενος,
3588 5314 3617 5364 ὁ
3637 5311 3692 5363 δὲ

2092 5392 2243 5468 ’δρὺψ
2272 5397 2422 5466 ὄψον.
2481 5398 2644 5465 Λέγει
2677 5398 2734 5452 δὲ
2765 5401 2847 5454 ὅτι
2879 5403 2908 5454 ὁ
2933 5403 3136 5473 τράγος
3183 5404 3520 5475 φλεγόμενος
3572 5406 3692 5457 ἐστι

2112 5488 2347 5540 πάντοτε
2383 5485 2489 5539 ὑπδ
2518 5487 2768 5556 λοιγνίοις,
2803 5490 2885 5543 ὅτι
2911 5491 3006 5544 ἐάν
3056 5508 3143 5555 τις
3171 5493 3270 5558 τὰς
3321 5497 3477 5564 ῥῖνας
3524 5490 3691 5546 αὖτοῦ

2112 5574 2472 5644 ἁποσεραλὶσει
2533 5577 2660 5649 (leg.
2717 5578 3249 5656 ἀποισφαλίσῃ),-διά
3288 5584 3400 5638 τῶν
3446 5583 3694 5654 κειρὰεων

2111 5669 2360 5721 ἀναπνεῖ.
2415 5668 2567 5738 ’Ἔχει
2622 5667 2677 5721 δὲ
2738 5669 2831 5724 καὶ
2879 5671 3074 5743 ἑτέραν
3136 5676 3439 5746 ἑρμηνείαν
3495 5671 3692 5729 οὕτως.

2112 5760 2184 5816 Τὸ
2218 5756 2442 5823 κναξζσὶ
2480 5759 2620 5828 γάλα
2661 5761 2830 5827 ἐστὶν,
2863 5763 2925 5816 τὸ
2961 5761 3016 5817 δὲ
3055 5764 3300 5836 χθύπτης
3342 5767 3520 5844 τυρές,
3559 5762 3693 5827 Eph-'9
