3988 6136
280 365 388 430 753

285 579 450 648 ἔτερα
469 579 525 632 δὲ
547 580 780 634 πλεῖστα
799 581 1029 635 τοιαῦτα
1057 583 1145 636 διὰ
1165 581 1276 636 τῶν
1297 583 1373 636 κδ’
1393 583 1674 653 στοιχείων
1698 583 1878 654 armo"-

285 669 499 734 τίζοντα
532 669 664 724 ἴδιον
699 671 902 726 σκοπὸν
936 671 1194 744 εὕρομεν,
1215 668 1350 727 οἷον·
1375 673 1528 736 Βέδυ,
1571 673 1704 743 cae.
1735 671 1874 742 χθὼ,

289 759 590 829 πλῆκτρον,
629 761 817 830 σφὶγξ,
859 762 889 816 ὃ
919 747 1066 816 ἐστιν
1095 763 1290 826 οὕτως·
1328 764 1463 816 Βέδυ
1485 766 1635 817 ἐστὶν
1664 765 1698 834 ἡ
1734 763 1878 832 ὑγρὰ

291 849 469 914 οὐσία,
491 849 604 919 (ﬁt?
624 853 658 920 ἡ
688 851 947 922 πυρώδης
979 853 1158 916 οὐσία,
1189 852 1360 924 χθὼή
1391 857 1484 924 γῆ,
1519 853 1796 922 πλῆκτρον
1823 852 1881 906 δὲ

290 943 319 997 ὁ
346 942 480 1011 ἀὴρ,
515 942 682 1012 σφίγξ
717 945 750 1012 ή
785 944 991 998 τούτων
1017 945 1170 1014 φιλία
1212 946 1302 1006 διὰ
1344 949 1408 998 τὸ
1463 944 1878 1014 συνεσφίγχθαι.

293 1033 540 1096 Κλώδιος
565 1033 623 1087 δὲ
655 1039 684 1087 ὀ
714 1035 1058 1104 Νεαπολίτης
1088 1035 1264 1100 οὓτως
1309 1038 1625 1109 ἡρμήνευσε
1652 1036 1712 1088 τὸ
1745 1051 1884 1104 προο

294 1123 567 1194 κείμενον·
601 1125 730 1196 ἀὴρ,
765 1125 1034 1191 θάλασσα,
1064 1130 1160 1198 γῆ,
1193 1127 1366 1198 ἥλιος.
1405 1128 1516 1182 Καὶ
1543 1127 1718 1196 ἕτεροί
1738 1143 1884 1188 τινες

298 1216 583 1286 φιλόσοφοί
617 1234 675 1270 τε
715 1217 812 1273 καὶ
847 1220 1068 1280 ποιηταὶ
1097 1219 1286 1272 τοῦτον
1327 1218 1419 1272 τὸν
1453 1219 1654 1272 σκοπὸν
1702 1219 1886 1288 ἡρμή-

299 1322 519 1360 νευσαν.

374 1397 496 1452 Non
541 1399 703 1466 longe
753 1415 782 1453 a
819 1399 1089 1469 principio
1121 1400 1202 1456 sic
1243 1400 1426 1456 scribe
1459 1419 1471 1452 :
1504 1399 1738 1454 Κνὰκων
1777 1399 1886 1472 γὰρ

304 1491 572 1553 καλεῖται,
620 1491 693 1554 ὡς
733 1493 762 1545 ὁ
794 1491 1084 1562 θεόκριτος
1111 1494 1170 1547 ὲν
1197 1493 1545 1555 Βουκολικοῖς
1581 1491 1752 1560 λέγει.
1780 1488 1888 1544 Lo-

305 1603 404 1643 cus
434 1596 518 1641 est
553 1585 752 1658 Idyllio
787 1587 950 1642 tertio
986 1603 1000 1638 :

1389 1701 1485 1755 καὶ
1508 1702 1612 1754 τὸν
1631 1701 1894 1767 ἐνόρχαν

315 1773 426 1824 Τὸν
445 1771 710 1825 Λιϐυκὸν
733 1771 1012 1828 rer-dxtera
1031 1772 1376 1841 φυλάσσεο,
1402 1770 1486 1841 μὴ
1521 1771 1592 1824 τὺ
1629 1771 1888 1840 neptium.

381 1741 398 1754 σ
477 1739 494 1753 σ
575 1741 589 1755 ο
668 1740 684 1755 ο
764 1740 780 1756 ο
825 1739 838 1753 ο
921 1745 934 1760 ο
1013 1741 1030 1756 ο
1108 1741 1123 1758 ο
1203 1742 1222 1756 δ
1299 1741 1314 1755 ο

1375 371 1742 456 EPISTQLA
1771 372 1976 432 RICH.
2005 373 2392 438 BENTLEII.

283 489 338 540 δὲ
363 486 672 558 ἄνθρωπος’
689 489 908 560 δρῶπες
934 491 1044 562 γὰρ
1071 492 1122 544 οι
1153 490 1433 562 ἄνθρωποι
1461 492 1736 562 λέγονται.
1759 492 1870 546 Καὶ
1901 511 1910 552 λ

2009 494 2039 548 ii
2073 503 2128 550 et
2173 495 2407 566 Meuagii

3453 369 3558 435 τοι

2449 515 2463 550 :
2521 511 2645 568 quae
2703 496 2748 552 si
2797 510 2924 552 vera
2973 503 3058 551 est
3113 493 3406 550 sententia.
3446 509 3557 546 non

1979 602 2118 654 Opus
2165 597 2251 644 est
2283 599 2340 644 ut
2364 591 2534 644 multa
2566 589 2840 644 dicamus.
2872 587 3072 642 Statim
3107 587 3252 642 enim
3279 585 3558 640 constabit
3588 569 3598 582 ’

1981 675 2162 734 Ionem
2206 679 2474 752 Aiscbylo
2514 679 2688 735 fuisse
2721 686 2850 733 natu
2873 679 3164 732 minorem.
3207 677 3422 745 Quippe
3457 671 3560 728 So-

1981 780 2162 824 crates
2202 778 2364 826 natus
2407 770 2624 842 Olymp.
2653 786 2834 826 Lxsvu
2891 785 3037 824 anno
3071 785 3146 834 tv,
3178 766 3570 821 tantummodo-

1981 876 2082 916 xut
2111 863 2292 916 aetatis
2340 879 2543 916 annum
2593 863 2810 933 agebat.
2856 875 2984 915 cum
3021 859 3324 930 Eschylus
3353 873 3416 911 ex
3450 858 3561 910 vita

1981 954 2240 1018 excessit,
2267 953 2520 1008 videlicet
2549 953 2764 1026 Olymp.
2793 969 2957 1007 Lxxxt
3011 967 3102 1005 an.
3127 966 3167 1015 ι,
3200 951 3372 1005 Callia
3397 950 3564 1004 Athe~

1985 1045 2072 1099 nis
2093 1046 2376 1100 archonte.
2422 1045 2530 1101 Sed
2567 1047 2630 1100 de
2671 1045 2915 1114 Ephesio
2943 1044 3050 1098 iSto
3085 1047 3330 1112 pugnant
3365 1039 3568 1093 adver-

1985 1151 2083 1191 sus
2117 1135 2419 1206 Gyraldum
2460 1147 2514 1192 el
2545 1135 2887 1205 Scaligerum
2916 1133 3278 1189 eruditissimi
3339 1132 3564 1202 quidem

1987 1227 2238 1282 homines
2271 1227 2380 1282 Leo
2404 1227 2640 1283 Allatius
2668 1237 2722 1283 et
2743 1226 2983 1282 Joannes
3014 1224 3276 1280 Jousius:
3317 1224 3409 1278 ille
3441 1238 3572 1276 con-

1987 1321 2231 1376 tumeliis
2269 1299 2462 1384 frctus,
2497 1329 2552 1376 et
2599 1337 2664 1376 eo
2715 1319 2862 1390 quod
2905 1319 3058 1373 nullo
3091 1326 3319 1372 auctore
3359 1315 3569 1386 primus

1989 1411 2040 1464 id
2072 1409 2276 1463 dixerit
2305 1407 2600 1480 Gyraldus,
2642 1409 2900 1479 quodque
2937 1407 3213 1476 Ephesius
3254 1403 3570 1474 rhapsodus

1991 1501 2176 1562 fuerit,
2215 1516 2324 1554 non
2357 1499 2638 1570 tragicus;
2682 1499 2769 1558 hic
2801 1497 3004 1554 autem‘
3033 1497 3308 1554 acerrimo
3341 1497 3448 1550 telo
3479 1512 3572 1548 ar-

1992 1601 2194 1654 matus,
2251 1592 2381 1660 quia
2441 1593 2582 1646 ratio
2623 1600 2939 1661 temporum
2986 1591 3255 1644 reclamat
3308 1588 3573 1642 :Sl-ilicet

1991 1685 2172 1736 Ionem
2203 1682 2400 1746 Chium
2435 1679 2646 1752 Olymp.
2679 1697 2829 1734 mm
2863 1679 3161 1750 tragmdias
3190 1679 3443 1734 docuisse
3467 1692 3572 1730 non

1994 1777 2177 1828 minus
2223 1788 2400 1827 annos
2438 1772 2629 1841 viginti
2669 1772 2989 1841 priusquam
3017 1770 3282 1824 Socrates
3315 1785 3576 1824 nascere.

313 1862 444 1916 Illud
498 1870 681 1916 autem
721 1862 885 1917 tiimis
930 1836 1186 1918 lestirum
1237 1872 1347 1928 est,
1393 1836 1542 1933 quod
1603 1836 1892 1928 aliquanto
1925 1836 1965 1892 ῃ
1996 1877 2106 1927 tur,
2140 1861 2356 1934 Olymp.
2395 1836 2617 1916 demum
2662 1836 2866 1927 cum,
2901 1876 2975 1914 tv.
3010 1859 3140 1914 Mihi
3175 1859 3399 1929 quidem
3430 1858 3576 1911 idem

314 1960 438 2022 post
489 1954 789 2023 sequitur:
831 1952 1040 2024 Capras
1093 1954 1331 2019 scilicet,
1375 1955 1420 2010 si
1459 1955 1584 2024 quis
1630 1955 1700 2009 iis
1732 1968 1894 2008 nares

316 2046 556 2108 obturet,
589 2046 854 2100 cornibus
879 2047 1118 2116 spirare.
1147 2045 1254 2102 Sed
1289 2061 1387 2116 pro
1415 2046 1668 2116 κεράτων
1699 2045 1896 2101 certis-

319 2135 456 2190 sime
489 2135 892 2190 emendandum
925 2146 1012 2192 est
1041 2137 1250 2191 οὐάτων
1275 2138 1359 2191 vel
1396 2135 1569 2190 ὤτων.
1605 2134 1798 2196 Varro,
1827 2133 1898 2188 De

323 2244 377 2284 re
403 2229 646 2282 rustica:
674 2226 750 2282 De
776 2229 966 2299 quibus
989 2229 1370 2284 admirandum
1390 2227 1548 2292 illud,
1579 2229 1718 2298 quod
1738 2228 1900 2280 etiam

323 2318 620 2373 Archelaus
654 2319 869 2382 scribit;
905 2334 1094 2388 capras
1129 2336 1256 2384 non,
1289 2328 1346 2373 ut
1379 2319 1586 2389 reliqua
1616 2319 1899 2382 animalia,

324 2409 572 2471 naribus,
601 2411 691 2462 sed
745 2409 965 2464 auribus
997 2411 1246 2478 spiritum
1281 2410 1472 2463 ducere
1502 2411 1692 2464 solere.
1759 2408 1901 2461 Idem

327 2512 558 2554 narrant
588 2500 799 2556 Plinius
833 2509 890 2556 et
931 2501 1206 2556 Elianus.
1237 2499 1464 2556 Clodius
1499 2502 1606 2556 iste
1645 2500 1904 2569 Neapoli.-

317 2599 490 2661 _tanus
526 2591 726 2646 librum
773 2594 1085 2660 composuit
1124 2593 1389 2648 adversus
1430 2608 1526 2648 eos
1585 2593 1678 2662 qui
1741 2607 1908 2646 carne

329 2682 705 2747 abstinerent;
759 2692 820 2738 ut
865 2684 1027 2740 testis
1085 2692 1172 2738 est
1225 2685 1345 2754 ipse
1400 2683 1738 2754 Porphyrius
1775 2683 1910 2756 Περὶ

329 2777 541 2846 ἀποχῆς
570 2775 860 2846 ὲμψύχωνς
899 2792 1080 2843 neque
1102 2777 1247 2832 alius
1283 2778 1578 2848 quisquam
1611 2777 1760 2832 illius
1793 2794 1910 2830 nie-

331 2869 516 2931 minit,
551 2868 698 2937 quod
731 2869 928 2924 sciam.
967 2868 1152 2924 Fidem
1188 2869 1238 2924 id
1272 2869 1426 2935 facit,
1461 2869 1686 2924 minime
1717 2869 1912 2940 ψευδε-

331 2961 588 3030 πίγριφα
637 2960 750 3014 haec
801 2975 950 3026 esse,
1009 2961 1105 3016 sed
1151 2977 1218 3016 ex
1263 2961 1569 3032 Porphyrio
1605 2962 1747 3017 bona
1809 2961 1914 3016 [ide

329 3060 614 3120 excerpta.

1995 1964 2079 2011 est
2110 1955 2349 2021 animus,
2383 1970 2490 2008 non
2523 1969 2693 2008 unum
2729 1962 2780 2007 et
2809 1953 3060 2008 eumdem
3089 1951 3261 2007 fuisse
3295 1949 3491 2006 Chium
3525 1958 3578 2002 rt

1999 2047 2328 2118 Ephesium;
2373 2047 2545 2101 Chius
2583 2045 2729 2100 enim
2776 2052 2830 2100 et
2869 2059 3069 2116 genere
3116 2051 3172 2099 et
3217 2041 3416 2113 opibus
3474 2039 3579 2094 fuit

1998 2145 2224 2194 clarus:
2255 2139 2350 2208 qui
2385 2153 2510 2192 eum
2549 2137 2776 2192 Athenis
2825 2135 2939 2209 [5t]
2986 2136 3263 2204 quondam
3307 2133 3577 2212 tragoedia

1999 2231 2162 2286 simul
2189 2238 2241 2285 et
2271 2230 2618 2300 dithyrambo
2650 2229 2894 2295 vicisset,
2925 2229 3049 2283 Chii
3085 2227 3418 2282 vinicadnm
3451 2225 3579 2280 viri-

2002 2323 2096 2378 tim
2129 2313 2342 2388 cuique
2363 2321 2562 2376 civium
2599 2321 2782 2387 dedit;
2826 2330 2886 2375 ut
2939 2327 3247 2376 memorant
3283 2317 3576 2373 Athe-meus

2002 2422 2054 2466 et
2074 2409 2284 2466 Comici
2311 2419 2600 2464 enarrator
2632 2407 2699 2462 ad
2727 2409 2950 2464 Pacem.
2983 2405 3302 2461 Luculentae
3335 2419 3464 2458 vero
3492 2403 3578 2456 di-
3611 2391 3618 2398 ’

2003 2501 2172 2566 vitim,
2202 2517 2326 2571 qua:
2355 2509 2464 2555 tam
2500 2501 2717 2555 eximite
2759 2499 3079 2554 liberalitati
3109 2498 3357 2554 sullieere
3386 2505 3582 2566 potue-

2006 2601 2155 2648 runt.
2189 2591 2462 2662 Ephesius
2491 2591 2653 2646 homo
2700 2589 2984 2645 mendicus
3012 2598 3069 2644 et
3113 2585 3586 2642 circumforaneus

2008 2683 2329 2740 cantitando
2379 2693 2434 2738 et
2483 2681 2866 2752 gesticulaudo
2896 2681 3100 2735 victum
3131 2679 3345 2748 inopem
3389 2677 3590 2748 quatri-

2010 2783 2156 2836 tans,
2190 2781 2250 2828 ut
2281 2789 2401 2828 mos
2429 2779 2547 2828 erat
2592 2769 2916 2840 rhapsodis;
2965 2784 3107 2840 quos
3138 2769 3410 2824 Homerus
3453 2781 3589 2820 suus

2011 2866 2222 2920 misella
2257 2865 2400 2934 stipe
2427 2873 2481 2918 et
2512 2864 2813 2918 esuritione
2847 2863 3126 2932 pascebat.
3157 2859 3281 2930 Ipse
3320 2859 3386 2914 de
3415 2873 3473 2912 se
3508 2857 3590 2910 lo-

2013 2958 2196 3027 quitur
2234 2955 2378 3026 apud
2415 2955 2692 3009 Platonem
2734 2973 2748 3008 :
2781 2956 2872 3007 Δεῖ
2914 2953 3024 3024 γάρ
3051 2970 3118 3023 με
3151 2953 3246 3006 καὶ
3275 2950 3464 3022 σφόδρ’
3485 2949 3594 3004 καύ-

2013 3052 2125 3112 τοῖς
2155 3049 2286 3116 (τοῖς
2315 3047 2556 3115 θεαταῖς)
2607 3046 2699 3099 τὸν
2733 3044 2856 3098 νοῦν
2894 3044 3210 3114 προσέχειν,
3249 3042 3324 3105 ὡς
3364 3041 3460 3094 ἐὰν
3495 3040 3592 3109 μὲν

403 3139 464 3192 Ρ.
501 3139 622 3194 181.
653 3141 762 3194 Καὶ
795 3143 936 3212 μετὰ
961 3142 1120 3196 τοῦτο
1151 3142 1358 3207 Μίνως,
1399 3140 1496 3197 viai.
1545 3145 1682 3214 μετὰ
1718 3143 1912 3198 Μίνωα
1937 3175 1980 3232 c
2017 3139 2300 3200 κλαίοντας
2335 3136 2535 3200 αὐτοὺς
2575 3135 2808 3202 καθίζω,
2853 3134 3018 3197 αὐτὸς
3059 3133 3366 3202 γελάσομαι
3419 3127 3592 3201 ἀργύ-

327 3233 561 3296 Λύλέας.
597 3233 714 3287 Dixi
745 3249 919 3287 meam
953 3236 1280 3290 sententiam
1315 3255 1326 3289 :
1363 3236 1620 3289 nimirum
1649 3245 1745 3289 aut
1780 3236 1913 3289 vitio

328 3325 552 3378 codicis
584 3333 680 3377 aut
705 3327 984 3380 memoria?
1011 3327 1206 3380 falsum
1231 3343 1355 3381 esse
1388 3325 1695 3392 Joannem;
1745 3333 1798 3380 et
1847 3327 1914 3380 ad

330 3419 482 3472 Imue
519 3419 740 3472 modum
779 3434 806 3470 a
841 3421 1014 3488 prima
1063 3435 1225 3472 manu
1260 3420 1524 3488 scriptum
1559 3419 1750 3482 videri,
1807 3419 1918 3472 Καὶ

333 3509 479 3579 μετὰ
504 3507 696 3562 τοῦτον
734 3511 880 3576 Ἴων,
915 3512 1009 3562 καὶ
1052 3509 1190 3580 μετὰ
1223 3511 1388 3563 Ἴωνα
1421 3509 1702 3580 Αἰσχύλος.
1745 3509 1916 3564 Porro

332 3605 448 3656 iste
475 3601 596 3672 [50]
631 3603 724 3654 Ion
756 3613 912 3670 poeta
946 3601 1050 3655 fuit
1079 3601 1590 3670 tragicus,tiatione
1607 3600 1781 3656 Chius
1815 3601 1918 3656 :de

331 3710 452 3763 quo
487 3693 616 3746 ideo
633 3693 788 3761 plura
827 3691 1097 3756 dicemus,
1133 3693 1260 3762 quia
1295 3691 1571 3757 'I‘hespide
1599 3701 1653 3746 et
1681 3691 1919 3764 jEsehy-

334 3790 389 3841 lo
445 3786 738 3854 aliquanto
783 3794 866 3840 est
906 3787 1188 3856 ignotior;
1233 3795 1350 3839 tum
1409 3795 1590 3840 autem
1640 3795 1698 3839 ut
1755 3787 1916 3856 quasi

332 3877 620 3946 specimen
639 3876 836 3930 demus
873 3876 1037 3930 istius
1069 3875 1277 3944 operis,
1302 3875 1463 3944 cujus
1497 3883 1656 3929 antea
1685 3873 1920 3930 fecimus

335 3966 701 4029 ιιιιιιιιῑοηριη,
735 3981 843 4034 quo
871 3964 1137 4036 Reliquias
1191 3965 1364 4018 ornnis
1419 3965 1618 4020 Graeca:
1676 3981 1916 4033 poeseos,

335 4059 762 4130 philosophica,
795 4058 983 4126 epieae.
1027 4057 1302 4126 elegiacm,
1336 4057 1676 4124 dramatica',
1719 4059 1924 4130 lyrica:-

332 4167 452 4221 que
495 4149 758 4219 colligere
812 4147 1110 4202 voluimus.
1153 4146 1258 4202 Sed
1313 4146 1426 4200 hare
1469 4147 1710 4204 fuerunt.
1767 4149 1919 4204 Prin-

334 4241 493 4312 cipit)
545 4248 728 4294 autem
785 4255 892 4293 non
941 4238 1149 4310 injuria.
1195 4238 1365 4293 Chius
1406 4247 1597 4294 noster
1647 4255 1755 4295 una
1797 4255 1924 4296 cum

335 4333 620 4402 zEsehylo
649 4339 1009 4394 memoratur,
1049 4331 1138 4386 cui
1169 4330 1302 4384 olim
1329 4331 1572 4386 amicitia
1608 4343 1659 4386 et
1685 4331 1926 4387 familia-

335 4427 522 4480 ritate
542 4424 876 4494 conjunelus
909 4421 1044 4482 fuit;
1081 4432 1142 4476 ut
1183 4439 1250 4477 ex
1281 4423 1580 4480 Plutarcho
1623 4433 1842 4479 constat
1869 4427 1924 4480 in

2017 3249 2132 3303 ριον
2174 3229 2489 3301 λαμϐάνων
2531 3229 2626 3282 ἐὰν
2657 3229 2714 3281 δὲ
2745 3227 3044 3296 γελῶντας,
3091 3225 3252 3288 αὐτὸς
3285 3222 3596 3292 κλαύσομαι

2017 3322 2280 3394 ἀργύριον
2301 3320 2560 3383 ἁπολλύς.
2585 3320 2758 3374 Chius
2792 3321 2844 3372 in
2885 3319 3034 3373 omni
3071 3319 3374 3372 litterarum
3400 3329 3596 3384 genere

2017 3431 2274 3486 magnum
2309 3429 2504 3468 nomen
2545 3423 2628 3466 est
2674 3421 3006 3466 consecutus
3039 3429 3052 3464 :
3084 3409 3354 3480 Ephesius
3399 3417 3597 3476 praeter

2019 3507 2313 3560 llomerum
2365 3505 2502 3559 nihil
2540 3504 2744 3558 doetus
2777 3512 3004 3558 cantare
3037 3519 3051 3554 :
3090 3502 3234 3556 sicut
3265 3499 3332 3553 de
3367 3512 3425 3553 se
3459 3497 3598 3550 fate-

2019 3607 2144 3664 tur;
2175 3613 2302 3652 cum
2335 3613 2363 3650 a
2402 3595 2634 3650 Socrate
2671 3595 3041 3664 interrogatus
3086 3601 3268 3646 utrum
3301 3589 3597 3643 Homerum

2019 3691 2200 3748 solum
2232 3691 2478 3754 calleret,
2503 3706 2572 3744 an
2599 3689 2762 3744 etiam
2785 3683 3077 3742 Hesiodum
3101 3682 3598 3742 et-Archilochum;

2018 3785 2324 3856 respondit,
2351 3783 2572 3838 minime
2595 3780 2816 3850 quidem
2843 3780 3003 3837 istos.
3038 3777 3131 3832 sed
3169 3775 3466 3830 llomermu
3505 3789 3600 3826 so-

2021 3879 2132 3932 lum
2155 3887 2354 3946 ratque
2384 3875 2488 3930 hoc
2522 3875 2657 3930 satis
2689 3888 2832 3928 esse.
2853 3871 2918 3924 Et
2944 3872 3227 3940 aliquanto
3258 3877 3408 3938 post:
3431 3867 3602 3920 Ὅταν

2026 3969 2126 4040 μέν
2147 3985 2250 4032 τις,
2285 3967 2380 4030 ait,
2406 3983 2471 4017 πε
2480 3967 2534 4035 pl.
2555 3964 2652 4017 τοῦ
2685 3962 2845 4016 ἄλλον
2867 3959 3094 4030 ποιητοῦ
3123 3959 3460 4028 διαλέγηται,
3478 3956 3602 4008 (οἰδὂέ

2023 4058 2280 4132 προσέχω
2309 4055 2458 4120 νοῦν,
2503 4053 2750 4109 ἀδυνατῶ
2777 4071 2836 4106 τε
2882 4053 2977 4106 καὶ
3007 4051 3186 4106 ὁτιοῦν
3229 4048 3601 4120 συμϐαλέσθαι

2024 4149 2182 4219 λόγου
2213 4148 2383 4214 ἄξιον,
2411 4145 2526 4200 ἀλλ’
2573 4143 2815 4215 ἀτεχνῶς
2855 4141 3131 4208 νυστάξω,
3160 4150 3214 4198 et
3265 4143 3370 4194 alia
3424 4141 3600 4208 pluria

2023 4243 2081 4297 in
2145 4242 2292 4296 hanc
2351 4239 2700 4296 sententiam.
2749 4237 2842 4292 Sic
2905 4236 3070 4306 igitur
3119 4248 3438 4305 persuasum
3501 4231 3603 4284 ha-

2025 4335 2150 4401 beo,
2173 4335 2311 4389 Chio
2343 4333 2421 4387 illi
2447 4338 2503 4387 et
2534 4330 2778 4402 Ephesio
2808 4329 3066 4400 patriam,
3099 4343 3294 4398 genus,
3327 4325 3598 4384 fortunas,

2027 4428 2328 4499 ingenium,
2378 4425 2585 4489 studia,
2617 4439 2819 4490 mores,
2876 4423 3062 4480 omnia
3109 4421 3347 4491 denique
3407 4426 3604 4488 praeter

338 4517 489 4568 libro
533 4513 630 4581 qui
687 4511 1014 4566 inscribitur
1047 4508 1171 4572 Πῶς
1226 4510 1292 4564 ἄν
1328 4527 1411 4574 τις
1457 4510 1698 4564 αἴσθοιτο
1729 4510 1910 4564 ἑαυτοί

2029 4535 2224 4576 nomen
2242 4526 2300 4573 et
2317 4527 2544 4574 aitat’em.
2561 4517 2803 4588 disparia
2835 4516 3024 4572 fuisse.
3045 4515 3105 4568 Et
3143 4522 3356 4568 atatem
3379 4511 3605 4581 quidem

337 4606 751 4678 προκόπτοντος
776 4603 864 4657 ἐπ’
897 4605 1089 4674 ἀρετῇ.
1123 4601 1407 4674 Αἰσχύλος,
1441 4603 1540 4666 ait,
1567 4601 1774 4673 Ἰσθμοῖ
1795 4602 1930 4657 θεώ-

339 4715 509 4768 μενος
541 4695 730 4763 ἀγῶνα
759 4693 1002 4758 πυκτῶν,
1033 4695 1156 4748 ἐπεὶ
1181 4679 1478 4764 πληγέντος
1504 4695 1694 4764 ἐτέρου
1713 4697 1772 4750 τὸ
1803 4697 1930 4760 θέα-

334 4805 475 4860 τρον
529 4785 819 4856 ἐξέκραγε,
853 4782 1016 4850 νύξας
1045 4787 1207 4838 Ἴωνα
1247 4785 1339 4838 τὸν
1381 4786 1532 4852 Χῖον,
1567 4787 1750 4857 Ὁρᾷς,
1800 4786 1926 4858 ἔφη,

336 4878 455 4932 οἷον
491 4880 526 4948 ἡ
557 4877 789 4946 ἄσκησίς
817 4877 984 4929 ἐστιν’
1021 4879 1049 4928 ὁ
1087 4875 1380 4946 πεπληγὼς
1405 4878 1605 4948 σιωπᾷ,
1637 4879 1685 4930 οἱ
1705 4877 1764 4930 δὲ
1796 4876 1932 4931 Osci)-

338 4989 474 5042 μενι
506 4969 698 5040 βοῶσι.
731 4965 959 5024 Juveuis
989 4977 1176 5022 tamen
1209 4983 1333 5022 cum
1362 4983 1494 5023 sene
1523 4977 1772 5024 versatus
1808 4979 1930 5038 est;

337 5072 399 5119 et
427 5065 488 5120 in
523 5079 594 5118 eo
621 5061 842 5131 quidem
875 5077 985 5115 non
1032 5061 1233 5116 leviter
1267 5077 1552 5131 peccatum
1580 5070 1668 5116 est
1701 5078 1728 5115 a
1759 5062 1932 5118 Joan-

341 5171 439 5219 ne,
464 5154 614 5224 quod
635 5155 819 5208 Ionem
842 5150 1103 5222 IEschylo
1129 5152 1488 5228 vetustiorcm
1508 5153 1692 5208 faciat.
1713 5153 1929 5209 Utinam

341 5261 486 5299 vero
539 5249 858 5314 superesset
889 5243 1048 5296 hodie
1101 5241 1327 5298 Batonis
1364 5241 1696 5310 Sinopensis
1755 5244 1929 5300 liber!

341 5334 520 5390 Plura
561 5333 632 5388 de
683 5333 832 5388 Ionis
889 5340 1053 5388 aetate
1080 5344 1135 5388 et
1161 5333 1514 5388 evidentiora
1538 5333 1650 5388 dici
1683 5346 1929 5405 possent,

343 5442 508 5482 nunc
557 5426 664 5483 soli
713 5426 770 5480 in
833 5425 1078 5481 obscuro
1125 5425 1454 5492 lubricaque
1485 5427 1708 5482 trmnite
1759 5430 1933 5499 magis

341 5531 662 5586 reptamus,
693 5531 858 5585 quam
904 5516 1238 5586 pedetentim
1278 5517 1642 5587 ingredimur.
1686 5519 1934 5577 Platonis

338 5616 432 5661 est
459 5605 748 5676 Dialogus.
767 5624 880 5676 quo
909 5607 1170 5662 Socrates
1193 5623 1504 5663 sermonem
1535 5609 1776 5664 instituit
1807 5627 1930 5666 cum

345 5695 486 5752 Ione
519 5698 760 5764 quodam
805 5697 1079 5768 Ephesio;
1111 5715 1272 5770 quem
1299 5715 1328 5752 a
1363 5701 1498 5756 Chio
1533 5717 1643 5754 non
1677 5719 1801 5756 esse
1857 5704 1935 5756 di-

343 5805 582 5848 wrsmn
617 5789 802 5857 opinio
824 5799 908 5845 est
933 5791 1052 5846 Lilii
1078 5791 1324 5863 Gyraldi.
1345 5790 1471 5846 Julii
1507 5793 1792 5862 Scaligeri,
1816 5794 1933 5850 Del-

2033 4627 2157 4666 enm
2203 4611 2350 4673 dico,
2393 4625 2524 4664 cave
2550 4624 2674 4663 cum
2717 4607 2908 4663 Jonsio
2943 4618 2998 4662 et
3045 4603 3288 4661 Gerardo
3323 4603 3517 4658 Vossio
3551 4610 3608 4656 et

2031 4703 2280 4774 Menagio
2310 4702 2379 4757 ad
2417 4701 2636 4774 Olymp.
2689 4716 2835 4756 essu
2883 4700 3068 4754 Ionem
3101 4697 3304 4752 Chium
3357 4697 3606 4767 rejieias,

2031 4795 2124 4865 qui
2159 4795 2211 4848 in
2237 4791 2673 4848 erubescendqu
2697 4805 2941 4846 errorem
2971 4789 3284 4844 inciderunt
3317 4787 3505 4851 inscii,

2139 4885 2207 4940 Et
2237 4887 2470 4956 graviter
2492 4887 2674 4954 magni
2706 4900 2897 4954 magno
2925 4882 3160 4936 cecidere
3189 4882 3260 4934 ibi
3292 4897 3422 4934 casu
3457 4895 3476 4934 :

2034 4979 2102 5033 ab
2141 4979 2425 5033 hominum
2458 4977 2778 5033 l'utilissimo
2802 4975 3028 5032 .(Emilio
3060 4973 3490 5042 Porto-decepti,
3513 4973 3609 5042 qui

2035 5070 2219 5125 Suidm
2245 5070 2436 5134 verba,
2463 5063 2708 5138 Ἤρξατο
2749 5067 2851 5130 τὰς
2875 5065 3184 5138 τραγῳδίας
3211 5065 3493 5138 διδάσκειν
3514 5063 3609 5116 ἐπὶ

2031 5160 2130 5228 τῆς
2157 5159 2244 5229 πβθ
2290 5159 2677 5231 Ὀλυμπιάδος,
2727 5160 2800 5212 ita
2841 5157 3037 5211 Latina
3074 5156 3223 5220 fecit,
3264 5164 3527 5228 tanquam
3559 5155 3608 5208 si

2034 5249 2126 5304 Ion
2162 5249 2386 5320 Olymp.
2409 5266 2555 5304 usu
2581 5250 2824 5303 scribere
2851 5248 3132 5318 coepisset.
3166 5247 3353 5316 Atqui,
3381 5261 3422 5300 0
3443 5245 3608 5306 bene,

2035 5339 2125 5409 «ιβ’
2156 5348 2286 5393 sunt
2311 5353 2498 5393 cum
2538 5357 2550 5392 :
2593 5351 2645 5393 et
2677 5338 3012 5411 seholiastes
3043 5337 3240 5392 comici
3273 5351 3383 5390 non
3414 5350 3610 5390 nume-

2035 5447 2221 5485 rorum
2276 5442 2460 5494 notas,
2490 5446 2678 5484 verum
2734 5433 2944 5500 integra
2982 5433 3166 5502 verba
3225 5429 3464 5492 exhibet,
3517 5427 3612 5482 ἐπὶ

2033 5523 2400 5594 ὀγδοηκοστῆς
2429 5522 2524 5576 καὶ
2547 5520 3205 5594 δευτέραςὈλυμπιάδσς.
3233 5518 3415 5576 Facile
3445 5520 3612 5590 igitur

2037 5630 2133 5684 per
2165 5623 2380 5670 aetatem
2417 5615 2626 5670 licitum
2684 5621 2791 5680 est,
2839 5629 3000 5668 usum
3054 5623 3110 5667 et
3152 5612 3611 5668 consuetudinem

1995 5705 2152 5760 -Ioni
2190 5707 2329 5761 Chio
2357 5721 2482 5761 eum
2537 5705 2766 5762 Socrate
2809 5704 3001 5760 fuisse.
3032 5703 3176 5772 Quin
3221 5707 3340 5774 ipse
3371 5703 3426 5758 in
3493 5705 3614 5758 suis

2038 5799 2262 5870 scriptis
2298 5799 2546 5855 Socratis
2579 5799 2914 5854 mentionem
2954 5798 3100 5855 fecit.
3131 5796 3401 5869 Diogenes
3427 5796 3612 5850 Lacrt.
