4032 6138
470 349 575 411 ἿϋἹ

1374 352 1473 411 DE
1507 317 1829 413 JOANNIS
1867 350 2900 413 MALAL/R-CHRONOGRAPHIA.

3650 350 3751 411 768

474 466 615 523 velis
638 508 656 534 ,
697 465 1011 537 Χαιρεφῶν,
1034 464 1332 536 Κυρηὸίων
1354 506 1367 529 ,
1404 466 1519 535 jam
1551 482 1657 521 non
1686 464 2052 537 Cluerepbon-

2167 475 2256 520 tur
2284 464 2493 530 Αὐλέας
2552 469 2582 521 6
2627 466 2942 537 σοφώτατος
2976 464 3045 521 de
3096 463 3461 536 Endymione.
3500 479 3664 534 quem
3694 468 3747 520 in

474 561 546 614 tis
605 559 770 615 verba
824 557 1025 620 lorent,
1053 571 1176 626 quae
1214 557 1462 611 Athenaei
1496 559 1768 613 sententia
1794 569 1916 625 est;
1957 558 2055 614 sed

472 649 818 721 Cyrebionis.
855 649 991 703 lllud
1024 654 1208 703 autem
1258 649 1553 703 exordium
1600 649 2052 720 Τριαγμοῦιιοη-

471 744 600 794 dum
626 756 655 793 a
683 740 820 793 viris
847 739 1027 794 doctis
1060 739 1415 794 emendatum
1469 755 1593 797 esse
1625 742 1898 806 demiror;
1931 742 2048 811 qui,

469 829 573 885 etsi
605 828 957 884 dissimulant
1003 836 1058 882 et
1113 836 1389 893 mussant,
1431 828 1588 898 juxta
1619 828 1673 883 id
1714 830 2049 900 intelligunt,

469 937 533 975 ac
566 923 611 977 si
642 922 695 975 in
727 920 906 977 Ovidii
970 920 1158 976 Getica
1210 921 1555 975 incidissent.
1587 920 1671 975 Ille
1711 933 1939 976 auctore
1967 922 2051 975 sic

470 1017 589 1083 lege
626 1031 639 1067 :
668 1012 840 1085 Ἀρχὴ
870 1013 925 1066 δέ
957 1030 1049 1084 μοι
1080 1012 1176 1068 τοῦ
1206 1013 1368 1082 λόγου
1412 1014 1596 1067 Πάντα
1618 1018 1768 1083 τρία,
1806 1016 1896 1067 καὶ
1927 1013 2049 1067 οὔτε

468 1106 631 1160 πλέον
657 1105 779 1160 οὔτε
846 1105 1073 1161 ἔλασσον
1142 1106 1349 1161 τούτων
1398 1108 1565 1177 τριῶν
1621 1107 1767 1170 Ἐνὸς
1817 1109 2046 1161 ἑκάστου

464 1199 656 1271 ἀρετὴ,
685 1198 880 1269 τριάς⁶
928 1198 1165 1264 σύνεσις,
1201 1199 1426 1269 κράτος,
1476 1199 1572 1251 καὶ
1608 1197 1770 1269 τύχη.
1809 1197 1907 1253 Ubi
1936 1200 2050 1253 sin-

464 1292 591 1363 gula
631 1291 852 1360 quidem
885 1290 1050 1346 verba
1099 1299 1227 1346 sunt
1246 1291 1562 1346 communia
1594 1307 1607 1344 :
1637 1291 1730 1360 qui
1765 1300 1948 1346 tamen
1976 1308 2047 1363 ex

465 1386 585 1453 ipso
632 1383 954 1438 charactere
987 1393 1041 1437 et
1082 1381 1259 1436 forma
1300 1382 1516 1437 dicendi
1558 1396 1665 1436 non
1704 1384 1871 1437 sentit
1898 1383 2042 1437 Ioni-

463 1489 665 1536 smum,
699 1472 1046 1528 nihilsentit.
1106 1471 1181 1527 De
1202 1472 1436 1543 Epigene
1477 1488 1628 1535 vero,
1662 1488 1770 1542 quo
1801 1488 1888 1527 me
1925 1489 2046 1527 ver-

462 1573 573 1619 tam
607 1565 819 1632 nescio,
851 1566 921 1618 ita
958 1579 1047 1619 res
1072 1572 1126 1620 et
1168 1565 1296 1619 hinc
1323 1574 1376 1619 et
1408 1566 1534 1619 inde
1567 1581 1822 1636 magnam
1882 1566 2044 1621 habet

460 1656 857 1715 diliicultatem.
885 1656 1019 1710 Nam
1052 1671 1182 1711 ecce
1218 1656 1315 1709 tibi
1357 1655 1559 1710 Suidas
1598 1674 1611 1709 :
1651 1656 1741 1726 qui
1772 1673 1881 1710 non
1913 1657 2043 1727 Epi-

458 1766 678 1821 genem,
712 1749 807 1806 sed
835 1747 1114 1818 Orpheum
1176 1755 1454 1801 auctorem
1511 1746 1678 1802 faciat
1719 1749 2040 1819 Τριαγμῶν.

460 1844 719 1913 Ὀρφεὺς,
754 1840 956 1909 inquit,
977 1838 1182 1911 ἔγραψε
1214 1840 1556 1910 ἰ“ριαγμοὺς,
1581 1840 1800 1908 λέγεται
1822 1841 1875 1894 δὲ
1903 1837 2042 1896 εἷναι

463 1935 651 1996 Ἴωνος
699 1933 793 1986 τοῦ
848 1932 1151 2006 Τραγικοῦ.
1225 1931 1475 2001 Cumque
1528 1930 1824 2003 Epigenem
1883 1933 2047 1988 video

458 2024 868 2081 enarrationem
904 2022 1105 2093 Orphei
1147 2023 1368 2087 fecisse,
1391 2024 1660 2079 Clementi
1684 2034 2045 2078 memoratam

460 2118 678 2189 Στρωμ.
742 2135 782 2173 ι.
847 2116 1140 2188 Ἐπιγένης
1180 2119 1239 2169 ἐν
1291 2118 1407 2179 τοῖς
1437 2116 1566 2187 περὶ
1598 2115 1697 2185 τῆς
1729 2117 1810 2179 είς
1838 2116 2043 2185 Ὀρφέα

461 2211 735 2280 ποιήσεως
758 2209 1065 2281 Κέρκωπος
1092 2204 1230 2262 εῖναι
1246 2208 1395 2277 λέγει
1423 2209 1517 2262 τοῦ
1542 2208 1910 2279 Πυθαγορείου
1940 2208 2045 2277 τὴν

455 2303 536 2363 εἰς
564 2299 728 2372 ’ᾼδου
764 2299 1086 2354 Κατάϐασιν
1113 2300 1206 2354 καὶ
1238 2300 1331 2353 τὸν
1372 2299 1539 2373 Ἱερὸν
1584 2300 1761 2369 λόγον.
1790 2299 2044 2366 (Proclus

457 2391 720 2445 tamenin
756 2390 1009 2445 Timwum
1044 2391 1139 2446 lib.
1170 2408 1223 2455 v,
1257 2392 1435 2461 ipsum
1478 2391 1842 2462 Pythagoram
1875 2392 2041 2462 hujus

457 2490 737 2537 auctorem
768 2483 975 2538 laudat.
1022 2486 1092 2537 ’Λ
1119 2483 1251 2555 γὰρ,
1286 2484 1386 2547 ait,
1430 2483 1663 2555 Ὀρφεὺς
1697 2484 1764 2537 δι’
1798 2485 2040 2556 ἀπορῤή·

454 2590 563 2626 των
582 2575 758 2642 λόγων
795 2574 1074 2643 μυστικῶς
1104 2575 1477 2646 παραδέδωκε,
1507 2575 1679 2629 ταῦτα
1715 2575 2038 2646 Πυθαγόρας

455 2664 742 2735 ἐξέμαθεν,
799 2666 1113 2736 ὁργιασθεὶς
1175 2669 1234 2719 ὲν
1276 2666 1601 2737 Λειϐήθροις
1628 2670 1739 2729 τοῖς
1777 2668 2037 2739 Θρᾳκίοις

454 2758 823 2828 Ἀγλαοςράμω
889 2757 1117 2812 τελεστὰ
1178 2758 1573 2830 μεταδιδόντος,
1622 2757 1689 2828 ἢν
1729 2760 1856 2828 περὶ
1886 2758 2035 2811 Θεῶν

455 2849 688 2919 Ὀρφεὺς
722 2848 916 2917 σοφίαν
947 2848 1098 2919 παρὰ
1130 2848 1445 2917 Καλλιόπης
1467 2848 1566 2917 τῆς
1595 2849 1831 2920 μητέρος
1852 2848 2037 2905 smmi-2.

454 2935 588 3005 σθη·
622 2935 806 2988 Ταῦτα
849 2936 957 3005 γάρ
1016 2953 1182 3007 φησιν
1212 2939 1240 2990 6
1282 2936 1610 3009 Πυθαγόρας
1653 2939 1711 2991 ὲν
1748 2936 1825 3008 τῷ
1867 2938 2037 3009 λόγῳ.

455 3025 609 3083 Unde
636 3037 853 3083 constat
927 3029 1115 3100 Ἱερὸν,
1149 3038 1210 3083 ιιι
1265 3028 1369 3083 alia
1405 3031 1608 3100 scripta
1648 3029 2033 3102 Pythagorica,

452 3119 688 3175 dialeeto
712 3119 911 3175 Dorica
949 3120 1122 3176 fuisse
1160 3122 1553 3190 compositum)
1578 3130 1706 3177 etv.
1740 3124 2032 3195 Ἐπιγένης
2057 3156 2102 3215 c

451 3214 510 3263 ἐν
546 3211 624 3281 τῷ
660 3212 905 3282 περὶτῆς
925 3212 1169 3280 Ὀρφέως
1193 3214 1465 3282 ποιήσεως
1504 3213 1573 3266 τὰ
1604 3213 1873 3278 ἰδιάζοντα
1901 3216 2035 3284 παρ’

450 3300 645 3370 Ὀρφεῖ
692 3300 1043 3371 ὲκτιθὲμενός
1092 3319 1246 3371 φησι,
1293 3303 1530 3374 Κερκίσι
1575 3304 2036 3375 καμπυλόχρωσι,

449 3395 565 3457 τοῖς
626 3393 879 3463 ἀρότροις
925 3394 1248 3465 μηνύεσθαι,
1279 3404 1386 3450 etc.
1424 3396 1557 3449 Cum
1605 3396 1738 3460 haec,
1783 3396 2029 3466 inquam,

453 3485 591 3555 lego,
626 3485 1020 3554 propemodum
1073 3486 1318 3542 adducor
1363 3487 1416 3541 in
1447 3502 1565 3542 eam
1603 3487 1936 3556 opinionem.
1970 3496 2032 3540 ut

452 3575 849 3646 llarpocration
884 3577 989 3631 hoc
1008 3578 1259 3646 exemplo
1306 3578 1591 3647 scripserit
1628 3579 1797 3650 εὸπερ
1825 3578 2030 3633 Καλλίσ-

453 3687 623 3740 μαχος
647 3669 1023 3739 ἅντιλέγεσθαί
1048 3685 1235 3740 φησιν,
1263 3669 1341 3744 ὡς
1377 3675 1473 3723 καὶ
1504 3670 1814 3741 Ἐπιγένης.
1842 3668 1954 3743 [69]
1988 3671 2029 3726 Ε

449 3763 673 3817 (Ιίνετεο
723 3762 816 3817 ubi
870 3761 1005 3816 illud
1041 3762 1190 3816 venit
1233 3761 1287 3815 in
1338 3770 1599 3826 mentem,
1631 3760 1831 3832 Orphei
1856 3763 2033 3834 ipsius

449 3862 503 3907 et
540 3852 862 3923 Pythagorae
913 3869 1133 3924 quoque
1197 3854 1531 3907 mentionem
1582 3851 1780 3907 factam
1813 3869 1937 3909 esse
1970 3856 2025 3910 in

450 3945 561 4001 illis
581 3945 906 4015 Τριαγμοῖς,
939 3946 1199 4001 continuo
1221 3944 1549 3999 sententiam
1575 3960 1693 3999 eam
1719 3945 1942 4015 abjicio,
1971 3954 2027 4000 ιτι

450 4037 724 4091 manifesti
777 4038 985 4093 erroris
1050 4037 1276 4092 Suidam
1309 4051 1500 4106 arguo.
1539 4037 1789 4093 Clemens
1820 4039 1949 4110 Στρ.
1985 4055 2025 4093 l.

453 4127 578 4179 Ἴων
608 4126 663 4180 δὲ
683 4128 711 4180 6
744 4129 874 4192 Χῖος
907 4131 965 4182 ὲν
994 4131 1108 4192 τοῖς
1144 4130 1451 4199 Τριαγμοῖς
1473 4130 1569 4183 καὶ
1596 4130 1918 4203 Πυθαγόραν
1943 4134 2027 4196 εἰς

445 4217 650 4288 Ὀρφέα
670 4220 984 4286 ἀνενεγκεῖν
1011 4237 1133 4273 τινα
1196 4221 1419 4292 ἱστορεῖ.
1454 4229 1508 4276 et
1538 4221 1805 4291 Diogenes
1840 4221 2023 4279 Laert.

452 4310 577 4363 ’ῐων
599 4311 656 4363 δὲ
681 4313 708 4363 ὁ
723 4313 851 4375 Χῖος
876 4315 932 4365 ὲν
961 4313 1073 4375 τοῖς
1090 4313 1392 4383 Τριαγμοῖς
1409 4331 1573 4384 φησιν
1600 4316 1762 4369 αὑτὸν
1785 4316 1898 4387 (τὸν
1915 4319 2029 4371 Ilu-

448 4398 708 4469 θαγόραν)
729 4400 846 4454 ἔνια
880 4403 1184 4472 ποιήσαντα
1210 4406 1520 4473 ἀνενεγκεῖν
1560 4408 1637 4469 εἰς
1669 4406 1893 4478 Ὀρφέα.
1926 4408 2027 4462 Ita-

2159 565 2346 612 monte
2370 558 2550 613 Cariae
2598 559 2725 612 luna
2761 557 3096 628 consepivit,
3129 566 3190 611 ut
3218 571 3345 611 eum
3384 556 3749 612 dormientem

2156 650 2525 704 oscularetur.
2586 648 2854 720 Suspicor,
2904 660 2959 703 et
3019 650 3110 704 hic
3165 663 3388 719 quoque
3446 648 3749 719 signiﬁcari

2155 737 2503 810 Eschylum,
2552 741 2645 810 qui
2702 741 2758 794 in
2808 739 2993 794 fabula
3058 738 3289 794 Curibus
3344 739 3460 794 sive
3535 738 3750 809 Europa

2156 845 2263 884 non
2288 832 2466 900 potuit
2491 847 2599 886 non
2620 846 2738 887 eam
2769 832 3054 887 historiam
3088 831 3382 901 attingere.
3405 830 3543 885 Illud
3567 841 3749 887 autem

2157 940 2324 995 quam
2356 926 2516 996 longe
2547 926 2703 981 abest
2735 939 2766 978 a
2816 939 2968 991 vero,
3000 922 3147 993 quod
3186 921 3512 994 ASschylum
3555 934 3752 979 narrat

2154 1019 2393 1086 primum
2464 1018 2777 1073 instituisse
2835 1017 3039 1071 choros
3086 1015 3374 1085 tragicos?
3434 1014 3475 1067 Ε
3526 1015 3750 1070 diverso

2152 1118 2340 1179 partes
2372 1109 2551 1171 chori,
2587 1117 2747 1163 antea
2791 1123 2956 1178 quam
2985 1105 3285 1178 IEschylus
3332 1106 3636 1177 tragoadias
3669 1106 3749 1162 fa-

2150 1210 2323 1264 ceret,
2367 1210 2526 1255 erant
2576 1202 2751 1255 altero
2805 1208 2961 1253 tanto
3021 1198 3325 1269 longiores,
3378 1212 3545 1267 quam
3592 1206 3742 1268 post.

2152 1290 2258 1345 Sed
2294 1307 2355 1347 ea
2378 1306 2465 1346 res
2490 1292 2597 1346 nisi
2628 1290 2883 1361 pluribus
2906 1289 3090 1345 verbis
3112 1288 3377 1357 explicari
3410 1305 3516 1342 non
3538 1296 3738 1358 potest:

2151 1392 2261 1439 tota
2300 1384 2413 1441 fere
2466 1401 2645 1440 scena:
2676 1385 2818 1439 ratio
2872 1392 2927 1438 et
2974 1383 3202 1437 historia
3238 1391 3324 1436 est
3356 1381 3689 1437 illustranda
3727 1399 3743 1437 :

2148 1476 2461 1545 complures
2499 1485 2792 1531 auctorum
2827 1474 2929 1529 loci
2961 1488 3069 1543 qua
3101 1471 3439 1541 corrigendi,
3464 1486 3574 1541 qua
3598 1487 3744 1525 novo

2148 1565 2311 1621 modo
2350 1566 2748 1637 interpretandi
2778 1582 2791 1619 :
2828 1565 2985 1620 multi
3036 1577 3257 1618 errores
3287 1562 3742 1632 amovendi,jatn

2146 1658 2265 1728 ipsa
2301 1667 2577 1713 vetustate
2607 1659 2798 1714 caniet
2819 1656 3183 1713 venerabiles.
3214 1654 3384 1711 Nemo
3415 1655 3560 1709 enim
3593 1670 3742 1709 unus

2145 1762 2209 1802 ex
2244 1747 2471 1803 cohorte
2501 1748 2870 1815 eruditorum,
2906 1746 2999 1816 qui
3045 1747 3099 1800 in
3137 1761 3206 1802 eo
3240 1753 3573 1816 argumento
3608 1755 3740 1799 tan-

2147 1849 2332 1909 topere
2363 1841 2702 1906 laborarunt,
2728 1840 2875 1895 scire
2892 1840 3072 1893 adhuc
3096 1839 3297 1908 p0tuit,
3317 1838 3451 1909 quid
3476 1835 3737 1907 Thespis,

2144 1932 2274 2002 quid
2319 1930 2618 2004 Eschylus
2650 1941 2705 1987 et
2739 1931 3043 2002 Sophocles
3096 1931 3338 1987 inventis
3377 1929 3738 1985 addiderunt.

2144 2024 2337 2093 Itaque
2364 2036 2469 2078 tam
2526 2024 2716 2080 odiosa
2772 2023 3176 2094 disceptatione
3224 2023 3501 2093 patienter
3544 2037 3739 2077 carere

2142 2115 2328 2185 possis
2353 2115 2409 2169 in
2435 2116 2726 2185 praesentia
2764 2130 2779 2169 :
2812 2116 2928 2169 imo
2959 2130 3160 2171 vereor
3190 2122 3248 2167 ut
3276 2113 3416 2169 citra
3449 2113 3739 2169 fastidium

2141 2206 2429 2275 epistolam
2463 2208 2735 2277 perlegas,
2761 2205 2878 2279 [70]
2926 2206 3092 2262 etiam
3126 2206 3335 2275 absque
3364 2206 3473 2259 ista
3498 2220 3735 2260 concer-

2141 2298 2350 2352 tatione
2373 2298 2602 2353 nimium
2633 2300 2942 2368 loquacem.
2968 2298 3052 2355 Me
3083 2298 3306 2370 quidem
3334 2306 3388 2354 et
3416 2298 3585 2353 niora:
3610 2314 3735 2369 per-

2142 2395 2332 2442 taesum
2366 2397 2451 2445 est
2473 2398 2527 2444 et
2556 2390 2910 2459 ineptiarum.

2209 2479 2340 2551 Pag.
2377 2482 2503 2536 214.
2536 2483 2869 2553 Στησίχορος
2895 2482 2990 2535 καὶ
3022 2481 3383 2553 Βακχυλίδης,
3405 2484 3455 2536 οἳ
3475 2478 3615 2555 ἦσαν
3638 2484 3735 2552 ὀρ-

2140 2575 2352 2645 χήσεως
2382 2575 2606 2645 εὑρεταὶ
2641 2576 2734 2629 καὶ
2759 2576 3004 2648 ποιηταί.
3036 2577 3177 2642 Quid
3196 2576 3434 2630 narras?
3463 2577 3727 2630 nimirum

2139 2674 2330 2721 nostra
2365 2681 2465 2721 nos
2496 2666 2685 2737 Opinio
2720 2666 3050 2738 fefellit,qui
3074 2666 3410 2723 credidimus
3442 2675 3494 2721 te
3527 2667 3728 2719 Antio.

2138 2755 2277 2810 chia:
2328 2770 2452 2811 esse
2503 2763 2716 2810 natum.
2756 2755 3039 2826 Siquidem
3083 2764 3278 2811 auctor
3320 2766 3403 2812 est
3445 2754 3726 2811 Lucianus

2137 2847 2539 2902 Antiochenses
2565 2847 2633 2903 de
2663 2848 3020 2904 saltatoribus
3050 2849 3256 2917 optime
3301 2851 3547 2904 omnium
3572 2846 3729 2919 judi-

2137 2951 2262 2993 care
2287 2937 2571 3007 potuisse:
2609 2947 2660 2994 te
2688 2947 2868 2994 autem
2898 2953 3021 2994 cum
3051 2939 3281 2993 aliarum
3310 2939 3583 3006 omnium,
3607 2947 3727 2994 tum

2137 3028 2303 3099 hujus
2331 3029 2465 3085 artis
2484 3029 2957 3100 imperitissimqu
2984 3029 3435 3101 videmuleogo
3456 3041 3530 3097 te,
3559 3031 3728 3087 homo

2135 3118 2416 3172 hominum
2448 3119 2824 3189 ignavissime,
2862 3134 3217 3190 nunquamne
3240 3135 3431 3176 sacras
3468 3120 3728 3191 Scriptu-

2139 3224 2232 3264 ras
2259 3209 2562 3265 lectitasti?
2597 3225 2782 3266 nonne
2818 3210 2893 3265 ibi
2921 3210 3185 3282 frequens
3216 3212 3533 3268 saltationis
3571 3228 3728 3266 men-

2140 3300 2215 3369 tio
2240 3300 2333 3354 diu
2359 3301 2587 3371 diuque,
2627 3297 2933 3371 antequam
2969 3300 3325 3357 Stesichorus
3359 3299 3728 3356 nasceretur?

2136 3390 2315 3461 quid?
2350 3407 2417 3446 ne
2450 3390 2746 3447 Homerum
2770 3392 2995 3462 quidem
3026 3408 3125 3464 per
3156 3405 3517 3449 transennam
3559 3407 3729 3462 aspe-

2137 3482 2266 3537 xisti
2288 3481 2440 3551 ‘ljam
2463 3497 2595 3552 ergo
2621 3497 2744 3536 eum
2779 3482 2973 3538 audias
3005 3482 3171 3537 licet:

2149 3573 2503 3643 Ὀρχηστὺς,
2530 3573 2739 3644 μολπή
2763 3590 2848 3638 τε,
2905 3573 3093 3645 τάπερ
3121 3573 3172 3628 τ’
3209 3574 3568 3646 ἀναθήματα
3597 3574 3727 3628 δαι-

2139 3714 2342 3785 ΪΑιιλῳ
2362 3714 2481 3785 μὲν
2504 3713 2613 3781 γὰρ
2635 3713 2820 3768 ἔδωκε
2848 3716 2981 3785 θεὸς
3004 3715 3304 3785 πολεμήϊα
3325 3645 3616 3784 ἔργωὶτά
3630 3687 3653 3702 ι

2138 3783 2340 3848 ’Ἄλλῳ
2363 3783 2416 3837 δ’
2439 3785 2766 3852 όρχηστὺν,
2783 3783 2964 3853 ἑτέρῳ
2992 3783 3227 3855 κίθαριν
3256 3783 3361 3840 καὶ
3374 3786 3613 3853 ἀοιδήν.

2135 3874 2261 3930 Scio
2291 3883 2472 3930 tamen
2511 3874 2644 3945 quid
2702 3876 2758 3930 in
2818 3876 3066 3933 fraudem
3109 3886 3162 3934 te
3223 3877 3464 3948 impulit,
3518 3896 3731 3952 nempe

2132 3981 2332 4021 nomen
2382 3965 2710 4033 Stesichori,
2755 3975 3018 4038 tanquam
3067 3971 3111 4025 si
3174 3970 3390 4039 primus
3447 3973 3721 4043 ἐστήσατο

2132 4055 2360 4127 χορούς⁶
2408 4063 2464 4109 et
2525 4067 2776 4125 poemata
2832 4059 3083 4128 qumdam
3136 4057 3522 4131 Bacchylidis,
3590 4078 3717 4133 qua:

2147 4146 2543 4218 Ὑπορχήματα
2570 4147 2833 4218 inscripta
2858 4159 3010 4214 sunt,
3052 4157 3107 4204 et
3140 4166 3169 4205 a
3199 4148 3418 4206 Stobteo
3444 4153 3713 4215 citantur.

2130 4243 2185 4292 et
2238 4237 2501 4291 Athean
2549 4237 2647 4293 lib.
2688 4255 2799 4292 xw.
2846 4240 2909 4292 'H
2948 4240 3005 4293 δὲ
3057 4240 3483 4311 ὑπορχηματική
3540 4245 3712 4309 ἔστιν,

2130 4329 2189 4380 ὲν
2327 4326 2468 4397 ᾅδων
2509 4328 2537 4379 6
2598 4327 2756 4399 χορὸς
2794 4329 3068 4399 ὀρχεῖται·
3103 4331 3238 4400 φησὶ
3259 4329 3393 4398 γοῦν
3433 4333 3461 4384 6
3497 4333 3714 4403 Βακχυ-

2128 4415 2309 4489 λίδηςο
2341 4417 2451 4487 Οὐχ
2479 4417 2635 4488 ἕδρος
2694 4418 2856 4488 ἔργον
2919 4420 3028 4472 οὐδ’
3071 4419 3337 4490 ἀμϐολᾶς.
3388 4419 3570 4476 Locus
3610 4423 3714 4477 ali-

445 4506 552 4559 que
586 4499 799 4546 constat
819 4492 1044 4547 Suidam
1076 4495 1393 4550 alterutrius
1430 4497 1593 4551 verba
1613 4512 1896 4568 perperam
1927 4517 2019 4557 ce-

2140 4516 2337 4577 ;uanto
2367 4507 2634 4578 integrior
2665 4516 2749 4563 est
2782 4509 2926 4578 apud
2985 4509 3307 4581 Dionysium
3349 4512 3711 4569 Halicarnas-

447 4584 596 4652 pisse
627 4601 641 4638 :
677 4592 731 4638 ct
759 4585 1130 4654 praestabilius
1160 4595 1242 4642 est
1272 4595 1545 4656 receptam
1572 4587 2025 4659 llarpocrationis

448 4674 734 4727 lectionem
764 4684 969 4729 sartam
998 4684 1052 4731 et
1086 4685 1284 4731 tectam
1309 4678 1475 4732 tueri.
1517 4677 1721 4751 Nempe
1751 4693 1807 4736 ut
1846 4687 2027 4753 suspi-

446 4778 544 4815 cor
568 4763 687 4818 libri
737 4764 1151 4838 Epigeniscum
1184 4767 1329 4825 Ionis
1374 4770 1598 4840 scriptis
1625 4772 1906 4841 conjuncti
1946 4776 2025 4832 l'e-

452 4856 714 4911 rebantur
745 4877 758 4913 :
784 4858 833 4913 is
866 4860 1008 4913 enim
1055 4862 1512 4917 commentarium
1546 4863 1749 4920 fecerat
1779 4868 1832 4921 in
1873 4867 2024 4924 Ionis

450 4941 799 5015 Tragmdias;
832 4950 973 5018 quod
1006 4952 1154 5006 scias
1187 4953 1240 5006 in
1299 4954 1557 5009 Athenaeo
1598 4957 1692 5010 lib.
1716 4973 1792 5020 ιι,
1819 4938 1939 5029 cap.
1965 4961 2020 5027 5,

445 5045 506 5093 ut
527 5040 659 5093 nihil
702 5041 823 5094 miri
855 5043 948 5105 sit,
970 5042 1015 5098 si
1047 5043 1418 5110 librariorum,
1452 5047 1545 5115 qui
1578 5049 1762 5101 omnia
1802 5061 2022 5119 pertur-

447 5133 578 5186 bant
610 5140 663 5185 et
685 5132 944 5202 miscent,
977 5136 1068 5189 alii
1097 5144 1359 5206 tanquam
1393 5136 1547 5195 Iunis
1595 5139 1911 5211 Τριαγμοὺς
1946 5143 2024 5198 in-

444 5225 797 5296 scripserint,
836 5227 929 5282 alii
962 5235 1021 5282 ut
1050 5227 1333 5300 Epigenis.

514 5318 643 5390 Pag.
686 5319 807 5375 181.
874 5321 987 5374 Καὶ
1027 5322 1167 5389 μετὰ
1229 5324 1423 5380 Μίνωα
1476 5328 1686 5394 Λύλέας
1721 5334 2022 5401 τραγικοὺς

339 5396 361 5416 ’
443 5412 642 5481 χοροὺς
673 5411 969 5483 δραμάτων
1006 5415 1403 5486 συνεγράψατο.
1444 5396 2022 5485 Permirum‘fortassc

444 5499 716 5567 videatur,
750 5500 881 5556 Milli
928 5502 1270 5571 doctissime,
1306 5510 1677 5565 tenebrioncm
1713 5513 1865 5568 illum
1907 5516 2022 5568 Au-

446 5590 581 5675 leam
624 5606 723 5659 pro
750 5593 1018 5667 Escbylo
1044 5613 1074 5651 a
1097 5596 1314 5655 Joanne
1347 5602 1477 5656 dici.
1515 5603 1655 5669 Quid
1699 5613 1879 5659 autem
1922 5606 2019 5659 ad-

447 5677 755 5738 mirationis
800 5686 982 5752 habet,
1013 5703 1135 5743 cum
1174 5690 1228 5743 in
1274 5694 1532 5747 memoria
1578 5696 1699 5765 quis
1732 5705 1915 5750 teneat
1941 5706 2019 5749 ιιςι

452 5764 589 5821 alias
623 5768 1080 5833 hallucinationcs
1131 5777 1408 5835 hominis?
1443 5764 1618 5836 Etiam
1677 5799 1729 5853 p.
1759 5784 1845 5850 75,
1886 5788 2020 5839 c’ta-

2128 4615 2342 4655 sensem
2370 4617 2383 4654 :
2411 4601 2522 4671 Οὐχ
2549 4598 2711 4674 ἕδρας
2735 4603 2916 4672 ἔργον,
2948 4604 3058 4658 οὐδ’
3081 4604 3351 4674 ἀμϐολᾶς,
3374 4605 3511 4659 ἀλλά
3533 4624 3711 4677 χρυσ-

2125 4692 2334 4761 αίγιδος
2395 4694 2631 4758 Ἰτωνίας
2674 4696 2779 4767 χρὴ
2814 4698 2946 4769 παρ’
2966 4697 3282 4751 εὐδαίδαλον
3301 4700 3428 4751 ναὸν
3453 4698 3711 4764 ἐλθόντας

2125 4782 2295 4854 ἁϐρόν
2325 4802 2378 4837 τι
2407 4784 2596 4849 δεῖξαι.
2624 4784 2831 4842 Omnes
2859 4787 3062 4843 Cretici
3084 4797 3280 4858 praeter
3310 4805 3481 4843 unum
3515 4790 3708 4860 pedem

2125 4874 2219 4943 qui
2278 4874 2332 4929 in
2390 4890 2631 4945 paronem
2692 4880 2911 4933 solutus
2939 4887 3059 4944 est;
3097 4879 3234 4933 adeo
3277 4888 3361 4943 ut,
3391 4896 3518 4935 cum
3559 4880 3707 4934 hunc

2126 4968 2309 5021 locum
2349 4969 2489 5039 lego,
2527 4985 2714 5024 curam
2746 4972 2927 5027 oculis
2957 4972 3145 5028 videre
3187 4973 3375 5029 videar
3433 4975 3672 5045 ὑπορχου

2127 5060 2321 5131 μένους
2349 5070 2404 5116 et
2442 5063 2840 5120 subsultantes.
2893 5064 3005 5119 Nec
3046 5075 3230 5121 tamen
3258 5066 3517 5137 princeps
3548 5077 3601 5121 et
3624 5065 3705 5119 in-

2122 5160 2319 5207 ventor
2344 5153 2837 5225 byporchematum
2899 5156 3298 5229 Bacchylides;
3341 5158 3464 5221 sed,
3500 5168 3554 5214 ut
3584 5160 3704 5228 qui-

2124 5244 2353 5300 busdam
2417 5248 2658 5311 videtur,
2704 5247 3011 5313 Pindarus;
3046 5260 3106 5305 ut
3154 5251 3248 5305 alii
3282 5253 3495 5318 volunt,
3522 5252 3702 5307 Xeno-

2122 5337 2339 5392 damus.
2362 5338 2498 5394 Vide
2528 5340 2885 5406 Clementem,
2910 5340 3251 5408 Athenaeum,
3274 5352 3329 5399 et
3345 5344 3701 5401 Plutarchum

2122 5444 2189 5479 πε
2200 5427 2251 5493 pl
2282 5429 2587 5501 Μουσικῆς.

2192 5517 2322 5587 Pag.
2382 5519 2502 5572 i233.
2573 5519 2834 5587 Γλαῦκος,
2895 5522 3143 5593 ἰσχυρὸς,
3200 5522 3489 5595 φρόνιμος,
3546 5526 3697 5577 εὐσε-

2122 5607 2241 5678 ϐῆς.
2276 5611 2469 5679 Atqui',
2523 5628 2556 5665 0
2602 5612 2816 5679 Malala,
2884 5624 3096 5669 tantum
3157 5617 3335 5679 abest,
3389 5625 3450 5670 ut
3492 5620 3699 5687 sapiens

2125 5699 2289 5754 fuerit
2343 5702 2442 5757 istc
2497 5704 2756 5770 Glaucus,
2796 5716 2854 5759 ut
2908 5706 3029 5777 ejus
3093 5723 3291 5761 nomen
3335 5706 3387 5760 in
3427 5708 3696 5775 proverbii

2123 5792 2576 5847 consuctmlim-za
2642 5797 2872 5862 venerit,
2928 5799 2992 5851 de
3051 5797 3271 5851 llr‘nlttlllC
3321 5798 3500 5866 qualis
3539 5807 3593 5852 tu
3619 5813 3695 5857 cs.
