4032 6138
310 360 414 422 769

1413 349 1780 410 EPISTOLA
1810 347 2016 408 RICH.
2055 347 2440 406 BENTLEII.

3471 346 3578 408 τἿο

313 479 409 548 qui
461 475 639 531 nescit
698 464 830 541 quid
879 469 958 524 sit
997 467 1050 520 in
1089 481 1201 520 rem
1230 482 1421 524 suam:
1467 467 1560 535 qui
1621 471 1897 535 permutat

2025 465 2254 533 ποιητὴς.
2286 465 2427 532 ούχὸ
2463 465 2645 532 ῥήτωρ
2735 471 2789 516 ει
2843 457 3207 531 Hieronymus
3238 477 3251 512 :
3282 457 3579 516 Dinarchus

386 567 624 637 Χρυσέα
647 563 965 635 χαλκείων,
991 558 1320 628 ἑκατόμϐοι’
1337 559 1717 614 ἐννεαϐοίων.

317 658 426 713 Sed
449 667 532 711 est
587 655 706 728 ΓΗ]
753 654 938 724 potius
998 661 1060 705 ut
1113 650 1320 704 librarii
1377 649 1480 704 hoc
1525 665 1649 704 esse
1681 647 1896 703 facinus

317 752 632 806 existimem
695 744 1042 816 (priesertirn
1102 743 1148 796 si
1185 757 1292 796 non
1355 741 1498 795 idem
1545 739 1694 794 istud
1745 740 1898 807 ἰσχυ-

320 845 414 916 ρὸς
447 840 758 910 iterasses),
789 847 843 892 et
873 838 1178 891 orationem
1212 825 1335 888 es’se
1379 834 1806 886 continuandam
1834 831 1898 884 ad

321 936 426 988 hoc
447 933 759 1001 exemplum
797 946 808 982 :
840 927 1054 988 Αἰνείας
1077 924 1364 992 εύπώγων,
1398 925 1633 991 γλαυκὸς
1663 920 1902 990 (caesius)

323 1027 617 1099 φρόνιμος,
649 1022 906 1092 εὐσεϐής.
939 1022 1194 1091 Agnosco
1247 1023 1392 1088 pium
1439 1018 1700 1082 [Eur-am;
1745 1027 1796 1070 et
1831 1015 1904 1067 ita

322 1115 488 1184 plane
527 1110 771 1166 lsaacius
793 1109 1335 1178 Porphyrogenetus.

394 1203 534 1258 Illud
573 1218 625 1272 p.
657 1201 784 1267 529,
807 1201 918 1254 Καὶ
943 1199 1252 1270 κατηνέχθη
1275 1201 1302 1250 ὁ
1327 1199 1512 1268 Σίμων
1533 1196 1624 1248 ἐπὶ
1647 1194 1745 1265 τὴν
1772 1194 1908 1246 πλα-

323 1297 478 1350 τεξαν
529 1290 633 1348 ’καὶ
689 1294 956 1364 ὲψὸφησε,
1007 1292 1147 1347 satis
1179 1291 1400 1362 quidem
1440 1297 1805 1358 congruenter
1843 1287 1910 1338 ad

329 1387 726 1442 llellenismum
769 1385 932 1439 vertit
961 1382 1254 1452 interpres,
1283 1381 1380 1436 sed
1433 1396 1538 1434 non
1571 1380 1820 1449 apposite
1846 1375 1911 1430 ad

329 1481 690 1537 sententiam.
725 1477 866 1544 Quid
907 1476 954 1532 si
981 1477 1410 1546 interpretemur
1441 1473 1504 1526 τὸ
1534 1473 1798 1542 sedeque,
1832 1478 1911 1534 ut,

331 1573 480 1642 quod
511 1572 566 1625 in
602 1569 668 1624 N.
700 1569 764 1623 Τ.
800 1570 866 1623 de
915 1567 1053 1622 Juda
1107 1567 1366 1622 lscariota
1405 1563 1611 1618 dictum
1644 1571 1748 1623 est,
1793 1560 1918 1614 ὲλάο

331 1681 470 1734 unus
513 1665 698 1735 μέσος,
737 1662 941 1731 crepuit
986 1658 1231 1714 medius?
1261 1655 1566 1728 Hesychius
1601 1671 1614 1707 :
1659 1653 1916 1712 Ἔλακεν,

1995 569 2170 624 poeta,
2216 571 2318 608 non
2367 555 2564 608 rhetor.
2608 554 2681 608 De
2727 567 2835 622 quo
2893 554 2945 606 in
3004 552 3251 606 diversas
3281 559 3582 606 sententias

1997 647 2180 701 ierunt
2207 647 2307 700 viri
2335 645 2502 700 docti.
2537 643 2711 698 Verba
2763 643 3018 698 Demetrii
3049 642 3310 712 Magnetis
3338 645 3390 696 in
3419 658 3586 712 opere

1998 737 2137 807 Περὶ
2155 737 2262 790 τῶν
2301 735 2638 806 Ὁμωνύμων
2665 733 2808 803 apud
2843 732 3160 804 Dionysium
3197 732 3368 786 llalic.
3397 751 3410 784 :
3437 737 3584 786 Δειν-

2009 829 2198 899 άρχοις
2243 826 2300 878 δὲ
2345 825 2668 895 ἐνετύχομεν
2695 826 3006 896 τέτταρσιν,
3057 816 3131 876 ὧν
3159 825 3302 876 ἐστιν
3329 825 3359 878 ὁ
3391 825 3490 890 μὲν
3520 828 3586 875 ἐκ

2000 917 2108 968 τῶν
2145 917 2390 989 ῥητόρων
2441 915 2552 978 τῶν,
2583 915 2881 974 ’Δττικῶντ
2924 915 2952 966 ὁ
2985 911 3041 964 δὲ
3083 913 3180 973 τὰς
3205 913 3334 981 περὶ
3359 913 3584 982 Κρήτην

2007 1011 2310 1078 συναγήοχε
2337 1005 2662 1077 μυθολογίας
2680 1023 2693 1036 ·
2715 1007 2742 1058 ὁ
2767 1005 2824 1058 δὲ
2857 1003 3226 1075 πρεσϐύτερος
3259 1003 3356 1072 μὲν
3381 1004 3586 1072 ἀμφοῖν

2005 1099 2236 1162 τούτοιν,
2259 1099 2448 1168 Δήλιος
2469 1097 2524 1150 δὲ
2548 1099 2608 1150 τὸ
2627 1097 2804 1165 γένος,
2833 1093 3400 1166 πεπραγματευμένος
3427 1095 3588 1147 τοῦτο

2013 1192 2109 1260 μὲν
2139 1190 2288 1255 ἔπος,
2317 1189 2475 1242 τοῦτο
2503 1189 2560 1241 δὲ
2587 1189 2847 1256 πρᾶγμα·
2881 1187 3137 1256 τέταρτος
3155 1183 3254 1236 δὲὸ
3273 1187 3402 1255 περὶ
3419 1184 3588 1254 ὐμήο

2015 1297 2107 1350 pou
2139 1280 2297 1347 λόγον
2356 1277 2736 1338 συντεθεικώς.
2776 1275 2841 1328 Ει
2872 1275 3150 1330 Gerardus
3205 1276 3426 1344 quidem
3449 1272 3589 1329 Vos-

2012 1372 2206 1426 sinsin
2239 1370 2500 1438 praeclaro
2557 1383 2722 1437 opere
2775 1366 2847 1422 De
2903 1365 3586 1430 Historicis:Dinarchus,
3644 1398 3653 1406 ο

2015 1463 2114 1525 ait,
2152 1460 2338 1514 Delius
2370 1459 2641 1513 Cretenses
2690 1458 2906 1526 fabulas
2961 1459 3191 1528 collegit,
3222 1468 3278 1509 ut
3317 1459 3589 1528 cognosci-

2017 1567 2132 1603 mus
2163 1565 2227 1604 ea:
2259 1549 2515 1620 Dionysio
2540 1547 2668 1604 Hal.
2719 1547 2930 1602 Videfur
2981 1549 3116 1601 idem
3157 1549 3356 1617 signari
3381 1547 3448 1601 ab
3473 1546 3588 1600 Eu-

2018 1642 2184 1704 sebio,
2254 1641 2343 1694 ubi
2372 1639 2437 1695 de
2467 1641 2661 1694 Bacchi
2685 1641 2845 1708 gestis
2883 1639 3118 1709 loquens,
3177 1640 3276 1700 ait,
3313 1640 3412 1702 Ὠς
3456 1657 3592 1709 φησι

334 1730 645 1828 ἐψόφηᾷςεν.
689 1763 745 1810 ει
788 1730 1012 1817 Αακεῖν.
1062 1751 1330 1822 ψοφῆσαι.
1376 1748 1576 1820 pagina
1629 1756 1812 1800 aurem
1856 1743 1921 1796 16
1952 1819 1988 1828 n
2022 1733 2312 1828 dsivapxo;
2328 1734 2365 1828 ὁΔ
2383 1731 2638 1803 ποιητὴς,
2661 1733 2805 1800 υύχὸ
2830 1730 3440 1828 ρήτωρλῖοιιιιυηοιιιυξ
3475 1733 3593 1828 qui-

337 1819 472 1904 sane
501 1819 826 1900 dormitavit
862 1819 1157 1913 interpres,
1187 1819 1245 1895 ut
1279 1842 1332 1894 in
1369 1819 1532 1910 opere
1557 1840 1720 1907 longo
1743 1843 1798 1890 et
1834 1835 1914 1887 in-

2025 1825 2140 1878 dem
2176 1825 2226 1879 ei
2256 1824 2562 1904 ἁμαρτημα
2619 1823 2985 1893 μνημονικόν
3023 1838 3198 1890 neque
3227 1823 3372 1876 enim
3407 1821 3592 1876 Delius

337 1946 495 2008 grato
517 1936 673 1990 facile
695 1942 861 2006 queat
887 1949 1115 1991 somnus
1147 1932 1428 2001 obrepere.
1446 1929 1658 2008 :Axaia,
1679 1926 1912 1996 Πεληνὴ,

339 2000 374 2100 ii
407 2000 728 2098 καλουμέντῖ
771 2027 1176 2096 Πελοπόννησος
1199 2041 1214 2056 ο
1237 2000 1466 2086 Aeliam:
1490 2021 1709 2080 Pelena,
1733 2035 1849 2089 qua:
1865 2028 1914 2072 et

341 2119 735 2189 Peloponnesus
763 2117 909 2170 dicta
931 2127 1030 2171 est.
1055 2117 1298 2172 Obsecro
1315 2116 1438 2186 quis
1455 2115 1600 2168 istud
1638 2115 1719 2167 vel
1754 2112 1917 2165 fando

341 2209 602 2264 audivit?
639 2209 831 2263 Scribe
881 2208 1094 2276 Ἀχαΐα,
1153 2207 1396 2277 Πελλήνη
1427 2214 1478 2260 et
1503 2213 1650 2259 verte
1701 2203 1914 2267 Achaca,

344 2300 582 2364 Pellene,
607 2311 654 2354 et
683 2316 800 2370 qua:
839 2298 1230 2368 Peloponnesus
1265 2309 1504 2354 vocatur.
1561 2295 1802 2366 Πελλήνη
1835 2306 1918 2350 est

344 2391 556 2445 Acharte
619 2391 771 2444 urbs.
838 2386 975 2444 Vide
1037 2389 1400 2460 geographos.
1451 2387 1773 2457 Apollonius
1801 2385 1918 2454 _Ar-

343 2497 564 2552 gon.t:

429 2571 731 2636 Ἀστέριος
750 2568 818 2622 δὲ
841 2571 941 2622 καὶ
986 2567 1246 2638 Ἀμφίων
1271 2568 1631 2636 Ὑπερασίου
1655 2566 1801 2636 υἷες,

415 2641 739 2707 Πελλήνης
769 2641 1068 2708 ἀφίκανον
1111 2639 1428 2707 Ἀχαιίδος.

347 2729 560 2785 Vereor
601 2747 668 2786 ne
689 2731 934 2801 putidum
963 2731 1034 2786 sit
1063 2730 1347 2793 adnotare,
1378 2730 1654 2794 Βούττιος,
1704 2729 1920 2794 Βόττιος

345 2831 402 2877 et
431 2823 668 2886 Βώττιος
691 2823 884 2878 vitiose
907 2823 1014 2877 dici
1043 2823 1186 2890 apud
1218 2821 1466 2876 Malalam
1499 2838 1596 2892 pro
1614 2822 1923 2894 Βρούττιος,

347 2916 464 2970 sive
501 2915 774 2986 Βρέττιος.
818 2913 932 2969 lloc
981 2913 1202 2982 quidem
1245 2914 1584 2982 exploratum
1629 2921 1748 2979 est;
1798 2932 1922 2970 cum

339 3007 594 3062 eamdem
622 3006 780 3073 plane
806 3003 1174 3060 narrationem
1199 3018 1263 3059 ex
1289 3003 1478 3059 Brutio
1511 3005 1927 3063 allerantGeor-

353 3100 474 3170 gius
507 3106 560 3152 et
578 3097 966 3166 Hieronymus.
995 3095 1073 3149 Ita
1115 3111 1168 3165 p.
1197 3095 1326 3160 200,
1351 3095 1528 3167 Θάλης
1557 3098 1652 3150 καὶ
1692 3098 1926 3169 Κάστωρ

347 3192 445 3246 καὶ
465 3188 729 3252 Πολύϐιος
760 3188 1058 3258 depravate
1088 3202 1188 3256 pro
1221 3186 1448 3250 Θάλλος.
1497 3187 1760 3243 Similiter
1780 3191 1926 3244 enim

349 3282 658 3345 Castorem,
691 3279 947 3334 Thallum
983 3287 1040 3334 et
1073 3279 1359 3350 Polybium
1379 3278 1448 3335 de
1478 3281 1642 3335 rebus
1668 3282 1926 3352 Assyria-

351 3373 436 3427 cis
467 3386 576 3426 una
606 3371 740 3426 citat
767 3370 1075 3442 Syncellus.
1110 3368 1175 3423 Et
1221 3369 1402 3424 adhuc
1433 3387 1488 3440 p.
1517 3371 1612 3425 121
1671 3371 1928 3426 Callima-

351 3463 491 3519 chus
519 3465 577 3516 ὲν
599 3462 891 3531 Ἐτησίοις,
923 3476 1022 3531 pro
1049 3460 1273 3524 Αἰτίοις.
1327 3459 1517 3532 Neque
1573 3461 1718 3518 enim
1748 3464 1929 3518 Δῐτίαι

355 3553 759 3619 inscribuntur,
799 3568 868 3608 ne
895 3553 1018 3622 quis
1048 3561 1217 3618 erret,
1251 3553 1345 3608 sed
1405 3554 1564 3607 Αῐτια
1609 3563 1670 3608 ιιι
1707 3557 1762 3609 in
1805 3553 1931 3626 Epic

357 3655 660 3716 grammate
689 3646 783 3699 lib.
816 3660 834 3698 ι
860 3644 1101 3710 Anthol.,
1129 3660 1251 3712 cap.
1284 3644 1394 3698 67:

461 3737 851 3806 Καλλίμαχος
878 3735 945 3788 τὸ
967 3734 1256 3806 κάθαρμα,
1285 3735 1354 3790 τὸ
1389 3736 1684 3820 παίγνιον,
1713 3741 1746 3792 ό
1771 3738 1934 3820 ξύλ-

1499 3809 1646 3878 ιινος
1688 3809 1858 3875 νοῦς,

455 3875 655 3940 Αἷτιος
674 3878 708 3930 ό
731 3873 966 3944 γράψας
994 3873 1165 3929 Αἵτια
1189 3875 1598 3946 Καλλιμάχου.

363 3966 589 4038 Appe‘llo
629 3966 694 4020 ad
729 3967 1122 4034 elegantiarum
1163 3966 1448 4022 hominum
1483 3967 1713 4035 judicia,
1748 3982 1930 4022 annon

364 4061 556 4114 melior
598 4059 887 4128 aliquanto
923 4057 994 4112 sit
1025 4057 1187 4112 lectio
1226 4073 1291 4113 ex
1337 4059 1658 4129 conjectura
1698 4068 1924 4116 nostra:

459 4149 679 4216 Αἷτιος,
715 4152 746 4202 ό
776 4148 1012 4217 γράψας
1032 4149 1218 4214 Aleia,
1249 4152 1650 4222 Καλλίμαχος.

343 4239 632 4296 ‘Cteterum
678 4237 794 4310 [72]
834 4239 996 4294 homo
1049 4239 1254 4296 Malala:
1308 4243 1756 4310 germanissimus
1802 4241 1932 4295 Ful-

364 4332 583 4402 gentius
638 4329 986 4396 Planciades,
1023 4327 1398 4394 Jentaculum,
1451 4332 1648 4400 inquit,
1702 4335 1933 4403 gustatio

361 4423 587 4475 dicitur.
623 4418 986 4476 Callimachus
1038 4417 1646 4476 Intesia:Jeutaculuin
1697 4424 1934 4494 proferre

366 4511 506 4567 Jovi.
568 4512 790 4568 Diceres
846 4511 990 4566 hunc
1038 4527 1068 4566 a
1115 4511 1324 4568 Joanne
1364 4513 1587 4585 Ἐτήσια
1625 4515 1716 4568 illa
1747 4527 1934 4568 tnutua

369 4605 612 4670 petiisse.
637 4603 772 4658 Illud
809 4619 936 4658 vero
966 4603 1288 4659 incredibile
1323 4604 1591 4667 videatur,
1615 4605 1934 4678 Cyrenanim

369 4692 524 4747 illum
560 4693 754 4748 Latine
781 4693 932 4762 loqui
961 4705 1014 4749 et
1044 4694 1264 4763 quidem
1293 4709 1457 4750 versu
1490 4709 1504 4746 :
1541 4710 1666 4750 nam
1691 4697 1771 4751 sie
1794 4697 1935 4764 lego.

369 4779 669 4834 Jentaclum
716 4781 952 4850 proferre
1007 4780 1244 4838 Jovi.....
1296 4781 1401 4838 Sed
1452 4785 1649 4839 minuit
1702 4788 1940 4841 admira-

370 4875 596 4935 tionem,
631 4873 778 4942 quod
814 4871 1134 4944 Fulgentius
1163 4885 1215 4930 et
1255 4874 1490 4930 Mnascze
1521 4875 1856 4946 Εὐρωπιακὰ
1885 4887 1939 4933 et

375 4963 752 5018 Demosthenis
810 4963 1113 5034 Philippica
1173 4963 1368 5020 viderit
1433 4965 1628 5020 Latino
1685 4981 1941 5021 sermone

371 5055 709 5122 ώτατοι-ἥρω.
765 5054 920 5110 Sicut
963 5055 1244 5112 Ovidianm
1275 5057 1444 5112 Ibidis
1471 5067 1630 5113 vetus
1654 5070 1942 5116 enarrator

372 5145 759 5214 putidissimos
810 5162 1002 5202 versus
1053 5162 1260 5216 eosque
1309 5147 1530 5202 Latinos
1592 5147 1844 5218 Eupolidi
1891 5163 1942 5205 et

373 5235 696 5303 (jocularem
779 5236 1017 5290 hominis
1095 5236 1553 5306 conﬁdentiam!)
1633 5235 1942 5294 Democrito

373 5325 598 5396 afﬁngit.

440 5437 580 5492 illud
643 5446 906 5508 prmterea
961 5453 1085 5510 pag.
1119 5440 1208 5506 5'2,
1248 5441 1441 5506 Καθὼς
1471 5445 1758 5514 Δήμαρχος
1787 5449 1814 5499 ὁ
1853 5465 1942 5501 σο-

373 5528 618 5598 φώτατος
651 5529 1028 5599 συνεγράψατο
1056 5533 1182 5599 περὶ
1213 5532 1304 5584 τοῦ
1328 5534 1490 5587 αὐτοῦ
1518 5537 1794 5600 Διονύσου,
1824 5555 1945 5592 cor-

373 5629 531 5690 rupte
582 5621 872 5674 exhibetur
922 5623 1044 5675 loco
1101 5622 1402 5694 Δείναρχος.
1475 5625 1606 5678 Nam
1683 5629 1946 5699 Georgius

371 5714 618 5790 eattideut
669 5715 950 5768 historiam
1019 5731 1363 5780 memorans,
1416 5720 1726 5788 Δείναρχος,
1785 5723 1878 5789 ait,
1920 5727 1946 5776 ὁ

2020 1913 2124 1967 fuit
2159 1914 2505 1968 Cretensium
2561 1913 2868 1966 fabularum
2934 1913 3216 1976 collector,
3265 1911 3360 1968 sed
3393 1927 3596 1966 secun-

2018 2006 2122 2062 dus
2151 2007 2256 2062 iste
2294 2008 2482 2062 nesvio
2533 2007 2692 2075 quis;
2725 2020 2882 2074 quem
2925 2005 3014 2058 vix
3073 2013 3156 2059 est
3192 2013 3246 2058 ιιι
3285 2004 3590 2058 existimem

2017 2110 2110 2149 eas
2138 2095 2390 2150 versibus
2419 2095 2683 2154 edidisse,
2740 2095 2931 2147 saltem
2979 2093 3082 2146 hoc
3113 2108 3217 2146 non
3247 2095 3589 2162 exploratum

2019 2197 2124 2240 est.
2158 2185 2399 2254 Scaliger
2422 2185 2475 2238 in
2507 2183 2696 2239 Graeca
2736 2183 2953 2238 Eusebii
2990 2200 3040 2253 p.
3065 2185 3153 2236 5t.
3205 2183 3463 2244 Viderint,
3495 2187 3591 2243 ait.

2019 2278 2233 2342 eru..’iti,
2291 2293 2358 2330 an
2418 2277 2602 2330 tertius
2662 2275 3054 2328 Dinarchorum
3081 2275 3271 2344 Δήλιος
3313 2275 3374 2328 τὸ
3417 2275 3593 2342 γένος,

2021 2367 2592 2438 πεπραγματευμένος
2679 2366 2838 2418 τοῦτο
2923 2367 3022 2436 μὲν
3091 2366 3261 2433 ἔπος,
3329 2366 3486 2419 τοῦτο
3537 2365 3594 2418 δὲ

2023 2458 2277 2526 πρᾶγμα,
2308 2457 2379 2510 sit
2408 2461 2502 2510 iste
2539 2464 2718 2526 poeta,
2745 2471 2895 2526 quem
2935 2457 3106 2509 innuit
3143 2453 3422 2510 Eusebius.
3451 2453 3594 2508 Nam

2023 2566 2152 2604 sane
2171 2549 2300 2602 mihi
2325 2551 2535 2620 ignotus
2569 2559 2667 2604 est.
2702 2548 2976 2604 Hactenus
3009 2550 3231 2619 quidem
3281 2549 3502 2611 accedo,
3538 2556 3598 2601 ut

2024 2649 2118 2694 aut
2143 2641 2245 2694 iste
2272 2641 2344 2696 sit
2377 2651 2559 2710 poeta,
2593 2642 2658 2694 de
2685 2657 2794 2710 quo
2850 2641 3144 2702 Eusebius,
3185 2649 3278 2693 aut
3315 2641 3496 2696 nullus
3530 2657 3595 2694 ex

2023 2741 2280 2802 quatuor.
2313 2733 2418 2786 Sed
2451 2733 2668 2792 amabo.
2693 2733 2822 2802 quid
2865 2733 2971 2787 sibi
3009 2735 3124 2786 vult
3161 2733 3292 2787 illud
3325 2733 3600 2803 πρᾶγμαῖ

2026 2841 2176 2887 nam,
2210 2833 2478 2894 quantum
2515 2840 2616 2895 ego
2655 2825 2834 2887 video,
2873 2825 3019 2878 nulla
3057 2825 3108 2879 ei
3149 2829 3338 2880 subest
3385 2839 3601 2881 sentcn-

2028 2919 2098 2969 tia
2131 2931 2306 2985 neque
2361 2917 2613 2971 scientia.
2667 2915 2858 2970 Latine
2915 2916 2996 2970 sic
3039 2927 3224 2970 vertas
3253 2934 3266 2970 :
3298 2917 3599 2971 Dinarchus

2027 3023 2209 3076 genere
2240 3007 2440 3070 Delius,
2467 3008 2555 3076 qui
2575 3006 2778 3076 aliquid
2795 3007 2955 3069 dixit,
2989 3017 3038 3061 et
3070 3008 3275 3076 aliquid
3307 3009 3430 3078 fecit
3462 3007 3596 3081 [73];

2029 3096 2164 3160 sive,
2202 3097 2292 3165 qui
2343 3095 2546 3165 aliquid
2595 3112 2743 3150 versu
2774 3098 2936 3162 dixit,
2977 3097 3180 3168 aliquid
3207 3115 3259 3151 re
3284 3099 3420 3168 ipsa.
3463 3100 3601 3154 Pro-

2032 3183 2176 3238 fecto
2203 3202 2309 3238 non
2335 3187 2564 3240 multum
2599 3187 2651 3240 in
2677 3185 2951 3240 Demetrio
2971 3189 3328 3258 perdidimus,
3348 3191 3392 3244 si
3419 3193 3600 3244 omnia

2030 3278 2114 3332 sic
2145 3277 2300 3331 dixit.
2325 3277 2430 3333 Sed
2454 3279 2648 3348 Opinor
2675 3280 2944 3333 neminem
2977 3279 3191 3334 inﬁcias
3212 3281 3440 3347 iturum,
3467 3285 3598 3352 quin

2029 3369 2330 3422 mutatione
2365 3369 2653 3423 commoda
2680 3379 2732 3421 et
2772 3369 2847 3422 illi
2882 3383 3015 3423 Snus
3046 3370 3240 3434 honos,
3271 3380 3324 3424 et
3371 3375 3600 3426 orationi

2029 3473 2128 3512 sua
2143 3459 2409 3513 sententia
2431 3459 2643 3512 restitui
2671 3461 2860 3528 possit,
2885 3461 2928 3514 si
2951 3461 3189 3529 legamus
3227 3479 3240 3516 :
3270 3479 3602 3534 πεπραγμα-

2029 3549 2289 3615 τευμένος
2337 3549 2494 3602 τοῦτο
2543 3551 2640 3620 μὲν
2696 3550 2860 3615 ἔπος,
2914 3550 3071 3606 τοῦτο
3113 3552 3172 3605 δὲ
3240 3554 3493 3622 γράμμα,
3549 3555 3600 3606 id

2028 3649 2134 3702 est,
2174 3639 2266 3710 qui
2293 3639 2538 3708 qutrdam
2589 3639 2798 3693 heroico
2837 3641 3072 3692 carmine
3119 3643 3454 3710 conscripsit,
3494 3644 3602 3694 alia

2030 3731 2267 3783 oratione
2341 3746 2502 3799 prosa
2553 3747 2572 3784 :
2627 3733 2708 3784 vel
2759 3733 2920 3801 (quia
2967 3731 3028 3785 τὸ
3075 3733 3311 3800 γράμμα
3374 3733 3606 3802 quodvis

2032 3820 2220 3889 scripti
2281 3836 2453 3889 genus
2508 3838 2901 3891 nonnunquam
2959 3824 3286 3894 signiﬁcat),
3334 3825 3492 3878 τοῦτο
3549 3825 3606 3878 δὲ

2031 3909 2236 3980 δρᾶμα,
2269 3910 2434 3980 quiet
2465 3919 2708 3978 poemata
2745 3913 2959 3966 hernica
3015 3923 3065 3967 et
3127 3915 3377 3968 dramata
3416 3917 3602 3970 edidit.

2104 4000 2408 4054 Domninus
2440 4001 2539 4056 iste
2572 4004 2942 4073 χρονογράφος
2975 4019 3082 4058 non
3113 4006 3333 4061 aliunde
3375 4023 3538 4076 quam
3575 4026 3605 4060 :t

2037 4091 2226 4144 llalala
2255 4093 2512 4161 cognosci
2549 4101 2748 4160 potest,
2785 4109 2814 4146 a
2846 4109 2958 4162 quo
2983 4097 3289 4164 saepissime
3321 4103 3387 4150 ad
3425 4108 3607 4170 partes

2033 4193 2282 4238 Vocatur.
2336 4183 2765 4238 Antiochensem
2830 4185 3002 4241 fuisse
3052 4187 3382 4242 certissimis
3435 4192 3608 4262 signis

2033 4273 2431 4340 deprehendes,
2478 4273 2568 4326 ubi
2624 4289 2722 4342 per
2778 4277 2952 4328 otium
3017 4276 3203 4330 licebit
3265 4277 3414 4332 locus
3473 4281 3609 4332 istos

2034 4363 2368 4416 cmsulere:
2413 4364 2774 4432 probabiliter
2800 4367 2967 4420 etiam
3021 4365 3260 4430 dixeris,
3314 4369 3611 4426 deduxisse

1968 4473 2010 4526 ι)
2039 4471 2161 4508 eum
2196 4454 2481 4508 historiam
2516 4456 2584 4508 ab
2617 4455 2847 4510 exordio
2889 4460 3074 4512 mundi
3123 4475 3296 4528 usque
3338 4462 3402 4516 ad
3435 4461 3610 4516 Justi-

2039 4544 2190 4598 niani
2219 4552 2488 4613 tempora.
2542 4545 2728 4614 Itaque
2773 4547 3001 4600 inclinat
3055 4549 3294 4614 animus,
3355 4561 3414 4605 ut
3465 4553 3612 4608 hunc

2041 4636 2210 4690 fuisse
2263 4635 2592 4690 Domninum
2646 4639 2797 4690 illum
2849 4639 3184 4702 existimem,
3225 4641 3317 4710 qui
3361 4657 3424 4696 ea
3473 4653 3610 4697 tent-

2041 4736 2252 4796 pestate
2286 4727 2382 4802 luit
2419 4726 2678 4782 Ecclesiae
2703 4727 3096 4784 Antiochensis
3129 4732 3447 4802 episc0pus.
3475 4733 3609 4788 N.nn

2042 4833 2178 4872 sane
2203 4799 2349 4872 sicut
2375 4819 2464 4872 hic
2489 4834 2517 4872 a
2541 4817 2754 4874 Joanne
2786 4837 2838 4889 p.
2881 4821 2988 4875 9.65
3046 4820 3288 4878 Domnus
3326 4799 3562 4880 uocatur
3596 4846 3608 4880 :

2042 4909 2116 4961 ita
2149 4909 2314 4963 istum
2345 4911 2714 4978 palriarcham
2741 4912 2789 4963 hi
2824 4911 3116 4977 Domuum,
3149 4914 3224 4966 illi
3256 4913 3612 4981 Domninum,

2043 5001 2340 5068 appellant.
2373 5000 2600 5056 Accedit
2633 5003 2760 5067 huc,
2788 5004 2938 5073 quod
2977 5005 3224 5074 plerique
3270 5021 3487 5072 omnes,
3516 5011 3612 5077 qui

2044 5092 2288 5160 aggreSsi
2345 5101 2472 5146 sunt
2513 5103 2756 5163 tempora
2807 5096 3158 5162 describere,
3229 5095 3453 5152 fuerunt
3495 5103 3615 5168 cpi-

2045 5183 2241 5252 scopi;
2284 5183 2488 5246 Victor,
2542 5184 2796 5255 Prosper,
2832 5186 3190 5256 TheOphilns,
3233 5189 3520 5256 Eusebius,
3559 5203 3614 5248 ct

2045 5273 2314 5344 (:eorgius
2337 5278 2630 5346 episcopus
2661 5279 3008 5348 designatus.

2119 5364 2383 5432 Equidem
2433 5367 2644 5431 nescio,
2690 5380 2810 5424 utra
2861 5386 2951 5426 res
2987 5373 3250 5442 majorem
3287 5373 3614 5432 admiratio-

2049 5471 2170 5506 netu
2223 5455 2502 5520 attulerit,
2561 5466 2640 5511 tot
2701 5461 2922 5514 nomina
2982 5463 3266 5519 hominum
3316 5470 3537 5538 prepria
3587 5485 3617 5523 a

2047 5546 2257 5599 Joanne
2289 5555 2548 5614 corrupta
2592 5563 2738 5614 esse,
2785 5565 2853 5604 an
2893 5567 2954 5606 ea
3002 5557 3200 5609 menda
3228 5572 3256 5610 a
3295 5557 3618 5623 doctissimo

2052 5640 2348 5705 interprete
2400 5640 2738 5708 dissimulata
2781 5643 2953 5700 fuisse
2999 5655 3052 5701 et
3105 5650 3328 5704 silentio
3388 5664 3618 5722 pra-ter-

2051 5730 2254 5787 Iuissa:
2307 5732 2455 5786 verbi
2494 5733 2668 5802 gratia
2705 5750 2755 5804 p.
2801 5735 2896 5790 101
2944 5747 2994 5793 et
3041 5739 3132 5794 ΠΙ
3189 5741 3484 5814 Τυιδάριος
3521 5762 3619 5815 pro
