4032 6138
1157 203 1188 230 Α

273 321 388 387 T73

1385 313 1747 376 EPISTOLA
1782 316 1990 377 RIClI.
2033 317 2422 378 BENTLEII.

3443 317 3554 383 ’Πὲ

291 433 505 500 phanus
537 443 600 484 ex
629 427 1260 498 conjectura,quantum
1283 439 1388 495 ego
1413 441 1476 480 ex
1508 441 1568 480 re
1598 427 1717 496 ipsa
1740 441 1872 480 con-
1907 437 1947 494 Α
2046 426 2451 483 Constitueram
2486 425 2574 482 hic
2609 424 2872 496 Epistohe
2903 425 3065 480 tinctu
3095 424 3375 497 imponere
3406 445 3424 482 :
3455 428 3555 484 sed

283 524 552 590 jeeturam
581 519 746 575 l‘acio.
772 508 1009 573 Veteres~
1027 516 1303 572 editiones
1345 525 1742 585 repraesentant
1775 518 1870 570 καὶ

285 611 522 682 ἁρμονίη
551 628 614 680 γε
651 611 921 682 μερῶπις.
967 609 1159 680 ltaque
1201 608 1290 662 hic
1329 623 1549 678 quoque
1580 608 1866 678 legendum

283 716 370 762 est
445 705 680 776 ἁρμονίη
757 701 1096 774 θεμερῶπις.
1183 701 1420 773 Ilcsych.
1501 703 1866 773 Θεμερῶπις,

283 797 548 868 ὲρασμέα,
582 795 810 866 ἀγχόνη.
851 794 997 866 Lege
1026 795 1270 866 ἐρασμία
1315 795 1585 866 ἁρμονίη,
1623 797 1870 850 auctori-

282 897 397 942 tate
437 887 784 956 Empedoclis
819 903 832 940 :
885 886 994 942 nisi
1040 886 1084 941 si
1126 885 1300 938 mavis
1344 885 1584 957 ὲρασμία
1637 886 1869 956 αἰσχύνη

281 995 347 1032 ex
371 977 625 1049 Eschyli
656 977 1020 1034 Prometheo:
1057 977 1152 1031 Ἐκ
1169 977 1212 1030 δ’
1231 975 1432 1046 ἔπληξέ
1461 995 1560 1048 μου
1587 979 1684 1046 τὴν
1709 978 1870 1048 θεμε-

184 1131 190 1135 _
282 1068 466 1138 ρῶπιν
511 1067 665 1122 αἰδῶ.
717 1066 892 1132 Αἰδὼς
945 1076 1031 1125 est
1084 1067 1338 1138 αἰσχύνη.
1394 1067 1688 1136 Perperam
1743 1068 1870 1123 huic

280 1161 508 1216 laetioni
553 1160 903 1224 scholiastes,
949 1173 1003 1214 et
1036 1159 1398 1231 Etymologici
1443 1168 1637 1214 auctor
1675 1159 1870 1230 θερμε-

276 1252 467 1321 ρῶπιν
521 1267 712 1307 vocem
767 1252 923 1306 nihili
985 1260 1356 1322 anteponunt,
1416 1263 1676 1320 tanquam
1745 1251 1870 1322 θερ-

285 1343 592 1412 μαίνσυσαν
622 1341 720 1412 τὴν
755 1335 903 1396 ὦπα.
934 1343 1102 1412 Atqui
1135 1357 1200 1397 eo
1222 1352 1382 1413 pacto
1413 1341 1698 1413 θερμῶπις
1725 1353 1872 1400 esset

282 1435 584 1487 dicendum
613 1450 628 1487 :
659 1448 838 1504 neque
857 1435 1005 1488 enim
1033 1435 1115 1489 vel
1160 1433 1323 1488 tando
1361 1437 1610 1490 auditum
1640 1445 1724 1490 est
1751 1437 1872 1509 tep-

281 1541 478 1594 μερσς.
505 1523 700 1578 Pollux
733 1533 918 1580 tamen
960 1526 1058 1579 lib.
1085 1541 1158 1591 vi,
1191 1541 1240 1580 c.
1272 1525 1342 1579 40
1375 1542 1390 1580 :
1420 1527 1492 1580 Τὸ
1518 1527 1572 1580 δὲ
1601 1527 1871 1600 θερμερύ-

275 1614 476 1666 νεσοαι
506 1614 603 1666 καὶ
644 1614 914 1686 κιχλιδιᾷν
955 1615 1211 1685 κωμικὰ·
1265 1633 1368 1670 ms.
1415 1617 1623 1689 χλιδιᾷν
1655 1620 1735 1674 vel
1771 1637 1869 1671 κυ-

279 1704 552 1776 κλσιδεᾷν,
587 1706 706 1772 lege
733 1704 1136 1776 Ὁεμερύνεσοαι
1167 1708 1260 1760 καὶ
1291 1708 1494 1780 χλιδᾷν,
1519 1711 1600 1764 vel
1630 1711 1867 1782 χλοιδᾷν,

1979 520 2272 576 intervenit
2299 521 2514 575 amicus
2548 535 2724 584 meus,
2755 519 2973 572 aurium
3002 519 3255 574 convicio
3285 521 3558 578 rationem

1975 613 2304 682 etllagitans,
2337 627 2438 666 cur
2471 609 2713 666 Joannes
2753 609 2983 664 Halelas
3025 613 3162 666 mihi
3192 612 3432 678 dicatur,
3463 616 3562 684 qui

1977 718 2008 757 a
2047 704 2372 758 Vossiorum
2422 714 2682 775 utroque,
2722 703 2970 771 Usserio,
3013 704 3252 774 aliisque
3300 706 3562 763 omnibus

1976 795 2069 865 qui
2103 795 2158 850 in
2193 797 2338 850 hunc
2363 811 2542 866 usque
2571 796 2718 850 diem
2759 795 2878 864 ejus
2922 797 3256 850 mentionem
3286 794 3573 872 fecerunt,

1979 885 2180 940 Malela
2221 887 2562 942 nominatur:
2601 887 2714 957 Ego
2751 902 2905 952 vero,
2937 887 3186 957 inquam,
3219 903 3288 942 ne
3318 889 3372 942 in
3405 890 3554 944 viro-

1979 994 2096 1030 rum
2141 978 2359 1048 quidem
2418 979 2783 1033 maximorum
2835 977 2950 1051 [78}
2985 979 3150 1034 verba
3197 981 3550 1050 juraverim:

1978 1069 2072 1122 sed
2104 1069 2160 1123 in
2187 1069 2350 1122 aliam
2385 1070 2734 1134 sententiam,
2764 1071 2852 1124 ubi
2878 1072 3226 1124 commodum
3253 1081 3358 1135 est,
3384 1087 3563 1144 quan-

1978 1176 2142 1230 quam
2204 1161 2454 1227 invitus,
2513 1177 2636 1216 meo
2683 1162 2810 1231 jure
2847 1162 3115 1220 discedo.
3145 1162 3348 1242 'Roget
3396 1165 3565 1233 igitur

1977 1255 2276 1322 quispiam,
2329 1269 2430 1308 cur
2471 1251 2677 1307 Malela
2709 1254 2892 1323 potius
2943 1255 3018 1309 sit
3048 1255 3426 1311 vocitandus?
3460 1257 3564 1309 hoc

1979 1341 2192 1396 scilicet
2219 1341 2286 1397 ab
2327 1341 2394 1396 iis
2423 1358 2754 1409 t'CSpOttsutu
2801 1343 3008 1412 ferret;
3059 1345 3202 1414 apud
3243 1343 3562 1399 Constanti-

1979 1449 2110 1486 num
2146 1434 2227 1488 sic
2275 1434 2560 1503 appellari,
2595 1435 2844 1488 Ἰωάννου
2895 1435 2990 1488 τοῦ
3045 1435 3274 1507 ἐπίκλην
3312 1437 3559 1501 Μαλὲλα,

1977 1533 2034 1578 et
2073 1525 2214 1594 apud
2265 1525 2688 1594 Damasceuum,
2723 1527 2968 1580 Ἰωάννου
3003 1529 3096 1580 τοῦ
3150 1531 3243 1580 καὶ
3291 1529 3556 1582 Muleller

1980 1631 2250 1685 nusquam
2307 1617 2435 1670 alibi
2491 1619 2952 1682 cmumemm‘ari,
3003 1628 3368 1688 prater-quam
3415 1619 3557 1686 apud

1980 1703 2230 1760 Tzetzetn
2269 1707 2520 1776 Ἰωάννης
2551 1724 2636 1769 τις
2670 1707 2934 1776 Με>.ἑ).ης.
2969 1709 3154 1778 Atqui,
3193 1709 3236 1762 si
3271 1710 3346 1762 ita
3381 1723 3474 1762 res
3503 1723 3564 1762 se

283 1798 368 1849 vel
406 1796 706 1867 κυλοιδιᾷν.
748 1795 1061 1868 Hesychius
1092 1815 1106 1850 :
1136 1797 1401 1869 Θέμερον,
1439 1802 1656 1871 σεμνὸν,
1694 1802 1785 1871 ἀφ’
1813 1795 1871 1856 οὗ

1977 1795 2158 1860 habet,
2202 1797 2364 1867 vulgo
2407 1805 2462 1852 et
2509 1797 2714 1868 passim
2763 1799 3003 1867 reperias
3049 1799 3146 1852 τοῦ
3192 1800 3415 1864 Bostoni,
3465 1801 3558 1852 τοῦ

279 1888 380 1940 καὶ
411 1887 475 1939 τὸ
507 1886 891 1956 σεμνύνεσθαι,
925 1888 1342 1960 θεμερύνεσθαι.
1386 1891 1628 1965 Θεμέρη,
1659 1894 1870 1964 βεΰαία,

280 1977 462 2048 σεμνὴ
491 2020 506 2042 ,
547 1976 836 2049 εὐσταθὴς.
870 1979 1314 2050 Θεμερόφρονας,
1356 1985 1632 2050 συνετοὺς,
1662 1983 1874 2056 σώφρο-

278 2084 402 2130 νας.
425 2067 532 2122 Sed
555 2075 614 2120 ut
641 2067 964 2136 planissime
982 2079 1236 2138 constet,
1265 2088 1405 2142 epus
1423 2081 1505 2128 est
1526 2083 1580 2128 nt
1611 2079 1872 2146 strepheu

277 2168 336 2211 et
364 2157 755 2226 antistrophen
789 2158 934 2214 inter
972 2174 1034 2214 se
1058 2161 1416 2220 conferamus
1449 2182 1462 2220 :
1498 2165 1552 2218 in
1585 2167 1788 2236 quibus
1819 2168 1872 2222 hi

277 2262 484 2302 versus
521 2247 860 2318 respondent
897 2263 960 2304 ex
994 2249 1226 2306 adverso
1287 2239 1292 2244 ’

368 2360 473 2432 Ἕκ
500 2361 552 2412 δ’
579 2357 808 2432 ἔπληξέ
825 2379 947 2432 μου
976 2361 1087 2415 τὰν
1110 2362 1444 2432 θεμερῶπιν
1460 2367 1625 2422 αιδῶ.

352 2429 649 2500 Νεοχμοῑς
671 2429 741 2483 δὲ
761 2429 970 2501 νόμοις
986 2432 1139 2499 Ζεὺς
1161 2429 1434 2502 ἇθέσμως
1455 2438 1733 2504 κρατύνει

281 2538 390 2596 Ubi
427 2555 528 2611 pro
557 2539 672 2612 [77]
705 2540 963 2611 ἀθέσμως
999 2558 1064 2598 ex
1101 2545 1434 2600 necessitate
1464 2547 1621 2602 metri
1663 2551 1872 2619 conieci

279 2633 580 2703 legendum
616 2647 741 2688 esse
779 2633 1008 2697 ἀθετῶς.
1047 2634 1226 2702 Quam
1273 2639 1648 2707 conjecturam
1699 2645 1874 2696 iirnta-

280 2725 360 2776 vit
427 2721 755 2795 Hesychius.
811 2725 1072 2794 Ἀοετῶς,
1113 2728 1393 2800 ἀθέσμως,
1439 2731 1471 2802 ἢ
1529 2749 1869 2802 συγκατατε-

277 2813 576 2882 θειμένως.
627 2815 914 2885 Αἰσχύλος.
967 2818 1251 2892 Προμηθεί
1287 2821 1575 2894 δεσμώτῃ·
1623 2826 1762 2894 lege,
1809 2826 1868 2879 οὐ

279 2919 450 2971 συγκ.
511 2903 626 2957 sine
678 2921 935 2961 consensu
995 2918 1046 2961 et
1107 2909 1489 2978 approbatione
1545 2913 1868 2984 reliquorum

273 2995 528 3048 deorum.
570 2995 835 3065 Respexit
892 2997 960 3052 ad
1005 2999 1156 3056 hunc
1201 3003 1380 3058 locum
1424 3021 1438 3056 :
1490 3019 1668 3076 neque
1721 3008 1867 3062 enim

276 3087 416 3141 alibi
449 3088 507 3140 iu
555 3103 620 3141 ea
657 3087 840 3144 fabula
890 3093 1157 3187 occurrit.
1211 3092 1378 3149 Plane
1419 3095 1532 3164 jam
1581 3098 1868 3166 imperitus
1895 3127 1939 3187 ο

277 3178 352 3232 sit
377 3185 624 3246 oportet,
653 3186 748 3232 aut
773 3181 842 3234 ab
881 3181 1185 3238 invidentia
1226 3185 1456 3250 laboret,
1489 3188 1578 3256 qui
1607 3193 1672 3242 de
1701 3189 1866 3260 Οεμε-

279 3265 465 3338 ρῶπιν
489 3275 685 3322 contra
724 3271 924 3324 veniat.
959 3271 1347 3342 Experiamur,
1370 3275 1598 3344 quid.iu
1640 3277 1866 3332 alteram

281 3369 504 3424 partem
544 3357 719 3427 possit
767 3357 884 3414 inec
913 3360 1252 3416 observatio.
1301 3362 1610 3434 Hesychius
1657 3383 1670 3419 :
1704 3363 1870 3420 Ἕνα-

279 3465 450 3520 στρος
471 3488 486 3512 ,
535 3450 552 3470 ⁶
581 3447 918 3518 ὠστεμένας,
959 3451 1176 3522 Ἀχαιὸς
1215 3453 1585 3523 Ἀλφεσίὸοιαι
1619 3457 1742 3514 ἀντὶ
1773 3458 1868 3511 τοῦ

280 3539 496 3601 basta;
520 3539 630 3610 γὰρ
665 3541 875 3610 βάκχας
898 3543 1066 3608 ὑάδας
1093 3545 1300 3612 ἔλεγον.
1347 3545 1666 3618 Prodigiosa
1709 3549 1869 3620 plane

279 3631 488 3683 oratio.
531 3628 689 3684 Nunc
729 3632 974 3689 vicissim
1005 3651 1031 3686 ε
1061 3646 1212 3689 muta
1239 3637 1292 3688 in
1325 3653 1402 3699 αι,
1433 3645 1488 3692 et
1519 3639 1637 3708 lege
1663 3659 1674 3696 :
1701 3641 1867 3696 Ἕνα-

281 3737 448 3791 στρος
477 3719 620 3772 ὥστε
659 3722 876 3784 Μαινάς
896 3740 909 3754 ο
937 3723 1156 3796 Ἀχαιὸς
1191 3725 1558 3800 Ἀλφεσιϐοὲᾳ.
1581 3731 1730 3784 Ἀντὶ
1772 3730 1866 3785 τοῦ

292 3811 451 3874 Ὑάς.
487 3811 600 3874 Τὰς
634 3811 745 3882 γὰρ
797 3813 1017 3884 Βάκχας
1066 3813 1260 3880 Ὑάδας
1319 3815 1524 3884 ἔλεγον.
1577 3818 1865 3888 Agnoscis,

280 3903 502 3972 opinor,
531 3903 860 3972 principium
892 3905 1097 3960 senarii
1133 3923 1197 3961 ex
1228 3906 1413 3964 Achtei
1449 3909 1635 3963 fabula
1664 3911 1866 3980 Alphe-

282 3995 484 4050 sihaaa.
521 3995 791 4052 Similiter
813 4013 863 4049 οι
901 3999 1106 4067 passim
1129 3999 1250 4054 loco
1275 4019 1326 4054 υ.
1358 3998 1596 4072 Ilesych.
1623 4004 1863 4073 Κοξημα,

279 4084 523 4157 γένημα,
554 4101 655 4156 pro
688 4085 910 4158 Κύημα,
945 4095 998 4142 et
1036 4087 1156 4143 vice
1195 4104 1352 4146 versa
1387 4091 1706 4162 Στυχιοῦσι,
1753 4095 1866 4147 δια-

279 4175 550 4242 τυποῦσι,
586 4191 688 4247 pro
722 4177 1080 4248 Στοιχειοῦσι.
1113 4179 1262 4234 Idem
1292 4199 1306 4234 :
1343 4182 1714 4253 Στοιχείωσις,
1747 4184 1865 4237 δια-

277 4273 551 4335 τύπωσις,
582 4273 617 4341 ἡ
648 4271 841 4342 πρώτη
871 4271 1126 4345 μάθησις.
1158 4274 1345 4346 Itaque
1365 4277 1566 4334 Suidas
1587 4281 1642 4334 in
1666 4279 1866 4336 Lexico

279 4365 654 4433 diphthongos
681 4381 739 4418 αι
761 4374 816 4419 et
837 4382 888 4418 οι
920 4366 1100 4420 alieno
1135 4367 1254 4422 loco
1281 4371 1530 4438 proxime
1557 4382 1686 4428 ante
1709 4389 1737 4425 ε
1761 4381 1815 4428 et
1833 4391 1863 4426 υ

277 4453 592 4507 collocavit.
620 4451 810 4507 Exstat
831 4454 886 4508 in
905 4455 1249 4512 Bibliotheca
1275 4460 1492 4528 publica
1511 4459 1706 4518 Oxonii
1731 4464 1868 4519 liber
1899 4479 1944 4534 ι)

275 4545 502 4612 antiqua
543 4557 708 4596 manu
747 4554 986 4612 notatus,
1019 4549 1310 4604 continens
1354 4551 1504 4606 mille
1545 4555 1764 4624 regulas
1800 4555 1868 4610 de

277 4645 428 4688 recta
454 4633 735 4687 scribendi
769 4636 983 4692 ratione
1015 4655 1028 4690 :
1064 4655 1301 4708 quarum
1337 4657 1404 4698 st.
1428 4641 1626 4700 docent
1650 4649 1868 4716 quando

277 4743 335 4779 αι
369 4726 626 4780 Scribere
663 4735 940 4795 Oporteat,
997 4737 1050 4784 et
1105 4732 1332 4798 quando
1385 4751 1412 4785 ε
1461 4751 1476 4788 :
1535 4736 1870 4809 totidemque

279 4817 372 4870 ubi
413 4833 486 4879 οι,
527 4825 582 4870 et
623 4817 712 4872 ubi
745 4837 800 4872 υ.
837 4819 972 4874 Eum
1029 4821 1318 4890 codicem,
1369 4841 1494 4880 cum
1539 4841 1667 4884 ante
1725 4829 1869 4885 inter

277 4909 617 4974 ἀδεσπότους
651 4912 909 4980 ferretur,
960 4915 1297 4986 deprehendi
1329 4935 1395 4974 ex
1440 4921 1707 4991 procemio
1741 4939 1866 4978 ver-

279 5003 442 5056 sibus
492 5003 730 5058 seuariis
777 5005 990 5076 scripto
1038 5007 1235 5063 litteris
1270 5025 1382 5079 pra:
1426 5023 1700 5070 vetustate
1732 5031 1868 5084 pene

277 5091 676 5162 ell‘ugicntibus
722 5095 974 5152 obtutum
1028 5101 1346 5165 oculorum,
1393 5101 1700 5174 Theoguoti
1747 5123 1868 5162 esse

278 5185 629 5251 grammatici
684 5201 846 5254 quem
905 5188 1089 5243 laudat
1161 5191 1464 5262 aliquoties
1515 5193 1868 5266 Etymologici

281 5273 548 5344 scriptor.
601 5273 670 5328 Et
721 5276 944 5346 quidem
997 5281 1181 5335 omnia
1234 5283 1310 5336 ibi
1352 5287 1554 5354 reperi,
1595 5303 1715 5356 quae
1764 5289 1868 5345 iste

283 5362 609 5436 Theognoto
678 5377 902 5439 accepta
975 5373 1185 5428 retulit.
1258 5373 1333 5429 De.
1405 5386 1566 5430 aetate
1623 5379 1865 5435 hominis

279 5457 551 5512 reseisces
581 5475 648 5513 ex
698 5459 1042 5530 prazfatioue,
1084 5466 1242 5533 cujus
1276 5465 1491 5521 initium
1527 5479 1630 5534 est,

388 5570 478 5652 Τ
505 5571 774 5652 δεσπόζῃ
798 5592 940 5643 μου,
955 5579 1062 5652 geni
1097 5579 1268 5652 copo”)
1296 5584 1656 5651 στεφηρόρῳ

383 5639 619 5720 Aéqrtt,
655 5639 1074 5720 τῷκξρειτοῦιττι
1105 5639 1349 5720 miretur
1365 5639 1434 5704 ea?
1459 5639 1685 5720 εἶ’όὶδοίς,

387 5713 734 5782 θεύὶνωτος
755 5716 1050 5786 εῦῖ-νωτός
1078 5735 1166 5784 τις
1199 5721 1278 5785 ὡς
1301 5719 1384 5773 ὢν
1407 5713 1664 5790 Madvig;

1976 1887 2181 1958 Θωμᾶ,
2226 1888 2319 1942 τοῦ
2363 1890 2640 1961 Ἀριστέα,
2675 1890 2770 1943 τοῦ
2812 1891 3040 1961 Φιλητᾶ,
3071 1891 3162 1945 τοῦ
3202 1891 3433 1962 Τριόπα,
3461 1891 3557 1944 τοῦ

1975 1979 2188 2043 Σκόπα,
2243 1981 2338 2034 τοῦ
2385 1983 2688 2050 Κρατεύα*
2735 2000 2836 2038 nec
2889 1993 3071 2038 tamen
3123 1995 3413 2054 propterea
3472 1984 3556 2038 vel

1977 2071 2144 2126 Suida
2178 2075 2575 2142 grammaticus
2607 2075 2828 2136 dicitur,
2867 2076 2952 2130 vel
3004 2075 3206 2129 Tltoma
3246 2076 3554 2146 apostolus,

1977 2165 2058 2218 vel
2097 2164 2306 2219 Aristea
2349 2167 2412 2220 de
2447 2167 2636 2221 LXXII
2673 2168 3069 2237 interpretibus.
3101 2169 3274 2237 ,Ratio
3307 2170 3556 2224 videlicet

1879 2287 1885 2291 ι
1977 2256 2176 2326 linguae
2201 2256 2404 2312 Grateaa
2441 2258 2534 2312 vix
2567 2269 2662 2314 aut
2697 2261 2850 2314 nullo
2894 2260 3058 2315 modo
3091 2260 3350 2328 patiatur,
3394 2272 3452 2315 ut
3497 2264 3552 2316 iu

1973 2347 2016 2400 A
2047 2349 2283 2402 litteram
2321 2350 2498 2403 virilia
2532 2352 2752 2405 nomina
2783 2367 2914 2420 casu
2965 2365 3134 2420 recto,
3167 2355 3552 2408 terminentur.

1974 2437 2153 2504 Atque
2175 2453 2238 2492 ea
2270 2453 2435 2492 causa
2466 2447 2574 2505 est,
2603 2455 2705 2493 cur
2728 2442 3012 2510 peregrina
3041 2441 3282 2495 virorum
3309 2442 3555 2504 nomina,

1973 2543 2096 2598 quae
2148 2529 2202 2583 in
2251 2531 2293 2582 A
2344 2539 2564 2595 exeunt,
2615 2546 2644 2586 a
2705 2531 2912 2588 Grazcis
2965 2533 3320 2590 inﬂectuntur
3371 2534 3422 2588 in
3465 2551 3551 2600 ας,

1974 2619 2204 2685 Γάλὸας,
2227 2619 2454 2684 Σύλλας,
2482 2621 2741 2692 Νουμᾶς,
2756 2623 3012 2690 Σενέκας,
3047 2625 3376 2694 ’Λγρίππαε.
3401 2623 3554 2692 Quod

1974 2711 2020 2764 si
2046 2709 2182 2765 adeo
2208 2712 2320 2782 jam
2345 2713 2690 2783 exploratum
2728 2724 2832 2780 est,
2870 2716 3274 2770 nominativum
3304 2715 3554 2772 Graecum

1972 2816 2093 2855 esse
2121 2801 2376 2864 Μαλέλας
2396 2818 2410 2834 ο
2439 2804 2608 2856 nolim
2637 2819 2734 2872 ego
2758 2803 2950 2859 Latine
2973 2817 3188 2861 vertens
3217 2815 3552 2876 postremam

1973 2888 2210 2942 litteram
2249 2889 2490 2958 abjieere
2523 2901 2720 2962 praeter
2760 2909 2966 2948 morem
3007 2903 3062 2949 et
3092 2895 3551 2950 consuetudinem

1969 2994 2161 3032 eorum
2205 2988 2538 3050 temporum,
2574 2983 2779 3052 quibus
2820 2973 3068 3040 maxime
3091 2987 3263 3056 viguit
3294 2987 3468 3042 honos
3497 2999 3553 3042 et

1973 3070 2148 3140 gratia
2205 3071 2387 3126 Latini
2441 3077 2738 3132 sermonis.
2793 3075 3138 3134 Vctnstiores
3195 3079 3450 3149 quidem,
3494 3089 3552 3133 ut

1974 3175 2166 3216 auctor
2201 3171 2284 3218 cst
2307 3164 2683 3230 Quintilianus
2714 3169 2807 3223 lib.
2848 3186 2885 3234 ι,
2931 3185 2984 3224 c.
3023 3170 3078 3238 5,
3116 3187 3216 3225 non
3252 3172 3306 3225 in
3343 3189 3374 3224 a
3431 3182 3479 3226 et
3524 3190 3550 3226 s

1973 3253 2179 3308 litteras
2213 3257 2358 3310 exire
2395 3267 2584 3312 temere
2612 3259 2909 3315 masculina
2939 3259 3128 3316 Graeca
3152 3269 3372 3317 nontina
3409 3276 3550 3318 recta

1974 3361 2104 3398 casu
2136 3347 2497 3414 patiebantur.
2535 3349 2761 3422 Ideoque
2783 3365 2829 3406 et
2871 3355 3012 3422 apud
3044 3353 3267 3410 Cwliam
3307 3357 3552 3428 legimus,

1973 3436 2121 3491 Pelia
2160 3439 2560 3508 Cincinnatus;
2613 3453 2663 3496 et
2707 3443 2848 3511 apud
2891 3445 3238 3515 Messallam,
3275 3449 3550 3504 Beuefecit

1973 3527 2208 3598 Euthia;
2249 3538 2298 3584 et
2336 3531 2476 3600 apud
2507 3531 2846 3602 Ciceronem,
2889 3536 3262 3608 Hermagora:
3299 3557 3361 3594 ne
3390 3543 3550 3594 mire-

1975 3637 2114 3684 ntur,
2132 3623 2270 3692 quod
2297 3624 2360 3678 ab
2389 3627 2724 3696 antiquorum
2752 3628 3012 3700 plerisque
3031 3631 3204 3686 [Euea
3231 3641 3280 3687 et
3306 3635 3546 3687 Anchisa

1973 3714 2043 3768 sit
2082 3713 2278 3770 dictus.
2320 3715 2644 3774 Priscianus
2677 3720 2772 3774 lib.
2803 3738 2834 3775 v
2867 3739 2880 3775 :
2927 3724 3075 3791 Apud
3113 3723 3324 3779 (ἔνατος
3368 3727 3425 3780 in
3482 3745 3548 3790 ας

1973 3805 2290 3874 desinentia,
2323 3811 2462 3878 apud
2491 3829 2584 3868 nos
2619 3814 2728 3868 ina
2753 3815 3145 3883 terminantur;
3171 3825 3228 3872 ut
3253 3819 3544 3890 Μαρσύας,

1973 3897 2216 3966 Σωσίας,
2275 3901 2512 3971 Βυρρίας
2572 3904 2852 3974 Χαιρέας,
2907 3907 3170 3978 Τουρίας,
3225 3909 3543 3978 Βαγράδαςς

1972 3986 2216 4058 Marsya.
2247 3989 2428 4056 Sosia,
2461 3993 2716 4064 Byrrhia,
2756 3995 2996 4063 ϐιαίαν-εει,
3045 3998 3228 4065 Taria,
3266 4000 3542 4071 Bagrada.
3591 4037 3597 4044 ι

1972 4078 2120 4136 Libri
2163 4091 2344 4136 autem
2395 4100 2477 4148 vi,
2524 4101 2576 4154 p.
2607 4085 2706 4140 68l
2751 4094 2807 4141 et
2859 4088 2980 4154 701,
3034 4089 3339 4160 plerumque
3376 4095 3452 4146 ait
3488 4103 3542 4147 et

1971 4171 2266 4242 frequenter
2293 4173 2394 4227 hoc
2423 4174 2538 4229 ﬁeri
2579 4175 2776 4231 solere.
2822 4177 2886 4233 Et
2931 4177 3014 4234 his
3053 4176 3310 4234 fortassis
3347 4189 3542 4234 auctu-

1973 4263 2124 4343 ribus
2182 4265 2321 4318 tueri
2369 4280 2430 4318 se
2464 4281 2626 4334 posse
2675 4267 3036 4334 arbitrentur,
3064 4269 3159 4339 qui
3193 4280 3224 4326 e
3259 4273 3540 4326 contraria

1972 4362 2126 4424 parte
2155 4355 2366 4410 dicunt.
2406 4355 2534 4410 Mihi
2577 4374 2708 4412 vero
2745 4359 2905 4430 longe
2938 4361 3154 4415 videtur
3200 4375 3364 4417 secus
3397 4379 3412 4418 :
3445 4364 3540 4418 sed

1971 4456 2188 4516 oportet
2221 4447 2364 4502 haud
2408 4449 2599 4520 jejuno
2636 4450 2703 4505 de
2731 4452 2830 4506 hac
2879 4467 3066 4518 causa,
3107 4462 3160 4508 et
3192 4463 3448 4524 tanquam
3485 4455 3540 4508 iu

1971 4540 2226 4606 transitu,
2253 4540 2344 4594 sed
2374 4541 2531 4610 plene
2559 4543 2888 4614 cepioseque
2923 4546 3226 4614 disputare.
3261 4544 3542 4616 Principio

1971 4633 2122 4686 nulla
2177 4635 2556 4690 controversia
2593 4645 2698 4700 est,
2742 4639 2874 4706 quin
2923 4637 3176 4708 indigena
3220 4638 3541 4695 Latinorum

1969 4739 2152 4778 sermo
2201 4726 2410 4779 nullum
2461 4727 2719 4782 habuerit
2777 4729 3174 4783 nominativum
3219 4731 3273 4784 in
3321 4749 3379 4786 as
3415 4751 3539 4787 rum

1969 4815 2212 4883 genitivo
2268 4815 2627 4888 ῑσοσυλλάσῳ.
2683 4819 3032 4890 Quapropter
3061 4821 3390 4892 antiquitus.
3425 4825 3542 4879 sive

1968 4907 2194 4963 Graecus
2229 4909 2502 4978 quispiam
2557 4911 2612 4965 in
2665 4909 2862 4966 Latina
2901 4913 3126 4967 civitate
3159 4913 3392 4979 viveret,
3424 4917 3543 4971 sive

1970 4996 2156 5052 Grieca
2181 4999 2386 5068 scripta
2420 4999 2471 5052 in
2508 4998 2766 5054 Latinum
2804 5011 3282 5068 converterentur,
3323 5005 3541 5072 ejusce-

1969 5089 2116 5144 modi
2151 5092 2368 5144 nomina
2404 5107 2504 5161 per
2531 5109 2562 5144 α
2587 5093 2909 5162 plerumque
2935 5093 3182 5150 scribere
3215 5105 3266 5150 et
3295 5111 3540 5166 pronun-

1971 5181 2110 5235 tiare
2140 5183 2345 5252 placuit
2377 5181 2516 5254 [79].
2550 5184 2727 5253 Atque
2763 5185 2864 5242 hoc
2891 5185 3110 5254 quidem
3143 5203 3208 5244 ex
3241 5187 3462 5256 ingenio
3485 5197 3540 5242 et

1970 5273 2374 5328 consuetudine
2416 5275 2617 5342 lingua:
2648 5277 2958 5332 vernacqu
2995 5278 3065 5332 ab
3101 5278 3168 5332 iis
3207 5286 3292 5332 est
3321 5279 3540 5333 factita-

1969 5375 2104 5420 tum.
2136 5365 2345 5423 Comici
2386 5367 2553 5436 igitur
2597 5367 2650 5421 in
2687 5367 2894 5424 Graecis
2947 5369 3378 5441 interpretandis
3416 5389 3538 5427 eam

1967 5457 2234 5511 rationem
2305 5464 2636 5522 tenuerunt;
2699 5458 2953 5524 Chazrea,
3033 5461 3222 5528 Sosia,
3285 5463 3538 5534 Byrrhia,

1967 5547 2186 5612 Plania,
2234 5545 2432 5611 Clinia,
2478 5547 2698 5612 Demea,
2742 5549 3016 5616 Phaedria,
3047 5551 3413 5621 pro-ferentes.
3449 5558 3543 5612 Μ-

1969 5639 2167 5692 mirum
2221 5637 2447 5694 auribus
2500 5640 2646 5708 vulgi
2704 5641 2808 5695 ista
2864 5640 3156 5698 dabantur.
3208 5642 3318 5700 Nec
3360 5655 3538 5706 tamen

1967 5730 2190 5785 deerant
2229 5730 2390 5784 etian
2439 5733 2662 5802 antiqua
2703 5732 2794 5787 illa
2848 5735 3112 5789 memoria
3158 5735 3327 5808 (pace
3365 5740 3534 5807 Quiu-
