4032 6138
431 296 528 332 ηπ

445 297 536 356 ηδ
1328 282 1424 344 DE
1477 281 1794 342 JOANN-IS
1831 272 2152 338 MALAL/E
2184 268 2833 333 CHRONOGRAPHIA
3602 262 3725 330 7‘76.

432 401 614 455 ιιιιιιειῑ
645 395 924 466 dixerim),
957 394 1051 464 qui
1084 390 1151 446 ad
1177 391 1490 446 Graecorum
1523 387 1830 455 exemplum
1865 384 2020 436 insti-
2052 402 2092 455 Α
2124 377 2340 447 Lysias,
2369 382 2423 430 et
2453 376 2626 444 siqua
2663 375 2891 429 similia.
2928 369 3063 466 Nam
3093 371 3159 426 de
3194 369 3522 441 Hermagora
3551 375 3711 430 (Αγρ-

441 500 660 547 luerent
694 490 840 558 loqui
886 504 899 539 :
941 491 1205 555 quantum
1248 497 1311 536 ex
1353 494 1540 534 eorum
1593 476 1843 545 reliquiis
1876 485 2009 528 con-

441 583 653 652 jectura
706 577 969 646 consequi
1018 588 1260 644 possum.
1317 571 1472 641 Apud
1506 569 1738 624 Gellium
1795 566 1886 618 lib.
1930 579 2010 629 ιιι,

443 690 492 729 c.
531 675 583 735 7,
618 672 780 726 verba
829 679 956 723 sunt
999 665 1226 719 Catonis
1269 661 1553 724 Censoris,
1587 660 1709 730 qui,
1759 674 1820 713 ea
1874 666 2011 710 tem-

441 774 653 835 pestate
708 763 765 815 in
815 759 948 827 Rep.
1004 756 1227 819 ﬂoruit,
1267 770 1373 823 qua
1416 753 1641 806 Plautus
1685 750 1739 804 in
1802 764 2009 804 scena:

441 850 701 906 Leonidas
739 847 1163 900 Laceda’monius
1188 845 1474 908 laudatur;
1514 842 1707 895 Plauto
1740 848 1922 893 tamen
1959 839 2010 890 in

438 943 691 997 Asinaria
730 955 923 995 servus
958 939 1161 992 dicitur
1191 935 1449 989 Leonida.
1474 933 1742 988 Claudius
1776 929 2013 996 Quadri-

440 1036 628 1102 garius
660 1031 800 1100 apud
833 1029 1065 1085 Gellium
1102 1029 1140 1081 l.
1176 1044 1257 1090 ιιι,
1294 1042 1342 1081 c.
1386 1030 1417 1080 8
1447 1044 1460 1080 :
1501 1023 1581 1078 Ad
1615 1039 1707 1076 nos
1740 1022 1874 1075 venit
1913 1017 2012 1071 Ni-

436 1130 550 1179 cias
583 1123 872 1191 familiaris
907 1131 1050 1174 tuus.
1083 1118 1329 1172 Lucilius
1370 1115 1512 1185 apud
1555 1114 1823 1167 Donatum
1856 1129 1868 1163 :

510 1213 644 1267 Ante
670 1214 1006 1282 foresautem
1044 1222 1092 1263 et
1128 1207 1538 1282 triclirii_liitiiiia
1564 1205 1782 1282 quidam

509 1274 748 1338 Perditu’
777 1280 978 1335 Tiresia
1007 1281 1142 1334 tussi
1171 1277 1475 1349 grandwvu‘
1504 1274 1763 1346 gemebat.

440 1392 542 1448 Ubi
571 1392 855 1461 legendum
882 1398 966 1445 est
992 1389 1222 1443 Tiresias
1253 1404 1271 1441 :
1300 1388 1404 1442 nisi
1436 1387 1481 1442 si
1514 1385 1778 1458 syllabam
1816 1392 2011 1437 natura

439 1481 658 1534 brevem
683 1490 904 1548 prOpter
922 1478 1432 1547 etesuramproduci
1452 1477 1754 1531 existimas.
1780 1475 2013 1529 Priscia-

440 1587 546 1624 nus
592 1572 687 1625 lib.
719 1588 767 1625 vt
798 1589 810 1623 :
846 1569 950 1624 Hic
1001 1569 1250 1636 Calchas,
1274 1569 1626 1633 Calchantis;
1655 1569 1892 1636 quamvis
1931 1568 2014 1619 hic

441 1662 690 1722 Calchas,
727 1662 885 1729 hujus
939 1661 1185 1723 Calchw,
1254 1659 1608 1728 antiquissimi
1655 1658 2010 1710 declinabant.

2122 470 2296 530 ronis,
2324 483 2520 522 vereor
2560 482 2627 521 ne
2688 466 2886 520 vitioso
2923 458 3115 518 codice
3145 479 3278 518 usus
3312 463 3381 517 sit
3412 463 3712 527 Quintilia-

2119 578 2244 615 nus.
2276 557 2528 613 Profecto
2561 557 2708 612 enim
2760 569 2952 609 onmcs
2994 554 3245 616 omnino,
3287 553 3378 621 qui
3418 569 3569 607 nunc
3613 571 3713 607 su-

2121 664 2370 724 persunt,
2400 667 2532 707 mss.
2561 658 2890 706 constanter
2928 649 3133 703 habent
3183 647 3565 718 Hermagoras.
3605 648 3713 702 Sed

2119 747 2318 801 melius
2373 753 2459 799 cst
2509 760 2576 797 ex
2623 743 2758 812 ipsis
2821 741 2959 797 locis
3010 741 3452 809 experimentum
3508 740 3714 808 iudicii

2119 855 2337 907 capere,
2367 838 2509 907 libro
2557 836 2734 904 primo
2762 833 2842 887 De
2872 833 3164 886 inventione
3189 847 3207 884 :
3234 830 3410 892 Huius
3442 833 3716 885 constituc

2119 928 2278 981 tionis
2333 905 2692 995 Hermagoras
2750 925 2991 977 inventor
3042 938 3154 976 esse
3203 924 3545 975 existimatur
3592 938 3611 976 :
3657 935 3711 976 ρ’

2122 1019 2320 1072 ibidem
2360 1037 2372 1071 :
2425 1016 2579 1082 Quod
2615 1016 2661 1067 si
2708 1030 2956 1084 magnam
2991 1015 3045 1066 in
3091 1013 3173 1066 his
3216 1011 3582 1083 Hermagoras
3613 1017 3718 1066 hae

2121 1110 2317 1161 buisset
2363 1106 2696 1176 facultatem.
2744 1103 2969 1173 Repone
3002 1105 3095 1157 hic
3130 1103 3436 1173 paulisper,
3476 1100 3716 1156 Herum-

2119 1218 2249 1270 gora
2282 1201 2539 1259 inventor,
2575 1206 2629 1251 et
2661 1197 2991 1268 Hermagora
3019 1198 3334 1261 habuisset;
3371 1215 3482 1254 non
3535 1200 3716 1255 sentis

2120 1289 2391 1342 vocalium
2424 1302 2755 1340 concursum
2799 1296 2950 1342 Vaste
2990 1288 3271 1341 hiantem?
3306 1287 3420 1359 Ego
3454 1303 3585 1342 vero
3619 1289 3718 1341 Ci-

2122 1393 2378 1433 ceronem
2427 1378 2500 1430 ita
2556 1377 2854 1446 scripsisse
2885 1393 2953 1432 ne
3004 1379 3109 1448 ipsi
3164 1378 3388 1448 quidem
3452 1378 3715 1434 Ciceroni

2120 1468 2408 1522 allirmanti
2437 1467 2790 1522 crediderim.
2834 1467 2976 1532 Quid
3006 1468 3187 1523 dicam
3220 1468 3287 1523 de
3337 1469 3718 1539 scriptoribus

2120 1563 2219 1617 :evi
2277 1560 2603 1630 Augustini?
2650 1560 2780 1629 quid
2836 1560 2905 1615 de
2974 1561 3383 1630 insequentium
3448 1561 3723 1615 aetatum?

2122 1669 2317 1723 nempe
2365 1653 2557 1707 eadem
2605 1660 2719 1705 tum
2765 1652 3106 1706 consuetudo
3157 1650 3412 1715 invaluit,
3466 1661 3526 1706 ut
3560 1652 3613 1705 in
3647 1669 3721 1716 ας

444 1755 548 1807 Sed
579 1754 632 1804 in
665 1754 748 1806 his
776 1753 910 1806 locis
933 1751 1314 1805 fortasselides
1337 1750 1736 1819 exemplarium
1760 1757 2011 1816 suspecta
2047 1765 2086 1817 Β
2117 1744 2377 1796 caderent
2406 1741 2593 1795 Gl‘ttltfa
2631 1741 2875 1794 nornina.
2904 1740 3080 1810 Spero
3113 1739 3245 1793 mihi
3279 1740 3442 1795 ﬁdem
3481 1743 3628 1810 apud
3662 1752 3722 1794 te

441 1857 565 1895 esse
588 1846 763 1911 possit
800 1861 812 1895 :
846 1843 898 1894 in
935 1841 1028 1894 illo
1058 1839 1216 1893 Plinii
1264 1840 1361 1894 lib.
1414 1854 1577 1903 xxxv,
1608 1853 1657 1893 c.
1698 1838 1785 1901 lli,
1833 1837 2013 1890 IttlllltS

443 1936 609 1987 tlutur
644 1933 939 2002 suspicioni
967 1934 1119 1985 locus
1150 1948 1163 1985 :
1192 1931 1351 1984 Decet
1378 1948 1479 1984 non
1511 1929 1661 1983 sileri
1690 1939 1737 1982 et
1769 1928 2013 1981 Ardentis

346 2044 353 2051 ί
445 2024 624 2099 templi
650 2025 924 2091 pictorem,
973 2024 1268 2092 pra'sertim
1317 2024 1528 2075 civitate
1573 2019 1828 2074 donatum
1863 2019 1933 2071 ibi
1967 2027 2016 2071 et

444 2117 698 2180 carmine,
734 2114 872 2184 quod
905 2124 982 2169 est
1008 2116 1060 2168 in
1096 2117 1207 2181 ipsa
1238 2115 1448 2181 pictura
1487 2111 1568 2165 his
1599 2110 1832 2165 versibus
1866 2123 1884 2161 .'

558 2231 739 2300 [tignis
762 2231 924 2299 digna
954 2230 1071 2281 loca
1100 2229 1320 2293 picturis
1352 2225 1716 2300 condecoravit
1787 2223 1794 2231 ’

549 2294 758 2370 Regina:
785 2294 1001 2370 lunoni“
1027 2298 1527 2370 Supremifoujugi‘
1549 2294 1807 2370 templum

555 2366 768 2423 Marcus
797 2368 1000 2422 Lartius
1036 2366 1218 2421 Elatas
1251 2366 1454 2421 {Etolia
1480 2367 1756 2431 oriundus,

448 2442 612 2508 Quem
637 2457 771 2494 nunc
788 2452 834 2493 et
848 2449 963 2501 post
982 2455 1182 2507 semper
1195 2440 1256 2491 ob
1275 2448 1442 2491 artem
1467 2438 1600 2489 hanc
1620 2436 1793 2488 Ardea
1812 2431 2017 2486 laudat.

448 2554 531 2606 Ea
561 2562 680 2606 sunt
727 2552 924 2618 scripta
961 2550 1192 2618 antiquis
1225 2548 1414 2601 litteris
1446 2546 1674 2599 Latinis.
1723 2543 1909 2596 Elotas
1940 2547 2022 2595 est

450 2645 712 2706 Εἱλώτας,
746 2643 994 2711 εἱλώτης.
1041 2641 1311 2695 Gruterus
1358 2641 1703 2708 Epigramma
1744 2637 1847 2688 hoc
1899 2650 2024 2703 pro-

452 2738 578 2795 l'ert,
599 2744 861 2802 tanquam
888 2748 916 2784 a
940 2731 1243 2787 lioissardo
1267 2732 1442 2784 visum
1483 2731 1536 2782 in
1566 2728 1743 2781 hortis
1769 2725 1900 2778 Julii
1933 2722 2019 2786 lll,

452 2828 656 2881 I'ontil.
686 2825 957 2880 Runtani:

526 2918 688 2988 Digne
727 2916 1073 2986 doctiloqucis
1116 2913 1393 2988 pictureis,
1437 2922 1489 2966 ct
1528 2926 1650 2981 qua:
1694 2919 2020 2979 sequuntur.

452 3011 582 3067 Sine
605 3012 768 3064 dubio
799 3008 1060 3064 falsarius
1086 3009 1288 3076 aliquis
1317 3007 1372 3058 in
1412 3005 1589 3074 lapide
1615 3004 2022 3058 inscribendum

2115 1850 2277 1901 esse;
2331 1850 2400 1887 ne
2456 1848 2683 1888 necesse
2737 1833 2967 1887 habeam
3036 1832 3253 1887 inlinita
3314 1833 3403 1885 hic
3460 1833 3721 1901 exempla

2116 1939 2464 1980 enumerare.
2522 1922 2682 1988 Quod
2724 1931 2907 1977 tamen
2956 1938 3081 1976 cum
3127 1925 3452 1993 exceptione
3499 1925 3722 1978 dict-um

2118 2017 2320 2081 velim;
2351 2004 2430 2079 uti,
2469 2029 2803 2084 quanquam,
2819 2014 3022 2068 eruditi
3073 2015 3326 2069 homines
3359 2030 3511 2079 eum,
3548 2031 3721 2085 quem

2119 2102 2271 2171 dixi,
2327 2121 2532 2159 morem
2595 2107 3228 2171 servaverunt,nomina
3293 2115 3473 2160 tamen
3524 2122 3725 2161 servo-

2121 2211 2277 2258 rum,
2332 2202 2426 2246 aut
2481 2193 2832 2265 quicunque,
2890 2202 2951 2248 ut
3002 2195 3278 2265 principio
3314 2194 3454 2259 dixi,
3497 2197 3552 2249 in
3606 2195 3722 2249 La-

2124 2285 2237 2338 tina
2269 2285 2494 2337 civitate
2516 2285 2720 2349 vixere,
2749 2281 2863 2356 [8i]
2885 2285 3126 2353 vulgaris
3158 2301 3313 2350 usus,
3351 2302 3522 2356 penes
3550 2302 3721 2356 quem

2117 2374 2211 2444 jus
2249 2385 2333 2430 est
2367 2374 2651 2444 loquendi,
2688 2376 3011 2445 plerumque
3055 2377 3431 2431 immutaverit
3461 2378 3528 2431 ad
3563 2378 3723 2431 Lati-

2123 2481 2248 2518 nam
2306 2466 2788 2518 consnetudinem.
2844 2465 2972 2519 Inde
3028 2472 3114 2521 est
3173 2467 3319 2536 apud
3362 2467 3719 2529 Ciceronem,

2123 2553 2332 2608 Phania
2382 2553 2540 2622 Appii
2589 2554 2841 2606 libertus.
2896 2548 3124 2607 Frustra
3178 2556 3325 2608 enim
3367 2556 3718 2625 graecissat-et

2124 2646 2432 2708 dominus,
2479 2660 2603 2698 cum
2666 2646 2732 2697 ab
2790 2644 3046 2699 omnibus
3108 2648 3390 2701 conservis
3440 2656 3492 2700 et
3554 2647 3718 2701 notis

2124 2739 2241 2792 sine
2285 2752 2313 2800 ς
2368 2738 2549 2790 littera
2579 2736 2789 2789 Phania
2833 2738 2881 2791 is
2915 2738 3235 2792 vocabatur.
3295 2737 3397 2791 Sed
3450 2754 3478 2790 a
3528 2736 3721 2791 Plinio

2127 2837 2461 2884 memoratur
2494 2828 2728 2882 Phanias
2775 2828 3021 2898 physicus
3054 2844 3071 2882 :
3100 2845 3295 2898 nempe
3328 2832 3373 2884 is
3411 2831 3466 2883 in
3497 2828 3721 2883 Graecia

2125 2921 2293 2974 vitam
2349 2928 2574 2990 egerat,
2631 2920 2844 2973 nullum
2879 2919 3146 2974 habuerat
3191 2919 3374 2973 Retine
3431 2921 3719 2974 dominum

2129 3019 2221 3063 aut
2255 3019 2567 3078 patronum.
2613 3007 2744 3062 Inde
2789 3008 2922 3061 illud
2973 3008 3209 3075 Horatii,
3245 3009 3441 3062 Credat
3490 3007 3722 3063 Judwus

451 3113 764 3164 curaxerat,
825 3118 855 3155 a
912 3101 1091 3154 Plinio
1151 3099 1203 3153 id
1250 3109 1550 3154 mutuatus.
1591 3096 1844 3150 l’rolcclo
1890 3086 2026 3147 male
2053 3114 2094 3171 (ξ
2128 3100 2336 3167 Apella,
2371 3100 2424 3153 id
2462 3106 2566 3163 est,
2606 3100 2788 3169 quivis
2824 3097 3049 3154 Iudaeus
3082 3114 3095 3153 :
3132 3108 3189 3153 ιιι
3216 3100 3396 3154 locum
3428 3102 3722 3170 explanem

454 3214 673 3264 operam
734 3196 866 3249 lusit
903 3195 957 3246 in
1011 3209 1171 3246 versu
1228 3195 1405 3262 primo
1455 3188 1804 3258 corrigendo.
1847 3185 2025 3239 Editio

457 3289 660 3343 Veneta
688 3287 816 3339 anni
857 3299 1232 3339 uccccuxxm
1289 3283 1453 3338 habet
1484 3279 1671 3351 Dignis
1695 3280 1854 3349 digna
1889 3277 2023 3332 loco.

455 3378 599 3447 Lego
636 3379 801 3446 igitur
835 3392 847 3429 :

564 3492 676 3565 i301

457 3585 735 3640 Lucilius:

787 3492 967 3562 Dignis
990 3490 1167 3561 dignu’
1184 3492 1297 3544 loco
1320 3490 1543 3559 picturis
1562 3487 1951 3542 condecoravit.

780 3652 993 3706 Samnis
1019 3669 1240 3722 spurcus
1279 3653 1431 3705 homo
1475 3652 1579 3704 vita
1606 3649 1703 3703 illa
1729 3648 1909 3722 dignn‘
1946 3649 2026 3699 lo-
2064 3706 2067 3711 ,

1824 3721 2026 3790 lcoque.

462 3816 663 3885 Dignus
691 3817 804 3869 loco
830 3825 914 3870 est
939 3815 1060 3866 Τῶν
1080 3813 1260 3884 μέσων
1280 3827 1293 3841 ·
1324 3820 1379 3867 et
1405 3812 1459 3865 in
1490 3813 1685 3866 bonam
1716 3811 1797 3864 vel
1833 3812 2026 3862 malam

460 3917 668 3976 partem
700 3908 822 3977 capi
865 3914 1067 3976 potest.
1104 3904 1248 3959 Nihil
1280 3904 1464 3960 verius
1494 3907 1596 3957 hac
1622 3902 2025 3958 emendatione.

460 3998 516 4050 lu
553 3997 741 4050 eadem
787 4007 870 4051 est
905 3996 1150 4051 editione
1179 3995 1390 4049 ιΕιοιία
1408 3996 1680 4057 oriundus,
1719 3995 1880 4062 longe
1909 3993 2030 4063 qui-

459 4091 581 4142 dem
630 4090 848 4150 melius,
887 4105 1050 4157 quam
1093 4088 1236 4157 quod
1282 4089 1337 4142 in
1375 4087 1555 4142 indice
1605 4087 1869 4156 Scaligeri
1923 4092 2027 4148 est,

459 4177 664 4232 JEtiola
691 4179 968 4232 oriundus.
1004 4177 1294 4233 Lucretius
1326 4178 1422 4232 lib.
1461 4194 1531 4231 II:

534 4290 762 4359 Denique
785 4289 977 4343 caelesti
1007 4305 1188 4343 sumus
1213 4304 1390 4343 omnes
1418 4290 1612 4343 semine
1641 4289 1852 4342 orandi.

462 4399 588 4453 Sive
643 4400 814 4452 mavis
859 4414 985 4452 cum
1044 4398 1281 4468 vulgatis
1332 4400 1520 4464 libris,
1573 4401 1836 4454 oriundi:
1883 4410 2031 4457 certe

462 4492 780 4561 tt'isyllaLou
824 4491 892 4544 sit
946 4504 1172 4543 necesse
1209 4498 1315 4542 est.
1347 4490 1438 4544 Sic
1469 4491 1633 4560 igitur
1660 4491 1890 4547 vetustis
1924 4491 2032 4544 illis

462 4599 579 4636 mos
616 4593 753 4646 erat,
794 4592 849 4635 ut
889 4581 1163 4635 interdum
1201 4582 1421 4651 quidem
1457 4583 1509 4636 in
1542 4582 1651 4647 AS,
1686 4582 2032 4652 frequentius

461 4675 515 4728 in
547 4675 588 4728 A
623 4672 810 4727 Graeca
849 4675 1070 4726 nomina
1100 4675 1298 4727 vellent
1345 4675 1515 4728 exire.
1549 4673 1743 4729 Postea
1790 4692 1942 4737 vero,
1973 4686 2033 4729 ut

461 4770 538 4820 ait
603 4768 1007 4832 Quintilianus,
1069 4769 1381 4821 recentiores
1431 4769 1771 4822 instituerunt
1835 4769 2031 4825 Grazcis

459 4858 752 4913 nominibus
784 4858 994 4913 Graecas
1018 4860 1393 4913 declinationes
1420 4856 1592 4928 potius
1620 4862 1768 4919 dare.
1795 4861 2032 4917 Proinde

461 4952 564 5005 hoc
595 4950 903 5004 institutum
940 4959 1234 5004 tenuerunt

463 5064 771 5128 Lucretius,
824 5064 889 5117 ltl
917 5066 1053 5134 quod
1080 5065 1429 5135 Anaxagoras
1462 5069 1562 5122 sibi
1590 5072 1749 5122 sumit
1781 5084 1799 5123 .'

462 5176 634 5231 Varro
678 5178 751 5232 De
805 5176 870 5233 ll.
926 5176 991 5232 ιι.
1039 5179 1250 5247 antiqui
1303 5188 1483 5234 tamen
1539 5192 1593 5234 ut
1648 5183 1738 5251 qui
1775 5184 2029 5246 maxime,

461 5281 671 5322 amator
696 5270 967 5324 sermonis
1001 5288 1013 5323 :
1040 5270 1320 5340 Archytas,
1350 5271 1620 5341 Hegesias,
1646 5274 2030 5344 Athenagoras,

461 5361 732 5425 Mnaseas,
769 5372 822 5415 et
872 5363 1017 5431 apud
1066 5361 1297 5417 Nonium
1333 5366 1385 5419 in
1425 5365 1712 5420 Sealurex.
1747 5366 2031 5432 Ismenias,

464 5453 791 5523 Thebogenes
823 5452 944 5521 ﬂuit
986 5454 1249 5508 Scaturex
1270 5495 1284 5519 ,
1320 5456 1437 5525 lege
1470 5455 1829 5527 Thebagenes,
1865 5458 2035 5530 θηῦα-

461 5546 645 5614 γενής.
683 5545 745 5597 Et
771 5546 1029 5599 similiter
1054 5547 1266 5609 Cit-ero.
1298 5550 1437 5617 apud
1462 5566 1622 5619 quem
1649 5550 1809 5620 vulgo
1837 5567 2034 5605 oecur-

465 5642 593 5686 runt
636 5638 879 5698 Archias,
929 5635 1174 5706 Gorgias,
1227 5638 1470 5704 Phidias,
1518 5639 1729 5702 Cineas,
1784 5641 2029 5707 Prusias,

468 5725 752 5787 Arcesilas,
791 5724 1143 5794 Charmadas,
1182 5729 1404 5794 Critias,
1464 5729 1746 5799 Diagoras,
1787 5732 2028 5803 Hippias,

2128 3208 2320 3262 parum
2356 3193 2458 3246 hac
2481 3192 2745 3246 memoria
2784 3192 3149 3246 intellectum.
3188 3191 3360 3246 Judaei
3390 3191 3725 3246 habitabant

2126 3293 2279 3338 trans
2308 3281 2574 3346 Tiberim,
2624 3292 2680 3336 et
2729 3282 2904 3336 multo
2946 3284 3243 3337 maximam
3293 3293 3508 3354 partem
3556 3295 3724 3338 erant

2129 3374 2391 3437 libertini,
2435 3382 2493 3426 ut
2527 3372 2729 3427 fatetur
2771 3372 2927 3426 Philo
2966 3374 3017 3427 in
3064 3373 3362 3444 Legatioue
3395 3375 3463 3428 ad
3496 3374 3720 3429 Caium.

2126 3467 2315 3535 Apella
2349 3474 2534 3519 autem
2597 3465 2980 3519 libertinorum
3017 3474 3099 3518 est.
3144 3481 3384 3529 nonien,
3435 3466 3569 3521 satis
3611 3465 3728 3519 fre—

2126 3577 2301 3630 quens
2343 3561 2398 3614 in
2450 3559 2916 3627 inscriptionibus
2959 3561 3211 3614 vetustis.
3248 3561 3365 3615 Cic.
3406 3560 3568 3631 epist.
3625 3560 3727 3627 ‘23,

2130 3652 2227 3706 lib.
2283 3665 2351 3705 vn
2394 3668 2406 3704 :
2456 3648 2538 3703 Ne
2580 3649 2785 3717 Apella:
2836 3650 3048 3720 quidem
3112 3650 3302 3705 liberto
3354 3660 3445 3706 tuo
3490 3651 3728 3707 dixeris.

2129 3742 2315 3810 Itaque
2339 3739 2530 3795 Credat
2559 3739 2785 3795 Judwus
2809 3741 3010 3809 Apella,
3043 3744 3203 3810 quasi
3231 3751 3286 3796 tu
3314 3744 3490 3805 dicas,
3515 3742 3728 3799 Credat

2128 3834 2554 3903 superstitiosus
2586 3833 2786 3903 aliquis
2823 3831 3049 3889 Judaaus
3073 3833 3549 3891 Transtiberinus.
3587 3838 3728 3894 Inde

2130 3925 2264 3978 illud
2300 3924 2553 3987 alterum,
2594 3924 2878 3978 Obeundus
2911 3923 3131 3995 Marsya
3156 3940 3174 3979 :
3198 3941 3307 3996 quo
3352 3927 3513 3981 modo
3547 3932 3722 3981 etiam

2130 4017 2429 4084 loquuntur
2460 4013 2710 4077 Ovidius,
2734 4013 2923 4078 Silius,
2949 4015 3225 4071 Lucanus.
3265 4017 3477 4088 Marsya
3502 4021 3725 4074 scilicet

2132 4105 2183 4157 in
2215 4104 2334 4158 l‘oro
2352 4103 2656 4158 collocatus
2682 4114 2736 4157 et
2758 4103 2996 4160 donatus
3018 4109 3175 4176 quasi
3192 4107 3418 4164 civitate
3448 4108 3721 4175 Romana,

2131 4208 2241 4247 non
2286 4194 2460 4261 potuit
2502 4210 2609 4247 non
2654 4194 2708 4247 in
2753 4210 2848 4249 ore
2879 4198 3025 4265 vulgi
3080 4199 3326 4266 quotidie
3378 4204 3620 4266 versari;
3662 4217 3725 4257 ct

2132 4293 2391 4353 praetcrea
2420 4300 2483 4339 eo
2508 4286 2730 4341 nomine
2756 4286 2981 4341 fuerunt
3000 4292 3141 4343 servi
3174 4289 3441 4363 Phryges.
3464 4292 3520 4347 In
3542 4295 3721 4349 veteri

2134 4390 2438 4439 marmore,
2483 4392 2542 4430 ιι.
2582 4392 2807 4432 usurus
2848 4394 2906 4432 ιι.
2949 4395 3000 4432 ιι.
3046 4397 3275 4435 uitam.
3312 4381 3474 4453 Vulgi
3530 4395 3721 4439 autem

2066 4447 2107 4499 ί)
2138 4469 2523 4521 auctoritatem
2566 4468 2802 4524 libenter
2837 4470 2927 4524 hic
2959 4475 3134 4526 secuti
3174 4484 3306 4528 sunt
3341 4447 3547 4545 poetas;
3589 4493 3720 4531 eum

2136 4558 2441 4613 secundum
2504 4558 2750 4613 Graecam
2807 4565 3314 4630 pronuntiationem
3366 4567 3617 4639 Marsyas
3658 4569 3720 4624 in

2132 4644 2452 4699 hexametro
2484 4660 2592 4698 non
2621 4656 2815 4702 staret.
2854 4649 2945 4704 Sic
2968 4650 3184 4707 Cassius
3210 4653 3426 4709 Cluerea
3460 4659 3723 4714 tribunus

2133 4736 2330 4804 plebis,
2365 4736 2688 4791 notissimus
2727 4740 2795 4793 ob
2837 4739 2952 4794 Caii
3008 4743 3243 4796 Caesaris
3288 4744 3491 4800 eadem
3531 4765 3544 4801 :
3579 4748 3725 4801 alter

2134 4826 2275 4896 apud
2303 4826 2542 4879 Plinium
2578 4830 2905 4893 statuarius,
2928 4833 3019 4898 qui
3056 4849 3358 4903 nunquam,
3386 4837 3574 4903 credo,
3608 4837 3723 4890 lia-

2134 4922 2265 4974 liam
2330 4920 2584 4985 viderat;
2644 4930 2700 4975 et
2759 4923 2901 4991 apud
2948 4922 3251 4979 Varronem
3311 4929 3509 4984 tertius
3546 4931 3725 4984 Athe-

2111 5011 2368 5091 .niensis.
2416 5011 2509 5079 qui
2570 5011 2640 5065 de
2687 5028 2743 5067 re
2781 5014 2987 5067 rustica
3035 5016 3291 5085 scripsit,
3328 5017 3595 5075 Cha’reas.
3648 5020 3728 5076 Ita

2135 5101 2358 5156 Persius
2392 5104 2739 5171 (priusquam
2774 5106 3055 5163 Cornutus
3097 5108 3321 5166 Stoicus
3366 5128 3588 5167 versum
3619 5114 3731 5167 im.-

2137 5201 2446 5247 mutaverat
2481 5205 2628 5249 metu
2662 5194 2947 5263 Neronis),
2973 5200 3259 5256 Auriculas
3288 5205 3431 5257 asini
3459 5203 3611 5258 Mida
3633 5221 3733 5259 rex

2135 5284 2328 5348 habet;
2372 5293 2427 5338 et
2454 5285 2520 5341 ad
2554 5287 2607 5340 id
2637 5290 2942 5357 exemplum
2974 5288 3229 5348 Justinus
3268 5312 3280 5347 :
3318 5297 3527 5350 nullam
3562 5299 3733 5353 aliam

2134 5375 2204 5427 ob
2231 5389 2480 5443 causam,
2507 5388 2868 5448 prmterquam
2900 5381 3045 5450 quod
3087 5383 3137 5437 id
3178 5399 3376 5440 nomen
3408 5384 3733 5458 frequenter

2137 5465 2428 5535 mancipiis
2444 5475 2527 5521 cst
2552 5468 2807 5533 inditum,
2831 5473 3139 5540 prmsertim
3159 5490 3221 5528 ex
3245 5474 3484 5546 Phrygia
3502 5479 3732 5547 emptis.

2136 5557 2428 5613 Terentius
2473 5560 2807 5617 Phormione
2846 5582 2858 5618 :
2895 5564 3037 5620 Puer
3058 5569 3127 5620 ad
3161 5584 3241 5622 me
3278 5574 3511 5624 accurrit
3550 5571 3729 5627 Mida.

2136 5646 2307 5704 Vetus
2338 5651 2478 5720 lapis
2510 5653 2653 5722 apud
2683 5652 2949 5723 Sponium
3001 5675 3053 5727 p.
3088 5659 3228 5726 289,
3281 5675 3410 5716 sum
3438 5678 3733 5719 conictu-

2134 5755 2277 5795 azts.
2306 5734 2533 5810 Nequeo
2565 5756 2748 5800 tamen
2781 5748 3099 5818 conjectura
3138 5754 3435 5824 augurari,
3485 5772 3585 5809 cur
3635 5757 3730 5826 qui
