4032 6138
297 305 301 309 ’
349 308 455 374 777

1462 316 1829 379 EPISTULA
1862 319 2071 379 RlCH.
2102 320 2508 381 BENTLEII.‘

3500 323 3607 386 ’ἱῗὸ

345 424 542 497 Nepoti
569 418 877 491 Perdiccas,
926 422 1120 483 Curtio
1165 438 1219 485 et
1251 427 1468 485 Justino
1506 439 1560 486 et
1598 432 1924 503 quihusdam

2034 432 2225 502 Μηνᾶς
2256 449 2286 486 a
2322 430 2668 503 Μηνόδωρος.
2723 430 2789 485 ι).
2830 430 3035 485 Lallius
3083 431 3261 486 Mena.
3308 430 3537 504 Μητρᾶς
3575 452 3606 489 a

344 517 472 574 aliis
504 516 758 574 Perdicca
784 521 1120 576 nominetur.
1148 519 1428 593 Siquidem
1455 523 1603 594 apud
1631 531 1924 593 utrumque

343 615 546 663 caetera
576 610 765 663 omnia
801 609 990 667 Graeco
1041 626 1190 669 more
1232 611 1611 683 proferuntur,
1641 617 1922 685 Amyntas,

343 699 580 774 Bagoas,
611 699 877 769 Philotas,
913 703 1187 773 Ophetlas,
1212 703 1692 777 Jollas,Gobryas,
1713 708 1925 760 Alcetas

346 791 523 848 frater
574 793 872 849 Perdiccae.
932 793 1047 868 [8‘2]
1103 794 1301 851 Nullus
1357 797 1580 852 memini
1634 795 1927 852 Perdiccas

344 886 489 941 inter
507 886 771 941 Italorum
795 901 985 943 servos
1010 894 1104 941 aut
1135 888 1396 943 libertos:
1418 904 1596 959 neque
1625 889 1925 959 quidquam

344 978 497 1033 aliud
544 992 725 1034 causa:
776 979 1023 1035 invenire
1078 995 1328 1051 possum.
1377 980 1520 1035 Nam
1562 991 1929 1051 cognomenta

342 1070 762 1126 Libertinorum.
786 1074 871 1141 (ea
905 1072 1041 1142 ipsis
1081 1071 1303 1126 nomina
1330 1070 1575 1134 fuerunt,
1606 1071 1926 1141 priusquam

345 1177 513 1218 manu
542 1164 941 1230 mitterentur),
971 1163 1017 1218 si
1042 1162 1229 1218 Graece
1259 1162 1313 1216 in
1341 1166 1426 1228 Ᾱς
1451 1162 1744 1228 caderent,
1776 1160 1928 1215 Lati-

345 1270 473 1309 nam
536 1254 981 1310 terminationem
1056 1255 1383 1324 plerumque
1456 1260 1744 1325 ceperunt.
1808 1252 1928 1308 Non

344 1351 531 1400 tamen
568 1358 966 1414 usquequaque
1001 1333 1349 1399 increbuisse
1393 1359 1512 1399 eam
1567 1342 1930 1399 consuetudi-

346 1450 472 1490 nem
505 1450 575 1491 οι
605 1436 850 1505 antiquis
883 1434 1346 1505 inscriptionibus
1373 1435 1761 1489 animadverti.
1796 1433 1929 1488 Nam

347 1541 476 1583 ecce
516 1528 613 1583 tibi
651 1529 766 1583 haec
797 1528 1022 1583 nomina
1057 1542 1122 1583 ex
1161 1527 1421 1593 Grutero,
1475 1526 1753 1592 Reinesio,
1788 1525 1931 1597 Spo-

349 1621 459 1675 nio.
491 1620 761 1690 ’Δχιλλᾶς.
813 1618 891 1673 Μ.
938 1618 1216 1675 Cornelius
1274 1619 1538 1674 Achillas.
1587 1618 1648 1673 L.
1702 1618 1928 1674 Pontius

347 1710 586 1767 Achilas.
641 1710 901 1792 Ἀλεξᾷ,
974 1711 1396 1783 ὑποκοριστικόν
1450 1711 1519 1766 ab
1557 1709 1925 1779 ’Δλέξανδρος.

2026 522 2407 594 Μητρόδωρος.
2438 521 2500 579 ϐπ
2529 521 2778 595 Fgrntius
2814 520 3038 578 Metras.
3068 524 3284 587 Νικίας.
3311 521 3387 578 M.
3407 524 3606 581 Annius
3665 564 3670 570 .

2029 612 2212 668 Nicia.
2265 614 2481 670 Cluvius
2543 617 2608 670 Α.
2658 615 2722 670 L.
2773 615 2957 672 Nicia.
3006 616 3070 670 A.
3124 616 3374 670 Plautius
3423 613 3605 671 Nicia.

2026 705 2293 776 Νικήτας.
2352 706 2484 761 Aur.
2522 706 2752 762 ~Niceta.
2816 709 3045 777 Ὀνησᾶς
3099 709 3170 763 ab
3228 708 3605 779 Ὀνησίφορος.

2030 795 2095 861 Q.
2127 795 2305 852 Virius
2335 796 2559 853 Onesas.
2590 797 2825 863 Παπίας.
2861 797 2922 852 C.
2950 796 3188 852 Marcius
3221 797 3282 853 C.
3313 796 3381 852 F.
3414 796 3606 867 Papia.

2030 885 2309 943 Munatius
2339 887 2490 957 Papa
2540 891 2634 959 (an
2675 889 3032 960 depravatam
3064 889 3187 944 loco
3228 888 3423 957 Papia,
3466 904 3532 942 an
3578 904 3609 943 a

2029 978 2280 1049 Πάπας).
2329 978 2407 1037 M.
2445 979 2753 1035 Plutius'M.
2790 981 2853 1034 L.
2884 980 3077 1050 Papia.
3118 979 3474 1036 C.‘Purellius
3506 979 3611 1035 Pa-

2028 1071 2139 1139 pia.
2176 1069 2237 1127 L.
2289 1070 2532 1125 Valerius
2566 1070 2759 1141 Papia.
2782 1072 3053 1144 ΔΦιλώτας.
3088 1074 3153 1126 A.
3183 1073 3385 1127 Annius
3423 1071 3609 1126 Philo-

2033 1171 2136 1216 tas.
2166 1162 2330 1225 Φιλᾶς
2359 1177 2389 1215 a
2426 1160 2746 1232 Φιλόδημος.
2789 1161 2866 1216 M.
2913 1161 3150 1227 llirritrs,
3183 1160 3361 1216 Phila.
3393 1159 3609 1222 Φιλέας.

2030 1252 2094 1308 L.
2122 1252 2330 1323 Magius
2353 1251 2591 1308 Phileas.
2620 1255 2840 1317 Φανίας.
2878 1252 3087 1308 Phania
3120 1254 3261 1322 apud
3293 1252 3610 1312 Terentium

2029 1354 2085 1399 et
2100 1345 2421 1400 Ciceronem
2445 1362 2457 1398 :
2481 1343 2567 1399 Fl.
2587 1344 2938 1400 Phaneas.M.
2965 1344 3153 1399 Tillius
3170 1343 3246 1397 M.
3265 1343 3326 1397 L.
3350 1328 3607 1397 Phanias.

2030 1438 2237 1501 Θευδᾶς
2267 1439 2347 1492 vel
2374 1436 2574 1502 Θεοδᾶς
2601 1454 2630 1493 a
2657 1437 2955 1508 Θεόδωρος.
2983 1438 3049 1492 Α.
3084 1436 3360 1493 Fcesonius
3398 1437 3607 1491 Thuda.

2032 1529 2099 1595 ρ.
2156 1528 2403 1582 Veianius
2461 1528 2662 1584 Teucla.
2697 1530 2936 1593 Θεωνᾶς.
2993 1530 3344 1585 Alexandriae
3391 1532 3613 1600 episco-

2030 1636 2174 1692 pus,
2239 1619 2482 1675 Theonas
2544 1623 2688 1690 apud
2755 1621 2814 1676 S.
2877 1620 3102 1676 llieron.
3169 1621 3347 1676 Livius
3402 1622 3610 1677 Theona

2034 1714 2164 1783 Aug.
2186 1712 2248 1768 L.
2273 1722 2328 1767 et
2351 1711 2528 1768 Livius
2563 1712 2776 1768 Theona
2799 1713 2862 1766 ab
2896 1713 3154 1783 Epistulis
3184 1712 3351 1769 Graec.
3379 1713 3607 1777 Ζὰὅδας.

350 1800 416 1866 ρ.
446 1799 785 1855 Hortensius.
828 1800 896 1867 ρ.
930 1798 993 1853 L.
1030 1800 1221 1854 Alexa.
1258 1797 1560 1855 Suarettius
1594 1798 1782 1854 Alexa.
1812 1800 1931 1852 ‘Av-
1964 1799 2004 1852 ll
2035 1802 2306 1858 llierosol.
2343 1804 2662 1874 episcopus,
2706 1801 2918 1858 Zabdas
2958 1801 3015 1856 S.
3045 1802 3270 1857 Hieron.
3322 1815 3373 1859 et
3412 1802 3613 1859 Zabdtu

346 1888 532 1959 δρέας.
582 1886 645 1944 C.
693 1888 973 1955 Quinctius
1028 1887 1262 1942 Andrea.
1303 1888 1574 1951 Ἀπελλᾶς
1626 1886 1927 1958 (Ἀπολλᾶς

349 1980 493 2050 apud
552 1978 920 2046 Athenaeum)
983 1978 1053 2032 ab
1139 1978 1561 2049 Ἀπολλόδωρος.
1629 1976 1691 2034 Τ.
1760 1977 1928 2030 Clau-

349 2070 469 2123 dius
500 2068 705 2135 Apella.
722 2068 1033 2140 Ἀρποκρᾶς
1083 2069 1151 2123 ab
1190 2069 1572 2140 Ἀρποκράτης
1623 2069 1705 2122 vel
1733 2068 1931 2139 Ἀρπο-

347 2154 610 2226 κρατξων.
644 2155 720 2208 Μ.
753 2154 959 2210 Lollius
998 2154 1316 2225 Arphocras.
1355 2156 1417 2211 C.
1448 2157 1746 2212 Herennius
1790 2160 1930 2210 Har-

348 2262 532 2316 pocra.
559 2247 833 2318 Ἀρτεμᾶς
873 2248 942 2301 ab
966 2246 1387 2318 ’Δρτεμίδωρος.
1435 2246 1497 2302 C.
1545 2245 1795 2302 chilius
1834 2247 1931 2298 Ar-

352 2350 535 2394 temas.
568 2338 796 2393 Cecilius
844 2337 1038 2392 Dexter
1060 2339 1371 2394 etArtimas
1425 2339 1642 2409 fratres.
1835 2334 1926 2390 Fl.

350 2431 591 2485 Artema.
612 2431 676 2485 L.
717 2429 974 2485 Laberius
996 2431 1257 2487 Artemas.
1286 2429 1680 2501 Ἀθηναγόρας.
1720 2429 1929 2484 Vircius

350 2524 736 2593 Athenagoras.
773 2523 1044 2587 Κλεόπας,
1073 2525 1131 2579 in
1179 2522 1316 2578 Nov.
1363 2523 1514 2578 Test.
1555 2524 1639 2577 vel
1693 2521 1930 2577 fortasse

352 2616 604 2680 Κλεοπᾶς
622 2630 652 2670 a
675 2615 1048 2686 Κλεόπατρος,
1076 2617 1159 2671 vel
1188 2614 1506 2684 Κλεόφιλος.
1536 2614 1621 2669 Ti.
1644 2613 1929 2682 Cleupltas.

351 2692 607 2770 Κλεινίας
639 2706 721 2760 vel
750 2706 996 2769 Κλινίας.
1040 2706 1177 2762 Juli.
1230 2706 1458 2761 Clinias.
1487 2706 1552 2771 ρ.
1585 2706 1772 2777 Pomp.
1818 2707 1931 2762 Cli-

350 2801 495 2853 nias.
535 2797 800 2867 Κτησίας.
844 2795 923 2851 H.
957 2796 1088 2850 Aur.
1141 2797 1367 2854 Ctesias.
1426 2796 1517 2852 Sic
1558 2796 1732 2852 Dama
1782 2798 1928 2868 apud

350 2886 627 2950 Persium,
662 2887 707 2941 si
735 2884 984 2941 Griecum
1027 2895 1113 2942 est
1150 2901 1181 2941 a
1209 2888 1397 2959 Δαμᾶς
1428 2887 1515 2941 vel
1547 2888 1737 2957 Δημᾶς
1782 2884 1930 2956 quod

350 2990 432 3034 est
499 2979 891 3034 diminutivum
953 2993 984 3032 a
1036 2980 1372 3050 Δημήτριος.
1429 2978 1647 3033 Mettius
1700 2979 1923 3034 Danaas.

363 3072 649 3138 Ἐπαφρᾶς
692 3071 768 3125 ab
822 3071 1230 3142 Ἐπαφρόδιτος.
1272 3071 1336 3127 G.
1376 3072 1602 3127 Aoillius
1656 3071 1924 3142 Epaphra.

355 3162 431 3218 M.
461 3163 737 3219 Cornelius
778 3162 1048 3234 Epaphra.
1081 3162 1141 3220 C.
1171 3162 1387 3218 Curtius
1430 3165 1703 3233 Epaphra.
1737 3163 1797 3220 C.
1830 3162 1932 3217 Ju-

354 3255 458 3308 lius
493 3253 765 3325 Epaphra.
792 3254 858 3310 P.
881 3253 1088 3310 Nonius
1116 3254 1387 3325 Epaphra.
1417 3254 1478 3311 C.
1510 3253 1765 3310 Pricilius
1801 3253 1934 3324 Epa-

258 3387 265 3393 .
354 3347 508 3413 phra.
565 3342 623 3398 S.
681 3341 990 3415 Propertius
1028 3342 1302 3414 Epaphra.
1348 3343 1408 3398 C.
1463 3342 1703 3398 Veiacus.
1751 3343 1815 3399 C.
1865 3343 1929 3400 L.

353 3436 628 3506 Epaphra.
665 3436 729 3490 Et
758 3435 1054 3502 ediverso,
1103 3434 1381 3504 Epaphras
1423 3445 1749 3504 postremum
1793 3451 1935 3505 prte-

351 3532 491 3583 stitit
539 3528 781 3597 ofﬁciunt.
840 3528 1136 3592 Γλαυκίας.
1209 3525 1462 3583 Glaucias
1514 3526 1632 3582 Lib.
1680 3528 1932 3599 Γοργίας.

354 3618 585 3691 Gorgias
616 3618 732 3675 Lib.
765 3616 829 3673 L.
859 3619 1118 3673 Abuccius
1144 3617 1359 3691 Gorgia.
1399 3619 1575 3690 Spon.
1598 3618 1724 3676 288.
1765 3621 1936 3693 Ἡρᾶς

352 3713 424 3787 ab
460 3710 784 3781 Ἡρόδωρος.
844 3708 909 3764 L.
968 3709 1231 3765 Abuccius
1283 3710 1447 3765 Hera.
1514 3708 1591 3764 M.
1650 3710 1934 3766 Petronius

356 3803 551 3859 Heras.
586 3801 648 3855 P.
674 3800 943 3870 Sulpicius
980 3800 1142 3855 Hera.
1173 3801 1239 3856 P.
1280 3800 1524 3858 Valerius
1567 3807 1731 3859 Hera.
1772 3806 1938 3876 Ἠρα-

351 3896 493 3958 κλᾶς
522 3896 592 3948 ab
620 3892 1061 3964 Ἡρακλεόδωρος
1089 3893 1262 3948 Clem.
1293 3893 1552 3951 Stromat.
1586 3912 1635 3950 ν.
1667 3896 1728 3951 L.
1753 3896 1936 3951 xEmi-

353 3991 459 4042 lius
501 3985 751 4040 Heracla.
785 3982 848 4040 C.
893 3974 1099 4039 Annius
1127 3984 1378 4041 Ileracla.
1420 3987 1482 4043 C.
1521 3987 1791 4043 Camelius
1825 3989 1934 4043 lle-

355 4081 527 4135 racla.
558 4078 618 4132 L.
652 4076 869 4132 Clodius
916 4066 1172 4130 Heracla.
1223 4075 1286 4129 L.
1315 4076 1634 4148 Cornificius
1676 4076 1931 4135 Heracla.

342 4174 426 4238 ρ.
458 4169 737 4225 Cornelius
771 4166 1023 4221 Heracla.
1057 4165 1117 4223 L.
1145 4165 1421 4237 Creperius
1456 4171 1709 4224 Heracla.
1749 4170 1808 4224 L.
1848 4170 1935 4223 Li-

355 4265 530 4316 cinius
567 4259 822 4313 Heracla.
855 4257 923 4313 F.
955 4257 1226 4329 Longinus
1265 4261 1517 4314 Heracla.
1551 4258 1612 4316 ϐ.
1652 4262 1933 4316 Stiminius
1974 4316 1978 4321 ,

354 4353 604 4408 Heraela.
638 4350 705 4417 ρ.
753 4350 1014 4405 Petinius.
1065 4350 1132 4416 Ω.
1178 4348 1240 4405 L.
1285 4348 1567 4405 Heraclas.
1611 4350 1819 4424 Ἑρμᾶς
1864 4354 1935 4408 ab

2033 1893 2087 1948 in
2123 1903 2482 1949 monumento
2529 1895 2592 1949 L‘.
2620 1893 2823 1949 Valerii
2862 1913 2875 1948 :
2911 1894 3159 1964 Saufeius
3197 1886 3399 1950 Sabtla;
3433 1897 3614 1964 Ζηνᾶς

2032 1999 2060 2039 a
2097 1985 2430 2056 Ζηνόδωρος.
2468 1984 2532 2040 L.
2568 1983 2893 2054 Calpurnius
2938 1984 3105 2040 Zena.
3161 1987 3453 2041 Enimvero
3496 1988 3612 2055 jam

2032 2078 2345 2147 percontari
2373 2091 2470 2131 eos
2504 2078 2704 2144 velim,
2760 2078 2853 2148 qui
2903 2078 3020 2133 sine
3071 2078 3132 2133 S.
3184 2079 3364 2133 littera
3411 2077 3615 2133 Malela

2032 2166 2418 2235 pronuntiant.
2451 2180 2560 2236 quo
2584 2174 2809 2221 auctore
2840 2165 3141 2221 didicerint
3173 2164 3439 2221 Joannem
3466 2168 3615 2221 hunc

2030 2250 2464 2308 Antiochensem
2500 2253 2780 2322 captivum
2818 2254 2871 2307 in
2912 2253 3123 2308 Italiam
3164 2256 3464 2311 abductum
3496 2272 3615 2313 ser-

2033 2340 2262 2395 vitutem
2287 2341 2363 2396 ibi
2394 2342 2690 2409 serviisse;
2724 2342 2942 2397 tandem
2970 2352 3177 2409 autem,
3222 2353 3413 2415 postea
3447 2363 3612 2417 quam

2032 2432 2340 2487 libertatem
2389 2442 2694 2504 receperat,
2726 2434 2794 2489 ad
2842 2434 3130 2490 historiam
3177 2438 3616 2495 scribendamse

2031 2521 2371 2595 contulisse?
2416 2520 2514 2577 Sin
2550 2532 2766 2591 autem;
2802 2539 2904 2579 cur
2932 2526 3182 2592 obsecro,
3219 2542 3344 2581 cum
3373 2527 3612 2584 Evandri

2031 2620 2210 2668 matre
2240 2620 2294 2669 et
2333 2616 2515 2671 cascis
2566 2615 2675 2671 illis
2718 2616 2908 2671 allium
2938 2617 3324 2686 oholentihus,
3367 2630 3459 2676 aut
3485 2638 3611 2678 cum

2032 2705 2165 2762 faece
2204 2705 2422 2761 Romuli
2465 2707 2617 2777 loqui
2667 2708 2913 2775 malunt;
2963 2724 3125 2779 quam
3163 2726 3289 2766 cum
3322 2714 3610 2781 Cicerone,

2029 2807 2084 2853 et
2117 2799 2276 2855 bonis
2315 2800 2634 2857 auctoribus
2665 2800 3034 2860 Latinitatis?
3073 2802 3204 2859 Mihi
3246 2807 3463 2875 quidem
3503 2825 3612 2864 non

2033 2888 2193 2959 longa
2219 2889 2542 2945 deliberatio
2576 2901 2681 2954 est,
2707 2902 2865 2965 utros
2889 2893 3097 2950 imitari
3134 2897 3317 2953 velim.
3355 2897 3461 2953 Sed
3497 2899 3615 2955 haec

2034 2980 2262 3034 nimium
2296 2980 2530 3038 fortasse
2567 2983 2815 3039 studiose
2851 2992 3015 3056 atque
3063 2989 3226 3043 anxie
3272 3006 3285 3042 :
3328 2990 3435 3044 nisi
3469 2993 3615 3061 quod

2036 3070 2262 3126 omnino
2291 3071 2737 3142 respondendum
2770 3071 2875 3129 luit
2906 3075 2996 3139 iis,
3031 3091 3061 3130 a
3089 3076 3292 3146 quibus
3327 3095 3449 3134 sum
3486 3096 3616 3148 pro-

2037 3169 2287 3217 vocatus.
2338 3160 2626 3233 Siquidcm
2684 3162 2963 3227 Gerardus
3000 3164 3253 3232 Vossius,
3281 3170 3375 3238 qui
3425 3175 3617 3227 nescio

2036 3269 2105 3309 an
2147 3253 2217 3309 ab
2270 3256 2568 3326 interprete
2608 3256 2931 3312 Damasceni
2983 3258 3037 3312 in
3093 3273 3339 3315 errorem
3383 3261 3500 3332 ipse
3534 3264 3619 3317 in-

2037 3345 2233 3401 ductus
2264 3344 2334 3400 sit
2358 3384 2372 3408 ,
2425 3354 2577 3400 certe
2610 3345 2734 3401 aliis
2765 3346 3018 3416 exemplo
3063 3363 3164 3403 suo
3196 3356 3249 3403 et
3294 3352 3619 3409 auctoritate

2036 3438 2182 3492 viam
2218 3436 2285 3491 ad
2322 3436 2657 3505 errationem
2708 3436 2983 3499 munivit,
3022 3452 3131 3491 non
3187 3449 3339 3494 certo
3379 3442 3617 3511 judicio,

2039 3526 2133 3582 sed
2168 3526 2577 3583 inconsiderate
2608 3536 2916 3598 prasterque
2938 3543 3148 3583 morem
3175 3531 3392 3588 videtur
3416 3535 3615 3606 egisse.

2014 3617 2247 3690 'Quippe
2273 3619 2367 3690 qui
2397 3634 2680 3688 nunquam
2710 3619 2846 3674 alias
2867 3618 2981 3693 [84]
3009 3610 3269 3690 abiecerit
3294 3623 3369 3683 S.:
3406 3643 3474 3682 ne
3502 3636 3618 3683 tum

2037 3714 2262 3784 quidem
2293 3728 2417 3768 cum
2456 3722 2718 3768 auctores
2748 3712 2998 3778 haberet,
3025 3728 3164 3782 quos
3198 3716 3300 3770 etsi
3336 3732 3617 3786 perverse,

2039 3804 2233 3860 saltem
2266 3802 2617 3872 aliquatenus
2643 3802 2978 3858 imitaretur.
3006 3803 3158 3875 Apud
3184 3821 3343 3876 quem
3372 3807 3618 3866 Charreas

2038 3904 2262 3950 vocatur
2292 3891 2604 3950 Historicus
2623 3903 2678 3949 et
2710 3895 2941 3959 Clinias,
2962 3893 3210 3968 Marsyas
3232 3899 3624 3960 Macedonica-

2039 4002 2159 4041 rum
2196 4002 2378 4041 rerum
2429 3987 2668 4056 scriptor
2697 3993 2751 4041 et
2790 3985 3176 4056 Delphicarum
3219 3993 3433 4061 Apellae
3464 4012 3482 4048 :
3519 4012 3620 4051 nec

2040 4085 2218 4132 tamen
2246 4073 2464 4132 Cluerea
2502 4087 2557 4130 et
2587 4074 2763 4129 Clinia
2789 4076 2845 4130 in
2876 4078 3184 4146 Cornwdia,
3212 4098 3388 4152 neque
3413 4084 3622 4142 lioratii

2038 4167 2261 4238 Marsya
2310 4175 2364 4222 et
2409 4165 2598 4236 Apella
2653 4167 3064 4223 tenacissimum
3112 4172 3233 4240 ejus
3299 4178 3619 4232 memoriam

2037 4263 2228 4331 fugere
2261 4268 2578 4330 potuerunt.

2107 4352 2349 4407 Tantum
2376 4349 2540 4422 ,‘quod
2585 4351 2701 4406 haec
2753 4351 3113 4422 scripseram,
3146 4352 3278 4409 Milli
3323 4355 3618 4425 jucundis-

367 4444 730 4517 Ἐρμόδῳρος.
793 4441 990 4496 Hcrma
1050 4441 1496 4497 accommodator.
1544 4441 1608 4496 L.
1674 4440 1932 4498 {Emilius
1966 4457 2011 4512 ι)
2040 4447 2225 4501 sime:
2269 4460 2393 4501 cum
2424 4457 2562 4499 ecce
2594 4443 2733 4498 mihi
2792 4460 2933 4500 nova
2969 4462 3056 4502 res
3106 4456 3272 4518 atque
3320 4451 3621 4520 improvisa

360 4540 612 4595 Hermas.
673 4536 739 4591 P.
796 4536 999 4590 Annius
1050 4533 1264 4588 llerma.
1319 4534 1380 4589 C.
1436 4532 1664 4590 Cassius
1716 4535 1934 4590 Henna.

356 4631 635 4688 Cornelius
670 4629 873 4683 llernia
913 4629 1136 4699 (vitiose
1169 4643 1269 4697 pro
1330 4626 1571 4699 llerma).
1608 4624 1687 4682 M.
1736 4628 1936 4684 Junius

360 4722 564 4777 Hernia
611 4721 753 4790 (lege
788 4718 1030 4788 Herma).
1068 4716 1135 4785 Ω.
1175 4715 1379 4772 Lollius
1420 4721 1640 4774 Henna.
1680 4717 1754 4776 Μ.
1792 4718 1934 4790 Mog.

360 4810 579 4866 Herma.
641 4807 889 4864 Octavius
967 4805 1186 4860 Herma.
1249 4806 1307 4860 C.
1368 4805 1648 4872 Quinctius
1712 4808 1933 4868 Henna.

365 4904 428 4958 P.
459 4903 666 4958 Statius
703 4900 928 4956 llerma.
951 4898 1017 4952 P.
1051 4899 1355 4952 Turannius
1385 4899 1606 4955 Herma.
1653 4902 1719 4966 ρ.
1759 4902 1936 4957 Vibius

359 5000 577 5050 Herma.
602 4992 678 5047 Μ.
706 4991 892 5063 Ulpius
912 4991 1049 5064 Aug.
1075 4991 1189 5045 Lib.
1211 4991 1430 5045 Henna.
1457 4990 1570 5065 [83]
1591 4993 1938 5068 Ἑρμαγόρας

362 5084 423 5138 L.
449 5083 691 5139 Mtecius.
730 5081 792 5135 L.
836 5079 901 5135 F.
940 5085 1316 5151 Hermagoras.
1358 5081 1637 5152 Ἑρμείας.
1693 5085 1937 5139 Aurelius

365 5175 610 5232 Hermias
644 5173 779 5244 Aug.
814 5172 927 5229 Lib.
965 5170 1028 5226 Τ.
1071 5172 1256 5225 Didius
1294 5170 1565 5228 Hcrmias.
1603 5172 1682 5228 Μ.
1720 5174 1936 5230 Helvius

363 5264 632 5319 Hermias.
662 5262 723 5317 C.
755 5260 935 5316 Julius
974 5260 1213 5315 Hermia.
1266 5259 1394 5315 Sex.
1461 5260 1763 5330 Pompeius.
1812 5262 1936 5319 Sex.

360 5358 600 5412 Hermia.
641 5355 813 5426 Spun.
872 5355 1012 5419 221,
1067 5353 1171 5423 leg.
1220 5351 1342 5410 Sex.
1400 5353 1463 5409 L.
1520 5354 1651 5410 Her.
1704 5356 1941 5420 Λεοντᾶς

361 5447 598 5503 fortasse
626 5442 1046 5516 ὑποκοριστικδν
1075 5456 1105 5495 a
1140 5442 1410 5508 Λεόντιος.
1452 5443 1514 5497 L.
1546 5444 1734 5498 Arcius
1773 5443 1939 5498 Leon-

363 5548 466 5594 tas.
494 5538 557 5600 (Ζ.
587 5536 765 5591 Julius
792 5534 1041 5590 Leontas.
1073 5532 1152 5588 Μ.
1186 5536 1501 5590 Herennius.
1532 5534 1611 5590 Μ.
1634 5535 1694 5589 L.
1716 5534 1938 5590 Leonta.

363 5631 603 5694 Δεωνᾱς.
638 5630 1018 5682 Artemidorus
1053 5642 1106 5697 p.
1152 5626 1295 5717 249..
1320 5629 1542 5693 Λεωνᾶς
1575 5629 1603 5682 ό
1636 5629 1809 5700 Σύρος
1840 5647 1943 5683 πα-

361 5722 612 5796 λαιοτής.
648 5721 851 5774 Fabius
883 5719 1109 5775 Leonas.
1141 5720 1205 5777 C.
1239 5722 1462 5794 Oppius.
1509 5720 1571 5780 C.
1619 5721 1682 5778 L.
1713 5722 1937 5780 Leonas.

703 5814 969 5877 PATROL.
1008 5815 1122 5877 GR.
1168 5817 1401 5881 XCVII.
1446 5910 1451 5915 _

2041 4540 2347 4606 nuntiatur,
2382 4554 2504 4609 quae
2533 4540 2600 4594 de
2625 4540 2917 4594 sententiae
2945 4555 3035 4595 me
3067 4557 3203 4595 meae
3233 4550 3381 4597 statu
3420 4559 3620 4615 prope-

2040 4631 2265 4689 modum
2315 4631 2538 4701 dejecit.
2578 4624 3047 4700 Enimvero,un
3086 4632 3138 4685 in
3161 4635 3430 4703 superiore
3452 4653 3623 4691 causa

2038 4724 2309 4792 probanda
2350 4732 2618 4793 tantopere
2670 4722 3002 4789 desudarem,
3043 4723 3177 4778 nihil
3214 4725 3409 4799 fuisse;
3441 4746 3622 4799 meque

2041 4818 2097 4870 in
2136 4832 2198 4869 ea
2251 4815 2634 4885 disceptatione
2678 4831 2898 4884 prorsus
2946 4816 3162 4869 ἄσκοπα
3222 4802 3617 4897 τεῖοξευκέναι.
3663 4821 3667 4825 ’

2045 4904 2188 4962 Nam
2227 4912 2364 4974 apud
2411 4904 2821 4963 Constantinum
2848 4917 2897 4962 et
2929 4906 3318 4964 Damascenurn
3373 4909 3467 4963 τοῦ
3502 4912 3622 4965 Μα-
3726 4942 3731 4947 ~

2040 4998 2168 5052 λέλα
2191 5014 2343 5068 posse
2371 5015 2557 5052 nomen
2590 4997 2961 5069 indeclinabile
2983 5014 3096 5051 esse
3119 5014 3136 5051 :
3159 5015 3319 5068 neque
3342 4999 3623 5054 abhorrere

2043 5090 2108 5143 ab
2139 5105 2238 5144 usu
2285 5087 2626 5152 Graecorum,
2668 5098 2723 5143 ut
2763 5091 2977 5143 nomina
3027 5090 3256 5143 barbara
3292 5092 3404 5144 sine.
3449 5094 3631 5145 varia-

2045 5182 2184 5234 tione
2213 5196 2434 5235 casuum
2458 5183 2819 5250 proferantur,
2856 5180 2951 5235 τοῦ
2983 5179 3254 5250 Ἀμμοῦν,
3282 5182 3372 5233 τὸν
3404 5181 3621 5244 Ἀνοὺϐ,

2041 5271 2120 5339 τῷ
2152 5272 2415 5339 Ἀσκοὺμ.
2471 5271 2565 5323 τοῦ
2622 5271 2788 5341 Βλὰχ,
2822 5272 2917 5324 τοῦ
2948 5271 3187 5341 ’Λψκαλη
3218 5280 3352 5337 etc.,
3378 5284 3624 5327 sexcenta

2042 5365 2163 5417 dari
2197 5362 2497 5417 masculina
2538 5363 2594 5415 in
2626 5361 2690 5425 Α,
2710 5371 2765 5414 ut
2799 5365 2827 5415 ὁ
2857 5363 3085 5432 Σισάρα,
3106 5365 3134 5416 ὁ
3158 5363 3326 5427 Σάλα,
3355 5364 3383 5416 ὁ
3407 5366 3572 5427 timui,
3597 5369 3625 5418 ὁ

2044 5447 2179 5501 Σιϐόι
2207 5449 2262 5502 in
2305 5446 2421 5501 Vet.
2456 5446 2602 5504 Test.
2633 5449 2661 5500 ό
2698 5450 2868 5519 Ζαρὰ,
2904 5452 2931 5504 ό
2961 5449 3121 5505 Ἀϐία
3146 5454 3199 5505 in
3236 5450 3385 5506 Nora
3411 5470 3428 5507 :
3459 5452 3626 5521 Syro-

2045 5558 2162 5596 rum
2196 5541 2463 5595 nationem
2498 5539 2734 5612 (Syrum
2766 5552 2942 5596 autent
2985 5560 3100 5598 esse
3145 5545 3281 5599 hunc
3323 5545 3625 5613 .llclalam)

2046 5647 2227 5687 amare
2253 5632 2470 5686 nomina
2500 5630 2552 5684 in
2581 5630 2624 5683 A
2658 5630 2891 5685 litteram
2912 5637 3183 5701 exeuntia,
3210 5635 3453 5703 Marum,
3490 5639 3629 5693 lima

2046 5742 2218 5792 somn,
2274 5733 2324 5780 et
2362 5724 2614 5795 pleraque
2662 5727 2896 5782 omnia:
2949 5729 3024 5783 sic
3076 5739 3125 5787 et
3170 5731 3375 5785 Arabas
3430 5748 3629 5801 (proque

3234 5824 3311 5885 2L3
