4032 6138
421 259 530 325 779
1272 252 1379 313 DE
1420 250 1741 312 JOANNIS
1779 249 2101 309 MALALIE
2128 249 2795 313 CHRONOGRAPHIA
3566 252 3681 316 733

420 364 677 429 Abdalia,
723 362 1012 423 Mashalla.
1071 359 1334 426 Taphala,
1362 367 1413 411 et
1446 356 1494 410 si
1539 373 1644 427 qua
1679 363 1802 411 sunt
1841 356 1952 409 alia
1975 372 1993 409 :

2115 356 2476 427 ττρατηλάτου
2534 355 2826 425 Ῥωμαίων
2850 370 2863 385 ·
2893 363 2947 409 et
2978 351 3106 420 202,
3136 354 3277 409 κατὰ
3315 356 3553 414 Σουνικα
3586 363 3678 416 καὶ

421 474 699 514 occurrere
736 456 957 516 denique
988 452 1128 522 apud
1150 450 1578 507 Cantacnzenum
1608 449 1867 515 Ἰωάννης
1895 449 2001 500 Πε-

2115 447 2289 519 Σίμμα
2311 463 2324 477 ⁸
2356 454 2411 503 οι
2452 449 2572 515 lll,
2605 448 2743 519 μετὰ
2771 446 2865 499 τοῦ
2887 447 3103 518 ἡνιόχου
3137 448 3421 503 Καλλιόπα
3441 466 3456 480 ·
3479 460 3534 506 et
3558 451 3681 521 165,

426 551 617 621 ράλτα,
670 559 717 603 et
772 545 914 616 apud
970 544 1336 611 Theophanem
1387 541 1643 610 Ἰωάννης
1697 542 1725 593 6
1773 539 2002 609 ἐπίκλην

2115 540 2246 610 μετὰ
2297 540 2394 594 τοῦ
2438 540 2717 611 φυλάρχου
2767 539 3003 610 Ἀρὲθασ
3051 541 3211 606 plane
3241 550 3301 594 ut
3347 544 3493 612 apud
3537 544 3686 629 Con-

433 639 699 711 Ἥμοῢλα,
730 636 993 691 Joannem
1047 641 1390 704 cognomento
1422 631 1672 695 Hemula,
1715 632 2004 685 secundum

2115 633 2411 687 stantinum
2443 642 2527 688 est
2560 633 2656 685 τοῦ
2696 631 2930 701 ἐπίκλην
2964 631 3209 686 Μαλέλα.
3246 631 3503 690 Placetne
3546 636 3685 706 jam.

426 729 692 786 Victorem
728 729 1114 782 Tuntmensem.
1154 724 1269 795 Ego
1314 739 1473 789 vero,
1520 739 1839 793 quanquam
1888 722 2005 776 lor-
2105 729 2167 776 ut
2228 721 2497 777 Joannem
2568 724 2747 793 ipsum
2811 723 2973 777 nobis
3030 724 3300 778 arbitrum
3365 726 3689 795 capiamus“!

421 833 573 880 tasse
606 821 983 891 praestabilius
1021 828 1194 883 esset,
1227 826 1286 872 ut
1323 832 1387 872 ex
1421 817 1731 871 amicorum
1767 813 2005 870 consilio
2103 826 2280 881 aequa,
2313 814 2532 882 opinor,
2568 824 2619 867 et
2670 813 2902 868 honesta
2945 813 3246 882 postulatio
3292 822 3399 869 est.
3445 816 3686 870 Sentenc

420 911 847 984 supersederem
881 910 1072 964 labore
1100 908 1500 978 respondendi,
1538 907 1719 961 libera
1759 919 1881 961 esse
1915 904 2008 974 ju-
2107 902 2236 956 tiam
2272 916 2404 956 vero
2438 903 2484 956 is
2512 917 2667 957 suam
2700 903 2941 957 ostendit
2971 919 3023 973 p.
3057 902 3165 956 204
3194 920 3206 954 :
3231 902 3422 967 Ὅστις
3447 904 3685 969 Τζίτας*

422 1004 573 1061 dicia
599 1003 839 1058 sinerem
871 1020 884 1055 :
919 1000 1186 1057 constitui
1223 1008 1406 1055 tamen
1432 999 1701 1053 devorare
1728 1011 1849 1051 eam
1885 1010 2008 1048 mo-

2115 990 2238 1053 203,
2274 991 2537 1054 Σουνίκας
2570 991 2626 1044 δὲ
2664 993 2758 1045 καὶ
2794 991 3047 1061 Σίμμας·
3085 992 3111 1044 l
3124 991 3207 1055 l0,
3255 992 3572 1059 Καλλιόπας
3604 1012 3689 1059 τις

421 1097 683 1162 lestiam;
716 1102 772 1151 et
807 1108 877 1150 eo
898 1094 1118 1165 quidem
1153 1093 1361 1157 animo,
1393 1092 1608 1145 nullum
1642 1096 1703 1144 ut
1725 1096 2007 1144 certamen

2115 1080 2355 1151 ἡνίοχοςο
2401 1079 2522 1146 166,
2559 1080 2791 1155 ’Δρέθας
2838 1099 2925 1146 τις
2975 1085 3003 1134 6
3048 1082 3323 1154 φύλαρχος
3376 1086 3470 1138 καὶ
3523 1085 3689 1138 Γνού-

425 1186 735 1247 instituam,
777 1199 958 1253 neque
988 1184 1135 1239 enim
1162 1189 1469 1251 temperate
1506 1179 1720 1233 calamo
1745 1193 1836 1232 res
1874 1191 2008 1246 περ·
2109 1189 2235 1242 φας.
2268 1172 2332 1225 Et
2364 1173 2545 1227 adhuc
2575 1173 2847 1239 dubitent,
2898 1176 2943 1228 si
2976 1187 3234 1245 possunt,
3290 1185 3551 1231 utrumne
3596 1178 3691 1248 qui

424 1286 546 1342 tur;
604 1275 701 1331 sed
755 1284 817 1329 ut
855 1273 1025 1329 semel
1070 1270 1361 1340 defungar,
1418 1284 1520 1324 nec
1574 1266 1807 1321 tacendo
1859 1281 2011 1319 com-
2110 1262 2227 1316 haec
2263 1261 2376 1334 [86]
2427 1264 2733 1333 scripserit,
2796 1264 2906 1317 ullo
2945 1264 3106 1318 modo
3152 1277 3237 1319 est
3277 1275 3336 1319 ut
3386 1267 3416 1318 6
3465 1265 3692 1322 Μαλέλα

422 1369 679 1432 mittam',
736 1372 795 1420 ut
847 1342 1058 1419 odiosae
1106 1362 1244 1417 mihi
1299 1362 1367 1416 de
1428 1361 1556 1415 lana
1598 1358 1826 1430 caprina
1883 1357 2010 1411 lites
2113 1367 2345 1409 vocatus
2374 1354 2559 1408 fuerit.
2592 1351 2715 1407 Jam
2743 1355 2953 1425 Σισάρα
2978 1364 3035 1408 et
3077 1356 3223 1409 Φουὰ
3246 1371 3412 1425 quam
3444 1357 3606 1412 inviti
3638 1368 3694 1414 et

423 1468 790 1517 succrescant
824 1456 880 1510 in
909 1466 1218 1526 posterum.
1261 1450 1397 1507 Dico
1428 1453 1615 1520 itaque
1660 1465 1838 1520 neque
1887 1464 2012 1504 csse
2111 1457 2439 1502 recusantes
2482 1449 2536 1501 in
2588 1457 2971 1517 argumentum
3012 1448 3331 1503 ducuntur!
3366 1448 3537 1505 Recte
3562 1452 3698 1521 qui-

437 1553 599 1615 illud,
628 1551 697 1605 de
726 1565 838 1621 quo
885 1548 992 1601 viri
1059 1546 1204 1602 docti
1241 1552 1584 1605 asseverant,
1617 1558 1794 1612 neque
1824 1555 2009 1612 posse.
2112 1535 2236 1589 dent
2271 1536 2473 1590 factum
2508 1552 2536 1589 a
2568 1534 2756 1591 LXXII
2791 1538 2955 1603 viris;
2995 1539 3145 1608 quod
3173 1553 3299 1593 cum
3336 1550 3558 1596 vetusta
3604 1542 3696 1598 illa

417 1642 564 1698 ‘Nam
602 1657 732 1697 ecce
800 1640 900 1695 tibi
943 1637 1187 1693 Joannes
1235 1633 1483 1695 Tzelzes,
1527 1635 1619 1704 qui
1667 1648 1790 1687 cum
1842 1633 2012 1684 Ἰωνιο
2113 1635 2168 1681 οι
2218 1626 2425 1698 Ogygia
2485 1632 2707 1683 nomina
2778 1630 2979 1685 litteris
3056 1629 3265 1686 Graecis
3318 1634 3693 1699 mandarent,

420 1730 702 1802 ικωτὲρως
758 1745 875 1793 πως
946 1726 1237 1797 protulerit
1285 1722 1558 1792 ΙιΙελέλης,
1605 1729 1753 1777 certe
1811 1735 2010 1775 secun-

2115 1721 2182 1774 ad
2235 1722 2504 1791 syllabam
2560 1723 2628 1776 de
2669 1737 2929 1777 sermone
2975 1722 3230 1777 barbaro‘
3270 1733 3694 1794 expresserunt.

431 1821 564 1876 dum
630 1835 717 1874 me
776 1818 1063 1889 iudicasse
1119 1815 1396 1871 videatur.
1439 1813 1658 1881 ,Crebro
1718 1812 1865 1866 enim
1936 1825 2012 1864 ea:
2113 1811 2248 1866 Nam
2296 1814 2389 1882 qui
2431 1813 2595 1868 annis
2627 1822 2755 1869 ante
2776 1815 3064 1884 permultis
3084 1814 3457 1871 excesserant
3491 1832 3524 1872 e
3555 1819 3693 1884 vita,

432 1910 659 1982 syllabae
700 1917 1086 1980 permutantur
1121 1907 1268 1961 inter
1296 1920 1376 1969 se,
1411 1903 1679 1965 Λεωνίδας
1712 1901 2010 1970 Λεωνίδης,
2104 1904 2284 1966 nulla,
2312 1904 2498 1970 credo,
2534 1905 2602 1959 iis
2630 1905 2815 1960 futura
2850 1915 2971 1961 erat
2999 1907 3352 1963 consuetudo
3379 1922 3506 1963 cum
3538 1909 3694 1966 Grae-

428 2003 654 2073 ἹΕρμᾶς
678 2001 924 2072 ⁷¹Ερμῆς,
962 1998 1230 2062 Ἀπελλᾶς
1272 1995 1559 2067 Ἀπελλῆς,
1594 1992 1845 2055 Μαλέλας
1889 1991 2013 2045 Μα-

2115 1992 2217 2048 eis.
2248 1992 2404 2059 Quod
2436 1994 2481 2048 si
2522 1995 2616 2049 alii
2645 1996 2921 2065 juniores.
2971 1996 3174 2064 quibus
3215 1997 3407 2051 eadem
3445 2014 3569 2066 qua
3602 2014 3696 2053 ve-

429 2092 616 2164 λέλης.
668 2090 873 2158 Eodem
939 2088 1175 2151 accedit.
1214 2087 1360 2159 quod
1413 2086 1469 2140 in
1511 2085 1720 2156 syllaba
1767 2082 2012 2139 secunda
2114 2083 2320 2139 teribus
2373 2085 2484 2141 illis
2541 2086 2792 2151 nomina,
2825 2102 2984 2142 usum
3016 2096 3072 2143 et
3117 2089 3516 2144 commercium
3564 2105 3694 2145 cum

432 2184 705 2239 statuitur
744 2193 1027 2245 accentus,
1059 2179 1156 2234 τοῦ
1180 2179 1406 2234 Μαλέλα
1436 2187 1698 2248 tanquam
1731 2177 1800 2231 ab
1836 2176 1864 2229 6
1892 2177 2012 2229 Μα-
2110 2173 2319 2230 61-ωοὶξ
2352 2175 2683 2241 habuerunt,
2739 2179 2860 2234 Sine
2903 2179 3072 2234 dubio
3112 2194 3304 2235 eorum
3345 2181 3567 2235 nomina
3599 2180 3699 2236 de-

433 2275 594 2336 λὲλας
634 2290 745 2330 non
775 2272 996 2328 Μάλελα
1037 2286 1217 2341 neque
1270 2268 1520 2336 Μαλελὰ,
1567 2275 1627 2323 ιιι
1682 2267 2009 2337 plerumque

2115 2267 2316 2321 clinata
2373 2277 2503 2322 sunt
2557 2269 2623 2324 ad
2688 2285 2943 2325 normam
3016 2270 3190 2327 Graeci
3251 2271 3552 2328 sermonis.
3601 2271 3698 2328 Sic

429 2365 640 2422 assolet
674 2365 732 2419 in
784 2360 1072 2431 vocabulis
1115 2359 1429 2431 peregrinis
1459 2355 1596 2431 [85].
1633 2354 1836 2411 Verum
1874 2353 2010 2409 illud

429 2460 490 2513 in
533 2455 728 2528 primis
781 2462 869 2511 est
927 2452 1294 2509 admiratione
1339 2449 1604 2520 dignum,
1642 2448 1789 2518 quod
1841 2455 1901 2501 ut
1944 2446 2013 2501 de

423 2548 627 2602 Graeco
674 2545 899 2600 nomine
931 2542 1178 2613 cognitio
1225 2541 1518 2603 habeatur,
1569 2539 1656 2591 tn’
1688 2536 2015 2607 ἀλλοθρόους

436 2637 759 2710 ἀνθρώπους
812 2643 867 2689 et
923 2636 990 2687 ad
1049 2630 1324 2686 Barbarus
1378 2629 1632 2683 nationes
1685 2634 2010 2698 provocant.

438 2727 721 2798 Siquidem
773 2739 838 2779 ex
894 2723 1220 2777 Hunnorum
1276 2726 1438 2790 gente
1490 2726 1623 2774 sunt
1671 2717 1918 2787 Ἀσκοὺμ
1961 2726 2016 2771 et

436 2818 606 2887 Βλάχ,
632 2816 698 2873 de
726 2814 928 2884 quibus
955 2811 1078 2867 vide
1107 2812 1287 2883 ipsum
1317 2807 1565 2863 Malalam
1594 2823 1649 2877 p.
1677 2804 1779 2861 159
1810 2814 1862 2860 et
1890 2805 2011 2860 ΠΟ.

434 2911 645 2966 Verum
676 2923 774 2978 age
796 2904 1243 2977 quandoquidem
1271 2902 1354 2957 sic
1377 2901 1462 2971 agi
1497 2900 1695 2968 placet,
1718 2899 1854 2953 cedo
1877 2914 2014 2966 quos

2113 2358 2132 2412 l
2169 2358 2405 2431 Paralip.
2435 2375 2556 2431 cap.
2589 2372 2814 2431 V_lll,esl.
2847 2363 3340 2433 quidam.’Avavt¢,
3374 2373 3432 2420 et
3459 2381 3581 2433 cap.
3619 2381 3693 2420 xu

2114 2450 2338 2521 Βερχια,
2373 2453 2478 2520 vel,
2510 2460 2570 2506 ut
2618 2452 2671 2507 in
2706 2469 2812 2511 ms.
2847 2456 3018 2526 lteglo
3053 2464 3157 2519 est,
3188 2456 3458 2527 Βαραχια.
3485 2457 3690 2512 Eadem

2113 2551 2416 2597 occurrunt
2479 2544 2707 2598 nomina
2758 2545 2814 2599 in
2865 2545 3015 2602 Test.
3069 2546 3225 2601 Novo
3288 2547 3486 2619 (Syrus
3540 2549 3689 2602 enim

2116 2633 2388 2704 interpres
2415 2644 2468 2690 et
2505 2636 2595 2689 hic
2639 2643 2694 2690 et
2730 2635 2845 2690 illic
2877 2635 3186 2703 Hhananio,
3234 2637 3483 2708 Brachia)
3512 2656 3527 2692 ε
3561 2654 3693 2693 cum

2115 2724 2303 2779 Gra=ca
2358 2732 2541 2779 tamen
2593 2727 3006 2791 terminatione,
3057 2729 3342 2794 Ἀνανίας,
3391 2730 3690 2800 Βαραχίας.

2117 2815 2386 2871 Similiter
2418 2817 2631 2886 antiqui
2673 2818 2752 2871 illi
2802 2817 3023 2884 Ἰακὼϐ,
3081 2819 3303 2892 Ἰωσὴφ,
3346 2822 3519 2875 Σαοὺλ
3565 2837 3693 2891 per-

2118 2914 2285 2975 petuo
2314 2907 2676 2960 nominantur
2700 2925 2714 2961 :
2738 2908 2994 2976 juniores
3024 2923 3174 2972 vero,
3206 2910 3301 2978 qui
3328 2925 3452 2964 cum
3486 2908 3695 2965 Graecis

436 3002 623 3057 volent
661 3001 925 3053 arbitros.
948 2994 1252 3050 ’Stabimus
1289 2992 1456 3046 etiam
1496 2989 1825 3044 llunnorum
1860 2988 2013 3057 judi-

2122 3013 2231 3051 rem
2269 2999 2599 3064 habuerunt,
2649 2999 2927 3062 Ἰάκωϐος,
2963 2998 3259 3069 Ἰώσηπος,
3315 3000 3539 3064 Σαῦλος.
3573 3003 3696 3067 Quo

430 3091 567 3147 cio:
606 3103 786 3159 neque
824 3084 1075 3141 homines
1112 3081 1332 3153 plebeii,
1366 3079 1461 3135 sed
1499 3095 1658 3150 reges
1709 3087 1763 3132 et
1790 3078 2014 3147 regibus

433 3177 676 3250 proximi
704 3171 1172 3246 pronuntiabunt.
1205 3168 1386 3225 Verba
1420 3179 1554 3225 sunt
1587 3166 1795 3222 Malala:
1820 3183 1875 3237 p.
1903 3166 1972 3221 59
1998 3184 2013 3222 :

439 3272 551 3325 Καὶ
579 3268 809 3341 ἤνεγκεν
836 3264 953 3336 ἅμα
979 3261 1148 3317 αὐτοῦ
1194 3261 1337 3316 κατὰ
1371 3260 1611 3314 ’Δττιλᾶ.
1647 3257 1884 3313 Maxime
1930 3272 2019 3312 re-

438 3378 592 3434 gum,
625 3361 768 3416 bona
802 3350 895 3412 tua
917 3356 1074 3413 venia
1095 3354 1332 3410 libenter
1362 3353 1694 3425 rogaverim,
1716 3351 1808 3423 qui
1829 3348 2018 3406 Graece

439 3453 661 3510 vocaris
690 3466 825 3507 casu
868 3456 1046 3504 recto.
1088 3446 1200 3502 Cur
1254 3452 1436 3500 autem
1494 3454 1763 3514 occupato
1795 3441 2017 3499 molesti

442 3545 678 3605 sumus?
722 3540 1099 3612 ReSpondebit
1129 3554 1227 3610 pro
1254 3553 1319 3593 eo
1346 3536 1574 3591 Malalas
1601 3536 1803 3591 ibidem
1832 3553 1846 3589 :
1893 3536 2017 3589 Ὠσ-

440 3642 622 3703 αύτως
657 3636 714 3691 δὲ
749 3635 844 3690 καὶ
870 3631 1120 3694 emta;
1167 3627 1513 3699 ἐτελεύτησε.
1549 3627 1641 3681 Sic
1678 3642 1871 3683 omnes
1907 3641 2018 3681 uno

441 3746 563 3786 ore.
595 3726 752 3798 Apud
783 3726 1032 3780 Priscum
1062 3720 1333 3777 Thracem
1364 3721 1420 3776 in
1456 3719 1826 3774 Collectaneis
1876 3718 2019 3773 Con-

442 3821 679 3881 stantini
718 3816 1221 3888 Porpbyrogeniti;
1271 3812 1635 3883 corrigendus
1666 3809 1844 3865 obiter
1895 3809 2020 3864 Sui-

441 3916 567 3977 das,
621 3912 717 3983 qui
778 3911 1018 3981 Πρίσκος
1066 3908 1143 3961 ait
1189 3905 1429 3977 Πανίτης
1480 3903 1721 3975 ἔγραψεν
1776 3902 2018 3973 ἱστορίαν

441 4004 784 4076 Βυζαντικὴν
818 4003 912 4057 καὶ
939 4000 1084 4057 κατὰ
1114 3999 1399 4061 Ἀτταλον,
1421 3997 1543 4068 lege
1571 3995 1715 4050 haud
1748 4002 2017 4049 cunctan-

441 4108 545 4164 ter,
578 4093 956 4165 Βυζαντιακὴν
988 4093 1084 4147 καὶ
1133 4092 1274 4146 κατὰ
1304 4089 1571 4160 Ἀττήλαν
1615 4087 1699 4142 vel
1744 4085 2013 4156 ’Λττὴλα·

440 4190 582 4261 apud
632 4188 905 4251 Priscum,
948 4186 1196 4255 inquam,
1235 4182 1529 4253 aliquoties
1564 4181 1717 4250 legas
1749 4178 2017 4249 Ἀτπῄλας

439 4286 529 4337 καὶ
566 4282 795 4351 Βλήδας.
827 4278 878 4334 Is
901 4278 1082 4331 Attilae
1110 4276 1284 4331 frater
1319 4281 1459 4339 erat,
1488 4288 1517 4327 a
1543 4270 1830 4326 Jornande
1857 4270 2014 4325 Bleta

2117 3090 2367 3158 exemplo
2400 3090 2561 3144 etiam
2608 3091 2846 3161 Σισάρας
2875 3100 2930 3146 et
2978 3091 3157 3155 Σάλας
3207 3102 3263 3147 et
3291 3093 3471 3157 Φούας
3504 3101 3695 3148 essent

2117 3180 2287 3247 dicti;
2338 3181 2385 3236 si
2439 3182 2745 3236 Arnim-hia:
2791 3184 3058 3237 vixissent
3101 3185 3182 3238 vel
3231 3183 3283 3236 in
3329 3185 3438 3238 alia
3498 3188 3695 3255 quavis

2116 3269 2342 3324 civitate
2370 3268 2583 3334 Gra’ca,
2619 3278 2674 3324 et
2723 3272 3043 3325 memoriam
3086 3287 3268 3325 rerum
3301 3281 3580 3341 gestarum
3609 3275 3681 3328 lit-

2117 3363 2252 3418 teris
2277 3363 2726 3433 consignassent.
2770 3363 2960 3432 Neque
2986 3377 3117 3418 vero
3159 3362 3374 3417 inﬁciur
3405 3363 3690 3435 Syrorum,

2119 3464 2284 3525 atque
2310 3456 2549 3509 Arabum
2579 3457 2801 3512 nomina
2836 3457 3154 3526 frequenter
3184 3459 3238 3509 in
3269 3456 3312 3509 A
3354 3456 3541 3509 littera
3581 3464 3690 3511 ter-

2119 3547 2317 3601 minari
2352 3564 2367 3601 :
2412 3557 2685 3602 servatam
2717 3562 2837 3602 esse
2870 3563 2898 3601 ιι
2950 3547 3158 3602 (ἐι-κοῖς
3192 3562 3311 3602 eam
3349 3547 3690 3601 terminatio-

2068 3670 2076 3679 -
2119 3652 2244 3692 nem
2272 3653 2531 3707 pernego.
2573 3638 2822 3701 Abdalla,
2854 3636 3114 3700 Masalla,
3152 3635 3412 3706 Taphala.
3454 3636 3531 3690 Ita
3563 3637 3685 3706 qui-

2117 3730 2243 3785 dem
2277 3730 2512 3784 Arabes.
2535 3727 2823 3795 Quomodo
2850 3737 3033 3799 autem
3065 3728 3280 3782 Graeci?
3305 3726 3693 3797 Theophanes.

2118 3837 2176 3892 p.
2205 3821 2312 3876 294
2338 3841 2352 3875 :
2395 3820 2657 3891 Μουαμὲδ
2686 3822 2714 3872 ὁ
2752 3819 2847 3873 τοῦ
2878 3819 3125 3873 Ἀϐδελᾶ.
3162 3818 3307 3871 Perii
3338 3820 3614 3887 equidem.
3642 3822 3696 3872 in

2117 3913 2163 3967 A
2212 3914 2314 3967 hoc
2339 3914 2475 3978 exit,
2526 3920 2582 3966 et
2635 3921 2828 3966 contra
2871 3926 2958 3966 me
2992 3911 3142 3964 facit.
3194 3908 3303 3963 Sed
3341 3912 3471 3964 nolo
3517 3928 3612 3964 eus
3641 3913 3695 3964 in

2128 4001 2379 4056 laetitiam
2434 4000 2643 4055 frustra
2684 4000 2976 4068 conjicere.
3011 3998 3147 4052 Illud
3188 3999 3333 4052 enim
3386 3988 3697 4067 perincom.

2121 4093 2283 4147 mode
2323 4093 2620 4146 intervenit.
2677 4092 2878 4147 ibidem
2933 4093 2962 4144 6
2994 4090 3253 4155 Ἀϐδελᾶς
3300 4094 3437 4160 υἱός,
3461 4105 3517 4149 et
3552 4097 3692 4165 apud

2118 4183 2387 4237 Zonaram
2428 4184 2735 4253 Μασάλμας
2763 4186 2792 4237 6
2817 4183 2924 4237 τῶν
2955 4182 3206 4254 ’Δρᾶϐων
3251 4186 3518 4256 ἀρχηγός,
3551 4187 3691 4256 apud

2121 4273 2374 4329 Malalam
2433 4276 2697 4344 Ταφαρᾶς
2749 4277 2777 4328 6
2831 4274 3125 4346 φύλαρχος.
3173 4274 3379 4329 Eadem
3438 4279 3572 4331 mihi
3628 4279 3681 4331 dt

438 4374 644 4437 dictus,
679 4384 709 4422 a
743 4367 1018 4437 Prospero
1050 4366 1346 4436 depravate
1376 4364 1564 4428 Bleba,
1602 4378 1633 4416 a
1675 4361 2013 4432 TheOphane
2044 4358 2088 4414 D
2119 4362 2363 4436 Syriacis
2388 4365 2702 4420 nominibus
2733 4366 3006 4420 sententia
3036 4374 3142 4420 est.
3174 4364 3518 4437 Porphyrius
3551 4370 3693 4438 apud

438 4463 638 4524 Βδέλας
658 4476 672 4490 ·
707 4457 977 4521 Ἀττιλᾶς,
1001 4457 1204 4527 inquit,
1240 4453 1552 4525 Ὀμνουδῐου
1580 4456 1708 4516 παῖς
1733 4447 2021 4506 ἀποϐαλὼν

438 4554 643 4609 Βδέλαν
671 4552 763 4606 τὸν
792 4548 1166 4621 πρεσϐύτερον
1192 4547 1445 4616 ἀδελφόν.
1475 4546 1715 4603 Verbum
1758 4545 1895 4601 illud
1934 4545 2020 4601 di-

438 4647 662 4701 viduum
680 4643 888 4706 -l‘acito,
921 4653 978 4697 et
1006 4641 1193 4708 scribe
1218 4641 1246 4692 6
1301 4638 1571 4693 Μνουδίου
1620 4639 1747 4703 παῖς
1775 4637 1861 4692 vel
1900 4635 2016 4691 ior-

370 4788 375 4793 .
439 4746 588 4791 tasse
650 4732 973 4798 Μουνδζίου.
1030 4728 1340 4786 Jornandes
1389 4728 1549 4783 ‘enim
1616 4727 2014 4784 Mundzuccuin

440 4827 711 4891 nominat,
750 4834 805 4882 et
832 4824 1155 4896 Sigebcrtus
1194 4820 1528 4884 Mundzucli,
1556 4835 1844 4891 perperam
1884 4834 2016 4876 vero

439 4917 782 4988 Nicephorns
828 4914 1094 4972 Callistus
1150 4911 1471 4983 Νουμὶδιον.
1511 4910 1655 4977 Quid
1705 4910 1888 4964 Attilae
1918 4925 2016 4980 pa-

438 5019 623 5074 truus,
669 5008 833 5063 Ῥούα
880 5023 950 5063 ne
1006 5005 1336 5063 declinabile
1383 5019 1452 5060 an
1492 5002 1719 5067 Ῥούαςῖ
1775 5001 1851 5056 De
1912 5002 2017 5058 hoc

419 5106 645 5154 statuet
677 5097 822 5153 idem
864 5097 953 5152 ille
992 5095 1257 5161 Priscus;
1284 5095 1442 5164 cujus
1467 5092 1634 5148 verba
1665 5100 1814 5157 sunt,
1853 5090 2016 5145 Ῥούα

438 5188 818 5261 βασιλεύοντος
847 5188 956 5241 τῶν
987 5186 1204 5241 Οὖννων
1239 5191 1294 5239 et
1340 5183 1492 5256 παρὰ
1520 5182 1612 5237 τὸν
1669 5180 1865 5236 Ῥούαν
1906 5182 2014 5250 ἀφ-

437 5280 725 5336 ικνεῖσθαι.
759 5281 840 5335 lta
875 5270 1056 5343 Βάλας
1099 5277 1208 5333 dux
1245 5276 1573 5331 Hunnorum
1625 5271 2014 5343 apud-Proco-

435 5370 613 5441 pium,
645 5369 1017 5426 Vaudalorum
1054 5370 1362 5442 ’Λμμὰτας,
1395 5367 1723 5422 Gotthorum
1758 5365 2015 5436 Γρίππας

436 5469 491 5513 et
544 5461 772 5529 Βέσσας,
826 5472 881 5517 et
917 5462 1143 5534 Μόρῤας
1173 5469 1225 5514 et
1262 5457 1535 5531 Μαρκίας,
1578 5466 1635 5512 et
1676 5454 1927 5516 ’Δλϐξλας
1959 5461 2014 5508 et

437 5549 759 5619 Οὐσδρίλας.
795 5552 938 5606 Eant
990 5569 1139 5607 nunc
1168 5561 1222 5607 et
1281 5550 1352 5605 ab
1394 5548 1609 5603 Hunnis
1657 5548 1863 5603 malum
1907 5544 2011 5600 sibi

439 5638 789 5723 meudicent.
814 5643 970 5709 Apud
1001 5641 1253 5696 Malalam
1285 5640 1497 5710 reperio
1534 5656 1589 5710 p.
1620 5636 1762 5692 21οε
1805 5635 2011 5702 Τζίττα

2117 4454 2414 4510 Eusebium
2458 4454 2720 4526 Scaligeri
2752 4474 2765 4510 :
2802 4457 3139 4526 Πτολεμαῖος
3169 4458 3228 4511 δὲ
3281 4458 3691 4530 ἀγανακτήσας,

2118 4548 2200 4601 ὅτι
2229 4545 2305 4617 τῷ
2330 4547 2620 4618 Πηλουσίῳ
2653 4546 2988 4621 προσέϐαλεν
3019 4551 3049 4602 6
3091 4550 3424 4622 Δημήτριος,
3460 4552 3557 4606 ἅτε
3589 4554 3695 4607 τῶν

2120 4640 2245 4692 κατ’
2276 4637 2554 4706 Αἴγυπτον
2594 4640 2940 4710 πραγμάτων
2970 4640 3253 4711 ἐχόμενος,
3288 4641 3501 4711 πέμπει
3544 4644 3692 4714 βασι-

2117 4729 2215 4783 λέα
2244 4730 2342 4799 τῆς
2370 4728 2558 4793 Ἀσίας
2580 4729 2955 4800 Ἀλέξανδρον,
2987 4732 3064 4795 ὡς
3091 4732 3204 4785 υἱὸν
3238 4732 3615 4805 Ἀλεξάνδρου,
3637 4735 3692 4797 ὃς

2116 4820 2203 4873 διὰ
2232 4821 2294 4873 τὸ
2328 4820 2404 4884 ὡς
2433 4820 2742 4891 ἀγοραστὸς
2771 4816 2912 4873 εἶναι
2954 4818 3051 4873 τοῦ
3092 4820 3432 4892 Πτολεμαίου
3461 4824 3695 4889 Σαϐινᾶς

2117 4911 2396 4981 ἐπεκλήθη
2436 4911 2571 4982 πρὸς
2600 4910 2709 4963 τῶν
2753 4909 2961 4981 Σύρων,
2992 4918 3046 4965 et
3085 4909 3404 4981 Iosephus:
3445 4914 3694 4980 Ἀλέξαν-

2116 5003 2239 5075 δρον
2267 5004 2358 5057 τὸν
2404 5004 2631 5059 Ζεϐινᾶν
2674 5002 3176 5073 ὲπιλεγόμενον.Ει
3227 5004 3424 5058 eodem
3472 5007 3693 5061 nomine

2116 5095 2514 5151 Antiochensis
2544 5098 2840 5165 episcopus
2874 5094 3097 5158 Ζεϐἶνος
3137 5093 3470 5164 Nicephoro,
3504 5095 3693 5150 Ζέϐεν-

2116 5200 2206 5246 νος
2232 5180 2502 5238 Zebeunus
2528 5182 2766 5240 Eusebio
2797 5192 2851 5239 et
2875 5183 3216 5255 Hieronymo
3247 5194 3499 5240 vocatur.
3526 5185 3689 5256 Atqui
3732 5225 3738 5230 .

2117 5274 2438 5346 ἀγοραστός,
2457 5283 2683 5345 emptus,
2717 5273 2944 5346 Syriace
2964 5283 3049 5330 est
3068 5273 3238 5329 Zbino
3265 5276 3348 5329 vel
3378 5273 3571 5329 Zbina.
3618 5275 3689 5329 Ita

2115 5344 2308 5421 Griece
2339 5344 2550 5422 dixeris
2592 5366 2731 5440 [87],
2764 5344 3029 5438 *Ἰωάννης
3058 5370 3087 5420 6
3134 5367 3467 5438 Ἀντιοχεὺς,
3511 5367 3571 5430 ὃς
3609 5362 3695 5420 διὰ

2114 5459 2175 5512 τὸ
2213 5458 2499 5529 φιλολόγος
2523 5455 2671 5513 εἶναι
2689 5458 2946 5522 Μαλὲλας
2980 5458 3259 5530 ἐπεκλήθη
3288 5458 3428 5525 πρὸς
3456 5457 3566 5512 τῶν
3597 5457 3691 5512 Σύο

2120 5564 2245 5616 ρων,
2300 5549 2402 5614 vel,
2448 5557 2506 5603 ιιι
2566 5550 2798 5620 propius
2855 5547 3123 5619 Syrorum
3178 5549 3687 5619 pronuntiationem

2116 5639 2473 5712 subsequitur
2534 5638 2908 5697 Damascenus
2966 5641 3082 5710 ipse
3146 5639 3354 5707 Syrus,
3407 5636 3688 5699 Μαλάλας-
