4032 6138
346 300 353 309 ⁸
402 294 504 362 781

1497 292 1863 354 EPISTOLA
1894 292 2100 354 RICII.
2129 292 2521 353 BENTLEII.

3549 296 3658 357 78?.

404 407 541 463 Nam
573 402 777 470 Haloti)
815 403 901 458 vel
954 400 1160 458 Natale
1199 407 1285 457 est
1328 409 1539 467 orator,
1583 403 1869 473 eloquens,
1910 406 1985 459 lo-
2013 411 2058 467 Α
2084 404 2194 475 ψας
2219 414 2273 459 et
2320 403 2541 473 Βάρκας
2576 408 2704 479 sunt
2745 400 2901 465 dicti,
2933 401 3087 463 quia
3120 399 3332 455 Latinis
3354 400 3516 468 Juba,
3563 407 3661 462 Mi.

378 509 575 570 ‘quax.
609 497 728 550 Non
772 492 989 548 difﬁcile
1017 500 1103 548 est
1146 492 1467 563 conjectura
1515 495 1759 564 assequi,
1803 504 1980 549 utram

403 591 478 645 ob
509 602 738 643 causam
766 592 1136 656 cognomento
1171 585 1265 639 illo
1296 592 1493 641 auctus
1522 584 1686 641 fuerit
1713 585 1979 652 Joannes,

405 678 602 734 Λαλείν
628 678 872 748 ἄριστος.
909 674 1320 739 ἀδυνατώτατος
1348 675 1551 744 λέγειν.
1590 676 1711 747 ipse
1741 678 1984 748 Porphy-

407 770 525 824 rius
557 784 585 821 a
612 765 970 837 papularibus
1015 765 1132 819 suis
1171 765 1325 836 Syris
1360 765 1574 820 Malcho
1621 768 1735 821 sive
1766 765 1984 820 ΜαιοΙια

406 854 970 914 vocabaturzGraece
998 871 1129 909 vero
1177 871 1284 910 non
1324 857 1543 926 Μάλχα,
1591 858 1689 911 sed
1736 858 1980 926 Μάλχος.

405 947 484 1003 Ita
515 948 684 1017 Cipha
715 963 908 1003 saxum
942 949 1160 1019 Κηερᾶς,
1206 946 1407 1002 Thoma
1445 950 1715 1018 gemellus
1758 950 1979 1017 Θωμᾶς,

405 1049 461 1094 et
482 1042 529 1099 si
555 1055 666 1110 qua
693 1049 824 1096 sunt
852 1041 982 1093 alia.
1005 1039 1131 1093 Mal.
1154 1056 1209 1107 p.
1237 1040 1328 1095 41.
1353 1039 1624 1111 Ἀντίοχον
1640 1042 1732 1095 τὸν
1756 1041 1983 1113 ἐπίκλην

405 1132 687 1197 Χούζωνα.
719 1131 916 1187 Mirum
965 1133 1019 1185 ni
1071 1147 1137 1186 ex
1187 1130 1404 1186 illorum
1447 1133 1720 1186 sententia
1773 1147 1982 1203 cogno-

407 1236 652 1279 mentum
708 1223 963 1278 Antiochi
1017 1221 1120 1276 fuit
1179 1221 1437 1279 Chuzona
1487 1238 1619 1278 casu
1680 1234 1870 1287 recto,
1926 1233 1985 1278 ut

408 1312 618 1368 Halala
645 1329 665 1366 :
705 1329 832 1369 cum
879 1314 1045 1368 ambo
1072 1315 1185 1369 sint
1215 1313 1638 1370 Antiochenses.
1665 1313 1805 1380 Quid
1852 1331 1983 1385 ergo

408 1407 513 1462 sibi
544 1406 738 1459 volunt
769 1406 874 1458 ista
905 1421 959 1474 ι).
1009 1405 1098 1459 63.
1142 1405 1418 1476 Ἀντίοχον
1457 1405 1549 1459 τὸν
1577 1408 1840 1470 Χούζωνα
1892 1407 1982 1460 τὸν

408 1496 634 1565 ἔγγονον
681 1497 958 1565 Ἀντιόχου
993 1496 1087 1553 τοῦ
1122 1495 1449 1561 Χούξωνοςῖ
1478 1496 1633 1564 Quod
1677 1500 1722 1553 si
1774 1514 1981 1568 neque-

409 1601 630 1656 quaque
708 1584 936 1657 Syriaca
997 1588 1224 1641 nomina
1282 1587 1486 1641 imitari
1552 1596 1605 1647 et
1669 1590 1981 1658 exprimere

407 1677 710 1740 debemus,
771 1692 892 1741 cur,
937 1675 1213 1742 obsecro,
1273 1677 1530 1747 Ἰωάννης
1578 1677 1817 1741 dicitur,
1871 1694 1981 1732 non

2091 494 2268 562 cipsa,
2299 491 2490 547 Barca.
2522 492 2633 546 Nec
2673 500 2857 547 tamen
2907 492 3018 548 haec
3049 509 3170 564 qua:
3204 498 3450 566 proxime
3480 506 3661 558 nomi-

2092 585 2241 646 navi,
2277 584 2344 638 de
2391 582 2599 637 Graecia
2632 583 2801 652 petita
2838 591 3003 649 sunt;
3052 585 3144 639 sed
3188 602 3251 640 ex
3299 589 3482 649 Africa
3510 603 3662 650 recto

2092 673 2288 729 itinere
2313 676 2597 744 deportata
2639 682 2765 728 sunt
2795 675 2849 728 in
2891 674 3124 731 Italiam.
3154 676 3296 743 Quid
3327 682 3499 747 enim,
3536 697 3661 739 cum

2093 761 2173 817 illi
2212 763 2504 834 Ἀμίλκας,
2538 764 2788 833 Ἀννίβας
2822 765 3133 834 proferunt,
3176 768 3228 821 hi
3289 769 3565 826 Hamilcar
3608 782 3664 833 et

2093 851 2401 919 Hannibal;
2436 870 2545 909 non
2592 855 2733 924 signi
2780 855 2884 909 hoc
2927 857 3064 911 satis
3092 868 3199 923 cst,
3254 859 3399 914 unde
3432 870 3666 934 utraque

2092 955 2220 1002 sunt
2254 947 2881 1018 accersita?Nempe-hi
2915 951 3221 1006 masculina
3259 954 3485 1009 nomina‘
3514 958 3664 1013 Afri-

2091 1053 2229 1092 cana
2281 1039 2333 1092 in
2383 1041 2429 1092 A
2468 1040 2704 1094 libenter
2757 1041 3105 1108 retinebant;
3152 1044 3467 1100 Grtccorum
3503 1063 3667 1106 aures

2091 1138 2354 1201 tanquam
2401 1132 2611 1186 absona
2646 1140 2699 1187 et
2750 1133 3082 1188 inconcinna
3130 1137 3522 1206 repudiabant.
3555 1138 3663 1196 Sed

2092 1229 2153 1276 ut
2181 1223 2481 1277 concedam
2505 1223 2642 1279 illud
2667 1223 2913 1294 Ἠμοῦλα
2942 1239 2971 1278 a
2996 1224 3328 1296 Theophane
3359 1230 3663 1299 profectum

2089 1328 2254 1367 esse:
2290 1329 2399 1367 non
2431 1329 2534 1385 ego
2582 1316 2911 1370 monachum
2950 1318 3191 1388 aliquem
3237 1322 3504 1380 adversus
3547 1341 3666 1381 om-

2090 1404 2240 1457 nium
2274 1405 2625 1459 autoritatem
2658 1406 2976 1475 magistrum
3000 1409 3216 1465 dicendi
3241 1427 3437 1483 capere
3464 1416 3662 1484 velim;

2088 1496 2184 1551 sed
2242 1498 2398 1551 illum
2468 1498 2651 1569 ipsum
2713 1500 2779 1553 ad
2845 1501 3087 1556 nationis
3155 1518 3268 1558 suae
3331 1510 3662 1577 exemplum,

2088 1587 2234 1641 addo
2287 1588 2453 1643 etiam
2528 1603 2713 1654 suum,
2785 1605 3133 1661 componere.
3199 1593 3295 1649 Vir
3373 1598 3662 1668 multiplici

2088 1680 2355 1733 doctrina:
2408 1678 2565 1748 copia
2603 1679 3246 1751 praeditus,Eustathius
3305 1685 3666 1745 Thessaloni-

418 1768 645 1821 ἰωανὰν
702 1766 971 1821 Μαλάλαῖ
1012 1782 1137 1821 nam
1186 1766 1343 1838 Syris
1395 1777 1480 1823 est
1541 1765 1872 1833 Iuli/canon,
1929 1768 2271 1845 ttthensis
2334 1771 2512 1840 episc.
2571 1778 2833 1825 accurate
2886 1772 3177 1842 disputans
3237 1777 3306 1831 de
3348 1780 3664 1838 Homericis

409 1856 598 1910 LXXII
636 1858 773 1912 viris
800 1857 1050 1911 Ἰωανάν.
1089 1856 1197 1912 Sed
1241 1874 1370 1914 ecce
1407 1859 1505 1913 tibi
1537 1859 1981 1928 Cantacuzcntts,

254 1938 267 1947 κ
376 1936 507 2019 _qui
552 1963 605 2018 p.
650 1946 777 2001 874.
832 1948 1083 2001 Λατίνων
1126 1965 1244 2013 τις,
1279 1949 1387 2012 ait,
1439 1949 1693 2018 Ἰωάννης
1733 1951 1986 2021 Περάλτα

408 2030 974 2109 προσαγορευόμενος.
1036 2038 1193 2095 Scias
1230 2047 1412 2093 autem
1442 2039 1516 2116 in.
1545 2051 1782 2109 quantas
1814 2057 1987 2112 angu-

408 2132 541 2186 SIias
568 2130 790 2184 adducti
826 2137 981 2196 sunt,
1029 2144 1155 2184 cum
1209 2130 1463 2184 homines
1495 2129 1620 2200 χθὲς
1662 2132 1759 2184 καὶ
1793 2132 1985 2204 πρώην

407 2221 703 2290 γεγονότας
732 2221 936 2276 saeculo
957 2220 1177 2275 demum
1207 2237 1318 2285 τιν,
1351 2231 1472 2290 post
1492 2220 1771 2277 Christum
1794 2232 1981 2278 natum

410 2312 718 2365 inveterata
781 2309 894 2378 jam
962 2308 1253 2374 barbaria,
1305 2324 1487 2366 causa:
1543 2328 1657 2367 suae
1724 2322 1986 2384 patronos

408 2399 698 2472 adoptant.
726 2399 863 2456 Rem
905 2415 1038 2456 sane
1066 2401 1303 2471 lepidam
1345 2410 1401 2456 et
1446 2403 1719 2474 iocosam.
1746 2403 1984 2462 Joannes

408 2492 502 2547 hic
541 2492 936 2549 Antiochensis
963 2493 1103 2548 bene
1144 2493 1333 2548 Graece
1362 2494 1583 2547 Μαλέλα
1641 2494 1748 2551 dici
1783 2505 1982 2566 potest,

407 2585 543 2654 quia
576 2583 712 2638 italo
750 2582 970 2639 cuidam
1011 2599 1211 2639 nomen
1245 2592 1370 2639 erat
1433 2582 1698 2640 ϐίοναηηὶ
1734 2585 1981 2642 Per-alta.

407 2674 499 2728 Sic
520 2674 666 2729 enim
691 2674 1112 2729 Cantacuzenus
1140 2691 1191 2744 p.
1220 2675 1340 2729 174.
1368 2677 1616 2730 Μάλιστα
1633 2678 1689 2731 δὲ
1714 2679 1984 2744 Ντζιουὰν

406 2764 665 2836 Περάλτα
693 2766 722 2817 ὁ
758 2764 966 2819 τούτων
998 2765 1241 2836 ἡγεμών.
1277 2765 1502 2824 Graecus
1540 2769 1649 2825 iste
1686 2779 1770 2825 est
1800 2785 1985 2827 sermo

403 2855 711 2910 hodiernus
735 2872 749 2910 :
787 2855 860 2909 ita
880 2857 1089 2926 giostra
1119 2856 1411 2928 τζοῦστρα,
1433 2861 1652 2931 gingiva
1681 2859 1980 2928 τζιντζίϐα,

395 2948 559 3018 jecur
590 2948 940 3019 ντζηγάριον.
976 2948 1126 3002 Vahl
1157 2964 1322 3019 quam
1355 2952 1514 3006 velim
1558 2954 1986 3024 progrediantur

401 3040 648 3109 longius,
684 3049 852 3109 atque
895 3054 1004 3094 una
1060 3054 1229 3110 opera
1283 3043 1517 3112 probent
1550 3045 1824 3109 Ντζιουὰν
1857 3047 1984 3101 Μαι-

398 3130 535 3184 λέλα
563 3131 858 3185 dicendum
886 3145 1011 3186 esse
1042 3147 1054 3184 :
1095 3130 1315 3187 facinus
1362 3136 1452 3204 pol
1491 3150 1751 3207 magnum
1782 3146 1837 3193 et
1867 3154 1983 3194 me-

399 3222 678 3278 morabile
732 3221 984 3278 fecerint.
1037 3221 1173 3277 Illud
1212 3240 1343 3279 vero
1385 3228 1606 3291 durum,
1657 3230 1804 3297 quod
1839 3229 1982 3300 apud

398 3314 799 3383 Theophanem
830 3325 916 3369 est
948 3314 1204 3385 Ἰωάννης
1240 3317 1267 3369 ὁ
1296 3316 1526 3387 ἐπίκλην
1568 3319 1831 3388 Ἠμοῦλα.
1872 3319 1984 3376 Nec

399 3420 434 3459 a
479 3403 706 3460 Victore
753 3405 932 3460 solum
968 3408 1199 3460 vocatur
1263 3406 1512 3473 llemula,
1547 3410 1645 3465 sed
1686 3412 1985 3467 Anastasio

396 3495 612 3560 etiam,
678 3494 773 3563 qui
841 3493 1229 3564 Theophanem
1298 3496 1350 3550 in
1419 3497 1678 3554 Latinum
1752 3514 1985 3556 conver-

397 3585 533 3640 tit:
595 3600 625 3638 a
686 3583 942 3639 Liberata
1014 3584 1260 3640 Diacono
1329 3584 1570 3643 Joannes
1637 3587 1816 3655 Mela;
1877 3592 1984 3647 nisi

399 3676 652 3730 fortasse
703 3674 986 3744 depravati
1042 3683 1176 3731 sunt
1210 3676 1456 3733 codices.
1498 3677 1580 3732 Ex
1615 3677 1822 3737 Graecis
1853 3696 1984 3736 vera

399 3765 782 3834 scriptoribus
816 3766 972 3821 solus
1011 3765 1378 3836 Theophanes
1419 3777 1471 3823 et
1517 3771 1687 3824 semel
1721 3772 1985 3828 duntaxat

399 3855 758 3926 cognominis
785 3855 911 3927 ejus
941 3857 1275 3912 mentionem
1298 3856 1444 3913 facit
1483 3877 1497 3913 :
1534 3862 1750 3916 caeteris
1775 3863 1986 3932 simpli-

400 3948 549 4003 citer
576 3945 823 4001 Joannes
848 3955 1100 4011 vocatur,
1134 3947 1447 4018 Nicephoro
1474 3948 1587 4022 [88]
1628 3951 1980 4018 Patriarchae,

322 4030 333 4039 '
401 4033 718 4101 Nicephoro
776 4032 1042 4099 Callisto;
1097 4035 1240 4089 sicut
1281 4046 1347 4097 ,et
1403 4035 1632 4095 Leontio
1695 4040 1981 4111 Byzantio,

402 4122 803 4191 Chronicoque
860 4123 1149 4179 Orientali.
1200 4124 1321 4191 Quo
1363 4129 1537 4200 magis
1595 4129 1881 4194 adducor,
1924 4140 1984 4187 ut

407 4215 667 4268 vitiosum
693 4227 821 4269 esse
874 4213 1009 4269 illud
1061 4216 1290 4271 verbum
1330 4219 1674 4288 existimem;
1721 4230 1776 4277 et
1816 4223 1982 4277 istum

403 4305 642 4373 apicem,
684 4303 782 4373 qui
820 4305 875 4357 in
918 4305 1078 4359 libris
1130 4321 1266 4362 mss.
1314 4310 1760 4365 terminationem
1795 4329 1859 4376 ας
1905 4312 1983 4367 si-

2086 1858 2196 1914 illis
2250 1861 2531 1932 ἱππήλατα
2563 1861 2777 1933 Πηλεὺς
2823 1872 2876 1917 et
2918 1863 3179 1934 Ἑρμείας
3221 1867 3497 1941 ἀκάκητα,
3530 1880 3662 1939 etc.,

2085 1966 2197 2006 non
2226 1952 2432 2024 Σισάρα
2455 1961 2509 2009 et
2539 1954 2708 2019 Σάλα,
2737 1970 2846 2009 non
2878 1957 3124 2027 Ἠμοῦλα
3157 1961 3224 2014 ad
3256 1972 3442 2031 partes
3469 1973 3660 2034 vocat;

2086 2058 2212 2097 nam
2250 2042 2506 2099 Giovamti
2538 2045 2759 2100 Peralta
2786 2048 2879 2117 qui
2917 2051 3117 2118 potuit.
3142 2052 3461 2124 priusquam
3492 2058 3540 2113 is
3566 2075 3665 2114 na-

2087 2137 2375 2190 solaretur?
2406 2139 2555 2206 quod
2581 2150 2774 2195 contra
2811 2156 2877 2195 ex
2901 2143 3047 2197 omni
3082 2146 3347 2202 memoria
3376 2149 3485 2204 duo
3523 2150 3663 2207 dun-

2086 2228 2239 2275 taxat
2272 2233 2540 2279 memorat
2592 2229 2900 2284 masculina
2944 2229 3134 2286 Graeca
3166 2233 3219 2288 in
3254 2237 3317 2301 A,
3352 2253 3528 2308 eaque
3560 2243 3663 2295 mi-

2085 2313 2237 2369 nime
2269 2331 2298 2368 a
2345 2332 2404 2370 se
2438 2317 2600 2385 lecta,
2656 2320 2752 2375 sed
2795 2319 3147 2379 Eudaemonis
3194 2326 3298 2382 fide
3332 2328 3658 2400 Pelusiotae;

2086 2406 2206 2476 ejus
2235 2407 2450 2477 opinor,
2476 2409 2639 2479 (:ujus
2669 2410 2869 2465 librum
2897 2413 2963 2467 de
2991 2412 3395 2489 Orthographia
3428 2421 3661 2494 Stepha-

2086 2512 2193 2551 nus
2224 2496 2546 2569 Byzantius.
2579 2510 2638 2557 et
2684 2502 2884 2559 Suidas
2916 2513 2971 2560 et
3008 2505 3368 2580 Etymologici
3420 2516 3663 2587 scriptor

2088 2590 2489 2646 citantJlorum
2520 2610 2690 2649 unum
2720 2595 2997 2666 Illyricum
3030 2614 3154 2655 esse
3187 2616 3407 2670 nomen,
3432 2623 3500 2662 ex
3547 2612 3664 2681 epi-

2087 2691 2393 2749 grammate
2415 2686 2677 2755 quodam,
2701 2687 2890 2759 Πατὴρ
2906 2688 2949 2740 δ’
2968 2688 3056 2759 ἔμ’
3081 2690 3196 2762 [89]
3212 2692 3378 2763 ἔφυσε
3402 2697 3660 2764 κόπαινα,

2087 2771 2207 2840 ἦτοι
2273 2774 2594 2843 Κοπαενηςο
2663 2775 3074 2847 Syracusanum
3126 2782 3361 2837 alterum
3417 2802 3485 2841 ex
3555 2788 3663 2844 So.

2090 2862 2324 2932 pbrone,
2357 2865 2386 2919 ὁ
2439 2866 2711 2938 Μύριλλα.
2760 2867 3127 2940 Dcmocoputn
3160 2873 3417 2932 videlicet
3472 2880 3661 2935 archi-

2089 2957 2313 3019 tectum,
2368 2969 2493 3011 cum
2554 2956 2836 3013 theatrum
2898 2959 3298 3017 exmditlcasset
3343 2963 3656 3036 Syracusis,

2087 3046 2290 3116 populo
2321 3045 2529 3102 viritim
2566 3055 2909 3119 unguentum
2939 3049 3313 3120 distribuisse,
3337 3062 3390 3110 et
3416 3073 3480 3113 ex
3512 3075 3573 3115 ea
3600 3077 3661 3116 rc

2086 3147 2455 3209 cognomento
2509 3148 2761 3194 vocatum
2800 3139 2923 3197 esse
2952 3139 3267 3215 Myrinam:
3319 3163 3514 3219 nempe
3553 3151 3663 3206 ἀπὸ

2082 3228 2176 3283 τοῦ
2209 3228 2383 3300 μύρου
2413 3229 2719 3302 Μύριλλαν.
2754 3230 2867 3302 Ego
2903 3248 3031 3289 vero
3080 3225 3467 3295 Eudaemonem
3506 3243 3661 3301 illum

2079 3319 2250 3388 jubeo
2275 3320 2519 3392 κρόμμυ’
2543 3321 2772 3388 ἐσθίειν,
2801 3331 2861 3377 ut
2889 3325 3165 3381 hominem
3207 3327 3514 3389 infortunio
3546 3350 3664 3393 ma-

2083 3418 2225 3467 ctem
2276 3429 2291 3466 :
2357 3412 2636 3483 siquidem
2689 3416 2889 3486 religio
2952 3425 3074 3472 erat
3137 3420 3433 3479 Pelusiotis
3495 3442 3661 3499 cepas

2082 3513 2331 3575 gustare.
2365 3505 2504 3560 Nam
2545 3505 2795 3576 profecto
2847 3509 2914 3565 de
2959 3509 3381 3582 Syracusiorum
3428 3517 3661 3576 dialecto

2085 3598 2209 3652 cras
2239 3598 2429 3664 credo,
2471 3598 2637 3655 hodie
2684 3601 2843 3670 nihil.
2878 3600 3207 3660 Theocritus
3253 3606 3660 3687 Syracusanus,

2086 3689 2177 3759 qui
2212 3689 2471 3745 idiomate
2501 3693 2799 3746 vernaculo
2833 3702 3099 3764 perpetuo
3138 3705 3222 3752 est
3260 3714 3393 3755 usus
3418 3701 3661 3767 (Μοῦσαν

2085 3777 2130 3831 δ’
2157 3777 2373 3849 ὀθνείην
2405 3778 2590 3833 οὔποτ’
2633 3780 3070 3854 ὲφειλκυσάμην)
3098 3801 3282 3842 annon
3336 3791 3375 3842 Σ
3420 3792 3658 3850 litteram

2084 3868 2295 3938 ubique
2318 3878 2525 3951 servat,
2556 3872 2851 3942 Δαμοίτας,
2882 3874 3194 3944 Μενάλκας,
3224 3880 3517 3953 Ἀμύντας,
3545 3886 3663 3941 Διο-

2084 3957 2340 4022 κλείδαςῖ
2388 3959 2505 4015 Νοη
2547 3962 2746 4032 Apollo
2783 3966 3054 4034 Δαφνίτας
3105 3968 3397 4042 Syracusis
3441 3977 3661 4033 coleba-

2064 4049 2214 4103 ‘tur?
2243 4048 2363 4104 Non
2416 4050 2637 4129 Hicetas
2667 4054 3002 4125 Syracusius
3024 4058 3389 4130 philosophus
3420 4079 3451 4118 a
3496 4065 3655 4123 Cice-

2084 4155 2217 4196 rone
2244 4141 2508 4198 laudatur
2541 4145 2597 4199 in
2641 4146 3018 4201 Academicis?
3045 4164 3150 4204 non
3182 4167 3372 4207 eorum
3405 4172 3659 4216 sermone

2084 4232 2340 4299 γαφᾶγας
2375 4233 2662 4289 Ιηιηὺτὶειιε
2698 4237 2839 4307 apud
2870 4236 3317 4310 Etymologicon?
3350 4259 3460 4299 non
3491 4247 3658 4305 dissi-

2086 4326 2235 4379 mulo
2292 4327 2436 4397 apud
2508 4328 2841 4402 llesychiym
2900 4332 3170 4402 scriptum
3230 4352 3354 4392 esse
3406 4339 3653 4411 Γαφάτα,

404 4411 577 4466 guare
611 4397 775 4462 solet,
823 4397 893 4451 ab
923 4396 1232 4519 indiligenti
1282 4400 1511 4457 librario
1537 4411 1808 4519 mutatum
1857 4420 1980 4461 esse
2012 4422 2056 4477 ι)
2087 4396 2339 4488 σκώληξέ
2392 4418 2486 4474 sed
2521 4396 2649 4476 vero
2692 4421 2898 4494 duplici
2938 4396 3152 4519 errore.
3201 4423 3336 4482 Nam
3381 4396 3657 4487 exoraui

404 4489 488 4519 u..l
518 4487 943 4519 nrmln-Inioanm
1039 4490 1304 4519 ..Μελ-..ξω
1337 4507 1458 4519 μ...
1491 4504 1689 4519 ..η-ι..-
1724 4494 1759 4519 2.
1804 4511 1975 4519 --.μη
2081 4509 2136 4519 ..Α
2377 4517 2383 4519 _
2678 4512 2690 4519 .
2859 4517 2869 4519 _

403 4489 489 4542 vel
518 4487 966 4555 pratermissum.
992 4488 1304 4545 Praesertim
1335 4507 1459 4547 cum
1488 4504 1693 4549 cuncta
1724 4494 1778 4549 id
1801 4511 1977 4566 genus

406 4579 627 4632 nomina
656 4587 852 4648 praeter
874 4579 978 4634 hoc
1004 4595 1171 4635 unum
1201 4583 1268 4635 ab
1290 4582 1410 4651 ipso
1435 4582 1766 4654 Theophane
1792 4601 1892 4656 per
1913 4604 1978 4650 ας

404 4672 568 4726 scribi
596 4671 843 4737 videam;
865 4671 1116 4743 Ἀρέθας,
1138 4674 1406 4740 Ἀττίλας,
1431 4676 1762 4747 Μασάλμας,
1786 4679 1978 4732 Ἀδου-

405 4762 597 4826 λάόας,
643 4762 965 4827 Κουτζίνας,
1013 4765 1120 4818 alia
1151 4766 1579 4834 quamplurima.
1629 4768 1819 4838 Itaque
1875 4770 1979 4824 hoc

407 4853 462 4906 in
495 4853 635 4918 loco,
661 4862 722 4906 ut
774 4868 895 4907 mea
950 4852 1057 4910 fert
1104 4857 1316 4925 opinio,
1346 4840 1493 4913 facta
1529 4868 1614 4914 est
1651 4859 1979 4932 Theophani

397 4943 631 5012 injuria.
682 4945 817 5010 Nec,
852 4948 1001 5016 quod
1047 4948 1381 5005 Anastasius
1415 4958 1471 5006 et
1502 4950 1697 5009 Victor
1747 4953 1981 5008 llemula

407 5032 599 5091 Latine
633 5044 981 5106 nuncupant,
1009 5053 1122 5093 non
1164 5038 1465 5105 Hemulaa;
1495 5044 1669 5114 magis
1703 5045 1758 5099 id
1789 5061 1981 5116 quem.

409 5138 573 5192 quam
602 5141 824 5181 movere
850 5126 1218 5198 debet,quam
1251 5132 1400 5201 quod
1426 5134 1589 5188 Attila
1607 5148 1637 5187 a
1663 5134 1874 5192 Latinis
1894 5137 1981 5190 di-

408 5215 571 5282 citur,
602 5217 698 5287 qui
721 5216 933 5274 Grecis
948 5230 1033 5275 est
1054 5221 1326 5286 ’Δττιλας.
1350 5223 1486 5278 Nam
1525 5228 1808 5298 peregrina
1831 5229 1977 5305 ejus.

407 5308 617 5363 ccmodi
650 5308 872 5363 nomina
900 5309 1078 5366 (ἕτεςὶ
1103 5310 1399 5383 Latinique
1443 5317 1628 5371 neutri
1666 5318 1740 5373 ab
1770 5319 1978 5384 alteris,

408 5396 505 5450 sed
535 5400 604 5454 ab
622 5400 760 5470 ipsis
782 5400 1047 5457 Barbaris
1070 5405 1290 5476 utrique
1317 5415 1669 5477 acceperunt.
1710 5411 1851 5467 Toto
1877 5412 1980 5483 igi-

410 5496 500 5543 tur
531 5492 670 5547 cmlo
689 5495 896 5549 erravit
928 5495 1275 5564 Priscianus,
1304 5516 1430 5557 cum
1462 5502 1628 5558 Turio
1648 5512 1702 5560 et
1731 5504 1982 5577 Bagrada

411 5579 631 5643 (Africae
663 5592 801 5639 sunt
835 5585 939 5641 ista
987 5587 1237 5659 flumina)
1274 5593 1540 5649 declinari
1569 5603 1728 5665 putat
1774 5612 1804 5651 a
1839 5599 1977 5653 Tou~

418 5665 534 5736 ρεας
563 5680 615 5727 ει
657 5668 964 5744 Βαγράδας.
1000 5678 1046 5729 Α
1093 5676 1300 5762 Graecis
1322 5682 1545 5752 quidem
1588 5684 1782 5754 Ὶόσας,
1815 5688 1978 5743 Μικῖ-

2081 4509 2288 4572 littera,
2332 4517 2391 4563 ut
2423 4527 2524 4566 usu
2570 4512 2757 4569 venire
2792 4509 3122 4582 soletfcum
3178 4523 3423 4589 proxime
3456 4527 3645 4585 subsc-

2080 4607 2287 4670 quatttr
2315 4602 2488 4656 altera
2516 4621 2527 4656 :
2563 4603 2607 4656 T
2643 4614 2826 4660 autem
2860 4606 3121 4663 facillime
3143 4600 3393 4670 mutatur
3419 4617 3471 4671 in
3508 4618 3568 4681 Γ,
3601 4633 3660 4675 ut

2083 4691 2217 4745 alibi
2254 4692 2575 4764 Στένυτρον,
2612 4696 3109 4772 εὐρυπωδέστερον,
3152 4708 3509 4775 συριγγῶδες,
3559 4728 3658 4782 pro

2084 4782 2407 4852 Στενυγρὺν,
2438 4786 2765 4857 εὐριπώδες,
2805 4790 3012 4857 στενὸν,
3048 4796 3405 4865 ουριγγῶδες.
3438 4800 3514 4856 Ne
3543 4803 3659 4875 ipse

2081 4874 2304 4943 quidem
2369 4875 2622 4946 Sophron
2693 4880 2854 4935 aliter
2911 4883 3126 4939 locutus
3199 4887 3304 4941 est.
3358 4874 3656 4949 Athemcus

2082 4964 2180 5020 lib.
2207 4973 2322 5020 rut
2361 4969 2473 5025 Καὶ
2523 4970 2674 5043 παρὰ
2706 4971 2951 5043 Σώφρονι
2986 4976 3014 5028 ὁ
3047 4975 3400 5051 θυννοθήρας,
3431 4993 3487 5038 et
3516 5003 3657 5057 καρο

2084 5056 2283 5127 χαρῑας
2317 5058 2604 5128 aliquanto
2641 5061 2897 5128 inferius,
2927 5081 2981 5135 p.
3018 5065 3145 5134 306,
3178 5068 3439 5140 Σώφρων,
3474 5056 3658 5133 θυννο-

2085 5144 2287 5215 Θηραία
2315 5146 2372 5201 δὲ
2395 5149 2609 5221 γαστὴρ
2639 5153 2944 5222 καρχαρίας
2968 5153 2997 5206 ὁ
3019 5157 3235 5223 κάτινος
3254 5158 3440 5229 δῆσθε.
3461 5161 3655 5220 Priora

2083 5236 2247 5290 verba
2309 5252 2431 5304 qua;
2483 5238 2822 5297 Casaubono‘
2867 5243 3174 5300 molestiam
3227 5251 3526 5320 creabant,
3574 5257 3655 5311 sic

2082 5324 2202 5396 lege
2244 5345 2257 5381 :
2303 5327 2545 5397 Σώφρων
2574 5328 2936 5411 Θυννοθήραι.
2974 5334 3032 5388 Ἀ
3068 5337 3124 5390 δὲ
3171 5340 3406 5414 γαστὴρ,
3459 5344 3511 5407 id
3546 5358 3652 5411 est,

2084 5416 2409 5490 θυννοθήρα.
2456 5417 2725 5474 Nimirum
2756 5422 2859 5481 iste
2891 5425 3029 5501 liber
3076 5427 3427 5503 Θυννοθήρας
3456 5434 3655 5491 inscri-

2082 5519 2208 5579 ptus
2236 5509 2596 5582 est.-Etymol.
2623 5512 2678 5566 in
2701 5514 2853 5569 Ἤῖα.
2882 5516 2978 5580 ’Ὣς
3005 5536 3138 5590 φησι
3166 5520 3407 5595 Σώφρων
3428 5527 3488 5579 ἐν
3514 5527 3653 5591 Θυντ

2083 5600 2303 5670 νοθήρᾳ,
2347 5601 2483 5658 Male
2514 5602 2641 5657 alibi
2678 5605 2735 5657 ὲν
2766 5606 3153 5680 Θυννοθήραις.
3192 5612 3419 5681 Quodsi
3464 5635 3650 5674 verum

2081 5700 2161 5747 cst
2197 5691 2329 5779 illud
2366 5693 2433 5749 de
2456 5694 2795 5777 -Dcmocopo,
2828 5701 2971 5771 vulgi
3001 5702 3124 5771 jo‘co
3153 5722 3459 5777 cognomen
3489 5726 3649 5766 suum
