4032 6138
304 286 330 309 ”
387 295 498 359 ’183

1168 342 1173 350 .
1247 246 1723 350 'DﬁJOANNIs
1759 288 2082 348 MALALrE
2113 286 2773 352 CHRONOGRAPHIA

3524 291 3632 358 ’ἓδῑ

381 407 612 477 adeptus
638 414 763 461 esse
783 400 1061 464 videatur,
1084 398 1214 469 quia
1252 398 1509 455 fortassis
1535 412 1599 453 ea
1626 405 1955 467 tempestate
1984 404 2027 458 Α
2053 405 2318 469 tanquam
2349 398 2394 454 si
2443 399 2471 451 ὁ
2518 396 2673 451 Κάτο
2719 394 2909 477 dicens
2960 401 3015 450 et
3043 393 3072 447 ὁ
3103 395 3334 467 Κίκερο,
3389 410 3451 454 se
3478 413 3634 468 egre-

385 495 685 569 Syracusis
732 500 922 550 scorto
994 491 1237 561 cuipiam
1303 504 1414 544 non
1470 488 1699 559 ignobili
1758 484 1997 543 nomen~

386 589 557 644 fuerit
607 585 842 657 Myrilla.
900 586 1035 637 Nam
1087 581 1337 637 mulieris
1388 580 1444 635 id
1483 580 1708 651 quidem
1755 594 1959 635 nomen

386 694 512 737 esse
575 677 857 747 proprium
915 674 1184 730 certiores
1221 686 1326 728 nos
1384 670 1514 726 facit
1561 677 1719 740 poeta
1769 670 1960 725 nescio

386 771 513 840 quis
543 769 688 823 inter
721 766 953 838 Lyricos
988 764 1056 819 Ii.
1093 763 1376 834 Stephani.
1422 761 1775 832 Στρατόκλεις
1808 760 1962 828 φίλος

385 858 681 928 Κυθήρης,
741 854 1105 927 Στρατόκλεις
1144 854 1298 924 φίλος
1343 853 1645 923 Μυρξλλης.
1707 851 1812 905 Ἴδε
1862 852 1961 921 τὴν

386 949 545 1018 φίλην
587 948 850 1016 γυναῖκα,
917 944 1166 1015 Κομάει,
1221 943 1412 1015 τέθηλε
1438 984 1452 1010 ,
1498 944 1727 1014 λάμπει.
1784 940 1961 995 Ῥόδον

383 1038 594 1093 ἀνθέων
646 1037 898 1102 ἀνάσσει,
942 1036 1123 1090 Ῥόδον
1166 1038 1224 1089 ὲν
1264 1037 1457 1106 κόραις
1497 1035 1768 1106 Μυρίλλα.
1802 1034 1961 1099 Quod

385 1129 452 1182 ad
490 1128 744 1183 Κόπαινα
773 1129 992 1191 attinet,
1022 1127 1127 1183 etsi
1164 1143 1272 1182 non
1307 1125 1472 1182 facile
1514 1127 1676 1181 tidem
1707 1126 1961 1187 habeam,

385 1217 589 1274 viderit
612 1218 685 1274 de
716 1233 783 1275 eo
812 1219 982 1273 verbo
1021 1219 1437 1288 epigrammatis
1466 1227 1696 1282 auctor;
1728 1217 1821 1287 qui
1854 1215 1965 1269 for-

280 1322 317 1331 ”
386 1318 555 1373 tasse,
583 1324 709 1364 cum
737 1309 1035 1364 barbarum
1077 1309 1321 1380 Illyrium
1366 1307 1768 1379 βαρϐαρίζοντα
1802 1307 1965 1361 indu-

385 1400 571 1466 xerit,
626 1399 765 1454 bene
821 1409 1095 1455 moratum
1151 1414 1374 1455 carmen
1435 1399 1631 1454 fecisse
1684 1398 1960 1452 videatur.

387 1490 546 1557 Quod
582 1492 626 1545 si
662 1493 785 1561 quis
815 1490 928 1564 [90]
960 1491 1272 1563 Illyriorum
1324 1492 1577 1560 exemplo
1627 1489 1883 1560 Ἰωάννης
1935 1489 1963 1540 ὁ

386 1580 614 1636 Maia:
660 1581 905 1653 proferre
951 1583 1114 1640 velit:
1170 1583 1224 1638 id
1282 1580 1500 1652 quidem
1547 1581 1771 1652 perinde
1832 1589 1960 1643 est,

2062 489 2151 559 gie
2207 490 2358 558 loqui
2409 488 2599 544 Graece
2653 472 2989 553 contendat;
3027 488 3159 556 quia
3219 488 3363 557 apud
3424 489 3662 545 Δείδιος

2062 581 2300 650 pbanem
2329 581 2487 636 Caris
2533 578 2828 635 Cantilena
2863 585 2970 641 est,
3003 578 3337 648 Θρεττανελδ
3387 580 3477 635 τὸν
3528 581 3636 634 Κύ-

2063 671 2289 725 κλωπα·
2323 679 2378 727 et
2410 671 2628 743 Scytha:
2658 673 2823 727 istius
2852 670 3035 725 Attica
3073 671 3343 739 elegantia
3371 690 3387 726 :
3476 730 3479 733 λ

2179 786 2271 853 Ὦς
2287 785 2550 852 ἐλαπρός
2566 784 2770 853 ὥσπερ
2793 784 3005 852 ψύλλο
3032 783 3184 837 κατὰ
3207 785 3274 838 τὸ
3297 783 3494 840 κώδια.

2167 850 2243 909 Ὠ
2266 850 2453 923 τρᾴδῧ
2477 850 2555 918 ὡς
2580 850 2860 922 καρίὲνέό
2878 868 2987 923 ρ’οι
3003 853 3081 906 τὸ
3106 854 3411 923 τυγάτριο,

2167 920 2566 978 Κοῦδύσκολ*
2589 920 2750 979 ἀλλὰ
2780 920 2938 992 πρᾶο
2957 939 2970 953 ·
3007 922 3128 976 ποῦ
3158 920 3473 993 τὸγρᾁδιο.

2065 1034 2172 1092 Sed
2210 1036 2440 1091 nimium
2471 1036 2587 1102 diu,
2628 1037 2701 1091 mi
2745 1036 2903 1103 Milli,
2942 1036 2998 1090 in
3030 1037 3268 1107 litigiosa
3315 1038 3418 1093 hac
3449 1039 3635 1111 dispu-

2065 1127 2272 1182 tatione
2310 1137 2363 1180 te
2411 1126 2732 1182 demoratus
2792 1143 2939 1181 smn.
2994 1127 3159 1181 Dabis
3207 1135 3387 1183 autem
3423 1133 3634 1186 veniam

2065 1217 2421 1283 necessitati;
2449 1231 2574 1272 nam
2604 1230 2815 1288 postea,
2841 1232 2938 1288 per
2959 1233 3045 1272 me
3076 1217 3225 1283 licet,
3250 1219 3343 1274 alii
3373 1228 3435 1274 ut
3458 1221 3638 1278 volent

2067 1311 2386 1380 loquentur,
2420 1325 2529 1364 non
2560 1309 2816 1379 equidem
2850 1309 3089 1375 invideo,
3116 1324 3299 1379 neque
3332 1311 3631 1367 intercedo.

2060 1402 2172 1457 lmo
2194 1402 2476 1457 enimvero
2512 1400 2878 1456 invitissimus
2904 1400 3022 1455 haec
3055 1400 3301 1471 scripsi,'

2183 1513 2277 1578 Ὠς
2299 1515 2412 1582 οὐχ
2444 1511 2755 1582 ὑπάρχων,
2783 1512 2942 1568 ἀλλὰ
2968 1515 3426 1584 τιμωρούμενος.

1696 1960 2303 2048 ADDENDA.

455 2276 599 2360 Ecce
622 2302 819 2359 iterum
843 2301 1153 2374 Crispinus.
1174 2301 1309 2357 Cum
1339 2301 1483 2357 enim
1499 2301 1688 2357 adhuc
1712 2290 1952 2372 supersit
1983 2307 2025 2364 Β
2054 2315 2174 2357 mor
2196 2300 2465 2359 Aruudel.
2497 2299 2740 2369 (Edipus
2771 2314 2901 2356 vero
2924 2308 3192 2370 tyrannus
3221 2300 3493 2358 secundas
3518 2309 3641 2355 tau-

387 2394 596 2450 chartte
634 2393 1059 2464 aliquantulum,
1099 2400 1159 2446 ut
1202 2404 1396 2447 narrat
1429 2393 1848 2464 typographus;
1884 2393 1961 2446 ni-

391 2486 591 2540 mirum
620 2484 669 2539 ei
700 2499 925 2555 parcere
949 2484 1140 2550 stulta,
1169 2491 1232 2538 ut
1251 2484 1326 2537 ait
1350 2483 1461 2548 ille,
1483 2483 1623 2538 foret
1644 2483 1957 2539 clementia.

390 2575 720 2631 Percurram
768 2575 937 2646 igitur
992 2573 1291 2644 Epistulam
1344 2581 1537 2639 totam,
1590 2573 1959 2628 adnotaturus

391 2666 713 2728 identidem,
737 2665 782 2720 si
809 2678 918 2735 qua
940 2663 1025 2716 vel
1055 2663 1343 2718 retractari
1371 2661 1692 2733 diligentius
1719 2663 1805 2717 vel
1836 2675 1960 2716 cor-

392 2758 492 2827 rigi
528 2756 787 2811 debeant.
1428 2806 1431 2809 .

450 2846 760 2915 Principio,
793 2845 933 2901 bene
954 2843 1175 2914 quidem
1208 2842 1409 2898 factum
1440 2843 1588 2912 quod
1616 2842 1762 2914 (pag.
1802 2843 1857 2913 ι)
1893 2843 1961 2898 de

390 2936 720 3010 etymologia
764 2935 858 2989 τοῦ
897 2933 1254 3006 Ἠρικεπαίου
1307 2934 1598 3005 supersedi
1651 2935 1957 3004 inquirere.

389 3028 653 3095 Quamvis
692 3025 837 3082 enim
884 3025 1006 3095 Ἦρι
1043 3025 1096 3079 in
1124 3024 1439 3080 Graecorum
1483 3024 1778 3080 verborum
1811 3040 1962 3080 com-

388 3117 668 3187 positione
700 3128 812 3170 non
842 3111 1163 3182 infrequens
1191 3113 1288 3179 sit,
1339 3113 1626 3184 Ἦριπόλη,
1657 3112 1957 3184 ἠριγένεια,

389 3208 689 3280 ἡριγέρων,
746 3202 1040 3274 ὴριοαλὶςο
1101 3203 1279 3257 nihilo
1334 3211 1516 3258 tamen
1571 3204 1753 3260 minus
1813 3219 1961 3275 pere-

391 3299 606 3368 grinam
638 3310 763 3353 esse
790 3309 980 3352 vocem
1021 3294 1155 3348 mihi
1188 3293 1378 3349 videor
1409 3301 1563 3348 certo
1597 3294 1956 3365 comperisse.

393 3386 678 3459 Siquidem
727 3402 834 3439 κεπ
876 3383 1110 3455 syllaba,
1155 3384 1301 3453 quod
1334 3383 1472 3453 jure
1522 3384 1762 3448 mireris,
1802 3384 1961 3453 plane

391 3480 568 3535 aliena
595 3488 681 3533 est
703 3486 867 3548 atque
889 3478 1097 3532 absona
1136 3490 1166 3530 a
1191 3475 1594 3531 consuetudine
1626 3491 1752 3530 cum
1784 3473 1957 3529 Graeci

392 3580 509 3626 tum
554 3568 735 3624 Latini
789 3569 1084 3624 sermonis.
1138 3568 1308 3621 Σκεπ.
1355 3566 1577 3636 quidem
1635 3568 1691 3620 in
1743 3565 1957 3632 σκέπω,

392 3661 757 3735 περισκεπὴς,
796 3660 1128 3731 σκέπαρνον,
1162 3666 1294 3725 etc.,
1323 3675 1452 3713 κεπ.
1484 3670 1665 3713 autem
1699 3672 1963 3728 nusquam
1992 3645 2033 3702 (ἶ

393 3754 666 3817 occurrit,
692 3752 838 3823 quod
871 3753 1064 3815 sciam,
1097 3757 1456 3820 praeterquam
1485 3751 1539 3805 in
1563 3750 1807 3818 Κέπφος.
1832 3751 1961 3804 Eam

393 3859 497 3916 ego
540 3857 752 3908 vocem,
812 3856 939 3896 cum
995 3840 1243 3896 solitaria
1292 3840 1365 3895 sit
1410 3847 1573 3908 atque
1612 3839 1812 3904 unica,
1872 3840 1963 3893 vix

392 3935 607 3999 dubito,
644 3933 779 4004 quin
811 3932 940 3986 olim
976 3931 1453 4002 pronuntiaverint
1481 3927 1663 4000 Ke/fos
1696 3945 1805 3985 non
1831 3927 1965 3998 Κερ-

391 4018 476 4101 fas
497 4043 516 4082 :
544 4034 708 4097 prout
740 4024 907 4080 hodie
932 4021 1137 4091 Σαπφὼ
1167 4020 1316 4092 Saﬁ‘o
1349 4021 1604 4087 dicimus,
1641 4036 1746 4076 non
1776 4019 1959 4091 Sapio.

389 4120 548 4192 Apud
579 4118 808 4175 Latinos
837 4124 1022 4171 autem
1057 4131 1168 4168 κεπ
1201 4114 1467 4185 syllabam
1499 4113 1719 4169 brevem
1756 4111 1962 4168 frustra

390 4212 734 4282 quaesiveris.
797 4208 1111 4278 Conceptio,
1147 4206 1406 4274 perceptio
1458 4213 1513 4260 et
1560 4204 1797 4269 similia,
1847 4222 1964 4274 κηπ

349 4289 596 4359 ἰιδῢοῃι
650 4300 974 4372 productam
1028 4312 1059 4351 a
1097 4297 1328 4365 percepi,
1383 4295 1706 4364 concepi.-
1738 4299 1958 4363 Anceps,

389 4408 600 4463 auceps,
638 4392 879 4461 princeps
926 4387 1038 4456 κεψ
1067 4387 1123 4440 in
1180 4387 1458 4456 scriptura
1508 4385 1807 4451 exhibent,
1851 4401 1963 4440 non

368 4462 498 4541 ⁵κεπ
522 4462 545 4537 7:
582 4496 760 4551 neque
792 4493 923 4534 vero
956 4475 1186 4531 casibus
1221 4476 1462 4546 obliquis
1509 4474 1721 4530 faciunt
1754 4477 1963 4546 aucepis

388 4582 485 4631 aut
514 4571 804 4645 princepis.

458 4664 558 4735 Ep.
591 4679 644 4734 p.
681 4663 765 4716 12.
799 4658 916 4731 [9i]
959 4657 1030 4713 Ut
1063 4664 1282 4728 egomet
1326 4657 1506 4713 vineta
1569 4672 1688 4713 mea
1735 4655 1960 4722 caedam,

389 4759 531 4814 falso
580 4754 791 4812 credidi
838 4764 952 4808 tres
986 4751 1125 4806 istas
1167 4748 1727 4835 Soplioclis‘fabulas
1753 4766 1817 4805 ex
1856 4767 1964 4805 una

386 4845 675 4919 tetralogia
734 4842 926 4907 fuisse,
982 4840 1411 4895 continuatione
1478 4841 1731 4910 serieque
1787 4840 1964 4896 histo-

385 4941 484 4995 riae
522 4939 580 4993 in
642 4950 763 4991 eam
819 4933 1137 5004 opinionem
1194 4930 1485 4986 adductus.
1521 4932 1660 4985 Ἀλλ’
1685 4933 1744 4986 οὐ
1782 4931 1964 4986 πεσών
1994 4966 2037 5024 c

384 5047 450 5102 γε
476 5027 728 5098 ἐκείμην.
765 5023 936 5092 Culpa
967 5021 1113 5076 enim
1148 5019 1414 5089 postridie
1437 5022 1779 5092 deprehensa
1805 5022 1965 5077 etiam

384 5118 629 5176 amoveri
654 5114 817 5171 facile
834 5113 1031 5184 potuit,
1047 5113 1092 5167 si
1110 5113 1559 5183 pertypotbetam
1581 5114 1970 5169 licuisset.’A)l-

382 5212 450 5266 λὰ
468 5211 528 5265 τὸ
564 5209 662 5281 μὲν
691 5202 1059 5278 προτετύχθαι
1090 5202 1326 5274 ἐάσομεν
1362 5202 1654 5275 ἀχνύμενοί
1682 5216 1808 5275 περ.
1839 5204 1969 5260 Cer-

386 5312 503 5357 tum
538 5308 622 5357 est
673 5315 768 5355 eas
799 5295 1095 5367 tragmdias
1145 5295 1306 5365 longo
1356 5295 1645 5367 interjecto
1676 5298 1966 5355 intervallo

386 5392 557 5469 fuisse
582 5390 779 5446 editas.
817 5389 1129 5459 Antigonen
1166 5387 1240 5441 ita
1265 5388 1539 5457 placuisse
1576 5390 1781 5454 ferunt,
1810 5398 1868 5444 ut
1902 5404 1966 5445 ea

385 5484 562 5554 gratia
591 5491 828 5554 praetura
870 5480 1135 5550 Sophocli
1175 5480 1566 5537 decerneretur
1598 5482 1652 5537 in
1685 5483 1829 5539 bello
1870 5486 1967 5539 ad-

387 5572 579 5629 versus
613 5572 854 5629 Samios.
911 5571 1052 5643 Ergo
1100 5579 1225 5628 acta
1273 5587 1398 5628 esse
1451 5572 1670 5629 videtur
1697 5589 1843 5628 anno
1876 5592 1959 5642 Ill,

390 5660 600 5734 Olymp.
642 5677 860 5729 Lxxxrv,
895 5663 1075 5719 astatis
1109 5662 1278 5734 Soph.
1310 5678 1422 5731 ινι,
1470 5667 1774 5720 secundum
1817 5665 1963 5722 Mar~

2068 2401 2180 2446 tum
2216 2391 2475 2458 obtinuit,
2510 2398 2565 2447 et
2591 2392 2769 2446 victus
2795 2396 2878 2446 est
2901 2406 2931 2445 a
2952 2388 3200 2447 Philocle
3233 2409 3246 2444 :
3277 2392 3410 2461 quin
3440 2402 3495 2446 et
3533 2393 3641 2446 UE-

2066 2482 2257 2554 dipum
2293 2481 2619 2550 Coloneum,
2661 2496 2822 2552 quem
2875 2489 3124 2535 extrema
3182 2491 3472 2538 senectute
3511 2482 3640 2538 fecit

2066 2575 2310 2628 omnium
2347 2573 2732 2639 novissimam,
2758 2570 3018 2627 editionis
3041 2579 3285 2639 tempore
3317 2573 3634 2629 antecessit.

2065 2665 2461 2735 Argumentum
2487 2661 2625 2717 οΕα.
2656 2662 2788 2733 Tyr.
2823 2662 2945 2715 Εἰσὶ
2967 2662 3024 2715 δὲ
3055 2663 3148 2715 καὶ
3165 2663 3214 2715 ei
3246 2663 3519 2734 Πρότερον
3547 2664 3638 2717 αὖα

2065 2755 2179 2818 τὸν,
2222 2754 2282 2806 οὐ
2331 2753 2606 2826 Τύραννον
2650 2753 3071 2822 ἐπιγράφοντες,
3119 2751 3209 2805 διὰ
3249 2754 3376 2816 τοὺς
3417 2753 3641 2824 χρόνους

2065 2848 2174 2902 τῶν
2198 2847 2557 2903 διδασκαλιῶν
2588 2847 2682 2901 καὶ
2710 2846 2799 2901 διὰ
2824 2845 2893 2899 τὰ
2926 2846 3249 2918 πράγματα.
3278 2846 3362 2900 lta
3391 2848 3640 2902 scriben-

2066 2937 2171 2993 dus
2204 2949 2291 2993 est
2325 2938 2430 2993 iste
2460 2937 2636 3000 locus,
2679 2949 2842 3005 quem
2879 2934 3061 2990 minus
3091 2934 3363 2989 intellexit
3412 2951 3640 3005 magnus

2065 3026 2439 3083 Camerarius.
2511 3028 2652 3081 Sunt
2708 3026 2805 3098 qui
2862 3025 3005 3080 hanc
3074 3023 3313 3080 fabulam
3368 3024 3638 3096 (Edipum

2066 3118 2311 3174 Priorem
2367 3117 2697 3183 inscribunt,
2751 3131 2863 3171 non
2908 3115 3045 3170 (Ed.
3102 3114 3462 3187 Tyrannum:
3513 3120 3641 3188 quia

2065 3208 2219 3278 prior
2245 3212 2365 3262 erat
2403 3223 2528 3262 cum
2561 3215 2806 3274 tempore
2838 3204 3095 3269 actionis,
3128 3214 3242 3260 tum
3279 3208 3427 3263 serie
3460 3223 3638 3264 rerum

2067 3306 2368 3367 gestarum.
2403 3295 2478 3350 Ea
2504 3296 2669 3367 hujus
2696 3296 2802 3350 loci
2835 3296 3105 3351 sententia
3148 3306 3254 3352 est.

2135 3387 2237 3458 Ep.
2259 3402 2313 3458 p.
2336 3389 2428 3456 M,
2446 3403 2593 3444 vers.
2615 3389 2668 3442 5.
2687 3387 2861 3455 Auget
2889 3386 3243 3449 vehementer
3273 3390 3645 3460 suspicionem

2067 3487 2311 3533 nostram
2365 3479 2480 3547 ipse
2519 3478 2776 3532 Clemens
2813 3476 2871 3531 in
2908 3475 3276 3547 Protreptico,
3305 3480 3396 3548 qui
3428 3492 3642 3549 postca-

2066 3583 2228 3638 quam
2262 3583 2455 3624 versus
2497 3583 2594 3623 eos
2627 3576 2885 3636 tanquam
2916 3565 3253 3636 Sepltocleos
3270 3572 3643 3640 protulit,06-

2065 3661 2185 3716 τοσὶ
2227 3660 2347 3731 μὲν,
2388 3661 2487 3725 ait,
2524 3660 2622 3730 ἤδη
2650 3659 2746 3712 καὶ
2772 3659 3238 3728 παρακεκινδυνευ
3247 3661 3408 3730 μένος
3427 3664 3521 3717 ἐπὶ
3546 3666 3643 3734 τῆς

2066 3752 2274 3824 σκηνῆς
2328 3754 2429 3823 τὴν
2483 3752 2740 3823 ἀλήθειαν
2794 3753 2915 3821 τοῖς,
2957 3749 3176 3813 θεαταῖς
3211 3754 3639 3824 παρεισήγαγεν.

2064 3844 2210 3915 Ergo
2240 3855 2295 3900 et
2320 3845 2620 3900 Clementis
2652 3842 2862 3913 judicio
2910 3840 2965 3895 in
2990 3842 3198 3911 ‘capitis
3250 3845 3495 3900 venisset
3523 3846 3639 3900 dis-

2065 3937 2291 4003 crimen,
2320 3936 2643 4006 quicunque
2675 3949 2771 3990 eos
2803 3933 2936 3990 olim
2974 3933 3031 3987 in
3071 3946 3292 3990 scenam
3334 3937 3640 3993 detulisset.

2065 4025 2101 4079 li
2137 4025 2266 4080 alibi
2299 4026 2541 4080 citantur
2563 4024 2667 4081 hoc
2699 4024 2948 4094 exemplo
2980 4043 2994 4079 :

2205 4159 2417 4231 91:71:02
2445 4158 2516 4231 δε
2549 4160 2987 4227 πουλυκερδείᾳ
3009 4160 3389 4231 πλανώμενοι

2216 4228 2654 4298 Ἶδρυσάμεσθα
2675 4231 2961 4297 πημάτων
2986 4228 3380 4298 «apati-exine,

2205 4297 2367 4350 Θεῶν
2396 4296 2688 4366 ἀγάλματ’
2719 4296 2787 4352 ἐκ
2818 4299 3006 4353 ,λίθων
3029 4296 3094 4353 τέ
3122 4296 3221 4356 καὶ
3242 4296 3461 4364 ξύλων

2210 4369 2286 4422 ἾΙ
2308 4368 2769 4436 χρυσοτεύκτων
2793 4368 2832 4437 ἢ
2866 4369 3259 4437 ’λεφαντίνων
3286 4371 3536 4435 τύπους.

2064 4478 2453 4547 Quamobrem,
2481 4479 2609 4548 quia
2633 4479 2814 4533 nullus
2833 4479 2947 4545 jam
2981 4480 3133 4535 locus
3158 4488 3243 4535 est
3269 4495 3523 4537 censurae.
3548 4496 3642 4536 no-

2064 4579 2190 4626 stre:
2223 4571 2276 4624 in
2301 4568 2500 4623 πολλὸν
2536 4576 2594 4625 et
2629 4569 2897 4640 χαλκέων,
2926 4571 3032 4625 alia
3064 4570 3288 4627 aderam
3320 4579 3639 4643 argumenta

2063 4670 2305 4731 oportet,
2340 4674 2442 4715 cur
2470 4661 2743 4715 subdititii
2786 4662 2920 4717 sint.
2952 4660 3136 4717 Multis
3165 4677 3297 4716 sane
3328 4664 3638 4719 nominibus

2068 4767 2175 4806 non
2204 4751 2384 4820 placet
2423 4749 2554 4805 illud
2590 4751 3005 4822 πουλυκερδείᾳ.
3035 4750 3169 4805 Nam
3195 4752 3349 4820 quid,
3385 4752 3635 4815 obsecro,

2068 4841 2198 4897 facit
2228 4840 2399 4895 πουλὺ
2428 4841 2482 4895 in
2509 4843 2791 4912 tragmdiae
2824 4841 3074 4898 diverbio
3093 4842 3117 4896 ἲ
3137 4850 3222 4897 est
3250 4843 3398 4897 enim
3429 4858 3498 4899 ex
3526 4843 3638 4897 dia-

2068 4933 2210 4990 lecto
2257 4933 2460 4989 Ionica.
2508 4932 2691 5003 Neque
2742 4947 2873 4988 vero
2917 4934 3035 4987 δεια
3086 4935 3378 5003 spondaeus
3424 4935 3477 4988 iu
3516 4933 3651 4991 sedc.
3766 5006 3773 5013 D

2074 5025 2189 5098 [92]
2222 5034 2418 5095 quarta
2450 5025 2580 5080 ferri
2620 5032 2799 5095 potest
2823 5034 3012 5081 contra
3050 5040 3258 5081 morem
3289 5025 3639 5082 consuetudi-

2075 5133 2307 5187 nemque
2334 5116 2714 5187 Tragicorum.
2771 5117 3132 5172 Theocritus:
3166 5118 3278 5171 Καὶ
3305 5115 3642 5189 φιλοκερδείῃ

2075 5208 2453 5280 βεϐλαμμένον
2493 5208 2664 5279 ἄνδρα
2716 5207 3026 5278 παρελθεῖν.
3051 5207 3242 5278 Neque
3258 5222 3422 5277 porro
3451 5202 3642 5261 πουλὺ-

2073 5300 2295 5370 κερδεια
2329 5301 2395 5353 de
2446 5300 2689 5361 avaritia
2714 5299 2893 5370 possis
2910 5299 3166 5367 accipere
3189 5315 3313 5354 cum
3352 5299 3642 5368 interprete

2071 5390 2372 5447 Clementis
2409 5408 2423 5443 :
2454 5405 2645 5445 verum
2692 5405 2754 5445 ea
2810 5390 3082 5459 sententia
3145 5389 3374 5467 nimium
3424 5387 3640 5458 quidem

2068 5487 2249 5553 inepta
2284 5492 2449 5553 atque
2470 5483 2706 5549 inficeta,
2737 5483 2893 5553 quasi
2923 5483 2969 5538 si
2997 5481 3282 5552 prudentia
3299 5480 3417 5536 sive
3441 5478 3640 5533 astutia

2070 5575 2318 5631 homines
2350 5574 2408 5629 in
2449 5589 2693 5630 errorem
2728 5572 3047 5648 inciderint.
3097 5572 3466 5643 Πολυκέρδεια
3498 5567 3639 5624 enim

2066 5677 2151 5725 est
2184 5666 2514 5738 πολυϊδρεια·
2548 5676 2605 5723 ιιι
2630 5666 2855 5738 Ulysses
2893 5664 3217 5722 Homericus
3247 5684 3262 5722 :
