4032 6138
468 322 577 389 785

467 427 690 503 quaeea
716 429 1040 503 clamarat,
1075 433 1487 503 πολυϊδρείῃσι
1510 435 1693 503 νόοιο,

460 498 618 553 ’.ἀλλ’
648 502 682 553 ὁ
705 498 823 567 μὲν
845 498 933 568 ίῆν
968 499 1197 569 ἄλοχον
1226 498 1733 571 πὸλυιιερδείῃσιν
1748 502 1957 571 ἄνωγε.

463 610 570 666 Sed
600 618 654 666 et
702 612 809 666 alia
854 611 1026 695 fertur
1054 614 1329 693 scriptura
1368 615 1539 670 nihilo
1567 616 1803 671 melior:
1837 613 2035 683 Θνητοὶ

458 702 516 755 δὲ
545 701 731 756 πολλοὶ⁵
772 704 967 775 καρδίᾳ
1000 705 1365 776 πλανώμενοι.
1402 706 1535 760 Mihi
1587 707 1828 775 quidem,
1882 705 2034 760 salvo

460 792 692 847 alierum
740 793 974 863 judicio,
1017 811 1110 849 nos
1167 796 1323 849 multi
1369 796 1644 860 mortales,
1692 810 1883 865 parum
1937 810 2032 848 or-

458 893 588 938 nate
641 876 748 939 dici
803 885 1024 965 videtur
1065 903 1167 958 pro
1216 888 1484 958 elegantia
1547 888 1803 956 Ἀττικῆς
1855 886 2035 957 μελίτ-

459 990 579 1044 της.
601 973 705 1028 Sed
725 982 1003 1046 utcunque
1014 978 1081 1032 de
1106 992 1168 1031 ea
1189 993 1248 1034 re
1264 981 1441 1033 visum
1475 978 1638 1034 fuerit
1654 977 1913 1033 eruditis;
1943 990 2032 1030 τοο

461 1074 614 1133 gatos
648 1080 744 1120 eos
763 1066 1055 1137 velim,qui
1085 1069 1387 1123 luculenter
1405 1069 1589 1124 Graece
1622 1068 1824 1134 sciunt,
1850 1077 2031 1121 utrum

459 1156 661 1225 καρδίᾳ
717 1155 1060 1226 πλανώμενοι
1127 1159 1461 1215 domesticus
1538 1159 1613 1214 sit
1673 1158 2035 1225 sincerusque

458 1259 641 1298 sermo
686 1243 932 1310 Graecus,
990 1262 1058 1301 an
1102 1248 1286 1318 potius
1323 1247 1668 1317 peregrinus,
1699 1254 1756 1303 et
1794 1243 2032 1313 πονηροῦ

459 1332 1065 1403 κύμματοςῖΝἰιηίτιιῐη
1098 1351 1200 1392 suo
1230 1337 1514 1392 seindicio
1545 1335 1789 1407 prodidit
1815 1333 2034 1388 Judaans

457 1423 567 1477 iste
615 1439 796 1479 sorex.
837 1425 1026 1495 Neque
1077 1427 1220 1481 enim
1280 1427 1650 1482 Hellenismus
1688 1433 1797 1492 est,
1845 1440 2032 1480 verum

459 1515 820 1572 Ilebraismus
854 1533 1025 1588 purus
1065 1526 1227 1588 putus
1271 1535 1335 1575 ex
1381 1534 1543 1575 sacra
1588 1517 1872 1587 Scriptura
1920 1527 2033 1572 tra-

457 1605 601 1661 Iatus
647 1615 813 1676 atque
870 1624 1189 1678 expressus.
1253 1592 1415 1665 [⁵5³1.Δ
1463 1624 1608 1676 xcw,
1645 1614 1721 1678 (et
1746 1607 1920 1675 Epist.
1964 1607 2033 1660 ad

460 1695 738 1764 Hebraeos)
772 1698 888 1751 Ἀεὶ
917 1698 1225 1754 πλανῶνται
1250 1702 1318 1771 τῇ
1360 1699 1580 1771 καρδίᾳ·
1613 1697 1710 1752 καὶ
1734 1698 1888 1751 αὐτοὶ
1934 1697 2034 1750 οὐκ

1507 325 1873 386 EPISTULA
1914 312 2121 383 RICH.
2161 315 2545 377 BENTIJSII.

1990 441 2005 447 ‘
2057 432 2102 485 Α
2133 427 2456 501 par-nivem,
2508 422 2810 477 absolutum
2865 434 2991 474 vero
3042 417 3323 485 εὒήροτον.
3352 412 3493 478 Quid
3544 413 3712 482 igitur

3595 296 3704 364 786

2138 517 2264 571 lict?
2298 518 2376 569 An
2406 512 2729 585 supplex-ad
2753 510 3081 582 llesychium
3114 507 3329 570 adeam,
3364 520 3553 586 pacem
3590 503 3710 571 ejus

2136 615 2349 661 oratum
2392 616 2445 660 et
2492 604 2700 675 peccati
2729 601 2980 659 veniam?
3024 600 3140 655 Imo
3176 599 3315 653 enim
3352 596 3488 652 satis
3521 602 3708 649 osten-

2137 698 2270 751 dunt
2301 712 2363 752 ea
2402 697 2568 752 verba
2598 704 2656 750 et
2693 696 2874 748 mendi
2942 700 3315 754 vetustatem,.
3339 696 3402 743 et
3445 686 3706 742 emenda-

2136 788 2304 841 tionis
2337 802 2467 841 mea:
2495 783 3122 856 prmstantiamﬂuippe
3157 781 3263 836 nisi
3300 793 3398 851 ego
3421 780 3583 850 plane
3617 778 3712 831 ('0'

2137 878 2331 947 sipio,
2393 877 2473 932 sic
2541 878 2593 929 in
2651 874 3065 944 comparatione
3134 871 3429 927 dicendurm
3518 874 3707 929 esset,

2134 970 2443 1040 Εὑὴροτον,
2494 967 2924 1041 εὺηροτώτερον,
2972 964 3401 1037 έὺηροτώτατον.
3449 961 3607 1029 Quod
3664 960 3709 1013 si

2136 1074 2401 1129 reponere
2456 1060 2591 1114 velis
2654 1057 3059 1130 εὐηροτώτατον
3110 1055 3254 1126 apud
3297 1047 3573 1108 Suidam':
3599 1052 3709 1121 jam

2133 1168 2197 1207 ea
2246 1168 2350 1208 vox
2398 1154 2619 1208 inverso
2664 1153 2856 1206 ordine
2898 1159 3020 1221 pust
3073 1150 3344 1220 Εὑήροτον
3391 1143 3707 1219 collocanda

2134 1251 2301 1299 esset.
2336 1243 2479 1315 Ergo
2507 1258 2839 1314 quocunque
2869 1252 2920 1298 te
2950 1248 3156 1305 vcrlas,
3185 1237 3544 1293 hullucina'.io
3580 1235 3710 1290 Sui-

2133 1332 2215 1387 da:
2244 1342 2351 1398 est,
2376 1334 2469 1402 qui
2502 1334 2619 1387 sine
2650 1332 2815 1387 dubio
2845 1345 2941 1386 sua
2984 1330 3124 1384 male
3155 1328 3418 1382 confinxit
3445 1341 3512 1380 ex
3543 1324 3713 1395 Ilesy»

2134 1420 2373 1486 chianis,
2405 1422 2485 1477 vel
2519 1436 2582 1475 ex
2610 1421 2717 1477 illis
2745 1421 2890 1476 unde
2917 1435 3016 1476 sua
3048 1419 3325 1474 transtulit
3376 1415 3707 1487 Hesychius.

2208 1512 2435 1567 Ibidem.
2491 1514 2711 1580 ’Δντινι,
2740 1509 3207 1582 ἁντιδιενὲγμεθα.
3249 1508 3482 1580 Liquido
3527 1506 3711 1592 possis

2133 1602 2407 1671 deierare,
2437 1601 3095 1674 Ilesycliiumscripsisse
3128 1603 3324 1664 ἀντινι,
3365 1599 3418 1654 id
3442 1598 3590 1654 enim
3624 1611 3713 1652 se-

2135 1694 2245 1747 ries
2273 1692 2578 1747 litterarum
2610 1693 2906 1763 elliagitat;
2953 1703 3008 1748 et
3043 1691 3173 1749 illud
3203 1690 3379 1745 ἀντιδε
3420 1704 3487 1745 ex
3530 1701 3715 1743 corro-

456 1784 702 1851 ἔγνωσαν
750 1786 848 1850 τὰς
878 1787 1032 1852 ὁδούς
1088 1806 1215 1859 μου.
1277 1790 1448 1844 Isaias
1496 1805 1634 1844 ut:
1708 1788 1773 1842 Ἡ
1836 1787 2032 1859 καρδία

2141 1791 2287 1838 ctore
2310 1793 2496 1838 natum
2520 1798 2660 1857 esse,
2697 1785 2792 1854 qui
2820 1784 2976 1854 κακῷ
2994 1782 3161 1837 κακὸν
3186 1783 3391 1835 ἰάσατο.
3427 1781 3711 1849 Scriptum

458 1890 567 1942 μου
619 1875 908 1931 πλανᾶται.
944 1877 1059 1935 Imo
1092 1879 1371 1935 enimvero
1417 1893 1680 1949 negamus
1717 1882 1840 1947 ista,
1915 1921 1921 1929 .

456 1963 531 2013 "H
552 1966 1012 2031 χρυσοτεύκτων
1036 1968 1074 2037 ἢ
1110 1952 1501 2037 ’λεςραντίνων
1528 1969 1757 2035 τύπους

455 2053 528 2106 ab
558 2056 775 2111 homine
805 2056 997 2114 Graeco
1021 2060 1219 2114 nedum
1250 2075 1279 2114 a
1311 2060 1584 2131 Sophocle
1611 2061 1881 2130 proﬁcisci
1913 2076 2035 2131 pos-

455 2158 544 2199 se.
570 2145 753 2209 Τύπος
783 2148 883 2203 hoc
903 2151 958 2203 in
989 2150 1110 2205 loco
1138 2160 1221 2206 est
1253 2152 1370 2222 ipsa
1392 2159 1597 2217 statua,
1621 2151 1752 2205 αὐτὸ
1782 2152 1841 2205 τὸ
1866 2152 2037 2220 ἄγαλ-

460 2252 565 2305 μα,
586 2236 685 2288 οὐκ
719 2233 859 2301 sieo;
894 2238 987 2292 τοῦ
1018 2239 1355 2310 ἀγάλματος,
1389 2248 1451 2296 ιιι
1479 2242 1619 2313 apud
1655 2240 1948 2297 Isocratem
1980 2244 2035 2296 in

455 2325 572 2378 line
599 2325 885 2393 Evagorae:
912 2331 1035 2393 τοὺς
1067 2330 1164 2399 μὲν
1196 2331 1397 2394 τύπους
1428 2334 1720 2403 ἀναγκαῖον
1743 2332 1893 2404 παρὰ
1916 2333 2039 2386 τού-

452 2430 574 2476 τοις
601 2410 738 2468 εἷναι
776 2417 905 2487 παρ’
933 2413 1013 2481 οἷς
1047 2419 1111 2472 ἂν
1142 2419 1399 2491 amona.
1438 2420 1691 2475 Dicerent
1714 2436 1840 2477 vero
1863 2420 2037 2476 Graeci

456 2503 535 2555 Ἢ
562 2503 992 2573 χρυσοτεύκτους
1020 2506 1054 2577 ἦ
1108 2507 1476 2578 ’λεφαντίνους
1506 2509 1710 2574 τύπους
1729 2509 1898 2575 Θεῶν,
1932 2524 2037 2565 non

455 2595 898 2665 χρυσοτεύκτων.
934 2595 1094 2651 Velut
1128 2600 1342 2664 εἰκόνας
1375 2601 1565 2656 dicunt
1597 2600 1803 2671 χαλκᾶς
1833 2600 2037 2671 Ὀλυμ-

457 2686 747 2754 πιονικῶν,
778 2702 885 2743 non
935 2690 1172 2759 χαλκῶν.
1202 2692 1582 2749 Artemidorus
1620 2711 1632 2747 :
1668 2692 1895 2763 χάλκεαι
1930 2692 2037 2763 γὰρ

455 2780 675 2841 εἰκόνες
712 2779 821 2833 τῶν
866 2781 1167 2853 ἐλευθέρων
1214 2784 1576 2839 ἀνατίθενται.
1633 2782 1710 2839 Ita
1755 2786 1955 2854 passim
1984 2792 2039 2839 et

456 2876 651 2946 vulgo,
688 2887 745 2930 ut
780 2877 998 2948 quidem
1038 2880 1370 2935 testimoniis
1400 2882 1475 2934 uti
1512 2880 1916 2951 putidissimutn
1957 2877 2042 2934 f0-

454 2976 570 3022 rel.
604 2964 794 3037 Neque
845 2983 978 3023 vero
1022 2971 1183 3025 aliter
1213 2969 1413 3025 Latini.
1460 2970 1793 3026 Lucretius:
1848 2968 2038 3024 Sinon

2138 1887 2167 1926 a
2197 1874 2371 1943 prima
2402 1888 2565 1928 Inanu
2599 1872 2700 1937 fuit
2734 1875 2787 1929 in
2813 1874 2959 1931 hunc
2992 1874 3209 1929 modum
3234 1869 3711 1942 ε’Λντιηνέγμεοα,

2135 1957 2532 2037 ἡναντιώμεθαζ
2567 1965 2868 2036 llesyclzius
2901 1967 3318 2037 autem,qui,ut
3344 1963 3580 2030 videtur,
3604 1979 3710 2017 nun

2124 2056 2334 2110 .leviter
2379 2065 2488 2109 tum
2516 2056 2796 2126 lippiebat,
2827 2058 2908 2113 sic
2944 2057 3073 2127 legit
3102 2065 3157 2112 et
3189 2056 3448 2126 scripsit:
3486 2053 3714 2108 ’Δντινιρ

2136 2151 2395 2222 νέγμεοα,
2438 2171 2488 2207 νι
2518 2163 2572 2208 et
2610 2171 2643 2224 η
2674 2152 2892 2222 paulum
2938 2150 3142 2221 oppido
3179 2152 3324 2206 inter
3344 2166 3404 2206 se
3431 2148 3709 2215 dill‘erunt,

2137 2251 2192 2299 et
2228 2241 2343 2315 [94]
2378 2242 2644 2298 facillima
2673 2258 2803 2299 sane
2833 2243 3042 2298 erratio
3070 2252 3171 2298 cst.
3214 2241 3360 2296 Nihil
3383 2241 3484 2296 hac
3522 2239 3712 2309 conje-

2138 2348 2296 2391 ctura
2326 2337 2666 2407 probabilius
2691 2337 2797 2393 dici
2828 2345 3027 2407 potest.
3067 2336 3492 2407 Ἀντιηνέγμεθα
3521 2335 3591 2389 ab
3616 2335 3712 2389 ἀν-

2136 2431 2452 2503 τιφέρομαι,
2484 2431 2885 2513 ἠναντιιὶιμεθα.
2916 2430 3036 2502 Ipse
3062 2428 3709 2503 Ηθε)·ειι.Ἀντιφέρεται.

2138 2529 2496 2595 ἐναντιοῦται,
2529 2538 2583 2584 et
2609 2529 3025 2601 Ἀντιφέρεσοαι
3051 2526 3447 2587 ἐναντιοῦσθαι,
3476 2537 3531 2581 et
3582 2522 3711 2578 Stti-

2139 2622 2279 2677 das:
2326 2621 2753 2691 Ἀντιφέρονται,
2788 2620 3178 2676 ἐναντιοῦνται.
3227 2618 3333 2675 Sed
3373 2617 3710 2685 Ἀντιδιαφέ-

2142 2730 2306 2783 ponat
2346 2727 2621 2781 nusquam
2658 2714 2798 2781 lego.

2211 2802 2309 2871 Ep,
2337 2818 2388 2872 p.
2421 2802 2511 2862 47,
2542 2817 2594 2856 v.
2628 2802 2681 2856 4.
2737 2800 2984 2865 Πέπλους
3015 2817 3074 2853 τε
3104 2796 3264 2868 νῆσαι
3302 2796 3637 2858 λινοπλυνεῖς
3666 2794 3713 2847 τ’

2138 2893 2456 2957 ὲπενδύτας.
2479 2891 2591 2947 Vox
2618 2908 2680 2947 ea
2714 2892 2968 2947 bifariam
2995 2892 3166 2956 accipi
3194 2896 3392 2959 potest.
3422 2890 3529 2942 Aut
3553 2886 3715 2955 νῆσαι

2139 2985 2246 3041 elit
2278 2986 2498 3053 ὑφεῖναι·
2539 2984 2993 3053 quemadmodum
3032 2980 3224 3035 πέπλοι
3263 2979 3477 3049 ὲΰνητοι
3508 2978 3577 3032 ab
3603 2976 3715 3030 Ilo-

455 3078 632 3115 aurea
656 3071 781 3115 sunt
801 3063 1054 3133 juvenum
1081 3065 1373 3119 simulacra
1397 3082 1491 3135 per
1520 3065 1679 3128 a'des,
1717 3079 1824 3119 non
1854 3079 2040 3119 aureo-

2143 3090 2293 3130 mero
2322 3078 2613 3141 vocantur,
2646 3073 2794 3126 Ἔνθ’
2828 3072 2909 3126 svi
2935 3070 3129 3126 πέπλοι
3152 3070 3356 3125 Δεπτοὶ
3384 3069 3598 3139 itqu-rm.
3626 3066 3716 3137 βε-

455 3168 607 3207 rum.
657 3153 863 3211 Plinius
903 3172 1092 3224 xulv,
1122 3158 1193 3213 7:
1246 3157 1445 3228 Lignea
1488 3158 1662 3225 potius
1706 3165 1801 3210 aut
1846 3155 2038 3225 ﬁctilia

419 3268 423 3272 -
456 3243 689 3297 deorum
725 3246 1037 3301 simulacra.
1086 3246 1362 3304 Iuvenalis
1400 3266 1416 3304 :
1456 3247 1661 3318 Eﬂigies
1716 3248 1857 3301 sacri
1910 3247 2038 3302 nilet

457 3355 634 3393 aurea
687 3342 1056 3412 cercopitheci.
1101 3344 1411 3399 Horatius:
1457 3344 1598 3411 Quid
1632 3342 1878 3412 referam,
1937 3358 2038 3413 quo

455 3442 623 3502 pacto
645 3434 699 3486 in
722 3434 946 3504 imagine
969 3451 1119 3489 cerea
1143 3436 1344 3504 largior
1370 3436 1563 3490 arserit
1580 3435 1735 3504 ignis.
1751 3432 1941 3504 Itaque
1956 3439 2043 3487 τύ-

458 3540 607 3585 πους
639 3524 1001 3595 ἐλεφαντίνων
1045 3524 1183 3579 Θεῶν
1215 3527 1352 3580 nihil
1384 3526 1565 3581 minus
1590 3534 1676 3580 est
1703 3540 1869 3595 quam
1895 3524 2048 3581 Gra-

457 3628 534 3668 ra
560 3615 777 3669 oratio:
808 3630 870 3669 ea
902 3624 1085 3671 tamen
1125 3618 1300 3671 utitur
1332 3616 1541 3688 Sibylla
1573 3616 1671 3687 lib.
1694 3633 1755 3672 tu
1781 3634 1794 3671 :
1820 3614 2042 3682 ξυλίνων

459 3704 608 3758 θεῶν
645 3705 839 3760 εἴδωλα
868 3707 1059 3764 dicens
1098 3724 1197 3781 pro
1232 3707 1436 3774 ξύλινα.

463 3796 703 3869 Οἵτινες
724 3800 833 3852 οὐκ
860 3799 1125 3869 detritum
1154 3801 1376 3867 κεναῖς,
1401 3799 1528 3854 οὐδ’
1549 3800 1668 3869 ἔργ’
1694 3799 2039 3868 ἀνθρώπων,

463 3818 703 3863 υιτινες
724 3818 833 3852 ουκ
860 3818 1125 3867 arratum
1154 3818 1376 3867 κεναις,
1401 3818 1524 3854 ovo
1549 3818 1666 3922 ερέ·
1694 3818 2039 3868 ανυρωπων,

461 3868 832 3948 ξρᾴσέαμθιαὶ
853 3867 1121 3948 χὰβιεεια,
1158 3871 1255 3924 καὶ
1278 3870 1660 3948 ᾀρπςιχρορλιθ.⁹
1692 3870 2040 3948 ἐλέφαντος,

462 3936 576 3990 Καὶ
617 3935 886 3999 ξυλίνων
913 3940 1162 3992 λιθίνων
1191 3956 1254 3993 τε
1282 3935 1436 3994 θεῶν
1462 3935 1679 3993 εἴδωλα
1711 3935 2039 4005 καμόντων,

464 4007 727 4077 Πήνζινα,
758 4009 1173 4077 μιλτόχριστα.
1201 4007 1525 4077 ζωκοιιφίας
1551 4008 1901 4073 τυποειδεῖς,

471 4073 894 4143 Τιμῶσινςόσα
922 4073 1028 4130 aer
1052 4094 1115 4131 τε
1155 4073 1360 4145 ,ϐροτοὶ
1384 4073 1970 4147 νενέόφρονιβουλῇ.

465 4167 670 4221 Eadem
725 4168 889 4222 habet
914 4167 1297 4239 Protrepticus
1326 4169 1646 4226 Clementis.
1682 4168 1818 4236 Quis
1882 4184 2045 4239 porro

468 4258 812 4313 inﬁciabitur
834 4262 887 4313 in
927 4260 1120 4316 eodem
1146 4261 1338 4316 doctos
1368 4278 1493 4317 esse
1515 4260 1646 4315 ludo
1677 4262 2042 4329 subjetuorem

469 4349 618 4403 hunc
672 4347 1062 4413 Oraculorum,
1096 4361 1150 4405 et
1198 4352 1633 4406 commentitium
1683 4349 2045 4405 illumHeca-

2142 3165 2367 3236 σλήατο,
2392 3165 2530 3236 ἔργα
2563 3164 2855 3233 γυναικῶν.
2885 3163 3043 3231 Quia
3071 3161 3341 3232 Sophocle
3376 3161 3596 3229 εὐῦφείς
3622 3172 3716 3212 νο-

2140 3266 2338 3313 cantur
2383 3259 2437 3311 in
2472 3256 2783 3313 Trachiniis
2819 3276 2833 3313 :
2874 3258 3064 3321 ’Ὀπως
3110 3257 3299 3329 φέρεις
3354 3271 3446 3325 μοι
3485 3251 3633 3308 τόνδε
3661 3250 3714 3321 γ’

2140 3349 2315 3420 socer;
2344 3348 2568 3404 πέπλον.
2595 3350 2704 3403 Aut
2723 3348 3024 3419 οιίινῆσαι,
3050 3348 3344 3422 σωρεῦσαι,
3369 3345 3717 3402 accumulare

2140 3441 2441 3509 vestem,in
2465 3440 2613 3497 arcis
2642 3449 3010 3512 reponere,ut
3039 3456 3156 3496 mos
3187 3450 3307 3496 erat
3338 3439 3713 3509 antiquorum.

2141 3530 2411 3588 Homerus
2447 3550 2461 3585 :

2157 3621 2253 3687 Ὠς
2302 3620 2461 3691 sedc“
2515 3624 2549 3676 δ
2605 3621 2978 3692 δ’ὑψόροφον
3028 3619 3300 3689 θάλαμον
3343 3619 3717 3692 κατεϐήσατο

2145 3760 2365 3826 Εὐρὺν,
2400 3761 2490 3815 ὅθι
2518 3758 2700 3827 νητὸς
2731 3759 2959 3825 χρυσὸς
2986 3759 3084 3813 καί
3113 3757 3336 3824 χαλκὸς
3351 3689 3613 3811 ίῗέῖξιὲὸς

2158 3830 2378 3897 Ἐσθής
2404 3832 2452 3883 τ’
2488 3831 2554 3884 ὲν
2582 3830 2885 3899 χηλοῖσιν,
2927 3829 3063 3893 ἅλις
3094 3832 3142 3881 τ’
3170 3827 3389 3894 εὐῶδες
3419 3828 3644 3882 ἔλαιον.

2172 3938 2210 3993 ει
2230 3938 2360 3993 alibi
2400 3955 2414 3992 :

2172 3938 2185 3955 ‘
2230 3938 2360 3993 alibi
2400 3955 2414 3992 :

2144 3938 2232 4081 ιι.
2311 4064 2326 4083 .
2406 4068 2420 4083 .
2501 4067 2514 4080 .
2602 4026 2817 4092 Ἑλένη
2847 4025 2915 4078 δὲ
2936 4026 3266 4093 παρίστατο
3304 4026 3719 4095 φώριαμοῖοιν,

2149 4064 2326 4151 Ἔνθ’.
2353 4068 2607 4152 sanaret
2647 4064 2870 4150 πέπλοι
2918 4064 3343 4164 sagmaria;
3378 4064 3511 4235 ἤῦςῗ
3532 4065 3721 4178 recines:

3436 4180 3612 4230 αυτη.

3436 4180 3612 4230 αυτη.

2148 4258 2333 4314 Possis
2362 4258 2549 4324 etiam,
2582 4268 2637 4315 et
2681 4260 3109 4331 magis-quidem
3142 4257 3393 4330 apposite
3424 4257 3491 4310 ad
3523 4271 3720 4310 nomen

2150 4348 2459 4419 Tragmdite
2489 4350 2811 4419 Πλυντρίας,
2847 4352 2998 4422 νίψαι
3028 4365 3316 4422 reponere,
3358 4348 3585 4412 Lavato,
3609 4356 3717 4401 etc.

469 4438 671 4493 tamin?
700 4438 852 4503 Quod
894 4439 938 4494 si
988 4440 1174 4495 vicero
1219 4441 1283 4493 de
1324 4441 1583 4495 versibus
1609 4439 1744 4495 falso
1775 4438 2035 4509 Sophocli

2141 4438 2420 4504 Πέπλους
2456 4456 2518 4493 τε
2549 4440 2719 4509 νίψαι
2750 4441 3140 4506 λινοπλυνεῖς
3170 4439 3219 4494 τ’
3257 4437 3612 4501 ἐπενδύτιις.

468 4530 776 4592 attributis,
799 4530 965 4585 etiam
998 4530 1132 4585 illud
1154 4530 1564 4587 evidentissima
1580 4531 1876 4595 constabit,
1899 4531 2045 4599 quod

468 4620 599 4673 olim
635 4619 790 4675 Philo
809 4618 1112 4675 Herennius
1140 4629 1196 4675 et
1227 4632 1449 4691 patrum
1477 4623 1737 4676 memoria
1766 4620 1880 4676 .los.
1915 4620 2048 4675 Sea-

480 4711 617 4778 Iiger
651 4711 915 4779 suspicati
962 4719 1090 4767 sunt
1124 4730 1143 4766 :
1173 4724 1370 4783 nempe
1412 4713 1613 4767 librum
1649 4711 1799 4767 illum
1837 4711 1910 4765 De
1944 4710 2047 4765 Ju-

481 4801 631 4864 dwis,
658 4803 752 4871 qui
789 4802 890 4856 sub
926 4801 1157 4858 Hecataei
1190 4804 1413 4858 nomine
1456 4802 1752 4865 ferebatur,
1793 4819 1821 4856 a
1861 4803 2050 4860 Judzro

482 4893 723 4963 quodam
754 4894 1051 4950 liellenista
1102 4895 1283 4951 fuisse,
1326 4894 1662 4951 conlletum:
1722 4896 1868 4949 velut
1920 4896 2050 4950 Ari-

394 5002 407 5013 -
475 4993 648 5037 steam
671 4985 824 5038 illum
860 4984 978 5055 pari
1008 4984 1272 5053 facinore,
1302 5001 1465 5054 quem
1491 4987 1900 5056 supposititinm
1927 5002 2051 5042 esse

476 5074 806 5128 convincunt
832 5082 956 5144 post
972 5075 1226 5130 eumdem
1245 5074 1581 5145 Scaligerum
1604 5076 1694 5131 alii
1719 5077 1854 5131 bene
1872 5074 2047 5143 multi,

476 5163 532 5217 in
563 5165 764 5234 quibus
783 5166 1027 5221 omnium
1054 5165 1371 5222 doctissime
1399 5173 1454 5219 et
1483 5162 2051 5233 copiosissimellum-

479 5253 664 5311 l'rcdus
699 5255 928 5324 Hodius,
961 5258 1045 5312 cui
1096 5258 1325 5312 multum
1371 5255 1760 5312 olitn'debebit
1809 5255 2047 5310 Historia

480 5347 879 5405 ecclesiastica.

551 5435 648 5508 Ep.
698 5455 751 5509 p.
792 5440 880 5494 33.
922 5441 1280 5512 Εὒηρότατον.
1317 5440 1516 5495 Suidas
1564 5439 1616 5493 in
1654 5438 1853 5495 Lexico
1893 5460 1903 5493 :
1942 5441 2046 5493 1ἰύ-

478 5529 741 5597 ηρότατον
769 5532 828 5584 τὸ
860 5531 1031 5598 καλὴν
1061 5532 1180 5603 ἔχον
1214 5533 1339 5604 γῆν,
1368 5534 1430 5586 τὸ
1475 5532 1758 5585 κάλλιστον
1786 5532 1883 5602 τῆς
1925 5533 2047 5602 γῆς.

478 5612 748 5690 Εὐήροτον
762 5620 822 5674 τὸ
841 5621 1018 5685 καλῶς
1040 5621 1462 5694 ἢροτριωμένον,
1485 5622 1649 5677 Vides
1681 5637 1806 5676 eum
1841 5633 2049 5677 utrum-

481 5718 588 5775 que
602 5709 924 5765 vocabulum
960 5727 1279 5783 agnoscere,
1301 5714 1630 5786 εὐηρότατον
1646 5714 1866 5784 quidem
1892 5727 2046 5770 com-

2220 4530 2395 4601 Epist.
2440 4546 2493 4601 p.
2547 4531 2639 4595 60.
2688 4547 2739 4587 ν.
2790 4531 2882 4597 29,
2941 4533 3117 4587 adde:
3161 4532 3306 4586 Idem
3365 4526 3719 4597 Ilesycliius:

2149 4623 2381 4691 Κυδρὺς,
2405 4610 2635 4687 ἔνδοξοί,
2685 4623 2778 4677 καὶ
2801 4622 3073 4697 τὰρμοια,
3097 4621 3362 4691 γαυριῶν,
3394 4617 3670 4672 πεπιοῶν
3703 4617 3716 4634 ⁸

2150 4714 2405 4786 εὐρίτιδις
2434 4714 2703 4782 συγκοπὸν
2730 4713 2787 4767 δὲ
2813 4712 2907 4766 τοῦ
2940 4714 3137 4784 κύδρος
3183 4710 3590 4780 Καλλίστρατος
3620 4724 3720 4759 περ

2151 4805 2374 4868 ποιθὼς.
2396 4805 2687 4875 Nunquam
2710 4805 3018 4875 quidquam
3050 4804 3161 4860 vidi
3187 4803 3550 4873 inquinatius.
3584 4798 3723 4867 Lege

2151 4895 2413 4966 γαυριῶν,
2441 4895 2734 4959 πεποιθὼς,
2768 4896 2893 4948 Ἴων
2920 4893 3245 4965 Εὑριτίδαις·
3271 4893 3517 4961 συγκοπῇ
3541 4888 3598 4941 δὲ
3629 4886 3721 4940 τοῦ

2142 4987 2382 5055 ρκῦδος.
2432 4986 2858 5058 Καλλίστρατος.
2900 4986 3123 5040 verbum
3172 4984 3317 5037 enim
3365 4981 3722 5037 novissimum

2151 5079 2426 5141 πεποιθὼς
2451 5087 2537 5134 est
2566 5079 2880 5134 emendatio
2917 5077 3011 5131 τοῦ
3046 5072 3343 5130 πεποιθῶν.
3385 5073 3518 5128 Vide
3548 5072 3723 5141 Epist.

2152 5183 2272 5237 pag.
2315 5168 2404 5232 '55-,
2448 5168 2538 5229 3i,
2586 5167 2676 5221 39.
2730 5166 2798 5219 Et
2836 5166 3187 5221 Callistratus
3230 5164 3450 5233 quidem
3491 5161 3650 5225 κῦδος
3693 5179 3723 5215 a

2151 5258 2344 5328 κυδρὸς
2371 5256 2592 5310 deducit
2623 5259 2871 5325 συγκοπῇ
2902 5255 2993 5308 τοῦ
3020 5274 3082 5322 ρ,
3113 5254 3204 5308 alii
3239 5253 3477 5308 vicissim
3533 5252 3724 5321 κυδρδς

2152 5363 2180 5400 a
2214 5348 2371 5411 κῦδος
2396 5348 2646 5402 derivant
2668 5347 2949 5399 ἐπενθέσει
2976 5346 3070 5399 τοῦ
3095 5364 3153 5413 ρ.
3190 5346 3363 5414 Etym.
3404 5360 3584 5413 magn.
3614 5342 3726 5396 Κῦ-

2150 5438 2255 5499 δος,
2286 5438 2591 5507 κυδότερος,
2623 5437 2935 5501 κυδότατος,
2970 5437 3290 5505 πλεονασμῷ
3320 5435 3377 5487 δὲ
3399 5434 3491 5488 τοῦ
3517 5452 3557 5503 ρ
3582 5436 3725 5503 ﬁve.

2149 5544 2240 5581 ται
2266 5526 2482 5597 κυδρός.

2222 5620 2324 5688 Ep.
2381 5634 2435 5687 p.
2487 5618 2577 5682 78,
2624 5635 2675 5672 ν.
2732 5620 2825 5680 30,
2876 5618 3014 5674 adde
3067 5639 3080 5674 ε
3136 5602 3440 5674 Martianus
3502 5618 3724 5688 Capella

2150 5712 2249 5766 lib.
2302 5726 2401 5781 ιιι,
2450 5725 2571 5781 cap.
2614 5711 2681 5767 de
2727 5709 2993 5784 AnaIOgia
3032 5731 3045 5767 :
3095 5712 3322 5781 Encas,
3389 5711 3721 5783 Pythagoras
