4032 6138
338 264 446 326 737

1270 277 1365 335 DE
1396 278 1581 338 JOAN
1591 279 1637 355 Ν
1646 280 1716 338 IS
1750 280 2070 340 MALALE
2110 284 2766 351 CHRONOGPAPHIA

3497 287 3610 353 738

340 383 512 454 Lycas
563 384 777 488 faciunt
823 387 1031 488 Elaeae,
1068 390 1422 488 Pythagorea,
1451 393 1660 488 Lycw._
1686 397 1921 461 Quando
1954 434 1991 488 Α
2025 406 2180 455 tuum
2210 400 2650 472 Testamentum,
2676 406 2790 476 jam
2826 406 2940 462 fere
2968 404 3037 463 ad
3078 405 3406 482 umbilicum
3434 421 3613 471 usque

341 488 533 531 nostra
566 477 778 534 ratione
810 480 1057 545 nomina,
1087 496 1208 549 quae
1255 483 1498 551 genitivo
1537 486 1588 538 in
1618 485 1661 537 E
1693 496 1918 550 exeunt,

341 567 681 622 nominativo
712 569 753 620 Α
793 568 1096 637 liniuntur;
1130 579 1186 625 ut
1220 570 1475 626 Catilina:
1500 574 1763 631 Catilina.
1814 575 1920 630 Sed

341 658 459 713 inec
489 656 676 712 Cra-ca
705 668 853 725 sunt,
878 660 999 715 ideo
1023 661 1078 714 in
1114 663 1462 717 nominativo
1496 662 1535 717 S
1567 665 1802 719 litteram
1837 681 1923 719 re-

341 751 540 804 tinent.
579 749 837 815 Quaedam
874 758 1057 807 tamen
1111 753 1349 823 perdunt
1389 753 1427 808 S
1453 755 1691 809 litteram
1736 756 1790 810 in
1823 771 1924 811 no-

341 840 629 904 minativo,
672 838 977 906 ut'Nictea,
1021 841 1248 899 Medica.
1283 843 1431 913 Ergo
1467 847 1521 900 in
1555 846 1640 902 his
1671 848 1925 903 nomina-

339 931 466 984 tivis
502 934 845 989 consuetudo
877 935 1146 989 servanda
1178 945 1282 992 est.
1331 936 1431 993 Ubi
1477 939 1768 1010 legendum
1813 947 1921 1006 est,

343 1020 504 1076 Nicia
534 1035 589 1078 et
612 1023 830 1079 Demea.
854 1025 989 1082 Vide
1018 1026 1195 1097 Epist.
1225 1042 1349 1099 pag.
1380 1029 1469 1083 85.

412 1114 509 1183 Ep.
541 1131 595 1185 p.
626 1117 713 1183 75,
746 1134 797 1171 v.
823 1117 913 1172 55.
941 1116 1047 1173 Sed
1067 1135 1342 1189 nusquam
1362 1122 1491 1175 alibi
1531 1116 1641 1175 tam
1668 1114 1924 1191 frequens

339 1220 531 1261 earum
560 1209 834 1263 vocalium
866 1209 978 1282 [95]
1009 1212 1153 1267 inter
1181 1227 1239 1267 se
1265 1214 1595 1281 permutatio
1624 1223 1729 1278 est,
1759 1229 1922 1284 quam

342 1298 398 1350 in
438 1296 473 1350 2
497 1299 663 1354 codd.
697 1316 832 1357 mss.
868 1303 1032 1373 longe
1075 1304 1508 1374 antiquissimis,
1552 1305 1925 1361 Alexandrino

341 1405 454 1445 uno
483 1392 538 1445 in
572 1392 904 1450 bibliotheca
939 1397 1127 1467 Regia,
1147 1397 1240 1468 qui
1269 1397 1480 1467 integra
1504 1398 1726 1453 exhibet
1753 1397 1925 1453 Biblia

340 1490 398 1535 et
429 1481 792 1552 Epistolas-8.
823 1485 1125 1542 Clementis
1175 1488 1245 1542 ad
1298 1488 1627 1544 Corinthios
1665 1504 1677 1541 :
1724 1487 1928 1544 Canta-

342 1571 606 1641 brigiensi
656 1583 841 1630 autem
897 1576 1094 1642 altero,
1149 1578 1345 1633 mulilo
1377 1578 1601 1648 quidem
1645 1584 1699 1633 et
1731 1577 1927 1632 decur-

342 1671 490 1729 tato;
532 1667 735 1737 quippe
773 1670 865 1738 qui
900 1670 1038 1723 Acta
1080 1668 1350 1724 duntaxat
1379 1668 1573 1724 habeat
1608 1675 1662 1723 et
1690 1683 1927 1738 evange-

2026 491 2348 559 perductum
2388 513 2403 548 ε
2455 512 2564 564 quo
2596 497 2650 550 in
2691 512 2882 566 Opere,
2908 499 3015 553 nisi
3061 512 3284 554 vererer
3324 512 3511 553 coram
3545 497 3609 551 in

2022 594 2085 633 os
2115 590 2169 635 te
2203 582 2449 651 laudare,
2475 585 2713 642 dicerem
2745 590 2910 657 qua'm
2953 589 3122 658 longo
3155 588 3446 643 intervallo
3470 587 3612 642 alio-

2024 687 2142 725 rum
2172 674 2418 729 omnium
2454 677 2508 730 in
2543 692 2611 732 eo
2634 694 2833 748 genere
2870 679 3091 735 labores
3116 690 3243 750 post
3272 688 3327 734 te
3369 679 3611 746 relique-

2023 764 2120 817 ris.
2150 762 2233 816 “Ea
2269 774 2524 835 typorum
2554 770 2825 838 elegantia
2856 780 2941 825 est
2965 777 3020 824 et
3067 768 3510 840 magniﬁcentia;
3540 782 3609 822 ea

2025 851 2080 904 in
2106 852 2558 912 adnotationibus
2576 859 2817 914 eruditio
2847 859 3049 923 elucet,
3076 861 3133 913 in
3162 857 3332 912 variis
3355 856 3610 910 lectioni-

2025 943 2127 998 bus
2166 944 2443 1001 industria
2479 964 2493 1000 :
2521 949 2720 1018 quippe
2744 951 2948 1004 ctenim
2973 951 3039 1005 ad
3065 964 3186 1004 eam
3215 951 3429 1018 copiam
3460 960 3611 1000 com-

2026 1035 2333 1102 parandam
2358 1038 2542 1092 omnia
2598 1037 2659 1093 S.
2692 1038 2919 1094 Patrum
2966 1041 3197 1110 scripta,
3241 1053 3436 1092 omnes
3462 1035 3610 1089 anti-

2024 1140 2167 1194 quas
2217 1128 2522 1196 versiones,
2571 1138 2626 1185 et
2672 1131 2944 1185 inﬁnitam
2988 1132 3097 1187 vim
3131 1130 3290 1187 codd.
3340 1144 3474 1183 mss.
3516 1141 3614 1181 cu-

2024 1216 2174 1271 riose
2206 1221 2529 1275 excussisti.
2569 1221 2863 1277 Enimvero
2910 1223 3043 1277 mihi
3085 1221 3432 1277 stomachum
3477 1218 3613 1272 sub-

2027 1306 2154 1361 inde
2179 1318 2399 1364 movent
2428 1311 2663 1380 imperiti
2699 1311 2922 1382 quidam
2954 1312 3209 1366 homines
3239 1319 3291 1364 et
3316 1309 3470 1362 nullo
3505 1322 3611 1362 usu

2026 1398 2292 1453 bonarum
2329 1400 2642 1459 litterarum
2692 1402 2930 1471 praediti,
2966 1398 3062 1472 qui
3092 1416 3311 1456 omnem
3358 1412 3610 1469 Operam,

2026 1503 2150 1557 (tua:
2180 1490 2235 1543 in
2271 1491 2442 1546 variis
2486 1493 2827 1548 lectionibus
2871 1493 3199 1562 colligendis
3248 1490 3611 1559 impenditur,

2028 1589 2122 1633 aut
2158 1581 2409 1635 inutilem
2432 1597 2558 1637 esse
2583 1584 2903 1638 existimant
2926 1593 3021 1637 aut
3049 1581 3312 1637 Ecclesia.-
3340 1579 3614 1650 periculo-

2027 1684 2167 1724 sam.
2204 1670 2407 1726 Eorum
2438 1688 2538 1743 ego
2566 1687 2872 1738 sermones,
2897 1690 3211 1745 quanquam
3248 1672 3455 1742 indigni
3480 1679 3616 1727 sunt

344 1755 541 1822 listas;
585 1772 777 1812 verum
810 1760 954 1814 idem
994 1775 1025 1814 e
1064 1761 1290 1830 regione
1319 1766 1561 1814 ostentat
1596 1758 1928 1828 interpreta-
1963 1759 2003 1814 Β
2032 1775 2267 1830 quorum
2322 1763 2435 1817 ulla
2486 1765 2628 1820 ratio
2682 1763 2973 1828 habeatur,
3033 1780 3143 1820 uno
3197 1767 3252 1819 in
3315 1764 3614 1834 praesentia

344 1845 553 1901 tionem
596 1856 840 1904 veterem
879 1849 1129 1905 Latinam
1158 1850 1226 1905 ad
1250 1846 1485 1906 verbum
1518 1851 1586 1906 de
1609 1850 1802 1905 Graeco
1828 1866 1927 1907 ex-

338 1952 620 2007 pressam,
650 1940 1036 2012 dignissimam
1061 1957 1197 1998 sane
1220 1959 1344 2013 quae
1373 1958 1438 1998 ex
1466 1943 1743 1998 oblivione
1763 1950 1930 2013 atque

344 2032 593 2089 tenebris
622 2033 846 2088 tandem
897 2034 1198 2104 aliquando
1230 2036 1283 2089 in
1314 2035 1492 2089 lucem
1524 2034 1744 2090 edatur.
1792 2035 1925 2090 Sero

347 2131 549 2179 vantur
595 2126 763 2179 etiam
800 2125 997 2181 Oxonii
1040 2126 1181 2181 Acta
1219 2128 1615 2197 apostolorum,
1649 2134 1929 2183 vetustate

346 2216 572 2285 quidem
616 2218 754 2287 pari,
790 2219 884 2273 sed
925 2219 1181 2274 versione
1222 2219 1456 2273 multum
1488 2219 1746 2287 diversa;
1774 2227 1828 2275 et
1872 2219 1927 2274 in

345 2305 523 2360 Gallia
554 2306 795 2377 denique
821 2306 1077 2377 Epistolas
1100 2309 1282 2363 sancti
1318 2307 1500 2374 Pauli,
1530 2309 1626 2378 qui
1670 2308 1846 2364 codex
1872 2317 1928 2364 et

345 2398 677 2468 antiquitate
707 2407 763 2453 et
791 2398 988 2454 Latina
1019 2401 1274 2455 versione
1315 2407 1482 2470 atque
1502 2400 1640 2455 adeo
1672 2399 1926 2470 Scriptu-

346 2505 419 2545 ra:
449 2499 503 2545 et
525 2491 825 2548 voluminis
849 2492 1022 2549 forma
1054 2492 1499 2562 Cantabrigiensi
1532 2501 1722 2549 nostro
1747 2494 1927 2548 simil-

344 2583 514 2637 limus
572 2590 657 2638 est
713 2591 768 2639 et
812 2585 1296 2652 germanissimus.
1329 2584 1508 2654 Atque
1557 2584 1674 2639 haec
1703 2586 1925 2655 quidem

346 2675 475 2726 talia
503 2674 1000 2744 exemplaria,cum
1027 2676 1148 2731 aliis
1175 2676 1637 2732 omnibus‘ubivis
1659 2677 1923 2747 gentium,

342 2764 491 2834 quod
524 2765 797 2831 sciamus,
834 2766 996 2835 longe
1030 2767 1296 2836 longeque
1330 2775 1383 2821 et
1409 2767 1682 2836 dignitate
1710 2777 1764 2827 et
1792 2776 1929 2823 tem-

344 2871 478 2924 pore
515 2857 870 2922 antecedant,
914 2871 1094 2927 neque
1128 2856 1433 2928 quidquam
1469 2858 1633 2913 hodie
1682 2860 1927 2929 supersit

342 2946 527 3002 simile
549 2956 647 3001 aut
663 2948 1001 3014 secundum,
1019 2965 1144 3004 cum
1165 2940 1333 3005 tineis
1352 2950 1678 3020 (prohdolor
1702 2953 1740 3022 ι)
1761 2961 1927 3022 atque

343 3041 599 3095 muribus
626 3041 931 3106 luctantur,
957 3050 1013 3098 et
1030 3050 1153 3096 utut
1183 3042 1252 3097 iis
1274 3031 1542 3097 incendia
1559 3044 1923 3114 pepercerint,

343 3135 466 3202 ipso
488 3135 648 3190 senio
686 3137 835 3190 intra
866 3151 1047 3191 annos
1092 3151 1301 3207 paucos
1331 3153 1440 3194 non
1476 3139 1639 3194 dubie
1679 3139 1924 3209 peritura

344 3231 495 3278 sunt.
519 3223 602 3279 Tu
633 3240 787 3291 vero,
813 3225 947 3280 Milli
987 3225 1336 3293 doctissime,
1370 3229 1464 3300 qui
1492 3231 1736 3284 omnium
1775 3246 1922 3287 mor-

340 3314 539 3369 talium
572 3317 814 3372 maxime
845 3317 901 3372 in
932 3333 998 3374 eo
1053 3319 1242 3375 studio
1284 3329 1538 3377 versatus
1574 3337 1656 3386 es,
1686 3330 1793 3377 no‘n
1830 3340 1926 3394 pa-

340 3408 501 3462 tieris
538 3408 683 3463 hanc
714 3408 932 3464 laudem
962 3411 1059 3466 tibi
1090 3412 1334 3482 praeripi,
1368 3414 1464 3468 sed
1498 3415 1802 3470 maturabis
1831 3431 1925 3470 ve-

343 3500 589 3554 neranda
644 3501 739 3555 illa
779 3503 1014 3572 pignora
1056 3511 1109 3558 et
1142 3515 1504 3560 monumenta
1548 3508 1843 3563 vetustatis
1893 3522 1925 3562 a

340 3589 453 3644 situ
482 3601 537 3645 et
578 3590 808 3647 interitu
865 3593 1172 3648 vindicare.
1200 3593 1421 3651 Scimus
1464 3597 1609 3651 enim
1648 3605 1704 3652 te
1727 3599 1923 3653 horum

341 3669 589 3735 ontnium
625 3680 922 3737 editionem
960 3683 1299 3751 instituere,l
1332 3699 1455 3755 qua:
1476 3702 1583 3740 una
1626 3688 1824 3757 pagina
1872 3697 1927 3744 et

341 3769 396 3822 in
427 3786 539 3824 uno
565 3782 871 3843 conspectu
907 3773 1157 3829 codicem
1197 3774 1356 3831 Alex.
1401 3777 1506 3847 qui
1531 3776 1793 3832 familiam
1818 3779 1927 3833 du-

341 3869 450 3927 cet,
491 3869 546 3917 et
584 3862 1105 3933 Cantabrigiensem
1151 3880 1276 3920 cum
1315 3869 1573 3923 versione
1603 3883 1724 3932 sua,
1762 3876 1927 3937 atque

342 3952 435 4007 ubi
465 3953 553 4007 hic
583 3953 794 4021 deﬁcit,
826 3954 1199 4014 Oxoniensem
1240 3958 1502 4029 deinceps
1548 3967 1716 4029 atque
1756 3958 1928 4013 Galli—

336 4061 467 4100 cum
506 4057 866 4116 repraesentet
893 4066 907 4104 :
938 4067 1062 4121 qua:
1089 4050 1337 4121 singulas
1368 4051 1583 4107 litteras
1613 4060 1778 4121 atque
1811 4052 1927 4120 api-

339 4154 433 4195 ces
464 4142 885 4211 exemplarium,
918 4145 1087 4198 etiam
1138 4143 1230 4198 ubi
1272 4159 1304 4197 a
1350 4143 1594 4198 librariis
1637 4153 1923 4211 peccatum

336 4242 443 4299 est,
471 4243 727 4289 accurate
749 4248 801 4291 et
824 4237 1083 4306 religiose
1106 4239 1503 4307 subsequatur.
1527 4235 1672 4309 Nihil
1701 4237 1775 4289 illi
1797 4250 1928 4305 pur-

338 4341 491 4393 purat
522 4336 781 4382 assuetur
807 4327 1052 4383 discolor
1091 4338 1188 4383 aut
1211 4329 1524 4395 diversum;
1552 4329 1719 4381 nulla:
1749 4328 1924 4381 inter-

341 4411 694 4485 punctioncs,
729 4419 892 4472 nullae
920 4428 1062 4472 notm
1089 4426 1444 4481 accentuum,
1479 4420 1711 4487 quorum
1743 4417 1925 4471 omnis
1957 4438 2000 4492 ι)

340 4508 504 4562 hodie
528 4509 673 4563 ratio
707 4517 1042 4579 praepostera
1068 4516 1151 4563 est
1181 4518 1346 4578 atque
1375 4523 1631 4583 perversa
1664 4525 1679 4561 :
1704 4508 1839 4561 adeo
1868 4516 1929 4560 ut

340 4600 435 4669 qui
486 4610 634 4655 tuam
667 4600 968 4656 editionem
1021 4600 1129 4656 sibi
1160 4600 1606 4670 .comparaverit,
1665 4598 1781 4668 ipsa
1837 4598 1928 4651 illa

339 4693 744 4760 prottemodum
800 4692 1098 4761 archetypa
1170 4706 1397 4746 versare
1449 4690 1713 4744 manibus
1767 4697 1932 4759 atque

340 4783 522 4838 oculis
554 4798 823 4852 usurpare
856 4782 1130 4838 videatur.
1165 4783 1239 4837 Ea
1292 4798 1381 4839 res
1432 4782 1587 4845 olim,
1630 4792 1689 4835 ut
1719 4792 1928 4836 eertum

338 4881 425 4929 est
459 4876 780 4943 augurium,
814 4884 866 4928 et
894 4873 1193 4928 Britanniae
1228 4881 1429 4927 nostrae
1462 4870 1744 4941 splendori
1805 4870 1929 4930 erit,

339 4974 396 5021 et
432 4968 693 5022 Ecclesize
746 4967 1012 5037 praesidio
1053 4985 1066 5019 :
1116 4975 1242 5019 tuos
1294 4980 1426 5018 vero
1468 4964 1663 5032 utique
1713 4962 1933 5015 labores

340 5060 707 5131 amplissimis
764 5060 1004 5129 prmmiis
1047 5056 1160 5130 [96]
1200 5066 1366 5127 atque
1410 5054 1715 5111 immortali
1761 5053 1933 5123 gloria

314 5153 749 5225 vrompensabit.
784 5150 961 5205 Macte
1001 5151 1106 5204 ista
1148 5150 1352 5219 pietate
1372 5156 1428 5202 et
1454 5146 1737 5216 diligentia
1788 5150 1930 5201 esto.

342 5247 402 5301 in
436 5257 486 5302 te
501 5263 694 5301 onmcs
714 5261 810 5300 ora
846 5252 1014 5314 atque
1039 5241 1236 5297 oculos
1258 5240 1660 5301 convertimus,
1689 5246 1744 5291 te
1767 5251 1932 5290 unum

345 5341 400 5394 in
435 5340 538 5395 hoc
580 5337 924 5393 curriculum
966 5348 1228 5389 vocamus
1261 5350 1273 5385 :
1310 5331 1415 5402 ipsi
1448 5329 1668 5386 codices
1696 5327 1932 5382 celerem

346 5440 499 5489 tuam
533 5444 693 5500 opem
729 5427 1025 5496 implorant
1054 5431 1109 5479 et
1136 5422 1382 5491 ﬂagitant
1413 5440 1425 5472 :
1454 5418 1586 5488 quid
1612 5432 1803 5472 cessas
1841 5431 1939 5485 per

348 5517 561 5576 medias
630 5522 826 5575 laudes
890 5528 944 5573 et
1013 5515 1317 5571 faventium
1393 5512 1625 5582 plausus
1686 5509 1936 5565 secundo

350 5624 575 5664 minore
630 5610 876 5677 ingredi?
913 5608 996 5661 Tu
1036 5621 1187 5666 vero.
1241 5612 1302 5657 ut
1344 5600 1593 5671 polliceri
1629 5603 1698 5654 de
1733 5609 1786 5655 te
1811 5613 1936 5668 pos-

349 5716 499 5765 sum,
538 5700 709 5755 iacies
745 5702 797 5755 id
855 5700 1086 5765 sedulo;
1120 5698 1285 5753 simul
1321 5704 1487 5766 atque
1534 5692 1701 5750 exibit
1726 5692 1935 5747 Novum

1946 3088 1995 3147 C

2029 1855 2278 1924 exemplo
2310 1857 2644 1912 retundam:
2702 1873 2814 1927 quo
2858 1859 3208 1929 perspicuum
3251 1858 3354 1912 erit
3398 1857 3613 1911 minuta

2029 1946 2279 2015 quaedam
2327 1955 2381 2002 et
2425 1947 2606 2018 prima
2654 1950 2847 2020 utique
2889 1931 3075 2020 specie
3110 1950 3390 2004 levissima
3446 1962 3616 2017 posse

2030 2052 2257 2107 magnas
2285 2037 2638 2096 diﬁioultates
2682 2041 2963 2108 expedire.
2990 2040 3168 2096 Locus
3199 2051 3282 2095 est
3302 2054 3425 2109 cap.
3456 2055 3519 2093 -ιν
3556 2039 3615 2092 in

2029 2127 2204 2198 Epist.
2237 2129 2303 2183 ad
2343 2129 2593 2195 Galatas,
2622 2131 2719 2201 qui
2745 2132 2813 2186 ab
2845 2134 3070 2187 ineunte
3107 2132 3222 2187 fere
3270 2130 3613 2185 Christiani-

2030 2235 2353 2290 smousque
2401 2221 2466 2275 ad
2519 2223 2663 2278 hanc
2694 2224 3013 2278 memoriam
3067 2224 3421 2277 doctissimos
3464 2222 3616 2277 viros

2028 2311 2277 2365 exercuit
2307 2328 2319 2365 :
2344 2310 2437 2366 ‘22.
2470 2312 2786 2381 Γέγραπται
2813 2313 2923 2385 γὰρ
2946 2315 3027 2368 ὅτι
3048 2312 3302 2384 Ἀὖραὰμ
3337 2311 3431 2365 δύο
3462 2312 3616 2376 υἱοὺς

2029 2396 2206 2468 ἔσχεν·
2239 2397 2335 2451 ἕνα
2365 2401 2429 2453 ὲκ
2457 2402 2556 2471 τῆς
2596 2401 2910 2471 παιδίσκης,
2938 2404 3031 2456 καὶ
3058 2402 3157 2456 ἕνα
3187 2403 3250 2455 ὲκ
3279 2403 3377 2471 τῆς
3397 2400 3615 2455 ἐλευθέ-

2030 2505 2151 2560 ρας.
2197 2488 2289 2544 25.
2322 2488 2464 2543 Ἀλλ’
2494 2493 2522 2544 ὁ
2550 2474 2646 2561 μὲν
2681 2494 2745 2546 ὲκ
2776 2495 2875 2563 τῆς
2908 2493 3222 2563 παιδίσκης,
3258 2493 3402 2545 κατὰ
3432 2492 3614 2562 σάρκα

2026 2579 2370 2649 γεγέννηται·
2398 2583 2425 2634 ὁ
2457 2581 2516 2634 δὲ
2543 2583 2608 2636 ἐκ
2641 2583 2740 2653 τῆς
2785 2583 3095 2655 ἐλευθέρας,
3126 2583 3215 2638 διὰ
3243 2583 3343 2652 τῆς
3373 2585 3616 2652 ἐπαγγε-

2025 2667 2167 2732 λίας.
2219 2669 2310 2723 24.
2355 2669 2552 2725 Ἀτινά
2583 2673 2730 2725 ἐστιν
2789 2673 3256 2745 ἀλληγορούμενα”
3292 2666 3453 2726 αὗται
3502 2673 3615 2743 γάρ

2027 2761 2163 2813 εἰσιν
2192 2762 2248 2813 αἱ
2276 2760 2370 2814 δύο
2401 2762 2681 2833 διαθῆκαιο
2718 2763 2815 2834 μία
2868 2763 2968 2835 μὲν
2998 2765 3107 2818 ἀπὸ
3157 2764 3316 2834 ὅρους
3350 2765 3500 2827 Σινᾶ,
3533 2766 3615 2828 εἰς

2026 2851 2270 2905 δουλείαν
2292 2853 2559 2921 γεννῶσα,
2576 2856 2700 2926 ἣτις
2718 2857 3073 2929 ἐστὶννΑγαρ.
3100 2857 3191 2912 25.
3215 2857 3289 2910 Τδ
3318 2857 3615 2928 γὰρἈγαρ

2026 2942 2157 2996 Σινᾶ
2184 2943 2310 3016 ὅρος
2336 2945 2484 2999 ἐστὶν
2514 2947 2573 2999 ὲν
2613 2947 2679 3017 τῆ
2717 2947 2966 3020 Ἀραϐίᾳ,
3017 2952 3295 3019 συστοιχεῖ
3322 2947 3379 3002 δὲ
3416 2950 3484 3020 τῇ
3517 2948 3615 3002 νῦν

2042 3033 2416 3108 Ἰερουσαλὴμ,
2461 3036 2703 3093 δουλεύει
2738 3040 2795 3093 δὲ
2847 3042 2986 3111 μετὰ
3030 3041 3138 3094 τῶν
3168 3042 3374 3096 τέκνων
3419 3041 3612 3111 αὐτῆς.

2030 3125 2125 3180 26;
2156 3127 2219 3180 Ἡ
2248 3126 2306 3182 δὲ
2328 3129 2441 3182 ἄνω
2473 3128 2829 3203 Ἰερουσαλὴμ
2857 3131 3120 3205 ἐλευθέρα
3144 3134 3311 3197 ἐστὶν,
3347 3134 3471 3204 ἥτις
3497 3133 3617 3185 ἐστὶ

2036 3219 2220 3290 μήτηρ
2266 3218 2485 3273 πάντων
2528 3220 2709 3292 ἡμῶν.
2743 3222 2968 3277 Memini
3018 3224 3300 3294 equidem,
3334 3223 3488 3283 Mulli,
3524 3238 3617 3278 me

2030 3327 2140 3365 non
2181 3312 2255 3365 ita
2280 3312 2488 3381 pridem
2527 3328 2559 3367 a
2588 3320 2642 3369 te
2671 3327 2951 3386 rogatum,
2977 3325 3037 3369 ut
3074 3319 3143 3369 de
3173 3312 3481 3384 perdiﬁicili
3512 3315 3619 3369 hoc

2032 3398 2154 3455 loco
2198 3402 2467 3472 judicium
2520 3419 2706 3458 meum
2777 3407 3208 3476 interponerem,
3258 3407 3619 3461 vehementer

2032 3497 2378 3564 approbasse
2397 3497 2730 3552 sententiam
2762 3504 2936 3562 tuam,
2975 3513 3139 3568 quam
3174 3499 3228 3552 in
3256 3498 3351 3553 illa
3373 3509 3467 3552 tua
3494 3499 3584 3554 edi
3603 3527 3617 3539 -

2033 3588 2183 3643 tione
2232 3588 2490 3658 posuisti.
2556 3587 2745 3659 Neque
2778 3589 2922 3644 enim
2975 3590 3229 3645 eumdem
3269 3602 3510 3645 montem
3562 3598 3619 3645 et

2033 3678 2266 3747 Agarem
2301 3688 2555 3734 vocatum
2581 3695 2702 3736 esse
2729 3689 2785 3734 et
2817 3679 3028 3744 Sinam,
3053 3677 3233 3752 neque
3261 3698 3409 3755 vero
3445 3682 3616 3736 ullum

2033 3778 2268 3836 Usquam
2316 3769 2563 3839 gentium
2605 3784 2670 3824 eo
2705 3770 2927 3826 nomine
2958 3779 3207 3828 notatum
3239 3786 3386 3833 esse,
3439 3788 3618 3842 neque

2032 3872 2201 3927 porro
2227 3859 2461 3928 Agarem
2487 3874 2701 3914 servam
2731 3861 2799 3930 (si
2831 3859 2900 3915 de
2922 3876 3080 3915 serva
3112 3861 3267 3915 malit
3296 3860 3417 3933 [97]
3466 3862 3619 3931 quis-

2035 3950 2204 4019 piam,
2233 3966 2399 4018 quam
2427 3952 2493 4005 de
2513 3960 2698 4004 monte
2735 3952 3006 4022 accipere)
3042 3953 3099 4006 in
3133 3954 3323 4008 eadem
3355 3953 3616 4023 allegoria

2032 4049 2087 4095 et
2120 4038 2289 4096 monti
2333 4043 2672 4113 respondere
2714 4058 2898 4113 posse,
2929 4052 2983 4099 et
3026 4045 3128 4114 legi
3162 4060 3286 4115 qua:
3323 4060 3389 4099 ex
3431 4057 3616 4098 monte

2032 4135 2375 4207 promulgata
2402 4144 2485 4190 est
2515 4153 2527 4189 :
2561 4147 2731 4205 atque
2758 4136 2845 4191 his
2864 4137 2932 4191 de
2955 4138 3216 4191 causisin
3240 4137 3458 4192 diversa
3482 4151 3616 4193 eon-

2033 4227 2156 4280 silia
2189 4226 2325 4279 itum
2361 4241 2485 4282 esse
2526 4227 2596 4281 ab
2644 4228 2908 4296 antiquis,
2936 4243 3170 4297 quorum
3204 4228 3294 4303 alii
3336 4229 3485 4290 Σινᾶ.
3518 4228 3613 4283 sed

2035 4317 2218 4386 plures
2278 4316 2353 4370 Τὸ
2377 4318 2486 4387 γὰρ
2518 4319 2695 4388 Ἀγαρ
2718 4334 2749 4373 e
2775 4319 2931 4373 libris
2957 4318 3302 4374 sustulerunt
3332 4337 3346 4372 :
3379 4333 3613 4386 quaeau-

2034 4414 2143 4461 tem
2163 4416 2354 4462 nostra
2377 4417 2432 4459 et
2460 4404 2682 4460 Patrum
2714 4409 2979 4461 memoria
3004 4408 3103 4461 viri
3135 4407 3315 4476 magni
3341 4421 3614 4461 commen-

2033 4498 2130 4551 tati
2167 4508 2316 4564 sunt,
2347 4507 2558 4552 tantum
2595 4503 2791 4554 abesse
2824 4508 2887 4553 ut
2918 4499 3098 4553 locum
3132 4498 3339 4552 faciant
3377 4499 3607 4567 explica-

2033 4591 2254 4656 tiorem,
2299 4600 2359 4643 ut
2392 4589 2552 4644 novis
2600 4591 2767 4644 etiam
2826 4589 3268 4645 obscuritatibus
3313 4591 3608 4643 inxolvant.

2033 4682 2152 4748 Qua
2196 4682 2418 4752 quidem
2450 4682 2762 4744 occasione,
2792 4696 2862 4735 ne
2910 4681 3135 4735 omnino
3179 4679 3489 4749 ἀσύμϐολος
3529 4694 3615 4734 es—

2032 4791 2174 4843 sem,
2209 4774 2611 4842 conjecturam,
2650 4781 2710 4827 ut
2746 4774 2883 4835 scis,
2924 4774 3356 4842 extemporalem
3407 4773 3463 4826 in
3507 4786 3614 4826 me-

2034 4868 2184 4921 dium
2220 4866 2401 4929 attuli,
2432 4880 2555 4934 quae
2593 4865 2759 4920 etiam
2808 4873 2924 4918 tum
2948 4865 3068 4920 visa
3113 4874 3195 4919 est
3234 4864 3301 4919 ad
3330 4866 3611 4919 veritatem

2037 4954 2287 5025 proxime
2339 4954 2625 5008 accedere.
2685 4950 2909 5006 Scilicet
2949 4966 2978 5005 e
3025 4951 3252 5021 regione
3293 4952 3447 5006 verbi
3489 4951 3615 5004 Σινᾶ

2038 5046 2336 5099 adnotasse
2365 5044 2496 5097 olim
2533 5044 2846 5112 quempiam
2873 5042 3244 5095 cnarratiouis
3265 5054 3464 5102 causa,
3488 5041 3615 5093 Σινᾶ

2036 5136 2160 5203 ὅρος
2195 5134 2341 5188 ἐστὶν
2364 5135 2422 5187 ἐν
2466 5136 2534 5203 τῇ
2572 5132 2828 5203 ’Apaoia,
2848 5132 2980 5185 Sina
3008 5132 3131 5195 istc,
3173 5147 3327 5202 quem
3354 5138 3611 5185 memorat

2039 5227 2349 5297 Apostolus,
2381 5241 2529 5279 mons
2563 5225 2776 5278 Arabia:
2806 5236 2882 5277 est
2901 5238 2922 5286 ;
2953 5238 3017 5276 ea
3060 5233 3250 5278 autem
3279 5223 3452 5277 verba
3511 5234 3612 5275 non

2042 5318 2217 5373 multo
2275 5325 2422 5385 post,
2453 5324 2513 5369 ut
2562 5331 2707 5385 saepe
2758 5331 2858 5369 usu
2896 5314 3067 5380 venit,
3093 5315 3159 5370 de
3201 5314 3329 5369 libri
3370 5313 3614 5383 margine

2041 5410 2094 5463 in
2159 5408 2464 5464 orationem
2519 5406 2694 5477 ipsam
2763 5405 3059 5477 irrepsisse
3120 5424 3134 5460 :
3194 5420 3321 5459 nam
3371 5399 3613 5475 Apostuli

2039 5504 2258 5571 quidem
2289 5514 2351 5558 ea
2381 5514 2490 5554 non
2530 5512 2676 5564 esse,
2717 5497 2810 5553 sed
2848 5497 3374 5569 παρεμϐεϐλημέναζ
3397 5510 3469 5549 ex
3500 5494 3614 5565 ipso
3687 5501 3691 5505 ‘

2041 5594 2223 5649 statim
2254 5593 2406 5647 vultu
2437 5600 2491 5645 et
2521 5591 2708 5647 colore
2737 5576 3020 5661 totiusque
3060 5590 3201 5646 adeo
3235 5588 3488 5659 corporis
3523 5583 3612 5645 illo

2042 5680 2298 5759 cog'nosci
2344 5690 2508 5756 posse
2539 5700 2551 5737 :
2581 5691 2636 5740 et
2678 5685 2907 5755 proinde
2940 5700 3025 5741 me
3056 5692 3305 5757 paratum
3340 5697 3465 5740 esse
3493 5678 3610 5734 ὀϐε-
