4032 6138
483 394 586 459 807

1672 382 1735 441 S.
1758 374 2091 443 ANDREIE
2139 373 2561 435 CRETENSIS

3623 369 3729 431 808

484 512 589 554 nos
632 493 1020 551 beneﬁciorum
1084 503 1299 547 summa
1354 497 1484 546 est:
1539 489 1655 544 lucc
1715 486 2044 545 sacramenti

2179 484 2306 537 οῦτο
2332 485 2366 554 ἡ
2414 480 2752 536 κενωθεῖσαί
2790 479 2972 547 φύσις,
3007 475 3141 541 Θεδς
3170 477 3262 531 καὶ
3293 475 3603 546 ἄνθρωπος,
3642 474 3731 528 καὶ

484 583 898 640 manifestatio:
960 580 1077 636 haec
1133 589 1344 637 natura:
1393 579 1728 644 exinanitio,
1803 576 1948 632 Deus
1997 583 2055 632 et

487 677 687 740 homo,
738 673 1116 744 assumptique
1144 672 1391 728 hominis
1432 671 1727 728 deiﬁcatio.
1762 669 2055 724 Enimvero

485 767 561 821 ita
590 774 645 819 et
678 764 954 835 splendidi
987 770 1042 818 et
1074 778 1238 833 quam
1282 764 1519 818 maxime
1545 763 1831 832 conspicui
1857 761 1955 817 Dei
1988 760 2057 816 ad

487 857 742 911 homines
765 856 1073 921 adventus,
1108 854 1334 909 omnino
1383 855 1550 909 etiam
1586 853 1776 924 gaudii
1808 854 2058 908 introdu-

485 947 721 1002 ctorium
752 947 831 1015 (5)
875 946 1121 1016 aliquid,
1163 961 1273 1015 quo
1315 960 1572 1015 magnum
1624 946 1679 999 in
1726 959 1825 999 nos
1863 943 2058 999 salutis

487 1038 694 1094 donum
744 1037 1110 1107 procederet,
1162 1052 1285 1093 esse
1335 1038 1601 1106 oportuit.
1634 1035 1691 1090 ld
1728 1051 1892 1106 porro
1920 1050 2062 1105 prae-

489 1144 619 1185 sens
645 1136 732 1183 est
769 1128 1105 1183 celebritas:
1141 1128 1228 1183 cui
1257 1128 1541 1183 exordium
1574 1127 1822 1197 Deipara:
1858 1127 2062 1183 nativi-

443 1214 449 1220 ’
489 1225 577 1275 tas
603 1228 691 1274 est
717 1236 732 1285 ;
759 1219 1045 1274 conclusio
1080 1227 1261 1273 autem
1300 1227 1356 1275 et
1401 1219 1707 1285 terminus,
1738 1217 1902 1273 Verbi
1935 1232 2060 1272 cum

492 1324 656 1366 carne
695 1310 972 1365 destinata
1004 1311 1311 1380 compactio
1343 1309 1455 1380 (4):
1507 1324 1615 1379 qua
1638 1347 1653 1373 ,
1684 1324 1797 1379 pra:
1826 1307 2063 1362 miracu-

495 1400 565 1454 lis
587 1400 846 1454 omnibus
868 1439 882 1464 ,
918 1415 1058 1455 nova
1107 1401 1346 1455 maxime
1378 1390 1623 1470 expetita
1663 1415 1877 1470 semper
1910 1400 2066 1454 audi-

496 1491 578 1544 tio
604 1489 703 1559 (5),
757 1490 994 1545 diliicilis
1042 1494 1446 1561 comprehensa
1484 1490 1810 1560 occultaque
1835 1498 2062 1545 manet:

496 1596 563 1636 eo
594 1595 654 1635 se
686 1595 947 1651 promens
993 1595 1058 1636 ac
1110 1582 1494 1646 innotescens,
1528 1597 1636 1652 quo
1672 1583 1922 1636 celatur:
1971 1596 2067 1636 eo-

496 1687 607 1743 que
645 1671 974 1729 delitescens
996 1712 1011 1737 ,
1047 1687 1158 1742 quo
1210 1673 1508 1729 innotescit
1536 1688 1602 1727 ac
1633 1673 1924 1742 promitur.

574 1760 713 1817 Hinc
753 1778 922 1828 sane,
961 1763 1147 1816 divine
1170 1764 1499 1832 gravissima
1530 1763 1817 1833 primaque
1846 1762 1961 1817 hmc
1987 1761 2067 1818 fe-

2152 575 2186 645 ἡ
2211 571 2304 627 τοῦ
2340 572 2770 642 προσλήμματος
2816 568 3033 634 θέωσις.
3096 565 3261 621 Ἀλλὰ
3292 567 3391 637 τῆς
3423 564 3568 619 οὕτω
3594 564 3734 636 λαμο

2156 666 2299 737 πρᾶς
2326 681 2385 716 τε
2418 663 2515 717 καὶ
2544 661 3021 732 περιφανεστάτης
3055 657 3192 711 Θεοῦ
3226 658 3363 729 πρὸς
3410 655 3733 727 ἀνθρώπους

2155 752 2471 823 ἐπιδημίας,
2524 748 2632 805 ἔδει
2660 768 2712 803 τι
2744 750 2966 813 πάντως
2999 745 3141 803 εἶναι
3189 751 3285 802 καὶ
3314 750 3490 818 χαρᾶς
3524 747 3735 801 ὲπεισόι

2155 842 2288 906 διον,
2319 842 2385 895 δι’
2413 834 2474 895 οὗ
2503 841 2565 895 τὸ
2601 840 2747 911 μέγα
2783 841 2884 909 τῆς
2919 838 3201 910 σωτηρίας
3229 841 3310 902 είς
3341 840 3487 909 ἡμᾶς
3517 837 3734 909 πρόεισι

2157 934 2350 1006 δῶρον.
2380 933 2452 986 Τδ
2479 933 2536 986 δέ
2559 934 2706 985 ἐστιν
2731 933 2763 1001 ἡ
2797 930 3050 999 παροῦσα
3082 933 3413 1003 πανήγυρις,
3446 929 3733 1001 προοίμιον

2160 1024 2358 1095 ἔχουσα
2380 1025 2479 1095 τῆς
2508 1023 2773 1077 θεοτόκου
2795 1021 2892 1092 τὴν
2918 1024 3173 1093 γέννησιν
3192 1040 3205 1054 °
3253 1022 3626 1093 συμπέρασμα
3654 1021 3734 1086 δὲ,

2160 1116 2259 1184 τῆς
2292 1113 2386 1167 τοῦ
2406 1114 2581 1182 Λόγου
2606 1112 2742 1183 πρὸς
2768 1115 2947 1182 σάρκα
2972 1112 3301 1183 συμπήξεως
3317 1112 3417 1183 τὴν
3446 1111 3732 1176 ἀπόταξιν,

2162 1200 2372 1273 καθ’ἥν
2398 1201 2459 1255 τὸ
2478 1202 2795 1255 καινότατον
2825 1201 3080 1255 ἁπάντων
3110 1204 3169 1254 έν
3186 1201 3460 1271 θαύμασιν
3485 1201 3737 1270 ἄκουσμα

2162 1291 2454 1354 διαπαντὸς
2479 1290 2902 1362 ὲκκαλούμενον,
2932 1291 3240 1360 δύσληπτον
3288 1290 3441 1361 μένει
3483 1292 3580 1344 καὶ
3610 1291 3736 1343 δυσ-

2166 1381 2469 1452 θεώρητονο
2514 1382 2622 1450 ὅσῳ
2662 1380 2964 1451 κρύπτεται
2999 1380 3438 1454 φανερούμενον,
3494 1382 3590 1433 καὶ
3632 1380 3736 1449 ὅσῳ

2169 1470 2499 1542 φανεροῦται
2534 1471 2933 1543 κρυπτόμενον.

2253 1738 2533 1791 Ἐντεῦθεν
2555 1737 2665 1809 ἄρα
2688 1739 2785 1809 τῆς
2818 1738 3114 1810 παρθενίας
3144 1740 3205 1793 τὸ
3229 1740 3345 1810 φῶς
3376 1741 3522 1812 ὑπὲρ
3570 1760 3740 1814 κεφα-

502 1859 587 1907 sta
624 1852 780 1917 dies,
814 1853 1154 1923 virginitatis
1170 1808 1391 1908 ulumen
1444 1808 1630 1908 [erigas
1662 1808 1928 1921 injcapite
1949 1890 1964 1916 ,
1995 1854 2069 1906 si-

2175 1833 2265 1902 λῆς
2286 1832 2544 1902 φέρουσα,
2564 1808 2655 1884 καὶ
2685 1808 2796 1885 οἷον
2819 1832 2878 1896 έξ
2900 1808 3196 1904 άκηράτων
3217 1808 3425 1889 όινθέων
3454 1808 3563 1889 τιῦν
3589 1808 3744 1890 meu-

502 1942 706 2012 bique,
758 1943 912 1998 velut
961 1957 1026 1995 ex
1071 1941 1304 1997 illibatis
1351 1943 1722 2013 spiritualium
1771 1941 2071 2012 Scriptum

504 2045 786 2107 pratorum
842 2032 1109 2099 ﬂoribus,
1168 2034 1400 2089 collecto
1473 2044 1658 2100 serto,
1724 2048 2070 2090 communem

504 2128 711 2182 creatis
746 2127 989 2182 laetitiam
1036 2126 1334 2195 proponit,
1389 2126 1464 2180 ita
1492 2127 1722 2182 dicens:
1760 2126 2070 2191 Conlidite;

504 2216 763 2272 Natalitia
817 2208 1110 2272 celebritas
1156 2226 1274 2283 est,
1335 2231 1399 2272 ac
1462 2216 1786 2272 reformatio
1832 2216 2070 2287 generis.

510 2308 669 2363 Modo
696 2308 842 2363 enim
869 2306 1038 2379 Virgo
1064 2310 1334 2368 nascitur.
1381 2316 1435 2363 et
1473 2308 1728 2373 laetatur,
1760 2314 1814 2363 et
1853 2305 2077 2376 tingitur

509 2414 574 2454 ac
601 2399 844 2453 omnium
904 2400 1232 2454 saeculorum
1288 2399 1423 2471 Regi
1477 2397 1587 2454 Deo
1635 2406 1810 2453 mater
1835 2406 2073 2468 aptatur.

509 2491 643 2558 Quae
664 2491 829 2546 nobis
854 2506 979 2556 res,
1015 2506 1080 2546 ex
1113 2489 1286 2546 David
1319 2506 1442 2545 cum
1495 2490 1695 2547 Davide
1731 2488 2075 2559 apiritualem

512 2583 712 2637 indixit
763 2590 1097 2636 conventum
1132 2597 1146 2635 :
1182 2582 1330 2635 illam
1371 2581 1597 2652 quidem
1621 2620 1634 2643 ,
1689 2589 1951 2649 tanquam
1984 2580 2078 2634 Dei

513 2680 710 2733 matre,
739 2686 894 2725 suam
924 2671 1101 2740 ipsius
1127 2670 1394 2745 divinitus
1426 2685 1747 2726 concessam
1767 2670 2081 2739 proferente

516 2760 856 2814 nativitatem
887 2776 901 2812 :
936 2760 1041 2813 hoc
1078 2747 1269 2814 'autem
1294 2801 1308 2826 ,
1346 2762 1561 2829 generis
1599 2760 1924 2815 ostendente
1959 2761 2080 2815 feli-

454 2836 457 2839 ’
516 2853 776 2913 citatem,
838 2863 903 2903 ac
952 2848 1050 2905 Dei
1105 2865 1229 2905 cum
1308 2850 1624 2906 hominibus
1680 2850 2085 2921 jucundissime

517 2958 716 2999 novam
748 2943 1146 3013 cognationem.
1172 2943 1330 3013 Papae
1354 2943 1710 2998 miraculum!
1742 2944 1835 2997 Illa
1862 2944 2083 3013 quidem

518 3036 752 3092 mediam
801 3036 911 3106 agit
944 3036 1302 3091 sublimitatis
1334 3035 1460 3097 Dei,
1514 3042 1568 3089 et
1599 3035 1932 3105 abiectionis
1966 3051 2087 3089 car-

2175 1923 2418 1993 ματικῶν
2443 1922 2543 1993 τῆς
2569 1923 2794 1994 Γραφῆς
2824 1923 3106 1995 λειμώνων
3134 1926 3490 1999 ὲρανιζομένη
3511 1928 3601 1982 τὸν
3625 1931 3745 1983 στέ-

2172 2030 2338 2082 φανον
2367 2015 2400 2084 ἡ
2432 2014 2824 2086 θεοχαριτωτος
2848 2014 2986 2087 αὕτη
3022 2016 3116 2070 καὶ
3166 2007 3370 2089 πρὼττῖ
3404 2019 3517 2071 τῶν
3546 2021 3745 2090 ἑορτῶν

2172 2103 2374 2177 ἡμέρα,
2416 2104 2602 2174 κοινὴν
2630 2106 2692 2175 τῇ
2717 2104 2892 2158 κτίσει
2916 2092 3015 2177 τὴν
3039 2106 3380 2177 εὐφροσύνην
3407 2110 3744 2180 προτίθεταιο

2173 2197 2459 2268 Θαρσεῖτε,
2486 2196 2742 2264 λέγουσα,
2775 2196 3057 2261 Γενέθλιος
3088 2201 3121 2268 ἡ
3153 2201 3486 2272 πανήγυρις,
3522 2202 3620 2256 καὶ
3659 2202 3746 2257 τοῦ

2175 2287 2364 2355 γένους
2392 2288 2720 2352 άνάπλασις.
2751 2289 3028 2361 Παρθένος
3079 2291 3188 2362 γὰρ
3220 2294 3346 2364 ἄρτι
3372 2297 3633 2363 γεννᾶται
3660 2298 3751 2350 καὶ

2175 2378 2478 2449 τιθηνεῖται
2508 2380 2600 2433 καὶ
2623 2380 2945 2445 πλάττεται,
2986 2383 3080 2434 καὶ
3120 2383 3199 2453 τῷ
3225 2384 3345 2454 Θεῷ
3369 2385 3448 2455 τῷ
3471 2388 3752 2458 παμϐασι-

2177 2468 2259 2522 λεϊ
2288 2468 2399 2522 τῶν
2430 2467 2643 2522 αἰώνων
2671 2472 3022 2540 ἐτοιμάζεται
3053 2473 3255 2543 μήτηρ.
3300 2475 3411 2528 Καὶ
3438 2476 3600 2531 τοῦτο
3627 2481 3753 2550 ἡμῖν

2180 2564 2244 2615 ἐκ
2290 2560 2582 2615 Δαὸὶδσὺν
2625 2562 2789 2615 Δαὸὶδ
2823 2564 2884 2617 τὸ
2931 2566 3301 2635 πνευματικὸν
3344 2572 3754 2641 συγκεκρότηκε

2181 2653 2440 2726 θέατροψ
2479 2656 2512 2725 ή
2542 2655 2661 2725 μὲν,
2693 2654 2768 2717 ὡς
2802 2654 3103 2726 Θεομήτωρ
3132 2659 3233 2729 τὴν
3263 2661 3465 2730 έαυτῆς
3490 2663 3756 2732 προθεῖσα

2183 2747 2426 2801 θεόδοτον
2448 2747 2702 2817 γέννησιν
2727 2763 2743 2778 ο
2793 2749 2820 2799 ό
2848 2747 2926 2811 δὲ,
2958 2748 3051 2801 τοῦ
3097 2750 3290 2817 γένους
3321 2752 3420 2822 τὴν
3461 2753 3756 2823 εὐκληρίαν

2185 2840 2570 2910 παραδεικνὺς,
2601 2840 2695 2893 καὶ
2724 2839 2823 2911 τὴν
2850 2839 2984 2892 Θεοῦ
3035 2843 3172 2912 πρὸς
3207 2843 3533 2914 ἀνθρώπους
3576 2864 3759 2901 καινο-

2185 2930 2573 3000 πρεπεστάτην
2624 2928 2964 2998 συγγένειαν.
2996 2931 3169 2985 Βαϐαὶ
3219 2932 3314 2986 τοῦ
3339 2934 3655 3005 θαύματοςί
3696 2936 3758 2991 ’11

2191 3022 2289 3093 μὲν
2313 3022 2590 3093 μεσιτεύει
2613 3020 2863 3090 θεότητος
2891 3021 3014 3090 ὕψει
3040 3024 3132 3075 καὶ
3160 3030 3363 3095 σαρκδς
3393 3030 3757 3099 ταπεινότητι,

420 3152 427 3157 ·
518 3129 639 3190 nis,
673 3142 738 3181 ac
779 3127 993 3181 lictoris
1023 3125 1256 3181 eﬂicitur
1299 3134 1477 3180 mater
1505 3116 1659 3181 {hic
1691 3135 1904 3190 autem,
1936 3126 2073 3181 futu-

2188 3113 2284 3165 καὶ
2312 3112 2518 3180 γίνεται
2548 3112 2728 3181 μήτηρ
2750 3110 2843 3164 τοῦ
2876 3111 3210 3177 πλάσαντος·
3239 3118 3268 3168 ὁ
3310 3115 3388 3181 δὲ,
3430 3120 3761 3191 προφητεύει

520 3230 643 3271 rum
695 3215 1030 3270 vaticinatur
1084 3224 1340 3282 tanquam
1398 3226 1676 3281 praesens,
1730 3213 1966 3282 jureque
1997 3213 2088 3281 ju-

520 3303 734 3370 rando,
774 3304 1020 3358 inclitam
1059 3317 1090 3356 a
1121 3302 1232 3358 Deo
1277 3304 1493 3372 generis
1536 3318 1603 3358 ex
1651 3302 1858 3357 lumbis
1886 3318 2086 3372 peren-

541 3396 751 3450 nitatem
806 3409 872 3449 ac
917 3394 1390 3449 conservationem
1429 3395 1650 3464 accipit.
1700 3392 1891 3449 Merito
1922 3394 2090 3463 igitur

526 3484 720 3540 festive
750 3484 1137 3539 celebrandum
1184 3483 1292 3537 diei
1328 3491 1733 3556 sacramentum
1756 3523 1772 3549 ,
1813 3480 2091 3553 Verbique

527 3576 680 3630 Matri
734 3574 810 3645 (6)
845 3574 994 3627 dono
1026 3571 1309 3627 oderenda
1347 3572 1465 3640 ipsa
1522 3574 1685 3626 verba
1715 3572 1863 3642 quod
1897 3581 2091 3642 praeter

528 3666 796 3730 Verbum,
851 3670 904 3719 et
939 3678 1102 3733 quem
1163 3662 1344 3717 verbis
1405 3664 1726 3718 exhibemus
1790 3660 2090 3725 honorem,

528 3756 664 3811 nihil
698 3754 894 3809 habeat
941 3759 1248 3824 acceptum.
1294 3751 1526 3819 Quando
1567 3754 1732 3808 etiam
1761 3753 1961 3822 duplex
1990 3766 2092 3807 no-

2186 3202 2248 3254 τδ
2273 3201 2487 3270 μέλλον,
2520 3200 2595 3264 ὼς
2625 3201 2727 3271 ἤδη
2759 3201 2961 3283 παρόνσ
3019 3204 3113 3256 καὶ
3137 3204 3285 3274 ὅρκῳ
3312 3204 3582 3275 λαμϐάνει
3613 3209 3758 3280 παρὰ

2188 3292 2324 3357 Θεοῦ
2349 3292 2447 3364 τὴν
2479 3293 2679 3346 εὐκλεᾶ
2707 3292 2802 3346 τοῦ
2821 3285 3019 3362 ’γένους
3039 3295 3096 3361 ἐξ
3128 3296 3329 3365 ὀσφύος
3355 3298 3617 3371 διαμονὴν
3667 3303 3757 3355 καλ⁷

2193 3385 2541 3452 συντήρησιν.
2574 3385 3015 3453 Πανηγυριστέον
3042 3382 3132 3440 οῦν
3163 3388 3391 3451 είκότως
3415 3376 3483 3442 τό
3502 3391 3604 3461 τῆς
3632 3393 3766 3461 ἠμέ-

2196 3490 2295 3543 ρας
2324 3478 2640 3545 μυστήριον,
2678 3476 2773 3528 καὶ
2809 3476 3216 3547 δωροφορητέον
3243 3482 3307 3550 τῇ
3328 3480 3424 3534 τοῦ
3449 3482 3626 3550 Λόγου
3652 3484 3770 3553 Mq-

2197 3567 2286 3638 τρὶ
2305 3568 2429 3630 τοὺς
2451 3566 2639 3635 λόγους
2661 3568 2884 3635 αὐτοὺς,
2908 3570 2988 3623 ὅτι
3019 3570 3095 3641 μὴ
3122 3570 3274 3638 φίλον
3297 3573 3433 3643 αὐτῇ
3464 3575 3576 3627 τῶν
3596 3575 3770 3629 ἄλλων

2198 3657 2371 3719 οὐδὲν,
2417 3657 2557 3727 πλὴν
2581 3659 2742 3726 λόγου
2791 3659 2886 3713 καὶ
2925 3660 3026 3731 τῆς
3082 3662 3145 3714 ἐκ
3174 3661 3348 3730 λόγων
3384 3665 3575 3733 τιμῆς.
3617 3665 3771 3717 Ἐπεὶ

2199 3749 2292 3805 καὶ
2319 3748 2541 3803 διπλοῦν
2567 3750 2816 3805 ἐντεῦθεν
2853 3751 2985 3821 ἡμῖν
3017 3752 3321 3822 προσέσται.
3343 3755 3686 3825 ποιουμένοις
3710 3756 3771 3809 τὸ

1797 3924 2027 3981 VARUS
2062 3925 2464 3982 LECTIONES.

602 4022 619 4053 ¹
648 4016 861 4076 Mallem
897 4020 1248 4097 καινωθεῖσα,
1280 4022 1550 4074 innovate.

1795 4182 2180 4239 COMBEFISII
2224 4182 2459 4238 NO'LE.

604 4297 682 4366 (ὅ)
714 4292 910 4367 Gaudii
937 4297 1409 4367 introductorium,
1433 4298 1610 4367 χαρᾶς
1640 4296 1960 4350 ἐπεισόδιον.
2001 4278 2103 4350 So?

533 4362 622 4421 let
640 4362 862 4433 exponi,
909 4362 1112 4435 aliquid
1143 4376 1293 4420 extra
1328 4362 1725 4435 argumentum
1761 4374 2103 4435 assumptum

535 4452 599 4489 ac
643 4434 1054 4502 praeambulnm,
1107 4436 1268 4501 quale
1317 4434 1429 4487 fuit
1462 4435 1538 4487 illi
1588 4436 1866 4496 adventui,
1917 4434 2106 4489 Matris

537 4498 814 4573 nati—vitas.
846 4519 954 4556 non
989 4504 1059 4573 ita
1093 4498 1298 4573 abipso
1322 4514 1580 4558 extranea
1606 4514 1658 4557 ct
1682 4505 2107 4572 inconsequens.
2145 4498 2185 4550 Ι)
2215 4517 2364 4558 ratus
2394 4571 2401 4573 Α
2430 4498 2662 4573 gentium

537 4574 630 4628 sed
677 4572 861 4626 divina
908 4572 1274 4637 ordinatione,
1324 4575 1485 4642 plane
1532 4587 1892 4641 consequens,
1946 4575 2105 4643 eique

538 4644 683 4697 Velut
722 4652 996 4695 conserta.

609 4712 684 4780 (1)
728 4709 878 4782 γενὺὶ
913 4727 1031 4782 eum
1065 4728 1220 4766 carne
1248 4713 1516 4766 destinata
1538 4714 1849 4781 compactio,
1885 4713 2107 4782 συμπή-

540 4779 673 4851 ξεως
696 4781 792 4848 τὴν
819 4780 1080 4843 άπόταξιν
1108 4794 1183 4836 ea‘
1231 4782 1632 4851 signiﬁcatione
1656 4779 1680 4835 ἐ
1720 4797 1826 4851 qua
1875 4779 2108 4836 Budaeus

538 4867 603 4905 ex
643 4848 849 4922 Polyb.
878 4851 1007 4912 τοὺς
1058 4853 1138 4914 εἰς
1187 4848 1434 4922 φυλακὴν
1479 4848 1909 4922 άποταχθέντας.
1973 4853 2110 4905 bene

537 4920 783 4990 exponit,
828 4921 1284 4990 ἀφωρισμένως,
1331 4920 1402 4974 ad
1427 4920 1716 4975 custodias
1769 4930 2011 4975 secretos
2056 4931 2110 4975 et

539 4991 772 5045 sem-sim
819 4990 1143 5044 destinatos.
1194 4990 1542 5043 Nulla-enim
1597 4991 1684 5044 hic
1716 4990 1821 5044 alia
1856 4990 2110 5057 congruit

540 5060 690 5114 illius
732 5061 883 5114 vocis
924 5060 1262 5129 signiﬁcatio
1300 5077 1314 5114 :
1349 5060 1637 5129 cum_haec
1677 5060 2111 5129 congruentissi-
2154 5092 2157 5097 -

543 5145 629 5182 ina
685 5130 774 5184 sit.
827 5127 1024 5183 Eadem
1079 5143 1210 5183 voce
1261 5129 1436 5183 utitur
1476 5127 1745 5198 Georgius
1793 5128 2002 5184 Nicom.
2058 5135 2109 5179 et

542 5200 659 5268 ipse
690 5199 1113 5268 disertissimus
1165 5206 1307 5252 orat.
1360 5199 1412 5263 3,
1464 5199 1517 5251 in
1570 5199 2112 5268 MariaeConceptio-

542 5267 702 5334 nem';
734 5269 849 5323 sive
889 5276 949 5321 ut
992 5268 1291 5335 loquuntur
1319 5275 1375 5323 et
1414 5269 1695 5324 celebrant
1738 5267 1937 5329 Graeci,
1969 5268 2111 5320 Cou-

541 5339 846 5406 ceptionem
897 5335 956 5391 S.
991 5338 1191 5402 Annae;
1242 5353 1438 5407 nempe
1478 5338 1745 5393 activam:
1795 5352 2109 5406 quanquam

543 5409 685 5462 alius
713 5410 885 5463 codex
921 5408 1083 5463 habet
1127 5408 1247 5461 άντὶ
1278 5407 1615 5472 άποτάξεως,
1642 5407 1972 5472 άποτέξεως,
2015 5420 2114 5459 nec

542 5477 685 5532 forte
714 5479 799 5531 hic
823 5479 983 5533 aliter
1016 5478 1304 5545 legendum
1334 5480 1405 5531 sit
1440 5496 1453 5532 :
1491 5479 1770 5546 quomodo
1809 5485 1955 5546 esset
1986 5475 2112 5529 red-

542 5546 780 5601 dendum
816 5564 833 5602 ε
875 5546 1027 5601 Verbi
1081 5546 1357 5601 Incarnati
1399 5545 1607 5612 partus.
1641 5546 1778 5603 Vide
1821 5545 2020 5601 Onom.
2053 5559 2112 5609 ιι,

543 5617 864 5682 Θεοῳανεία.

616 5685 693 5753 (5)
749 5685 871 5741 Prw
913 5687 1188 5741 miraculis
1236 5686 1478 5741 omnibus
1533 5688 1760 5742 maxime
1816 5704 1975 5752 nona,
2021 5702 2115 5739 ex-

546 5754 712 5818 petita
745 5771 946 5823 semper
978 5758 1204 5821 auditio,
1252 5756 1654 5828 ἐκκαλούμενον
1704 5758 1957 5828 ἄκουσμα
2002 5757 2117 5811 δια-

2211 4298 2431 4359 παντός.
2462 4294 2664 4366 Quasi,
2699 4296 2943 4350 narratio
2971 4311 3094 4365 quae
3134 4296 3357 4351 assidue
3387 4297 3696 4366 pelliciatur
3726 4308 3777 4353 ot

2209 4377 2545 4437 provocetur
2568 4403 2585 4429 ,
2619 4365 2671 4418 id
2691 4375 2976 4437 _-est,_qnee
3007 4382 3223 4437 semper
3264 4366 3367 4437 fuit
3391 4365 3628 4423 auribus
3656 4384 3775 4437 gra-

2213 4434 2464 4499 tissima;
2505 4436 2585 4489 sic
2616 4434 2760 4487 enim
2801 4434 3004 4489 dicitur
3038 4434 3298 4489 Dominus
3327 4434 3515 4499 Jesus,
3568 4434 3782 4491 Deside-

2711 4519 2728 4556 :
2792 4518 3103 4574 spoiisaque
3154 4505 3429 4559 desiderio
3490 4506 3780 4575 impatiens

2211 4577 2338 4639 Quis
2368 4571 2453 4626 det
2485 4583 2532 4626 te
2562 4574 2785 4640 fratrem
2816 4571 3242 4642 meum,'inquit,
3289 4571 3584 4643 augentem
3622 4578 3783 4630 ubera

2208 4645 2395 4697 matris
2418 4658 2543 4696 mete
2565 4647 2588 4698 ε)
2621 4651 2726 4695 etc.

2279 4713 2353 4782 (6)
2382 4706 2647 4781 Verbique
2681 4710 2869 4766 Matri.
2901 4709 3086 4782 Scitus
3125 4712 3357 4766 lususin
3392 4728 3527 4767 voce
3559 4714 3650 4768 illa
3681 4714 3784 4768 Λό-

2208 4781 2305 4847 γος
2337 4797 2352 4813 ο
2384 4797 2450 4836 eo
2483 4796 2650 4850 porro
2671 4796 2869 4850 sensu,
2913 4781 3026 4835 sola
3059 4783 3222 4835 verba
3265 4792 3489 4846 accepta
3521 4786 3595 4837 ait
3627 4782 3783 4837 matri

2208 4851 2394 4912 Verbi,
2446 4849 2591 4919 quod
2640 4849 2877 4922 Verbum
2931 4852 3147 4919 ipsum,
3171 4853 3342 4904 solam
3382 4852 3637 4922 laudem,
3666 4867 3787 4922 quae

2208 4922 2392 4974 verbis
2448 4928 2552 4993 est,
2605 4920 2815 4993 videtur
2866 4922 3084 4993 exigere
3109 4937 3131 4993 :_
3153 4934 3261 4973 non
3304 4920 3431 4993 quia
3466 4936 3589 4993 non
3608 4920 3788 4993 exigat

2210 5005 2396 5058 opera,
2437 4990 2529 5043 sed
2563 4991 2690 5056 quia
2721 4989 2766 5043 is
2786 4989 3020 5043 maxinie
3047 4989 3230 5043 cultus
3258 4998 3316 5041 ut
3341 4989 3788 5057 spiritualiorfet

2212 5060 2389 5131 ipsum
2423 5060 2734 5131 tleeeattet
2783 5058 3051 5131 colentem
3084 5077 3097 5113 :
3143 5060 3285 5131 unde
3327 5074 3439 5111 non
3478 5069 3635 5114 vacat
3664 5075 3789 5131 pro-

2213 5129 2515 5192 babilitate,
2552 5127 2762 5180 nullum
2793 5128 2957 5180 talem
2991 5128 3238 5181 futurum
3262 5127 3317 5180 in
3348 5136 3495 5182 statu
3530 5127 3792 5185 innocen-

2211 5199 2319 5261 tiae,
2358 5198 2574 5265 qualem
2604 5194 2885 5250 antJuda:i
2914 5197 3066 5259 olim,
3109 5205 3204 5251 aut
3233 5212 3334 5249 nos
3365 5197 3471 5266 ipsi
3498 5199 3788 5260 habemus.

2215 5268 2449 5337 positiva
2480 5266 2765 5337 inductum
2809 5266 2948 5334 lege,
2981 5267 3035 5320 in
3064 5269 3229 5320 rebus
3261 5266 3645 5332 sensibilibus,
3681 5284 3789 5323 non

2215 5335 2333 5391 Isiuc
2379 5336 2565 5405 aliqua
2621 5335 2924 5405 servitute,
2983 5337 3282 5405 aliquando
3336 5338 3603 5400 tollenda,
3665 5354 3789 5393 cum

2216 5404 2523 5461 libertatem
2556 5404 2871 5476 perfectam
2914 5406 3149 5476 ﬁliorum
3204 5404 3296 5459 Dei
3324 5474 3332 5476 _
3356 5420 3788 5476 consequemur.

2216 5476 2308 5529 Sic
2343 5483 2528 5546 noster
2555 5474 2884 5529 Franciscus
2913 5473 3478 5546 Victoria,theologiae
3511 5473 3567 5530 in
3595 5476 3793 5546 llispa-

2217 5547 2305 5599 nia
2344 5544 2679 5616 instaurator
2720 5555 2775 5616 et
2807 5548 2957 5599 velut
3003 5545 3322 5616 primarium
3371 5546 3582 5610 lumen,
3613 5544 3791 5616 palam

2216 5617 2377 5669 docet
2402 5613 2469 5668 de
2496 5614 2806 5688 sacriﬁciis,
2856 5613 3046 5670 relect.
3068 5614 3124 5688 Θ,
3162 5614 3236 5668 De
3270 5624 3485 5683 temper.
3515 5613 3662 5688 quod
3695 5615 3787 5688 alii
3834 5670 3843 5675 _

2219 5700 2327 5738 non
2370 5695 2595 5752 gravate
2635 5685 3035 5753 amplectuntur
3086 5684 3154 5739 de
3186 5683 3591 5754 sacramentis;
3637 5694 3692 5739 ut
3722 5683 3789 5737 de

2221 5756 2329 5810 illis
2357 5756 2429 5810 sit
2457 5757 2769 5809 communis
2805 5755 3092 5810 sententia.
