4032 6138
448 268 557 334 809
1468 265 1553 327 ΙΝ
1594 258 2040 326 NA'I‘IVITATE

2108 261 2119 318 ί
2160 260 2225 319 Β.
2261 259 2552 321 ΜΛΗΙᾸΞ.
2587 260 2636 321 Ῑ.
3605 259 3700 323 810

445 379 633 453 κὲρδος
655 398 669 412 ·
696 380 759 434 τὸ
786 379 886 452 μέν
905 397 960 434 τι
983 379 1119 452 πρὸς
1165 379 1265 453 τήν
1284 379 1542 450 ἀλήθειαν
1562 364 1711 449 ἡμᾶς
1730 376 2026 446 ὲπανάγον,

2134 375 2218 429 bis
2251 391 2317 430 ex
2376 391 2445 430 eo
2492 353 2708 430 lucrum
2745 373 3090 430 accesserit:
3133 386 3195 428 ea
3245 370 3471 443 quidem
3514 384 3707 440 prove-

444 472 509 526 τὸ
533 473 590 528 δέ
622 488 677 526 τι
707 472 810 542 τῆς
836 472 1070 542 νομικῆς
1097 472 1157 525 ὲν
1203 478 1496 543 γράμματι
1524 469 1775 533 δουλείας
1806 470 1903 524 καὶ
1931 484 2031 522 πο-

2135 467 2272 521 hens
2332 469 2399 521 ad
2456 469 2781 535 veritatem,
2821 483 2883 523 ea
2935 478 3116 522 autem
3175 480 3204 518 a
3253 462 3408 536 legali
3442 464 3500 519 in
3529 464 3708 518 littera

446 562 655 627 λιτείας
677 564 915 632 άπάγον.

2133 561 2400 616 servitute
2428 577 2493 615 ac
2522 563 2948 617 conversatione
2990 561 3291 616 abducens.

518 651 663 717 Πῶς,
692 654 789 707 καὶ
816 656 938 718 τίνα
962 654 1198 725 τρόπον;
1243 649 1669 722 ’Υποχωρούσης
1702 649 1902 722 δηλαδὴ
1931 648 2029 717 τῆς

2204 650 2324 716 Quo
2360 653 2412 706 id
2458 653 2654 718 modo,
2717 669 2895 723 quave
2947 653 3208 707 ratione?
3262 647 3566 711 Nimirum,
3621 658 3714 699 ce-

450 747 607 810 σκιᾶς
626 748 695 817 τῇ
724 745 820 798 τοῦ
862 747 1042 814 φωτὸς
1076 744 1388 815 παρουσίᾳ,
1448 744 1541 796 καὶ
1569 743 1670 813 τὴν
1715 740 2031 810 ἐλευθερίαν

2134 740 2299 795 dente
2330 743 2527 796 umbra
2566 743 2825 797 adventui
2860 742 2999 796 lucis
3021 783 3035 807 ,
3086 741 3374 811 gratiaque
3402 736 3712 790 libertatem

449 837 542 891 τοῦ
568 838 901 909 γράμματος
949 834 1415 905 άντεισφερούτης
1460 835 1560 903 τῆς
1602 833 1828 904 χάριτος
1849 849 1862 864 ·
1887 825 1962 885 ὧν
1996 834 2031 903 ἡ

2134 832 2407 888 iul‘erente
2438 848 2538 904 pro
2568 834 2752 888 littera
2781 849 2794 885 :
2826 848 3060 904 quorum
3093 832 3415 888 solenmitas
3442 828 3556 881 haec
3584 840 3713 879 con-

449 928 703 1001 παροῦσα
724 928 1030 1003 πανήνγυρις
1065 931 1319 1001 μεθόριος
1349 930 1588 991 ἵσταται,
1621 929 1719 1000 τὴν
1767 927 2032 998 ἀλήθειαν

2137 928 2327 981 [inium
2360 938 2480 993 est,
2526 928 2851 999 ﬂguralibus
2888 928 3154 1001 symbolis
3184 924 3470 982 veritatem
3518 938 3715 978 succe—

446 1017 560 1071 τῶν
603 1018 851 1072 τυπικῶν
891 1018 1176 1088 συμϐόλων
1207 1016 1780 1086 άντιπαραζευγνῦσα,
1817 1015 1914 1068 καὶ
1963 1014 2035 1067 τὰ

2135 1020 2367 1074 daneam
2417 1021 2656 1091 jungens
2683 1063 2697 1087 ,
2750 1037 3005 1091 novaque
3035 1009 3315 1092 veteribus
3345 1016 3714 1070 substituens.

446 1107 543 1160 νέα
567 1107 677 1161 τῶν
715 1107 961 1162 παλαιῶν
990 1109 1446 1179 ἁντεισφέρουσα.
1500 1107 1671 1160 Τοῦτο
1706 1107 1801 1160 καὶ
1828 1107 1856 1159 ό
1883 1105 2032 1160 Παῦ-

2137 1108 2189 1161 Id
2226 1123 2448 1178 quoque
2495 1109 2682 1164 divina
2721 1109 2965 1178 Spiritus
3017 1110 3146 1165 tuba
3195 1107 3400 1161 Paulus
3454 1104 3715 1159 clamavit

448 1199 560 1261 λος,
584 1200 618 1268 ή
638 1198 757 1252 θεία
782 1199 878 1253 τοῦ
903 1169 1221 1271 Πνεύματος
1250 1169 1507 1267 σάλπιγξ,
1534 1199 1811 1270 ἀνέκραγε
1834 1197 1985 1266 λέγω

2135 1199 2327 1255 dicens
2358 1218 2370 1253 :
2411 1198 2473 1255 Si
2501 1217 2607 1271 qua
2645 1204 2700 1255 in
2750 1202 2967 1256 Christo
3008 1218 3140 1255 nova
3171 1209 3418 1254 creatura
3443 1239 3458 1263 ,
3488 1210 3717 1250 renova-

450 1289 522 1343 Εἴ
571 1307 662 1355 τις
694 1290 765 1343 ἐν
796 1290 1030 1359 Χριστῷ
1092 1291 1272 1358 καινή
1318 1294 1537 1357 κτίσις,
1591 1288 2028 1353 ἀνακαινίζεσθε.

2136 1293 2292 1346 mini.
2368 1293 2551 1348 Vetera
2605 1297 2981 1350 transierunt:
3026 1312 3143 1349 ecce
3167 1294 3316 1363 facta
3359 1303 3482 1347 sunt
3535 1290 3719 1344 omnia

389 1357 409 1475 ρ
454 1382 528 1432 Τὰ
561 1380 778 1448 ἀρχαῖα
807 1357 1141 1448 σέαρῆλθεν,
1173 1357 1303 1433 ιδοίὺ
1334 1381 1542 1449 γέγονε
1572 1379 1644 1433 τὰ
1687 1378 1885 1432 πάντα
1909 1395 1981 1432 κα

2135 1402 2270 1439 nova
2294 1386 2348 1439 ι).
2401 1384 2540 1452 Quia
2595 1388 2746 1441 enim
2806 1386 2966 1442 Nini!
3023 1387 3092 1441 ad
3139 1357 3432 1455 perfectum
3489 1382 3717 1437 adduxit

446 1470 543 1525 νά.
576 1470 796 1540 Ἐπειδὴ
812 1465 923 1541 γὰρ
937 1471 1141 1539 Μηδὲν
1168 1472 1522 1526 ἐτελείωσεν
1543 1474 1576 1526 ὁ
1595 1471 1805 1540 νόμος,
1833 1471 2036 1526 errem-

2136 1473 2600 1536 lex;introductio
2635 1493 2756 1531 vero
2790 1478 3025 1531 melioris
3059 1478 3189 1544 spei,
3210 1493 3304 1546 per
3337 1491 3496 1546 quam
3530 1474 3718 1544 proxi-

446 1560 645 1629 αγωγὴ
678 1560 749 1613 δὲ
797 1562 1140 1629 κρείττονος
1166 1563 1448 1628 ἐλπίδος,
1483 1562 1558 1615 δι’
1606 1558 1684 1632 ἧς
1728 1560 2035 1631 ἐγγίζομεν

2136 1579 2344 1620 mamus
2406 1567 2475 1621 ad
2534 1567 2703 1622 Deum
2736 1579 2786 1633 ε,
2838 1569 2963 1623 ideo
3017 1571 3211 1640 gratiae
3273 1572 3481 1623 veritas
3535 1568 3713 1636 palam

446 1652 527 1717 τῷ
561 1650 704 1719 Θεῷ,
751 1653 852 1723 τῆς
876 1654 1101 1724 χάριτος
1137 1654 1407 1723 ὲξεφάνθη
1438 1654 1655 1724 τρανῶς
1683 1657 1717 1726 ή
1766 1655 1995 1725 ἀλήθεια
2015 1673 2031 1688 ο

2135 1656 2347 1711 eluxit:
2403 1658 2544 1726 legis
2600 1660 2721 1730 ipse
2778 1660 3042 1714 conditor
3092 1662 3515 1729 seipsum,qua
3556 1672 3719 1710 neum

446 1712 610 1805 αύτδς
877 1712 1140 1808 ’ἰαθεὶς-ό
1166 1712 1263 1797 τού
1311 1712 1486 1814 νόμου.
1514 1712 1680 1816 δοτὴρ
1703 1712 2029 1818 ’ἀφράστως

2136 1742 2352 1796 ratione
2421 1712 2885 1812 po'ssit‘dicere,
2949 1748 3323 1803 exinaniendo
3397 1748 3716 1807 demittens.

446 1836 526 1897 εἰς
547 1834 798 1899 κένωσιν,
832 1836 1195 1906 οἰκονομικῶς
1217 1835 1503 1907 ἄνθρωπος
1536 1837 1925 1909 προελήλυθεν,
1946 1839 2033 1893 ἴνα

2136 1828 2555 1896 dispensatione
2607 1836 2882 1904 processit
2940 1835 3139 1901 homo,
3191 1836 3525 1905 impleturus
3569 1832 3715 1903 quod

447 1925 715 1997 πληρώσῃ
744 1925 809 1979 τὸ
863 1926 1072 1991 λεῖπον,
1108 1927 1203 1981 καὶ
1243 1925 1440 1997 ἀντιδῷ
1478 1926 1587 1979 τῶν
1655 1929 1915 1999 χειρόνων
1965 1930 2034 1982 τὰ

2136 1920 2390 1976 defectus
2415 1931 2534 1976 erat
2559 1962 2574 1986 ,
2620 1925 3069 1996 deteriormnque
3119 1925 3242 1980 loco
3277 1924 3508 1979 meliora
3536 1923 3718 1977 illatu-

274 2041 429 2091 κ
446 2016 735 2086 κρείττονα
763 2016 860 2070 καὶ
886 2017 1223 2087 τελειότερα.
1276 2019 1340 2070 Ὃ
1366 2016 1432 2087 δὴ
1475 2018 1572 2071 καὶ
1596 2020 1625 2071 ὁ
1670 2019 1866 2089 ὑψηλὸς

2136 2028 2232 2069 rus
2286 2025 2340 2068 et
2382 2015 2736 2085 perfectiora.
2780 2016 2936 2083 Quod
2973 2032 3110 2075 sane
3161 2025 3218 2072 et
3272 2016 3523 2073 sublimis
3553 2015 3719 2069 Joan-

447 2106 579 2161 λοιτ⁹
628 2107 695 2161 ἂν
759 2108 1035 2178 Ἰωάννης,
1069 2110 1103 2179 ή
1155 2108 1405 2178 θεολόγος
1436 2108 1533 2162 τοῦ
1567 2111 1743 2183 Λόγου
1797 2111 1994 2182 βροντὴ
2014 2155 2030 2179 ,

2137 2119 2273 2168 nes,
2312 2104 2472 2161 Verbi
2522 2109 2659 2162 illud
2710 2108 3140 2165 diviniverbium
3196 2109 3405 2165 tonitru
3432 2147 3447 2171 ,
3483 2109 3721 2178 apertis-

444 2198 824 2270 διασημαίνειν
851 2201 1197 2268 σαφέστατα·
1244 2201 1339 2253 Ἐκ
1371 2200 1478 2256 τοῦ
1511 2201 1906 2271 πληρώματος
1923 2205 2033 2257 αὺ-

2136 2197 2275 2251 sime
2323 2198 2638 2269 signiﬁcare
2693 2201 2949 2265 voluerit,
2987 2201 3183 2257 dicens
3213 2220 3227 2255 :
3257 2202 3334 2257 De
3395 2202 3718 2270 plenitudine

448 2289 581 2354 τοῦ,
624 2291 823 2360 λέγων,
872 2290 1048 2361 ἡμεῖς
1083 2291 1308 2357 πάντες
1351 2291 1670 2362 ἐλάϐομεν,
1724 2294 1825 2348 καὶ
1857 2294 2035 2365 χάριν

2135 2286 2250 2355 ejus
2275 2303 2372 2342 nos
2404 2305 2584 2347 omnes
2625 2291 2952 2360 accepimus.
2977 2301 3028 2344 et
3075 2292 3307 2362 gratiam
3335 2308 3430 2362 pro
3456 2292 3635 2362 gratia
3665 2291 3713 2343 ά.

447 2381 587 2436 ἀντὶ
631 2381 892 2452 χάριτος.
947 2381 1122 2436 Αὐτοῦ
1182 2382 1292 2454 γὰρ
1347 2382 1721 2448 κενωθέντος,
1761 2381 1882 2440 εἷτα
1936 2386 2033 2441 καὶ

2135 2377 2261 2448 Ipso
2311 2381 2460 2435 enim
2516 2382 2835 2446 exinanito,
2885 2390 3115 2453 tumque
3164 2392 3410 2439 nostram
3452 2400 3518 2437 ex
3554 2383 3717 2437 nobis

452 2473 831 2545 μορφωθέντος
859 2472 1157 2543 ὑπερφυῶς
1187 2474 1248 2537 ἐξ
1271 2475 1304 2544 ἡ
1314 2474 1430 2543 μῶν
1457 2474 1518 2527 τὸ
1552 2475 1841 2547 ἡμέτερον,
1870 2478 2033 2548 ἡμεῖς

2137 2470 2463 2526 mirabiliter
2528 2473 2721 2528 induto
2781 2473 3054 2539 formam,
3132 2475 3533 2545 plenitudinem
3607 2474 3715 2543 ipsi

447 2566 512 2618 τὸ
534 2565 741 2636 πλῆρες
791 2563 1081 2636 ἐλάϐομεν,
1138 2565 1234 2618 καὶ
1266 2564 1366 2634 τὴν
1398 2565 1770 2621 ἀντιδοθεῖσαν
1804 2571 1899 2622 τοῦ
1935 2570 2032 2642 λη-

2134 2564 2477 2632 accepimus,
2530 2580 2741 2635 proque
2784 2573 3069 2635 assumpta
3115 2566 3544 2635 eonspersione,
3574 2564 3717 2619 divi-

449 2653 752 2723 φθέντοςφυ
762 2653 1001 2723 ρὰματος
1026 2652 1459 2731 κατεπλουτίσθη
1469 2659 1569 2725 μεν
1585 2656 1800 2712 θέωσιν.
1823 2659 2033 2713 Οὐκοῦν

2136 2654 2326 2709 uitatis
2353 2656 2577 2712 divitias
2627 2657 2811 2727 adepti
2838 2672 3059 2714 sumus.
3102 2655 3498 2728 Omnia‘igitur
3523 2658 3714 2713 exsul-

451 2744 803 2813 ἀγαλλιάσθω
830 2744 899 2797 τὰ
922 2744 1212 2814 σύμπαντα
1233 2746 1495 2815 σήμερον,
1513 2748 1607 2801 καὶ
1628 2750 1660 2817 ἡ
1684 2747 1846 2816 φύσις
1878 2769 2033 2822 σκιρ-

2133 2754 2251 2799 teut
2316 2746 2515 2812 hodie,
2581 2747 2857 2818 saliatque
2914 2756 3161 2804 natura:
3224 2749 3460 2804 Lwtemr
3525 2750 3713 2806 emtum

447 2841 630 2895 τάτω·
681 2839 1111 2908 Εὐφραινέσθω
1161 2842 1194 2893 ό
1223 2840 1480 2909 οὐρανὸς
1524 2841 1794 2908 ἄνωθεν,
1835 2846 1931 2900 καί
1973 2848 2034 2899 al

2133 2839 2381 2906 desuper,
2420 2849 2470 2892 et
2500 2841 2663 2893 nubes
2713 2850 2970 2910 spargant
2988 2841 3267 2908 justitiam
3294 2858 3313 2897 :
3342 2840 3552 2897 Montes
3592 2844 3716 2897 stil-

446 2927 693 2998 νεφέλαι
709 2927 1067 2996 ῥανάτωσαν
1093 2927 1494 2998 δικαιοσύνην
1512 2949 1526 2962 ·
1578 2933 1936 2998 σταλαξάτω
1960 2937 2033 2989 τὰ

2136 2930 2243 2983 ient
2273 2929 2628 2997 dulcedinem,
2672 2940 2726 2986 et
2756 2932 2926 2986 colles
2952 2932 3413 2989 exsultationem:
3447 2934 3712 3002 quoniam

444 3021 556 3088 ὄρη
593 3020 992 3089 τλυκασμὸν,
1049 3021 1145 3073 καὶ
1194 3021 1245 3073 οἱ
1304 3022 1482 3090 βουνοὶ
1530 3023 1890 3092 ἀγαλλίασιν⁶
1947 3028 2027 3082 ὅτι

2137 3022 2397 3076 misertus
2446 3032 2532 3078 est
2589 3022 2854 3078 Dominus
2902 3024 3088 3094 populi
3159 3025 3278 3089 sui,
3332 3034 3507 3079 erecto
3560 3025 3713 3080 nobis

444 3112 643 3182 ἠλέησε
675 3110 881 3181 Κύριος
906 3109 998 3164 τόν
1024 3111 1152 3165 λαὸν
1177 3111 1367 3176 αὑτοῦ,
1408 3113 1675 3182 Ἐγ-είρας
1710 3115 1888 3184 κέρας
1911 3132 2030 3171 σω-

2133 3127 2298 3165 cornu
2328 3112 2522 3167 salutis
2571 3115 2625 3167 in
2649 3113 2807 3169 domo
2842 3114 3019 3169 David
3047 3117 3199 3184 pueri
3233 3116 3320 3170 sui
3341 3155 3358 3182 ,
3387 3117 3714 3172 immacula-

446 3208 653 3274 τηρίας
692 3205 838 3276 ἡμῖν
872 3206 943 3259 ἐν
996 3205 1140 3270 οἴκῳ
1166 3205 1347 3259 Δαϐὶδ
1394 3205 1502 3260 τοῦ
1549 3206 1765 3273 παιδὸς
1818 3210 2026 3273 αὐτοῦ,

2133 3203 2348 3258 tissima
2389 3219 2455 3259 ac
2499 3204 2602 3260 viri
2657 3208 2847 3263 nescia
2893 3206 3125 3279 Virgine
3167 3207 3313 3272 hac,
3344 3196 3419 3264 cf
3439 3224 3548 3278 qua
3582 3225 3716 3279 gen-

443 3296 543 3367 τήν
573 3296 949 3366 ύπεράμωμον
976 3295 1183 3367 ταύτην
1212 3297 1483 3367 παρθένον
1535 3299 1629 3352 καὶ
1662 3298 1943 3371 ἄνανδρον,
1970 3301 2031 3366 ἐξ

2131 3296 2267 3349 tium
2324 3296 2476 3351 salus
2528 3306 2586 3352 et
2637 3298 3004 3368 exspectatio.
3062 3300 3232 3355 Ducat
3276 3315 3424 3356 nunc
3477 3301 3712 3355 choreas

442 3383 514 3459 ἧς
542 3389 571 3441 ό
594 3387 831 3459 Χριστὸς
860 3389 894 3457 ἡ
957 3388 1203 3458 σωτηρία
1234 3388 1344 3441 τῶν
1376 3389 1566 3455 ἐθνῶν,
1605 3391 1700 3445 καὶ
1734 3393 1766 3462 ή
1797 3393 2029 3462 προσδο-

2130 3393 2288 3457 grata
2344 3387 2528 3442 omnis
2593 3402 2659 3442 ac
2713 3388 2977 3445 benevola
3029 3390 3256 3446 anima:
3305 3403 3614 3462 naturaque
3642 3395 3708 3449 ad

445 3477 559 3531 κία.
579 3476 870 3547 Χορευέτω
893 3477 1043 3529 πᾶσα
1064 3476 1158 3529 νῦν
1181 3476 1479 3547 εὐγνώμων
1508 3478 1676 3549 ψυχὴ,
1695 3481 1788 3533 καὶ
1817 3498 2028 3550 συγκα-

2130 3493 2245 3532 suae
2272 3477 2448 3548 ipsius
2479 3480 2857 3535 renovationis
2887 3480 3409 3556 rel‘ormationisque
3439 3486 3709 3552 laetitiam,

445 3568 606 3621 laico)
656 3566 756 3638 τὴν
790 3566 1030 3637 κτίσινή
1080 3567 1265 3636 φύσις,
1300 3566 1437 3641 πρὸς
1490 3570 1776 3641 καινισμδν
1826 3572 2028 3642 ἑαυτῆς

2130 3576 2441 3623 creaturam
2491 3577 2782 3627 convocet.
2815 3570 3072 3636 Steriles,
3106 3575 3325 3631 concite
3361 3588 3662 3633 accurrant
3691 3598 3705 3632 :

444 3657 884 3711 καὶάνάπλασιν.
912 3657 1128 3728 Στεῖραι
1154 3657 1425 3721 συντόνως
1454 3659 1888 3734 τρεχέτωσανοή
1916 3663 2026 3734 γὰρ

2128 3673 2255 3712 nam
2311 3674 2435 3728 qua:
2485 3660 2607 3716 sine
2670 3661 2799 3716 tiliis
2833 3671 2889 3717 et
2937 3664 3143 3719 sterilis
3182 3673 3343 3731 erat,
3394 3667 3487 3724 Dei
3541 3669 3706 3724 ﬁliam

444 3752 611 3812 ἄπαις
643 3750 737 3802 καὶ
789 3750 996 3818 στεῖρα,
1034 3750 1135 3819 τὴν
1178 3747 1436 3803 θεόπαιδα
1482 3751 1756 3820 Παρθένον
1805 3751 2025 3807 ἐπαιδο-

2127 3750 2398 3821 virginem
2440 3754 2686 3823 suscepit
2725 3753 2920 3809 tiliam.
2982 3754 3197 3810 Saliant
3244 3765 3493 3813 matres:
3530 3771 3710 3817 mater

446 3840 659 3911 ποίησε.
680 3840 933 3911 Μητέρες
967 3840 1346 3910 σκιρτάτωσαν
1365 3858 1377 3870 ο
1405 3843 1439 3910 ή
1466 3840 1574 3909 γὰρ
1600 3842 1792 3910 ἄγονος
1817 3846 2021 3916 μήτηρ,

2126 3843 2274 3894 enim
2308 3842 2463 3910 prole
2492 3857 2712 3908 carens,
2750 3853 2980 3899 matrem
3028 3845 3293 3902 intactam
3327 3855 3384 3903 et
3434 3850 3712 3921 virginem

441 3933 542 4003 τὴν
581 3932 817 4004 ἄφθορον
857 3933 1068 4004 μητέρα
1101 3933 1198 3987 καὶ
1242 3934 1515 4005 παρθένον
1558 3935 1813 3991 ὰπέτεκε.
1871 3941 2024 4010 Παρ-

2126 3926 2359 4000 peperit.
2392 3928 2678 3987 Gaudeant
2724 3934 3010 4003 virgines:
3067 3944 3215 3991 terra
3253 3940 3402 3994 enim
3439 3957 3548 3997 non
3590 3956 3707 3999 sata

442 4026 586 4079 θένοι
611 4025 951 4095 χαιρέτωσαν
969 4040 985 4055 ο
1015 4026 1049 4094 ἡ
1090 4023 1199 4095 γὰρ
1220 4025 1461 4095 ἄσπορος
1487 4025 1583 4096 γῆ,
1611 4025 1699 4080 τὸν
1724 4028 1790 4081 ὲκ
1811 4029 2025 4101 Πατρός

2125 4036 2249 4074 eum
2282 4022 2540 4092 peperit,
2585 4024 2677 4093 qui
2727 4034 2814 4080 est
2849 4026 2973 4081 sine
3013 4014 3259 4085 lluxione
3297 4046 3327 4084 a
3361 4031 3557 4099 Patre,
3618 4050 3708 4089 ra-

438 4116 740 4185 ἀρεύστως,
768 4115 1066 4186 ἀφράστως
1093 4115 1351 4170 ἀπέτεκε.
1416 4117 1679 4182 Γυναῖκες
1724 4122 2023 4191 κρατείτω-

2124 4113 2277 4167 tione
2306 4127 2471 4182 supra
2521 4130 2688 4184 quam
2742 4115 2853 4170 dici
2882 4125 3066 4187 potest
3110 4120 3377 4176 mirabili.
3437 4124 3708 4183 Plaudant

443 4226 542 4261 σαν
565 4225 578 4238 ·
609 4209 748 4278 γυνὴ
776 4209 884 4277 γὰρ
919 4208 951 4278 ἡ
979 4207 1147 4261 πάλαι
1175 4207 1277 4279 τῆς
1326 4208 1600 4280 ἁμαρτίας
1625 4211 1725 4280 τήν
1766 4212 2023 4285 ἀφορμὴν

2123 4203 2422 4258 mulieres:
2486 4203 2684 4258 mulier
2718 4203 2867 4260 enim
2910 4220 3041 4276 qua:
3074 4207 3209 4262 olim
3254 4224 3447 4266 ansam
3492 4219 3702 4284 peccati

433 4299 795 4375 .oxeotdaaca,
820 4301 920 4370 τῆς
943 4300 1216 4370 σωτηρίας
1237 4299 1365 4370 ἄρτι
1408 4301 1510 4370 τὴν
1543 4302 1802 4373 ἀπαρχὴν
1836 4308 2020 4359 είσκε-

2124 4294 2495 4351 inconsultius
2555 4296 2820 4367 praebuit,
2871 4299 3074 4357 salutis
3116 4314 3267 4356 nunc
3308 4304 3585 4373 primitias
3614 4308 3704 4362 in-

439 4392 636 4461 κόμικε
655 4410 671 4423 ·
718 4392 815 4445 καὶ
837 4394 871 4462 ή
906 4391 1073 4471 πάλαι
1096 4391 1446 4462 κατάκριτος,
1465 4392 1676 4463 ἐδείχθη
1700 4393 1982 4466 θεόκριτος
2001 4415 2016 4428 ·

2124 4387 2281 4440 tulit:
2340 4402 2572 4457 quaque
2623 4388 2924 4459 aliquando
2983 4406 3076 4446 rea
3125 4392 3269 4461 fuit,
3306 4411 3458 4452 nunc
3478 4410 3703 4455 ostensa

443 4481 625 4551 μήτηρ
639 4479 930 4551 ἄνανδρος,
962 4479 1329 4551 ἑκλελεγμένη
1358 4480 1438 4551 τῷ
1474 4481 1766 4547 Πλάσαντι,
1797 4485 1895 4537 καὶ
1923 4485 2016 4539 τοῦ

2118 4483 2206 4531 est
2262 4477 2454 4533 divino
2509 4477 2741 4547 probata
2784 4480 3038 4551 judicio:
3095 4493 3275 4541 mater
3325 4488 3433 4543 viri
3474 4493 3699 4559 nescia,

439 4573 627 4640 γένους
658 4570 975 4642 ἀνόρθωσις.

2119 4567 2327 4623 Fictori
2357 4569 2533 4625 electa
2559 4610 2576 4634 ,
2616 4586 2682 4626 ac
2718 4577 3053 4630 restauratio
3082 4579 3323 4648 generis.

508 4664 665 4717 Πᾶσα
685 4662 867 4716 τοίνυν
898 4666 931 4732 ἡ
962 4661 1141 4724 κτίσις
1172 4663 1416 4732 ὑμνείτω
1442 4664 1536 4717 καὶ
1572 4666 1868 4736 χορευέτω,
1923 4666 2020 4719 καὶ

2184 4657 2390 4714 Omnia
2437 4675 2568 4732 ergo
2615 4675 2807 4719 creata
2853 4665 3192 4736 decentem,
3247 4672 3699 4746 tripudientque.

439 4752 838 4825 συνεισφερέτω
863 4770 917 4806 τι
959 4752 1068 4805 τῶν
1092 4755 1193 4824 τῆς
1237 4754 1453 4824 ἡμέρας
1492 4756 1738 4822 ἐπάξιον.
1771 4759 2019 4813 Γενέσθω

2121 4765 2187 4804 ac
2219 4750 2427 4823 aliquid
2475 4752 2587 4808 diei
2644 4755 2846 4811 laetitia:
2886 4771 3194 4831 congruum
3222 4762 3540 4821 conferant.
3585 4767 3702 4823 Una

438 4845 537 4914 μία
562 4843 717 4913 κοινὴ
751 4844 993 4913 σήμερον
1021 4842 1290 4913 οὐρανίων
1340 4847 1432 4898 καὶ
1466 4846 1724 4915 ἐπιγείων
1774 4850 2021 4921 πανήγυ-

2121 4840 2287 4896 hodie
2340 4840 2649 4899 caelestium
2736 4848 3197 4921 terrestriumque
3257 4854 3335 4909 sit
3389 4862 3701 4915 communis

438 4951 556 5007 ρις·
590 4936 686 4988 καὶ
741 4934 1146 5004 συνεορταζέτω
1178 4936 1288 4988 πᾶν
1326 4935 1451 4987 ὅσον
1493 4936 1786 5006 ἐγκόσμιόν
1822 4955 1883 4990 τε
1921 4939 2019 4992 καὶ

2118 4933 2450 5002 celebritas,
2519 4937 2797 5008 simulque
2848 4951 2976 5013 agat
3048 4942 3251 5000 festum
3311 4948 3580 5019 quidquid
3644 4953 3699 5007 in

437 5026 809 5097 ὐπερκόσμιον
838 5024 1139 5097 σύγκριμα.
1170 5025 1418 5096 Σήμερον
1446 5024 1558 5094 γὰρ
1586 5026 1682 5080 τοῦ
1713 5029 2015 5083 Παντοκτί-

2120 5025 2328 5078 mundo
2370 5036 2422 5079 et
2462 5031 2945 5098 supremundum
2991 5035 3311 5093 coalitionis
3358 5049 3463 5095 est.
3525 5040 3700 5097 llodie

434 5132 564 5169 στου
586 5117 646 5169 τὸ
668 5116 888 5170 κτιστὸν
912 5114 1261 5186 ᾠκοδόμηται
1282 5114 1510 5186 τέμενος
1529 5133 1542 5145 ·
1574 5119 1671 5171 καὶ
1698 5117 1758 5172 τὸ
1788 5121 2011 5189 κτίσμα,

2115 5115 2264 5169 enim
2295 5118 2537 5172 omuium
2565 5119 2844 5179 Creatoris
2867 5133 3117 5180 creatum
3153 5127 3446 5186 delubrum
3480 5145 3701 5189 exstru-

432 5204 511 5276 τῴ
540 5205 752 5276 κτίστῃ
790 5203 932 5260 θεῖον
980 5203 1281 5272 ὲναύλισμα
1311 5205 1696 5274 καινοπρεπῶς
1732 5204 2015 5274 ἑτοιμάζε-

2116 5216 2266 5261 ctum
2297 5220 2381 5263 est
2409 5225 2422 5262 :
2461 5226 2526 5265 ac
2560 5222 2817 5269 creatura
2838 5259 2854 5283 ,
2898 5234 3039 5277 nova
3088 5220 3417 5294 decentique
3450 5228 3659 5283 ratione
3682 5273 3697 5296 ,

430 5312 544 5349 ται.
596 5297 848 5366 Σήμερον
883 5297 918 5364 ἡ
962 5296 1093 5366 πρὶν
1144 5296 1556 5361 ἀπογαιωθεῖσα
1590 5295 1788 5364 φύσις.
1838 5297 2014 5367 ἀρχὴν

2117 5314 2322 5355 novum
2355 5305 2569 5358 auctori
2613 5317 2843 5375 paratur
2903 5311 3230 5383 hospitium.
3289 5315 3503 5383 Hodie,
3544 5295 3698 5390 prius

430 5385 698 5457 λαμϐάνει
730 5385 979 5449 θεώσεως
1001 5403 1014 5416 ·
1053 5387 1146 5438 καὶ
1171 5386 1304 5456 πρὸς
1326 5387 1484 5451 δόξαν
1509 5389 1540 5439 ὁ
1566 5386 1728 5457 χνοῦς
1751 5387 1849 5456 τὴν
1874 5391 2013 5441 ἀνω·

2119 5398 2267 5444 terra
2302 5395 2458 5448 exsul
2497 5396 2638 5452 facta
2692 5408 2930 5465 natura,
2979 5403 3330 5464 divinitatem
3380 5385 3560 5481 primo
3607 5430 3699 5468 ac-

429 5475 602 5540 τάτω,
634 5476 923 5547 μετάρσιος
956 5475 1279 5545 ἀνατρέχειν
1324 5479 1624 5544 ἐπείγεται.
1678 5479 1924 5548 Σήμερον
1956 5478 2012 5542 ἐξ

2118 5483 2250 5552 cipit
2301 5503 2317 5542 :
2380 5489 2670 5555 pulvisque
2726 5492 2793 5546 ad
2854 5509 3176 5567 supremum
3227 5501 3418 5572 gloria!
3485 5504 3694 5573 apicem

503 5656 532 5697 δ
561 5655 605 5710 ll
627 5656 759 5712 Cor.
793 5672 848 5719 ν,
899 5628 1011 5709 17.⁴
1065 5667 1088 5696 ε
1121 5656 1284 5712 Hebr.
1329 5675 1421 5719 vn.
1452 5659 1515 5714 l9
1613 5661 1638 5697 ‘
1667 5657 1829 5713 Joau.
1857 5674 1895 5723 ι,
1930 5657 2013 5712 16.

1272 5698 1284 5710 .
1329 5675 1421 5719 ru.
1452 5659 1515 5714 l9
1613 5661 1638 5697 ά
1667 5657 1895 5723 Joan.1,
1930 5657 2013 5712 16.
2559 5740 2563 5744 '
2754 5694 2859 5726 ,

755 5753 1030 5813 Parnm”
1068 5753 1184 5812 Gn.
1218 5753 1464 5814 XCVII.
1552 5816 1555 5819 ,
1822 5848 1829 5852 Α
2240 5842 2246 5851 ⁷
2278 5792 2343 5849 -ς-τ.

2530 5744 2568 5781 "
3345 5775 3416 5840 26
