4032 6138
460 277 571 346 ῑ13

1517 256 2155 325 IN‘NATLVITATEM
2201 255 2264 313 Β.
2309 246 2597 309 ΜΑΙΗᾹΞ.
2628 246 2676 304 Ῐ.

3620 234 3725 298 8H

456 395 524 448 τὺ
551 386 826 460 προσφυὲς
859 386 894 454 ἡ
929 383 1088 452 elici;
1127 380 1368 447 ἀξίωμα,
1430 376 1724 446 συληθεῐσα
1753 374 1851 442 τὴν
1887 371 2047 440 χάριν

2182 375 2277 418 at:
2341 373 2537 416 natura
2601 371 2770 422 vero,
2825 351 3213 408 ἰιιοὶιυιίίίιιιίευ
3265 349 3465 418 lapsu,
3522 359 3630 417 qua
3665 362 3729 398 ex

459 485 538 556 τῷ
563 483 660 550 τῆς
692 459 976 548 παρακοῆς
1001 471 1352 542 ὀλισθήματι,
1377 469 1438 522 δι’
1465 464 1532 540 ἦς
1554 467 1922 538 ἐξεῤῥίφημεν
1948 459 2044 556 τοῦ

463 551 674 644 ζωηροῦ
702 569 927 638 χωρίον,
959 564 1176 634 καὶτῆς
1207 565 1263 614 ἐν
1294 559 1610 630 παραδείσῳ
1638 558 1847 626 τρυφῆς
1879 555 1912 622 ἡ
1946 551 2049 619 ερύ-

465 682 496 718 σ
523 685 547 730 ς
575 666 672 734 τὴν
703 663 967 730 ἐπίκηρον
1003 659 1148 727 ζωὴν
1190 653 1580 724 ἀντηλλάξατο,
1637 649 1837 717 κλῆρον
1859 645 2048 710 ὥσπερ

521 756 594 810 vd:
612 753 864 824 πατρῷον
897 752 977 813 είς
1003 750 1150 820 ἡμᾶς
1179 747 1624 814 καταντήσασαν,
1657 741 1717 804 ἐξ
1741 735 1808 810 ἦς
1837 739 1865 791 ὁ
1890 737 2053 790 θάνα-

467 867 576 912 τος,
601 847 695 900 καὶ
729 847 762 914 ή
794 841 1044 896 ἐντεῦθεν
1073 838 1170 892 τοῦ
1199 838 1390 905 γένους
1425 831 1774 903 καταφθορά·
1814 825 1932 881 εἶτα
1954 827 2052 894 τὴν

466 943 619 996 κᾶιτω
648 938 833 1010 χώραν
853 935 950 1003 τῆς
974 933 1086 988 ἄνω
1112 931 1329 984 πάντων
1347 925 1744 995 ἁνθελομένων,
1780 922 1928 973 πᾶσα
1957 922 2052 986 μὲν

467 1035 716 1105 ἀφῄρητο
742 1026 1018 1098 σωτηρίας
1040 1023 1220 1085 ἐλπὶς,
1259 1021 1429 1074 ἐδεῖτο
1455 1018 1512 1070 δὲ
1549 1014 1800 1086 βοηθείας
1835 1014 1868 1082 ή
1893 1010 2052 1109 φύσις

468 1131 565 1197 τῆς
593 1123 876 1176 ἀνωτάτω.
922 1114 1114 1186 Νόμος
1133 1115 1188 1168 δὲ
1213 1110 1281 1184 ἦν
1315 1112 1491 1172 οὐδεὶς
1523 1108 1660 1178 πρὸς
1693 1106 1934 1176 ἰατρείαν
1961 1106 2053 1154 τοὺ

469 1194 934 1289 ἀρρωστήματος·
963 1209 1064 1276 οὐχ
1101 1207 1130 1257 ὁ
1162 1204 1423 1272 ἔμφυτος,
1458 1198 1556 1267 ούχ
1586 1199 1614 1248 ὁ
1643 1195 1918 1266 γραπτος,
1957 1194 2056 1259 οὐχ

2150 460 2271 512 loco
2303 456 2454 509 vitali
2485 455 2770 508 fueramus
2796 449 2864 515 ejt
2884 447 2956 503 ι,ιὶ
2979 445 3264 515 ,'spoliata
3292 443 3491 512 gratia,
3533 453 3736 510 cogna-

2151 557 2261 600 tam
2311 546 2632 615 dignitatem
2690 541 3124 594 t‘ibliteraverat:
3189 533 3542 604 paradisique
3597 530 3737 586 deli-

2120 641 2274 698 .ciis,
2309 637 2475 690 vitam
2525 633 2944 701 corruptibilem
2969 669 2984 693 ,
3023 631 3170 682 velut
3223 637 3504 696 paternam
3545 639 3740 694 quam-

2152 732 2276 784 (lati)
2315 733 2368 782 in
2403 742 2505 780 nos
2535 726 2823 780 devectam
2864 721 3245 776 luercditatem
3269 757 3284 782 ,
3319 733 3383 772 ex
3415 732 3527 784 qua
3564 733 3737 776 mors.

2153 829 2207 873 et
2233 835 2353 887 qua:
2385 817 2551 872 morti
2599 830 2788 870 comes
2841 825 2926 868 est
2976 813 3266 878 corruptio
3293 809 3517 880 generis
3545 846 3562 872 ,
3585 821 3706 860 com
3727 835 3743 848 ο

2155 917 2498 963 mutaverat:
2561 919 2804 973 cmnque
2857 902 3084 970 insuper
3115 909 3320 953 terram
3355 913 3554 952 omnes
3597 911 3742 966 pra:-

2155 1009 2450 1066 Optasscnt
2485 998 2628 1052 ραιὶο
2653 995 2924 1062 ,-sublata
2961 1004 3081 1048 erat
3119 993 3305 1048 omnis
3337 1008 3466 1062 Spes
3512 993 3741 1048 salutis.

2158 1103 2532 1158 supremoque
2568 1095 2768 1142 natura
2803 1088 3087 1152 indigebat
3132 1085 3360 1139 auxilio.
3393 1083 3571 1140 Porro
3599 1083 3747 1137 nulla

2158 1183 2242 1236 lex
2307 1194 2426 1235 erat
2474 1180 2734 1236 sanandae
2785 1179 3142 1250 aegritudini,
3197 1193 3306 1255 non
3364 1179 3574 1242 innata,
3635 1193 3748 1232 non

2161 1275 2403 1343 scripta,
2440 1289 2550 1327 non
2591 1278 2770 1344 ignem
2821 1274 3039 1342 spirans
3093 1279 3488 1341 scquesterque
3515 1271 3752 1339 prophe-

2161 1375 2338 1419 tarum
2373 1382 2556 1420 sermo
2579 1405 2594 1430 ,
2637 1383 2744 1419 non
2777 1365 2820 1420 si
2851 1365 2977 1434 quis
3008 1365 3327 1418 conducere
3356 1365 3510 1418 norit
3544 1365 3753 1416 instan-

2163 1458 2362 1512 rationi
2395 1458 2652 1512 humana:
2705 1469 2953 1521 naturae,
3007 1471 3312 1526 eorumque
3357 1453 3563 1524 aliquid
3587 1497 3599 1512 .
3631 1455 3755 1524 qui—

474 1575 772 1641 εύγένειαν.
805 1567 1113 1636 Ιιύδὸκησεν
1135 1564 1259 1635 ἄρτι
1279 1560 1388 1614 τῶν
1406 1560 1540 1612 ὅλων
1590 1561 1617 1611 ὁ
1668 1556 2059 1626 ἀριστοτέχνης

2179 1565 2267 1604 aus
2303 1549 2446 1603 forte
2474 1549 2542 1602 ad
2589 1550 2880 1618 pristinam
2943 1549 3290 1602 nobilitatem
3353 1546 3514 1601 facile
3567 1555 3755 1616 posset

476 1667 629 1728 Θεὸς.
659 1661 770 1716 οἷον
798 1679 918 1714 τινα
951 1655 1318 1728 παναρμόνιον
1345 1656 1438 1707 καὶ
1464 1653 1704 1719 νεοπαγῆ
1735 1651 1936 1720 κόσμον
1964 1649 2061 1701 ἄλ-

2179 1641 2512 1697 aostlimiuio
2565 1641 2796 1705 reverti.
2871 1639 3095 1708 Optimo
3157 1639 3378 1694 tandem
3445 1640 3623 1693 visum
3673 1650 3757 1693 est

480 1709 629 1728 ν-ντν
663 1709 764 1716 νη-
807 1709 918 1714 --ν--
1102 1709 1113 1728 ι
1138 1709 1158 1728 ,ί
1645 1709 1656 1718 .
1693 1709 1704 1719 ,
1841 1709 1852 1720 ,

476 1758 570 1811 λον
595 1752 892 1826 ἀρτιτελῶς
926 1747 1324 1814 ἐπιδείξασθαι,
1358 1746 1452 1798 καὶ
1505 1743 1603 1812 τὴν
1635 1739 2062 1809 ἐγκατασκήψα-

2179 1734 2554 1788 universorum
2617 1731 2858 1796 artitici,
2911 1740 2971 1784 ut
3043 1731 3189 1784 velut
3255 1730 3754 1786 concinnissinmm

420 1283 438 1375 ξι
470 1283 633 1361 ὁτῶν
657 1297 951 1375 προφητῶν
979 1315 1049 1348 πυ
1061 1296 1280 1366 pinv-ou;
1313 1291 1404 1344 καὶ
1430 1289 1845 1357 διαλλακτήριος
1878 1285 2054 1357 λᾴγος,

472 1397 570 1464 οὐχ
597 1392 656 1456 ὃς
812 1386 1162 1458 ἀνθρωπίνην
1191 1379 1332 1436 οἶδεν
1366 1378 1704 1450 ἐπανορθοῦν
1751 1377 1932 1444 φύσιν,
1966 1376 2058 1427 καὶ

429 1449 442 1518 ³
473 1482 552 1548 οἷς
570 1485 635 1538 ἂν
667 1483 809 1552 τάχα
840 1479 1040 1550 ῥᾳδίως
1096 1471 1432 1543 ἀνεκομίσθη
1469 1471 1606 1540 πρὸς
1650 1467 1748 1538 τὴν
1789 1466 2060 1536 προτέραν

481 1866 581 1902 σαν
613 1847 782 1901 πάλαι
807 1845 906 1913 τῆς
939 1838 1215 1910 ἁμαρτίας
1239 1835 1529 1905 ἐπιφορὰν,
1564 1834 1629 1886 δι’
1668 1827 1733 1902 ἧς
1761 1836 1788 1885 ὁ
1813 1831 2063 1892 Θάνατος,

481 1938 826 2009 ἀναχαιτίσαι
855 1933 1012 1994 τέως.
1047 1927 1352 1990 Εἷθ”οὖτως
1385 1927 1540 1996 ξένην
1567 1923 1690 1978 τινὰ
1718 1925 1812 1977 καὶ
1837 1922 2068 1976 ἀδούλω-

479 2047 574 2083 τον
612 2029 706 2081 καὶ
737 2025 906 2088 ὅντως
942 2019 1324 2088 ἁπαθεστάτην
1359 2020 1491 2088 ἡμῖν
1527 2015 1853 2087 παραδεῖξαι
1897 2014 2065 2082 ζωὴν,

483 2123 594 2182 τοῖς
623 2115 1088 2183 ἀνα-γεννωμένοις
1125 2113 1256 2180 ἡμῖν
1284 2107 1558 2176 δήπουθεν
1601 2104 1680 2174 τῷ
1720 2105 1820 2174 τῆς
1847 2103 2066 2172 θεογεν-

485 2211 676 2282 νησίας
707 2205 1045 2278 βαπτίσματι
1067 2247 1084 2262 .

559 2475 684 2538 Πῶς
715 2474 810 2528 οὖν
839 2473 948 2526 ἔδει
971 2471 1177 2541 ταύτην
1219 2471 1299 2532 είς
1325 2471 1471 2539 ἡμᾶς
1503 2468 1786 2540 προελθεῖν
1837 2466 1934 2538 τήν
1985 2468 2072 2520 εύ-

487 2565 765 2636 εργεσίαν,
802 2560 1042 2632 μεγάλην
1075 2577 1134 2612 τε
1163 2555 1328 2612 οὖσαν
1357 2559 1451 2611 καὶ
1485 2557 1944 2628 παραδοξοτάτην,
1979 2561 2072 2610 καὶ

487 2659 673 2726 νόμοις
703 2655 870 2717 θείοις
891 2652 1284 2722 ἐμπρέπουσαν
1309 2665 1324 2714 ;
1354 2649 1388 2718 ἢ
1413 2649 1536 2718 οὐχ).
1566 2648 1698 2702 Θεοῦ
1739 2649 1828 2702 διὰ,
1871 2648 2070 2720 σαρκὸς

488 2749 620 2818 ἡμῖν
659 2743 1036 2812 ἐπιφανέντος,
1087 2738 1180 2794 καὶ
1208 2739 1392 2808 νόμοις
1441 2742 1656 2808 φύσεως
1679 2741 1927 2809 ἥκοντος,
1977 2740 2072 2792 καὶ

489 2840 604 2901 τοῖς
631 2834 755 2888 καθ’
781 2835 949 2906 ἡμᾶς,
971 2831 1044 2896 ὡς
1056 2829 1186 2891 οἶδε,
1208 2830 1388 2898 λόγοις
1410 2821 1864 2900 ἐμπολιτεύεσθαι
1887 2847 2071 2884 καινο-

491 2926 719 3001 πρεπῶς
750 2925 1092 2985 ὲπινεύοντος
1117 2923 1288 2990 ;Τίνα
1313 2921 1584 2990 δὲτρόπον
1611 2921 1766 2974 τοῦτο
1794 2923 1869 2986 εἰς
1898 2922 2072 2993 πέρας

492 3022 680 3090 ἄγοιτο
709 3015 849 3088 ἆν,ή
885 3011 1442 3094 Παρθέκιον.καθαρᾶς
1469 3013 1564 3064 καὶ
1584 3012 1864 3080 ἁνεπάιρου
1889 3012 2070 3066 διακο-

495 3111 764 3181 νουμένης
807 3106 884 3176 τῷ
917 3106 1202 3176 μυστηρίῳ
1235 3105 1519 3173 πρότερον,
1548 3100 1666 3156 εἶτα
1701 3103 2076 3172 κυοφορούσης

495 3206 586 3259 τὸν
611 3200 958 3272 ύπερούσιον,
979 3197 1130 3266 νόμῳ
1163 3197 1290 3258 τοὺς
1319 3195 1520 3264 νόμους
1568 3193 1932 3264 ύπερνικῶντι
1980 3194 2078 3264 τῆς

497 3295 747 3366 (pacatae;
777 3289 926 3358 Αὕτη
956 3289 1012 3341 δὲ
1035 3289 1117 3350 τίς
1148 3287 1214 3340 ἂν
1244 3288 1438 3350 νοοῖτο,
1472 3285 1611 3355 πλὴν
1640 3285 1807 3356 μόνης
1839 3285 2076 3355 ἐκείνης,

498 3387 598 3456 τῆς
622 3383 728 3456 πρὸ
753 3381 940 3435 πασῶν
982 3377 1182 3446 γενεῶν
1233 3375 1632 3445 ἐκλελεγμένης
1661 3375 1737 3446 τῷ
1768 3376 2082 3445 παγγενέτῃ

499 3479 598 3546 τῆς
621 3475 862 3544 φύσεως
889 3471 1037 3540 Λῦτη
1059 3471 1202 3522 ἐστὶν
1219 3469 1252 3539 ή
1267 3467 1526 3531 Θεοτόκος
1547 3469 1755 3538 Μαρία,
1779 3468 1840 3520 τὸ
1859 3468 2084 3538 θεόκλη-

502 3584 595 3620 τον
640 3565 830 3633 ὄνομα,
875 3557 942 3634 ἧς
991 3563 1054 3614 ἐκ
1109 3558 1300 3630 νηδύος
1357 3557 1496 3628 μετὰ
1537 3559 1790 3630 σαρκὺςὸ
1821 3559 2084 3630 ὑπέρθεος

502 3653 887 3729 προελήλυθεν,
917 3653 984 3720 ἢν
1006 3651 1165 3712 αὐτὸς
1196 3650 1374 3720 ἐαυτῷ
1396 3651 1724 3720 ναοποιήσας
1748 3651 2086 3721 ύπερουσίως

504 3747 770 3818 ἐπήξατο·
799 3747 880 3799 ὅτι
909 3744 984 3814 μὴ
1013 3743 1264 3813 διέφθορε
1280 3745 1380 3813 τὴν
1404 3741 1568 3813 νηδὺν
1596 3743 1630 3812 ή
1657 3740 1914 3806 τεκοῦσα,
1951 3741 2087 3812 μηδέ

507 3835 719 3906 σπορᾶς
749 3835 810 3886 τὺ
829 3833 1018 3902 τεχθὲν
1048 3831 1314 3900 ἐδεδέητο.
1359 3830 1490 3892 θεὸς
1523 3830 1632 3900 γὰρ
1655 3825 1742 3900 ἦν,
1776 3831 1824 3883 εἰ
1847 3831 1940 3883 καὶ
1962 3847 2090 3900 σαρ-

507 3929 678 3992 κικῶς
709 3927 1035 3999 γεννηθῆναι
1082 3925 1386 3995 προείλετο,
1429 3926 1640 3996 λοχείας
1666 3925 1816 3988 ἄνευ,
1846 3924 1940 3977 καὶ
1963 3925 2090 3976 ὠδί-

506 4035 612 4070 νων
633 4017 798 4088 χωρίς
827 4033 842 4047 ·
888 4017 966 4078 ὡς
991 4015 1080 4078 ἂν,
1111 4016 1204 4068 καὶ
1245 4013 1314 4067 τὰ
1353 4015 1604 4086 μητέρων
1645 4016 1676 4084 ή
1705 4015 1888 4086 μήτηρ
1920 4015 2090 4084 ἐκφύ-

508 4125 614 4176 γοι,
669 4107 993 4178 παραδόξως
1039 4106 1380 4178 ἐκτρέφουσα
1409 4107 1641 4174 γάλακτι
1697 4107 1756 4159 ὃν
1814 4107 2092 4178 ἀνάνδρως

507 4202 913 4268 ἐπαιδοποίησε,
961 4202 1056 4256 καὶ
1091 4203 1124 4271 ἠ
1159 4201 1434 4272 Παρθένος
1484 4201 1748 4273 ἄσπορον.
1773 4201 2092 4255 ἀποκύουσα

507 4298 771 4366 γέννημα,
823 4295 974 4365 μένει
1003 4293 1269 4365 παρθένος
1301 4293 1620 4361 ἅγνεύονσα,
1675 4294 1789 4348 σῶα
1825 4297 1918 4348 καὶ
1954 4297 2092 4364 μετά

2165 1824 2462 1894 quemdam
2524 1838 2829 1893 recensque
2883 1831 3240 1892 compactura
3277 1823 3545 1876 tumulum
3583 1822 3754 1876 alium

2165 1917 2234 1973 de
2262 1931 2403 1969 novo
2454 1915 2784 1970 exhiberet:
2844 1915 3230 1985 bactenusque
3274 1924 3590 1984 grassatam
3621 1915 3756 1968 olim

2169 2008 2380 2078 peccati
2421 2008 2609 2070 luem,
2670 2021 2736 2061 ex
2793 2021 2900 2076 qua
2945 2021 3094 2060 mors
3147 2012 3254 2069 est,
3318 2006 3756 2076 comprimeret:

2169 2110 2396 2168 tumque
2435 2111 2632 2151 novam
2687 2098 2980 2166 quamdam
3011 2137 3026 2162 ,
3086 2113 3186 2151 nec
3239 2097 3534 2151 obnoxiam
3577 2098 3761 2152 servi-

2169 2191 2320 2258 tuti,
2373 2203 2616 2258 vereque
2669 2187 3063 2244 aﬂ‘ectionibus
3095 2197 3150 2242 et
3193 2189 3341 2242 vitiis
3368 2191 3758 2244 vacuissimam

2169 2283 2336 2335 vitam
2359 2321 2374 2346 ,
2406 2280 2575 2335 nobis
2611 2281 2804 2350 utique
2837 2281 3034 2334 divinae
3083 2279 3523 2350 regenerationis
3582 2282 3764 2351 bapti-

2172 2380 2352 2427 smate
2383 2373 2743 2442 regeneratis,
2777 2381 3134 2426 monstraret.

2240 2466 2362 2532 Quo
2422 2465 2590 2535 igitur
2623 2463 2785 2518 modo
2815 2480 2913 2534 par
2941 2473 3058 2520 erat
3083 2505 3096 2527 ,
3129 2475 3186 2520 ut
3217 2478 3480 2536 magnum
3509 2467 3668 2531 illud,
3705 2477 3762 2520 et

2172 2559 2411 2612 maxime
2443 2573 2736 2614 novumac
2778 2557 3054 2621 mirabile,
3115 2557 3324 2629 Deique
3369 2559 3582 2630 legibus
3621 2577 3762 2617 con-

2169 2651 2625 2718 gruentissimum
2671 2649 2997 2706 beneﬁcium
3031 2651 3084 2704 in
3125 2666 3224 2706 nos
3265 2651 3622 2722 procederet,
3653 2656 3766 2711 nisi

2177 2741 2290 2796 Deo
2357 2742 2518 2796 nobis
2588 2755 2687 2812 per
2746 2755 2972 2796 carnem
3034 2753 3380 2814 apparente,
3434 2759 3502 2799 ac
3547 2756 3766 2803 natura:

2173 2834 2512 2904 obsequente
2557 2833 2793 2904 legibus,
2827 2836 3172 2905 nostrisque,
3211 2849 3270 2889 ιιι
3306 2837 3492 2902 novit,
3531 2837 3770 2893 rationi-

2177 2925 2316 2986 bus,
2351 2940 2494 2978 nova
2551 2924 2882 2994 decentique
2928 2927 3146 2982 ratione
3195 2939 3480 2984 annuente
3532 2929 3770 2985 vivere?

2103 3055 2146 3112 ο
2177 3018 2282 3083 Qui
2319 3033 2445 3072 vero
2481 3032 2543 3072 ea
2576 3033 2664 3074 res
2699 3022 2767 3072 ad
2803 3018 2966 3072 linem
3036 3019 3425 3082 deduceretur,
3463 3023 3570 3076 nisi
3611 3023 3766 3092 prius

2181 3107 2389 3161 munda
2445 3108 2776 3176 intactaque
2837 3106 3010 3174 Virgo
3058 3109 3406 3165 ministraret
3463 3113 3762 3182 mysterio,

2181 3204 2441 3266 tumque,
2481 3197 2602 3268 lege
2647 3213 2816 3268 supra
2859 3205 3070 3252 natura?
3105 3198 3459 3268 leges,,eum
3505 3202 3596 3270 qui
3639 3202 3770 3256 sub-

2183 3290 2389 3342 stantia
2425 3290 2682 3360 superior
2716 3299 2838 3353 est,
2891 3291 2946 3344 in
2980 3300 3146 3345 utero
3189 3294 3476 3362 gestaret?
3507 3295 3768 3361 Qum-nam

2117 3453 2122 3456 _
2186 3387 2369 3436 autem
2409 3381 2518 3434 alia
2563 3381 2722 3450 virgo
2758 3381 2876 3435 haec
2907 3381 3086 3450 possit
3133 3383 3408 3453 intelligi,
3458 3385 3566 3442 nisi
3605 3402 3770 3457 quam

2187 3475 2318 3527 ante
2389 3486 2586 3527 omnes
2633 3472 3020 3542 generationes
3067 3481 3282 3528 natura:
3334 3477 3508 3532 totius
3557 3489 3776 3534 creator

2185 3561 2392 3633 elegit?
2446 3562 2569 3618 "er
2601 3577 2772 3632 porro
2824 3561 2999 3619 Maria
3045 3562 3136 3619 Dei
3169 3565 3412 3633 genitrix
3441 3577 3526 3622 est
3550 3609 3564 3631 ,
3597 3585 3626 3623 a
3661 3568 3775 3622 Deo

2189 3653 2324 3707 illud
2361 3663 2613 3708 vocatqu
2672 3669 2912 3720 nomen,
2969 3670 3036 3710 ex
3087 3655 3250 3724 cujus
3307 3659 3584 3726 processit
3617 3666 3776 3714 utero

2190 3745 2581 3802 divinissimus
2617 3747 2708 3802 ille
2749 3747 2978 3804 indutus
3005 3763 3232 3803 carnem
3258 3792 3274 3815 ,
3310 3765 3482 3820 quam
3525 3751 3631 3806 sibi
3657 3751 3776 3822 ipse

2192 3837 2247 3890 in
2279 3838 2543 3906 templum
2593 3853 2794 3893 novum
2817 3879 2830 3904 ,
2891 3839 3204 3894 admirabili
3237 3841 3396 3910 plane
3430 3841 3595 3898 modo
3620 3858 3776 3899 com-

2194 3929 2360 3998 pcgit.
2393 3927 2584 3998 Neque
2639 3930 2784 3984 enim
2845 3930 2937 3984 illa
2991 3939 3208 3988 utermn
3267 3935 3523 4006 corrupit
3575 3946 3778 4006 partu,

2195 4035 2370 4090 neque
2397 4019 2492 4086 ei,
2531 4029 2588 4074 ut
2641 4030 2958 4092 pareretur,
3021 4025 3237 4081 semine
3285 4041 3426 4095 opus
3476 4027 3598 4082 fuit.
3641 4017 3814 4084 Nam-

2193 4119 2318 4165 erat
2367 4109 2534 4176 Deus,
2565 4125 2884 4180 quanquam
2925 4113 3087 4168 modo
3137 4115 3391 4181 carnali,
3441 4117 3559 4171 sine
3597 4126 3782 4174 tamen
3822 4101 3826 4105 ’

2195 4203 2345 4256 coitu
2379 4201 2785 4272 doloribusque
2840 4203 2994 4258 nasci
3031 4203 3231 4259 voluit.
3277 4202 3348 4258 Ut
3391 4207 3552 4274 plane
3583 4215 3782 4272 mater,
3820 4192 3826 4254 Ῐ

2195 4309 2318 4362 qua:
2353 4299 2487 4347 sunt
2534 4297 2773 4346 malrum
2811 4293 3094 4358 nesciret,
3151 4293 3483 4351 mirabiliter
3529 4297 3740 4353 lactans
3767 4337 3781 4361 ,

453 4425 458 4428 -
504 4387 600 4440 τὸν
632 4387 792 4439 τόκον
830 4384 930 4452 τῆς
970 4381 1270 4454 παρθενίας
1293 4383 1361 4435 τὰ
1405 4383 1694 4454 σήμαντρα
1725 4386 2000 4454 φέρουσα·

2197 4399 2361 4453 quem
2421 4384 2544 4438 sine
2605 4383 2724 4438 viro
2789 4385 2962 4439 tilium
3021 4397 3421 4455 procreasset:
3485 4388 3783 4460 virgoque.

505 4480 565 4533 δὲ
597 4479 784 4548 τρόπῳ
812 4477 905 4530 καὶ
917 4476 1179 4537 Θεοτὸκος
1209 4476 1432 4538 εἰκότως
1465 4477 1816 4546 κηρύττεται,
1842 4480 1935 4530 καὶ
1961 4495 2096 4548 παρ-

509 4571 660 4624 οινία
701 4570 1060 4638 σεμνύνεται,
1102 4569 1198 4622 καὶ
1245 4569 1500 4638 γέννησις
1531 4571 1942 4640 προσκυνεῖται,
2001 4572 2096 4623 καὶ

509 4663 641 4726 Θεὸς
663 4661 974 4732 ἀνθρώποις
999 4659 1308 4731 ἑνούμενος,
1334 4656 1450 4713 εἶτα
1477 4662 1640 4732 σαρκὶ
1666 4679 1802 4730 φανε
1813 4662 2093 4734 ρούμενος,

507 4753 608 4820 τῆς
633 4753 839 4815 οίκείας
875 4751 1033 4817 δόξης
1059 4748 1344 4820 χαρίζεται
1391 4751 1453 4803 τὸ
1478 4750 1718 4822 ἀξίωμα.
1757 4753 1870 4823 Τῆς
1900 4752 1964 4820 γέ
2014 4772 2096 4806 τοι

511 4842 737 4914 πρώτης
764 4842 980 4912 ἐκείνης
1015 4841 1185 4908 ἀρᾶς,
1221 4839 1380 4902 εὐθὺς
1410 4841 1443 4909 ή
1475 4841 1762 4906 γυναικεία
1800 4841 1961 4910 φύσις
2000 4845 2098 4913 τὴν

509 4931 793 5001 διόρθωσιν
850 4929 1084 5000 δέχεται,
1115 4927 1326 4996 ’ὥσπερ
1380 4927 1644 4998 ἐνήρξατο
1669 4930 1767 5000 τῆς
1799 4931 2094 5002 ἁμαρτίας,

513 5020 878 5094 ὰπιρξαμένη
908 5020 1006 5088 τῆς
1039 5017 1330 5089 σωτηρίας.

581 5282 727 5344 Ἦκε
753 5289 935 5342 τοίνυν
965 5290 1096 5358 ἡμῖν
1131 5289 1158 5341 ὁ
1185 5285 1343 5354 λόγος
1384 5287 1474 5338 ἐπ’
1511 5283 1643 5337 αὐτὸ
1675 5282 1859 5361 λοιπὸν
1911 5285 1972 5337 τὸ
2008 5303 2100 5338 κε-

516 5383 771 5454 φάλαιον·
805 5375 1099 5435 κάντεῖῐθεν
1135 5378 1245 5448 ἐγὼ
1269 5381 1509 5448 σήμερον
1543 5375 1956 5446 πανηγυριστὴς
2011 5378 2103 5430 καὶ

515 5475 765 5546 λαμπρὸς
788 5475 1054 5543 ἑστιάτωρ
1074 5471 1174 5542 τῆς
1209 5473 1360 5542 ἱερᾶς
1386 5468 1587 5536 ταύτης
1623 5468 1949 5531 πανδαισίας
1975 5470 2104 5532 ὑμῖν

515 5567 894 5638 προιλήλυθα,
957 5567 1058 5636 τήν
1108 5563 1411 5633 εὐφρασίαν
1455 5561 1640 5630 κοινὴν
1689 5559 2100 5629 προτιθέμενος.

519 5657 832 5727 ῑὶονληθεὶς,
849 5655 1007 5725 ἔφην,
1031 5654 1126 5709 τοῦ
1151 5653 1342 5722 γένους
1358 5650 1717 5722 ὁΛυτρωτὴς,
1739 5651 1866 5704 νέαν
1884 5651 2103 5705 ἀντεπι-

2201 4482 2358 4540 partu
2393 4471 2540 4526 edita
2587 4473 2738 4542 prole
2772 4473 2893 4529 sine
2943 4475 3153 4529 semine
3175 4514 3190 4538 ,
3227 4477 3382 4546 virgo
3411 4484 3563 4532 casta
3599 4493 3788 4534 mane-

2201 4572 2304 4628 ret,
2346 4573 2471 4634 post
2506 4565 2672 4618 etiam
2710 4573 2932 4634 partum
2983 4567 3200 4638 integra
3234 4567 3421 4624 ferens
3458 4569 3789 4641 virginitatis

2200 4657 2508 4726 signacula.
2543 4655 2664 4722 Quo
2716 4658 2909 4727 utique
2964 4659 3161 4722 modo,
3195 4669 3248 4715 et
3301 4663 3498 4716 merito
3525 4665 3792 4734 praalica-

2203 4757 2293 4802 tur
2323 4745 2580 4816 Deipara,
2613 4757 2666 4802 et
2694 4749 2988 4817 virginitas
3036 4751 3392 4819 bonestatur,
3431 4765 3488 4809 et
3523 4756 3792 4811 adoratur

2205 4845 2428 4909 partus:
2464 4837 2720 4910 Deosque
2773 4842 3098 4898 horninibus
3138 4846 3329 4900 unitus
3351 4885 3366 4908 ,
3401 4847 3650 4918 adeoque
3682 4865 3793 4902 ma-

2203 4929 2500 4986 nifestatns
2531 4947 2739 4995 carne,
2787 4949 2945 4988 suam
2985 4937 3102 5006 ipse
3153 4938 3387 5006 gloriam
3441 4941 3654 4996 tribuit.
3700 4941 3792 4996 Si-

2199 5021 2420 5088 quidem
2458 5024 2646 5077 statim
2683 5027 2976 5082 muliebris
3004 5029 3646 5087 sexus-maledictionem
3680 5035 3793 5102 prit-

2204 5127 2348 5164 mam
2379 5114 2646 5184 corrigit,
2679 5117 2876 5172 salutis
2911 5118 3092 5175 factus
3125 5121 3377 5190 initium,
3425 5125 3519 5194 qui
3568 5125 3787 5180 initimu

2206 5201 2384 5256 fuerat
2422 5206 2658 5272 peccati.

2273 5289 2391 5343 Jam
2427 5292 2688 5363 deinceps
2717 5294 2786 5348 ad
2823 5296 2874 5351 id
2913 5299 3060 5367 qudd
3099 5311 3263 5372 caput
3304 5313 3388 5360 est
3435 5305 3599 5361 nobis
3631 5308 3790 5363 deve-

2204 5381 2290 5470 nit
2317 5381 2500 5436 oratio
2533 5401 2544 5435 :
2604 5383 2847 5454 hincque
2885 5403 2986 5456 ego
3022 5391 3190 5448 hodie
3229 5395 3564 5461 celebrator,
3601 5401 3790 5470 splen-

2205 5468 2478 5539 didnsque
2509 5473 2653 5526 sacri
2705 5475 2872 5544 hujus
2904 5477 3200 5536 lautissimi
3237 5486 3384 5554 epuli
3437 5468 3790 5556 convivator,

2206 5575 2556 5615 connnunem
2605 5566 2762 5622 vobis
2799 5583 3086 5638 apponens
3129 5575 3378 5632 laetitiam
3413 5581 3613 5650 prodii.
3651 5581 3792 5640 Cum

2207 5653 2386 5718 eilia),
2421 5664 2479 5710 ut
2507 5655 2657 5725 dixi,
2708 5662 2928 5731 generis
2980 5661 3340 5740 Redemptor,
3375 5688 3572 5728 novam
3619 5671 3792 5744 priori
