4032 6138
258 252 361 315 U5

1450 267 1510 326 S.
1554 267 1882 326 ANDREE
1912 269 2339 329 CRETENSIS

3421 274 3526 343 8i6

255 364 605 420 nativitatem
656 372 713 419 et
772 365 1046 421 ﬁctionem
1109 369 1504 426 succedaneam
1565 374 1836 429 voluisset

1956 376 2214 439 ἱείξασθαι
2258 379 2360 447 τῆς
2421 377 2693 447 προτέρας
2722 378 2976 448 γέννησιν
3043 382 3135 432 καὶ
3183 382 3524 448 ἀνάπλασιν,

253 456 566 524 exhibere,
628 459 1095 528 quemadmodum
1150 461 1267 516 illic
1305 462 1425 517 luto
1476 474 1706 536 accepto
1767 483 1833 521 cx

258 551 469 607 illibata
500 550 714 620 virgine
746 561 892 607 terra
930 553 1168 623 primum
1205 555 1463 609 formavit
1503 558 1677 612 Adam
1703 598 1718 620 .
1756 559 1837 614 sic

255 653 313 697 et
344 644 437 697 hic
499 642 689 706 modo,
723 656 879 697 suam
922 643 1040 713 ipse
1067 645 1509 701 incarnationem
1544 658 1832 718 operatus,

258 750 360 802 pro
389 734 496 787 alia
536 741 682 787 terra
710 772 727 799 ,
781 743 843 788 ut
896 734 971 788 ita
1024 733 1205 790 dicam
1230 778 1243 799 ,
1280 737 1484 791 munda
1541 738 1642 792 hac
1675 753 1834 808 pror-

256 843 464 898 susque
493 826 877 893 immaculata,
908 827 975 883 de
1010 838 1210 883 natura
1236 839 1352 884 tota
1386 832 1561 887 electa
1586 830 1834 902 Virgine,

256 933 510 989 novoque
539 917 707 973 modo
728 958 743 981 ,
784 920 932 988 quod
978 929 1061 975 est
1095 929 1347 976 nostrum
1379 938 1447 978 ex
1483 924 1649 980 nobis
1688 925 1742 977 in
1772 939 1837 979 ea

259 1013 425 1075 licio,
478 1024 662 1065 novus
697 1009 872 1064 Adam
912 1009 1043 1065 Atla:
1091 1011 1252 1065 ﬁctor
1282 1014 1496 1076 evasit;
1526 1020 1585 1067 ut
1641 1029 1837 1069 recens

255 1102 349 1158 ille
377 1109 431 1156 et
463 1101 748 1171 antiquior
774 1103 1028 1169 saeculis,
1064 1104 1270 1170 veteri,
1303 1096 1470 1159 saluti
1502 1113 1672 1160 esset.
1705 1104 1837 1171 Quae

257 1204 472 1258 autem,
507 1202 562 1248 et
597 1194 804 1264 quibus
854 1203 1004 1250 esset
1041 1202 1166 1251 orta
1214 1198 1559 1267 parentibus,
1595 1214 1714 1267 age,
1752 1198 1837 1253 di-

255 1301 450 1343 camus
490 1287 777 1343 succincte
804 1328 817 1351 ,
848 1286 1089 1343 decursa
1126 1298 1185 1343 ut
1222 1289 1444 1344 licuerit
1470 1290 1727 1343 historia.

326 1461 467 1516 Nata
497 1464 666 1534 igitur
695 1474 782 1518 est
815 1465 1207 1520 universorum
1242 1467 1500 1536 gloriatio
1541 1468 1657 1524 haec
1680 1510 1695 1534 ,
1732 1467 1839 1522 Da-

256 1553 403 1608 vidis
429 1553 652 1623 quidem
688 1553 823 1617 ﬁlia,
857 1553 1069 1609 Joacim
1125 1565 1308 1611 autem
1360 1574 1583 1614 semen:
1637 1568 1691 1615 et
1721 1560 1842 1614 Evze

256 1644 482 1714 quidem
546 1645 770 1714 gentilis
797 1685 812 1707 ,
843 1646 1015 1701 Anna:
1047 1662 1178 1701 vero
1211 1649 1414 1716 proles.
1447 1648 1658 1704 Joacim
1693 1652 1839 1705 enim

1943 466 2131 537 ὥσπερ
2161 471 2277 521 ἐκεῖ
2316 469 2581 539 πρότερον
2631 471 2693 522 ἐκ
2720 470 3054 540 παρθενικῆς
3081 473 3363 542 άνεπὲιφου
3401 481 3525 549 γῆς,

1946 559 2115 625 πηλὸν
2155 560 2496 630 ἀνελόμενος,
2525 560 2618 613 τὸν
2658 560 2874 632 πρῶτον
2913 562 3087 633 Ἀδὰμ
3118 565 3529 636 ἐπλαστούργη-

1946 666 2058 715 σεν,
2087 649 2232 704 οὓτω
2261 652 2356 704 καὶ
2379 652 2472 705 νῦν
2496 651 2730 706 ἐνταῦθα
2765 652 2864 724 τὴν
2885 655 3093 707 οἰκείαν
3132 656 3409 728 σάρκωσιν
3430 658 3528 711 αὐ-

1942 741 2213 813 τουργῶν,
2253 743 2367 796 ἀντ’
2406 742 2594 813 ἄλλης.
2635 743 2712 806 ὡς
2747 743 2815 797 ἂν
2845 745 3119 815 εἴποιμεν,
3158 750 3283 818 γῆς,
3307 749 3405 820 τὴν
3431 766 3524 803 καο

1945 832 2118 901 θαράν
2145 851 2202 886 τε
2228 834 2322 885 καὶ
2344 834 2720 905 ὑπεράμωμον
2752 837 2959 905 ταύτην
2985 838 3254 908 παρθένον
3276 842 3373 911 τῆς
3398 843 3530 911 ὅλης

1945 922 2163 992 φύσεως
2194 924 2577 996 ἐκλεξάμενος,
2608 927 2668 979 τὸ
2692 926 2814 980 καθ’
2844 930 2993 998 ἡμᾶς
3024 928 3084 994 ἐξ
3113 932 3144 999 ἡ
3155 931 3273 999 μῶν
3294 934 3351 984 ἐν
3388 932 3529 1004 αὐτῇ

1944 1016 2357 1085 καινοποιήσας,
2399 1017 2517 1075 νέος
2556 1016 2730 1087 ’Δδάμ
2757 1020 2785 1070 ό
2824 1019 3200 1090 πλαστουργὺς
3222 1021 3317 1074 τοῦ
3360 1023 3532 1093 Ἀδάμ

1945 1105 2332 1174 ἐχρημάτισεν,
2353 1106 2440 1157 ἵνα
2473 1105 2565 1157 τὸν
2593 1106 2825 1159 παλαιὸν
2847 1109 2875 1159 ὁ
2907 1109 3224 1177 πρόσφατος
3239 1111 3330 1163 καὶ
3360 1112 3534 1181 ὑπὲρ·
3590 1112 3602 1120 ’

1946 1212 2137 1266 χρονος
2168 1195 2532 1265 ἁνασώσηται.
2579 1197 2743 1249 Ἀλλά
2771 1198 2854 1260 τίς
2879 1195 3036 1259 οὖσα,
3065 1201 3161 1254 καὶ
3214 1201 3376 1255 τίνων
3425 1204 3529 1271 ἐφυ
3622 1204 3631 1213 “

1945 1286 2165 1355 γονέων,
2193 1287 2323 1358 φέρε
2348 1287 2601 1358 λέγωμεν,
2623 1290 3011 1360 ἐπιτροχάδην,
3034 1291 3130 1360 τὴν
3153 1293 3396 1363 ἱστορίαν
3413 1297 3531 1350 ἐπι-

1946 1379 2249 1449 δραμόντες
2278 1381 2357 1443 είς
2388 1379 2638 1448 δύναμιν.

2019 1471 2165 1542 Αὕτη
2195 1472 2466 1538 τοίνυν,τὺ
2502 1474 2717 1526 πάντων
2752 1473 2995 1544 αὔχημα,
3031 1474 3281 1547 Θυγάτηρ
3310 1477 3408 1547 μὲν
3429 1478 3532 1547 ῐφυ

1947 1564 2041 1618 τοῦ
2064 1564 2247 1629 Δαὸὶδ,
2281 1565 2504 1635 σπέρμα
2542 1566 2599 1618 δὲ
2643 1565 2737 1617 τοῦ
2786 1567 3045 1635 Ίωακείμ
3070 1583 3083 1596 ο
3132 1568 3400 1635 ἀπόγονος
3432 1568 3534 1634 μὲν

1948 1657 2048 1726 τῆς
2095 1655 2262 1719 Εὔας,
2314 1657 2558 1726 γέννημα
2589 1656 2647 1708 δέ
2699 1657 2797 1725 τῆς
2835 1658 3054 1726 ’Λννης.
3099 1657 3353 1728 Ἰωακεὶμ
3399 1661 3531 1730 γάρ,

259 1739 349 1791 vir
382 1736 569 1801 mitis,
622 1737 939 1802 modestus,
997 1753 1060 1793 ac
1105 1739 1309 1795 divinis
1367 1740 1683 1796 innutritus
1714 1742 1845 1811 legi-

1956 1746 2084 1816 ανὴρ
2137 1747 2332 1816 πρᾶος,
2390 1746 2678 1814 ἐπιεικὴς,
2710 1746 2805 1798 καὶ
2851 1745 3038 1814 νόμοις
3092 1745 3535 1818 ἐντεθραμμένος

258 1828 387 1891 bus,
417 1843 544 1882 cum
571 1829 760 1884 sobrie
796 1828 1025 1884 vixisset
1053 1829 1277 1902 Deoque
1302 1840 1566 1887 constans
1595 1833 1843 1888 adhaere-

261 1931 386 1988 ret,
428 1936 495 1976 ac
538 1921 619 1977 sic
672 1930 1095 1990 perseveraret,
1155 1933 1529 1980 consenuerat
1577 1927 1749 1981 orbus
1778 1926 1842 1981 ﬁ-

263 2015 388 2082 liis,
426 2023 624 2069 natura
681 2015 906 2084 quidem
959 2022 1150 2084 vegeta
1174 2056 1189 2081 ,
1244 2015 1412 2085 cujus
1447 2025 1632 2072 tamen
1665 2017 1842 2087 vigori

265 2121 375 2159 non
428 2104 792 2175 responderet
844 2105 1053 2159 donum
1109 2106 1358 2174 generis.
1419 2105 1525 2161 Sed
1573 2117 1629 2160 et
1684 2110 1845 2162 Anna

266 2197 362 2252 Dei
397 2211 612 2262 amans,
659 2196 843 2253 sobria
889 2198 1114 2267 quidem
1161 2205 1217 2252 et
1249 2199 1538 2254 continens
1561 2239 1575 2263 ,
1614 2199 1708 2255 sed
1741 2210 1849 2255 ste-

267 2288 425 2341 rilis:
478 2287 583 2342 viri
627 2301 848 2348 amans.
908 2288 1005 2342 sed
1058 2302 1259 2343 carens
1288 2288 1521 2345 liberis:
1567 2304 1667 2344 nec
1699 2290 1847 2343 aliud

266 2393 435 2448 quam
470 2388 528 2433 ut
582 2378 689 2448 legi
743 2377 964 2432 Domini
1020 2379 1284 2434 honorem
1335 2378 1601 2441 haberet.
1660 2380 1849 2433 animo

267 2474 546 2542 cegitans,
606 2471 1031 2526 stimulantibus
1067 2485 1163 2539 per
1207 2471 1326 2526 dies
1363 2471 1681 2526 sterilitatis
1718 2486 1850 2525 acu.

271 2563 395 2623 lcis,
431 2570 507 2627 et,
537 2571 596 2614 ut
650 2575 750 2629 par
776 2569 863 2615 est
907 2559 1044 2612 allici
1084 2560 1287 2629 quibus
1327 2575 1437 2614 non
1467 2569 1596 2624 sunt
1627 2562 1847 2631 proles,

270 2655 505 2709 moleste
539 2652 773 2717 terebat,
831 2651 1188 2716 tristabatur,
1230 2651 1474 2717 dolebat,
1521 2668 1629 2706 non
1665 2653 1850 2710 ferens

271 2746 513 2799 ﬁliorum
566 2743 883 2797 orbitatem.
935 2741 1071 2796 Cum
1115 2744 1197 2797 sic
1226 2752 1413 2798 autem
1438 2742 1652 2798 Juaeim
1683 2760 1853 2800 uxor-

272 2853 379 2906 que
407 2836 789 2895 tristarcnlur,
845 2833 991 2901 quod
1026 2834 1176 2888 ﬁlius
1228 2836 1465 2899 deesset,
1502 2835 1596 2904 qui
1632 2834 1853 2892 fatiiilia:

270 2928 514 2990 adesset,
550 2924 792 2979 nondum
832 2931 1015 2978 tamen
1064 2924 1365 2980 scintillam
1404 2925 1521 2996 spei
1565 2928 1852 2982 exstinxe-

272 3029 438 3075 rant:
476 3020 735 3089 utrinque
783 3033 947 3087 vero,
993 3027 1054 3073 ut
1111 3020 1178 3072 ad
1227 3018 1610 3074 suscitandum
1666 3034 1850 3076 semen

277 3116 420 3168 ﬁlius
456 3113 815 3183 praeberetur,
874 3111 1130 3165 orabant.
1183 3111 1362 3165 Ambo
1410 3111 1597 3182 itaque
1639 3112 1852 3167 Annam

273 3207 426 3264 illam
456 3204 686 3265 imitati,
728 3203 925 3257 factam
957 3202 1069 3257 voti
1093 3209 1403 3272 compotem
1431 3211 1488 3257 et
1513 3203 1852 3267 exauditam,
1890 3244 1895 3249 .

274 3298 491 3354 assidui
528 3299 580 3350 in
633 3296 841 3365 templo
871 3302 1066 3358 erant,
1130 3294 1415 3364 Deumque
1457 3294 1600 3348 votis
1647 3293 1858 3364 suppli-

274 3393 459 3450 cibus.
492 3397 551 3442 ut
589 3388 883 3442 orbitatem
918 3387 1198 3452 solveret,
1265 3384 1621 3455 fructumque
1651 3385 1854 3441 sterili-

275 3484 373 3537 titi
406 3480 765 3542 concederet,
804 3478 1209 3549 provocabaut.
1272 3475 1385 3532 Nec
1437 3476 1594 3548 prius
1619 3485 1855 3531 conten—

266 3577 479 3629 tionem
546 3571 900 3636 remiserunt,
951 3584 1120 3640 quam
1180 3569 1297 3626 siut
1360 3566 1497 3639 laeti
1562 3575 1854 3637 compotes

272 3664 411 3718 voti.
447 3661 511 3716 Et
544 3677 674 3717 vero
711 3667 1011 3716 evaserunt
1042 3660 1153 3715 voti
1211 3666 1522 3729 compotes.
1558 3657 1678 3713 Non
1710 3660 1856 3713 enim

278 3755 393 3824 spei
434 3752 680 3822 neglexit
711 3753 919 3806 donum
955 3752 1132 3822 ipsius
1161 3750 1293 3805 doni
1320 3757 1538 3805 auctor.
1577 3749 1670 3805 Sic
1704 3765 1861 3805 nam-

264 3862 386 3916 que
435 3845 861 3913 quiritantibus,
917 3857 981 3897 ac
1031 3844 1142 3898 Deo
1197 3842 1664 3914 supplicantibus,
1701 3842 1860 3897 ocius

279 3937 460 3991 adluit
490 3952 599 3991 non
631 3936 788 3990 tarda
818 3935 1037 3991 virtus:
1076 3935 1269 4004 illique
1298 3934 1367 3989 ad
1407 3934 1628 3989 fructus
1659 3934 1860 3990 editio-

279 4046 428 4091 nem,
462 4029 591 4083 huic
625 4029 691 4083 ad
732 4028 944 4098 prolem
986 4025 1401 4097 suscipiendam
1433 4026 1578 4081 vires
1613 4026 1856 4082 addidit:

280 4122 671 4190 hactenusque
707 4120 931 4175 siccatis
975 4119 1302 4189 genitalium
1345 4131 1679 4187 organorum
1713 4130 1864 4172 mea-

1946 1834 2103 1897 Θεοῦ,
2135 1834 2429 1905 σωφρόνως
2463 1834 2561 1905 μὲν
2615 1834 2786 1904 βιοὺς,
2833 1834 2952 1904 Θεῷ
2978 1835 3035 1887 δέ
3080 1836 3532 1907 προσκαρτερῶν,

1944 1924 2086 1978 οὕτω
2132 1926 2189 1978 δὲ
2218 1924 2500 1989 διατελῶν,
2529 1925 2695 1988 ἄπαις
2729 1926 3011 1995 κατεγήρα
3035 1924 3128 1977 τὸν
3170 1924 3283 1993 βίον
3303 1942 3318 1957 ο
3350 1927 3532 1995 ἀκμα-

1945 2015 2149 2085 ζούσης
2186 2016 2286 2085 τῆς
2317 2015 2565 2083 φύσεως,
2604 2015 2720 2069 ἀλλ’
2755 2016 2857 2067 οὐκ
2904 2015 3137 2086 ἐχούσης
3189 2016 3285 2069 τοῦ
3343 2017 3537 2085 γένους

1944 2108 2262 2178 ἁντίδωρον.
2316 2108 2486 2160 Ἀννα
2524 2107 2617 2160 κα)⁵
2648 2106 2785 2176 αὐτὴ
2818 2106 3085 2174 φιλόθεος,
3147 2108 3381 2179 σώφρων
3413 2109 3535 2177 μὲν,

1947 2198 2084 2252 ἀλλὰ
2115 2201 2303 2270 στεῖρα
2323 2214 2336 2228 ο
2371 2198 2690 2269 φίλανδρος,
2749 2197 2866 2251 ἀλλ’
2896 2197 3124 2263 ἄτεκνος
3147 2215 3161 2228 ο
3211 2200 3306 2253 καὶ
3348 2198 3535 2269 μηδὲν,

1947 2292 2028 2344 ὅτι
2063 2290 2202 2361 πλὴν
2234 2290 2324 2344 τὸν
2348 2291 2512 2359 νόμον
2558 2290 2766 2359 Κυρίου
2798 2292 2987 2360 τιμᾷν,
3042 2290 3409 2362 ἐμμελέτημα
3437 2290 3539 2361 φέ-

1951 2400 2137 2454 ρουσα.
2171 2381 2317 2452 Αὕτη
2347 2382 2446 2451 τῆς
2469 2380 2810 2451 στειρώσεως
2835 2398 2904 2433 πε
2914 2382 3267 2452 ρινυττομένη
3290 2384 3405 2444 τοῖς
3425 2382 3543 2434 κέν-

1947 2491 2100 2544 τροις
2144 2473 2456 2544 ὁσημέραι,
2520 2474 2615 2527 καὶ
2668 2468 2759 2527 οἷα
2789 2473 3022 2544 πάσχειν
3073 2475 3172 2535 τὰς
3205 2474 3540 2536 ἁτεκνούσας

1951 2566 2117 2631 εἰκὸς,
2172 2565 2499 2638 ἐδυσφόρει,
2553 2567 2767 2635 twice,
2804 2566 3075 2637 ήσχαλλε,
3132 2565 3231 2636 τὴν
3283 2567 3539 2621 ἀπαιδίαν

1950 2661 2011 2714 ού
2064 2660 2325 2729 φέρουσα.
2363 2658 2521 2711 Οὖτω
2550 2658 2607 2712 δέ
2635 2657 2784 2732 λύπῃ
2834 2660 3235 2729 κατεσχημένοι
3281 2660 3538 2730 Ἱωακεὶμ

1951 2752 2047 2804 καὶ
2076 2751 2343 2815 σύνοικος,
2397 2751 2479 2803 ὅτι
2509 2750 2584 2821 μὴ
2629 2752 2757 2813 παῖς
2794 2751 2938 2820 ὑπῆν
2968 2751 3200 2814 ἐκείνοις
3231 2750 3326 2804 τοῦ
3353 2752 3543 2818 γένους

1952 2843 2264 2913 ἐπίκουρος,
2301 2842 2438 2904 τέως
2474 2842 2572 2910 μὲν
2603 2839 2703 2909 τῆς
2722 2840 2938 2905 ἐλπίδος
2966 2842 3154 2903 αὐτοῖς
3176 2841 3278 2894 ούκ
3309 2841 3544 2895 ἀπεσϐέ-

1954 2933 2054 3004 σθη
2089 2934 2308 2996 τελείως
2350 2934 2384 3003 ἡ
2433 2931 2723 3003 θρυαλλίς’
2760 2932 2895 3002 εὐχὴ
2929 2932 2986 2985 δέ
3015 2927 3084 3002 ῆν
3116 2933 3538 3005 ἀμφοτέρωθεν,

1954 3023 2364 3096 παρασχεθῆναι
2395 3022 2584 3077 τέκνον
2608 3022 2793 3086 αὐτοῖς
2826 3024 2906 3086 είς
2941 3022 3240 3077 ἀνάστασιν
3288 3025 3546 3095 σπέρμα-

1953 3130 2067 3175 τος.
2104 3112 2210 3165 Καὶ
2239 3112 2303 3182 δὴ
2334 3111 2432 3181 τὴν
2477 3111 2808 3176 ἐξάκουστον
2856 3112 3058 3165 Ἀνναν
3096 3112 3546 3184 παραζηλοῦντες

1955 3206 2229 3276 ἑκάτεροι,
2262 3203 2339 3274 τῷ
2372 3203 2501 3275 ἱερῷ
2534 3205 2920 3274 προσανεῖχον·
2966 3203 3144 3268 λιταῖς
3176 3222 3237 3258 τε
3277 3206 3370 3259 τὸν
3412 3206 3546 3260 Θεὸν

1956 3296 2349 3367 ἐξεμείλισσον,
2373 3294 2558 3348 δοῦναι
2581 3296 2736 3348 λύσιν
2759 3292 3102 3367 τῇξάτεκνία,
3125 3298 3221 3349 καὶ⁵
3245 3299 3461 3368 καρπον
3479 3301 3547 3368 τῇ

1958 3386 2262 3457 στειρὼσει,
2296 3386 2345 3441 οἳ
2376 3387 2437 3440 ού
2483 3387 2750 3460 πρότερον
2778 3387 3010 3456 ἀνῆκαν,
3068 3389 3198 3459 πρὶν
3224 3388 3321 3442 τοῦ
3349 3389 3551 3443 ποθου-

1961 3477 2123 3547 μένου
2152 3477 2379 3547 τύχωσι.
2411 3478 2521 3530 Καὶ
2539 3477 2605 3548 δὴ
2631 3477 2725 3530 καὶ
2752 3477 3149 3549 τετυχήκασιν.
3177 3480 3253 3532 Ού
3283 3480 3394 3552 γὰρ
3422 3481 3554 3550 μεθ-

1955 3571 2057 3641 ῆκε
2085 3571 2184 3642 τῆς
2211 3570 2425 3634 ἐλπίδος
2461 3570 2522 3623 τὸ
2543 3568 2718 3641 δῶρον
2742 3571 2770 3622 ό
2800 3568 2899 3622 τοῦ
2942 3568 3119 3641 δώρου
3154 3569 3341 3640 δοτήρ.
3393 3570 3552 3625 Οὕτω

1958 3662 2070 3732 γὰρ
2119 3660 2512 3731 ποτνιωμένοις
2538 3659 2635 3712 καὶ
2685 3657 2978 3729 λιπαροῦσι
3029 3660 3093 3714 τὸ
3118 3659 3306 3722 Θεῖον,
3341 3662 3549 3731 ἐπέστη

1961 3753 2155 3807 θᾶττον
2183 3752 2370 3815 αὐτοῖς
2395 3753 2427 3822 ἡ
2456 3752 2531 3822 μὴ
2560 3747 2898 3821 βραδύνουσα
2913 3748 3145 3821 δύναμις
3164 3765 3180 3780 ’
3214 3752 3310 3803 καὶ
3332 3749 3427 3802 τὸν
3453 3751 3552 3820 μὲν

1960 3845 2042 3906 εἰς
2070 3844 2462 3915 καρπογονίαν,
2493 3842 2593 3913 τὴν
2623 3840 2680 3894 δέ
2730 3843 2810 3905 εἰς
2852 3840 3202 3894 παιδοποιίαν
3246 3840 3551 3912 ἐνεύρωσε·

1962 3934 2201 3998 καὶτοὺς
2224 3933 2639 4005 ἐξηραμμένους
2662 3933 2801 3996 τέως
2826 3932 2936 3986 τῶν
2947 3931 3283 4002 γεννητικῶν
3305 3932 3554 4001 ὀργάνων

1964 4029 2189 4098 πόρους,
2222 4026 2414 4097 ἰκμάσι
2439 4026 2842 4097 σπερμογονίας
2867 4025 3207 4091 ἐπινοτίσας,
3239 4023 3298 4088 ἐξ
3343 4025 3553 4091 ἀγόνων

1961 4120 2220 4191 γονίμους
2263 4119 2579 4189 εἰργάσατο.
2614 4119 2724 4170 Καὶ
2775 4116 2841 4187 δὴ
2879 4116 3071 4171 λοιπὸν
3108 4117 3168 4183 ἐξ
3194 4117 3460 4187 ἀκάρπων
3493 4130 3553 4168 τε

278 4212 451 4275 tibus,
492 4210 677 4265 infuso
724 4207 1085 4265 fecunditatis
1111 4208 1366 4269 humore,
1404 4221 1471 4261 ex
1515 4221 1621 4262 non
1649 4207 1851 4277 genita-

1963 4214 2059 4266 καὶ
2087 4210 2391 4281 ξηρῶν,.ιί›ς
2422 4208 2481 4274 ἐξ
2500 4207 2746 4278 ἐνύγρων
2774 4207 2950 4272 ξύλων
2978 4208 3190 4275 καρπὸς
3218 4206 3470 4274 εὐκλεὴς,
3515 4205 3550 4272 ἡ

279 4302 450 4362 libus.
488 4300 761 4371 genitales
813 4315 877 4355 ac
928 4298 1164 4354 letiﬁcos
1218 4298 1499 4353 reddidit:
1556 4312 1623 4353 ac
1646 4298 1760 4367 jam
1792 4313 1851 4353 ex

1965 4304 2309 4373 πανάμωμος
2357 4298 2497 4369 αὕτη
2529 4297 2809 4369 Παρθένος
2839 4284 3391 4369 ἡμῖν’ἐξεὸλάστησε.
3443 4296 3554 4347 Καὶ

280 4391 600 4450 iul‘ecundis
648 4390 1072 4457 areutibusque,
1128 4404 1228 4443 ceu
1266 4388 1495 4459 irriguis
1538 4388 1851 4451 arboribus,

1964 4394 2152 4446 λέλυτο
2178 4391 2243 4463 δὴ
2286 4392 2357 4444 τά
2383 4391 2559 4461 δεσμά
2594 4390 2695 4459 τῆς
2727 4387 3099 4459 στειρώσεως,
3130 4387 3224 4440 καὶ
3252 4387 3476 4456 γόνιμος
3521 4386 3553 4454 ἡ

280 4497 587 4555 generosus
635 4481 798 4537 nobis
838 4479 1057 4535 fructus
1099 4478 1269 4549 Virgo
1310 4480 1426 4534 haec
1460 4480 1851 4535 immaculatis-

1966 4486 2103 4556 εὐχὴ
2142 4484 2271 4554 παρ’
2302 4482 2525 4547 ἐλπίδας
2552 4482 2847 4545 ἐδείκνυτο,
2880 4481 2978 4534 καὶ
3005 4479 3324 4542 παιδοτόκος
3358 4480 3391 4549 ἡ
3421 4478 3551 4545 ἆγο-

280 4577 426 4632 sima
496 4573 845 4645 germinavit.
917 4572 1059 4627 Suut
1109 4570 1287 4625 soluta
1361 4570 1681 4625 sterilitatis
1738 4571 1851 4627 vin-

1956 4594 2084 4640 νος,
2109 4576 2202 4629 καὶ
2232 4573 2521 4636 καλλίπαις
2557 4574 2591 4644 ἡ
2621 4574 2867 4636 ἄτεκνος.

284 4673 440 4735 cula,
482 4685 547 4725 ac
583 4680 783 4742 praeter
830 4683 981 4738 spem
1014 4669 1199 4724 oratio
1241 4666 1504 4740 genitalis
1548 4669 1847 4738 apparuit:
1886 4672 2334 4743 infecundaque,
2390 4670 2564 4740 prolis
2614 4683 2850 4740 parens,
2916 4684 2981 4725 ac
3028 4669 3158 4724 ﬁliis
3199 4668 3359 4733 orba,
3427 4678 3554 4735 pro-

276 4768 392 4822 dem
428 4765 657 4820 habetis.

356 4856 628 4924 Quoniam
667 4865 851 4911 autem
878 4871 943 4910 ex
995 4853 1296 4910 infecunda
1351 4864 1527 4912 matre
1562 4855 1865 4924 prodierat,

283 4965 351 5006 ex
407 4947 568 5018 cujus
596 4946 761 5001 vulva
800 4946 1234 5001 immortalitatis
1288 4944 1443 5014 spica
1478 4945 1703 5014 prodiit,
1746 4964 1866 5003 eam

283 5050 546 5116 pirentes
587 5055 713 5095 cum
782 5038 1017 5109 primum
1083 5036 1309 5092 lloreret
1346 5038 1528 5092 artatis
1571 5036 1783 5101 ﬂorem,
1812 5040 1865 5094 in

270 5135 548 5204 templum
576 5133 797 5187 ductam
822 5130 930 5184 Deo
954 5130 1245 5185 donarium
1288 5128 1565 5185 fecerunt.
1607 5130 1659 5185 ls
1684 5140 1865 5187 autem

281 5230 376 5294 qui
428 5226 484 5280 id
535 5223 803 5294 temporis
854 5220 1153 5278 sacerdotii
1203 5221 1501 5291 peragebat
1556 5223 1752 5286 vicem,
1808 5230 1868 5276 ut

284 5331 398 5371 lllttl
430 5317 792 5387 pra-euntium
835 5322 948 5368 tum
1007 5329 1159 5383 pone
1194 5311 1549 5382 sequentium
1590 5312 1865 5381 virginum

282 5408 422 5462 vidit
465 5407 730 5478 tripudia,
771 5404 993 5476 gavisus
1022 5412 1129 5467 est,
1179 5418 1243 5455 ac
1296 5402 1594 5472 plurimum
1624 5401 1867 5455 exsulta-

281 5506 380 5561 \‘it.
434 5500 584 5557 velut
644 5499 735 5569 qui
761 5512 956 5553 eorum
989 5510 1111 5566 quae
1153 5503 1346 5550 essent
1386 5496 1440 5547 in
1486 5509 1604 5563 spe,
1640 5494 1867 5549 divinos

279 5593 396 5665 jam
426 5604 655 5649 eventus
687 5591 943 5646 manifest
960 5606 1013 5645 )s
1042 5590 1315 5659 aspiceret
1352 5604 1366 5640 :
1405 5603 1504 5641 nec
1534 5588 1695 5640 aliter
1726 5585 1867 5639 divi-

286 5699 421 5741 nqu
479 5681 589 5738 Deo
644 5682 962 5763 donarium,
1026 5697 1092 5735 ac
1125 5679 1575 5747 acceptissimum
1614 5678 1868 5748 dignam-

2052 4851 2273 4924 Ἐπειδὴ
2294 4851 2352 4905 δέ
2386 4850 2660 4923 προῆλθεν
2700 4852 2764 4904 ἐκ
2799 4851 2898 4922 τῆς
2945 4850 3144 4918 ἀγόνου
3195 4852 3398 4920 μητρὸς
3429 4854 3462 4924 ἡ
3492 4856 3555 4906 ἐκ

1974 4946 2189 5016 μήτρας
2237 4946 2332 4998 τὸν
2392 4945 2596 5014 στάχυν
2651 4943 2752 5013 τῆς
2802 4942 3109 5013 ἀφθαρσίας
3139 4943 3449 5011 ἐκφύσασα,
3480 4944 3556 5015 τῷ

1970 5036 2085 5108 ναῷ
2135 5037 2365 5106 ταύτην,
2425 5036 2525 5107 τῆς
2581 5036 2801 5107 ἡλικίας
2822 5035 2884 5087 τὸ
2910 5034 3127 5104 πρῶτον
3180 5035 3425 5099 ἄγουσαν
3462 5036 3555 5089 ἄν·

1973 5130 2099 5195 θος,
2145 5131 2195 5182 οἱ
2237 5129 2488 5191 τεκόντες
2553 5127 3000 5197 προσαγαγόντες
3077 5124 3361 5178 ἀνέθεσαν.
3403 5119 3557 5190 Ἦςὸ

1971 5219 2073 5286 τὴν
2130 5218 2442 5288 ἐφημερίαν
2469 5218 2590 5269 τότε
2620 5216 2718 5286 τῆς
2754 5216 3030 5287 ἱερατείας
3066 5215 3331 5268 ἐπιτελῶν
3359 5217 3554 5287 ἱερεὺς,

1974 5312 2073 5373 τὰς
2133 5307 2475 5380 παρθενικάς
2513 5307 2588 5369 ὡς
2624 5304 2734 5359 εἶδε
2777 5308 2997 5377 χορείας
3054 5306 3390 5376 ἐπίπροσθεν
3426 5324 3558 5377 προ-

1976 5401 2355 5470 πορευομένας
2397 5417 2457 5452 τε
2501 5399 2594 5452 καὶ
2630 5400 3111 5469 συνεφεπομένας,
3166 5397 3309 5468 ἥσθη
3364 5416 3424 5451 τε
3468 5401 3558 5479 καὶ

1974 5494 2097 5546 λίαν
2130 5491 2499 5562 ἐγεγήοει,ὡς
2522 5491 2632 5544 τῶν
2667 5492 2727 5542 ἐν
2751 5491 2929 5543 ἐλπίδι
2958 5489 3055 5560 ἤδη
3089 5489 3189 5551 τὰς
3219 5489 3374 5551 θείας
3410 5491 3562 5558 ἐναρ-

1973 5588 2092 5652 γεῖς
2137 5583 2395 5645 ἐκϐάσεις
2444 5583 2784 5650 τεθεαμένοις
2806 5597 2819 5610 ·
2852 5581 2943 5634 καὶ
2968 5575 3080 5633 οἶόν
3115 5597 3168 5633 τι
3200 5579 3403 5632 σεπτὸν
3432 5580 3560 5632 καλ-

1975 5678 2237 5750 λεέρημα,
2268 5677 2325 5729 τὸ
2362 5677 2504 5728 θεῖον
2560 5674 2820 5744 ἀνάθημα
2842 5672 2921 5742 τῷ
2943 5670 3060 5741 Θεῷ
3091 5670 3455 5741 καθιέρωσεν,
3480 5667 3561 5733 εἰς
