4032 6138
534 377 638 444 817

1568 393 1652 452 IN
1677 391 2202 453 NATIVITATEM
2243 394 2311 455 B.
2353 369 2642 458 MARLE.
2685 397 2738 460 Ι.

3696 395 3802 458 818

531 494 672 546 αυτά
700 493 768 548 τά
803 493 915 549 τῶν
945 497 1118 566 ἁγίων
1179 499 1346 553 ἄδυτα
1399 499 1559 554 τοῦτο
1595 503 1655 555 τὸ
1681 503 1824 574 μέγα
1875 503 1976 574 τῆς
2011 520 2112 556 σω-

2217 522 2325 574 que
2357 508 2716 564 veneratione
2741 507 2978 564 hostiam
3006 508 3218 576 litavit,
3251 522 3453 578 magno
3477 507 3580 563 hoc
3607 507 3806 566 salutis

529 585 726 655 τηρίας
760 585 1118 660 θησαύρισμα
1146 590 1524 664 καταθέμενος
1549 609 1562 622 ·
1598 595 1656 647 ἐν
1685 591 1770 658 οἷς
1794 595 1895 666 τὴν
1929 595 2118 659 παῖδα,

531 675 718 744 λόγοις
776 678 944 734 οἱονεὶ
1004 681 1272 754 θαλάμοις
1327 688 1624 754 νυμφικοῖς
1655 685 2118 756 ’ἐμϐατεύουσαν,

531 765 844 836 ἀμϐροσίαν
901 769 1170 824 σιτεῖσθαι
1227 773 1457 844 τροφὴν,
1498 773 1774 845 ἓωςότῆς
1823 777 2122 846 μνηστείας

527 857 733 927 ἐπέστη
786 863 999 928 καιρδς,
1040 861 1101 924 ὃς
1176 861 1284 934 πρὸ
1344 863 1550 928 παντὸς
1605 865 1802 930 αἰῶνος
1863 867 2122 936 διώριστο

527 947 680 1020 αὐτῷ
727 966 787 1003 τε
812 950 890 1022 τῷ
920 951 980 1016 ἐξ
1001 953 1174 1023 αὐτῆς
1225 955 1386 1024 φύντι
1411 957 1479 1009 δι’
1509 958 1916 1030 εύσπλαγχνίαν
1949 960 2124 1030 ἄρρη-

529 1055 644 1102 τον,
701 1041 798 1094 καὶ
821 1041 902 1111 τῷ
933 1044 1044 1114 πρὸ
1103 1047 1286 1116 πάσης
1345 1047 1576 1111 κτίσεως
1626 1050 1723 1102 καὶ
1769 1049 1968 1120 χρόνου
2025 1051 2121 1104 καὶ

529 1131 922 1202 διαστήματος,
955 1135 1155 1200 θεῖκῶς
1183 1137 1348 1192 αὐτόν
1377 1139 1633 1208 φύσαντι,
1673 1141 1768 1210 καὶ
1788 1139 1865 1211 τῷ
1881 1144 2122 1214 συμφυεῖ

531 1226 626 1277 καὶ
681 1226 960 1298 συνθρόνῳ
985 1229 1078 1306 καί.
1139 1232 1508 1303 προσκυνητῷ
1561 1233 1730 1287 αὐτοῦ
1787 1232 2070 1304 Πνεύματι
2103 1250 2118 1264 ·

531 1308 608 1368 ὧν
632 1317 707 1378 ὡς
731 1317 830 1386 μία
858 1319 1072 1390 θεότης,
1095 1320 1268 1384 οὕτως
1300 1325 1394 1376 καὶ
1425 1323 1591 1392 φύσις
1639 1325 1736 1377 καὶ
1763 1323 2024 1399 βασιλεία,
2041 1326 2120 1396 μὴ

534 1407 890 1479 μεριζομένη,
963 1411 1100 1481 μηδὲ
1135 1413 1686 1485 ἁπαλλοτριουμένη,
1715 1415 1855 1485 μηδέ
1875 1415 1982 1470 τινί
2017 1433 2120 1470 που

532 1499 666 1566 πρδλς
723 1501 926 1571 ἑαυτὴν
977 1502 1394 1571 διαλλάττουσα,
1440 1505 1582 1576 πλὴν
1615 1509 1682 1578 τῇ
1715 1507 1824 1560 τῶν
1874 1506 2121 1578 ἀρχικῶν

531 1591 883 1646 ὑποστάσεων
912 1593 1160 1666 ἰδιότητι.
1193 1595 1292 1648 Διὰ
1343 1597 1507 1650 τοῦτο
1543 1596 1786 1668 χορεύων
1810 1597 2116 1668 πανηγυρί-

531 1674 608 1736 ζω
639 1677 732 1728 καὶ
764 1678 1064 1749 σπένδομαι
1088 1699 1101 1712 ο
1146 1683 1242 1736 καὶ
1268 1686 1334 1753 τῇ
1363 1685 1552 1755 Μητρὶ
1583 1686 1680 1738 τοῦ
1709 1686 1885 1754 Λόγου
1944 1703 2116 1755 προσ-

529 1766 648 1832 άγω
669 1767 840 1836 δῶρον
873 1770 1081 1840 ὲόρτιον
1107 1811 1123 1834 ,
1149 1774 1233 1826 ὅτι
1275 1791 1365 1842 μοι
1400 1775 1502 1844 τῆς
1535 1779 1615 1839 εἰς
1646 1765 1851 1848 τριάδα
1884 1777 2119 1843 πίστεως

2226 598 2488 654 thesauro
2551 599 2606 653 in
2646 599 2783 670 ipsis
2823 609 3147 656 sanctorum
3195 597 3578 672 penetralibus
3637 599 3806 669 depo-

2224 688 2334 743 sito
2370 727 2386 752 ,
2417 688 2508 744 ubi
2542 689 2724 760 puella
2755 690 3131 756 sermonibus,
3177 705 3278 746 ceu
3324 688 3688 760 sponsalibus
3719 689 3806 744 iu-

2224 779 2514 834 ambulans
2578 779 2860 849 thalamis,
2911 781 3191 837 ambrosia
3261 788 3588 851 pascerctur
3649 793 3802 844 esca,

2227 888 2399 944 usque
2431 875 2557 929 dum
2588 875 2832 930 venisset
2875 874 3160 930 deﬁnitum
3197 881 3324 928 an‘te
3352 872 3613 928 smeulum
3641 883 3806 925 omne

2224 967 2468 1036 conjugii
2505 974 2760 1038 tempus;
2799 977 2913 1020 tum
2950 967 3074 1035 ipsi,
3124 965 3222 1036 qui
3261 980 3328 1022 ex
3362 980 3449 1030 ea,
3482 962 3802 1020 misericor-

2225 1056 2314 1111 dia
2351 1057 2712 1112 inenarrabili
2755 1046 2919 1113 natits
2946 1065 3053 1122 est,
3089 1065 3204 1112 tum
3241 1056 3290 1111 ei
3329 1057 3424 1127 qui
3453 1055 3642 1110 divine
3674 1060 3798 1107 ante

2223 1156 2471 1203 creatum
2499 1161 2665 1202 omne
2695 1155 2752 1202 et
2778 1155 2996 1218 tempus
3013 1156 3068 1202 et
3095 1145 3359 1216 spatium,
3383 1145 3562 1216 ipsum
3585 1142 3798 1216 genuit,

2223 1245 2340 1291 tum
2363 1245 2602 1307 cognato
2633 1237 2936 1308 eademque
2972 1235 3103 1292 sede
3128 1235 3448 1292 considente
3469 1249 3533 1288 ac
3557 1231 3801 1286 adoran-

2222 1329 2294 1384 do
2324 1328 2446 1398 ejus
2494 1327 2758 1398 Spiritui;
2795 1343 3029 1398 quorum
3065 1328 3210 1382 sicut
3260 1340 3368 1381 una
3407 1325 3694 1389 divinitas.
3726 1323 3803 1378 ita

2222 1428 2278 1474 et
2317 1428 2512 1473 natura
2551 1426 2606 1472 et
2631 1433 2896 1489 regnum;
2929 1417 3077 1473 nulla
3110 1415 3401 1481 divisione,
3451 1427 3632 1485 neque
3665 1411 3806 1468 aba-

2221 1509 2520 1565 lienatione
2566 1509 2745 1565 aliave
2802 1509 3134 1574 differentia,
3190 1514 3418 1578 excepta
3455 1519 3619 1576 quam
3648 1503 3804 1574 prin-

2221 1601 2406 1672 cipum
2459 1603 2838 1675 hypostaseon
2901 1599 3216 1672 proprietas
3271 1597 3457 1654 facit.-
3500 1597 3801 1666 Propterea

2223 1694 2468 1764 tripudio
2501 1693 2702 1750 festum
2735 1707 2839 1764 ago
2858 1700 3026 1763 atque
3057 1691 3296 1754 delibor,
3335 1687 3616 1756 Vcrbique
3640 1685 3802 1740 matri

2219 1785 2389 1841 offero
2431 1785 2690 1842 festivum
2733 1799 2961 1849 munus,
2994 1791 3185 1853 utpote
3214 1781 3378 1852 cujus
3419 1781 3552 1834 mihi
3594 1779 3798 1849 proles,

532 1859 594 1909 τ’»
629 1859 927 1928 κεφάλαιον
961 1863 989 1914 ό
1022 1865 1184 1926 τόκος
1236 1864 1444 1936 ταύτης
1512 1865 1798 1938 ἐγνώρισε.
1855 1868 1964 1921 Τοῦ
2009 1869 2112 1940 γάρ

2220 1877 2366 1948 quod
2393 1876 2520 1933 fidei
2553 1876 2843 1932 Trinitatis
2861 1887 3026 1946 caput
3052 1884 3135 1930 est
3169 1879 3356 1928 notum
3381 1873 3596 1928 fecerit.
3615 1871 3801 1927 Verbo

529 1949 768 2018 ἀνάρχου
797 1951 972 2020 Λόγου
1027 1955 1120 2008 καὶ
1145 1954 1276 2009 Υἱοῦ
1305 1955 1406 2027 τὴν
1448 1957 1656 2012 οἰκείαν
1721 1957 1997 2028 σάρκωσι’ν
2025 1960 2120 2013 αὑ-

527 2041 898 2110 τουργοῦντος,
923 2043 1016 2096 καὶ
1032 2047 1060 2097 ὁ
1083 2047 1346 2117 γεννήσας³
1379 2047 1570 2118 Πατὴρ
1628 2049 1966 2105 συνευδοκῶν
1986 2052 2119 2128 ⁸φαί-

526 2147 699 2195 νεται,
756 2133 852 2186 καὶ
893 2133 953 2186 τὺ
978 2134 1202 2205 Πνεῦμα
1256 2137 1318 2190 τὺ
1383 2139 1542 2205 ἅγιον
1599 2140 1966 2211 προοπηδοῦν,
2024 2143 2120 2196 καὶ

415 2258 420 2260 -
526 2223 627 2291 τὴν
691 2223 856 2295 νηδὺν
915 2227 1147 2296 άγιάζον
1211 2229 1307 2300 τῆς
1349 2231 1725 2304 συλλαϐούσης
1757 2234 1818 2287 τὸ
1847 2235 2120 2306 ἀκατάλησ

532 2332 664 2368 πτον
671 2356 685 2368 .

595 2406 739 2458 Ἀλλ’
762 2407 882 2482 ὥρα
904 2408 1002 2464 νῦν
1025 2412 1118 2466 τὸν
1145 2413 1311 2468 Δασὶδ
1341 2415 1621 2487 ἐρωτῆσαι
1654 2435 1668 2448 ·
1704 2419 1757 2472 τί
1780 2419 1914 2490 πρὸς
1955 2419 2118 2472 αὐτὸν

530 2499 736 2551 ἐκεῖνον
757 2501 786 2553 ὁ
819 2501 930 2555 τῶν
957 2503 1095 2558 ὅλων
1151 2506 1372 2577 διομνὺς
1395 2507 1500 2577 ἔφη
1529 2509 1668 2574 Θεός
1699 2527 1714 2576 ;
1757 2512 1892 2580 Ἀγε
1927 2511 1992 2582 δὴ
2023 2507 2118 2568 οὖν

527 2587 844 2660 ὑμνογράφε
880 2608 895 2622 ·
931 2592 1006 2647 ἴθι
1056 2597 1312 2668 προφῆτα
1345 2616 1360 2630 ·
1410 2600 1634 2654 τίνασσε
1687 2602 1788 2674 τὴν
1831 2603 2113 2675 κιννύραν,

525 2679 667 2732 κίνει
700 2681 758 2733 δὲ
787 2683 857 2736 τὰ
891 2686 1218 2758 κρούσματα
1243 2705 1258 2722 ο
1292 2690 1418 2758 λέγε
1443 2693 1678 2763 τρανῶς,
1701 2695 1756 2747 τί
1783 2711 1866 2748 σοι
1921 2695 2104 2766 ὤμοσε

526 2769 770 2840 Κύριος;
799 2773 865 2826 Τί
923 2793 1014 2846 μοι
1055 2777 1240 2848 ὤμοσε
1281 2781 1518 2852 Κύριος;
1564 2784 1659 2838 Ἐκ
1713 2785 1951 2852 καρποῦ
2005 2785 2116 2855 τῆς

527 2858 758 2927 ὀσφύος
781 2879 902 2930 μου
925 2866 1142 2932 θήσειν
1165 2869 1263 2922 ἐπὶ
1291 2870 1400 2923 τὸν
1423 2873 1640 2938 θρόνον
1651 2889 1792 2941 μου.
1825 2873 1996 2927 Τοῦτό
2024 2893 2114 2944 μοι

525 2951 730 3019 ὤμοσε.
767 2956 862 3008 καὶ
905 2958 1009 3010 οὐκ
1060 2959 1350 3029 ἡθέτησεν.
1390 2963 1616 3032 Ὤμοσε,
1671 2964 1906 3028 καὶτοῖς
1932 2966 2114 3038 ἔργοις

523 3043 649 3107 τοὺς
670 3045 864 3112 λόγους
881 3048 1240 3118 ἐσφράγισεν.
1265 3052 1466 3118 "Aetati
1491 3053 1720 3123 ὤμοσα,
1744 3057 1927 3125 φησιν,
1949 3058 2018 3112 ἐν
2034 3058 2114 3124 τῷ

523 3135 672 3202 ἁγίῳ
710 3154 846 3202 μου,
883 3141 938 3192 εὶ
965 3138 1045 3204 τῷ
1067 3142 1246 3196 Δαϐὶδ
1275 3145 1582 3214 ψεύσομαι
1607 3161 1628 3210 ;
1650 3147 1714 3200 τὸ
1735 3147 1976 3218 σπέρμα
2007 3152 2114 3203 αὑ-

526 3227 632 3280 τοῦ
648 3229 825 3294 μενεῖ
873 3233 963 3295 εἰς
992 3231 1101 3286 τὸν
1124 3233 1333 3302 αἰῶνα,
1357 3237 1456 3288 καὶ
1500 3239 1533 3290 ό
1559 3239 1774 3304 θρόνος
1798 3239 2009 3304 αὐτοῦ,
2032 3241 2114 3306 ὡς

526 3318 702 3387 ἣλιος
751 3321 1038 3378 ἐναντίον
1062 3342 1204 3393 μου,
1237 3329 1334 3380 καὶ
1371 3328 1452 3392 ὡς
1479 3330 1518 3397 ἡ
1545 3327 1781 3396 σελήνη
1844 3347 2115 3399 κατηρτι-

523 3411 719 3480 σμένη
747 3416 834 3479 εἰς
853 3413 962 3469 τὸν
981 3416 1196 3470 αἰῶνα·
1219 3419 1318 3472 καὶ
1351 3421 1385 3472 ό
1401 3417 1633 3487 μάρτυς
1657 3420 1728 3472 ἐν
1751 3419 1988 3488 οὐρανῷ
2015 3439 2112 3476 πι-

527 3504 700 3567 στός.
725 3503 911 3558 Ταῦτα
932 3506 1269 3576 ὀμωμοκὼς,
1294 3507 1494 3581 ὲξεπλή
1505 3527 1694 3581 ρωσενο
1724 3511 1985 3566 ἀδύνατον
2001 3514 2112 3587 γὰρ

524 3591 831 3660 ψεύσασθαι
861 3596 1015 3652 Θεόν.
1041 3598 1176 3652 Ἰδοὺ
1201 3598 1264 3670 δὴ
1287 3597 1381 3655 οὖν
1409 3603 1595 3672 ὁρᾶτε,
1614 3601 1758 3656 κατὰ
1776 3605 1959 3674 σάρκα
1973 3605 2111 3676 Χρι-

527 3685 654 3748 στὸς
685 3687 818 3755 ἐμὸς
859 3688 977 3752 Γίδς
1004 3693 1410 3763 κηρυττόμενος
1431 3709 1444 3724 ο
1479 3695 1576 3749 καὶ
1613 3693 1819 3766 Κύριος
1847 3697 1980 3768 ἐμὸς
2015 3699 2112 3754 καὶ

527 3777 654 3842 Υἱὸς
680 3783 1152 3854 προσκυνούμενος
1181 3785 1388 3857 ᾅδεται,
1411 3787 1508 3841 καὶ
1537 3788 1718 3842 πάντα
1729 3790 1800 3842 τὰ
1815 3789 1945 3862 ἔθνη
1963 3791 2112 3864 αὑτῷ

525 3875 856 3941 προσκυνείο
891 3875 1076 3944 ὁρῶσι,
1093 3879 1202 3948 γὰρ
1229 3877 1392 3933 αὐτὸν
1420 3879 1774 3951 παρθενικοῖς
1800 3881 2110 3954 ὲνθρονιζό-

528 3978 686 4030 μενον
713 3961 945 4035 θρόνοις.
965 3967 1094 4020 Ἰδοὺ
1120 3969 1217 4022 καὶ
1237 3972 1271 4039 ἡ
1294 3971 1578 4042 Παρθένος
1609 3971 1782 4043 αὕτη,
1815 3973 1925 4028 τῶν
1948 3978 1981 4046 ἡ
1992 3979 2109 4046 μῶν

525 4050 649 4118 ἄρτι
669 4053 859 4122 μηρῶν
887 4055 1049 4123 ἐξέφυ
1071 4075 1086 4088 ·
1113 4053 1182 4130 ἦς
1216 4060 1282 4112 ἐκ
1306 4059 1497 4130 νηδύος
1515 4063 1542 4114 ὁ
1563 4061 1670 4133 πρὸ
1697 4061 1931 4130 αἰώνων,
1973 4067 2109 4136 πρὸς

523 4139 599 4210 τῷ
637 4141 779 4196 τέλει
810 4144 919 4202 τῶν
949 4145 1165 4202 αίὼνων
1187 4151 1498 4220 σαρκωθεὶς
1531 4153 1892 4224 προελήλυθε.
1927 4159 2020 4210 καὶ
2047 4158 2108 4212 τὸ

524 4231 630 4284 τῶν
663 4232 876 4288 αἰώνων
924 4237 1238 4292 ἀνεκαίνισε
1310 4241 1617 4313 σύγκριμα.
1653 4246 1765 4298 Καὶ
1795 4247 1972 4300 ταῦτα
2007 4250 2106 4318 μὲν

554 4319 614 4354 ευ,
755 4323 768 4342 .
895 4328 918 4342 .
1001 4327 1021 4354 ι
1087 4330 1100 4344 .
1211 4328 1236 4341 ..
1411 4332 1438 4343 ..
1483 4331 1498 4346 .
1730 4335 1750 4348 .
1931 4337 1953 4353 ..

523 4337 713 4386 cauae.
771 4325 947 4395 Ημεις
967 4327 1106 4394 δε,0
1143 4345 1238 4382 του
1302 4331 1439 4384 Θεου
1483 4332 1636 4398 Ααὸς,
1695 4335 1870 4406 δημος
1926 4355 2104 4406 αγιος,

526 4413 776 4485 σύστημα
807 4417 972 4488 ἱερὸν,
1007 4419 1358 4492 χορεύσωμεν
1389 4423 1618 4495 πάτρια,
1649 4427 1974 4498 τιμήσωμεν
2009 4431 2104 4484 τοῦ

2220 1970 2368 2027 enim
2399 1978 2610 2025 αξιοι·ηο
2648 1979 2705 2024 et
2741 1969 2880 2024 Filio
2925 1982 3082 2024 suam
3119 1967 3225 2022 sibi
3251 1963 3526 2020 fortttantc
3557 1974 3609 2021 et
3638 1979 3802 2019 assu-

2223 2070 2408 2116 mente
2438 2073 2686 2124 carnem,
2722 2061 2891 2115 etiam
2927 2060 3092 2115 Pater
3119 2059 3213 2128 qui
3247 2057 3440 2129 genuit
3473 2057 3800 2112 manifesta-

2221 2155 2333 2212 tur,
2391 2156 2454 2204 ut
2487 2163 2594 2202 una
2635 2149 2994 2217 complacens
3056 2155 3112 2201 et
3158 2147 3426 2217 probans,
3467 2151 3522 2198 et
3557 2141 3802 2211 Spiritus

2221 2249 2447 2296 sanctus
2486 2248 2544 2294 ut
2565 2251 2854 2296 assectans
2869 2240 2983 2310 (l3)
3002 2254 3321 2309 comesque.
3345 2253 3411 2294 ac
3428 2237 3550 2306 ejus
3571 2251 3696 2305 qua:
3715 2235 3800 2288 in-

2219 2331 2770 2402 comprehensibilem
2789 2339 2946 2387 utero
2963 2331 3173 2396 habuit,
3187 2329 3540 2386 sanctificans
3559 2335 3799 2382 uterum.

2290 2421 2493 2479 Verum
2557 2431 2776 2494 tempus
2839 2423 3004 2478 modo
3048 2429 3135 2478 est
3173 2433 3232 2476 ut
3264 2419 3529 2475 Davidem
3563 2431 3800 2490 percon-

2218 2523 2418 2581 temur,
2463 2514 2600 2585 quid
2635 2514 2702 2568 ad
2748 2515 2932 2586 ipsum
2975 2529 3104 2570 cum
3131 2514 3456 2584 juramento
3487 2511 3636 2568 Deus
3670 2524 3802 2564 om-

2220 2607 2370 2662 nium
2433 2605 2653 2661 dixerit.
2712 2606 2826 2676 Age
2882 2605 3072 2676 igitur,
3107 2606 3455 2661 canticorum
3509 2604 3798 2674 scriptor:

2217 2703 2434 2762 adesto,
2475 2699 2742 2771 propheta
2770 2717 2784 2754 :
2815 2701 2956 2770 agita
2984 2701 3252 2770 pulsaque
3285 2699 3556 2754 citharam
3587 2717 3603 2754 :
3641 2711 3801 2752 move

2217 2791 2430 2848 musica
2463 2792 2832 2846 instrumenta
2872 2805 2887 2843 :
2918 2791 3006 2862 die
3047 2792 3254 2862 palam,
3289 2791 3422 2858 quid
3456 2791 3556 2845 tibi
3591 2789 3802 2858 juravit

2217 2881 2528 2940 Dominus?
2572 2882 2716 2950 Quid
2763 2881 2900 2937 mihi
2948 2883 3159 2951 juravit
3199 2882 3500 2938 Domitius?
3527 2881 3599 2936 Ut
3636 2890 3799 2952 ponat

2215 2977 2282 3030 de
2321 2975 2501 3046 {ructu
2535 2977 2702 3032 iambi
2744 2977 2848 3032 mei
2875 2991 3033 3046 super
3077 2975 3250 3031 sedem
3286 2992 3480 3030 meam.
3521 2973 3636 3031 Hoc
3663 2970 3796 3028 mihi

2213 3067 2442 3137 juravit,
2501 3084 2603 3123 nec
2657 3069 2786 3124 fecit
2837 3069 3078 3124 irritum.
3111 3068 3335 3124 Juravit
3397 3081 3798 3136 sermonesque

2217 3161 2480 3230 operibus
2512 3151 2517 3158 ’
2547 3161 2862 3230 obsignavit
2904 3159 3296 3230 firmavitque:
3325 3157 3519 3221 Semel,
3593 3159 3795 3227 inquit,

2208 3253 2392 3322 jar-avi
2458 3253 2511 3306 in
2570 3263 2758 3307 sancto
2812 3270 2948 3313 meo.
2989 3253 3038 3307 si
3077 3251 3250 3307 David
3299 3251 3574 3306 mentiar?
3607 3248 3796 3304 Semen

2215 3345 2327 3414 ejus
2367 3345 2424 3398 in
2467 3353 2725 3399 a'ternum
2749 3345 2981 3400 manebit
3011 3361 3028 3398 :
3055 3353 3106 3400 et
3137 3345 3358 3398 thronus
3394 3343 3508 3413 ejus
3536 3342 3675 3396 sicut
3715 3345 3798 3398 sol

2216 3437 2269 3490 iu
2331 3447 2608 3504 conspectu
2657 3453 2793 3504 meo,
2824 3446 2874 3491 et
2933 3437 3070 3492 sicut
3105 3435 3237 3490 luna
3265 3435 3504 3506 perfecta
3541 3435 3596 3488 in
3637 3442 3797 3488 ceter-

2217 3545 2337 3582 num
2359 3545 2378 3594 ;
2399 3538 2448 3584 et
2474 3529 2618 3584 testis
2639 3531 2693 3584 in
2717 3529 2846 3584 οωίο
2863 3537 2884 3561 ⁸
2924 3529 3120 3600 ﬁdelis.
3143 3528 3174 3584 J
3181 3544 3211 3583 u
3222 3537 3470 3584 ramenta
3495 3527 3610 3582 haec
3631 3539 3798 3595 opere

2215 3619 2558 3691 adimplevit,
2593 3620 2818 3676 oracula
2857 3621 2978 3676 haec
3011 3619 3362 3676 confirmavit
3398 3635 3414 3672 :
3451 3615 3795 3688 [inpossibile

2212 3711 2352 3765 enim
2389 3723 2468 3764 est
2526 3711 2740 3766 mentiri
2775 3711 2947 3767 Deum
2979 3714 3048 3765 θ’.
3087 3709 3233 3768 Ecce
3273 3725 3408 3782 ergo
3441 3709 3656 3776 videte;
3697 3708 3792 3778 qui

2213 3803 2520 3858 secundum
2596 3817 2820 3858 carnem
2895 3803 3154 3859 Christus
3228 3816 3388 3858 meus
3457 3801 3796 3872 praedicatur

2215 3895 2385 3961 filius,
2437 3910 2592 3950 meus
2635 3895 2908 3953 Dominus
2961 3905 3018 3954 et
3049 3896 3223 3953 Filius
3256 3895 3478 3952 canitur
3503 3895 3793 3958 adoratus,

2213 4002 2455 4057 eumque
2504 3989 2738 4042 adorant
2781 4003 2974 4046 omnes
3013 4002 3204 4060 gentes
3239 4009 3252 4045 :
3282 3992 3472 4047 vident
3503 3991 3648 4045 enim
3678 3989 3793 4044 vir-
3835 4010 3840 4016 ί

2211 4078 2488 4150 ginalibus
2538 4079 2870 4133 collocatum
2910 4074 3158 4136 sedibus.
3203 4083 3342 4136 Ecce
3385 4089 3442 4135 et
3483 4080 3640 4148 virgo
3676 4079 3796 4132 haee

2209 4186 2277 4226 ex
2328 4185 2452 4225 meo
2501 4169 2617 4239 jam
2661 4171 2866 4240 prodiit
2898 4180 3028 4226 nata
3095 4171 3328 4238 femore,
3366 4187 3433 4225 ex
3466 4171 3630 4240 cujus
3666 4171 3794 4224 alvo

2209 4259 2486 4330 processit
2539 4258 2766 4316 indutus
2798 4263 2850 4315 in
2907 4260 3015 4316 line
3043 4263 3370 4318 seculorum
3407 4275 3656 4325 carnem,
3698 4261 3794 4340 qui

2209 4360 2287 4406 est
2329 4360 2458 4407 ante
2497 4353 2722 4414 saecula.
2761 4353 3202 4424 smCttlorttmque
3223 4353 3511 4410 renovavit
3537 4351 3796 4407 coalitio-

2210 4458 2356 4498 nem.
2391 4441 2456 4496 Et
2500 4443 2618 4500 hazc
2645 4445 2866 4516 quidem
2907 4447 3004 4502 ita.
3039 4445 3152 4504 Nos
3182 4455 3366 4502 autem
3402 4445 3496 4502 D'ei
3530 4444 3794 4515 pepulus,

526 4507 825 4606 μυστηρίου
848 4509 945 4580 τὴν
981 4510 1242 4582 δύναμιν·
1275 4513 1506 4579 ἕκαστος
1549 4517 1691 4570 κατὰ
1723 4520 1783 4572 τὸ
1813 4519 1967 4575 δοθὲν
1999 4523 2098 4575 αὖ-

2216 4535 2364 4604 plebs
2391 4544 2606 4600 sancta,
2635 4551 2792 4592 sacer
2815 4547 3153 4604 conventus,
3183 4537 3427 4611 tripudio
3447 4537 3796 4594 celebremus

521 4593 598 4664 τῷ
629 4597 902 4668 χάρισμα,
970 4605 1379 4674 συνεισφερέτω
1399 4608 1466 4678 τῇ
1501 4607 1814 4679 πανηγύρει
1877 4612 2103 4680 ἐπάξιον

521 4685 712 4756 δῶρον.
737 4691 1076 4764 Οίπατέρες,
1107 4694 1207 4767 τὴν
1229 4696 1526 4769 εὐκληρίαν
1559 4699 1652 4753 τοῦ
1683 4701 1897 4768 γένουςο
1925 4705 2104 4777 αἱμη-

522 4777 678 4849 τέρες
713 4781 814 4850 τὴν
854 4783 1140 4838 εὐτεκνίαν
1171 4801 1186 4819 ο
1215 4788 1273 4840 αἱ
1302 4790 1535 4858 στεῖραι,
1592 4791 1690 4860 τῆς
1745 4793 2022 4864 ἁμαρτίας
2048 4797 2105 4850 τὸ

522 4868 714 4958 άγονον
737 4890 751 4904 ·
795 4877 851 4928 αἱ
879 4876 1162 4948 παρθένοι,
1200 4879 1300 4947 τὴν
1347 4879 1540 4951 διπλῆν
1603 4882 1890 4956 ἀφθορίαν,
1923 4888 2104 4958 ψυχῆς

523 4956 664 5028 λέγω
713 4964 808 5016 καὶ
850 4963 1106 5035 σώματος
1133 4985 1146 5000 ·
1172 4969 1360 5023 αἱύπὺ
1408 4971 1595 5038 ζυγὸν,
1662 4975 1764 5045 τὴν
1808 4956 2106 5049 ἐπαινετῆν

524 5055 888 5124 συμμετρίαν.
936 5057 1008 5110 Εἴ
1040 5075 1126 5121 τις
1167 5059 1355 5131 πατὴρ
1385 5062 1444 5114 ὲν
1477 5064 1628 5134 ὑμῖν,
1678 5067 1954 5136 μιμείσθω
2010 5071 2106 5124 τὸν

521 5141 622 5212 τῆς
646 5146 925 5216 Παρθένου
979 5149 1218 5220 πατέρα.
1274 5152 1392 5206 Κᾶν
1440 5155 1610 5220 ἄπαις
1635 5153 1691 5230 ᾖ,
1722 5164 1980 5230 τρυγάτω
2007 5164 2103 5232 γό-

522 5247 679 5300 νιμον
703 5234 802 5304 τὴν
824 5235 1012 5307 εὐχὴν,
1044 5239 1108 5292 ὲκ
1132 5240 1386 5308 φιλοθέου
1439 5242 1555 5314 βίου
1601 5246 1808 5318 ταύτην
1855 5253 2103 5320 καρπούο

527 5340 704 5392 μενος.
750 5326 818 5379 Εἴ
875 5345 959 5393 τις
1021 5331 1202 5402 μήτηρ
1259 5333 1587 5404 θηλάζουσα,
1651 5341 1994 5412 συγχαιρέτω
2031 5347 2094 5416 τῇ

599 5461 791 5520 ePsal.
830 5482 1092 5532 uxxvm,
1137 5471 1298 5529 56—58
1341 5517 1354 5530 .
1436 5479 1480 5514 θ’
1511 5475 1672 5532 Hebr.
1711 5495 1784 5541 γι,
1830 5481 1915 5535 l8.

2213 4631 2487 4692 paterna:
2523 4625 2629 4678 vim
2678 4627 2926 4696 mysterii
2979 4627 3316 4684 hono‘remus
3349 4643 3364 4680 :
3405 4627 3640 4698 quisque
3691 4639 3795 4696 pro

2211 4730 2477 4769 concessa
2551 4719 2725 4785 gratia
2801 4734 3106 4790 congruum
3183 4718 3516 4775 solemnitati
3587 4731 3793 4774 munus

2211 4809 2483 4867 conferat.
2516 4811 2709 4868 Patres
2741 4814 2958 4882 generis
2991 4812 3312 4868 felicitatem
3350 4829 3365 4866 :
3405 4825 3632 4876 matres,
3654 4810 3792 4866 libe-

2213 4917 2400 4956 rorum
2468 4903 2762 4958 fecundam
2823 4906 3203 4976 probitatem:
3261 4905 3506 4968 steriles,
3573 4905 3788 4976 peccati

2203 4989 2658 5048 infecunditatem
2703 5009 2716 5046 :
2765 4993 3026 5064 virgines.
3079 4995 3354 5065 duplicem
3409 4994 3787 5064 incorruptio-

2203 5097 2354 5146 nem,
2386 5083 2605 5150 anitnae,
2641 5083 2886 5154 inquam,
2906 5095 2963 5138 et
2989 5087 3240 5156 corporis
3268 5106 3281 5140 :
3306 5085 3640 5156 conjugatm,
3668 5101 3788 5139 tuo-

2205 5169 2552 5228 deratiout-m
2596 5175 2946 5231 laudabilem.
3006 5176 3062 5231 Si
3117 5178 3245 5249 quis
3295 5179 3351 5234 in
3395 5177 3554 5234 vobis
3605 5189 3785 5248 pater,

2205 5259 2449 5334 Virginis
2477 5265 2582 5318 sibi
2631 5278 2836 5334 patrem
2887 5267 3215 5324 imitandum
3255 5276 3548 5340 proponat.
3597 5269 3815 5342 Quan-_

2210 5369 2376 5423 quam
2437 5356 2590 5424 prole
2644 5369 2899 5422 careat,‘
2934 5360 3058 5414 vitae
3102 5360 3192 5416 Dei
3247 5361 3485 5416 amantis
3516 5362 3782 5429 fructum,

1819 5573 2212 5632 COMBEFISII
2258 5578 2490 5634 NOT/E.

569 5648 708 5727 .03)
748 5649 814 5704 Et
844 5651 1073 5728 Spiritus
1115 5667 1326 5709 sanctus
1357 5669 1409 5711 τι(
1453 5662 1730 5728 «ﬂectens.
1765 5675 1870 5718 rte.
1901 5664 1990 5720 Sic
2037 5683 2103 5721 ex

537 5723 731 5804 It'it’tostt
763 5723 1097 5802 τιροπηδοῦν,
1137 5728 1382 5780 ῐςιιεὶνιιιιυ
1417 5723 1756 5799 προσπηδοῦν
1793 5751 1804 5763 ·
1850 5753 1947 5804 pro
1980 5755 2098 5804 qut-

531 5789 634 5842 bus
683 5790 839 5858 plane
877 5789 943 5846 sit
1000 5800 1394 5852 I'CSlllltClltitlltt
1450 5789 1818 5874 προσπηδῶ-Α
1851 5789 2098 5876 ’δρὶτὲίιω

2213 5682 2429 5726 summa
2484 5673 2742 5738 insiliens,
2783 5692 2844 5727 ac
2888 5679 3019 5746 ejus.
3055 5688 3156 5732 utr.
3209 5679 3372 5736 Plana
3405 5683 3547 5737 enim
3583 5687 3786 5740 allusit)

2212 5753 2294 5794 est
2333 5751 2386 5795 ιιι
2434 5745 3000 5828 expressioalittts'cv
3053 5767 3144 5806 ore
3177 5750 3446 5808 Gabriclis
3487 5773 3498 5808 :
3548 5755 3783 5828 Spiritus

2207 5823 2424 5866 sanctus
2454 5823 2774 5884 superveniet
2815 5823 2867 5871 in
2906 5827 2972 5885 lc,
3008 5829 3111 5874 etc.
