4032 6138
411 395 512 458 Ri!

1425 399 1504 459 IN
1533 397 2060 461 NATIVITATEM
2102 401 2169 460 Β,
2204 398 2486 459 MARL-E.
2520 398 2568 458 Ι.

3574 392 3679 456 892

413 507 615 572 α’ρετον
667 501 902 573 ἔχουσιν.
947 501 1230 558 Ἐκατεῦοεν
1253 505 1362 572 ἐγὼ
1398 507 1492 558 τοῦ
1523 507 1684 572 λόγου
1721 509 1819 569 τὰς
1841 509 1998 576 ἡνίας

2115 511 2196 581 qui
2233 509 2472 578 priorem
2510 517 2836 560 consessum
2894 503 3062 556 alium
3114 492 3387 556 orationis
3447 501 3680 571 hujusce

414 599 510 650 ἐπὶ
536 597 634 666 τὴν
661 595 868 648 νύσσαν
898 598 1212 663 ἐπανάγων,
1261 600 1498 667 ἐχόμενα
1529 601 1637 650 τῶν
1667 599 1900 668 πρόσθεν
1930 601 2008 652 εί-

419 691 668 758 ρημένων
699 687 954 759 διέξειμι,
1000 689 1150 758 φόϐῳ
1187 691 1284 758 μὲν
1338 691 1433 742 τοῦ
1470 690 1712 761 μὴπαρ⁹
1744 690 1900 754 ἀξίαν
1925 694 2007 743 εί-

421 784 538 831 πεῖν
566 779 758 833 τούτου
790 781 1152 850 προκειμένου
1201 781 1405 833 σκοποῦ
1439 783 1873 852 συστελλόμενος,
1907 762 2007 836 πόλ

418 875 494 945 θῳ
524 875 581 927 δὲ
609 875 699 928 τοῦ
723 877 804 939 εἰς
834 875 1064 944 δύναμιν
1101 878 1222 930 κατ’
1257 877 1415 941 ἀξίαν
1445 881 1764 946 εἰσαγαγεῖν
1797 878 2003 948 προθυ-

421 965 713 1034 μούμενος.
758 965 903 1036 Πλὴν
951 967 1074 1019 ὅποι
1101 966 1158 1018 δ’
1193 967 1258 1020 ἂν
1304 969 1399 1020 καὶ
1447 969 1809 1038 τετραψομαι,
1870 967 2006 1038 θαρ-

422 1056 657 1128 ρούντως
687 1057 957 1126 ὲπαφήσω
983 1057 1076 1109 τὸν
1102 1057 1278 1123 λόγον,
1312 1059 1483 1127 καλὴν
1523 1060 1859 1128 ἐπαγόμενος
1906 1059 2006 1126 τῆς

421 1147 560 1214 ἐμῆς
585 1145 826 1208 δειλίας,
867 1145 899 1215 ἦ
935 1147 1250 1218 παρρησίας
1292 1147 1584 1214 ἐπίκουρον
1633 1148 1729 1218 τὴν
1767 1149 2002 1218 ἡμέραν.

427 1237 566 1302 Ἤδη
603 1235 702 1302 μὲν
728 1232 823 1289 οὖν
853 1237 910 1288 ἐν
935 1235 1012 1304 τῷ
1043 1237 1368 1306 προλαϐόντι
1399 1237 1543 1307 λόγῳ
1569 1241 1636 1310 τῇ
1667 1240 1876 1306 γενέσει
1910 1239 2008 1306 τῆς

427 1324 694 1376 Θεοτόκου
749 1324 816 1376 τὰ
853 1324 1038 1376 είκότα
1087 1326 1547 1396 συνεωρτάσαμεν
1567 1369 1580 1390 ,
1630 1327 1741 1394 ἐγώ
1767 1345 1826 1379 τε
1855 1329 1883 1380 6
1910 1331 2008 1396 τῆς

425 1415 620 1484 ἑορτῆς
645 1403 888 1486 ἔξαρχος,
915 1416 1009 1469 καὶ
1031 1417 1211 1484 ὑμεῖς,
1240 1418 1332 1470 καλ⁵
1361 1422 1468 1470 πᾶν
1498 1419 1620 1470 ὅσον
1654 1419 1927 1487 ἐγκώμιον
1951 1419 2008 1470 τὸ

426 1507 815 1578 ὑπερκόσμιον.
869 1506 1026 1560 Μετὰ
1067 1507 1323 1577 Ίωακεὶμ
1360 1509 1810 1578 ὑπεσκέφθημεν,
1869 1509 2008 1577 μετά

425 1597 534 1648 τῶν
563 1596 852 1665 παρθένων
876 1597 1208 1666 ἑδρόιμομεν,
1251 1597 1388 1668 μετά
1413 1597 1575 1650 Δαυῒδ
1603 1598 2010 1665 συνελλάμφοη-

431 1704 564 1755 μεν,
590 1687 685 1740 τοῦ
727 1689 1068 1756 πατριάρχου
1095 1688 1260 1754 λέγω,
1292 1688 1388 1742 καὶ
1420 1688 1706 1758 βασιλέως,
1761 1691 1855 1740 καὶ
1888 1690 2006 1742 κατ’

427 1778 627 1844 ἀμφοῖν
647 1775 996 1846 Θεοπάτορος,
1015 1778 1110 1829 καὶ
1137 1777 1276 1844 μετά
1293 1779 1512 1847 Μαρίας
1540 1780 1636 1845 τῆς
1663 1778 2007 1848 Θεομήτορος

426 1867 504 1935 τῷ
529 1866 643 1934 ναῷ
683 1867 1135 1936 προσηνέχθημεν
1154 1883 1169 1896 ·
1196 1868 1289 1918 καὶ
1321 1871 1431 1929 τοῖς
1459 1867 1668 1928 ἀδύτοις
1699 1868 1804 1920 τῶν
1839 1868 2008 1933 ἁγίων

427 1957 934 2026 ιπιχωριὰσαντες,
987 1958 1098 2009 τῶν
1148 1958 1598 2028 αὖτομυστηρίων
1651 1958 2008 2027 μετέσχομεν.

429 2048 540 2100 Καὶ
567 2048 720 2119 χάρις
761 2048 838 2118 τῷ
888 2049 1013 2112 τοὺς
1041 2049 1204 2112 ἰδίους
1233 2049 1534 2114 δοξασαντι.
1583 2053 1672 2105 ἵνα
1703 2055 1829 2118 τούς
1878 2073 2008 2107 ποτε

444 2139 607 2203 δντας
664 2143 881 2210 μακρὰν
911 2140 1193 2212 συναγάγῃ
1229 2142 1365 2212 πρὸς
1396 2143 1606 2198 ἑαυτόν.
1643 2145 1756 2198 Νῦν
1779 2146 1835 2199 δὲ
1859 2149 2008 2199 οὐδὲν

429 2231 634 2300 ἀπᾷδον
661 2231 692 2300 ἢ
724 2233 1000 2301 παρέλκον
1026 2232 1300 2302 ἠγοῦμαι,
1355 2234 1552 2303 μικρὸν
1583 2238 1637 2286 ἐν
1672 2237 2008 2304 παρεκΰὰσει

428 2325 712 2390 γινόμενον
736 2325 824 2375 ἐπ’
847 2323 1016 2391 αὐτὴν
1045 2323 1137 2375 τοῦ
1159 2324 1345 2390 γὲνους
1381 2325 1692 2395 εὐκληρίαν,
1723 2323 1788 2398 ἧς
1817 2330 1849 2398 ἡ
1875 2346 2010 2399 παρ-

429 2412 581 2474 θένος
615 2415 936 2480 κατάγεται,
1004 2415 1368 2481 μεταϐιϐάσαι
1420 2417 1514 2468 τὸν
1554 2418 1740 2484 λόγον,
1783 2420 2014 2473 κάκεῖνα

429 2499 740 2567 διεξελθεῖν,
767 2503 802 2556 ἃ
833 2508 926 2555 καὶ
961 2503 1137 2570 λέγειν
1172 2505 1339 2566 εἰκὸς,
1373 2508 1466 2558 καὶ
1501 2501 1581 2568 οἷς
1609 2507 1731 2577 ἂνη
1766 2509 2015 2579 παροῦσα

430 2596 736 2664 πανήγυρις
775 2596 982 2662 ἥδεται,
1045 2599 1266 2652 Ἧδεται
1299 2601 1356 2652 δὲ
1386 2603 1518 2662 τοῖς.
1548 2602 1615 2654 δι’
1637 2595 1712 2653 ὧν
1743 2603 1774 2671 ἡ
1808 2603 2014 2670 παρθέ-

429 2701 540 2746 νος,
593 2687 652 2750 ἐξ
671 2682 740 2758 ἧς
771 2689 1107 2758 ὑπερουσίως
1135 2687 1270 2762 ἧκεν
1300 2695 1378 2754 είς
1430 2693 1662 2763 ὕπαρξιν
1695 2696 1950 2765 χρονικὴν
1979 2699 2007 2748 ό

430 2773 710 2844 ὑπέρθεος,
760 2778 826 2830 ἐκ
877 2780 1193 2849 σπέρματος
1222 2777 1356 2834 οὖσα.
1413 2782 1572 2836 Δαυῒδ
1627 2787 2004 2852 ἀναφαίνεται,

429 2864 530 2916 ὅσα
559 2881 616 2918 τε
648 2867 742 2918 καὶ
771 2861 857 2919 οἷα
885 2872 1012 2938 περὶ
1050 2870 1218 2938 αὐτῆς
1244 2873 1271 2924 ὁ
1314 2872 1402 2924 διὰ
1443 2875 1611 2944 νόμου
1664 2877 1758 2929 καὶ
1788 2895 2004 2948 προφη-

430 2957 540 3009 τῶν
562 2961 694 3028 ἡμῖν
714 2960 954 3030 λαλήσας
979 2963 1132 3027 Θεδς,
1163 2962 1250 3015 διὰ
1275 2964 1452 3034 πάσης
1482 2963 1618 3035 ὁμοῦ
1649 2966 1749 3036 τῆς
1785 2968 2007 3039 Γραςςῆς

431 3049 701 3119 ἁριδήλως
736 3051 1295 3124 προαναπεφὼνηκεν.
1339 3043 1346 3050 ’

2110 602 2275 656 veluti
2315 609 2526 668 patrem
2563 598 2834 667 agnoscit.
2889 593 3045 649 Unde
3092 593 3260 662 igitur
3293 594 3527 661 spiritus
3562 609 3682 647 om-

2109 693 2270 746 nibus
2308 689 2552 746 adveuit.
2600 685 3030 752 facultatemque
3074 683 3293 738 dicendi
3323 683 3503 736 oratio
3535 685 3683 738 acci-

2110 784 2208 852 pit,
2252 780 2377 834 inde
2407 793 2509 849 ego
2554 777 2824 832 orationis
2871 775 3102 829 habenis
3135 775 3301 826 veluti
3335 775 3400 827 ad
3449 789 3682 842 repagu-

2110 873 2219 928 lum
2257 868 2534 932 reductis,
2568 885 2630 924 ea
2666 883 2785 937 quae
2821 882 2944 921 cum
2978 867 3047 921 iis
3078 880 3199 935 quae
3249 874 3410 920 antea
3439 865 3682 919 diximus

2109 963 2562 1032 coniunctionem
2597 959 2824 1020 habent,
2859 959 3017 1012 vobis
3056 971 3351 1024 exponam.
3377 956 3434 1010 In
3469 972 3579 1026 quo
3615 957 3684 1009 ti-

2110 1068 2232 1106 mor
2281 1067 2416 1106 sane
2473 1059 2671 1120 ιιι-αξιοι·
2718 1048 3043 1116 dignitatem
3095 1047 3302 1110 dicam,
3360 1045 3684 1116 bujusmodi

2111 1145 2416 1214 prmsertim
2473 1157 2643 1210 scopo
2699 1137 2956 1208 prterita,
3036 1137 3279 1192 animum
3363 1137 3680 1200 contrahit;

2113 1240 2363 1290 voluntas
2395 1240 2524 1288 vero
2560 1248 2660 1304 pro
2702 1233 2914 1285 viribus
2960 1230 3182 1300 dignam
3216 1229 3523 1282 orationem
3550 1227 3681 1282 affe-

2112 1329 2290 1393 rendi,
2343 1328 2580 1381 alacrem
2616 1325 2774 1379 facit.
2805 1323 3193 1378 Verumtamen
3232 1337 3684 1400 quocunqueune

2110 1429 2357 1483 vertam,
2414 1417 2779 1472 fidentissime
2829 1417 3136 1470 orationem
3203 1415 3490 1474 tractabo.
3557 1427 3682 1466 cum

2113 1512 2294 1566 bonus
2333 1510 2465 1564 mihi
2510 1509 2654 1564 adsit
2688 1509 2791 1561 mei
2819 1509 2937 1563 sive
2965 1507 3185 1561 timoris
3213 1508 3330 1560 sive
3373 1505 3685 1560 alacritatis

2111 1613 2383 1671 patronus
2425 1615 2668 1671 praiseus
2712 1600 2800 1652 hic
2850 1598 2988 1652 dies.
3039 1595 3156 1651 Jam
3201 1612 3330 1652 vero
3379 1597 3486 1648 alia
3521 1608 3684 1664 quam

2112 1690 2408 1745 habuimus
2445 1689 2698 1742 oratione
2741 1693 2920 1740 ortum
2971 1685 3230 1754 Dciparaa,
3290 1693 3348 1737 ut
3398 1698 3495 1752 par
3541 1687 3687 1744 erat,

2111 1781 2534 1843 celebravimus,
2571 1787 2735 1846 atque
2763 1793 2865 1846 ego
2914 1777 3022 1829 dux
3075 1777 3410 1830 celebritatis
3463 1774 3684 1835 exstiti,

2113 1873 2310 1926 deinde
2342 1887 2470 1925 vero
2501 1885 2622 1934 vos,
2666 1876 2720 1923 ct
2751 1883 3094 1936 qumcunque
3146 1867 3213 1920 ad
3259 1868 3460 1920 cuzlum
3513 1870 3690 1933 usth

2109 1973 2314 2019 evectae
2354 1961 2726 2016 laudationes.
2781 1958 2900 2014 Una
2929 1975 3053 2014 cum
3109 1957 3398 2012 .Ioacbimo
3443 1964 3689 2011 contem-

2110 2058 2351 2125 platores
2402 2052 2631 2118 fuimus;
2665 2068 2788 2104 cum
2823 2051 3130 2120 virginibus
3161 2049 3533 2109 cucurr-imus,
3563 2062 3688 2100 cum

2110 2146 2310 2202 Davide
2328 2146 2672 2208 emicuimus,
2698 2145 2812 2208 illo,
2829 2144 3074 2213 inquam,
3097 2140 3424 2210 Davide,qui
3451 2138 3690 2208 patriar-

2111 2242 2214 2295 cba
2263 2247 2425 2308 atque
2461 2253 2557 2290 rex
2599 2237 2737 2300 fuit,
2779 2236 2984 2305 quique
3036 2243 3272 2302 utroque
3320 2233 3544 2287 nomine
3592 2229 3686 2282 De't

2112 2341 2307 2386 atavos
2331 2342 2447 2391 est;
2485 2329 2726 2396 denique
2756 2342 2879 2386 cum
2924 2325 3094 2378 Maria
3137 2324 3235 2378 Dei
3275 2333 3456 2377 matre
3488 2323 3693 2392 templo

2112 2421 2325 2489 οκοιιριί
2367 2420 2611 2482 fuimus;
2647 2425 2701 2470 et
2735 2425 3055 2469 sanctorum
3091 2414 3468 2485 penetralibus
3499 2414 3695 2466 immo-

2115 2514 2244 2574 rati,
2274 2527 2466 2565 rerum
2503 2525 2627 2579 qua:
2665 2509 2863 2562 ibidem
2903 2515 3054 2571 sunt,
3093 2505 3482 2576 mysteriorum
3522 2505 3693 2574 parti-

2116 2605 2265 2672 cipes
2314 2600 2649 2655 exstitimus.
2701 2598 2808 2650 Deo
2843 2597 3030 2665 itaque
3066 2603 3304 2666 agantur
3352 2596 3562 2664 gratiae,
3596 2595 3692 2662 qui

2116 2709 2250 2748 SUOS
2285 2694 2560 2762 gloriosos
2609 2689 2812 2753 clTecit,
2855 2697 2914 2741 ut
2952 2703 3048 2742 eos
3079 2687 3173 2756 qui
3215 2687 3346 2741 olim
3397 2687 3620 2740 fuerunt
3663 2701 3694 2738 e

2117 2788 2295 2851 longe.
2347 2783 2641 2836 adduceret
2680 2780 2746 2833 ad
2783 2781 3050 2849 seipsum.
3095 2777 3255 2832 Nunc
3287 2785 3470 2832 autem
3518 2793 3695 2846 neque

2113 2874 2419 2936 dissultant,
2453 2885 2630 2940 neque
2665 2885 2694 2922 a
2739 2869 3022 2938 proposito
3047 2867 3405 2923 dissidentem
3432 2882 3545 2921 rem
3577 2865 3694 2920 fac-

2116 2974 2298 3017 turum
2327 2978 2412 3016 me
2437 2976 2561 3015 esse
2583 2959 2843 3024 arbitror,
2877 2960 2946 3021 si,
2973 2973 3138 3026 parva
3171 2959 3456 3025 inlcrjecta
3485 2956 3697 3026 digres-

2115 3058 2290 3119 sione,
2318 3054 2385 3107 ad
2421 3052 2595 3122 ipsam
2631 3049 2866 3106 faustam
2899 3049 3119 3119 generis
3144 3049 3438 3118 originem,
3477 3063 3544 3103 ex
3585 3063 3694 3118 qua

435 3143 601 3214 Virgo
625 3146 943 3213 deducitur,
971 3163 1279 3204 sermonem
1312 3166 1583 3218 revocem,
1622 3163 1787 3223 atque
1813 3155 1903 3208 illa
1929 3155 2218 3218 cxplanem
2249 3165 2372 3220 quae
2401 3155 2453 3202 et
2479 3147 2662 3201 dicere
2685 3148 2961 3206 convenit,
2995 3146 3306 3214 quibusque
3346 3154 3526 3200 vester
3558 3159 3696 3198 con-

434 3251 624 3290 sessus
657 3237 894 3290 maxime
945 3238 1166 3306 gaudet.
1211 3237 1423 3293 Gaudet
1467 3257 1598 3295 vero
1634 3241 1702 3296 iis
1748 3245 1951 3309 quibus
1992 3241 2154 3312 Virgo
2180 3284 2194 3304 ,
2245 3255 2311 3294 ex
2341 3253 2448 3306 qua
2483 3235 2868 3290 divinissimus
2919 3235 3093 3291 Filius
3148 3245 3399 3290 naturam
3439 3239 3698 3290 vincente

432 3330 599 3385 modo
626 3329 691 3384 ad
723 3331 867 3388 hanc
900 3333 1286 3400 temporariam
1318 3335 1482 3388 vitam
1533 3338 1758 3405 prodiit,
1797 3337 2060 3392 Davidico
2094 3345 2286 3390 exorta
2319 3349 2442 3388 csse
2470 3330 2682 3386 semine
2713 3333 3163 3395 deumnstralur;
3204 3338 3371 3399 atque
3399 3330 3465 3385 iis
3515 3331 3694 3384 omni-

433 3423 557 3484 bus.
595 3425 1000 3494 qualiacunque
1033 3428 1166 3492 sint,
1192 3443 1313 3496 qua:
1354 3430 1444 3494 qui
1485 3430 1641 3483 nobis
1686 3445 1783 3498 per
1818 3432 1988 3501 legem
2030 3439 2084 3484 et
2115 3429 2414 3499 prophetas
2451 3426 2674 3478 loeutus
2719 3431 2805 3477 est
2835 3424 3000 3488 Deus,
3041 3422 3108 3477 de
3155 3425 3274 3495 ipsa
3321 3433 3437 3480 toto
3497 3423 3696 3479 divium

435 3511 739 3584 Scriptum
776 3515 1015 3570 decursu
1055 3518 1348 3573 manifeste
1387 3521 1796 3588 praenuntiavit.

502 3650 712 3706 Αὐτίκα
731 3651 861 3718 γοῦν
882 3653 957 3712 ὡς
981 3647 1091 3706 οἷόν
1120 3671 1178 3707 τε
1199 3655 1642 3726 διασκεψάμενοι,
1699 3661 1788 3713 ὑπ’
1817 3663 2012 3724 αὖτοὺς

2192 3658 2389 3712 Statim
2420 3655 2587 3724 igitur
2623 3653 2801 3723 quoad
2837 3651 2952 3707 fieri
2989 3658 3167 3722 potest
3194 3647 3574 3721 nosmetipsos
3597 3653 3696 3707 oh-

435 3741 604 3809 τωμεν
628 3742 753 3802 τοὺς
783 3741 1017 3807 ἀγῶνας,
1051 3744 1146 3794 καὶ
1174 3745 1293 3806 ταῖς
1321 3746 1716 3814 ἐπιψυομέναις
1741 3748 2018 3815 γλώσσαις

432 3832 542 3883 τῶν
559 3830 722 3884 πάλαι
753 3833 850 3883 καὶ
879 3831 972 3883 νῦν
1007 3834 1477 3902 ὲκπαροινούντων
1501 3838 1581 3899 εἰς
1615 3837 1848 3905 Χριστδν
1889 3839 2015 3890 Ἰου-

432 3922 619 3985 δαίων,
661 3919 1033 3992 προϐὒωμνσν
1062 3922 1158 3994 τὴν
1189 3925 1361 3994 τομὴν
1419 3929 1906 3995 συνεπαγὰγωμεν,
1944 3928 2020 3990 ὡς

434 4015 500 4066 ἂν
534 4013 732 4084 μηκέτι
761 4013 886 4084 ῥίζα
928 4014 1152 4082 πικρίας
1183 4015 1499 4083 ἁναφύουσα
1532 4019 1720 4088 ἐνοχλῇ
1754 4019 1850 4088 τῆς
1894 4019 2017 4070 Ἐκο

433 4105 664 4173 κλησίας
694 4107 804 4167 τοῖς
828 4105 1129 4174 Ορὲμμασι.
1156 4106 1328 4159 Τοῦτο
1353 4108 1409 4160 δὲ
1445 4107 1563 4172 πῶς
1593 4109 1658 4162 ἂν
1689 4112 1862 4180 ῥᾷστα
1885 4111 2020 4179 ἡμῖν

435 4195 828 4266 κατορθωοείη,
867 4195 1004 4265 πλὴν
1031 4196 1290 4266 ἀκριϐοῦς
1337 4198 1660 4266 ἐξετάσεως,
1719 4200 2016 4270 ἣσυζητή-

437 4304 610 4352 σεως;
663 4289 754 4339 Δεῖ
781 4285 910 4356 γὰρ,
944 4285 1118 4356 οἶμαι,
1147 4289 1417 4358 πρότερον
1469 4291 1533 4342 ἐκ
1562 4290 1670 4342 τῶν
1704 4291 2020 4345 Μωςαῖκῶν

435 4377 714 4443 ἀποδεῖξαι
749 4377 972 4446 βιόλίων
1016 4379 1106 4431 τὸν
1139 4381 1374 4450 Χριστὸν
1419 4380 1512 4434 τοῦ
1545 4382 1680 4434 Θεοῦ
1727 4383 1874 4447 Υἰὸν,
1926 4385 2019 4436 καὶ

436 4467 598 4522 αὑτὸν
646 4468 814 4533 Θεὸν,
875 4469 933 4534 ἐξ
978 4469 1148 4523 Ἰούδα
1185 4469 1287 4540 μὲν
1322 4473 1703 4534 ἀνατετάλϐαι,
1741 4475 1886 4529 κατὰ
1928 4476 2018 4528 τὸν

446 4561 790 4626 Ἀπὸστολον,
813 4563 939 4616 Υίδν
968 4564 1025 4616 δὲ
1055 4565 1153 4634 τῆς
1186 4549 1464 4635 Παρθένου
1482 4569 1781 4636 πεφηνέναι
1797 4569 1938 4622 κατὰ
1960 4571 2021 4622 τὸ

380 4653 389 4690 ⁶
435 4653 767 4723 Εὐαγγὲλιον
791 4672 804 4685 ο
835 4655 933 4718 τάς
963 4673 1023 4708 τε
1057 4658 1404 4728 προφητικὰς
1430 4659 1508 4721 εἰς
1545 4662 1710 4728 μέσον
1741 4661 2020 4731 ἀγαγόντα

435 4745 640 4814 φωνὰς,
669 4742 771 4800 εἷθ’
799 4747 943 4800 οὕτω
975 4749 1084 4800 τῶν
1119 4748 1328 4819 ἄκρων,
1378 4751 1470 4802 καὶ
1499 4752 1605 4803 τῶν
1645 4752 1875 4822 καιρίων
1923 4755 2020 4823 ἑφ-

433 4839 699 4906 ἀψασθαι.
733 4841 922 4912 Ταύτῃ
948 4841 1057 4912 γὰρ
1074 4842 1142 4895 δι’
1163 4842 1452 4913 ἀκριϐείας
1485 4845 1615 4911 ἡμῖν
1635 4847 1662 4897 ό
1683 4846 1856 4914 Λόγος
1881 4849 2018 4901 πάν-

432 4931 590 4984 τοθεν
619 4931 680 4984 τὸ
712 4931 1100 5000 ἀνεξέλεγκτον
1129 4933 1240 4997 ἕξει
1263 4934 1358 4986 καὶ
1386 4934 1581 5002 παγιον
1601 4975 1614 4995 ,
1650 4937 1744 4988 καὶ
1787 4938 1894 5008 μὴν
1924 4939 2018 4991 καὶ

2120 3757 2408 3805 servantes
2448 3750 2502 3802 in
2552 3761 2778 3800 arenam
2831 3747 2896 3798 ad
2931 3757 3210 3800 eertazueu
3265 3745 3693 3812 descendamus,

2117 3841 2428 3896 Judamrum
2475 3839 2800 3892 invadentes
2834 3839 3069 3906 linguas.
3118 3838 3210 3906 qui
3247 3846 3357 3890 tum
3394 3838 3523 3891 olim
3581 3850 3694 3892 tum

2121 3933 2284 3984 modo
2317 3930 2670 3984 contuitu-liis
2711 3929 2765 3980 in
2817 3927 3098 3980 Christum
3130 3927 3566 3992 debacchantur,
3605 3927 3700 3981 ab-

2120 4023 2390 4076 scissione
2430 4021 2624 4074 crebra
2667 4035 2758 4072 cas
2782 4017 3141 4086 amputando,
3174 4034 3242 4072 ne
3270 4019 3508 4086 amplius
3537 4019 3698 4074 radix
3787 4037 3794 4045 ·

2119 4127 2303 4166 amara
2332 4125 2629 4165 renascens
2659 4109 2917 4164 Ecclesiae
2939 4108 3136 4162 ovibus
3155 4109 3463 4162 molestiam
3497 4109 3694 4178 pariat.

2119 4204 2232 4258 Hoc
2269 4210 2450 4256 autem
2492 4215 2730 4270 quonam
2769 4198 2932 4253 modo
2977 4199 3396 4268 expeditissime
3447 4201 3699 4270 praestari

2119 4294 2292 4362 possit
2331 4305 2679 4362 nequaquam
2716 4289 2896 4354 video,
2929 4289 3037 4343 nisi
3075 4289 3445 4358 diligentioris
3491 4291 3700 4344 exami-

2119 4386 2209 4440 nis
2265 4391 2430 4454 atque
2461 4382 2888 4450 conquisitionis
2917 4379 3186 4435 subsidio.
3216 4381 3354 4436 Puto
3375 4380 3521 4434 enim
3555 4395 3698 4450 opus

2119 4492 2243 4532 esse
2300 4485 2356 4530 ut
2394 4477 2552 4546 prius
2582 4491 2649 4528 ex
2693 4473 2861 4528 Mosis
2905 4472 3062 4526 libris
3101 4472 3507 4539 ostendamus,-
3537 4471 3699 4526 Chri-

2121 4578 2268 4640 stun)
2302 4567 2396 4619 Dei
2428 4566 2649 4624 Filium.
2689 4565 2781 4634 qui
2844 4572 2898 4618 et
2936 4565 3054 4634 ipse
3111 4562 3257 4617 Deus
3295 4571 3420 4628 est,.
3444 4579 3508 4616 ex
3555 4562 3698 4617 Juda

2120 4659 2359 4728 quidem.
2376 4667 2606 4712 testante
2629 4657 2900 4724 apostolo,
2915 4655 3245 4718 efﬂoruisse,
3268 4654 3470 4731 Filium
3511 4665 3696 4710 autem

2121 4751 2393 4822 prodiisse
2445 4749 2728 4820 Virginis,
2791 4757 3032 4803 testante
3087 4746 3424 4818 Evangelio;
3485 4747 3688 4802 deinde

2121 4856 2255 4896 vero
2307 4841 2696 4910 prophetarum
2756 4838 2985 4892 vocibus
3041 4837 3094 4890 in
3151 4837 3388 4890 medium
3444 4835 3699 4890 adductis

2124 4932 2422 5002 longinqua
2469 4930 2634 4985 simul
2683 4938 2738 4984 et
2771 4929 3104 4998 proximiora
3157 4928 3293 4998 (I5)
3339 4933 3441 4983 hac
3486 4929 3700 4983 ratione

435 5024 532 5093 τῆς
562 5027 794 5096 νομικῆς
824 5025 1179 5096 ἀρχαιότητος
1230 5029 1258 5078 6
1286 5027 1572 5098 χαρακτὴρ
1610 5029 1913 5094 διασώζοιέ
1947 5031 2012 5085 ἃν

2119 5001 2526 5094 contingamus.
2571 5020 2896 5089 llujusmodi
2927 5022 3073 5074 enim
3121 5021 3381 5074 cautione
3419 5031 3588 5090 atque
3616 5019 3721 5076 di-.
3777 5005 3784 5020 ’

435 5117 764 5188 ἀκραιφνὴς.
810 5117 1050 5186 Ἀγὲσοω
1091 5119 1268 5170 τοίνυν
1329 5121 1408 5181 είς
1451 5121 1616 5183 μέσον
1646 5121 1776 5190 ἡμῖν
1818 5123 2012 5176 Ἰακὼϐ

435 5207 466 5258 ὁ
492 5208 587 5276 τῆς
616 5207 828 5277 ὑψηλῆς
861 5208 1126 5277 κλίμακος
1153 5208 1608 5278 διορατικὼτατος
1665 5209 1881 5279 Οεατὴς,
1923 5216 2016 5265 καὶ

439 5296 543 5366 πρὸ
568 5298 762 5352 τούτου
805 5298 1056 5368 Ἀδραὰμ
1087 5302 1115 5352 6
1162 5299 1528 5367 πατριάρχης,
1561 5301 1640 5362 είς
1664 5299 1722 5354 ὃν
1753 5305 1848 5354 καὶ
1881 5305 2017 5372 πρὸς

437 5384 495 5438 ὃν
523 5387 941 5455 αίὲπαγγελίαι.
968 5387 1168 5440 Ἰὀῦτον
1197 5388 1305 5458 γὰρ
1348 5387 1444 5440 καὶ
1475 5387 1750 5452 blatanqu
1773 5391 1872 5459 τῆς
1898 5401 2018 5445 κατ’

440 5475 601 5530 αὑτὸν
633 5477 996 5546 εὖαγγελικῆς
1030 5479 1352 5548 συγγραφῆς
1401 5479 1770 5547 ἐναρχόμενος
1803 5485 2016 5551 προῦπ-

443 5565 647 5633 ἑταξεν,
680 5568 774 5620 τὸν
802 5567 966 5622 Δαυῒδ
997 5567 1321 5639 προαναοε“ις
1350 5568 1428 5638 τῷ
1457 5569 1872 5640 συγγράμματι.
1906 5573 2022 5640 Ἐφ’

2113 5115 2336 5185 ligentia
2368 5113 2503 5168 illud
2549 5110 2918 5180 undecunque
2962 5110 3237 5164 obtinebit
3276 5109 3456 5165 oratio
3485 5115 3699 5177 nostra,
3755 5117 3758 5122 '

2113 5217 2173 5258 ut
2203 5213 2259 5260 et
2284 5204 2595 5258 ﬁrmitatem
2626 5203 2848 5266 habeat,
2889 5210 2942 5256 ct
2975 5217 3006 5256 a
3026 5205 3246 5256 nemine
3283 5201 3459 5256 refelli
3493 5201 3696 5271 possit,

2117 5311 2334 5350 necnon
2382 5295 2697 5356 vetustatis,
2733 5309 2858 5362 qua":
2897 5294 2952 5347 in
2989 5296 3105 5362 lege
3139 5304 3246 5356 est,
3297 5293 3480 5363 figurae
3530 5302 3698 5362 atque

2119 5388 2277 5457 signa
2327 5395 2618 5441 serventur
2660 5389 2893 5452 integra.
2932 5387 3044 5457 Age
3101 5389 3306 5452 itaque,
3359 5390 3414 5441 in
3452 5385 3697 5440 medium

2124 5479 2288 5534 nobis
2321 5477 2584 5532 alie-ratur
2613 5477 2857 5534 Jacobus
2887 5481 3124 5533 excelsae
3165 5480 3313 5534 illius
3348 5479 3510 5534 scala:
3541 5492 3700 5533 acer-

2131 5573 2310 5625 rimus
2351 5571 2782 5640 contemplator;
2836 5571 2946 5625 imo
2979 5579 3106 5626 autc
3153 5571 3302 5625 illum
3347 5571 3696 5627 Abrahamus

510 5789 624 5858 (15‘;
675 5790 891 5860 Potius,
938 5811 1060 5864 qum
1112 5798 1398 5864 potissima
1453 5811 1601 5861 sunt,
1655 5807 1708 5850 et
1763 5799 2012 5868 ιιι·3¹“ίνῖίί¹

2115 5800 2248 5868 :tgis.
2284 5797 2418 5852 CAL.
