4032 6138
326 379 430 445 825

1356 391 1438 454 IN
1469 395 1994 460 NATIVITATEM
2037 397 2102 462 Β.
2143 401 2429 466 MARI/E.
2474 403 2558 467 Ιῐ.

3489 400 3598 467 826

334 498 429 550 καὶ
458 495 811 563 τῶναῖὡνοιιν
847 501 1102 557 ἁπάντων
1162 510 1566 576 παραγωγεὺς,
1627 514 1901 582 ἐπιφανεὶς

2016 532 2126 584 que
2157 517 2386 588 insuper
2411 527 2560 574 esset
2588 517 2723 571 dur.
2753 515 2968 584 Quibus
2998 514 3093 572 Dei
3131 513 3334 580 Filius,
3381 514 3476 585 qui
3510 523 3598 569 est

329 589 410 657 τῷ
438 589 626 658 κόσμῳ
653 589 740 642 διὰ
792 593 1015 661 σαρκὸς,
1047 600 1452 668 καινοπρεπῶς,
1484 603 1624 656 ἀλλ’
1662 605 1734 657 οὐ
1766 604 1918 660 κατὰ

329 679 522 746 νόμον
557 678 815 746 ἐντολῆς
847 683 1164 752 σαρκίνης,
1209 686 1282 750 ὣς
1315 707 1481 760 φησιν
1507 691 1538 743 ὁ
1576 693 1913 760 Ἀπόστολος,

331 773 718 826 πεπολίτευτω
775 777 1069 846 ἀμφίδοξον
1130 781 1232 850 μὲν
1275 786 1377 855 τὴν
1424 785 1583 855 ἀξίαν
1621 791 1823 862 λαχὼν,
1851 793 1913 846 οὐ

327 863 472 916 κατὰ
497 863 558 917 τὸ
573 864 911 936 ἀνθρώπινον
927 869 1000 930 δὲ,
1024 871 1099 935 ὡς
1125 872 1191 926 ἄν
1223 893 1305 940 τις
1331 879 1502 950 φαίη,¹
1525 881 1674 950 λέγω
1693 885 1749 937 δὲ
1773 885 1912 938 κατὰ

325 955 389 1006 τὺ
406 955 618 1023 ὁρατὸν,
651 958 829 1026 ἱερεὺς
877 963 974 1014 καὶ
1022 963 1275 1033 βασιλεὺς
1319 971 1707 1042 νομιζόμενος·
1750 975 1915 1030 ἀλλὰ

323 1045 479 1098 κατὰ
516 1045 776 1117 δύναμιν
809 1047 958 1119 ζωῆς
1010 1054 1392 1114 ἀκαταλύτου
1433 1064 1532 1132 τὴν
1571 1065 1913 1134 ἑκατέρωθεν

324 1137 485 1202 ἀξίαν
505 1137 661 1226 ¹ἔχειν
712 1141 778 1193 ὲκ
824 1141 1040 1210 φύσεως
1087 1151 1560 1221 μαρτυρούμενος.
1612 1155 1913 1228 ἱερωσύνης

322 1231 489 1300 φημὶ,
520 1231 612 1284 καὶ
646 1231 944 1302 βασιλείας.
977 1237 1191 1294 Μένων
1227 1241 1337 1312 γὰρ
1375 1245 1688 1316 ἀρχιερεὺς
1727 1252 1817 1316 εὶς
1845 1251 1910 1305 τὸ

320 1319 618 1409 διηνεκὲς,
651 1324 732 1390 ὡς
747 1325 865 1391 μὲν
887 1328 1097 1396 ἱερεὺς,
1125 1332 1510 1402 ἀπαράϐατον
1529 1338 1644 1405 τὴν
1669 1341 1910 1409 ίερωσύο

318 1423 440 1469 νην
456 1407 584 1477 ἔχει
611 1410 710 1464 διὰ
749 1414 814 1466 τὸ
839 1415 1048 1484 μένειν
1077 1420 1266 1474 αὑτὸν
1285 1425 1374 1490 εἰς
1399 1427 1506 1478 τὸν
1523 1407 1910 1486 αἱῶναξὍθεν

319 1499 421 1551 καί
458 1498 668 1561 σὼᾣιν
695 1507 781 1570 εἰς
819 1507 884 1560 τὸ
922 1497 1222 1579 aias-reciet:
1257 1514 1507 1571 δύναται
1546 1519 1688 1586 τοὺς
1725 1536 1910 1590 προσ-

317 1591 686 1662 ερχομένους
724 1595 800 1648 δι’
846 1599 1033 1653 αὐτοῦ
1064 1601 1145 1668 τῷ
1184 1605 1340 1670 Θεῷ·
1379 1606 1636 1662 πάντοτε
1678 1609 1790 1671 ζῶν
1821 1615 1908 1680 εἰς

316 1683 386 1734 τὸ
415 1682 812 1754 ἐντυγχάνειν
835 1691 988 1760 ὑπὲρ
1025 1693 1248 1755 αὐτῶν.
1304 1698 1394 1761 Ὠς
1429 1699 1488 1752 δὲ
1514 1701 1788 1770 βασιλεὺς,
1813 1706 1907 1758 καὶ

317 1773 500 1842 ἄρχων
532 1778 776 1848 είρήνης,
821 1783 916 1834 καὶ
952 1785 1254 1856 ἡγούμενος
1291 1792 1349 1842 ὲν
1394 1791 1634 1861 Ἰσραὴλ,
1667 1796 1727 1848 οὐ
1761 1796 1906 1854 κατὰ

316 1865 378 1916 τὸ
409 1867 606 1935 ὁρατὸν
659 1871 751 1924 ἐπὶ
796 1873 888 1926 τὸν
945 1875 1133 1947 θρόνον
1185 1881 1538 1942 κεκαθικέναι
1591 1886 1756 1941 Δαυῖδ
1806 1889 1907 1943 τοῦ

318 1955 527 2048 πατρὸς
581 1960 1088 2048 αὐτοῦ-δείκνυται·
1131 1972 1276 2024 κατὰ
1306 1971 1452 2027 δὲτὸ
1505 1976 1696 2048 νοητὸν
1747 1977 1903 2048 βασι-

315 2044 516 2112 λεύσας
538 2051 630 2104 ἐπὶ
649 2051 740 2105 τὸν
755 2047 904 2109 οἶκον
939 2057 1134 2112 Ἰακὼῦ
1159 2062 1238 2125 είς
1266 2064 1391 2128 τοὺς
1420 2044 1646 2131 αἰῶνας,
1676 2044 1770 2122 uel.
1803 2069 1902 2122 πέ-

317 2155 420 2208 ρας
443 2139 504 2192 οῦ
517 2157 639 2196 ποτε
671 2145 768 2216 τῆς
787 2145 1066 2217 βασιλείας
1093 2149 1514 2223 δεξάμενος.Ὦν
1543 2158 1716 2223 οὕτως
1748 2163 1903 2231 ὲχόν-

313 2247 446 2292 των,
507 2233 589 2296 τίς
630 2237 730 2288 οὐκ
779 2237 845 2290 ἂν
874 2239 1200 2312 ἐκπλαγείη,
1248 2250 1376 2310 τοὺς
1415 2249 1551 2318 ὁμοῦ
1602 2250 1702 2319 μὲν
1731 2251 1904 2306 ταῦτα

313 2324 446 2393 περὶ
492 2325 659 2378 αὐτοῦ
695 2330 1060 2398 γεγραφότας,
1119 2335 1256 2403 ὁμοῦ
1286 2336 1344 2388 δὲ
1373 2339 1635 2394 τάναντία
1689 2341 1902 2406 τούτοις

314 2419 850 2488 μεμαρτυρηκόταςς
880 2421 1016 2476 Οὔτε
1039 2425 1148 2496 γὰρ
1181 2427 1426 2498 διάδοχον
1461 2431 1622 2485 αὑτὸν
1666 2433 1764 2503 τῆς
1806 2433 1900 2488 τοῦ

309 2507 481 2562 Δαυῒδ
511 2509 790 2580 βασιλείας
819 2515 1062 2582 ἄγουσιν,
1097 2515 1222 2572 οὔτε
1257 2521 1352 2574 ἐπὶ
1383 2521 1474 2574 τὸν
1509 2525 1699 2594 θρόνον
1737 2544 1901 2581 κεκα-

311 2599 526 2654 θικέναι
554 2603 717 2656 Δαυῖδ
743 2606 1046 2676 ἱστοροῦσιν
1063 2625 1080 2641 ο
1110 2611 1226 2664 ἀλλ’
1252 2613 1372 2667 οὐδὲ
1399 2615 1494 2684 τὴν
1513 2615 1635 2686 ίσην
1660 2617 1897 2690 Ἡρώδῃ.

309 2690 434 2744 οῦδέ
479 2709 538 2745 τε
593 2693 799 2765 Ποντίῳ
832 2696 1049 2769 Πιλάτῳ
1100 2700 1200 2770 τῆς
1237 2702 1412 2773 ἀρχῆς
1450 2702 1702 2768 ἐξουσίαν
1729 2709 1899 2760 ἐπαν-

307 2785 588 2854 ῃρημένον
605 2802 618 2816 ·
643 2787 784 2859 πλὴν
811 2791 861 2842 εἰ
892 2791 966 2860 μὴ
989 2793 1136 2846 κατὰ
1157 2794 1248 2847 τὸν
1266 2795 1365 2864 τῆς
1389 2797 1686 2869 ἀναγωγῆς
1712 2817 1900 2869 μυστι-

309 2876 556 2956 κώτατον
587 2877 743 2947 λόγον
782 2880 936 2934 ταῦτ’
977 2883 1342 2954 ἐκλαμϐάνειν
1399 2887 1638 2959 πειρῷτό
1672 2907 1754 2952 τις
1775 2906 1790 2921 ο
1819 2891 1898 2956 ὡς

307 2967 393 3029 τὸ,
431 2969 803 3033 Ἠβασιλειά
837 2973 876 3042 ἠ
913 2973 1028 3044 ἐμὴ
1073 2977 1186 3031 οὐκ
1216 2977 1388 3034 ἔστιν
1418 2981 1488 3036 ἐκ
1521 2981 1628 3036 τοῦ
1661 2982 1896 3053 κόσμου

307 3077 550 3118 τουτου.

2019 617 2146 662 ante
2199 609 2448 672 saecula,
2507 609 2718 679 quique
2785 609 2970 662 omnia
3041 609 3242 661 sa'cula
3307 605 3592 667 adduxit,

2017 697 2227 753 mundo
2281 714 2381 768 per
2427 710 2651 753 carnem
2711 712 2984 768 apparens
3033 696 3250 751 decenti
3307 695 3594 758 novitate,

2017 789 2106 844 sed
2135 807 2240 845 non
2283 791 2574 846 secundum
2619 789 2782 860 legem
2831 789 3075 844 mandati
3109 786 3370 850 carnalis,
3426 795 3485 840 ut
3517 785 3596 840 ait

2013 886 2338 954 Apostolus,
2376 899 2479 941 suo
2522 899 2748 939 munere
2789 881 3012 937 l‘ntietus
3055 888 3176 947 est;
3230 887 3396 948 atque
3433 878 3590 932 auch

2015 975 2180 1042 pitem
2219 973 2332 1044 (l9)
2369 973 2592 1043 quidem
2622 973 2944 1043 dignitatem
2971 969 3236 1034 obtinuit,
3261 983 3370 1024 non
3403 977 3588 1024 tamen

2011 1063 2472 1134 quemadmodum
2514 1071 2645 1118 sunt
2681 1079 2770 1118 res
2803 1062 3058 1120 humanas
3093 1061 3177 1131 (ιιι
3216 1059 3289 1114 ita
3339 1059 3542 1130 dicam)
3571 1077 3586 1115 :

2013 1155 2272 1210 videlicet
2315 1172 2426 1210 non
2463 1154 2770 1210 secundum
2817 1155 2872 1209 id
2908 1154 3054 1224 quod
3087 1154 3216 1211 visu
3265 1151 3589 1224 percipitur,

2011 1247 2102 1301 sed
2135 1247 2420 1302 secundum
2451 1248 2698 1302 virtutem
2732 1247 2852 1301 vita:
2881 1245 3276 1301 indissolubilis
3304 1251 3592 1314 utramque

2011 1352 2133 1392 sese
2163 1337 2366 1392 habere
2397 1338 2750 1408 dignitatem.
2782 1336 3107 1405 sacerdotii,
3141 1336 3393 1404 inquam,
3419 1342 3472 1388 et
3501 1349 3592 1390 re-

2011 1429 2126 1498 gni,
2162 1443 2226 1484 ex
2271 1437 2484 1484 naturae
2551 1429 2754 1485 evincit
2797 1429 3139 1483 testimonio.
3187 1425 3410 1480 Manens
3449 1425 3592 1477 enim

2007 1519 2250 1590 pontifex
2289 1521 2344 1574 in
2391 1530 2702 1590 perpetuum
2731 1559 2747 1584 ,
2801 1529 2859 1574 ut
2907 1519 3159 1574 sacerdos
3208 1519 3590 1586 sempiternum

2009 1611 2367 1666 sacerdotium
2399 1610 2588 1676 habet,
2619 1627 2680 1666 eo
2709 1609 2851 1680 quod
2899 1611 3012 1678 ipse
3059 1618 3273 1664 maneat
3322 1609 3378 1662 in
3427 1619 3587 1663 aster-

2008 1717 2155 1757 num.
2194 1699 2344 1756 Unde
2367 1709 2416 1756 et
2447 1702 2661 1756 sulcare
2688 1702 2740 1754 in
2780 1711 3090 1769 perpetuum
3123 1708 3291 1769 potest
3335 1697 3591 1752 acceden-

2009 1801 2086 1848 tes
2115 1809 2206 1862 per
2231 1795 2404 1863 ipsum
2430 1792 2500 1846 ad
2535 1792 2708 1847 Deum
2727 1807 2746 1856 ;
2775 1808 2982 1860 semper
3010 1791 3183 1846 uirens
3229 1791 3299 1843 ad
3334 1791 3587 1852 interpel-

2007 1886 2229 1939 landum
2261 1899 2356 1952 pro
2393 1883 2544 1938 nobis
2604 1884 2650 1940 ί.
2705 1881 2992 1948 Quatenus
3043 1895 3174 1935 vero
3223 1895 3318 1936 rex
3367 1887 3472 1941 est,
3531 1887 3586 1933 et

2004 1977 2262 2046 princeps
2297 1975 2472 2046 pacis,
2501 1985 2558 2030 et
2589 1975 2695 2029 dux
2729 1975 2786 2028 in
2827 1973 3018 2035 Israel,
3044 1988 3152 2026 non
3184 1986 3356 2040 super
3394 1971 3588 2038 hujus-

2002 2067 2221 2122 cemodi
2281 2065 2509 2122 Davidis
2553 2067 2841 2130 thronum,
2883 2068 2976 2135 qui
3023 2064 3130 2119 sub
3173 2071 3457 2133 aspectum
3489 2077 3590 2116 ea-

2003 2160 2178 2221 deret,
2211 2157 2424 2213 sedisse
2463 2157 2738 2226 quispiam
2782 2157 2984 2226 poterit
3034 2155 3441 2213 demonstrare.
3485 2153 3582 2208 sed

2003 2245 2248 2314 Spiritale
2269 2259 2499 2314 regnum
2533 2243 2588 2296 in
2616 2243 2842 2298 domum
2867 2241 3059 2297 Jacobi
3103 2257 3274 2310 usque
3298 2242 3353 2295 in
3382 2240 3584 2295 satcula
3677 2271 3680 2275 ~

2001 2336 2338 2400 obtinuisse,
2389 2336 2589 2404 suique
2638 2334 2794 2405 regni
2850 2334 3066 2388 nullum
3122 2347 3362 2401 unquam
3419 2347 3583 2387 acce-

2003 2429 2153 2498 pisse
2200 2429 2384 2482 ltnem.
2428 2425 2562 2491 Quae
2595 2440 2720 2480 cum
2773 2425 2848 2480 ita
2903 2440 2964 2481 se
3009 2423 3273 2488 habeant,
3305 2420 3434 2492 quis
3467 2436 3580 2475 non

2002 2520 2236 2573 miretur
2277 2533 2374 2572 eos
2421 2517 2514 2584 qui
2551 2517 2714 2572 simul
2761 2517 2880 2572 hanc
2920 2516 2990 2570 de
3036 2515 3156 2584 ipso
3196 2515 3579 2584 scripserunt,

2001 2611 2165 2666 simul
2188 2610 2354 2664 etiam
2384 2609 2734 2663 adversantia
2760 2609 2911 2665 hisee
2942 2615 3178 2664 testatos
3199 2605 3363 2661 esse?
3393 2605 3584 2676 Neque

1999 2701 2144 2756 enim
2192 2701 2371 2770 ipsum
2412 2700 2566 2769 regni
2607 2699 2848 2754 Davidici
2899 2712 3290 2754 successorem
3343 2697 3578 2762 iaciunt,

2001 2807 2176 2861 neque
2204 2806 2376 2861 super
2413 2792 2674 2846 thronum
2720 2789 2934 2845 sedisse
2973 2789 3197 2845 Davidis
3242 2802 3584 2843 commemo-

1999 2873 2152 2952 rant;
2185 2884 2278 2940 sed
2311 2901 2490 2954 neque
2529 2885 2873 2956 principatus
2918 2891 3198 2954 potestate
3233 2882 3473 2939 Herodis
3502 2881 3586 2936 in-

1999 2987 2148 3042 star,
2191 2985 2288 3032 aut
2349 2975 2528 3031 Pontii
2571 2975 2730 3030 Ptiati
2787 2974 3021 3046 potitum
3069 2990 3194 3030 esse
3237 2992 3252 3028 :
3303 2964 3587 3042 nisi‘quis

1999 3068 2205 3134 altiori,
2265 3067 2502 3136 quadam
2551 3065 2840 3121 recondita
2894 3065 3244 3120 deduc-tionis
3299 3066 3584 3134 signiﬁca-

1815 3191 1824 3198 -
1925 3189 1968 3247 ο
2003 3160 2152 3215 tione
2205 3160 2308 3215 ista
2342 3158 2680 3228 perpendere
2735 3159 3123 3228 aggrediatur,
3171 3159 3330 3226 juxta
3385 3157 3518 3212 illud
3565 3172 3582 3210 :

380 3323 493 3376 Καί
529 3341 620 3395 μοι
649 3326 868 3397 παρίτω
899 3329 994 3383 νῦν
1017 3331 1215 3399 Ἰακὼρ
1253 3333 1282 3387 ὁ
1334 3333 1508 3404 μέγας
1533 3335 1591 3388 ἐν
1621 3341 1896 3408 πατριάρ-

309 3433 457 3485 χαις,
488 3419 580 3470 ἐπὶ
609 3422 804 3489 καιροῦ
841 3423 910 3476 τὰ
941 3425 1069 3496 περὶ
1121 3425 1362 3497 Χριστοῦ
1418 3426 1654 3494 διεξιών.
1685 3430 1778 3482 Ἐν
1811 3424 1897 3494 οἷς

307 3506 380 3558 τὰ
418 3506 686 3575 μέλλοντα
709 3513 818 3575 τοῖς
856 3514 998 3566 υἱέσι
1028 3517 1388 3586 προγράφων,
1423 3517 1518 3570 τὸν
1552 3519 1756 3574 Ἰούδαν
1785 3523 1899 3574 είσ-

309 3598 459 3666 άγει,
493 3601 586 3654 καὶ
605 3603 1098 3676 προαναζωγραφεί
1119 3624 1236 3670 πως
1259 3609 1316 3660 ὲν
1344 3607 1495 3679 αὐτῷ
1517 3613 1901 3685 μυστικωτέρα

309 3690 420 3743 τινὶ
455 3695 880 3766 χρωματουργὶᾳ
901 3696 993 3750 τοῦ
1025 3698 1263 3768 Χριστοῦ
1291 3700 1390 3768 τὴν
1413 3701 1598 3756 εἰκόνα
1623 3719 1638 3732 °
1670 3703 1746 3768 ὡς
1769 3705 1900 3776 ὁρᾶ-

311 3784 439 3838 σθαι
466 3787 584 3854 μὲν,
609 3783 718 3840 οἷόν
745 3807 796 3844 τι
837 3791 994 3858 σῶμα
1032 3793 1124 3844 τὸν
1157 3792 1357 3846 Ἰούδαν
1385 3795 1527 3848 κατὰ
1554 3796 1614 3849 τὸ
1643 3798 1900 3868 αἰσθητὸν

311 3875 847 3948 λαμϐανόμενον,τὸν
873 3882 930 3935 δὲ
957 3883 1138 3946 Δαυῒδ,
1171 3881 1282 3938 οἷόν
1304 3903 1357 3939 τι
1379 3887 1577 3958 χρῶμα
1598 3889 1741 3943 κατὰ
1767 3890 1902 3944 θεω-

315 3969 436 4038 ρίαν
475 3969 782 4040 νοούμενον.
816 3975 1087 4044 Προέσται
1119 3975 1230 4047 γὰρ
1271 3978 1535 4032 ,ἐντεῦθεν
1591 3982 1722 4051 ἡμῖν
1753 3983 1902 4046 εἰκὸς

309 4059 405 4113 τοῦ
442 4061 648 4114 σκοποῦ
682 4065 1079 4134 περιέπεσθαι,
1111 4069 1212 4138 τῆς
1255 4071 1354 4139 μὲν
1385 4071 1556 4126 Ἰούδα
1587 4072 1779 4145 ’φυλῆς
1808 4073 1902 4126 τὸν

311 4152 476 4206 Δαυῒὸ
505 4155 942 4226 ἀνευρίσκουσιν,
979 4160 1042 4212 ἐκ
1078 4161 1240 4214 Δαυῖδ
1291 4161 1348 4214 δὲ
1381 4163 1472 4216 τὸν
1505 4165 1740 4236 Χριστὸν
1771 4183 1902 4220 κατ·

309 4245 814 4316 αγόμενον,’1“ούτου
831 4249 887 4302 δὲ
909 4249 1268 4323 δεικνυμένου
1307 4255 1520 4324 σαφῶς,
1539 4259 1634 4310 καὶ
1651 4256 1748 4328 τὴν
1763 4259 1903 4329 Παρ·

307 4338 462 4392 θένον
496 4341 808 4412 εὑρήσομεν
835 4345 900 4395 ἐκ
940 4343 1130 4410 γένους
1143 4343 1312 4398 οὖσαν
1329 4345 1496 4400 Δαυῒδ
1515 4347 1610 4401 τοῦ
1637 4347 1698 4414 ἐξ
1727 4349 1902 4404 Ἰούδα

307 4429 734 4499 βλαστήσαντος,
765 4433 924 4504 εἴπερ
964 4433 1202 4505 γεννῴτο
1231 4437 1292 4489 τὸ
1325 4437 1574 4508 γέννημα
1613 4440 1897 4513 ὁμογενὲς,

2000 3251 2231 3322 Regnum
2259 3267 2428 3306 meum
2453 3267 2554 3304 non
2584 3259 2663 3304 est
2691 3250 2756 3304 de
2785 3252 2883 3304 hoc
2909 3251 3106 3306 mundo
3143 3261 3190 3304 t.

2067 3341 2188 3397 iam
2217 3357 2348 3398 vero
2383 3341 2612 3397 accedat
2653 3342 2816 3395 modo
2845 3341 3087 3396 Jacobns
3139 3343 3586 3412 patriarcharum

1997 3446 2053 3492 et
2085 3436 2204 3506 ipse
2237 3451 2491 3506 magnus,
2523 3442 2580 3490 ut
2609 3441 2918 3504 opportune
2941 3450 3065 3504 qua:
3089 3436 3156 3488 ad
3187 3435 3468 3490 Christum
3505 3451 3589 3490 re-

2003 3527 2256 3584 feruntur
2288 3529 2448 3586 nubis
2491 3529 2786 3585 edisserat.
2837 3529 2939 3584 Ubi
2971 3543 3090 3597 quae
3121 3528 3249 3583 [iliis
3278 3531 3398 3584 suis
3419 3544 3589 3584 even-

2001 3635 2126 3680 tura
2178 3632 2367 3680 essent
2398 3623 2789 3694 praascribens,
2819 3621 3016 3678 Judam
3059 3621 3287 3689 inducit,
3333 3631 3498 3692 atque
3529 3625 3589 3677 in

2003 3717 2125 3786 ipso
2157 3716 2410 3788 mysticis
2440 3715 2774 3785 quibusdam
2816 3715 3103 3769 coloribus
3142 3713 3351 3767 Christi
3392 3713 3588 3781 imagi-

2002 3821 2126 3860 nem
2183 3815 2542 3875 repraasentat
2589 3815 2756 3874 atque
2793 3804 3062 3874 depingit,
3097 3802 3171 3856 ita
3223 3811 3286 3856 ut
3328 3803 3454 3856 inde
3487 3816 3592 3871 ap-

2003 3906 2215 3968 pareat,
2246 3895 2442 3950 Judnm
2471 3897 2694 3966 quidem
2719 3895 2884 3948 veluti
2917 3909 3120 3962 corpus
3152 3895 3310 3964 juxta
3353 3893 3406 3947 id
3437 3892 3590 3962 quod

2003 4005 2168 4045 sensu
2201 3989 2488 4057 attingitur
2521 3987 2702 4063 accipi
2730 4002 2744 4049 ;
2777 3985 3038 4040 Davidem
3074 4001 3226 4050 vero,
3267 3986 3435 4040 veluti
3488 3999 3590 4038 co-

2003 4084 2174 4136 lorem
2202 4083 2494 4150 quemdam
2523 4082 2684 4148 juxta
2721 4079 2920 4132 mentis
2953 4079 3390 4148 speculationem
3421 4077 3593 4130 intelé-

2005 4171 2121 4240 ligi.
2157 4171 2294 4225 llinc
2325 4169 2600 4237 siquidem
2658 4169 2824 4223 nobis
2853 4166 3038 4220 licebit
3090 4167 3443 4220 convenienti
3497 4183 3594 4220 ra-

2003 4265 2156 4319 tione
2189 4278 2418 4333 scopum
2470 4263 2648 4332 ipsum
2700 4261 2991 4329 aﬂ‘ectari;
3035 4263 3162 4314 dum
3210 4258 3473 4313 Davidetn
3513 4275 3586 4314 ex

2004 4355 2147 4410 tribu
2181 4352 2320 4409 Juda
2361 4353 2626 4409 exsistere
2655 4355 3018 4422 reperiemus,
3065 4369 3130 4406 ex
3197 4351 3398 4406 Davide
3454 4365 3590 4407 vero

2003 4447 2289 4503 Christum
2317 4445 2542 4500 deduci.
2596 4444 2850 4516 Cumque
2885 4447 2991 4498 hoc
3026 4445 3320 4515 perspicue
3351 4443 3583 4498 demon-

305 4524 400 4574 καὶ
435 4521 728 4590 ὁμόφυλον,
763 4523 923 4596 δεῦρο
950 4525 1014 4595 δὴ
1054 4527 1236 4579 τοίνυν
1269 4527 1498 4593 διέξιθι,
1535 4533 1895 4603 πατριαρχῶν

2004 4539 2382 4600 straverimus,
2408 4535 2688 4606 Virginem
2717 4551 2938 4606 quoque
2953 4551 3018 4591 ex
3051 4536 3310 4607 progenie
3338 4534 3595 4600 Davidis,

300 4611 494 4680 ἄριστε
549 4613 644 4666 καὶ
681 4614 1130 4679 πολυτεκνότατε,
1165 4617 1249 4680 τίς
1279 4619 1312 4688 ἡ
1342 4619 1401 4670 ὲν
1450 4620 1725 4687 εὐλογίαις
1759 4624 1896 4692 κλη-

302 4703 540 4772 ροδοσία,
569 4705 634 4774 ἣν
665 4705 940 4772 ὑπελείῴω
966 4709 1078 4770 τοῖς
1098 4709 1308 4772 τέκνοις
1340 4726 1474 4775 σονς
1507 4712 1591 4776 τίς
1621 4715 1654 4782 ἡ
1690 4715 1896 4770 τούτων

299 4795 534 4849 ἑκάστου
561 4813 624 4866 με
637 4797 748 4866 ρίς;
780 4797 816 4851 ἂ
843 4798 899 4851 δὲ
934 4800 1030 4854 καὶ
1057 4799 1324 4853 τελευτῶν
1350 4802 1537 4866 αὐτοῖς
1571 4805 1896 4875 ἀπεκλήρω-

300 4907 401 4952 σας
427 4891 568 4952 τίνα,
598 4893 691 4944 καὶ
716 4887 804 4945 οἷα
831 4911 844 4958 ;
867 4894 995 4957 Ναὶ,
1013 4897 1177 4966 φησὶν
1198 4899 1226 4948 ὁ
1255 4897 1604 4969 πατριάρχης
1629 4901 1896 4973 καταλλή-

297 4979 403 5044 λως
441 4983 648 5036 τούτων
685 4984 902 5055 ἑκάστῳ
945 4985 1013 5038 τὰ
1046 4987 1234 5040 εἰκότα
1279 4989 1342 5040 τὸ
1373 4990 1596 5060 πνεῦμα
1624 4993 1884 5064 διένειμε,

297 5071 480 5136 καθὼς
528 5074 596 5126 ἂν
633 5071 747 5144 εἶχε
778 5076 994 5142 φύσεώς
1030 5095 1086 5130 τε
1137 5080 1234 5131 καὶ
1273 5079 1477 5146 τάξεως
1510 5082 1760 5146 ἕκαστος,
1795 5087 1890 5138 καὶ

297 5164 398 5214 οὐκ
428 5163 538 5216 ἀπὸ
581 5164 782 5216 σκοποῦ
815 5166 908 5234 τῆς
951 5167 1129 5219 πάντα
1189 5167 1549 5241 διεξαγούσης
1609 5177 1887 5242 προνοίας,

296 5253 452 5308 οὐδὲν
495 5251 556 5306 οῦ
590 5253 644 5306 τί
686 5271 788 5308 που
817 5256 954 5326 πρὸς
999 5259 1134 5327 ἐμοῦ
1175 5261 1636 5332 πεφιλοσόφηται’
1672 5266 1787 5318 ἀλλ’
1814 5267 1890 5332 ὡς

295 5347 361 5400 ἂν
393 5348 536 5420 αὐτῇ
598 5347 1016 5418 προδιώρισται,
1056 5353 1472 5420 προϐλεπτικῶς
1509 5357 1578 5409 τὰ
1611 5358 1731 5410 καθ’
1759 5358 1884 5412 ἔκα-

297 5453 422 5492 στον
458 5439 865 5509 προηγόρευσα.
905 5441 1011 5494 Καὶ
1048 5443 1176 5510 γοῦν
1206 5443 1411 5508 ἐξέστω
1456 5447 1534 5516 τῷ
1574 5448 1885 5522 βουλομένῳ

372 5622 387 5662 ί
432 5621 608 5676 llebr.
643 5639 741 5686 ru,
781 5623 874 5687 ‘24,
911 5625 1006 5676 ‘25.
1087 5624 1292 5682 iJoan.
1330 5629 1594 5694 xvttt,36.

369 5777 483 5846 (19)
522 5775 773 5849 Intelligo
801 5779 1103 5835 duplicem.
1143 5779 1278 5836 (1st,.

1997 4632 2089 4700 qui
2126 4647 2190 4685 ex
2218 4628 2355 4683 Juda
2400 4628 2754 4698 germinavit,
2811 4619 3102 4682 devenisse
3143 4642 3586 4696 cognoscemus,

1995 4723 2263 4794 siquidem
2297 4737 2362 4775 ex
2392 4719 2586 4775 eadem
2625 4721 2816 4789 stirpe.
2865 4721 3174 4790 eademque
3229 4719 3378 4774 tribu
3417 4735 3590 4789 gene-

1998 4817 2268 4868 rationem
2321 4815 2466 4868 nacti
2521 4813 2652 4868 sint.
2697 4813 2812 4884 Age
2865 4813 3094 4882 itaque,
3143 4811 3591 4882 patriarcharum

1993 4907 2220 4976 optime,
2250 4905 2658 4975 multiplicique
2681 4905 2914 4958 ﬁliorum
2943 4905 3132 4959 sobole
3157 4903 3444 4972 prtedires,
3464 4917 3594 4970 quia

1993 5000 2226 5052 sortium
2263 4997 2582 5053 distributio
2611 4999 2683 5052 sit
2721 4998 2771 5051 in
2802 4977 3278 5061 benedictionibus
3303 4995 3589 5054 edissere,

1994 5104 2160 5158 quam
2199 5087 2324 5143 ﬁliis
2377 5090 2488 5144 tuis
2530 5088 2861 5158 reliqueris;
2895 5102 3017 5158 quae
3048 5103 3177 5158 pars
3224 5085 3460 5154 singulis
3488 5084 3588 5137 obv-

1998 5181 2220 5250 tigerit;
2265 5195 2388 5250 qua;
2419 5191 2476 5234 et
2503 5181 2692 5250 qualia
2740 5181 2854 5235 sint
2926 5195 3050 5249 quae
3096 5178 3258 5232 morti
3299 5177 3592 5247 proximus

1999 5272 2134 5340 ipsis
2179 5272 2524 5340 allegaveris.
2562 5268 2656 5324 Nae
2683 5307 2699 5334 ,
2741 5271 2924 5340 inquit
2957 5268 3298 5340 patriarcha,
3353 5265 3582 5320 unicui-

1997 5379 2104 5433 que
2131 5378 2350 5422 eorum,
2388 5363 2553 5416 modo
2591 5363 2709 5425 nui,
2751 5363 2916 5417 modo
2941 5359 3142 5426 alteri,
3171 5373 3295 5429 quae
3334 5357 3590 5418 singulos

1996 5455 2265 5511 decebant
2293 5453 2533 5524 Spiritus
2560 5454 2869 5519 distribuit,
2897 5461 3064 5525 prout
3095 5451 3372 5522 cujusque
3422 5459 3584 5504 tiatu-
