4032 6138
527 321 629 390 8TH

1705 327 1770 390 s.
1805 302 2142 388 ΛΝῡΙιΕΑι
2177 289 2601 389 CRETENSIS

3687 323 3802 392 832

521 433 708 484 stiano
741 427 966 484 nomine
999 429 1264 485 censeri?
1299 407 1509 498 Ei-quid
1547 430 1904 499 propheticas
1935 446 2098 486 voces

2212 431 2520 499 ἐποίησας,
2560 429 2802 498 ἥξουσι,
2826 427 2924 484 καὶ
2957 423 3514 498 προσκυνήσουσιν
3534 427 3802 483 ἐνώπιόν

523 521 829 590 infringrre
887 523 1064 591 possit
1131 522 1313 591 palam
1367 523 1694 584 clamantes,
1751 531 1868 576 tum
1912 522 2098 576 illud:

523 611 720 666 Omnes
756 628 934 680 gentes
969 613 1197 666 servient
1242 614 1310 677 ei,
1342 621 1390 665 et
1424 611 1725 664 adorabunt
1759 627 1880 664 eum
1921 627 2103 664 omnes

521 697 1104 769 regesterrw‘-°,tum
1141 701 1273 755 illud
1311 700 1540 755 :Omnis
1581 713 1725 754 terra
1774 701 1960 752 adoret
2031 709 2103 762 te,

519 807 569 848 et
605 797 807 864 psallat
839 795 940 852 tibi
964 806 1010 854 ν.
1045 797 1108 851 Et
1137 815 1150 850 :
1191 796 1384 852 Omnes
1411 806 1592 866 gentes
1635 809 1982 864 quascunque
2026 793 2107 862 fe-

2207 537 2347 586 σου,
2376 522 2553 589 Κύριε
2573 560 2589 586 ,
2626 520 2722 574 καὶ
2753 519 2824 574 τξι
2861 520 3006 590 ἑξῆς.
3039 521 3150 574 Καὶ
3173 515 3328 582 αὖθις
3347 560 3364 586 ,
3401 518 3801 588 Εὐφράνθητε

2206 611 2352 681 ἔθνη
2373 611 2522 679 μετὰ
2553 609 2660 664 τοῦ
2685 608 2841 663 λαοῦ
2871 608 3060 662 αὐτοῦ
3083 623 3096 636 ·
3130 609 3248 670 καὶ,
3270 604 3800 676 Προσκυνησάτω·

2210 717 2332 756 σαν
2351 698 2511 766 αὐτῷ
2535 699 2758 765 πάντες
2780 699 2898 753 υἱοὶ
2927 698 3098 754 Θεοῦ.
3137 699 3302 771 Ὁρᾷς
3329 698 3448 762 πῶς
3478 699 3530 751 ot
3564 697 3676 750 υἱοὶ
3701 695 3798 748 τοῦ

2210 793 2416 864 πατρὸς
2460 791 2626 846 αὑτοῦ
2679 792 3166 862 προσκεκυνήκασι
3201 790 3442 862 Χριστῷ,
3493 789 3547 842 οἱ
3591 789 3656 842 τδ
3695 789 3800 855 τῆς

519 888 644 941 ciin
658 891 883 952 venient,
900 899 949 943 et
980 888 1280 943 adorabunt
1305 905 1483 942 coram
1503 897 1572 953 te,
1593 886 1816 940 Domine
1839 893 1888 950 ⁸,
1908 894 1964 939 et
1987 899 2108 954 quae

2213 885 2484 946 υἱοθεσίας
2513 883 2671 954 δῆλον
2700 882 3251 952 καταπλουτήσαντες
3277 881 3564 952 χάρισμα;

520 989 850 1048 sequuntur.
877 979 943 1033 Et
977 995 1170 1034 rursus
1194 996 1208 1031 ι
1235 977 1492 1041 Gaudete,
1517 987 1720 1048 gentes,
1754 993 1874 1029 cum
1912 973 2108 1044 populo
2135 972 2294 1027 DeiY.
2321 974 2381 1028 Et
2408 992 2422 1028 :
2450 976 2820 1028 Adorenteum
2843 987 3022 1026 omnes
3047 971 3152 1041 ﬁlii
3182 970 3278 1024 Dei
3299 980 3345 1024 ι.
3375 967 3608 1024 Videsne
3628 968 3804 1035 igitur
3827 1038 3830 1042 '

520 1077 798 1140 quomouo
823 1069 916 1123 lilii
941 1071 1111 1138 patris
1131 1069 1218 1125 sui
1267 1069 1546 1124 Christum
1577 1067 1955 1130 adoraverint,
1988 1066 2022 1119 ii
2053 1065 2308 1120 videlicet
2330 1064 2422 1133 qui
2448 1063 2764 1132 adoptionis
2785 1063 3021 1116 ﬁliorum
3046 1061 3196 1116 dono
3221 1061 3421 1116 divites
3457 1061 3590 1116 l‘acti
3621 1059 3802 1115 sunt?

593 1157 702 1212 Sed
755 1157 826 1211 ad
873 1159 1122 1228 reliquas
1175 1159 1423 1212 vaticinii
1477 1167 1666 1226 partes
1710 1155 2098 1210 deveniamus.

2273 1153 2416 1224 Πρὸς
2452 1153 2510 1206 δὲ
2557 1153 2627 1205 τὰ
2659 1151 2785 1222 ἑξῆς
2814 1153 2915 1220 τῆς
2945 1151 3286 1223 προφητείας
3323 1152 3612 1222 χωρῶμεν.
3646 1153 3800 1206 Σκύ-

511 1245 748 1303 Catulus
781 1248 948 1302 leonis
983 1247 1015 1300 J
1026 1249 1153 1312 uda,
1184 1262 1250 1301 ea:
1272 1248 1526 1318 germine,
1551 1246 1631 1315 ﬁli
1661 1245 1754 1308 mi,
1779 1242 2104 1305 ascendisti;

2212 1261 2350 1310 μνος
2375 1243 2848 1312 λέοντος,φησ“ίν,
2893 1241 3086 1306 Ἰούδα,
3108 1243 3177 1296 ἐκ
3195 1243 3507 1308 βλαστοῦ,
3549 1244 3648 1297 υἱέ
3665 1259 3797 1310 μου

522 1339 852 1407 requiescens
909 1339 1207 1392 uccnbuisti
1245 1349 1302 1390 ut
1347 1339 1450 1403 leo,
1472 1346 1521 1390 et
1555 1337 1708 1406 quasi
1737 1335 1905 1390 teazna
1936 1350 1952 1387 :
1985 1335 2103 1404 quis

2212 1337 2454 1404 ἀνέϐηςο
2501 1334 2826 1391 ἀναπεσὼν
2867 1335 3189 1405 ἐκοιμήθης
3231 1336 3314 1402 ὡς
3338 1334 3517 1400 λέων,
3551 1335 3673 1389 ’καί
3713 1336 3801 1402 ὡς

521 1427 806 1482 suscitabit
826 1440 982 1480 eniml
1005 1427 1029 1480 ‘3
1050 1424 1094 1480 Ο
1120 1428 1445 1495 prazelaram
1466 1441 1601 1481 sane
1627 1423 2100 1494 praesagitioneml

2212 1429 2478 1496 σκύμνος
2496 1442 2510 1456 ·
2541 1426 2628 1492 τίς
2655 1425 2850 1494 ἐγερεῖ
2877 1427 3101 1490 αὑτόν;
3129 1422 3268 1494 Εὖγε
3297 1425 3398 1496 τῆς
3425 1425 3797 1498 προφητείας.

523 1517 778 1573 Catulum
815 1517 957 1572 dixit
995 1516 1190 1572 leonis.
1215 1516 1392 1583 Quem
1433 1517 1622 1586 itaque
1664 1515 1840 1570 leonis
1885 1513 2106 1568 nomine

523 1610 633 1666 nisi
685 1608 966 1664 Christum
1005 1607 1554 1670 luculenterinnuit,
1583 1607 1677 1676 qui
1714 1621 1782 1660 ex
1819 1604 1975 1674 regio
2011 1596 2100 1658 se;

472 1771 476 1774 i
526 1703 698 1766 mine,
754 1700 1017 1759 videlicet
1049 1697 1314 1753 Davidico
1345 1696 1679 1752 deducitur?
1714 1695 1906 1764 Neque
1934 1693 2102 1748 etiam

523 1792 828 1846 absurdum
861 1798 970 1856 est,
997 1792 1041 1846 si
1075 1791 1294 1844 leonem
1323 1788 1580 1842 Davidem
1608 1786 1908 1858 intelligas,
1929 1800 2106 1855 quan-

525 1883 824 1954 doquidem
856 1881 1145 1952 dignitatis
1181 1880 1346 1948 regia:
1385 1888 1548 1949 typus
1576 1886 1664 1933 est
1698 1877 1804 1932 leo.
1843 1875 2103 1931 Catulum

529 1975 714 2030 leonis
733 1973 1018 2029 Christum
1043 1972 1261 2040 accipe,
1291 1986 1358 2025 ex
1385 1971 1510 2041 ipso
1541 1969 1846 2023 secundum
1879 1981 2104 2022 carnem

527 2075 778 2118 exortum
805 2080 821 2131 ;
860 2061 1328 2132 quemadmodum
1361 2059 1531 2114 etiam
1565 2056 1974 2126 consequentia
2007 2071 2108 2110 va-

529 2156 708 2209 ticinii
760 2155 928 2208 verba
988 2154 1151 2224 plane
1203 2151 1516 2207 declarant.
1553 2149 1638 2204 Ex
1678 2149 1914 2220 germine
1941 2147 2104 2214 enim,

525 2245 826 2316 iuquit,ﬁli
860 2245 955 2310 mi,
978 2243 1291 2299 ascendisti.
1319 2243 1558 2299 Germen
1583 2257 1718 2297 vero
1749 2257 1910 2312 quem
1937 2228 2106 2296 alium

527 2341 754 2408 preprie
783 2351 913 2392 esse
947 2351 1014 2391 ex
1047 2352 1113 2391 eo
1145 2335 1293 2406 quod
1335 2345 1779 2390 consentaneum
1824 2340 1936 2397 est,
1967 2331 2108 2388 dile-

521 2431 788 2494 ctissimi,
851 2430 1212 2500 reputabitis,
1275 2430 1381 2484 nisi
1438 2429 1700 2484 nimirum
1747 2427 1927 2484 solam
1965 2427 2109 2480 hanc

529 2531 785 2576 sanetam
849 2519 1160 2590 Virginem,
1241 2521 1569 2589 sanctisque
1617 2519 1883 2572 omnibus
1945 2517 2110 2586 longe

529 2614 898 2672 sanctiorem,
941 2627 1067 2680 quze
1105 2619 1220 2665 tota
1266 2610 1524 2680 pulchra,
1575 2616 1695 2663 tota
1733 2605 2108 2662 mundamisa

533 2711 620 2757 est
650 2703 700 2757 ei
746 2703 839 2772 qui
879 2711 1025 2756 lotus
1070 2702 1126 2755 in
1173 2702 1269 2754 illa
1312 2711 1368 2756 et
1409 2715 1642 2770 corpore
1679 2710 1736 2754 et
1769 2699 1970 2770 spiritu
2006 2699 2108 2752 ha-

530 2794 762 2850 bitavit?
819 2793 1071 2860 Mariam,
1161 2794 1412 2862 inquam,
1473 2808 1736 2860 magnum
1822 2790 2102 2861 profecto,

2207 1521 2488 1588 Σκύμνον
2538 1519 2672 1588 φησὶ
2700 1517 2971 1582 λέοντος.
3021 1517 3159 1571 Τίνα
3210 1517 3434 1581 τοῦτον,
3467 1517 3502 1584 ἡ
3554 1515 3800 1588 Χριστὸν

2206 1610 2492 1682 προδήλως
2522 1605 2611 1663 τον
2641 1611 2705 1662 ὲκ
2741 1609 3022 1678 βασιλικοῦ
3049 1609 3424 1680 καταγόμενον
3448 1607 3798 1677 σπέρματος,

2205 1699 2349 1768 λέγω
2373 1699 2440 1770 δὴ
2473 1697 2568 1752 τοῦ
2611 1698 2816 1762 Δαυῖδ;
2855 1699 2963 1750 Καὶ
3005 1699 3230 1762 ἀπεικὸς
3281 1697 3438 1751 οὐδὲν
3467 1697 3660 1750 λέοντα
3693 1695 3800 1766 μὲν

2205 1789 2531 1860 νοῆσαι-τὸν
2561 1787 2747 1853 Δαυῒδ,
2780 1788 2855 1851 ὡς
2897 1788 3402 1859 χαρακτηριστικδν
3441 1788 3539 1839 τοῦ
3581 1786 3801 1856 βασιλιο

2207 1882 2304 1936 κοῦ
2353 1879 2664 1950 ἀξιώματος
2687 1921 2700 1946 ,
2743 1879 2982 1950 σκύμνον
3026 1879 3084 1932 δὲ
3123 1879 3358 1942 λέοντος,
3411 1879 3503 1930 τὸν
3533 1879 3594 1941 ἐξ
3623 1877 3798 1930 αὑτοῦ

2207 1972 2380 2041 φύντα
2411 1969 2554 2024 κατά
2585 1973 2762 2042 σάρκα
2779 1970 3034 2041 Χριστὸν,
3055 1969 3130 2033 ὡς
3149 1968 3300 2040 δηλοῖ
3321 1969 3417 2022 καὶ
3446 1968 3517 2022 τὰ
3542 1968 3673 2036 ἑξῆς
3692 1967 3796 2035 τῆς

2207 2063 2566 2135 προφητείας.
2625 2065 2728 2116 Ἐκ
2786 2061 3068 2126 βλαστοῦ
3113 2061 3222 2130 γὰρ
3269 2063 3436 2130 φησὶν
3463 2101 3478 2124 ,
3535 2061 3629 2114 υἱέ
3667 2077 3795 2128 μου

2207 2154 2448 2222 ἀνέὄης.
2471 2153 2708 2208 Βλαστδν
2724 2153 2804 2216 δὲ,
2819 2151 2940 2206 τίνα
2967 2152 3032 2207 ἂν
3061 2155 3264 2224 κυρίως
3287 2154 3354 2204 ὲκ
3374 2151 3470 2205 τοῦ
3491 2149 3794 2204 ἀκολούθου

2207 2245 2433 2316 νοήσῃς,
2455 2245 2730 2316 ἀγαπητὲ,
2747 2243 2782 2314 ἢ
2808 2243 2968 2315 δῆλον
2995 2243 3164 2314 μόνην
3185 2243 3358 2312 αὐτὴν
3385 2242 3479 2312 τὴν
3496 2242 3681 2310 ἁγίαν,
3695 2241 3796 2294 καὶ

2169 2340 2176 2346 ’
2207 2337 2316 2390 τῶν
2349 2335 2520 2402 ἁγίων
2545 2335 2799 2389 ἁπάντων
2827 2334 3158 2406 ἀγιωτὲραν,
3188 2335 3286 2404 τὴν
3308 2334 3437 2397 ὅλην
3465 2334 3572 2404 ὅλῳ
3604 2335 3796 2402 φανεῖ-

2211 2445 2310 2480 σαν
2332 2426 2579 2496 καθαράν
2603 2426 2680 2497 τῷ
2704 2427 3050 2497 σκηνώσαντι
3077 2426 3292 2496 σώματί
3317 2443 3378 2478 τε
3410 2427 3504 2480 καὶ
3540 2425 3797 2495 πνεύμα-

2209 2537 2262 2572 τι
2287 2537 2302 2585 ;
2330 2519 2548 2588 Μαρίαν
2572 2517 2736 2588 λέγω,
2775 2518 2838 2572 τὺ
2869 2519 3010 2588 μέγα
3046 2519 3142 2573 καὶ
3165 2517 3464 2588 σεϐάσμιον
3491 2517 3662 2578 ὅντως
3693 2518 3798 2570 καὶ

2211 2611 2446 2681 πρᾶγμα
2469 2609 2566 2664 καὶ
2590 2610 2783 2679 δνομα.
2810 2610 2914 2680 τὴν
2951 2610 3244 2679 Δαυῖδικὴν
3285 2609 3520 2680 ὅρπηκα,
3558 2608 3658 2678 τὴν
3691 2609 3795 2678 ῥά-

2212 2703 2336 2755 ϐδον
2366 2701 2460 2755 τοῦ
2495 2701 2717 2768 Ἰεσσαὶ,
2752 2703 2844 2755 τὸν
2865 2701 3092 2770 ἀειθαλῆ
3113 2700 3208 2755 τοῦ
3245 2699 3414 2754 Ἰούδα
3444 2698 3698 2771 βλαστὸν,
3732 2700 3796 2766 ἐξ

2211 2786 2279 2860 ἦς
2311 2793 2339 2844 ὁ
2365 2790 2460 2844 τοῦ
2488 2790 2626 2845 Θεοῦ
2660 2793 2818 2855 Παῖς,
2863 2794 2890 2845 ὁ
2932 2792 3324 2862 ὑπερκὸσμιος,
3363 2793 3390 2844 ὁ
3425 2790 3790 2862 προκόσμιος,

531 2888 794 2955 omnique
855 2886 1218 2940 veneratione
1267 2885 1660 2954 dignissimum
1697 2891 1754 2939 et
1787 2899 2012 2947 nomen,
2055 2893 2109 2938 et

2215 2883 2484 2947 συναῖδιος
2511 2883 2590 2954 τῷ
2619 2887 2958 2955 γεννήσαντι,
2992 2884 3270 2952 σαρκικῶς
3299 2882 3691 2952 ἐξεϐλάστησε.

532 2997 670 3043 rem,
698 2981 1010 3035 llavidicum
1038 2995 1278 3043 ramum,
1309 2980 1516 3049 virgam
1553 2975 1731 3040 Jesse,
1761 2992 1985 3048 germen
2015 2975 2179 3041 Juda,
2201 2991 2420 3045 semper
2446 2977 2646 3041 viride,
2673 2991 3004 3046 semperque
3035 2976 3313 3041 ﬂoridum,
3335 2992 3401 3031 ex
3437 2991 3546 3044 qua
3581 2975 3796 3030 altissi-

533 3089 656 3127 llltls
694 3071 788 3125 Dei
841 3069 1038 3136 Filius,
1077 3071 1174 3140 qui
1221 3077 1352 3125 ante
1383 3071 1649 3126 mundum
1708 3081 1850 3136 erat,
1906 3069 2220 3140 aequalique
2267 3085 2392 3124 cum
2427 3085 2494 3126 eo
2525 3071 2621 3140 qui
2655 3071 2834 3141 ipsum
2886 3070 3101 3138 genuit,
3133 3069 3452 3124 aeternitate
3482 3069 3793 3137 fruebatur,

533 3163 839 3218 secundum
871 3177 1098 3216 carnem
1135 3163 1503 3234 germinavit.
1899 3218 1905 3222 _

601 3241 737 3310 iure
763 3263 949 3309 autem
999 3258 1233 3310 miretur
1274 3255 1556 3326 quispiam
1595 3255 1980 3325 praedictionis
2009 3255 2111 3312 bu-

529 3344 688 3412 jnsce
752 3345 1098 3416 diligentiam
1159 3348 1531 3418 singularem.
1564 3345 1671 3402 Ubi
1709 3349 1860 3403 enim
1887 3349 2110 3419 generis

534 3435 1000 3504 propinquitatem
1061 3437 1275 3500 leonis,
1337 3443 1392 3490 et
1444 3437 1615 3491 catuli
1683 3421 2109 3509 appellationem

536 3525 829 3594 perspicue
873 3526 1308 3592 demonstravit,
1359 3525 1499 3581 illud
1545 3526 1758 3582 addidit
1799 3543 1814 3580 :
1863 3525 1948 3580 Ea;
1995 3542 2115 3597 ger-

535 3617 695 3683 mine,
724 3617 805 3686 ﬁli
839 3617 932 3681 mi,
969 3617 1294 3682 ascendisti,
1333 3625 1396 3672 ut
1429 3617 1563 3672 illud
1597 3617 1742 3672 idem
1775 3617 1935 3686 plane
1963 3619 2114 3673 dice-

535 3719 658 3772 ιϊι,
701 3709 846 3784 quod
887 3709 1119 3780 pulchre
1159 3708 1331 3764 Isaias
1371 3708 1553 3762 dixit:
1605 3707 1920 3779 Egredietur
1963 3709 2115 3780 virga

530 3801 600 3854 de
649 3803 829 3855 radice
877 3799 1051 3864 Jesse,
1089 3809 1136 3854 et
1173 3800 1275 3868 flos
1313 3800 1377 3854 de
1419 3799 1602 3854 radice
1633 3799 1750 3869 ejus
1785 3797 2034 3855 ascendet
2057 3800 2110 3866 Β,

529 3894 688 3962 quod
740 3908 874 3948 sane
933 3891 1212 3948 Christum
1276 3903 1445 3962 atque
1493 3875 1777 3963 Virginem
1813 3875 2113 3948 manifeste

533 3984 792 4053 respicit.
829 3982 1004 4036 Radix
1047 3984 1193 4037 enim
1221 3983 1448 4052 proprie
1480 3981 1686 4050 David;
1717 3983 1874 4054 virga
1909 3983 2108 4054 procul

529 4075 710 4129 dubio
754 4075 931 4128 Maria
957 4084 1080 4140 est;
1133 4073 1234 4128 llos
1262 4088 1394 4130 vero
1429 4073 1712 4129 Christus.
1741 4073 2116 4140 Quemadmo-

532 4167 668 4220 dum
697 4166 924 4233 ipsemet
959 4165 1012 4218 iu
1045 4165 1288 4235 quadam
1320 4164 1680 4219 Canticorum
1717 4167 1918 4234 pagina
1957 4180 2114 4220 suam

2277 3256 2590 3327 Θαυμάσειε
2620 3257 2665 3310 δ’
2693 3257 2759 3313 ἄν
2785 3275 2870 3322 τις
2913 3261 2980 3314 τὸ
3017 3257 3244 3326 ἀκριϐὲς
3270 3259 3368 3329 τῆς
3404 3258 3791 3329 προρρήσεως.

2219 3348 2437 3421 Ἐπειδὴ
2462 3350 2573 3421 γὰρ
2598 3349 2696 3421 τὴν
2725 3351 3042 3420 ἀγχιστείαν
3070 3350 3165 3403 τοῦ
3193 3351 3385 3419 γένους
3413 3353 3477 3422 τῇ
3517 3350 3613 3404 τοῦ
3645 3351 3797 3404 λέον-

2205 3459 2299 3506 τος
2327 3442 2420 3494 καὶ
2445 3442 2536 3494 τοῦ
2563 3441 2806 3511 σκύμνου
2837 3442 3182 3512 προσηγορίᾳ
3215 3441 3404 3511 σαφῶς
3425 3443 3795 3514 ἀπεφήνατο,

2209 3531 2564 3602 προστέθεικε
2589 3533 2671 3594 τὺ,
2691 3531 2793 3586 Ἐκ
2817 3531 3122 3598 βλαστοῦ,
3159 3531 3252 3586 υἱέ
3275 3549 3420 3600 μου,
3447 3531 3692 3600 ἀνέϐης,
3709 3533 3800 3587 ἶνα

2213 3623 2344 3695 εἴπῃ
2369 3623 2430 3676 τὸ
2453 3623 2604 3692 παρά
2622 3621 2717 3676 τοῦ
2743 3622 2965 3676 Ἡσαΐου
2989 3622 3171 3684 καλῶς
3186 3623 3497 3694 εἰρημένον·
3519 3623 3767 3688 Ἐξελεύ
3783 3653 3800 3664 -

2211 3729 2402 3780 σεται,
2432 3714 2702 3782 λέγοντος,
2723 3711 2950 3781 ῥάϐδος
2984 3714 3053 3768 ἐκ
3083 3712 3194 3783 τῆς
3217 3712 3387 3783 ῥίζης
3414 3714 3674 3780 Ἰεσσαὶ,
3693 3715 3798 3768 καί

2213 3805 2396 3872 ἄνθος
2425 3805 2495 3859 ἐκ
2523 3804 2634 3874 τῆς
2657 3803 2826 3872 ῥίζης
2852 3799 3040 3860 αὑτοῦ
3067 3803 3460 3871 ἀναϐήσεταιο
3487 3805 3518 3858 δ
3549 3804 3619 3875 δὴ
3657 3821 3800 3874 τρα-

2212 3896 2320 3961 νῶς
2347 3898 2426 3962 είς
2453 3896 2686 3968 Χριστὸν
2725 3896 2820 3950 καὶ
2863 3897 2961 3966 τὴν
3004 3896 3282 3968 Παρθένον
3329 3895 3617 3965 ἀνάγεται.
3657 3896 3802 3950 Βλα-

2215 3991 2340 4052 στὸς
2387 3988 2498 4059 γὰρ
2535 3988 2742 4058 κυρίως
2774 3987 2872 4058 μὲν
2911 3989 2938 4040 ὁ
2969 3987 3168 4052 Δαυῖδ,
3207 3987 3401 4058 ῥάϐδος
3429 3987 3488 4040 δὲ
3511 3987 3802 4059 προδήλως

2213 4075 2376 4146 αὕτη,
2407 4074 2566 4138 ἀνθος
2590 4074 2648 4127 δὲ
2675 4075 2906 4146 Χριστὸς
2933 4073 3354 4146 ἐκλαμϐάνεται.
3387 4075 3660 4148 Καθάπερ
3699 4077 3802 4129 αύ-

2212 4167 2304 4228 τὺς
2331 4166 2487 4237 ὲντῇ
2515 4165 2624 4218 τῶν
2665 4165 2950 4236 ’ᾼσμάτων
2973 4169 3156 4238 πυκτῇ
3177 4167 3276 4236 τὴν
3305 4167 3504 4222 ἑαυτοῦ
3529 4167 3804 4238 συμϐολι-

538 4259 719 4329 ipsius
777 4261 1249 4327 nuncupationem
1303 4256 1640 4328 quihusdam
1701 4258 1872 4312 veluti
1911 4256 2109 4311 adora-

2215 4257 2328 4322 κῶς
2376 4256 2742 4329 ἀρωματίζων
2786 4257 2964 4328 εὐώδη
3010 4257 3408 4330 προσηγορίαν.
3455 4259 3607 4328 Ἐγὼ
3663 4261 3802 4328 γὰρ,

538 4349 744 4404 mentis
777 4349 832 4402 in
865 4349 1070 4418 quibus
1104 4363 1304 4402 arcana
1344 4347 1684 4417 signiﬁcatio
1715 4348 1944 4415 lateret,
1975 4361 2115 4402 con-

2216 4351 2403 4422 φησὶν,
2425 4349 2610 4415 ἄνθος
2633 4349 2740 4404 τοῦ
2785 4348 3018 4413 πεδίου,
3047 4349 3145 4404 καὶ
3178 4351 3389 4418 κρίνον
3419 4350 3542 4405 τῶν
3590 4343 3804 4407 κοιλά-

532 4455 806 4512 spargens
831 4457 845 4493 :
875 4437 1010 4509 Ego,
1064 4439 1268 4508 inquit,
1306 4439 1409 4507 ﬂos
1460 4440 1658 4508 campi,
1691 4447 1741 4492 et
1777 4439 1955 4492 lilium
1986 4455 2109 4492 con-

2214 4441 2358 4496 δων.
2378 4443 2501 4494 Ὅτι
2516 4441 2572 4494 δὲ
2601 4439 2872 4510 βασιλεὺς,
2891 4441 2986 4494 καὶ
3012 4441 3274 4512 βασιλέων
3291 4441 3550 4497 ἁπάντων
3568 4443 3808 4512 ἐπικρα-

542 4530 770 4582 outlium
793 4539 841 4584 ο.
873 4528 1078 4599 [legem
1113 4544 1268 4591 vero,
1308 4543 1606 4598 regumque
1631 4529 1878 4585 omnium
1907 4539 2101 4599 poten-

535 4623 820 4692 tissimunt
867 4638 995 4678 esse
1039 4623 1348 4688 Christum,
1396 4637 1575 4692 neque
1617 4621 1737 4692 ipse
1779 4621 1972 4686 Jacol),
2017 4622 2116 4693 qui

541 4711 877 4780 praesagium
916 4711 1122 4767 cﬂ‘atus
1145 4718 1250 4774 est,
1271 4710 1568 4781 ignoravit.
1594 4708 1732 4764 Nam
1755 4709 2113 4776 requiescens,

539 4801 643 4864 ait,
679 4801 980 4856 accubuiin
1011 4811 1069 4856 ut
1105 4802 1207 4865 leo,
1231 4810 1281 4856 et
1317 4801 1474 4872 quasi
1501 4803 1702 4866 lewna;
1737 4802 1857 4872 quis
1885 4802 2118 4856 suscita-

539 4891 615 4945 bit
638 4893 804 4947 eum?
837 4891 1050 4960 Quibus
1071 4893 1254 4950 verbis
1278 4895 1522 4964 regalem
1553 4894 1742 4958 simul,
1777 4893 2118 4948 terribilem—

537 5002 652 5054 que
669 4995 836 5055 atque
861 4987 1306 5042 inacccssihilem
1327 4987 1498 5042 divini
1521 4987 1738 5057 imperii
1764 4993 2119 5056 potestatem,

539 5090 740 5131 contra
795 5094 959 5148 quam
1013 5079 1162 5134 vires
1222 5095 1357 5135 suas
1412 5081 1624 5135 nemini
1685 5080 1926 5148 experiri
1967 5079 2119 5142 licet,

543 5174 868 5243 signiﬁcare
897 5173 1054 5228 visus
1083 5181 1189 5228 est.
1231 5173 1390 5240 Quod
1433 5184 1494 5229 ut
1544 5175 1664 5244 ipse
1695 5175 1954 5229 Christus
1985 5189 2123 5227 con-

2218 4533 2476 4596 τέστατος
2491 4531 2780 4603 ὀΧριστὺς,
2794 4532 2901 4584 οὐδ’
2919 4531 3079 4596 αὐτὸς
3093 4535 3123 4586 ὁ
3137 4532 3498 4604 προφητεύων
3509 4533 3806 4602 ἠγνόησεν.

2221 4627 2279 4679 Ἀ
2289 4623 2575 4678 ναπεσὼν
2591 4625 2720 4696 γὰρ,
2738 4624 2928 4694 φησὶν,
2949 4623 3274 4694 ἐκοιμήθης
3290 4625 3371 4692 ὡς
3393 4623 3578 4688 λέων,
3600 4623 3701 4678 καί
3718 4625 3805 4690 ὡς

2217 4719 2512 4786 σκύμνος,
2542 4716 2634 4782 τίς
2656 4716 2852 4786 ἐγερεῖ
2864 4718 3053 4772 αὐτόν
3073 4733 3094 4782 ;
3115 4717 3191 4772 Τὸ
3215 4717 3496 4788 βασιλικὸν
3518 4715 3640 4788 ἃμα
3658 4757 3675 4783 ,
3707 4716 3806 4770 καὶ

2220 4807 2472 4878 φοϐερὸν,
2497 4807 2592 4861 καὶ
2625 4807 2917 4878 ἀπρόσιτον
2962 4809 3021 4861 ὲν
3048 4807 3259 4872 τούτοις
3293 4807 3663 4879 παραδηλῶν,
3706 4810 3808 4863 καὶ

2221 4901 2320 4970 τῆς
2343 4899 2531 4974 θεῖκῆς
2546 4899 2794 4966 ἐξουσίας
2808 4902 2870 4955 es
2891 4902 3346 4973 ἀπειροδύναμον.
3377 4903 3444 4956 Ὀ
3466 4902 3564 4956 καὶ
3588 4901 3808 4964 δεικνὺς

2223 4992 2385 5054 αὐτὸς
2417 4992 2474 5044 ὲν
2509 4991 2862 5060 Εὐαγγελίοις
2901 4992 3034 5070 βοᾷ·
3077 4988 3400 5058 Ἐξουσίαν
3443 4993 3565 5060 ἔχω
3613 4993 3808 5048 θεῖναι

2228 5082 2343 5149 τὴν
2372 5082 2586 5151 ψυχήν
2611 5100 2730 5152 μου
2753 5123 2766 5148 ,
2795 5083 2895 5137 καί
2922 5083 3218 5148 ἐξουσίαν
3239 5083 3359 5153 ἔχω
3387 5083 3577 5137 πάλιν
3595 5081 3807 5137 λαεεῒν

2229 5171 2440 5238 αὑτήν.
2464 5173 2553 5243 Τῷ
2571 5172 2684 5226 ὄντι
2707 5172 2816 5243 γὰρ
2835 5172 2954 5227 κατ’
2975 5171 3220 5238 ἐξουσίαν
3249 5173 3466 5228 ἅπαντα
3489 5171 3804 5242 πέπρακται

549 5267 820 5330 ﬁrmaret,
846 5265 899 5318 in
931 5263 1230 5336 Evangelio
1247 5267 1522 5322 clamabat
1549 5285 1562 5321 :
1593 5265 1922 5320 Potestatem
1951 5264 2109 5319 habet

2229 5260 2309 5331 τῷ
2353 5261 2584 5332 Σωτῆρι,
2631 5261 2730 5315 ὅσα
2771 5259 2972 5332 δηλαδὴ
3006 5261 3109 5333 τῆς
3154 5261 3540 5333 οἰκουμενικῆς
3565 5261 3588 5291 ⁸
3638 5256 3803 5313 αὐτοῦ

570 5381 649 5416 ι-υ
683 5378 829 5433 Ρδειι,
861 5394 1010 5442 uxr,
1041 5379 1128 5434 ll.
1205 5389 1232 5418 ν
1265 5381 1413 5436 Psal.
1446 5397 1570 5447 va,
1607 5381 1660 5436 4.

554 5447 586 5488 δ
624 5448 859 5516 Ιςιι.·λι,
896 5449 947 5502 l.
1023 5459 1046 5488 ο
1089 5449 1254 5506 Cant.
1301 5467 1362 5518 ιι,
1405 5453 1454 5506 1.

1738 5389 1763 5417 κ
1792 5379 1938 5436 Psal.
1979 5394 2177 5432 mxv.
2209 5377 2261 5433 9.
2336 5387 2364 5426 γ
2401 5377 2557 5432 Rom.
2588 5392 2676 5441 xv,
2705 5375 2794 5431 l0.
2865 5374 3001 5430 Psal.
3029 5387 3164 5439 κατι,
3191 5373 3244 5429 7.
3327 5389 3354 5418 ι
3383 5372 3522 5432 Gen.
3544 5387 3698 5441 tux,
3735 5372 3794 5430 9.

1831 5584 1874 5634 ν
1893 5582 1994 5620 im
2017 5581 2064 5617 Ir
2097 5575 2505 5629 t."CTl0\'ES.

640 5677 660 5698 ³
699 5669 828 5739 Lrg.
857 5673 1234 5742 οἰκονομικῆς.
