  <div class='ocr_page' id='page_1' title='image "/cluster/home/n/w/nwhite01/storage/ocr_20150623/97/mdp.39015041892756/416.png"; bbox 0 0 4032 6138; ppageno 0'>
   <div class='ocr_carea' id='block_1_1' title="bbox 221 291 334 358">
    <p class='ocr_par' dir='ltr' id='par_1_1' title="bbox 221 291 334 358">
     <span class='ocr_line' id='line_1_1' title="bbox 221 291 334 358; baseline 0 0"><span class='ocrx_word' id='word_1_1' title='bbox 221 291 334 358; x_wconf 80' lang='lat'><strong>833</strong></span> 
     </span>
    </p>
   </div>
   <div class='ocr_carea' id='block_1_2' title="bbox 1232 290 2403 360">
    <p class='ocr_par' dir='ltr' id='par_1_2' title="bbox 1232 290 2403 360">
     <span class='ocr_line' id='line_1_2' title="bbox 1232 290 2403 360; baseline -0.003 -7"><span class='ocrx_word' id='word_1_2' title='bbox 1232 293 1314 354; x_wconf 89' lang='lat' dir='ltr'><strong>IN</strong></span> <span class='ocrx_word' id='word_1_3' title='bbox 1344 290 1864 356; x_wconf 73' lang='lat' dir='ltr'><strong>NATIVI&#39;I‘ATEM</strong></span> <span class='ocrx_word' id='word_1_4' title='bbox 1905 294 1968 356; x_wconf 87' lang='lat' dir='ltr'><strong>B.</strong></span> <span class='ocrx_word' id='word_1_5' title='bbox 2002 294 2290 360; x_wconf 67' lang='grc' dir='ltr'><strong>ΜΑΠῘιἘ.</strong></span> <span class='ocrx_word' id='word_1_6' title='bbox 2321 294 2403 354; x_wconf 82' lang='grc' dir='ltr'><strong>Π.</strong></span> 
     </span>
    </p>
   </div>
   <div class='ocr_carea' id='block_1_3' title="bbox 3385 300 3492 365">
    <p class='ocr_par' dir='ltr' id='par_1_3' title="bbox 3385 300 3492 365">
     <span class='ocr_line' id='line_1_3' title="bbox 3385 300 3492 365; baseline -0.037 1"><span class='ocrx_word' id='word_1_7' title='bbox 3385 300 3492 365; x_wconf 65' lang='grc'><strong>834</strong></span> 
     </span>
    </p>
   </div>
   <div class='ocr_carea' id='block_1_4' title="bbox 220 403 1816 481">
    <p class='ocr_par' dir='ltr' id='par_1_4' title="bbox 220 403 1816 480">
     <span class='ocr_line' id='line_1_4' title="bbox 220 403 1816 480; baseline 0.001 -18"><span class='ocrx_word' id='word_1_8' title='bbox 220 408 455 478; x_wconf 74' lang='grc' dir='ltr'><strong>γέγονεν</strong></span> <span class='ocrx_word' id='word_1_9' title='bbox 478 403 848 478; x_wconf 75' lang='grc' dir='ltr'><strong>ἀναστροφῆς,</strong></span> <span class='ocrx_word' id='word_1_10' title='bbox 875 405 1104 477; x_wconf 75' lang='grc' dir='ltr'><strong>ἔκκριτοι</strong></span> <span class='ocrx_word' id='word_1_11' title='bbox 1130 409 1224 462; x_wconf 76' lang='grc' dir='ltr'><strong>καὶ</strong></span> <span class='ocrx_word' id='word_1_12' title='bbox 1244 408 1518 480; x_wconf 79' lang='grc' dir='ltr'><strong>ἐξαίρετα.</strong></span> <span class='ocrx_word' id='word_1_13' title='bbox 1543 411 1632 463; x_wconf 82' lang='grc' dir='ltr'><strong>Διό</strong></span> <span class='ocrx_word' id='word_1_14' title='bbox 1651 427 1816 480; x_wconf 79' lang='grc' dir='ltr'><strong>φησιν</strong></span> 
     </span>
    </p>
   </div>
   <div class='ocr_carea' id='block_1_5' title="bbox 1920 403 3496 481">
    <p class='ocr_par' dir='ltr' id='par_1_5' title="bbox 1920 409 3496 481">
     <span class='ocr_line' id='line_1_5' title="bbox 1920 409 3496 481; baseline 0.002 -18"><span class='ocrx_word' id='word_1_15' title='bbox 1920 411 2146 478; x_wconf 76' lang='lat' dir='ltr'><strong>ponendi</strong></span> <span class='ocrx_word' id='word_1_16' title='bbox 2183 412 2422 481; x_wconf 80' lang='lat' dir='ltr'><strong>animum</strong></span> <span class='ocrx_word' id='word_1_17' title='bbox 2465 426 2656 475; x_wconf 70' lang='lat' dir='ltr'><strong>nterim,</strong></span> <span class='ocrx_word' id='word_1_18' title='bbox 2686 419 2732 464; x_wconf 78' lang='lat' dir='ltr'><strong>et</strong></span> <span class='ocrx_word' id='word_1_19' title='bbox 2761 417 3076 480; x_wconf 80' lang='lat' dir='ltr'><strong>potestatem</strong></span> <span class='ocrx_word' id='word_1_20' title='bbox 3107 409 3272 465; x_wconf 73' lang='lat' dir='ltr'><strong>habeo</strong></span> <span class='ocrx_word' id='word_1_21' title='bbox 3303 412 3496 466; x_wconf 78' lang='lat' dir='ltr'><strong>iterum</strong></span> 
     </span>
    </p>
   </div>
   <div class='ocr_carea' id='block_1_6' title="bbox 219 497 1806 571">
    <p class='ocr_par' dir='ltr' id='par_1_6' title="bbox 219 497 1806 571">
     <span class='ocr_line' id='line_1_6' title="bbox 219 497 1806 571; baseline 0.001 -17"><span class='ocrx_word' id='word_1_22' title='bbox 219 498 412 564; x_wconf 67' lang='grc' dir='ltr'><strong>αὐτὸς,</strong></span> <span class='ocrx_word' id='word_1_23' title='bbox 432 497 672 552; x_wconf 82' lang='grc' dir='ltr'><strong>Λύσατε</strong></span> <span class='ocrx_word' id='word_1_24' title='bbox 686 497 793 553; x_wconf 84' lang='grc' dir='ltr'><strong>τὸν</strong></span> <span class='ocrx_word' id='word_1_25' title='bbox 811 498 962 553; x_wconf 88' lang='grc' dir='ltr'><strong>ναὸν</strong></span> <span class='ocrx_word' id='word_1_26' title='bbox 979 500 1215 567; x_wconf 79' lang='grc' dir='ltr'><strong>τοῦτον,</strong></span> <span class='ocrx_word' id='word_1_27' title='bbox 1239 502 1334 554; x_wconf 81' lang='grc' dir='ltr'><strong>καὶ</strong></span> <span class='ocrx_word' id='word_1_28' title='bbox 1357 503 1426 554; x_wconf 77' lang='grc' dir='ltr'><strong>ἐν</strong></span> <span class='ocrx_word' id='word_1_29' title='bbox 1445 503 1643 570; x_wconf 79' lang='grc' dir='ltr'><strong>τρισὶν</strong></span> <span class='ocrx_word' id='word_1_30' title='bbox 1663 501 1806 571; x_wconf 74' lang='grc' dir='ltr'><strong>ἡμέ-</strong></span> 
     </span>
    </p>
   </div>
   <div class='ocr_carea' id='block_1_7' title="bbox 218 589 1807 666">
    <p class='ocr_par' dir='ltr' id='par_1_7' title="bbox 218 589 1807 666">
     <span class='ocr_line' id='line_1_7' title="bbox 218 589 1807 666; baseline -0.001 -20"><span class='ocrx_word' id='word_1_31' title='bbox 218 609 360 658; x_wconf 70' lang='grc' dir='ltr'><strong>ραις</strong></span> <span class='ocrx_word' id='word_1_32' title='bbox 387 589 570 661; x_wconf 76' lang='grc' dir='ltr'><strong>ἐτερῶ</strong></span> <span class='ocrx_word' id='word_1_33' title='bbox 591 591 799 645; x_wconf 80' lang='grc' dir='ltr'><strong>αὐτόν.</strong></span> <span class='ocrx_word' id='word_1_34' title='bbox 830 590 905 644; x_wconf 84' lang='grc' dir='ltr'><strong>Οὐ</strong></span> <span class='ocrx_word' id='word_1_35' title='bbox 936 593 1044 662; x_wconf 86' lang='grc' dir='ltr'><strong>γὰρ</strong></span> <span class='ocrx_word' id='word_1_36' title='bbox 1069 591 1136 645; x_wconf 79' lang='grc' dir='ltr'><strong>ἃν</strong></span> <span class='ocrx_word' id='word_1_37' title='bbox 1169 593 1336 649; x_wconf 79' lang='grc' dir='ltr'><strong>αὐτοῦ</strong></span> <span class='ocrx_word' id='word_1_38' title='bbox 1357 594 1432 666; x_wconf 74' lang='grc' dir='ltr'><strong>μὴ</strong></span> <span class='ocrx_word' id='word_1_39' title='bbox 1453 593 1807 665; x_wconf 78' lang='grc' dir='ltr'><strong>βουλομένου,</strong></span> 
     </span>
    </p>
   </div>
   <div class='ocr_carea' id='block_1_8' title="bbox 225 678 1807 756">
    <p class='ocr_par' dir='ltr' id='par_1_8' title="bbox 225 678 1807 756">
     <span class='ocr_line' id='line_1_8' title="bbox 225 678 1807 756; baseline 0.001 -19"><span class='ocrx_word' id='word_1_40' title='bbox 225 683 324 737; x_wconf 77' lang='grc' dir='ltr'><strong>καὶ</strong></span> <span class='ocrx_word' id='word_1_41' title='bbox 363 678 474 736; x_wconf 80' lang='grc' dir='ltr'><strong>οἷον</strong></span> <span class='ocrx_word' id='word_1_42' title='bbox 501 681 908 746; x_wconf 79' lang='grc' dir='ltr'><strong>ἐπικελεύοντος</strong></span> <span class='ocrx_word' id='word_1_43' title='bbox 941 683 1240 754; x_wconf 78' lang='grc' dir='ltr'><strong>Ἑϐραίοις,</strong></span> <span class='ocrx_word' id='word_1_44' title='bbox 1273 684 1460 738; x_wconf 89' lang='grc' dir='ltr'><strong>τοῦτον</strong></span> <span class='ocrx_word' id='word_1_45' title='bbox 1501 685 1807 756; x_wconf 73' lang='grc' dir='ltr'><strong>λύεινὴδύ-</strong></span> 
     </span>
    </p>
   </div>
   <div class='ocr_carea' id='block_1_9' title="bbox 222 773 1806 848">
    <p class='ocr_par' dir='ltr' id='par_1_9' title="bbox 222 773 1806 848">
     <span class='ocr_line' id='line_1_9' title="bbox 222 773 1806 848; baseline 0.002 -19"><span class='ocrx_word' id='word_1_46' title='bbox 222 791 393 829; x_wconf 84' lang='grc' dir='ltr'><strong>ναντο</strong></span> <span class='ocrx_word' id='word_1_47' title='bbox 421 792 439 806; x_wconf 88' lang='grc'>·</span> <span class='ocrx_word' id='word_1_48' title='bbox 471 775 596 828; x_wconf 80' lang='grc' dir='ltr'><strong>ναὸν</strong></span> <span class='ocrx_word' id='word_1_49' title='bbox 623 773 797 843; x_wconf 79' lang='grc' dir='ltr'><strong>λέγων</strong></span> <span class='ocrx_word' id='word_1_50' title='bbox 834 775 926 829; x_wconf 82' lang='grc' dir='ltr'><strong>τὸν</strong></span> <span class='ocrx_word' id='word_1_51' title='bbox 949 776 1045 846; x_wconf 87' lang='grc' dir='ltr'><strong>τῆς</strong></span> <span class='ocrx_word' id='word_1_52' title='bbox 1075 775 1448 848; x_wconf 74' lang='grc' dir='ltr'><strong>ὑπεραμὼμου</strong></span> <span class='ocrx_word' id='word_1_53' title='bbox 1486 779 1684 848; x_wconf 68' lang='grc' dir='ltr'><strong>σαρκὸς</strong></span> <span class='ocrx_word' id='word_1_54' title='bbox 1708 779 1806 832; x_wconf 84' lang='grc' dir='ltr'><strong>αὒ-</strong></span> 
     </span>
    </p>
   </div>
   <div class='ocr_carea' id='block_1_10' title="bbox 224 866 1807 946">
    <p class='ocr_par' dir='ltr' id='par_1_10' title="bbox 224 866 1807 946">
     <span class='ocr_line' id='line_1_10' title="bbox 224 866 1807 946; baseline 0.003 -26"><span class='ocrx_word' id='word_1_55' title='bbox 224 867 348 931; x_wconf 89' lang='grc' dir='ltr'><strong>τοῦ,</strong></span> <span class='ocrx_word' id='word_1_56' title='bbox 386 866 446 920; x_wconf 85' lang='grc' dir='ltr'><strong>ὃν</strong></span> <span class='ocrx_word' id='word_1_57' title='bbox 489 869 555 920; x_wconf 84' lang='grc' dir='ltr'><strong>ἐκ</strong></span> <span class='ocrx_word' id='word_1_58' title='bbox 603 868 813 938; x_wconf 80' lang='grc' dir='ltr'><strong>μήτρας</strong></span> <span class='ocrx_word' id='word_1_59' title='bbox 842 867 1002 930; x_wconf 77' lang='grc' dir='ltr'><strong>αὐτὸς</strong></span> <span class='ocrx_word' id='word_1_60' title='bbox 1031 869 1209 940; x_wconf 77' lang='grc' dir='ltr'><strong>ἐαυτῷ</strong></span> <span class='ocrx_word' id='word_1_61' title='bbox 1239 871 1339 941; x_wconf 85' lang='grc' dir='ltr'><strong>τῆς</strong></span> <span class='ocrx_word' id='word_1_62' title='bbox 1378 872 1642 946; x_wconf 71' lang='grc' dir='ltr'><strong>ᾁμιὰντου</strong></span> <span class='ocrx_word' id='word_1_63' title='bbox 1673 871 1807 925; x_wconf 83' lang='grc' dir='ltr'><strong>ταὺ-</strong></span> 
     </span>
    </p>
   </div>
   <div class='ocr_carea' id='block_1_11' title="bbox 223 957 1807 1034">
    <p class='ocr_par' dir='ltr' id='par_1_11' title="bbox 223 957 1807 1034">
     <span class='ocr_line' id='line_1_11' title="bbox 223 957 1807 1034; baseline 0.003 -22"><span class='ocrx_word' id='word_1_64' title='bbox 223 975 352 1029; x_wconf 77' lang='grc' dir='ltr'><strong>της.</strong></span> <span class='ocrx_word' id='word_1_65' title='bbox 377 957 733 1028; x_wconf 70' lang='grc' dir='ltr'><strong>καὶκαθαρᾶς</strong></span> <span class='ocrx_word' id='word_1_66' title='bbox 771 959 1130 1029; x_wconf 84' lang='grc' dir='ltr'><strong>ἁειπαρθένου</strong></span> <span class='ocrx_word' id='word_1_67' title='bbox 1172 963 1601 1033; x_wconf 80' lang='grc' dir='ltr'><strong>ἀχειροτεύκτως</strong></span> <span class='ocrx_word' id='word_1_68' title='bbox 1651 981 1807 1034; x_wconf 88' lang='grc' dir='ltr'><strong>περι-</strong></span> 
     </span>
    </p>
   </div>
   <div class='ocr_carea' id='block_1_12' title="bbox 226 1046 1810 1125">
    <p class='ocr_par' dir='ltr' id='par_1_12' title="bbox 226 1046 1810 1125">
     <span class='ocr_line' id='line_1_12' title="bbox 226 1046 1810 1125; baseline 0.004 -26"><span class='ocrx_word' id='word_1_69' title='bbox 226 1046 603 1118; x_wconf 71' lang='grc' dir='ltr'><strong>ῳκοδόμησεν.</strong></span> <span class='ocrx_word' id='word_1_70' title='bbox 621 1047 738 1116; x_wconf 82' lang='grc' dir='ltr'><strong>Ἐφ’</strong></span> <span class='ocrx_word' id='word_1_71' title='bbox 760 1047 818 1100; x_wconf 86' lang='grc' dir='ltr'><strong>δν</strong></span> <span class='ocrx_word' id='word_1_72' title='bbox 836 1049 932 1102; x_wconf 79' lang='grc' dir='ltr'><strong>καὶ</strong></span> <span class='ocrx_word' id='word_1_73' title='bbox 959 1051 1059 1122; x_wconf 73' lang='grc' dir='ltr'><strong>τὴν</strong></span> <span class='ocrx_word' id='word_1_74' title='bbox 1086 1052 1346 1115; x_wconf 76' lang='grc' dir='ltr'><strong>ζωοποιὺν</strong></span> <span class='ocrx_word' id='word_1_75' title='bbox 1368 1053 1532 1108; x_wconf 85' lang='grc' dir='ltr'><strong>αὐτοῦ</strong></span> <span class='ocrx_word' id='word_1_76' title='bbox 1551 1055 1810 1125; x_wconf 83' lang='grc' dir='ltr'><strong>κοίμησιν</strong></span> 
     </span>
    </p>
   </div>
   <div class='ocr_carea' id='block_1_13' title="bbox 227 1138 1810 1216">
    <p class='ocr_par' dir='ltr' id='par_1_13' title="bbox 227 1138 1810 1216">
     <span class='ocr_line' id='line_1_13' title="bbox 227 1138 1810 1216; baseline 0.004 -24"><span class='ocrx_word' id='word_1_77' title='bbox 227 1138 542 1208; x_wconf 72' lang='grc' dir='ltr'><strong>ἀναφέρων.</strong></span> <span class='ocrx_word' id='word_1_78' title='bbox 578 1139 666 1192; x_wconf 85' lang='grc' dir='ltr'><strong>ὅτε</strong></span> <span class='ocrx_word' id='word_1_79' title='bbox 698 1139 792 1192; x_wconf 80' lang='grc' dir='ltr'><strong>τὸν</strong></span> <span class='ocrx_word' id='word_1_80' title='bbox 829 1139 1073 1195; x_wconf 80' lang='grc' dir='ltr'><strong>ἐκούσιον</strong></span> <span class='ocrx_word' id='word_1_81' title='bbox 1113 1143 1252 1213; x_wconf 80' lang='grc' dir='ltr'><strong>ὑπὲρ</strong></span> <span class='ocrx_word' id='word_1_82' title='bbox 1287 1145 1445 1216; x_wconf 81' lang='grc' dir='ltr'><strong>ἡμῶν</strong></span> <span class='ocrx_word' id='word_1_83' title='bbox 1497 1145 1592 1199; x_wconf 79' lang='grc' dir='ltr'><strong>τοῦ</strong></span> <span class='ocrx_word' id='word_1_84' title='bbox 1646 1147 1810 1199; x_wconf 73' lang='grc' dir='ltr'><strong>θανα-</strong></span> 
     </span>
    </p>
   </div>
   <div class='ocr_carea' id='block_1_14' title="bbox 227 1228 1811 1306">
    <p class='ocr_par' dir='ltr' id='par_1_14' title="bbox 227 1228 1811 1306">
     <span class='ocr_line' id='line_1_14' title="bbox 227 1228 1811 1306; baseline 0.004 -24"><span class='ocrx_word' id='word_1_85' title='bbox 227 1246 328 1282; x_wconf 87' lang='grc' dir='ltr'><strong>του</strong></span> <span class='ocrx_word' id='word_1_86' title='bbox 373 1228 694 1294; x_wconf 75' lang='grc' dir='ltr'><strong>κατεδέξατο</strong></span> <span class='ocrx_word' id='word_1_87' title='bbox 722 1228 917 1294; x_wconf 87' lang='grc' dir='ltr'><strong>ῦπνον,</strong></span> <span class='ocrx_word' id='word_1_88' title='bbox 944 1232 1032 1286; x_wconf 74' lang='grc' dir='ltr'><strong>διὰ</strong></span> <span class='ocrx_word' id='word_1_89' title='bbox 1074 1233 1164 1286; x_wconf 90' lang='grc' dir='ltr'><strong>τοῦ</strong></span> <span class='ocrx_word' id='word_1_90' title='bbox 1195 1235 1356 1288; x_wconf 80' lang='grc' dir='ltr'><strong>Δαυῒδ</strong></span> <span class='ocrx_word' id='word_1_91' title='bbox 1402 1235 1478 1293; x_wconf 78' lang='grc' dir='ltr'><strong>ῶς</strong></span> <span class='ocrx_word' id='word_1_92' title='bbox 1523 1236 1811 1306; x_wconf 81' lang='grc' dir='ltr'><strong>ἄνθρωπος</strong></span> 
     </span>
    </p>
   </div>
   <div class='ocr_carea' id='block_1_15' title="bbox 228 1319 1808 1393">
    <p class='ocr_par' dir='ltr' id='par_1_15' title="bbox 228 1319 1808 1393">
     <span class='ocr_line' id='line_1_15' title="bbox 228 1319 1808 1393; baseline 0.004 -19"><span class='ocrx_word' id='word_1_93' title='bbox 228 1319 572 1390; x_wconf 73' lang='grc' dir='ltr'><strong>διαλέγεται·</strong></span> <span class='ocrx_word' id='word_1_94' title='bbox 599 1319 766 1388; x_wconf 76' lang='grc' dir='ltr'><strong>Ἐγὼ,</strong></span> <span class='ocrx_word' id='word_1_95' title='bbox 796 1320 992 1390; x_wconf 79' lang='grc' dir='ltr'><strong>λέγων,</strong></span> <span class='ocrx_word' id='word_1_96' title='bbox 1023 1323 1372 1393; x_wconf 79' lang='grc' dir='ltr'><strong>ἐκοιμήθην,</strong></span> <span class='ocrx_word' id='word_1_97' title='bbox 1399 1327 1494 1379; x_wconf 76' lang='grc' dir='ltr'><strong>καὶ</strong></span> <span class='ocrx_word' id='word_1_98' title='bbox 1526 1327 1808 1380; x_wconf 71' lang='grc' dir='ltr'><strong>ὒπνωσαο</strong></span> 
     </span>
    </p>
   </div>
   <div class='ocr_carea' id='block_1_16' title="bbox 229 1411 1808 1487">
    <p class='ocr_par' dir='ltr' id='par_1_16' title="bbox 229 1411 1808 1487">
     <span class='ocr_line' id='line_1_16' title="bbox 229 1411 1808 1487; baseline 0.003 -21"><span class='ocrx_word' id='word_1_99' title='bbox 229 1412 583 1482; x_wconf 77' lang='grc' dir='ltr'><strong>ἐξητέρθην,</strong></span> <span class='ocrx_word' id='word_1_100' title='bbox 609 1411 698 1466; x_wconf 78' lang='grc' dir='ltr'><strong>ὅτι</strong></span> <span class='ocrx_word' id='word_1_101' title='bbox 743 1415 955 1479; x_wconf 84' lang='grc' dir='ltr'><strong>Κύριος</strong></span> <span class='ocrx_word' id='word_1_102' title='bbox 997 1415 1394 1485; x_wconf 69' lang='grc' dir='ltr'><strong>ἀντιλήψεται</strong></span> <span class='ocrx_word' id='word_1_103' title='bbox 1427 1437 1570 1487; x_wconf 84' lang='grc' dir='ltr'><strong>μου.</strong></span> <span class='ocrx_word' id='word_1_104' title='bbox 1627 1421 1697 1472; x_wconf 83' lang='grc' dir='ltr'>Τὸ</span> <span class='ocrx_word' id='word_1_105' title='bbox 1731 1419 1808 1485; x_wconf 84' lang='grc' dir='ltr'><strong>δὲ,</strong></span> 
     </span>
    </p>
   </div>
   <div class='ocr_carea' id='block_1_17' title="bbox 236 1505 1812 1580">
    <p class='ocr_par' dir='ltr' id='par_1_17' title="bbox 236 1505 1812 1580">
     <span class='ocr_line' id='line_1_17' title="bbox 236 1505 1812 1580; baseline 0.003 -21"><span class='ocrx_word' id='word_1_106' title='bbox 236 1505 335 1571; x_wconf 85' lang='grc' dir='ltr'><strong>Τίς</strong></span> <span class='ocrx_word' id='word_1_107' title='bbox 381 1505 572 1572; x_wconf 72' lang='grc' dir='ltr'><strong>ἐγερεῖ</strong></span> <span class='ocrx_word' id='word_1_108' title='bbox 615 1506 803 1559; x_wconf 81' lang='grc' dir='ltr'><strong>αὐτόν</strong></span> <span class='ocrx_word' id='word_1_109' title='bbox 826 1523 845 1570; x_wconf 89' lang='grc'><strong><em>;</em></strong></span> <span class='ocrx_word' id='word_1_110' title='bbox 895 1507 1084 1577; x_wconf 83' lang='grc' dir='ltr'>σαφῶς</span> <span class='ocrx_word' id='word_1_111' title='bbox 1126 1509 1216 1562; x_wconf 74' lang='grc' dir='ltr'><strong>τὸν</strong></span> <span class='ocrx_word' id='word_1_112' title='bbox 1247 1511 1466 1580; x_wconf 79' lang='grc' dir='ltr'><strong>Πατέρα</strong></span> <span class='ocrx_word' id='word_1_113' title='bbox 1495 1511 1680 1580; x_wconf 88' lang='grc' dir='ltr'><strong>δηλοῖ,</strong></span> <span class='ocrx_word' id='word_1_114' title='bbox 1721 1512 1812 1565; x_wconf 84' lang='grc' dir='ltr'><strong>τὸν</strong></span> 
     </span>
    </p>
   </div>
   <div class='ocr_carea' id='block_1_18' title="bbox 231 1595 1812 1668">
    <p class='ocr_par' dir='ltr' id='par_1_18' title="bbox 231 1595 1812 1668">
     <span class='ocr_line' id='line_1_18' title="bbox 231 1595 1812 1668; baseline 0.004 -19"><span class='ocrx_word' id='word_1_115' title='bbox 231 1596 360 1650; x_wconf 79' lang='grc' dir='ltr'><strong>ναὸν</strong></span> <span class='ocrx_word' id='word_1_116' title='bbox 379 1595 472 1648; x_wconf 89' lang='grc' dir='ltr'><strong>τοῦ</strong></span> <span class='ocrx_word' id='word_1_117' title='bbox 505 1595 754 1666; x_wconf 80' lang='grc' dir='ltr'><strong>σώματος</strong></span> <span class='ocrx_word' id='word_1_118' title='bbox 788 1597 866 1666; x_wconf 84' lang='grc' dir='ltr'><strong>τῷ</strong></span> <span class='ocrx_word' id='word_1_119' title='bbox 903 1597 1018 1668; x_wconf 82' lang='grc' dir='ltr'><strong>Υἰῷ</strong></span> <span class='ocrx_word' id='word_1_120' title='bbox 1049 1599 1538 1664; x_wconf 74' lang='grc' dir='ltr'><strong>συνεξανιστῶντα,</strong></span> <span class='ocrx_word' id='word_1_121' title='bbox 1571 1601 1663 1654; x_wconf 75' lang='grc' dir='ltr'><strong>καὶ</strong></span> <span class='ocrx_word' id='word_1_122' title='bbox 1685 1619 1812 1655; x_wconf 79' lang='grc' dir='ltr'><strong>συν⁴</strong></span> 
     </span>
    </p>
   </div>
   <div class='ocr_carea' id='block_1_19' title="bbox 233 1687 1812 1762">
    <p class='ocr_par' dir='ltr' id='par_1_19' title="bbox 233 1687 1812 1762">
     <span class='ocr_line' id='line_1_19' title="bbox 233 1687 1812 1762; baseline 0.003 -22"><span class='ocrx_word' id='word_1_123' title='bbox 233 1687 536 1759; x_wconf 79' lang='grc' dir='ltr'><strong>εγείροντα,</strong></span> <span class='ocrx_word' id='word_1_124' title='bbox 574 1687 718 1739; x_wconf 78' lang='grc' dir='ltr'><strong>κατὰ</strong></span> <span class='ocrx_word' id='word_1_125' title='bbox 759 1687 820 1740; x_wconf 78' lang='grc' dir='ltr'><strong>τὸ</strong></span> <span class='ocrx_word' id='word_1_126' title='bbox 858 1689 915 1740; x_wconf 91' lang='grc' dir='ltr'><strong>ἐν</strong></span> <span class='ocrx_word' id='word_1_127' title='bbox 945 1687 1198 1758; x_wconf 80' lang='grc' dir='ltr'><strong>Ψαλμοῖς</strong></span> <span class='ocrx_word' id='word_1_128' title='bbox 1234 1691 1522 1760; x_wconf 76' lang='grc' dir='ltr'><strong>εἰρημένον</strong></span> <span class='ocrx_word' id='word_1_129' title='bbox 1551 1693 1614 1744; x_wconf 84' lang='grc' dir='ltr'><strong>ἐκ</strong></span> <span class='ocrx_word' id='word_1_130' title='bbox 1645 1709 1812 1762; x_wconf 78' lang='grc' dir='ltr'><strong>προσ-</strong></span> 
     </span>
    </p>
   </div>
   <div class='ocr_carea' id='block_1_20' title="bbox 1917 499 3498 572">
    <p class='ocr_par' dir='ltr' id='par_1_20' title="bbox 1917 499 3498 572">
     <span class='ocr_line' id='line_1_20' title="bbox 1917 499 3498 572; baseline 0.005 -20"><span class='ocrx_word' id='word_1_131' title='bbox 1917 499 2360 553; x_wconf 72' lang='lat' dir='ltr'><strong>sumendieamd.</strong></span> <span class='ocrx_word' id='word_1_132' title='bbox 2399 499 2615 556; x_wconf 81' lang='lat' dir='ltr'><strong>Revera</strong></span> <span class='ocrx_word' id='word_1_133' title='bbox 2639 503 2787 556; x_wconf 88' lang='lat' dir='ltr'><strong>enim</strong></span> <span class='ocrx_word' id='word_1_134' title='bbox 2827 519 2928 571; x_wconf 89' lang='lat' dir='ltr'><strong>pro</strong></span> <span class='ocrx_word' id='word_1_135' title='bbox 2953 502 3190 556; x_wconf 83' lang='lat' dir='ltr'><strong>arbitrio</strong></span> <span class='ocrx_word' id='word_1_136' title='bbox 3243 516 3498 572; x_wconf 84' lang='lat' dir='ltr'><strong>ntttuque</strong></span> 
     </span>
    </p>
   </div>
   <div class='ocr_carea' id='block_1_21' title="bbox 1917 591 3494 664">
    <p class='ocr_par' dir='ltr' id='par_1_21' title="bbox 1917 591 3494 664">
     <span class='ocr_line' id='line_1_21' title="bbox 1917 591 3494 664; baseline 0.001 -17"><span class='ocrx_word' id='word_1_137' title='bbox 1917 606 2021 647; x_wconf 83' lang='lat' dir='ltr'><strong>suo</strong></span> <span class='ocrx_word' id='word_1_138' title='bbox 2058 591 2247 646; x_wconf 81' lang='lat' dir='ltr'><strong>ouiuia</strong></span> <span class='ocrx_word' id='word_1_139' title='bbox 2299 595 2512 662; x_wconf 87' lang='lat' dir='ltr'><strong>peregit</strong></span> <span class='ocrx_word' id='word_1_140' title='bbox 2549 593 3236 664; x_wconf 63' lang='lat' dir='ltr'><strong>Servator,.quaecunque</strong></span> <span class='ocrx_word' id='word_1_141' title='bbox 3294 595 3494 649; x_wconf 85' lang='lat' dir='ltr'><strong>videli-</strong></span> 
     </span>
    </p>
   </div>
   <div class='ocr_carea' id='block_1_22' title="bbox 1917 683 3494 747">
    <p class='ocr_par' dir='ltr' id='par_1_22' title="bbox 1917 683 3494 747">
     <span class='ocr_line' id='line_1_22' title="bbox 1917 683 3494 747; baseline 0.001 -11"><span class='ocrx_word' id='word_1_142' title='bbox 1917 692 2026 747; x_wconf 85' lang='lat' dir='ltr'><strong>cet,</strong></span> <span class='ocrx_word' id='word_1_143' title='bbox 2065 683 2193 736; x_wconf 91' lang='lat' dir='ltr'><strong>dum</strong></span> <span class='ocrx_word' id='word_1_144' title='bbox 2227 692 2404 738; x_wconf 85' lang='lat' dir='ltr'><strong>terras</strong></span> <span class='ocrx_word' id='word_1_145' title='bbox 2436 683 2728 747; x_wconf 84' lang='lat' dir='ltr'><strong>incoleret,</strong></span> <span class='ocrx_word' id='word_1_146' title='bbox 2753 695 2802 739; x_wconf 86' lang='lat' dir='ltr'><strong>et</strong></span> <span class='ocrx_word' id='word_1_147' title='bbox 2835 698 2958 741; x_wconf 91' lang='lat' dir='ltr'><strong>cum</strong></span> <span class='ocrx_word' id='word_1_148' title='bbox 3004 685 3326 738; x_wconf 88' lang='lat' dir='ltr'><strong>bominilms</strong></span> <span class='ocrx_word' id='word_1_149' title='bbox 3357 701 3494 739; x_wconf 89' lang='lat' dir='ltr'><strong>con-</strong></span> 
     </span>
    </p>
   </div>
   <div class='ocr_carea' id='block_1_23' title="bbox 1915 757 3493 845">
    <p class='ocr_par' dir='ltr' id='par_1_23' title="bbox 1915 757 3493 845">
     <span class='ocr_line' id='line_1_23' title="bbox 1915 757 3493 845; baseline 0.003 -19"><span class='ocrx_word' id='word_1_150' title='bbox 1915 757 2260 840; x_wconf 82' lang='lat' dir='ltr'><strong>vcrsaretur,</strong></span> <span class='ocrx_word' id='word_1_151' title='bbox 2282 779 2503 845; x_wconf 82' lang='lat' dir='ltr'><strong>egregia</strong></span> <span class='ocrx_word' id='word_1_152' title='bbox 2536 785 2698 844; x_wconf 87' lang='lat' dir='ltr'><strong>atque</strong></span> <span class='ocrx_word' id='word_1_153' title='bbox 2718 779 2984 844; x_wconf 79' lang='lat' dir='ltr'><strong>przrclara</strong></span> <span class='ocrx_word' id='word_1_154' title='bbox 3009 777 3182 830; x_wconf 90' lang='lat' dir='ltr'><strong>edidit</strong></span> <span class='ocrx_word' id='word_1_155' title='bbox 3217 776 3493 830; x_wconf 70' lang='lat' dir='ltr'><strong>facinora.</strong></span> 
     </span>
    </p>
   </div>
   <div class='ocr_carea' id='block_1_24' title="bbox 1917 866 3499 937">
    <p class='ocr_par' dir='ltr' id='par_1_24' title="bbox 1917 866 3499 937">
     <span class='ocr_line' id='line_1_24' title="bbox 1917 866 3499 937; baseline 0.002 -18"><span class='ocrx_word' id='word_1_156' title='bbox 1917 866 2318 932; x_wconf 80' lang='lat' dir='ltr'><strong>Quamobrem,</strong></span> <span class='ocrx_word' id='word_1_157' title='bbox 2356 867 2579 933; x_wconf 80' lang='lat' dir='ltr'><strong>Solvite,</strong></span> <span class='ocrx_word' id='word_1_158' title='bbox 2629 868 2727 930; x_wconf 84' lang='lat' dir='ltr'><strong>ait,</strong></span> <span class='ocrx_word' id='word_1_159' title='bbox 2772 869 3019 936; x_wconf 78' lang='lat' dir='ltr'><strong>templum</strong></span> <span class='ocrx_word' id='word_1_160' title='bbox 3052 870 3171 937; x_wconf 87' lang='lat' dir='ltr'><strong>Itoc,</strong></span> <span class='ocrx_word' id='word_1_161' title='bbox 3226 880 3274 923; x_wconf 84' lang='lat' dir='ltr'><strong>et</strong></span> <span class='ocrx_word' id='word_1_162' title='bbox 3313 871 3366 922; x_wconf 86' lang='lat' dir='ltr'><strong>iu</strong></span> <span class='ocrx_word' id='word_1_163' title='bbox 3403 871 3499 922; x_wconf 87' lang='lat' dir='ltr'><strong>tri-</strong></span> 
     </span>
    </p>
   </div>
   <div class='ocr_carea' id='block_1_25' title="bbox 1899 949 3496 1028">
    <p class='ocr_par' dir='ltr' id='par_1_25' title="bbox 1899 949 3496 1028">
     <span class='ocr_line' id='line_1_25' title="bbox 1899 949 3496 1028; baseline -0.001 -16"><span class='ocrx_word' id='word_1_164' title='bbox 1899 949 2013 1012; x_wconf 63' lang='lat' dir='ltr'><strong>tius</strong></span> <span class='ocrx_word' id='word_1_165' title='bbox 2059 959 2244 1014; x_wconf 83' lang='lat' dir='ltr'><strong>diebus</strong></span> <span class='ocrx_word' id='word_1_166' title='bbox 2307 959 2552 1013; x_wconf 74' lang='lat' dir='ltr'><strong>excitabo</strong></span> <span class='ocrx_word' id='word_1_167' title='bbox 2607 959 2743 1012; x_wconf 82' lang='lat' dir='ltr'><strong>illud</strong></span> <span class='ocrx_word' id='word_1_168' title='bbox 2769 971 2812 1012; x_wconf 73' lang='grc' dir='ltr'><strong>ε.</strong></span> <span class='ocrx_word' id='word_1_169' title='bbox 2852 960 3038 1028; x_wconf 62' lang='lat' dir='ltr'><strong>z‘eqnc</strong></span> <span class='ocrx_word' id='word_1_170' title='bbox 3078 960 3225 1013; x_wconf 80' lang='lat' dir='ltr'><strong>enim</strong></span> <span class='ocrx_word' id='word_1_171' title='bbox 3261 957 3364 1013; x_wconf 76' lang='lat' dir='ltr'><strong>nisi</strong></span> <span class='ocrx_word' id='word_1_172' title='bbox 3404 978 3496 1012; x_wconf 80' lang='grc' dir='ltr'><strong>ιο-</strong></span> 
     </span>
    </p>
   </div>
   <div class='ocr_carea' id='block_1_26' title="bbox 1919 1047 3496 1120">
    <p class='ocr_par' dir='ltr' id='par_1_26' title="bbox 1919 1047 3496 1120">
     <span class='ocr_line' id='line_1_26' title="bbox 1919 1047 3496 1120; baseline 0.003 -20"><span class='ocrx_word' id='word_1_173' title='bbox 1919 1047 2067 1102; x_wconf 88' lang='lat' dir='ltr'><strong>Ientc</strong></span> <span class='ocrx_word' id='word_1_174' title='bbox 2129 1049 2276 1117; x_wconf 88' lang='lat' dir='ltr'><strong>ipso,</strong></span> <span class='ocrx_word' id='word_1_175' title='bbox 2340 1061 2394 1102; x_wconf 89' lang='lat' dir='ltr'><strong>et</strong></span> <span class='ocrx_word' id='word_1_176' title='bbox 2449 1050 2618 1102; x_wconf 84' lang='lat' dir='ltr'><strong>veluti</strong></span> <span class='ocrx_word' id='word_1_177' title='bbox 2671 1049 2918 1103; x_wconf 68' lang='lat' dir='ltr'><strong>Hebraeis</strong></span> <span class='ocrx_word' id='word_1_178' title='bbox 2982 1049 3496 1120; x_wconf 33' lang='lat' dir='ltr'><strong>:nandante,‘illud</strong></span> 
     </span>
    </p>
   </div>
   <div class='ocr_carea' id='block_1_27' title="bbox 1919 1137 3498 1208">
    <p class='ocr_par' dir='ltr' id='par_1_27' title="bbox 1919 1137 3498 1208">
     <span class='ocr_line' id='line_1_27' title="bbox 1919 1137 3498 1208; baseline 0.004 -18"><span class='ocrx_word' id='word_1_179' title='bbox 1919 1137 2134 1191; x_wconf 85' lang='lat' dir='ltr'><strong>solvere</strong></span> <span class='ocrx_word' id='word_1_180' title='bbox 2167 1137 2512 1206; x_wconf 84' lang='lat' dir='ltr'><strong>potuissent;</strong></span> <span class='ocrx_word' id='word_1_181' title='bbox 2543 1140 2836 1204; x_wconf 80' lang='lat' dir='ltr'><strong>templum,</strong></span> <span class='ocrx_word' id='word_1_182' title='bbox 2861 1138 3111 1208; x_wconf 86' lang='lat' dir='ltr'><strong>inquam,</strong></span> <span class='ocrx_word' id='word_1_183' title='bbox 3149 1140 3498 1208; x_wconf 74' lang='lat' dir='ltr'><strong>integerrimi</strong></span> 
     </span>
    </p>
   </div>
   <div class='ocr_carea' id='block_1_28' title="bbox 1918 1231 3500 1303">
    <p class='ocr_par' dir='ltr' id='par_1_28' title="bbox 1918 1231 3500 1303">
     <span class='ocr_line' id='line_1_28' title="bbox 1918 1231 3500 1303; baseline 0.004 -21"><span class='ocrx_word' id='word_1_184' title='bbox 1918 1231 2177 1298; x_wconf 80' lang='lat' dir='ltr'><strong>cerporis</strong></span> <span class='ocrx_word' id='word_1_185' title='bbox 2211 1231 2355 1298; x_wconf 82' lang='lat' dir='ltr'><strong>ejus,</strong></span> <span class='ocrx_word' id='word_1_186' title='bbox 2385 1233 2530 1298; x_wconf 93' lang='lat' dir='ltr'><strong>qnol</strong></span> <span class='ocrx_word' id='word_1_187' title='bbox 2578 1247 2645 1284; x_wconf 81' lang='lat' dir='ltr'><strong>ex</strong></span> <span class='ocrx_word' id='word_1_188' title='bbox 2690 1233 2813 1285; x_wconf 90' lang='lat' dir='ltr'><strong>alvo</strong></span> <span class='ocrx_word' id='word_1_189' title='bbox 2847 1232 3192 1302; x_wconf 69' lang='lat' dir='ltr'><strong>incorruptae</strong></span> <span class='ocrx_word' id='word_1_190' title='bbox 3241 1235 3500 1303; x_wconf 66' lang='lat' dir='ltr'><strong>hujusce,</strong></span> 
     </span>
    </p>
   </div>
   <div class='ocr_carea' id='block_1_29' title="bbox 1919 1321 3500 1394">
    <p class='ocr_par' dir='ltr' id='par_1_29' title="bbox 1919 1321 3500 1394">
     <span class='ocr_line' id='line_1_29' title="bbox 1919 1321 3500 1394; baseline 0.004 -20"><span class='ocrx_word' id='word_1_191' title='bbox 1919 1321 2416 1390; x_wconf 76' lang='lat' dir='ltr'><strong>mundissima-que</strong></span> <span class='ocrx_word' id='word_1_192' title='bbox 2485 1324 2757 1391; x_wconf 88' lang='lat' dir='ltr'><strong>null0que</strong></span> <span class='ocrx_word' id='word_1_193' title='bbox 2817 1340 2927 1377; x_wconf 86' lang='lat' dir='ltr'><strong>non</strong></span> <span class='ocrx_word' id='word_1_194' title='bbox 2981 1336 3229 1394; x_wconf 85' lang='lat' dir='ltr'><strong>tempore</strong></span> <span class='ocrx_word' id='word_1_195' title='bbox 3263 1327 3500 1394; x_wconf 79' lang='lat' dir='ltr'><strong>virginis</strong></span> 
     </span>
    </p>
   </div>
   <div class='ocr_carea' id='block_1_30' title="bbox 1921 1411 3498 1482">
    <p class='ocr_par' dir='ltr' id='par_1_30' title="bbox 1921 1411 3498 1482">
     <span class='ocr_line' id='line_1_30' title="bbox 1921 1411 3498 1482; baseline 0.003 -19"><span class='ocrx_word' id='word_1_196' title='bbox 1921 1411 2134 1480; x_wconf 86' lang='lat' dir='ltr'><strong>absque</strong></span> <span class='ocrx_word' id='word_1_197' title='bbox 2161 1428 2426 1465; x_wconf 82' lang='lat' dir='ltr'><strong>tnanuum</strong></span> <span class='ocrx_word' id='word_1_198' title='bbox 2457 1413 2649 1468; x_wconf 84' lang='lat' dir='ltr'><strong>labore</strong></span> <span class='ocrx_word' id='word_1_199' title='bbox 2671 1415 2901 1481; x_wconf 82' lang='lat' dir='ltr'><strong>ipsemet</strong></span> <span class='ocrx_word' id='word_1_200' title='bbox 2927 1415 3034 1468; x_wconf 87' lang='lat' dir='ltr'><strong>sibi</strong></span> <span class='ocrx_word' id='word_1_201' title='bbox 3057 1416 3158 1482; x_wconf 85' lang='lat' dir='ltr'><strong>ipsi</strong></span> <span class='ocrx_word' id='word_1_202' title='bbox 3183 1417 3498 1469; x_wconf 71' lang='lat' dir='ltr'><strong>wdiliravu.</strong></span> 
     </span>
    </p>
   </div>
   <div class='ocr_carea' id='block_1_31' title="bbox 1917 1500 3498 1572">
    <p class='ocr_par' dir='ltr' id='par_1_31' title="bbox 1917 1500 3498 1572">
     <span class='ocr_line' id='line_1_31' title="bbox 1917 1500 3498 1572; baseline 0.004 -20"><span class='ocrx_word' id='word_1_203' title='bbox 1917 1500 2100 1568; x_wconf 78' lang='lat' dir='ltr'><strong>Atque</strong></span> <span class='ocrx_word' id='word_1_204' title='bbox 2135 1501 2201 1554; x_wconf 81' lang='lat' dir='ltr'><strong>ad</strong></span> <span class='ocrx_word' id='word_1_205' title='bbox 2234 1501 2368 1555; x_wconf 90' lang='lat' dir='ltr'><strong>illud</strong></span> <span class='ocrx_word' id='word_1_206' title='bbox 2403 1503 2606 1556; x_wconf 81' lang='lat' dir='ltr'><strong>inertis</strong></span> <span class='ocrx_word' id='word_1_207' title='bbox 2641 1519 2862 1572; x_wconf 86' lang='lat' dir='ltr'><strong>quoque</strong></span> <span class='ocrx_word' id='word_1_208' title='bbox 2917 1519 3176 1558; x_wconf 84' lang='lat' dir='ltr'><strong>somnum</strong></span> <span class='ocrx_word' id='word_1_209' title='bbox 3228 1508 3498 1567; x_wconf 65' lang='lat' dir='ltr'><strong>referens,</strong></span> 
     </span>
    </p>
   </div>
   <div class='ocr_carea' id='block_1_32' title="bbox 1928 1596 3501 1664">
    <p class='ocr_par' dir='ltr' id='par_1_32' title="bbox 1928 1596 3501 1664">
     <span class='ocr_line' id='line_1_32' title="bbox 1928 1596 3501 1664; baseline 0.003 -18"><span class='ocrx_word' id='word_1_210' title='bbox 1928 1608 2092 1660; x_wconf 88' lang='lat' dir='ltr'><strong>quem</strong></span> <span class='ocrx_word' id='word_1_211' title='bbox 2149 1610 2250 1662; x_wconf 87' lang='lat' dir='ltr'><strong>pro</strong></span> <span class='ocrx_word' id='word_1_212' title='bbox 2289 1596 2452 1650; x_wconf 90' lang='lat' dir='ltr'><strong>nobis</strong></span> <span class='ocrx_word' id='word_1_213' title='bbox 2487 1607 2684 1664; x_wconf 84' lang='lat' dir='ltr'><strong>sponte</strong></span> <span class='ocrx_word' id='word_1_214' title='bbox 2735 1612 2833 1650; x_wconf 83' lang='lat' dir='ltr'><strong>sua</strong></span> <span class='ocrx_word' id='word_1_215' title='bbox 2869 1597 3062 1658; x_wconf 88' lang='lat' dir='ltr'><strong>subiit,</strong></span> <span class='ocrx_word' id='word_1_216' title='bbox 3093 1607 3150 1650; x_wconf 91' lang='lat' dir='ltr'><strong>ut</strong></span> <span class='ocrx_word' id='word_1_217' title='bbox 3182 1600 3341 1651; x_wconf 86' lang='lat' dir='ltr'><strong>nobis</strong></span> <span class='ocrx_word' id='word_1_218' title='bbox 3374 1598 3501 1651; x_wconf 90' lang='lat' dir='ltr'><strong>inde</strong></span> 
     </span>
    </p>
   </div>
   <div class='ocr_carea' id='block_1_33' title="bbox 1917 1685 3496 1754">
    <p class='ocr_par' dir='ltr' id='par_1_33' title="bbox 1917 1685 3496 1754">
     <span class='ocr_line' id='line_1_33' title="bbox 1917 1685 3496 1754; baseline 0.003 -18"><span class='ocrx_word' id='word_1_219' title='bbox 1917 1685 2029 1737; x_wconf 85' lang='lat' dir='ltr'><strong>vita</strong></span> <span class='ocrx_word' id='word_1_220' title='bbox 2070 1685 2386 1754; x_wconf 82' lang='lat' dir='ltr'><strong>proliueret,</strong></span> <span class='ocrx_word' id='word_1_221' title='bbox 2431 1702 2626 1754; x_wconf 88' lang='lat' dir='ltr'><strong>peros</strong></span> <span class='ocrx_word' id='word_1_222' title='bbox 2671 1685 2866 1750; x_wconf 81' lang='lat' dir='ltr'><strong>David,</strong></span> <span class='ocrx_word' id='word_1_223' title='bbox 2905 1697 2960 1740; x_wconf 89' lang='lat' dir='ltr'><strong>ut</strong></span> <span class='ocrx_word' id='word_1_224' title='bbox 2991 1691 3176 1754; x_wconf 87' lang='lat' dir='ltr'><strong>homo,</strong></span> <span class='ocrx_word' id='word_1_225' title='bbox 3219 1689 3496 1744; x_wconf 81' lang='lat' dir='ltr'><strong>disserit:</strong></span> 
     </span>
    </p>
   </div>
   <div class='ocr_carea' id='block_1_34' title="bbox 234 1769 1816 1852">
    <p class='ocr_par' dir='ltr' id='par_1_34' title="bbox 234 1776 1812 1852">
     <span class='ocr_line' id='line_1_34' title="bbox 234 1776 1812 1852; baseline 0.004 -22"><span class='ocrx_word' id='word_1_226' title='bbox 234 1777 387 1830; x_wconf 79' lang='grc' dir='ltr'><strong>ὠπου</strong></span> <span class='ocrx_word' id='word_1_227' title='bbox 430 1777 526 1830; x_wconf 82' lang='grc' dir='ltr'><strong>τοῦ</strong></span> <span class='ocrx_word' id='word_1_228' title='bbox 568 1776 701 1830; x_wconf 85' lang='grc' dir='ltr'><strong>Υἱοῦ</strong></span> <span class='ocrx_word' id='word_1_229' title='bbox 733 1777 868 1845; x_wconf 84' lang='grc' dir='ltr'><strong>πρὸς</strong></span> <span class='ocrx_word' id='word_1_230' title='bbox 911 1778 1000 1831; x_wconf 84' lang='grc' dir='ltr'><strong>τὸν</strong></span> <span class='ocrx_word' id='word_1_231' title='bbox 1030 1780 1248 1852; x_wconf 81' lang='grc' dir='ltr'><strong>Πατέρα</strong></span> <span class='ocrx_word' id='word_1_232' title='bbox 1269 1795 1283 1808; x_wconf 84' lang='grc'><strong>’</strong></span> <span class='ocrx_word' id='word_1_233' title='bbox 1319 1783 1440 1835; x_wconf 83' lang='grc' dir='ltr'><strong>Οὐκ</strong></span> <span class='ocrx_word' id='word_1_234' title='bbox 1465 1782 1812 1849; x_wconf 65' lang='grc' dir='ltr'><strong>ἐγκαταλεί-</strong></span> 
     </span>
    </p>
   </div>
   <div class='ocr_carea' id='block_1_35' title="bbox 1920 1769 3504 1852">
    <p class='ocr_par' dir='ltr' id='par_1_35' title="bbox 1924 1774 3504 1845">
     <span class='ocr_line' id='line_1_35' title="bbox 1924 1774 3504 1845; baseline 0.001 -17"><span class='ocrx_word' id='word_1_235' title='bbox 1924 1774 2052 1844; x_wconf 83' lang='lat' dir='ltr'><strong>Ego,</strong></span> <span class='ocrx_word' id='word_1_236' title='bbox 2093 1777 2372 1845; x_wconf 81' lang='lat' dir='ltr'><strong>inquiens,</strong></span> <span class='ocrx_word' id='word_1_237' title='bbox 2393 1778 2644 1840; x_wconf 83' lang='lat' dir='ltr'><strong>dormivi,</strong></span> <span class='ocrx_word' id='word_1_238' title='bbox 2673 1788 2721 1830; x_wconf 82' lang='lat' dir='ltr'><strong>ct</strong></span> <span class='ocrx_word' id='word_1_239' title='bbox 2755 1791 3034 1845; x_wconf 63' lang='grc' dir='ltr'><strong>θυμω-ιλιαδ</strong></span> <span class='ocrx_word' id='word_1_240' title='bbox 3059 1797 3200 1840; x_wconf 81' lang='lat' dir='ltr'><strong>sum,</strong></span> <span class='ocrx_word' id='word_1_241' title='bbox 3238 1791 3286 1834; x_wconf 81' lang='lat' dir='ltr'><strong>et</strong></span> <span class='ocrx_word' id='word_1_242' title='bbox 3311 1797 3504 1834; x_wconf 72' lang='lat' dir='ltr'><strong>exsur-</strong></span> 
     </span>
    </p>
   </div>
   <div class='ocr_carea' id='block_1_36' title="bbox 231 1869 1815 1941">
    <p class='ocr_par' dir='ltr' id='par_1_36' title="bbox 231 1869 1815 1941">
     <span class='ocr_line' id='line_1_36' title="bbox 231 1869 1815 1941; baseline -0.013 0"><span class='ocrx_word' id='word_1_243' title='bbox 231 1874 370 1941; x_wconf 65' lang='grc' dir='ltr'><strong>νει(</strong></span> <span class='ocrx_word' id='word_1_244' title='bbox 409 1871 526 1938; x_wconf 74' lang='grc' dir='ltr'><strong>τὴν</strong></span> <span class='ocrx_word' id='word_1_245' title='bbox 557 1869 769 1939; x_wconf 70' lang='grc' dir='ltr'><strong>ψυχήν</strong></span> <span class='ocrx_word' id='word_1_246' title='bbox 796 1889 916 1939; x_wconf 85' lang='grc' dir='ltr'><strong>μου</strong></span> <span class='ocrx_word' id='word_1_247' title='bbox 955 1873 1044 1935; x_wconf 81' lang='grc' dir='ltr'><strong>εὶς</strong></span> <span class='ocrx_word' id='word_1_248' title='bbox 1075 1869 1246 1937; x_wconf 83' lang='grc' dir='ltr'><strong>ᾅδου,</strong></span> <span class='ocrx_word' id='word_1_249' title='bbox 1293 1871 1434 1924; x_wconf 81' lang='grc' dir='ltr'><strong>οὐδὲ</strong></span> <span class='ocrx_word' id='word_1_250' title='bbox 1471 1871 1682 1936; x_wconf 79' lang='grc' dir='ltr'><strong>δώσεις</strong></span> <span class='ocrx_word' id='word_1_251' title='bbox 1708 1872 1815 1925; x_wconf 74' lang='grc' dir='ltr'><strong>τὸν</strong></span> 
     </span>
    </p>
   </div>
   <div class='ocr_carea' id='block_1_37' title="bbox 233 1959 1812 2030">
    <p class='ocr_par' dir='ltr' id='par_1_37' title="bbox 233 1959 1812 2030">
     <span class='ocr_line' id='line_1_37' title="bbox 233 1959 1812 2030; baseline 0.001 -14"><span class='ocrx_word' id='word_1_252' title='bbox 233 1961 411 2016; x_wconf 82' lang='grc' dir='ltr'><strong>ὅσιόν</strong></span> <span class='ocrx_word' id='word_1_253' title='bbox 453 1977 572 2016; x_wconf 91' lang='grc' dir='ltr'><strong>σου</strong></span> <span class='ocrx_word' id='word_1_254' title='bbox 631 1961 780 2015; x_wconf 82' lang='grc' dir='ltr'><strong>ίδεῒν</strong></span> <span class='ocrx_word' id='word_1_255' title='bbox 837 1959 1188 2030; x_wconf 64' lang='grc' dir='ltr'><strong>διαφθοράν.</strong></span> <span class='ocrx_word' id='word_1_256' title='bbox 1221 1961 1330 2014; x_wconf 78' lang='grc' dir='ltr'><strong>Καὶ</strong></span> <span class='ocrx_word' id='word_1_257' title='bbox 1383 1961 1560 2024; x_wconf 79' lang='grc' dir='ltr'><strong>αὖθις.</strong></span> <span class='ocrx_word' id='word_1_258' title='bbox 1615 1964 1812 2030; x_wconf 74' lang='grc' dir='ltr'><strong>Κύριε,</strong></span> 
     </span>
    </p>
   </div>
   <div class='ocr_carea' id='block_1_38' title="bbox 233 2050 1816 2122">
    <p class='ocr_par' dir='ltr' id='par_1_38' title="bbox 233 2050 1816 2122">
     <span class='ocr_line' id='line_1_38' title="bbox 233 2050 1816 2122; baseline 0.001 -16"><span class='ocrx_word' id='word_1_259' title='bbox 233 2051 533 2120; x_wconf 73' lang='grc' dir='ltr'><strong>ἀνήγαγες</strong></span> <span class='ocrx_word' id='word_1_260' title='bbox 552 2051 622 2116; x_wconf 80' lang='grc' dir='ltr'><strong>ἐξ</strong></span> <span class='ocrx_word' id='word_1_261' title='bbox 640 2050 789 2119; x_wconf 82' lang='grc' dir='ltr'><strong>ᾅδου</strong></span> <span class='ocrx_word' id='word_1_262' title='bbox 813 2052 929 2120; x_wconf 83' lang='grc' dir='ltr'><strong>τὴν</strong></span> <span class='ocrx_word' id='word_1_263' title='bbox 951 2051 1160 2122; x_wconf 64' lang='grc' dir='ltr'><strong>ψυχήν</strong></span> <span class='ocrx_word' id='word_1_264' title='bbox 1171 2071 1312 2122; x_wconf 81' lang='grc' dir='ltr'><strong>μου,</strong></span> <span class='ocrx_word' id='word_1_265' title='bbox 1339 2053 1578 2120; x_wconf 80' lang='grc' dir='ltr'><strong>ἐσωσάς</strong></span> <span class='ocrx_word' id='word_1_266' title='bbox 1596 2071 1672 2121; x_wconf 84' lang='grc' dir='ltr'><strong>με</strong></span> <span class='ocrx_word' id='word_1_267' title='bbox 1697 2054 1816 2108; x_wconf 76' lang='grc' dir='ltr'><strong>ἀπὸ</strong></span> 
     </span>
    </p>
   </div>
   <div class='ocr_carea' id='block_1_39' title="bbox 234 2144 1812 2216">
    <p class='ocr_par' dir='ltr' id='par_1_39' title="bbox 234 2144 1812 2216">
     <span class='ocr_line' id='line_1_39' title="bbox 234 2144 1812 2216; baseline 0 -18"><span class='ocrx_word' id='word_1_268' title='bbox 234 2145 356 2198; x_wconf 78' lang='grc' dir='ltr'><strong>τῶν</strong></span> <span class='ocrx_word' id='word_1_269' title='bbox 403 2144 885 2200; x_wconf 79' lang='grc' dir='ltr'><strong>καταϐαινόντων</strong></span> <span class='ocrx_word' id='word_1_270' title='bbox 937 2146 1027 2210; x_wconf 80' lang='grc' dir='ltr'><strong>εἰς</strong></span> <span class='ocrx_word' id='word_1_271' title='bbox 1071 2144 1322 2200; x_wconf 67' lang='grc' dir='ltr'><strong>λάκκον.</strong></span> <span class='ocrx_word' id='word_1_272' title='bbox 1360 2146 1509 2199; x_wconf 85' lang='grc' dir='ltr'><strong>Ἔδει</strong></span> <span class='ocrx_word' id='word_1_273' title='bbox 1556 2147 1666 2216; x_wconf 79' lang='grc' dir='ltr'><strong>γὰρ</strong></span> <span class='ocrx_word' id='word_1_274' title='bbox 1719 2146 1812 2199; x_wconf 78' lang='grc' dir='ltr'><strong>τοῦ</strong></span> 
     </span>
    </p>
   </div>
   <div class='ocr_carea' id='block_1_40' title="bbox 236 2233 1814 2306">
    <p class='ocr_par' dir='ltr' id='par_1_40' title="bbox 236 2233 1814 2306">
     <span class='ocr_line' id='line_1_40' title="bbox 236 2233 1814 2306; baseline 0.001 -18"><span class='ocrx_word' id='word_1_275' title='bbox 236 2233 370 2288; x_wconf 81' lang='grc' dir='ltr'><strong>Υῑοῦ</strong></span> <span class='ocrx_word' id='word_1_276' title='bbox 397 2233 496 2305; x_wconf 81' lang='grc' dir='ltr'><strong>τὴν</strong></span> <span class='ocrx_word' id='word_1_277' title='bbox 532 2233 628 2288; x_wconf 90' lang='grc' dir='ltr'><strong>τοῦ</strong></span> <span class='ocrx_word' id='word_1_278' title='bbox 663 2235 864 2288; x_wconf 85' lang='grc' dir='ltr'><strong>οίκείου</strong></span> <span class='ocrx_word' id='word_1_279' title='bbox 907 2234 1158 2305; x_wconf 84' lang='grc' dir='ltr'><strong>σώματος</strong></span> <span class='ocrx_word' id='word_1_280' title='bbox 1202 2236 1632 2306; x_wconf 82' lang='grc' dir='ltr'><strong>αὑτουργοῦντος</strong></span> <span class='ocrx_word' id='word_1_281' title='bbox 1680 2235 1814 2289; x_wconf 78' lang='grc' dir='ltr'><strong>ὀνά-</strong></span> 
     </span>
    </p>
   </div>
   <div class='ocr_carea' id='block_1_41' title="bbox 182 2325 1814 2402">
    <p class='ocr_par' dir='ltr' id='par_1_41' title="bbox 182 2325 1814 2402">
     <span class='ocr_line' id='line_1_41' title="bbox 182 2325 1814 2402; baseline 0 -22"><span class='ocrx_word' id='word_1_282' title='bbox 182 2393 192 2402; x_wconf 35' lang='grc' dir='ltr'>ι</span> <span class='ocrx_word' id='word_1_283' title='bbox 236 2343 448 2392; x_wconf 84' lang='grc' dir='ltr'><strong>στασιν,</strong></span> <span class='ocrx_word' id='word_1_284' title='bbox 473 2327 568 2379; x_wconf 77' lang='grc' dir='ltr'><strong>καὶ</strong></span> <span class='ocrx_word' id='word_1_285' title='bbox 591 2325 682 2378; x_wconf 79' lang='grc' dir='ltr'><strong>τὸν</strong></span> <span class='ocrx_word' id='word_1_286' title='bbox 717 2325 935 2395; x_wconf 79' lang='grc' dir='ltr'><strong>Πατέρα</strong></span> <span class='ocrx_word' id='word_1_287' title='bbox 965 2327 1226 2398; x_wconf 69' lang='grc' dir='ltr'><strong>συνεργὸν</strong></span> <span class='ocrx_word' id='word_1_288' title='bbox 1245 2327 1584 2394; x_wconf 75' lang='grc' dir='ltr'><strong>ἐκφανῆναι,</strong></span> <span class='ocrx_word' id='word_1_289' title='bbox 1613 2329 1688 2388; x_wconf 88' lang='grc' dir='ltr'><strong>ὼς</strong></span> <span class='ocrx_word' id='word_1_290' title='bbox 1715 2327 1814 2396; x_wconf 86' lang='grc' dir='ltr'><strong>τῆς</strong></span> 
     </span>
    </p>
   </div>
   <div class='ocr_carea' id='block_1_42' title="bbox 236 2417 1812 2489">
    <p class='ocr_par' dir='ltr' id='par_1_42' title="bbox 236 2417 1812 2489">
     <span class='ocr_line' id='line_1_42' title="bbox 236 2417 1812 2489; baseline -0.001 -18"><span class='ocrx_word' id='word_1_291' title='bbox 236 2417 407 2488; x_wconf 80' lang='grc' dir='ltr'><strong>αὐτῆς</strong></span> <span class='ocrx_word' id='word_1_292' title='bbox 438 2417 586 2486; x_wconf 83' lang='grc' dir='ltr'><strong>αὐτῷ</strong></span> <span class='ocrx_word' id='word_1_293' title='bbox 621 2417 896 2488; x_wconf 78' lang='grc' dir='ltr'><strong>πεφηνότα</strong></span> <span class='ocrx_word' id='word_1_294' title='bbox 938 2419 1033 2470; x_wconf 78' lang='grc' dir='ltr'><strong>καὶ</strong></span> <span class='ocrx_word' id='word_1_295' title='bbox 1075 2418 1290 2486; x_wconf 86' lang='grc' dir='ltr'><strong>φύσεως</strong></span> <span class='ocrx_word' id='word_1_296' title='bbox 1326 2419 1421 2472; x_wconf 72' lang='grc' dir='ltr'><strong>καὶ</strong></span> <span class='ocrx_word' id='word_1_297' title='bbox 1459 2419 1769 2489; x_wconf 84' lang='grc' dir='ltr'><strong>βουλήσεως</strong></span> <span class='ocrx_word' id='word_1_298' title='bbox 1796 2459 1812 2482; x_wconf 89' lang='grc'><strong>,</strong></span> 
     </span>
    </p>
   </div>
   <div class='ocr_carea' id='block_1_43' title="bbox 240 2509 1816 2582">
    <p class='ocr_par' dir='ltr' id='par_1_43' title="bbox 240 2509 1816 2582">
     <span class='ocr_line' id='line_1_43' title="bbox 240 2509 1816 2582; baseline 0 -18"><span class='ocrx_word' id='word_1_299' title='bbox 240 2512 328 2564; x_wconf 76' lang='grc' dir='ltr'><strong>ἵνα</strong></span> <span class='ocrx_word' id='word_1_300' title='bbox 358 2514 425 2582; x_wconf 81' lang='grc' dir='ltr'><strong>τῇ</strong></span> <span class='ocrx_word' id='word_1_301' title='bbox 457 2509 844 2580; x_wconf 65' lang='grc' dir='ltr'><strong>ταυτῶυνάμῳ</strong></span> <span class='ocrx_word' id='word_1_302' title='bbox 871 2509 1044 2580; x_wconf 80' lang='grc' dir='ltr'><strong>ταύτῃ</strong></span> <span class='ocrx_word' id='word_1_303' title='bbox 1071 2511 1193 2562; x_wconf 85' lang='grc' dir='ltr'><strong>κατ’</strong></span> <span class='ocrx_word' id='word_1_304' title='bbox 1239 2511 1524 2580; x_wconf 77' lang='grc' dir='ltr'><strong>ἐνέργειαν</strong></span> <span class='ocrx_word' id='word_1_305' title='bbox 1566 2513 1816 2582; x_wconf 75' lang='grc' dir='ltr'><strong>ὁμοπραο</strong></span> 
     </span>
    </p>
   </div>
   <div class='ocr_carea' id='block_1_44' title="bbox 239 2599 1352 2674">
    <p class='ocr_par' dir='ltr' id='par_1_44' title="bbox 239 2599 1352 2674">
     <span class='ocr_line' id='line_1_44' title="bbox 239 2599 1352 2674; baseline 0.003 -21"><span class='ocrx_word' id='word_1_306' title='bbox 239 2602 330 2674; x_wconf 75' lang='grc' dir='ltr'><strong>ξξᾳ</strong></span> <span class='ocrx_word' id='word_1_307' title='bbox 355 2603 416 2655; x_wconf 85' lang='grc' dir='ltr'><strong>τὸ</strong></span> <span class='ocrx_word' id='word_1_308' title='bbox 445 2599 693 2672; x_wconf 76' lang='grc' dir='ltr'><strong>συμφυὲς</strong></span> <span class='ocrx_word' id='word_1_309' title='bbox 714 2599 978 2654; x_wconf 80' lang='grc' dir='ltr'><strong>πάντοθεν</strong></span> <span class='ocrx_word' id='word_1_310' title='bbox 999 2599 1352 2670; x_wconf 78' lang='grc' dir='ltr'><strong>διασώζηται.</strong></span> 
     </span>
    </p>
   </div>
   <div class='ocr_carea' id='block_1_45' title="bbox 1922 1869 3502 1939">
    <p class='ocr_par' dir='ltr' id='par_1_45' title="bbox 1922 1869 3502 1939">
     <span class='ocr_line' id='line_1_45' title="bbox 1922 1869 3502 1939; baseline 0.003 -18"><span class='ocrx_word' id='word_1_311' title='bbox 1922 1870 2058 1928; x_wconf 75' lang='lat' dir='ltr'><strong>rexi,</strong></span> <span class='ocrx_word' id='word_1_312' title='bbox 2095 1871 2222 1938; x_wconf 83' lang='lat' dir='ltr'><strong>quia</strong></span> <span class='ocrx_word' id='word_1_313' title='bbox 2255 1869 2520 1922; x_wconf 79' lang='lat' dir='ltr'><strong>Dominus</strong></span> <span class='ocrx_word' id='word_1_314' title='bbox 2546 1871 2780 1939; x_wconf 76' lang='lat' dir='ltr'><strong>suscepit</strong></span> <span class='ocrx_word' id='word_1_315' title='bbox 2815 1889 2894 1924; x_wconf 80' lang='lat' dir='ltr'><strong>me</strong></span> <span class='ocrx_word' id='word_1_316' title='bbox 2926 1871 2970 1924; x_wconf 73' lang='grc' dir='ltr'><strong>ῐ.</strong></span> <span class='ocrx_word' id='word_1_317' title='bbox 3013 1873 3144 1925; x_wconf 84' lang='lat' dir='ltr'><strong>lllud</strong></span> <span class='ocrx_word' id='word_1_318' title='bbox 3182 1889 3334 1934; x_wconf 83' lang='lat' dir='ltr'><strong>vero,</strong></span> <span class='ocrx_word' id='word_1_319' title='bbox 3369 1873 3502 1936; x_wconf 72' lang='lat' dir='ltr'><strong>Quis</strong></span> 
     </span>
    </p>
   </div>
   <div class='ocr_carea' id='block_1_46' title="bbox 1921 1961 3504 2030">
    <p class='ocr_par' dir='ltr' id='par_1_46' title="bbox 1921 1961 3504 2030">
     <span class='ocr_line' id='line_1_46' title="bbox 1921 1961 3504 2030; baseline -0.004 -12"><span class='ocrx_word' id='word_1_320' title='bbox 1921 1963 2205 2018; x_wconf 72' lang='lat' dir='ltr'><strong>suscitabit</strong></span> <span class='ocrx_word' id='word_1_321' title='bbox 2240 1961 2405 2016; x_wconf 84' lang='lat' dir='ltr'><strong>eum?</strong></span> <span class='ocrx_word' id='word_1_322' title='bbox 2451 1962 2672 2016; x_wconf 75' lang='lat' dir='ltr'><strong>Patrem</strong></span> <span class='ocrx_word' id='word_1_323' title='bbox 2705 1969 2898 2030; x_wconf 81' lang='lat' dir='ltr'><strong>aperte</strong></span> <span class='ocrx_word' id='word_1_324' title='bbox 2922 1962 3190 2025; x_wconf 71' lang='lat' dir='ltr'><strong>declarat,</strong></span> <span class='ocrx_word' id='word_1_325' title='bbox 3225 1964 3318 2030; x_wconf 80' lang='lat' dir='ltr'><strong>qui</strong></span> <span class='ocrx_word' id='word_1_326' title='bbox 3364 1973 3504 2014; x_wconf 83' lang='lat' dir='ltr'><strong>ll’lll-</strong></span> 
     </span>
    </p>
   </div>
   <div class='ocr_carea' id='block_1_47' title="bbox 1923 2050 3504 2124">
    <p class='ocr_par' dir='ltr' id='par_1_47' title="bbox 1923 2050 3504 2124">
     <span class='ocr_line' id='line_1_47' title="bbox 1923 2050 3504 2124; baseline 0 -20"><span class='ocrx_word' id='word_1_327' title='bbox 1923 2055 2080 2124; x_wconf 87' lang='lat' dir='ltr'><strong>plum</strong></span> <span class='ocrx_word' id='word_1_328' title='bbox 2105 2051 2356 2122; x_wconf 90' lang='lat' dir='ltr'><strong>corporis</strong></span> <span class='ocrx_word' id='word_1_329' title='bbox 2380 2067 2504 2106; x_wconf 89' lang='lat' dir='ltr'><strong>cum</strong></span> <span class='ocrx_word' id='word_1_330' title='bbox 2541 2051 2654 2120; x_wconf 86' lang='lat' dir='ltr'><strong>ipso</strong></span> <span class='ocrx_word' id='word_1_331' title='bbox 2675 2050 2814 2104; x_wconf 82' lang='lat' dir='ltr'><strong>Filio</strong></span> <span class='ocrx_word' id='word_1_332' title='bbox 2843 2051 3103 2105; x_wconf 84' lang='lat' dir='ltr'><strong>aﬂlielum</strong></span> <span class='ocrx_word' id='word_1_333' title='bbox 3129 2054 3305 2106; x_wconf 80' lang='lat' dir='ltr'><strong>erexit</strong></span> <span class='ocrx_word' id='word_1_334' title='bbox 3335 2064 3504 2120; x_wconf 83' lang='lat' dir='ltr'><strong>alque</strong></span> 
     </span>
    </p>
   </div>
   <div class='ocr_carea' id='block_1_48' title="bbox 1919 2143 3500 2213">
    <p class='ocr_par' dir='ltr' id='par_1_48' title="bbox 1919 2143 3500 2213">
     <span class='ocr_line' id='line_1_48' title="bbox 1919 2143 3500 2213; baseline 0.001 -17"><span class='ocrx_word' id='word_1_335' title='bbox 1919 2145 2208 2209; x_wconf 70' lang='lat' dir='ltr'><strong>excitavit,</strong></span> <span class='ocrx_word' id='word_1_336' title='bbox 2259 2143 2417 2212; x_wconf 75' lang='lat' dir='ltr'><strong>juxta</strong></span> <span class='ocrx_word' id='word_1_337' title='bbox 2475 2158 2537 2195; x_wconf 85' lang='lat' dir='ltr'><strong>ea</strong></span> <span class='ocrx_word' id='word_1_338' title='bbox 2595 2159 2718 2210; x_wconf 72' lang='lat' dir='ltr'><strong>quae</strong></span> <span class='ocrx_word' id='word_1_339' title='bbox 2761 2143 2814 2196; x_wconf 89' lang='lat' dir='ltr'><strong>in</strong></span> <span class='ocrx_word' id='word_1_340' title='bbox 2870 2145 3107 2212; x_wconf 81' lang='lat' dir='ltr'><strong>psalmis</strong></span> <span class='ocrx_word' id='word_1_341' title='bbox 3139 2160 3202 2198; x_wconf 64' lang='lat' dir='ltr'><strong>es</strong></span> <span class='ocrx_word' id='word_1_342' title='bbox 3261 2161 3500 2213; x_wconf 80' lang='lat' dir='ltr'><strong>persona</strong></span> 
     </span>
    </p>
   </div>
   <div class='ocr_carea' id='block_1_49' title="bbox 1866 2235 3494 2304">
    <p class='ocr_par' dir='ltr' id='par_1_49' title="bbox 1866 2235 3494 2304">
     <span class='ocr_line' id='line_1_49' title="bbox 1866 2235 3494 2304; baseline -0.001 -14"><span class='ocrx_word' id='word_1_343' title='bbox 1866 2244 1881 2254; x_wconf 90' lang='lat'>&#39;</span> <span class='ocrx_word' id='word_1_344' title='bbox 1923 2237 2044 2290; x_wconf 80' lang='lat' dir='ltr'><strong>Filii</strong></span> <span class='ocrx_word' id='word_1_345' title='bbox 2072 2237 2290 2291; x_wconf 79' lang='lat' dir='ltr'><strong>Patrem</strong></span> <span class='ocrx_word' id='word_1_346' title='bbox 2316 2237 2656 2304; x_wconf 79' lang='lat' dir='ltr'><strong>alloquentis</strong></span> <span class='ocrx_word' id='word_1_347' title='bbox 2685 2235 2835 2290; x_wconf 87' lang='lat' dir='ltr'><strong>dicta</strong></span> <span class='ocrx_word' id='word_1_348' title='bbox 2877 2245 3012 2291; x_wconf 84' lang='lat' dir='ltr'><strong>sunt</strong></span> <span class='ocrx_word' id='word_1_349' title='bbox 3053 2255 3066 2290; x_wconf 92' lang='lat'><strong>:</strong></span> <span class='ocrx_word' id='word_1_350' title='bbox 3103 2235 3224 2290; x_wconf 84' lang='lat' dir='ltr'><strong>Non</strong></span> <span class='ocrx_word' id='word_1_351' title='bbox 3259 2236 3494 2290; x_wconf 63' lang='lat' dir='ltr'><strong>derelin-</strong></span> 
     </span>
    </p>
   </div>
   <div class='ocr_carea' id='block_1_50' title="bbox 1905 2325 3498 2396">
    <p class='ocr_par' dir='ltr' id='par_1_50' title="bbox 1905 2325 3498 2396">
     <span class='ocr_line' id='line_1_50' title="bbox 1905 2325 3498 2396; baseline -0.003 -14"><span class='ocrx_word' id='word_1_352' title='bbox 1905 2344 2044 2396; x_wconf 82' lang='lat' dir='ltr'><strong>.ques</strong></span> <span class='ocrx_word' id='word_1_353' title='bbox 2081 2329 2316 2379; x_wconf 79' lang='lat' dir='ltr'><strong>animum</strong></span> <span class='ocrx_word' id='word_1_354' title='bbox 2367 2343 2538 2379; x_wconf 86' lang='lat' dir='ltr'><strong>meum</strong></span> <span class='ocrx_word' id='word_1_355' title='bbox 2569 2328 2622 2378; x_wconf 84' lang='lat' dir='ltr'><strong>in</strong></span> <span class='ocrx_word' id='word_1_356' title='bbox 2649 2325 2884 2394; x_wconf 75' lang='lat' dir='ltr'><strong>inferno,</strong></span> <span class='ocrx_word' id='word_1_357' title='bbox 2915 2344 3012 2381; x_wconf 87' lang='lat' dir='ltr'><strong>nec</strong></span> <span class='ocrx_word' id='word_1_358' title='bbox 3039 2329 3198 2381; x_wconf 82' lang='lat' dir='ltr'><strong>dabis</strong></span> <span class='ocrx_word' id='word_1_359' title='bbox 3233 2327 3498 2381; x_wconf 84' lang='lat' dir='ltr'><strong>Sanctum</strong></span> 
     </span>
    </p>
   </div>
   <div class='ocr_carea' id='block_1_51' title="bbox 1924 2419 3503 2488">
    <p class='ocr_par' dir='ltr' id='par_1_51' title="bbox 1924 2419 3503 2488">
     <span class='ocr_line' id='line_1_51' title="bbox 1924 2419 3503 2488; baseline 0 -16"><span class='ocrx_word' id='word_1_360' title='bbox 1924 2429 2073 2472; x_wconf 82' lang='lat' dir='ltr'><strong>tuum</strong></span> <span class='ocrx_word' id='word_1_361' title='bbox 2098 2419 2274 2472; x_wconf 81' lang='lat' dir='ltr'><strong>videre</strong></span> <span class='ocrx_word' id='word_1_362' title='bbox 2309 2421 2716 2488; x_wconf 79' lang='lat' dir='ltr'><strong>corruptionem.</strong></span> <span class='ocrx_word' id='word_1_363' title='bbox 2740 2421 2787 2470; x_wconf 79' lang='grc' dir='ltr'><strong>ε.</strong></span> <span class='ocrx_word' id='word_1_364' title='bbox 2829 2421 2918 2472; x_wconf 79' lang='lat' dir='ltr'><strong>Et.</strong></span> <span class='ocrx_word' id='word_1_365' title='bbox 2957 2435 3158 2473; x_wconf 90' lang='lat' dir='ltr'><strong>rursus</strong></span> <span class='ocrx_word' id='word_1_366' title='bbox 3193 2438 3206 2473; x_wconf 87' lang='lat'><strong>:</strong></span> <span class='ocrx_word' id='word_1_367' title='bbox 3249 2419 3503 2472; x_wconf 66' lang='lat' dir='ltr'><strong>Eduxisti</strong></span> 
     </span>
    </p>
   </div>
   <div class='ocr_carea' id='block_1_52' title="bbox 1923 2509 3503 2578">
    <p class='ocr_par' dir='ltr' id='par_1_52' title="bbox 1923 2509 3503 2578">
     <span class='ocr_line' id='line_1_52' title="bbox 1923 2509 3503 2578; baseline 0.001 -16"><span class='ocrx_word' id='word_1_368' title='bbox 1923 2510 1988 2562; x_wconf 86' lang='lat' dir='ltr'><strong>ab</strong></span> <span class='ocrx_word' id='word_1_369' title='bbox 2025 2509 2230 2578; x_wconf 80' lang='lat' dir='ltr'><strong>inferno</strong></span> <span class='ocrx_word' id='word_1_370' title='bbox 2253 2510 2487 2562; x_wconf 81' lang='lat' dir='ltr'><strong>animant</strong></span> <span class='ocrx_word' id='word_1_371' title='bbox 2515 2526 2706 2571; x_wconf 82' lang='lat' dir='ltr'><strong>meam,</strong></span> <span class='ocrx_word' id='word_1_372' title='bbox 2738 2511 2957 2564; x_wconf 69' lang='lat' dir='ltr'><strong>salutati</strong></span> <span class='ocrx_word' id='word_1_373' title='bbox 3000 2528 3081 2565; x_wconf 81' lang='lat' dir='ltr'><strong>me</strong></span> <span class='ocrx_word' id='word_1_374' title='bbox 3110 2529 3143 2564; x_wconf 90' lang='lat' dir='ltr'><strong>a</strong></span> <span class='ocrx_word' id='word_1_375' title='bbox 3181 2511 3503 2566; x_wconf 77' lang='lat' dir='ltr'><strong>descenden-</strong></span> 
     </span>
    </p>
   </div>
   <div class='ocr_carea' id='block_1_53' title="bbox 1923 2597 3505 2670">
    <p class='ocr_par' dir='ltr' id='par_1_53' title="bbox 1923 2597 3505 2670">
     <span class='ocr_line' id='line_1_53' title="bbox 1923 2597 3505 2670; baseline 0.003 -18"><span class='ocrx_word' id='word_1_376' title='bbox 1923 2602 2062 2655; x_wconf 75' lang='lat' dir='ltr'><strong>tibus</strong></span> <span class='ocrx_word' id='word_1_377' title='bbox 2115 2603 2170 2654; x_wconf 83' lang='lat' dir='ltr'><strong>in</strong></span> <span class='ocrx_word' id='word_1_378' title='bbox 2227 2601 2401 2654; x_wconf 77' lang='lat' dir='ltr'><strong>larunt</strong></span> <span class='ocrx_word' id='word_1_379' title='bbox 2421 2601 2472 2655; x_wconf 60' lang='grc' dir='ltr'><strong>ιε.</strong></span> <span class='ocrx_word' id='word_1_380' title='bbox 2499 2597 2800 2670; x_wconf 61' lang='lat' dir='ltr'><strong>Oportebat</strong></span> <span class='ocrx_word' id='word_1_381' title='bbox 2839 2606 3014 2667; x_wconf 88' lang='lat' dir='ltr'><strong>enim,</strong></span> <span class='ocrx_word' id='word_1_382' title='bbox 3039 2605 3170 2658; x_wconf 86' lang='lat' dir='ltr'><strong>dum</strong></span> <span class='ocrx_word' id='word_1_383' title='bbox 3209 2605 3408 2669; x_wconf 81' lang='lat' dir='ltr'><strong>Filius,</strong></span> <span class='ocrx_word' id='word_1_384' title='bbox 3445 2615 3505 2657; x_wconf 84' lang='lat' dir='ltr'><strong>ut</strong></span> 
     </span>
    </p>
   </div>
   <div class='ocr_carea' id='block_1_54' title="bbox 237 2693 3508 2769">
    <p class='ocr_par' dir='ltr' id='par_1_54' title="bbox 237 2693 3508 2769">
     <span class='ocr_line' id='line_1_54' title="bbox 237 2693 3508 2769; baseline 0.001 -19"><span class='ocrx_word' id='word_1_385' title='bbox 237 2709 446 2764; x_wconf 88' lang='lat' dir='ltr'><strong>corpus</strong></span> <span class='ocrx_word' id='word_1_386' title='bbox 503 2710 666 2750; x_wconf 89' lang='lat' dir='ltr'><strong>suum</strong></span> <span class='ocrx_word' id='word_1_387' title='bbox 721 2693 789 2748; x_wconf 91' lang='lat' dir='ltr'><strong>ad</strong></span> <span class='ocrx_word' id='word_1_388' title='bbox 843 2695 1014 2749; x_wconf 84' lang='lat' dir='ltr'><strong>vitam</strong></span> <span class='ocrx_word' id='word_1_389' title='bbox 1047 2703 1426 2750; x_wconf 80' lang='lat' dir='ltr'><strong>reverteretur</strong></span> <span class='ocrx_word' id='word_1_390' title='bbox 1454 2696 1662 2751; x_wconf 88' lang='lat' dir='ltr'><strong>virtute</strong></span> <span class='ocrx_word' id='word_1_391' title='bbox 1708 2712 1811 2752; x_wconf 88' lang='lat' dir='ltr'><strong>sua</strong></span> <span class='ocrx_word' id='word_1_392' title='bbox 1853 2697 2144 2759; x_wconf 79' lang='lat' dir='ltr'><strong>efﬁciebat,</strong></span> <span class='ocrx_word' id='word_1_393' title='bbox 2179 2694 2396 2749; x_wconf 82' lang='lat' dir='ltr'><strong>Patrem</strong></span> <span class='ocrx_word' id='word_1_394' title='bbox 2460 2714 2702 2767; x_wconf 86' lang='lat' dir='ltr'><strong>quoque,</strong></span> <span class='ocrx_word' id='word_1_395' title='bbox 2754 2701 2846 2768; x_wconf 88' lang='lat' dir='ltr'><strong>qui</strong></span> <span class='ocrx_word' id='word_1_396' title='bbox 2891 2701 3142 2754; x_wconf 82' lang='lat' dir='ltr'><strong>eamdem</strong></span> <span class='ocrx_word' id='word_1_397' title='bbox 3215 2717 3340 2752; x_wconf 78' lang='lat' dir='ltr'><strong>cum</strong></span> <span class='ocrx_word' id='word_1_398' title='bbox 3383 2701 3508 2769; x_wconf 64' lang='lat' dir='ltr'><strong>ipso</strong></span> 
     </span>
    </p>
   </div>
   <div class='ocr_carea' id='block_1_55' title="bbox 242 2790 2046 2862">
    <p class='ocr_par' dir='ltr' id='par_1_55' title="bbox 242 2790 2046 2862">
     <span class='ocr_line' id='line_1_55' title="bbox 242 2790 2046 2862; baseline -0.002 -14"><span class='ocrx_word' id='word_1_399' title='bbox 242 2799 296 2848; x_wconf 72' lang='lat' dir='ltr'><strong>et</strong></span> <span class='ocrx_word' id='word_1_400' title='bbox 330 2801 583 2846; x_wconf 84' lang='lat' dir='ltr'><strong>naturam</strong></span> <span class='ocrx_word' id='word_1_401' title='bbox 625 2797 680 2844; x_wconf 87' lang='lat' dir='ltr'><strong>et</strong></span> <span class='ocrx_word' id='word_1_402' title='bbox 707 2790 1045 2846; x_wconf 84' lang='lat' dir='ltr'><strong>voluntatem</strong></span> <span class='ocrx_word' id='word_1_403' title='bbox 1105 2791 1291 2857; x_wconf 87' lang='lat' dir='ltr'><strong>habet,</strong></span> <span class='ocrx_word' id='word_1_404' title='bbox 1331 2793 1524 2862; x_wconf 88' lang='lat' dir='ltr'><strong>operis</strong></span> <span class='ocrx_word' id='word_1_405' title='bbox 1595 2809 1720 2846; x_wconf 87' lang='lat' dir='ltr'><strong>esse</strong></span> <span class='ocrx_word' id='word_1_406' title='bbox 1772 2793 1985 2846; x_wconf 82' lang='lat' dir='ltr'><strong>socium</strong></span> <span class='ocrx_word' id='word_1_407' title='bbox 2033 2809 2046 2844; x_wconf 90' lang='lat'>:</span> 
     </span>
    </p>
   </div>
   <div class='ocr_carea' id='block_1_56' title="bbox 2118 2791 3484 2867">
    <p class='ocr_par' dir='ltr' id='par_1_56' title="bbox 2118 2791 3484 2867">
     <span class='ocr_line' id='line_1_56' title="bbox 2118 2791 3484 2867; baseline 0.004 -24"><span class='ocrx_word' id='word_1_408' title='bbox 2118 2799 2176 2844; x_wconf 88' lang='grc' dir='ltr'><strong>ιιι</strong></span> <span class='ocrx_word' id='word_1_409' title='bbox 2244 2791 2492 2862; x_wconf 71' lang='lat' dir='ltr'><strong>eju~dem</strong></span> <span class='ocrx_word' id='word_1_410' title='bbox 2565 2797 2828 2862; x_wconf 70' lang='lat' dir='ltr'><strong>potentim</strong></span> <span class='ocrx_word' id='word_1_411' title='bbox 2868 2811 2992 2856; x_wconf 88' lang='lat' dir='ltr'><strong>usu,</strong></span> <span class='ocrx_word' id='word_1_412' title='bbox 3077 2797 3484 2867; x_wconf 76' lang='lat' dir='ltr'><strong>onmimodaqu.</strong></span> 
     </span>
    </p>
   </div>
   <div class='ocr_carea' id='block_1_57' title="bbox 239 2885 3310 2960">
    <p class='ocr_par' dir='ltr' id='par_1_57' title="bbox 239 2885 3310 2960">
     <span class='ocr_line' id='line_1_57' title="bbox 239 2885 3310 2960; baseline 0.001 -17"><span class='ocrx_word' id='word_1_413' title='bbox 239 2885 299 2943; x_wconf 83' lang='lat' dir='ltr'><strong>in</strong></span> <span class='ocrx_word' id='word_1_414' title='bbox 357 2886 626 2960; x_wconf 83' lang='lat' dir='ltr'><strong>operibus</strong></span> <span class='ocrx_word' id='word_1_415' title='bbox 653 2886 985 2957; x_wconf 83' lang='lat' dir='ltr'><strong>praestandis</strong></span> <span class='ocrx_word' id='word_1_416' title='bbox 1027 2887 1446 2953; x_wconf 87' lang='lat' dir='ltr'><strong>communione,</strong></span> <span class='ocrx_word' id='word_1_417' title='bbox 1475 2888 1642 2944; x_wconf 87' lang='lat' dir='ltr'><strong>unius</strong></span> <span class='ocrx_word' id='word_1_418' title='bbox 1664 2889 2030 2958; x_wconf 77' lang='lat' dir='ltr'><strong>ejusdemque</strong></span> <span class='ocrx_word' id='word_1_419' title='bbox 2065 2898 2280 2942; x_wconf 72' lang='lat' dir='ltr'><strong>natum</strong></span> <span class='ocrx_word' id='word_1_420' title='bbox 2311 2889 2554 2944; x_wconf 71' lang='lat' dir='ltr'><strong>societas</strong></span> <span class='ocrx_word' id='word_1_421' title='bbox 2589 2899 2906 2945; x_wconf 84' lang='lat' dir='ltr'><strong>servaretur</strong></span> <span class='ocrx_word' id='word_1_422' title='bbox 2931 2891 3228 2947; x_wconf 84' lang='lat' dir='ltr'><strong>incolumis</strong></span> <span class='ocrx_word' id='word_1_423' title='bbox 3300 2945 3310 2955; x_wconf 84' lang='grc'><strong>,</strong></span> 
     </span>
    </p>
   </div>
   <div class='ocr_carea' id='block_1_58' title="bbox 311 3048 1816 3122">
    <p class='ocr_par' dir='ltr' id='par_1_58' title="bbox 311 3048 1816 3120">
     <span class='ocr_line' id='line_1_58' title="bbox 311 3048 1816 3120; baseline 0.001 -18"><span class='ocrx_word' id='word_1_424' title='bbox 311 3049 457 3118; x_wconf 79' lang='grc' dir='ltr'><strong>Πρὸς</strong></span> <span class='ocrx_word' id='word_1_425' title='bbox 485 3048 544 3102; x_wconf 86' lang='grc' dir='ltr'><strong>δὲ</strong></span> <span class='ocrx_word' id='word_1_426' title='bbox 581 3049 649 3103; x_wconf 79' lang='grc' dir='ltr'><strong>τὰ</strong></span> <span class='ocrx_word' id='word_1_427' title='bbox 680 3049 809 3118; x_wconf 81' lang='grc' dir='ltr'><strong>ἑξῆς</strong></span> <span class='ocrx_word' id='word_1_428' title='bbox 852 3051 990 3104; x_wconf 77' lang='grc' dir='ltr'><strong>ιτέον</strong></span> <span class='ocrx_word' id='word_1_429' title='bbox 1012 3067 1027 3082; x_wconf 78' lang='grc' dir='ltr'><strong><em>ο</em></strong></span> <span class='ocrx_word' id='word_1_430' title='bbox 1063 3051 1186 3105; x_wconf 83' lang='grc' dir='ltr'><strong>Οὐκ</strong></span> <span class='ocrx_word' id='word_1_431' title='bbox 1219 3051 1490 3120; x_wconf 73' lang='grc' dir='ltr'><strong>ἐκλείψει</strong></span> <span class='ocrx_word' id='word_1_432' title='bbox 1519 3051 1724 3120; x_wconf 81' lang='grc' dir='ltr'><strong>ἅρχων</strong></span> <span class='ocrx_word' id='word_1_433' title='bbox 1750 3051 1816 3116; x_wconf 85' lang='grc' dir='ltr'><strong>ἐξ</strong></span> 
     </span>
    </p>
   </div>
   <div class='ocr_carea' id='block_1_59' title="bbox 1920 3048 3507 3122">
    <p class='ocr_par' dir='ltr' id='par_1_59' title="bbox 1997 3049 3507 3122">
     <span class='ocr_line' id='line_1_59' title="bbox 1997 3049 3507 3122; baseline 0 -18"><span class='ocrx_word' id='word_1_434' title='bbox 1997 3049 2104 3104; x_wconf 83' lang='lat' dir='ltr'><strong>Sed</strong></span> <span class='ocrx_word' id='word_1_435' title='bbox 2133 3050 2246 3120; x_wconf 85' lang='lat' dir='ltr'><strong>jam</strong></span> <span class='ocrx_word' id='word_1_436' title='bbox 2280 3051 2346 3104; x_wconf 86' lang='lat' dir='ltr'><strong>ad</strong></span> <span class='ocrx_word' id='word_1_437' title='bbox 2380 3068 2440 3104; x_wconf 85' lang='lat' dir='ltr'><strong>ea</strong></span> <span class='ocrx_word' id='word_1_438' title='bbox 2464 3067 2584 3116; x_wconf 76' lang='lat' dir='ltr'><strong>qum</strong></span> <span class='ocrx_word' id='word_1_439' title='bbox 2617 3062 2938 3120; x_wconf 86' lang='lat' dir='ltr'><strong>supersunt,</strong></span> <span class='ocrx_word' id='word_1_440' title='bbox 2970 3059 3053 3106; x_wconf 90' lang='lat' dir='ltr'><strong>est</strong></span> <span class='ocrx_word' id='word_1_441' title='bbox 3071 3052 3507 3122; x_wconf 82' lang='lat' dir='ltr'><strong>procedendum.</strong></span> 
     </span>
    </p>
   </div>
   <div class='ocr_carea' id='block_1_60' title="bbox 251 3140 1819 3212">
    <p class='ocr_par' dir='ltr' id='par_1_60' title="bbox 251 3140 1819 3212">
     <span class='ocr_line' id='line_1_60' title="bbox 251 3140 1819 3212; baseline 0 -15"><span class='ocrx_word' id='word_1_442' title='bbox 251 3140 469 3202; x_wconf 81' lang='grc' dir='ltr'><strong>Ἰούδα,</strong></span> <span class='ocrx_word' id='word_1_443' title='bbox 510 3142 606 3194; x_wconf 75' lang='grc' dir='ltr'><strong>καὶ</strong></span> <span class='ocrx_word' id='word_1_444' title='bbox 626 3141 960 3211; x_wconf 77' lang='grc' dir='ltr'><strong>ἡγούμενος</strong></span> <span class='ocrx_word' id='word_1_445' title='bbox 979 3143 1049 3196; x_wconf 86' lang='grc' dir='ltr'><strong>ἐκ</strong></span> <span class='ocrx_word' id='word_1_446' title='bbox 1081 3143 1203 3196; x_wconf 87' lang='grc' dir='ltr'><strong>τῶν</strong></span> <span class='ocrx_word' id='word_1_447' title='bbox 1225 3143 1432 3212; x_wconf 84' lang='grc' dir='ltr'><strong>μηρῶν</strong></span> <span class='ocrx_word' id='word_1_448' title='bbox 1461 3144 1670 3206; x_wconf 83' lang='grc' dir='ltr'><strong>αὐτοῦ.</strong></span> <span class='ocrx_word' id='word_1_449' title='bbox 1704 3144 1819 3210; x_wconf 76' lang='grc' dir='ltr'><strong>ἕως</strong></span> 
     </span>
    </p>
   </div>
   <div class='ocr_carea' id='block_1_61' title="bbox 236 3236 1815 3307">
    <p class='ocr_par' dir='ltr' id='par_1_61' title="bbox 236 3236 1815 3307">
     <span class='ocr_line' id='line_1_61' title="bbox 236 3236 1815 3307; baseline 0.001 -17"><span class='ocrx_word' id='word_1_450' title='bbox 236 3236 318 3290; x_wconf 79' lang='grc' dir='ltr'><strong>ἂν</strong></span> <span class='ocrx_word' id='word_1_451' title='bbox 341 3236 492 3304; x_wconf 77' lang='grc' dir='ltr'><strong>ἔλθῃ</strong></span> <span class='ocrx_word' id='word_1_452' title='bbox 514 3237 545 3290; x_wconf 81' lang='grc' dir='ltr'>ὃ</span> <span class='ocrx_word' id='word_1_453' title='bbox 561 3237 892 3300; x_wconf 76' lang='grc' dir='ltr'><strong>ἀπόκειται.</strong></span> <span class='ocrx_word' id='word_1_454' title='bbox 919 3237 1018 3292; x_wconf 77' lang='grc' dir='ltr'><strong>καὶ</strong></span> <span class='ocrx_word' id='word_1_455' title='bbox 1037 3239 1222 3305; x_wconf 83' lang='grc' dir='ltr'><strong>αὐτὸς</strong></span> <span class='ocrx_word' id='word_1_456' title='bbox 1245 3239 1580 3307; x_wconf 78' lang='grc' dir='ltr'><strong>προσδοκία</strong></span> <span class='ocrx_word' id='word_1_457' title='bbox 1602 3238 1815 3294; x_wconf 79' lang='grc' dir='ltr'><strong>ἐθνῶν.</strong></span> 
     </span>
    </p>
   </div>
   <div class='ocr_carea' id='block_1_62' title="bbox 236 3327 1819 3400">
    <p class='ocr_par' dir='ltr' id='par_1_62' title="bbox 236 3327 1819 3400">
     <span class='ocr_line' id='line_1_62' title="bbox 236 3327 1819 3400; baseline 0.001 -18"><span class='ocrx_word' id='word_1_458' title='bbox 236 3327 415 3382; x_wconf 76' lang='grc' dir='ltr'><strong>Βαϐαὶ</strong></span> <span class='ocrx_word' id='word_1_459' title='bbox 437 3329 541 3397; x_wconf 84' lang='grc' dir='ltr'><strong>τῆς</strong></span> <span class='ocrx_word' id='word_1_460' title='bbox 569 3327 961 3400; x_wconf 79' lang='grc' dir='ltr'><strong>προγνώσεωςι</strong></span> <span class='ocrx_word' id='word_1_461' title='bbox 987 3331 1064 3384; x_wconf 84' lang='grc' dir='ltr'><strong>Οὐ</strong></span> <span class='ocrx_word' id='word_1_462' title='bbox 1090 3329 1380 3400; x_wconf 82' lang='grc' dir='ltr'><strong>διεψεύσθη</strong></span> <span class='ocrx_word' id='word_1_463' title='bbox 1404 3330 1510 3385; x_wconf 89' lang='grc' dir='ltr'><strong>τῶν</strong></span> <span class='ocrx_word' id='word_1_464' title='bbox 1535 3331 1819 3400; x_wconf 78' lang='grc' dir='ltr'><strong>πεφασμέ-</strong></span> 
     </span>
    </p>
   </div>
   <div class='ocr_carea' id='block_1_63' title="bbox 237 3421 1819 3494">
    <p class='ocr_par' dir='ltr' id='par_1_63' title="bbox 237 3421 1819 3494">
     <span class='ocr_line' id='line_1_63' title="bbox 237 3421 1819 3494; baseline 0.001 -21"><span class='ocrx_word' id='word_1_465' title='bbox 237 3438 348 3474; x_wconf 89' lang='grc' dir='ltr'><strong>νων</strong></span> <span class='ocrx_word' id='word_1_466' title='bbox 384 3421 579 3494; x_wconf 47' lang='grc' dir='ltr'><strong>οὐδένζ</strong></span> <span class='ocrx_word' id='word_1_467' title='bbox 587 3421 864 3476; x_wconf 84' lang='grc' dir='ltr'><strong>Δέδεικται</strong></span> <span class='ocrx_word' id='word_1_468' title='bbox 891 3422 1000 3492; x_wconf 85' lang='grc' dir='ltr'><strong>γὰρ</strong></span> <span class='ocrx_word' id='word_1_469' title='bbox 1029 3423 1087 3474; x_wconf 82' lang='grc' dir='ltr'><strong>ἐν</strong></span> <span class='ocrx_word' id='word_1_470' title='bbox 1115 3425 1229 3487; x_wconf 85' lang='grc' dir='ltr'><strong>τοῖς</strong></span> <span class='ocrx_word' id='word_1_471' title='bbox 1254 3422 1586 3494; x_wconf 77' lang='grc' dir='ltr'><strong>ἔμπροσθεν,</strong></span> <span class='ocrx_word' id='word_1_472' title='bbox 1617 3423 1694 3487; x_wconf 86' lang='grc' dir='ltr'><strong>ὡς</strong></span> <span class='ocrx_word' id='word_1_473' title='bbox 1719 3439 1819 3476; x_wconf 86' lang='grc' dir='ltr'><strong>κυ-</strong></span> 
     </span>
    </p>
   </div>
   <div class='ocr_carea' id='block_1_64' title="bbox 239 3488 1819 3582">
    <p class='ocr_par' dir='ltr' id='par_1_64' title="bbox 239 3488 1819 3582">
     <span class='ocr_line' id='line_1_64' title="bbox 239 3488 1819 3582; baseline 0.001 -19"><span class='ocrx_word' id='word_1_474' title='bbox 239 3511 377 3580; x_wconf 78' lang='grc' dir='ltr'><strong>ρίως</strong></span> <span class='ocrx_word' id='word_1_475' title='bbox 405 3509 506 3580; x_wconf 84' lang='grc' dir='ltr'><strong>τῆς</strong></span> <span class='ocrx_word' id='word_1_476' title='bbox 533 3488 823 3581; x_wconf 64' lang='grc' dir='ltr'><strong>ἷαυῖδικῆς</strong></span> <span class='ocrx_word' id='word_1_477' title='bbox 860 3488 1062 3580; x_wconf 75' lang='grc' dir='ltr'><strong>ὀσφῦος</strong></span> <span class='ocrx_word' id='word_1_478' title='bbox 1095 3513 1129 3582; x_wconf 81' lang='grc' dir='ltr'><strong>ἡ</strong></span> <span class='ocrx_word' id='word_1_479' title='bbox 1173 3488 1451 3582; x_wconf 74' lang='grc' dir='ltr'><strong>Παρθένος</strong></span> <span class='ocrx_word' id='word_1_480' title='bbox 1491 3511 1677 3579; x_wconf 75' lang='grc' dir='ltr'><strong>ἐξέφυ.</strong></span> <span class='ocrx_word' id='word_1_481' title='bbox 1709 3507 1819 3576; x_wconf 84' lang='grc' dir='ltr'><strong>Ἦς</strong></span> 
     </span>
    </p>
   </div>
   <div class='ocr_carea' id='block_1_65' title="bbox 239 3599 1820 3674">
    <p class='ocr_par' dir='ltr' id='par_1_65' title="bbox 239 3599 1820 3674">
     <span class='ocr_line' id='line_1_65' title="bbox 239 3599 1820 3674; baseline 0.001 -20"><span class='ocrx_word' id='word_1_482' title='bbox 239 3600 472 3672; x_wconf 77' lang='grc' dir='ltr'><strong>βλαστὸς</strong></span> <span class='ocrx_word' id='word_1_483' title='bbox 498 3602 527 3654; x_wconf 80' lang='grc' dir='ltr'><strong>ὁ</strong></span> <span class='ocrx_word' id='word_1_484' title='bbox 554 3601 807 3672; x_wconf 78' lang='grc' dir='ltr'><strong>Χριστὸς,</strong></span> <span class='ocrx_word' id='word_1_485' title='bbox 834 3603 1132 3674; x_wconf 79' lang='grc' dir='ltr'><strong>ἡγούμενός</strong></span> <span class='ocrx_word' id='word_1_486' title='bbox 1170 3621 1230 3656; x_wconf 86' lang='grc' dir='ltr'><strong>τε</strong></span> <span class='ocrx_word' id='word_1_487' title='bbox 1265 3599 1333 3658; x_wconf 79' lang='grc' dir='ltr'><strong>αὖ</strong></span> <span class='ocrx_word' id='word_1_488' title='bbox 1363 3604 1456 3658; x_wconf 79' lang='grc' dir='ltr'><strong>καὶ</strong></span> <span class='ocrx_word' id='word_1_489' title='bbox 1485 3604 1698 3674; x_wconf 77' lang='grc' dir='ltr'><strong>ἄρχων,</strong></span> <span class='ocrx_word' id='word_1_490' title='bbox 1723 3604 1820 3657; x_wconf 78' lang='grc' dir='ltr'><strong>καὶ</strong></span> 
     </span>
    </p>
   </div>
   <div class='ocr_carea' id='block_1_66' title="bbox 236 3692 1818 3766">
    <p class='ocr_par' dir='ltr' id='par_1_66' title="bbox 236 3692 1818 3766">
     <span class='ocr_line' id='line_1_66' title="bbox 236 3692 1818 3766; baseline 0 -20"><span class='ocrx_word' id='word_1_491' title='bbox 236 3692 553 3760; x_wconf 76' lang='grc' dir='ltr'><strong>πνεύματα</strong></span> <span class='ocrx_word' id='word_1_492' title='bbox 577 3693 889 3761; x_wconf 80' lang='grc' dir='ltr'><strong>ἀρχόντων</strong></span> <span class='ocrx_word' id='word_1_493' title='bbox 927 3694 1388 3764; x_wconf 63' lang='grc' dir='ltr'><strong>ἀφαιρούμενος.</strong></span> <span class='ocrx_word' id='word_1_494' title='bbox 1425 3694 1525 3766; x_wconf 78' lang='grc' dir='ltr'><strong>Εῐη</strong></span> <span class='ocrx_word' id='word_1_495' title='bbox 1563 3693 1628 3748; x_wconf 84' lang='grc' dir='ltr'><strong>ἂν</strong></span> <span class='ocrx_word' id='word_1_496' title='bbox 1657 3695 1818 3757; x_wconf 73' lang='grc' dir='ltr'><strong>αὐτὸς</strong></span> 
     </span>
    </p>
   </div>
   <div class='ocr_carea' id='block_1_67' title="bbox 235 3779 1816 3852">
    <p class='ocr_par' dir='ltr' id='par_1_67' title="bbox 235 3779 1816 3852">
     <span class='ocr_line' id='line_1_67' title="bbox 235 3779 1816 3852; baseline 0.001 -16"><span class='ocrx_word' id='word_1_497' title='bbox 235 3782 316 3847; x_wconf 82' lang='grc' dir='ltr'><strong>ὡς</strong></span> <span class='ocrx_word' id='word_1_498' title='bbox 355 3781 656 3852; x_wconf 78' lang='grc' dir='ltr'><strong>βασιλεύων</strong></span> <span class='ocrx_word' id='word_1_499' title='bbox 683 3783 776 3836; x_wconf 73' lang='grc' dir='ltr'><strong>ἐπὶ</strong></span> <span class='ocrx_word' id='word_1_500' title='bbox 801 3783 894 3836; x_wconf 75' lang='grc' dir='ltr'><strong>τὸν</strong></span> <span class='ocrx_word' id='word_1_501' title='bbox 917 3779 1066 3837; x_wconf 76' lang='grc' dir='ltr'><strong>οἷκον</strong></span> <span class='ocrx_word' id='word_1_502' title='bbox 1101 3783 1296 3838; x_wconf 83' lang='grc' dir='ltr'><strong>Ἰακὼὸ</strong></span> <span class='ocrx_word' id='word_1_503' title='bbox 1324 3785 1405 3848; x_wconf 85' lang='grc' dir='ltr'><strong>είς</strong></span> <span class='ocrx_word' id='word_1_504' title='bbox 1433 3785 1562 3848; x_wconf 83' lang='grc' dir='ltr'><strong>τοὺς</strong></span> <span class='ocrx_word' id='word_1_505' title='bbox 1591 3785 1816 3850; x_wconf 75' lang='grc' dir='ltr'><strong>αἰῶνας,</strong></span> 
     </span>
    </p>
   </div>
   <div class='ocr_carea' id='block_1_68' title="bbox 233 3867 1818 3944">
    <p class='ocr_par' dir='ltr' id='par_1_68' title="bbox 233 3867 1818 3944">
     <span class='ocr_line' id='line_1_68' title="bbox 233 3867 1818 3944; baseline -0.001 -16"><span class='ocrx_word' id='word_1_506' title='bbox 233 3872 336 3928; x_wconf 70' lang='grc' dir='ltr'><strong>καὶ</strong></span> <span class='ocrx_word' id='word_1_507' title='bbox 366 3871 468 3941; x_wconf 86' lang='grc' dir='ltr'><strong>τῆς</strong></span> <span class='ocrx_word' id='word_1_508' title='bbox 499 3867 776 3942; x_wconf 75' lang='grc' dir='ltr'><strong>βασιλείας</strong></span> <span class='ocrx_word' id='word_1_509' title='bbox 806 3873 978 3942; x_wconf 78' lang='grc' dir='ltr'><strong>πέρας</strong></span> <span class='ocrx_word' id='word_1_510' title='bbox 1006 3873 1106 3927; x_wconf 76' lang='grc' dir='ltr'><strong>οὐκ</strong></span> <span class='ocrx_word' id='word_1_511' title='bbox 1132 3872 1535 3942; x_wconf 80' lang='grc' dir='ltr'><strong>είσδεξάμενος.</strong></span> <span class='ocrx_word' id='word_1_512' title='bbox 1569 3873 1818 3944; x_wconf 84' lang='grc' dir='ltr'><strong>Προκαθ-</strong></span> 
     </span>
    </p>
   </div>
   <div class='ocr_carea' id='block_1_69' title="bbox 232 3961 1818 4036">
    <p class='ocr_par' dir='ltr' id='par_1_69' title="bbox 232 3961 1818 4036">
     <span class='ocr_line' id='line_1_69' title="bbox 232 3961 1818 4036; baseline 0.001 -20"><span class='ocrx_word' id='word_1_513' title='bbox 232 3961 412 4034; x_wconf 78' lang='grc' dir='ltr'><strong>ᾐρητο</strong></span> <span class='ocrx_word' id='word_1_514' title='bbox 445 3964 542 4033; x_wconf 88' lang='grc' dir='ltr'><strong>μὲν</strong></span> <span class='ocrx_word' id='word_1_515' title='bbox 579 3963 688 4034; x_wconf 79' lang='grc' dir='ltr'><strong>γὰρ</strong></span> <span class='ocrx_word' id='word_1_516' title='bbox 727 3966 760 4034; x_wconf 83' lang='grc' dir='ltr'>ἡ</span> <span class='ocrx_word' id='word_1_517' title='bbox 802 3962 910 4017; x_wconf 88' lang='grc' dir='ltr'><strong>τῶν</strong></span> <span class='ocrx_word' id='word_1_518' title='bbox 953 3963 1218 4018; x_wconf 85' lang='grc' dir='ltr'><strong>Ἰουδαίων</strong></span> <span class='ocrx_word' id='word_1_519' title='bbox 1259 3963 1524 4035; x_wconf 81' lang='grc' dir='ltr'><strong>βασιλεία,</strong></span> <span class='ocrx_word' id='word_1_520' title='bbox 1572 3967 1668 4019; x_wconf 80' lang='grc' dir='ltr'><strong>καὶ</strong></span> <span class='ocrx_word' id='word_1_521' title='bbox 1710 3965 1818 4036; x_wconf 78' lang='grc' dir='ltr'><strong>προ</strong></span> 
     </span>
    </p>
   </div>
   <div class='ocr_carea' id='block_1_70' title="bbox 231 4055 1818 4128">
    <p class='ocr_par' dir='ltr' id='par_1_70' title="bbox 231 4055 1818 4128">
     <span class='ocr_line' id='line_1_70' title="bbox 231 4055 1818 4128; baseline 0.001 -19"><span class='ocrx_word' id='word_1_522' title='bbox 231 4057 338 4127; x_wconf 81' lang='grc' dir='ltr'><strong>τῆς</strong></span> <span class='ocrx_word' id='word_1_523' title='bbox 355 4055 593 4126; x_wconf 82' lang='grc' dir='ltr'><strong>Χριστοῦ</strong></span> <span class='ocrx_word' id='word_1_524' title='bbox 607 4055 931 4126; x_wconf 84' lang='grc' dir='ltr'><strong>παρουσίας·</strong></span> <span class='ocrx_word' id='word_1_525' title='bbox 961 4056 1071 4116; x_wconf 77' lang='grc' dir='ltr'><strong>ναὶ,</strong></span> <span class='ocrx_word' id='word_1_526' title='bbox 1096 4057 1381 4128; x_wconf 84' lang='grc' dir='ltr'><strong>προδήλως</strong></span> <span class='ocrx_word' id='word_1_527' title='bbox 1411 4060 1818 4128; x_wconf 78' lang='grc' dir='ltr'><strong>περιγραφεῖσα</strong></span> 
     </span>
    </p>
   </div>
   <div class='ocr_carea' id='block_1_71' title="bbox 237 4145 1817 4218">
    <p class='ocr_par' dir='ltr' id='par_1_71' title="bbox 237 4145 1817 4218">
     <span class='ocr_line' id='line_1_71' title="bbox 237 4145 1817 4218; baseline 0 -18"><span class='ocrx_word' id='word_1_528' title='bbox 237 4151 405 4218; x_wconf 80' lang='grc' dir='ltr'><strong>μέχρι</strong></span> <span class='ocrx_word' id='word_1_529' title='bbox 436 4145 546 4200; x_wconf 89' lang='grc' dir='ltr'><strong>τῶν</strong></span> <span class='ocrx_word' id='word_1_530' title='bbox 594 4147 842 4218; x_wconf 80' lang='grc' dir='ltr'><strong>Ἰεχονίου</strong></span> <span class='ocrx_word' id='word_1_531' title='bbox 880 4147 1086 4218; x_wconf 80' lang='grc' dir='ltr'><strong>χρόνων</strong></span> <span class='ocrx_word' id='word_1_532' title='bbox 1105 4186 1121 4209; x_wconf 90' lang='grc'><strong>,</strong></span> <span class='ocrx_word' id='word_1_533' title='bbox 1149 4147 1243 4200; x_wconf 80' lang='grc' dir='ltr'><strong>καὶ</strong></span> <span class='ocrx_word' id='word_1_534' title='bbox 1275 4145 1374 4216; x_wconf 85' lang='grc' dir='ltr'><strong>τῆς</strong></span> <span class='ocrx_word' id='word_1_535' title='bbox 1412 4149 1493 4210; x_wconf 88' lang='grc' dir='ltr'><strong>εἰς</strong></span> <span class='ocrx_word' id='word_1_536' title='bbox 1525 4146 1817 4200; x_wconf 77' lang='grc' dir='ltr'><strong>Βαϐυλῶνα</strong></span> 
     </span>
    </p>
   </div>
   <div class='ocr_carea' id='block_1_72' title="bbox 235 4235 1812 4308">
    <p class='ocr_par' dir='ltr' id='par_1_72' title="bbox 235 4235 1812 4308">
     <span class='ocr_line' id='line_1_72' title="bbox 235 4235 1812 4308; baseline -0.001 -16"><span class='ocrx_word' id='word_1_537' title='bbox 235 4237 578 4308; x_wconf 81' lang='grc' dir='ltr'><strong>πικροτάτης</strong></span> <span class='ocrx_word' id='word_1_538' title='bbox 599 4237 924 4306; x_wconf 82' lang='grc' dir='ltr'><strong>ἀπαγωγῆς.</strong></span> <span class='ocrx_word' id='word_1_539' title='bbox 965 4235 1040 4290; x_wconf 82' lang='grc' dir='ltr'><strong>Οὐ</strong></span> <span class='ocrx_word' id='word_1_540' title='bbox 1078 4237 1185 4308; x_wconf 76' lang='grc' dir='ltr'><strong>μὴν</strong></span> <span class='ocrx_word' id='word_1_541' title='bbox 1213 4236 1269 4290; x_wconf 80' lang='grc' dir='ltr'><strong>δὲ</strong></span> <span class='ocrx_word' id='word_1_542' title='bbox 1313 4236 1525 4290; x_wconf 77' lang='grc' dir='ltr'><strong>ἐνέλιπε</strong></span> <span class='ocrx_word' id='word_1_543' title='bbox 1553 4237 1610 4290; x_wconf 83' lang='grc' dir='ltr'><strong>τὸ</strong></span> <span class='ocrx_word' id='word_1_544' title='bbox 1633 4237 1812 4305; x_wconf 80' lang='grc' dir='ltr'><strong>γένος.</strong></span> 
     </span>
    </p>
   </div>
   <div class='ocr_carea' id='block_1_73' title="bbox 231 4325 1816 4398">
    <p class='ocr_par' dir='ltr' id='par_1_73' title="bbox 231 4325 1816 4398">
     <span class='ocr_line' id='line_1_73' title="bbox 231 4325 1816 4398; baseline -0.001 -17"><span class='ocrx_word' id='word_1_545' title='bbox 231 4327 344 4392; x_wconf 73' lang='grc' dir='ltr'><strong>ἓως</strong></span> <span class='ocrx_word' id='word_1_546' title='bbox 373 4325 614 4397; x_wconf 85' lang='grc' dir='ltr'><strong>Χριστοῦ</strong></span> <span class='ocrx_word' id='word_1_547' title='bbox 651 4326 963 4398; x_wconf 81' lang='grc' dir='ltr'><strong>τιμώμενόν</strong></span> <span class='ocrx_word' id='word_1_548' title='bbox 998 4344 1057 4380; x_wconf 86' lang='grc' dir='ltr'><strong>τε</strong></span> <span class='ocrx_word' id='word_1_549' title='bbox 1096 4328 1191 4380; x_wconf 71' lang='grc' dir='ltr'><strong>καὶ</strong></span> <span class='ocrx_word' id='word_1_550' title='bbox 1233 4327 1670 4398; x_wconf 81' lang='grc' dir='ltr'><strong>περιδεχόμενον,</strong></span> <span class='ocrx_word' id='word_1_551' title='bbox 1725 4329 1816 4381; x_wconf 72' lang='grc' dir='ltr'><strong>καὶ</strong></span> 
     </span>
    </p>
   </div>
   <div class='ocr_carea' id='block_1_74' title="bbox 1929 3139 3506 3210">
    <p class='ocr_par' dir='ltr' id='par_1_74' title="bbox 1929 3139 3506 3210">
     <span class='ocr_line' id='line_1_74' title="bbox 1929 3139 3506 3210; baseline 0.003 -16"><span class='ocrx_word' id='word_1_552' title='bbox 1929 3139 2054 3194; x_wconf 85' lang='lat' dir='ltr'><strong>Non</strong></span> <span class='ocrx_word' id='word_1_553' title='bbox 2084 3140 2364 3208; x_wconf 74' lang='lat' dir='ltr'><strong>auferetur</strong></span> <span class='ocrx_word' id='word_1_554' title='bbox 2429 3149 2697 3208; x_wconf 77' lang='lat' dir='ltr'><strong>sceptrum</strong></span> <span class='ocrx_word' id='word_1_555' title='bbox 2721 3143 2786 3194; x_wconf 80' lang='lat' dir='ltr'><strong>de</strong></span> <span class='ocrx_word' id='word_1_556' title='bbox 2820 3139 2988 3205; x_wconf 84' lang='lat' dir='ltr'><strong>Juda,</strong></span> <span class='ocrx_word' id='word_1_557' title='bbox 3031 3151 3082 3194; x_wconf 81' lang='lat' dir='ltr'><strong>et</strong></span> <span class='ocrx_word' id='word_1_558' title='bbox 3109 3144 3220 3194; x_wconf 77' lang='lat' dir='ltr'><strong>dua:</strong></span> <span class='ocrx_word' id='word_1_559' title='bbox 3243 3141 3308 3195; x_wconf 85' lang='lat' dir='ltr'><strong>de</strong></span> <span class='ocrx_word' id='word_1_560' title='bbox 3337 3145 3506 3210; x_wconf 76' lang='lat' dir='ltr'><strong>[euic-</strong></span> 
     </span>
    </p>
   </div>
   <div class='ocr_carea' id='block_1_75' title="bbox 1926 3229 3508 3304">
    <p class='ocr_par' dir='ltr' id='par_1_75' title="bbox 1926 3229 3508 3304">
     <span class='ocr_line' id='line_1_75' title="bbox 1926 3229 3508 3304; baseline 0.006 -24"><span class='ocrx_word' id='word_1_561' title='bbox 1926 3245 1982 3284; x_wconf 83' lang='lat' dir='ltr'><strong>rc</strong></span> <span class='ocrx_word' id='word_1_562' title='bbox 2046 3229 2180 3298; x_wconf 78' lang='lat' dir='ltr'><strong>ejus,</strong></span> <span class='ocrx_word' id='word_1_563' title='bbox 2222 3229 2388 3283; x_wconf 83' lang='lat' dir='ltr'><strong>donec</strong></span> <span class='ocrx_word' id='word_1_564' title='bbox 2432 3233 2606 3284; x_wconf 78' lang='lat' dir='ltr'><strong>veniat</strong></span> <span class='ocrx_word' id='word_1_565' title='bbox 2664 3232 2756 3300; x_wconf 84' lang='lat' dir='ltr'><strong>qui</strong></span> <span class='ocrx_word' id='word_1_566' title='bbox 2804 3231 3096 3286; x_wconf 76' lang='lat' dir='ltr'><strong>mittendus</strong></span> <span class='ocrx_word' id='word_1_567' title='bbox 3129 3243 3210 3286; x_wconf 74' lang='lat' dir='ltr'><strong>est</strong></span> <span class='ocrx_word' id='word_1_568' title='bbox 3239 3251 3259 3299; x_wconf 91' lang='lat'><em>;</em></span> <span class='ocrx_word' id='word_1_569' title='bbox 3313 3245 3364 3288; x_wconf 84' lang='lat' dir='ltr'><strong>et</strong></span> <span class='ocrx_word' id='word_1_570' title='bbox 3397 3237 3508 3304; x_wconf 70' lang='lat' dir='ltr'><strong>ipse</strong></span> 
     </span>
    </p>
   </div>
   <div class='ocr_carea' id='block_1_76' title="bbox 1923 3313 3506 3394">
    <p class='ocr_par' dir='ltr' id='par_1_76' title="bbox 1923 3313 3506 3394">
     <span class='ocr_line' id='line_1_76' title="bbox 1923 3313 3506 3394; baseline 0 -18"><span class='ocrx_word' id='word_1_571' title='bbox 1923 3321 2028 3376; x_wconf 84' lang='lat' dir='ltr'><strong>erit</strong></span> <span class='ocrx_word' id='word_1_572' title='bbox 2064 3313 2389 3388; x_wconf 73' lang='lat' dir='ltr'><strong>exspectatio</strong></span> <span class='ocrx_word' id='word_1_573' title='bbox 2413 3322 2666 3392; x_wconf 81' lang='lat' dir='ltr'><strong>&#39;gentium</strong></span> <span class='ocrx_word' id='word_1_574' title='bbox 2696 3323 2738 3375; x_wconf 81' lang='grc' dir='ltr'><strong>ί.</strong></span> <span class='ocrx_word' id='word_1_575' title='bbox 2771 3321 2915 3378; x_wconf 68' lang='lat' dir='ltr'><strong>Proh</strong></span> <span class='ocrx_word' id='word_1_576' title='bbox 2950 3325 3168 3394; x_wconf 81' lang='lat' dir='ltr'><strong>insigne</strong></span> <span class='ocrx_word' id='word_1_577' title='bbox 3200 3336 3368 3394; x_wconf 79' lang='lat' dir='ltr'><strong>atque</strong></span> <span class='ocrx_word' id='word_1_578' title='bbox 3401 3327 3506 3378; x_wconf 79' lang='lat' dir='ltr'><strong>im-</strong></span> 
     </span>
    </p>
   </div>
   <div class='ocr_carea' id='block_1_77' title="bbox 1925 3407 3506 3481">
    <p class='ocr_par' dir='ltr' id='par_1_77' title="bbox 1925 3407 3506 3481">
     <span class='ocr_line' id='line_1_77' title="bbox 1925 3407 3506 3481; baseline 0.001 -17"><span class='ocrx_word' id='word_1_579' title='bbox 1925 3410 2158 3464; x_wconf 74' lang='lat' dir='ltr'><strong>mortale</strong></span> <span class='ocrx_word' id='word_1_580' title='bbox 2204 3409 2572 3479; x_wconf 69' lang='lat' dir='ltr'><strong>praesagium!</strong></span> <span class='ocrx_word' id='word_1_581' title='bbox 2621 3407 2842 3464; x_wconf 86' lang='lat' dir='ltr'><strong>Nullam</strong></span> <span class='ocrx_word' id='word_1_582' title='bbox 2899 3428 3006 3465; x_wconf 88' lang='lat' dir='ltr'><strong>non</strong></span> <span class='ocrx_word' id='word_1_583' title='bbox 3055 3421 3264 3481; x_wconf 88' lang='lat' dir='ltr'><strong>partem</strong></span> <span class='ocrx_word' id='word_1_584' title='bbox 3311 3430 3506 3469; x_wconf 87' lang='lat' dir='ltr'><strong>eorum</strong></span> 
     </span>
    </p>
   </div>
   <div class='ocr_carea' id='block_1_78' title="bbox 1925 3492 3505 3570">
    <p class='ocr_par' dir='ltr' id='par_1_78' title="bbox 1925 3492 3505 3570">
     <span class='ocr_line' id='line_1_78' title="bbox 1925 3492 3505 3570; baseline 0.003 -16"><span class='ocrx_word' id='word_1_585' title='bbox 1925 3515 2048 3568; x_wconf 65' lang='lat' dir='ltr'><strong>quae</strong></span> <span class='ocrx_word' id='word_1_586' title='bbox 2084 3509 2238 3554; x_wconf 83' lang='lat' dir='ltr'><strong>vates</strong></span> <span class='ocrx_word' id='word_1_587' title='bbox 2262 3492 2950 3570; x_wconf 34' lang='lat' dir='ltr'><strong>praedixit,&#39;comprobavit</strong></span> <span class='ocrx_word' id='word_1_588' title='bbox 2975 3512 3230 3558; x_wconf 78' lang='lat' dir='ltr'><strong>eventus.</strong></span> <span class='ocrx_word' id='word_1_589' title='bbox 3267 3503 3505 3559; x_wconf 81' lang='lat' dir='ltr'><strong>Demon-</strong></span> 
     </span>
    </p>
   </div>
   <div class='ocr_carea' id='block_1_79' title="bbox 1926 3591 3494 3662">
    <p class='ocr_par' dir='ltr' id='par_1_79' title="bbox 1926 3591 3494 3662">
     <span class='ocr_line' id='line_1_79' title="bbox 1926 3591 3494 3662; baseline 0.002 -16"><span class='ocrx_word' id='word_1_590' title='bbox 1926 3593 2227 3646; x_wconf 85' lang='lat' dir='ltr'><strong>stravimus</strong></span> <span class='ocrx_word' id='word_1_591' title='bbox 2247 3594 2392 3647; x_wconf 84' lang='lat' dir='ltr'><strong>enim</strong></span> <span class='ocrx_word' id='word_1_592' title='bbox 2413 3591 2702 3662; x_wconf 85' lang='lat' dir='ltr'><strong>hucusque</strong></span> <span class='ocrx_word' id='word_1_593' title='bbox 2731 3593 2897 3646; x_wconf 83' lang='lat' dir='ltr'><strong>dictis</strong></span> <span class='ocrx_word' id='word_1_594' title='bbox 2925 3607 2957 3648; x_wconf 89' lang='lat' dir='ltr'><strong>e</strong></span> <span class='ocrx_word' id='word_1_595' title='bbox 2985 3593 3267 3650; x_wconf 81' lang='lat' dir='ltr'><strong>Davidieis</strong></span> <span class='ocrx_word' id='word_1_596' title='bbox 3297 3597 3494 3650; x_wconf 89' lang='lat' dir='ltr'><strong>lumbis</strong></span> 
     </span>
    </p>
   </div>
   <div class='ocr_carea' id='block_1_80' title="bbox 1927 3683 3507 3758">
    <p class='ocr_par' dir='ltr' id='par_1_80' title="bbox 1927 3683 3507 3758">
     <span class='ocr_line' id='line_1_80' title="bbox 1927 3683 3507 3758; baseline 0.002 -21"><span class='ocrx_word' id='word_1_597' title='bbox 1927 3683 2210 3756; x_wconf 77' lang='lat' dir='ltr'><strong>Virginem</strong></span> <span class='ocrx_word' id='word_1_598' title='bbox 2249 3694 2467 3740; x_wconf 78' lang='lat' dir='ltr'><strong>enatam</strong></span> <span class='ocrx_word' id='word_1_599' title='bbox 2526 3701 2675 3741; x_wconf 87' lang='lat' dir='ltr'><strong>esse.</strong></span> <span class='ocrx_word' id='word_1_600' title='bbox 2739 3686 2917 3755; x_wconf 85' lang='lat' dir='ltr'><strong>Cujus</strong></span> <span class='ocrx_word' id='word_1_601' title='bbox 2969 3703 3194 3758; x_wconf 83' lang='lat' dir='ltr'><strong>germen</strong></span> <span class='ocrx_word' id='word_1_602' title='bbox 3247 3689 3507 3744; x_wconf 82' lang='lat' dir='ltr'><strong>Christus</strong></span> 
     </span>
    </p>
   </div>
   <div class='ocr_carea' id='block_1_81' title="bbox 1908 3776 3506 3855">
    <p class='ocr_par' dir='ltr' id='par_1_81' title="bbox 1908 3776 3506 3855">
     <span class='ocr_line' id='line_1_81' title="bbox 1908 3776 3506 3855; baseline 0.003 -27"><span class='ocrx_word' id='word_1_603' title='bbox 1908 3784 2032 3838; x_wconf 73' lang='lat' dir='ltr'><strong>&#39;est,</strong></span> <span class='ocrx_word' id='word_1_604' title='bbox 2058 3776 2169 3830; x_wconf 76' lang='lat' dir='ltr'><strong>dux</strong></span> <span class='ocrx_word' id='word_1_605' title='bbox 2225 3776 2390 3832; x_wconf 86' lang='lat' dir='ltr'><strong>simul</strong></span> <span class='ocrx_word' id='word_1_606' title='bbox 2415 3786 2468 3830; x_wconf 92' lang='lat' dir='ltr'><strong>et</strong></span> <span class='ocrx_word' id='word_1_607' title='bbox 2494 3777 2776 3846; x_wconf 89' lang='lat' dir='ltr'><strong>princeps,</strong></span> <span class='ocrx_word' id='word_1_608' title='bbox 2807 3781 3158 3855; x_wconf 66' lang='lat' dir='ltr'><strong>et,apiritum</strong></span> <span class='ocrx_word' id='word_1_609' title='bbox 3205 3780 3506 3848; x_wconf 80' lang='lat' dir='ltr'><strong>principum</strong></span> 
     </span>
    </p>
   </div>
   <div class='ocr_carea' id='block_1_82' title="bbox 1925 3866 3509 3937">
    <p class='ocr_par' dir='ltr' id='par_1_82' title="bbox 1925 3866 3509 3937">
     <span class='ocr_line' id='line_1_82' title="bbox 1925 3866 3509 3937; baseline 0.004 -19"><span class='ocrx_word' id='word_1_610' title='bbox 1925 3866 2190 3934; x_wconf 74' lang='lat' dir='ltr'><strong>att/eram.</strong></span> <span class='ocrx_word' id='word_1_611' title='bbox 2247 3867 2429 3937; x_wconf 84' lang='lat' dir='ltr'><strong>Atque</strong></span> <span class='ocrx_word' id='word_1_612' title='bbox 2454 3867 2562 3936; x_wconf 85' lang='lat' dir='ltr'><strong>ipsi</strong></span> <span class='ocrx_word' id='word_1_613' title='bbox 2593 3883 2729 3922; x_wconf 86' lang='lat' dir='ltr'><strong>sane</strong></span> <span class='ocrx_word' id='word_1_614' title='bbox 2761 3869 2814 3921; x_wconf 92' lang='lat' dir='ltr'><strong>in</strong></span> <span class='ocrx_word' id='word_1_615' title='bbox 2843 3867 3010 3924; x_wconf 90' lang='lat' dir='ltr'><strong>domo</strong></span> <span class='ocrx_word' id='word_1_616' title='bbox 3049 3869 3241 3930; x_wconf 79' lang='lat' dir='ltr'><strong>Jacobi</strong></span> <span class='ocrx_word' id='word_1_617' title='bbox 3275 3871 3328 3924; x_wconf 93' lang='lat' dir='ltr'><strong>in</strong></span> <span class='ocrx_word' id='word_1_618' title='bbox 3348 3879 3509 3925; x_wconf 70' lang='lat' dir='ltr'><strong>teter-</strong></span> 
     </span>
    </p>
   </div>
   <div class='ocr_carea' id='block_1_83' title="bbox 1927 3959 3506 4031">
    <p class='ocr_par' dir='ltr' id='par_1_83' title="bbox 1927 3959 3506 4031">
     <span class='ocr_line' id='line_1_83' title="bbox 1927 3959 3506 4031; baseline 0.004 -21"><span class='ocrx_word' id='word_1_619' title='bbox 1927 3972 2058 4010; x_wconf 82' lang='lat' dir='ltr'><strong>nutn</strong></span> <span class='ocrx_word' id='word_1_620' title='bbox 2091 3972 2329 4026; x_wconf 87' lang='lat' dir='ltr'><strong>regnare</strong></span> <span class='ocrx_word' id='word_1_621' title='bbox 2357 3959 2612 4029; x_wconf 85' lang='lat' dir='ltr'><strong>contigit,</strong></span> <span class='ocrx_word' id='word_1_622' title='bbox 2672 3972 3023 4028; x_wconf 87' lang='lat' dir='ltr'><strong>regnumque</strong></span> <span class='ocrx_word' id='word_1_623' title='bbox 3050 3962 3322 4024; x_wconf 85' lang='lat' dir='ltr'><strong>nancisci,</strong></span> <span class='ocrx_word' id='word_1_624' title='bbox 3355 3961 3506 4031; x_wconf 77' lang='lat' dir='ltr'><strong>quod</strong></span> 
     </span>
    </p>
   </div>
   <div class='ocr_carea' id='block_1_84' title="bbox 1923 4047 3504 4107">
    <p class='ocr_par' dir='ltr' id='par_1_84' title="bbox 1923 4047 3504 4107">
     <span class='ocr_line' id='line_1_84' title="bbox 1923 4047 3504 4107; baseline 0.004 -7"><span class='ocrx_word' id='word_1_625' title='bbox 1923 4047 2074 4100; x_wconf 80' lang='lat' dir='ltr'><strong>outni</strong></span> <span class='ocrx_word' id='word_1_626' title='bbox 2106 4047 2214 4102; x_wconf 82' lang='lat' dir='ltr'><strong>ﬁne</strong></span> <span class='ocrx_word' id='word_1_627' title='bbox 2245 4058 2486 4103; x_wconf 87' lang='lat' dir='ltr'><strong>careret.</strong></span> <span class='ocrx_word' id='word_1_628' title='bbox 2542 4049 2764 4104; x_wconf 69' lang='lat' dir='ltr'><strong>iamdiu</strong></span> <span class='ocrx_word' id='word_1_629' title='bbox 2841 4051 2986 4103; x_wconf 78' lang='lat' dir='ltr'><strong>eiiim</strong></span> <span class='ocrx_word' id='word_1_630' title='bbox 3020 4061 3150 4106; x_wconf 85' lang='lat' dir='ltr'><strong>ante</strong></span> <span class='ocrx_word' id='word_1_631' title='bbox 3179 4051 3386 4107; x_wconf 85' lang='lat' dir='ltr'><strong>Christi</strong></span> <span class='ocrx_word' id='word_1_632' title='bbox 3407 4055 3504 4106; x_wconf 85' lang='lat' dir='ltr'><strong>ad-</strong></span> 
     </span>
    </p>
   </div>
   <div class='ocr_carea' id='block_1_85' title="bbox 1925 4139 3511 4200">
    <p class='ocr_par' dir='ltr' id='par_1_85' title="bbox 1925 4139 3511 4200">
     <span class='ocr_line' id='line_1_85' title="bbox 1925 4139 3511 4200; baseline 0.005 -9"><span class='ocrx_word' id='word_1_633' title='bbox 1925 4147 2148 4192; x_wconf 89' lang='lat' dir='ltr'><strong>ventum</strong></span> <span class='ocrx_word' id='word_1_634' title='bbox 2177 4139 2245 4194; x_wconf 88' lang='lat' dir='ltr'><strong>de</strong></span> <span class='ocrx_word' id='word_1_635' title='bbox 2277 4141 2462 4194; x_wconf 90' lang='lat' dir='ltr'><strong>medio</strong></span> <span class='ocrx_word' id='word_1_636' title='bbox 2511 4141 2793 4195; x_wconf 88' lang='lat' dir='ltr'><strong>sublatum</strong></span> <span class='ocrx_word' id='word_1_637' title='bbox 2847 4141 3026 4194; x_wconf 81' lang='lat' dir='ltr'><strong>fuerat</strong></span> <span class='ocrx_word' id='word_1_638' title='bbox 3069 4140 3383 4198; x_wconf 67' lang='lat' dir='ltr'><strong>Judteoruni</strong></span> <span class='ocrx_word' id='word_1_639' title='bbox 3422 4161 3511 4200; x_wconf 86' lang='lat' dir='ltr'><strong>re-</strong></span> 
     </span>
    </p>
   </div>
   <div class='ocr_carea' id='block_1_86' title="bbox 1923 4231 3507 4306">
    <p class='ocr_par' dir='ltr' id='par_1_86' title="bbox 1923 4231 3507 4306">
     <span class='ocr_line' id='line_1_86' title="bbox 1923 4231 3507 4306; baseline 0.005 -23"><span class='ocrx_word' id='word_1_640' title='bbox 1923 4245 2126 4300; x_wconf 86' lang='lat' dir='ltr'><strong>gnum;</strong></span> <span class='ocrx_word' id='word_1_641' title='bbox 2165 4231 2314 4300; x_wconf 87' lang='lat' dir='ltr'><strong>quod</strong></span> <span class='ocrx_word' id='word_1_642' title='bbox 2349 4240 2503 4286; x_wconf 87' lang='lat' dir='ltr'><strong>stare</strong></span> <span class='ocrx_word' id='word_1_643' title='bbox 2523 4231 2786 4288; x_wconf 84' lang='lat' dir='ltr'><strong>debuisse</strong></span> <span class='ocrx_word' id='word_1_644' title='bbox 2815 4234 2968 4287; x_wconf 82' lang='lat' dir='ltr'><strong>clare</strong></span> <span class='ocrx_word' id='word_1_645' title='bbox 2987 4243 3212 4288; x_wconf 78' lang='lat' dir='ltr'><strong>constat</strong></span> <span class='ocrx_word' id='word_1_646' title='bbox 3235 4252 3415 4306; x_wconf 85' lang='lat' dir='ltr'><strong>usque</strong></span> <span class='ocrx_word' id='word_1_647' title='bbox 3435 4237 3507 4290; x_wconf 80' lang='lat' dir='ltr'><strong>ad</strong></span> 
     </span>
    </p>
   </div>
   <div class='ocr_carea' id='block_1_87' title="bbox 1921 4322 3508 4400">
    <p class='ocr_par' dir='ltr' id='par_1_87' title="bbox 1921 4322 3508 4400">
     <span class='ocr_line' id='line_1_87' title="bbox 1921 4322 3508 4400; baseline 0.002 -23"><span class='ocrx_word' id='word_1_648' title='bbox 1921 4322 2200 4390; x_wconf 69' lang='lat' dir='ltr'><strong>Jecboniae</strong></span> <span class='ocrx_word' id='word_1_649' title='bbox 2236 4331 2518 4395; x_wconf 83' lang='lat' dir='ltr'><strong>tempora,</strong></span> <span class='ocrx_word' id='word_1_650' title='bbox 2577 4326 3064 4396; x_wconf 66' lang='lat' dir='ltr'><strong>acerbissimreque</strong></span> <span class='ocrx_word' id='word_1_651' title='bbox 3111 4329 3163 4382; x_wconf 91' lang='lat' dir='ltr'><strong>in</strong></span> <span class='ocrx_word' id='word_1_652' title='bbox 3212 4328 3508 4400; x_wconf 63' lang='lat' dir='ltr'><strong>Babyloni-</strong></span> 
     </span>
    </p>
   </div>
   <div class='ocr_carea' id='block_1_88' title="bbox 231 4409 1816 4492">
    <p class='ocr_par' dir='ltr' id='par_1_88' title="bbox 231 4417 1812 4490">
     <span class='ocr_line' id='line_1_88' title="bbox 231 4417 1812 4490; baseline 0.001 -18"><span class='ocrx_word' id='word_1_653' title='bbox 231 4418 336 4490; x_wconf 84' lang='grc' dir='ltr'><strong>τῆς</strong></span> <span class='ocrx_word' id='word_1_654' title='bbox 370 4417 653 4488; x_wconf 83' lang='grc' dir='ltr'><strong>βασιλικῆς</strong></span> <span class='ocrx_word' id='word_1_655' title='bbox 681 4417 960 4486; x_wconf 82' lang='grc' dir='ltr'><strong>εὐγενείας</strong></span> <span class='ocrx_word' id='word_1_656' title='bbox 996 4417 1260 4482; x_wconf 76' lang='grc' dir='ltr'><strong>διασῶζον</strong></span> <span class='ocrx_word' id='word_1_657' title='bbox 1288 4419 1354 4472; x_wconf 79' lang='grc' dir='ltr'><strong>τὰ</strong></span> <span class='ocrx_word' id='word_1_658' title='bbox 1382 4418 1812 4488; x_wconf 79' lang='grc' dir='ltr'><strong>ἀπομόργματα.</strong></span> 
     </span>
    </p>
   </div>
   <div class='ocr_carea' id='block_1_89' title="bbox 1920 4409 3564 4492">
    <p class='ocr_par' dir='ltr' id='par_1_89' title="bbox 1920 4416 3564 4492">
     <span class='ocr_line' id='line_1_89' title="bbox 1920 4416 3564 4492; baseline 0.006 -24"><span class='ocrx_word' id='word_1_659' title='bbox 1920 4430 2036 4469; x_wconf 89' lang='lat' dir='ltr'><strong>cam</strong></span> <span class='ocrx_word' id='word_1_660' title='bbox 2071 4416 2450 4485; x_wconf 84' lang='lat' dir='ltr'><strong>captivitatem</strong></span> <span class='ocrx_word' id='word_1_661' title='bbox 2483 4419 2862 4474; x_wconf 88' lang='lat' dir='ltr'><strong>deductionis.</strong></span> <span class='ocrx_word' id='word_1_662' title='bbox 2902 4417 3296 4477; x_wconf 77' lang='lat' dir='ltr'><strong>Verumtamen</strong></span> <span class='ocrx_word' id='word_1_663' title='bbox 3331 4439 3514 4492; x_wconf 81' lang='lat' dir='ltr'><strong>usque</strong></span> <span class='ocrx_word' id='word_1_664' title='bbox 3559 4429 3564 4432; x_wconf 75' lang='grc'><strong><em>“</em></strong></span> 
     </span>
    </p>
   </div>
   <div class='ocr_carea' id='block_1_90' title="bbox 231 4504 1820 4577">
    <p class='ocr_par' dir='ltr' id='par_1_90' title="bbox 231 4504 1820 4577">
     <span class='ocr_line' id='line_1_90' title="bbox 231 4504 1820 4577; baseline 0 -13"><span class='ocrx_word' id='word_1_665' title='bbox 231 4509 502 4564; x_wconf 81' lang='grc' dir='ltr'><strong>Δείπετσι</strong></span> <span class='ocrx_word' id='word_1_666' title='bbox 537 4509 583 4562; x_wconf 75' lang='grc' dir='ltr'><strong>δ’</strong></span> <span class='ocrx_word' id='word_1_667' title='bbox 615 4504 708 4563; x_wconf 81' lang='grc' dir='ltr'><strong>οὖν</strong></span> <span class='ocrx_word' id='word_1_668' title='bbox 745 4511 888 4562; x_wconf 76' lang='grc' dir='ltr'><strong>νοεῖν</strong></span> <span class='ocrx_word' id='word_1_669' title='bbox 915 4511 1011 4572; x_wconf 80' lang='grc' dir='ltr'><strong>τὸ,</strong></span> <span class='ocrx_word' id='word_1_670' title='bbox 1047 4510 1193 4574; x_wconf 83' lang='grc' dir='ltr'><strong>Ἕως</strong></span> <span class='ocrx_word' id='word_1_671' title='bbox 1230 4508 1307 4563; x_wconf 85' lang='grc' dir='ltr'><strong>ἂν</strong></span> <span class='ocrx_word' id='word_1_672' title='bbox 1331 4509 1480 4577; x_wconf 74' lang='grc' dir='ltr'><strong>ἔλθῃ</strong></span> <span class='ocrx_word' id='word_1_673' title='bbox 1521 4509 1552 4565; x_wconf 79' lang='grc' dir='ltr'><em>ὃ</em></span> <span class='ocrx_word' id='word_1_674' title='bbox 1581 4510 1820 4564; x_wconf 62' lang='lat' dir='ltr'><strong>(inrdicu-</strong></span> 
     </span>
    </p>
   </div>
   <div class='ocr_carea' id='block_1_91' title="bbox 233 4597 1820 4670">
    <p class='ocr_par' dir='ltr' id='par_1_91' title="bbox 233 4597 1820 4670">
     <span class='ocr_line' id='line_1_91' title="bbox 233 4597 1820 4670; baseline 0.001 -18"><span class='ocrx_word' id='word_1_675' title='bbox 233 4616 354 4662; x_wconf 77' lang='grc' dir='ltr'><strong>ται,</strong></span> <span class='ocrx_word' id='word_1_676' title='bbox 379 4599 480 4653; x_wconf 75' lang='grc' dir='ltr'><strong>καὶ</strong></span> <span class='ocrx_word' id='word_1_677' title='bbox 507 4598 689 4660; x_wconf 83' lang='grc' dir='ltr'><strong>αὐτὸς</strong></span> <span class='ocrx_word' id='word_1_678' title='bbox 717 4597 1049 4668; x_wconf 81' lang='grc' dir='ltr'><strong>προσδοκία</strong></span> <span class='ocrx_word' id='word_1_679' title='bbox 1072 4597 1285 4662; x_wconf 83' lang='grc' dir='ltr'><strong>ἐθνῶν,</strong></span> <span class='ocrx_word' id='word_1_680' title='bbox 1327 4598 1418 4652; x_wconf 84' lang='grc' dir='ltr'><strong>τὸν</strong></span> <span class='ocrx_word' id='word_1_681' title='bbox 1452 4600 1688 4670; x_wconf 76' lang='grc' dir='ltr'><strong>Χριστὸν</strong></span> <span class='ocrx_word' id='word_1_682' title='bbox 1726 4601 1820 4654; x_wconf 85' lang='grc' dir='ltr'><strong>τοῦ</strong></span> 
     </span>
    </p>
   </div>
   <div class='ocr_carea' id='block_1_92' title="bbox 233 4687 1822 4759">
    <p class='ocr_par' dir='ltr' id='par_1_92' title="bbox 233 4687 1822 4759">
     <span class='ocr_line' id='line_1_92' title="bbox 233 4687 1822 4759; baseline -0.002 -16"><span class='ocrx_word' id='word_1_683' title='bbox 233 4689 398 4754; x_wconf 85' lang='grc' dir='ltr'><strong>Θεοῦ,</strong></span> <span class='ocrx_word' id='word_1_684' title='bbox 421 4689 520 4742; x_wconf 79' lang='grc' dir='ltr'><strong>καὶ</strong></span> <span class='ocrx_word' id='word_1_685' title='bbox 549 4687 826 4751; x_wconf 86' lang='grc' dir='ltr'><strong>αὑτόθεον,</strong></span> <span class='ocrx_word' id='word_1_686' title='bbox 858 4688 954 4742; x_wconf 76' lang='grc' dir='ltr'><strong>καὶ</strong></span> <span class='ocrx_word' id='word_1_687' title='bbox 979 4688 1322 4759; x_wconf 81' lang='grc' dir='ltr'><strong>αὐτοκύριον.</strong></span> <span class='ocrx_word' id='word_1_688' title='bbox 1361 4691 1458 4741; x_wconf 90' lang='grc' dir='ltr'><strong>Ὃν</strong></span> <span class='ocrx_word' id='word_1_689' title='bbox 1499 4691 1631 4758; x_wconf 80' lang='grc' dir='ltr'><strong>ἡμῖν</strong></span> <span class='ocrx_word' id='word_1_690' title='bbox 1685 4706 1822 4742; x_wconf 87' lang='grc' dir='ltr'><strong>παν-</strong></span> 
     </span>
    </p>
   </div>
   <div class='ocr_carea' id='block_1_93' title="bbox 234 4778 1818 4851">
    <p class='ocr_par' dir='ltr' id='par_1_93' title="bbox 234 4778 1818 4851">
     <span class='ocr_line' id='line_1_93' title="bbox 234 4778 1818 4851; baseline -0.002 -16"><span class='ocrx_word' id='word_1_691' title='bbox 234 4781 370 4851; x_wconf 82' lang='grc' dir='ltr'><strong>αγία</strong></span> <span class='ocrx_word' id='word_1_692' title='bbox 401 4778 544 4850; x_wconf 84' lang='grc' dir='ltr'><strong>αῦτη</strong></span> <span class='ocrx_word' id='word_1_693' title='bbox 574 4779 848 4850; x_wconf 82' lang='grc' dir='ltr'><strong>Παρθένος</strong></span> <span class='ocrx_word' id='word_1_694' title='bbox 871 4820 886 4843; x_wconf 87' lang='grc'><strong>,</strong></span> <span class='ocrx_word' id='word_1_695' title='bbox 916 4779 978 4832; x_wconf 84' lang='grc' dir='ltr'><strong>τὸ</strong></span> <span class='ocrx_word' id='word_1_696' title='bbox 993 4779 1275 4833; x_wconf 85' lang='grc' dir='ltr'><strong>Δαυῖδικδν</strong></span> <span class='ocrx_word' id='word_1_697' title='bbox 1309 4779 1580 4849; x_wconf 83' lang='grc' dir='ltr'><strong>στέλεχος,</strong></span> <span class='ocrx_word' id='word_1_698' title='bbox 1611 4779 1818 4850; x_wconf 74' lang='grc' dir='ltr'><strong>παρθεο</strong></span> 
     </span>
    </p>
   </div>
   <div class='ocr_carea' id='block_1_94' title="bbox 235 4862 1824 4940">
    <p class='ocr_par' dir='ltr' id='par_1_94' title="bbox 235 4862 1824 4940">
     <span class='ocr_line' id='line_1_94' title="bbox 235 4862 1824 4940; baseline -0.001 -15"><span class='ocrx_word' id='word_1_699' title='bbox 235 4869 404 4934; x_wconf 81' lang='grc' dir='ltr'><strong>νικῶς</strong></span> <span class='ocrx_word' id='word_1_700' title='bbox 434 4867 791 4940; x_wconf 82' lang='grc' dir='ltr'><strong>παρθενικαῖς</strong></span> <span class='ocrx_word' id='word_1_701' title='bbox 815 4867 1000 4922; x_wconf 86' lang='grc' dir='ltr'><strong>ὠδῖσιν</strong></span> <span class='ocrx_word' id='word_1_702' title='bbox 1033 4870 1320 4924; x_wconf 81' lang='grc' dir='ltr'><strong>ἀπέτεκεν.</strong></span> <span class='ocrx_word' id='word_1_703' title='bbox 1369 4870 1488 4938; x_wconf 78' lang='grc' dir='ltr'><strong>Ἀφ’</strong></span> <span class='ocrx_word' id='word_1_704' title='bbox 1517 4862 1578 4923; x_wconf 75' lang='grc' dir='ltr'><strong>οὗ</strong></span> <span class='ocrx_word' id='word_1_705' title='bbox 1605 4871 1713 4940; x_wconf 88' lang='grc' dir='ltr'><strong>γὰρ</strong></span> <span class='ocrx_word' id='word_1_706' title='bbox 1743 4872 1824 4933; x_wconf 83' lang='grc' dir='ltr'><strong>εἰς</strong></span> 
     </span>
    </p>
   </div>
   <div class='ocr_carea' id='block_1_95' title="bbox 235 4959 1824 5032">
    <p class='ocr_par' dir='ltr' id='par_1_95' title="bbox 235 4959 1824 5032">
     <span class='ocr_line' id='line_1_95' title="bbox 235 4959 1824 5032; baseline -0.003 -18"><span class='ocrx_word' id='word_1_707' title='bbox 235 4961 471 5032; x_wconf 79' lang='grc' dir='ltr'><strong>φροῦδον</strong></span> <span class='ocrx_word' id='word_1_708' title='bbox 493 4960 772 5032; x_wconf 79' lang='grc' dir='ltr'><strong>ἐχώρησεν</strong></span> <span class='ocrx_word' id='word_1_709' title='bbox 801 4962 836 5032; x_wconf 77' lang='grc' dir='ltr'><strong>ἡ</strong></span> <span class='ocrx_word' id='word_1_710' title='bbox 860 4960 972 5015; x_wconf 87' lang='grc' dir='ltr'><strong>τῶν</strong></span> <span class='ocrx_word' id='word_1_711' title='bbox 1013 4961 1283 5014; x_wconf 83' lang='grc' dir='ltr'><strong>Ἰουδαίων</strong></span> <span class='ocrx_word' id='word_1_712' title='bbox 1309 4960 1476 5031; x_wconf 84' lang='grc' dir='ltr'><strong>ἁρχὴ,</strong></span> <span class='ocrx_word' id='word_1_713' title='bbox 1511 4961 1694 5016; x_wconf 83' lang='grc' dir='ltr'><strong>οὐκέτι</strong></span> <span class='ocrx_word' id='word_1_714' title='bbox 1728 4959 1824 5012; x_wconf 78' lang='grc' dir='ltr'><strong>ἐπὶ</strong></span> 
     </span>
    </p>
   </div>
   <div class='ocr_carea' id='block_1_96' title="bbox 233 5051 1824 5126">
    <p class='ocr_par' dir='ltr' id='par_1_96' title="bbox 233 5051 1824 5126">
     <span class='ocr_line' id='line_1_96' title="bbox 233 5051 1824 5126; baseline -0.003 -18"><span class='ocrx_word' id='word_1_715' title='bbox 233 5054 332 5108; x_wconf 77' lang='grc' dir='ltr'><strong>τὸν</strong></span> <span class='ocrx_word' id='word_1_716' title='bbox 353 5053 633 5125; x_wconf 79' lang='grc' dir='ltr'><strong>ὁρώμενον</strong></span> <span class='ocrx_word' id='word_1_717' title='bbox 651 5053 746 5108; x_wconf 85' lang='grc' dir='ltr'><strong>τοῦ</strong></span> <span class='ocrx_word' id='word_1_718' title='bbox 771 5053 932 5107; x_wconf 79' lang='grc' dir='ltr'><strong>Δαυῒδ</strong></span> <span class='ocrx_word' id='word_1_719' title='bbox 958 5052 1176 5126; x_wconf 85' lang='grc' dir='ltr'><strong>θρόνον,</strong></span> <span class='ocrx_word' id='word_1_720' title='bbox 1201 5051 1455 5121; x_wconf 84' lang='grc' dir='ltr'><strong>βασιλεὺς</strong></span> <span class='ocrx_word' id='word_1_721' title='bbox 1477 5051 1616 5106; x_wconf 85' lang='grc' dir='ltr'><strong>κατὰ</strong></span> <span class='ocrx_word' id='word_1_722' title='bbox 1647 5053 1824 5122; x_wconf 56' lang='lat' dir='ltr'><strong>signa</strong></span> 
     </span>
    </p>
   </div>
   <div class='ocr_carea' id='block_1_97' title="bbox 235 5143 1826 5218">
    <p class='ocr_par' dir='ltr' id='par_1_97' title="bbox 235 5143 1826 5218">
     <span class='ocr_line' id='line_1_97' title="bbox 235 5143 1826 5218; baseline -0.005 -14"><span class='ocrx_word' id='word_1_723' title='bbox 235 5147 534 5204; x_wconf 72' lang='grc' dir='ltr'><strong>κεκάθικεν</strong></span> <span class='ocrx_word' id='word_1_724' title='bbox 575 5147 781 5218; x_wconf 74' lang='grc' dir='ltr'><strong>ἕτερος.</strong></span> <span class='ocrx_word' id='word_1_725' title='bbox 818 5146 898 5209; x_wconf 81' lang='grc' dir='ltr'><strong>είς</strong></span> <span class='ocrx_word' id='word_1_726' title='bbox 929 5145 1156 5216; x_wconf 70' lang='grc' dir='ltr'><strong>ἔσχατον</strong></span> <span class='ocrx_word' id='word_1_727' title='bbox 1190 5145 1506 5216; x_wconf 73' lang='grc' dir='ltr'><strong>καταφορᾶς</strong></span> <span class='ocrx_word' id='word_1_728' title='bbox 1549 5145 1650 5214; x_wconf 86' lang='grc' dir='ltr'><strong>τῆς</strong></span> <span class='ocrx_word' id='word_1_729' title='bbox 1672 5143 1826 5214; x_wconf 86' lang='grc' dir='ltr'><strong>βασι-</strong></span> 
     </span>
    </p>
   </div>
   <div class='ocr_carea' id='block_1_98' title="bbox 234 5225 1872 5308">
    <p class='ocr_par' dir='ltr' id='par_1_98' title="bbox 234 5225 1872 5308">
     <span class='ocr_line' id='line_1_98' title="bbox 234 5225 1872 5308; baseline -0.005 -16"><span class='ocrx_word' id='word_1_730' title='bbox 234 5237 393 5302; x_wconf 78' lang='grc' dir='ltr'><strong>λείας</strong></span> <span class='ocrx_word' id='word_1_731' title='bbox 439 5237 607 5292; x_wconf 82' lang='grc' dir='ltr'><strong>αὐτοῦ</strong></span> <span class='ocrx_word' id='word_1_732' title='bbox 657 5225 1141 5308; x_wconf 81' lang='grc' dir='ltr'><strong>συγκλείσθείσης,</strong></span> <span class='ocrx_word' id='word_1_733' title='bbox 1198 5237 1340 5290; x_wconf 82' lang='grc' dir='ltr'><strong>κατὰ</strong></span> <span class='ocrx_word' id='word_1_734' title='bbox 1390 5237 1490 5307; x_wconf 73' lang='grc' dir='ltr'><strong>τὴν</strong></span> <span class='ocrx_word' id='word_1_735' title='bbox 1556 5235 1822 5305; x_wconf 82' lang='grc' dir='ltr'><strong>Ἰερεμίου</strong></span> <span class='ocrx_word' id='word_1_736' title='bbox 1868 5278 1872 5283; x_wconf 91' lang='grc'>.</span> 
     </span>
    </p>
   </div>
   <div class='ocr_carea' id='block_1_99' title="bbox 227 5326 1820 5398">
    <p class='ocr_par' dir='ltr' id='par_1_99' title="bbox 227 5326 1820 5398">
     <span class='ocr_line' id='line_1_99' title="bbox 227 5326 1820 5398; baseline -0.006 -11"><span class='ocrx_word' id='word_1_737' title='bbox 227 5330 582 5398; x_wconf 77' lang='grc' dir='ltr'><strong>,προφητείαν</strong></span> <span class='ocrx_word' id='word_1_738' title='bbox 603 5328 778 5392; x_wconf 80' lang='grc' dir='ltr'><strong>οὕτως</strong></span> <span class='ocrx_word' id='word_1_739' title='bbox 795 5347 812 5361; x_wconf 91' lang='grc'><strong>·</strong></span> <span class='ocrx_word' id='word_1_740' title='bbox 842 5327 1128 5398; x_wconf 78' lang='grc' dir='ltr'><strong>Ἦτιμώθη</strong></span> <span class='ocrx_word' id='word_1_741' title='bbox 1168 5329 1447 5396; x_wconf 82' lang='grc' dir='ltr'><strong>Ἰεχονίας</strong></span> <span class='ocrx_word' id='word_1_742' title='bbox 1467 5326 1549 5391; x_wconf 88' lang='grc' dir='ltr'><strong>ὼς</strong></span> <span class='ocrx_word' id='word_1_743' title='bbox 1577 5326 1820 5391; x_wconf 82' lang='grc' dir='ltr'><strong>σκεῦος,</strong></span> 
     </span>
    </p>
   </div>
   <div class='ocr_carea' id='block_1_100' title="bbox 238 5417 1826 5489">
    <p class='ocr_par' dir='ltr' id='par_1_100' title="bbox 238 5417 1826 5489">
     <span class='ocr_line' id='line_1_100' title="bbox 238 5417 1826 5489; baseline -0.003 -12"><span class='ocrx_word' id='word_1_744' title='bbox 238 5417 312 5477; x_wconf 84' lang='grc' dir='ltr'><strong>οὗ</strong></span> <span class='ocrx_word' id='word_1_745' title='bbox 345 5423 459 5476; x_wconf 83' lang='grc' dir='ltr'><strong>οὐκ</strong></span> <span class='ocrx_word' id='word_1_746' title='bbox 479 5419 653 5476; x_wconf 75' lang='grc' dir='ltr'><strong>ἐστιν</strong></span> <span class='ocrx_word' id='word_1_747' title='bbox 671 5420 859 5475; x_wconf 81' lang='grc' dir='ltr'><strong>αὐταῦ</strong></span> <span class='ocrx_word' id='word_1_748' title='bbox 897 5421 1086 5489; x_wconf 81' lang='grc' dir='ltr'><strong>χρεία.</strong></span> <span class='ocrx_word' id='word_1_749' title='bbox 1131 5421 1192 5474; x_wconf 86' lang='grc' dir='ltr'><strong>Τί</strong></span> <span class='ocrx_word' id='word_1_750' title='bbox 1219 5419 1308 5474; x_wconf 84' lang='grc' dir='ltr'><strong>ὅτι</strong></span> <span class='ocrx_word' id='word_1_751' title='bbox 1332 5419 1617 5488; x_wconf 70' lang='grc' dir='ltr'><strong>ἐξερρίφη</strong></span> <span class='ocrx_word' id='word_1_752' title='bbox 1638 5417 1826 5472; x_wconf 71' lang='grc' dir='ltr'><strong>αὐτοῦ</strong></span> 
     </span>
    </p>
   </div>
   <div class='ocr_carea' id='block_1_101' title="bbox 239 5511 1827 5583">
    <p class='ocr_par' dir='ltr' id='par_1_101' title="bbox 239 5511 1827 5583">
     <span class='ocr_line' id='line_1_101' title="bbox 239 5511 1827 5583; baseline -0.004 -15"><span class='ocrx_word' id='word_1_753' title='bbox 239 5511 342 5568; x_wconf 70' lang='grc' dir='ltr'><strong>καὶ</strong></span> <span class='ocrx_word' id='word_1_754' title='bbox 359 5511 665 5583; x_wconf 58' lang='lat' dir='ltr'><strong>tegumen</strong></span> <span class='ocrx_word' id='word_1_755' title='bbox 691 5517 779 5581; x_wconf 81' lang='grc' dir='ltr'><strong>εὶς</strong></span> <span class='ocrx_word' id='word_1_756' title='bbox 799 5511 937 5583; x_wconf 74' lang='grc' dir='ltr'><strong>τῆν,</strong></span> <span class='ocrx_word' id='word_1_757' title='bbox 967 5511 1050 5580; x_wconf 74' lang='grc' dir='ltr'><strong>ἣν</strong></span> <span class='ocrx_word' id='word_1_758' title='bbox 1068 5515 1179 5567; x_wconf 79' lang='grc' dir='ltr'><strong>οὐκ</strong></span> <span class='ocrx_word' id='word_1_759' title='bbox 1197 5513 1358 5583; x_wconf 68' lang='lat' dir='ltr'><strong>ﬁdet;</strong></span> <span class='ocrx_word' id='word_1_760' title='bbox 1385 5513 1498 5580; x_wconf 81' lang='grc' dir='ltr'><strong>Γῆ,</strong></span> <span class='ocrx_word' id='word_1_761' title='bbox 1518 5511 1619 5583; x_wconf 66' lang='grc' dir='ltr'><strong>γῆ,</strong></span> <span class='ocrx_word' id='word_1_762' title='bbox 1641 5512 1827 5565; x_wconf 74' lang='grc' dir='ltr'><strong>ἄκουε</strong></span> 
     </span>
    </p>
   </div>
   <div class='ocr_carea' id='block_1_102' title="bbox 309 5692 1326 5768">
    <p class='ocr_par' dir='ltr' id='par_1_102' title="bbox 309 5692 1326 5768">
     <span class='ocr_line' id='line_1_102' title="bbox 309 5692 1326 5768; baseline 0.009 -17"><span class='ocrx_word' id='word_1_763' title='bbox 309 5693 336 5736; x_wconf 64' lang='grc' dir='ltr'><strong><em>ἀ</em></strong></span> <span class='ocrx_word' id='word_1_764' title='bbox 368 5692 537 5756; x_wconf 80' lang='lat' dir='ltr'><strong>Joan.</strong></span> <span class='ocrx_word' id='word_1_765' title='bbox 577 5713 632 5765; x_wconf 73' lang='grc' dir='ltr'><strong>ιι,</strong></span> <span class='ocrx_word' id='word_1_766' title='bbox 670 5699 757 5755; x_wconf 84' lang='lat' dir='ltr'><strong>l8.</strong></span> <span class='ocrx_word' id='word_1_767' title='bbox 872 5710 895 5741; x_wconf 75' lang='grc' dir='ltr'><strong>ε</strong></span> <span class='ocrx_word' id='word_1_768' title='bbox 926 5699 1086 5756; x_wconf 78' lang='lat' dir='ltr'><strong>Joan.</strong></span> <span class='ocrx_word' id='word_1_769' title='bbox 1125 5718 1184 5768; x_wconf 84' lang='grc' dir='ltr'><strong>ιι,</strong></span> <span class='ocrx_word' id='word_1_770' title='bbox 1238 5704 1326 5760; x_wconf 86' lang='lat' dir='ltr'><strong>l9.</strong></span> 
     </span>
    </p>
   </div>
   <div class='ocr_carea' id='block_1_103' title="bbox 1447 5703 2924 5774">
    <p class='ocr_par' dir='ltr' id='par_1_103' title="bbox 1447 5703 2924 5774">
     <span class='ocr_line' id='line_1_103' title="bbox 1447 5703 2924 5774; baseline 0.001 -16"><span class='ocrx_word' id='word_1_771' title='bbox 1447 5704 1460 5744; x_wconf 76' lang='grc' dir='ltr'><strong>ί</strong></span> <span class='ocrx_word' id='word_1_772' title='bbox 1501 5703 1647 5761; x_wconf 85' lang='lat' dir='ltr'><strong>Psal.</strong></span> <span class='ocrx_word' id='word_1_773' title='bbox 1684 5721 1766 5774; x_wconf 82' lang='lat' dir='ltr'><strong>ut,</strong></span> <span class='ocrx_word' id='word_1_774' title='bbox 1805 5705 1859 5763; x_wconf 74' lang='lat' dir='ltr'><strong>ti.</strong></span> <span class='ocrx_word' id='word_1_775' title='bbox 1939 5709 1964 5748; x_wconf 69' lang='grc' dir='ltr'><strong>ε</strong></span> <span class='ocrx_word' id='word_1_776' title='bbox 1993 5705 2138 5760; x_wconf 74' lang='lat' dir='ltr'><strong>Psal.</strong></span> <span class='ocrx_word' id='word_1_777' title='bbox 2169 5706 2386 5770; x_wconf 80' lang='lat' dir='ltr'><strong>xv,10.-</strong></span> <span class='ocrx_word' id='word_1_778' title='bbox 2446 5707 2472 5747; x_wconf 74' lang='grc' dir='ltr'><strong>ιι</strong></span> <span class='ocrx_word' id='word_1_779' title='bbox 2503 5705 2650 5762; x_wconf 87' lang='lat' dir='ltr'><strong>Psal.</strong></span> <span class='ocrx_word' id='word_1_780' title='bbox 2679 5722 2831 5772; x_wconf 74' lang='lat' dir='ltr'><strong>xxxx,</strong></span> <span class='ocrx_word' id='word_1_781' title='bbox 2871 5707 2924 5773; x_wconf 74' lang='grc' dir='ltr'><strong>ι,</strong></span> 
     </span>
    </p>
   </div>
   <div class='ocr_carea' id='block_1_104' title="bbox 1923 4507 3512 4581">
    <p class='ocr_par' dir='ltr' id='par_1_104' title="bbox 1923 4507 3512 4581">
     <span class='ocr_line' id='line_1_104' title="bbox 1923 4507 3512 4581; baseline 0.002 -23"><span class='ocrx_word' id='word_1_782' title='bbox 1923 4507 1990 4559; x_wconf 90' lang='lat' dir='ltr'><strong>ad</strong></span> <span class='ocrx_word' id='word_1_783' title='bbox 2015 4507 2318 4574; x_wconf 46' lang='lat' dir='ltr'><strong>.Cbristum</strong></span> <span class='ocrx_word' id='word_1_784' title='bbox 2359 4523 2715 4579; x_wconf 87' lang='lat' dir='ltr'><strong>nequaquam</strong></span> <span class='ocrx_word' id='word_1_785' title='bbox 2759 4526 2935 4581; x_wconf 84' lang='lat' dir='ltr'><strong>genus</strong></span> <span class='ocrx_word' id='word_1_786' title='bbox 2986 4512 3222 4577; x_wconf 78' lang='lat' dir='ltr'><strong>defecit,</strong></span> <span class='ocrx_word' id='word_1_787' title='bbox 3265 4513 3358 4566; x_wconf 78' lang='lat' dir='ltr'><strong>‘eni</strong></span> <span class='ocrx_word' id='word_1_788' title='bbox 3411 4514 3512 4566; x_wconf 82' lang='lat' dir='ltr'><strong>Ito-</strong></span> 
     </span>
    </p>
   </div>
   <div class='ocr_carea' id='block_1_105' title="bbox 1927 4597 3510 4672">
    <p class='ocr_par' dir='ltr' id='par_1_105' title="bbox 1927 4597 3510 4672">
     <span class='ocr_line' id='line_1_105' title="bbox 1927 4597 3510 4672; baseline 0.004 -22"><span class='ocrx_word' id='word_1_789' title='bbox 1927 4597 2079 4652; x_wconf 89' lang='lat' dir='ltr'><strong>horis</strong></span> <span class='ocrx_word' id='word_1_790' title='bbox 2138 4601 2392 4654; x_wconf 84' lang='lat' dir='ltr'><strong>nonnihil</strong></span> <span class='ocrx_word' id='word_1_791' title='bbox 2465 4609 2633 4672; x_wconf 79' lang='lat' dir='ltr'><strong>atque</strong></span> <span class='ocrx_word' id='word_1_792' title='bbox 2684 4604 3054 4658; x_wconf 69' lang='lat' dir='ltr'><strong>observantia:</strong></span> <span class='ocrx_word' id='word_1_793' title='bbox 3106 4619 3324 4672; x_wconf 84' lang='lat' dir='ltr'><strong>semper</strong></span> <span class='ocrx_word' id='word_1_794' title='bbox 3361 4605 3510 4659; x_wconf 82' lang='lat' dir='ltr'><strong>delu-</strong></span> 
     </span>
    </p>
   </div>
   <div class='ocr_carea' id='block_1_106' title="bbox 1923 4694 3512 4764">
    <p class='ocr_par' dir='ltr' id='par_1_106' title="bbox 1923 4694 3512 4764">
     <span class='ocr_line' id='line_1_106' title="bbox 1923 4694 3512 4764; baseline 0.004 -20"><span class='ocrx_word' id='word_1_795' title='bbox 1923 4699 2039 4744; x_wconf 91' lang='lat' dir='ltr'><strong>tum</strong></span> <span class='ocrx_word' id='word_1_796' title='bbox 2071 4700 2193 4756; x_wconf 88' lang='lat' dir='ltr'><strong>est,</strong></span> <span class='ocrx_word' id='word_1_797' title='bbox 2239 4694 2518 4763; x_wconf 59' lang='lat' dir='ltr'><strong>regiaque</strong></span> <span class='ocrx_word' id='word_1_798' title='bbox 2564 4694 2872 4748; x_wconf 86' lang='lat' dir='ltr'><strong>nobilitatis</strong></span> <span class='ocrx_word' id='word_1_799' title='bbox 2927 4696 3193 4764; x_wconf 81' lang='lat' dir='ltr'><strong>sigillum,</strong></span> <span class='ocrx_word' id='word_1_800' title='bbox 3231 4709 3286 4750; x_wconf 89' lang='lat' dir='ltr'><strong>ut</strong></span> <span class='ocrx_word' id='word_1_801' title='bbox 3321 4715 3512 4752; x_wconf 81' lang='lat' dir='ltr'><strong>assm-</strong></span> 
     </span>
    </p>
   </div>
   <div class='ocr_carea' id='block_1_107' title="bbox 1926 4785 3506 4858">
    <p class='ocr_par' dir='ltr' id='par_1_107' title="bbox 1926 4785 3506 4858">
     <span class='ocr_line' id='line_1_107' title="bbox 1926 4785 3506 4858; baseline 0.008 -26"><span class='ocrx_word' id='word_1_802' title='bbox 1926 4791 2173 4847; x_wconf 81' lang='lat' dir='ltr'><strong>varetur,</strong></span> <span class='ocrx_word' id='word_1_803' title='bbox 2229 4786 2698 4840; x_wconf 85' lang='lat' dir='ltr'><strong>commendatum.</strong></span> <span class='ocrx_word' id='word_1_804' title='bbox 2764 4785 2960 4842; x_wconf 79' lang='lat' dir='ltr'><strong>Restat</strong></span> <span class='ocrx_word' id='word_1_805' title='bbox 3031 4789 3202 4858; x_wconf 87' lang='lat' dir='ltr'><strong>igitur</strong></span> <span class='ocrx_word' id='word_1_806' title='bbox 3259 4799 3316 4844; x_wconf 92' lang='lat' dir='ltr'><strong>ut</strong></span> <span class='ocrx_word' id='word_1_807' title='bbox 3367 4793 3506 4845; x_wconf 82' lang='lat' dir='ltr'><strong>illud</strong></span> 
     </span>
    </p>
   </div>
   <div class='ocr_carea' id='block_1_108' title="bbox 1931 4873 3511 4948">
    <p class='ocr_par' dir='ltr' id='par_1_108' title="bbox 1931 4873 3511 4948">
     <span class='ocr_line' id='line_1_108' title="bbox 1931 4873 3511 4948; baseline 0.006 -24"><span class='ocrx_word' id='word_1_808' title='bbox 1931 4874 2380 4942; x_wconf 88' lang='lat' dir='ltr'><strong>interpretemur,</strong></span> <span class='ocrx_word' id='word_1_809' title='bbox 2421 4873 2600 4929; x_wconf 84' lang='lat' dir='ltr'><strong>Donec</strong></span> <span class='ocrx_word' id='word_1_810' title='bbox 2631 4878 2803 4947; x_wconf 64' lang='lat' dir='ltr'><strong>ueniat</strong></span> <span class='ocrx_word' id='word_1_811' title='bbox 2858 4879 2946 4948; x_wconf 86' lang='lat' dir='ltr'><strong>qui</strong></span> <span class='ocrx_word' id='word_1_812' title='bbox 3001 4879 3289 4934; x_wconf 75' lang='lat' dir='ltr'><strong>mittendus</strong></span> <span class='ocrx_word' id='word_1_813' title='bbox 3322 4892 3422 4944; x_wconf 80' lang='lat' dir='ltr'><strong>est,</strong></span> <span class='ocrx_word' id='word_1_814' title='bbox 3455 4891 3511 4936; x_wconf 79' lang='lat' dir='ltr'><strong>et</strong></span> 
     </span>
    </p>
   </div>
   <div class='ocr_carea' id='block_1_109' title="bbox 1922 4959 3508 5038">
    <p class='ocr_par' dir='ltr' id='par_1_109' title="bbox 1922 4959 3508 5038">
     <span class='ocr_line' id='line_1_109' title="bbox 1922 4959 3508 5038; baseline 0.008 -25"><span class='ocrx_word' id='word_1_815' title='bbox 1922 4959 2036 5028; x_wconf 76' lang='lat' dir='ltr'><strong>ipse</strong></span> <span class='ocrx_word' id='word_1_816' title='bbox 2067 4963 2169 5014; x_wconf 75' lang='lat' dir='ltr'><strong>erit</strong></span> <span class='ocrx_word' id='word_1_817' title='bbox 2221 4965 2548 5032; x_wconf 70' lang='lat' dir='ltr'><strong>exspectatio</strong></span> <span class='ocrx_word' id='word_1_818' title='bbox 2591 4967 2865 5035; x_wconf 82' lang='lat' dir='ltr'><strong>gentium;</strong></span> <span class='ocrx_word' id='word_1_819' title='bbox 2905 4968 3162 5024; x_wconf 85' lang='lat' dir='ltr'><strong>Christus</strong></span> <span class='ocrx_word' id='word_1_820' title='bbox 3187 4986 3382 5038; x_wconf 81' lang='lat' dir='ltr'><strong>neinpe</strong></span> <span class='ocrx_word' id='word_1_821' title='bbox 3413 4973 3508 5026; x_wconf 78' lang='lat' dir='ltr'><strong>Dei</strong></span> 
     </span>
    </p>
   </div>
   <div class='ocr_carea' id='block_1_110' title="bbox 1924 5050 3514 5124">
    <p class='ocr_par' dir='ltr' id='par_1_110' title="bbox 1924 5050 3514 5124">
     <span class='ocr_line' id='line_1_110' title="bbox 1924 5050 3514 5124; baseline 0.006 -20"><span class='ocrx_word' id='word_1_822' title='bbox 1924 5050 2098 5104; x_wconf 82' lang='lat' dir='ltr'><strong>Filius</strong></span> <span class='ocrx_word' id='word_1_823' title='bbox 2139 5051 2233 5106; x_wconf 92' lang='lat' dir='ltr'><strong>bic</strong></span> <span class='ocrx_word' id='word_1_824' title='bbox 2261 5061 2382 5116; x_wconf 88' lang='lat' dir='ltr'><strong>est,</strong></span> <span class='ocrx_word' id='word_1_825' title='bbox 2417 5061 2474 5108; x_wconf 83' lang='lat' dir='ltr'><strong>et</strong></span> <span class='ocrx_word' id='word_1_826' title='bbox 2529 5055 2649 5124; x_wconf 90' lang='lat' dir='ltr'><strong>ipse</strong></span> <span class='ocrx_word' id='word_1_827' title='bbox 2679 5054 2962 5112; x_wconf 88' lang='lat' dir='ltr'><strong>Dominus.</strong></span> <span class='ocrx_word' id='word_1_828' title='bbox 3021 5058 3194 5124; x_wconf 79' lang='lat' dir='ltr'><strong>Quem</strong></span> <span class='ocrx_word' id='word_1_829' title='bbox 3249 5061 3514 5114; x_wconf 71' lang='lat' dir='ltr'><strong>oniiiihus</strong></span> 
     </span>
    </p>
   </div>
   <div class='ocr_carea' id='block_1_111' title="bbox 1923 5145 3516 5220">
    <p class='ocr_par' dir='ltr' id='par_1_111' title="bbox 1923 5145 3516 5220">
     <span class='ocr_line' id='line_1_111' title="bbox 1923 5145 3516 5220; baseline 0.004 -21"><span class='ocrx_word' id='word_1_830' title='bbox 1923 5145 2238 5200; x_wconf 86' lang='lat' dir='ltr'><strong>sanctitatis</strong></span> <span class='ocrx_word' id='word_1_831' title='bbox 2267 5150 2522 5202; x_wconf 87' lang='lat' dir='ltr'><strong>numeris</strong></span> <span class='ocrx_word' id='word_1_832' title='bbox 2553 5149 2814 5203; x_wconf 86' lang='lat' dir='ltr'><strong>absoluta</strong></span> <span class='ocrx_word' id='word_1_833' title='bbox 2852 5151 3014 5220; x_wconf 78' lang='lat' dir='ltr'><strong>Virgo</strong></span> <span class='ocrx_word' id='word_1_834' title='bbox 3039 5151 3156 5208; x_wconf 69' lang='lat' dir='ltr'><strong>haec</strong></span> <span class='ocrx_word' id='word_1_835' title='bbox 3185 5167 3217 5206; x_wconf 87' lang='lat' dir='ltr'><strong>e</strong></span> <span class='ocrx_word' id='word_1_836' title='bbox 3249 5151 3516 5208; x_wconf 68' lang='lat' dir='ltr'><strong>Davidic»</strong></span> 
     </span>
    </p>
   </div>
   <div class='ocr_carea' id='block_1_112' title="bbox 1924 5237 3513 5314">
    <p class='ocr_par' dir='ltr' id='par_1_112' title="bbox 1924 5237 3513 5314">
     <span class='ocr_line' id='line_1_112' title="bbox 1924 5237 3513 5314; baseline 0.004 -24"><span class='ocrx_word' id='word_1_837' title='bbox 1924 5237 2125 5292; x_wconf 79' lang='lat' dir='ltr'><strong>ciliissa</strong></span> <span class='ocrx_word' id='word_1_838' title='bbox 2166 5238 2358 5308; x_wconf 85' lang='lat' dir='ltr'><strong>stipite</strong></span> <span class='ocrx_word' id='word_1_839' title='bbox 2407 5240 2720 5311; x_wconf 82' lang='lat' dir='ltr'><strong>virgineum</strong></span> <span class='ocrx_word' id='word_1_840' title='bbox 2771 5242 2825 5295; x_wconf 91' lang='lat' dir='ltr'><strong>in</strong></span> <span class='ocrx_word' id='word_1_841' title='bbox 2861 5243 3109 5308; x_wconf 83' lang='lat' dir='ltr'><strong>modum,</strong></span> <span class='ocrx_word' id='word_1_842' title='bbox 3144 5244 3513 5314; x_wconf 79' lang='lat' dir='ltr'><strong>virgineoque</strong></span> 
     </span>
    </p>
   </div>
   <div class='ocr_carea' id='block_1_113' title="bbox 1923 5331 3504 5404">
    <p class='ocr_par' dir='ltr' id='par_1_113' title="bbox 1923 5331 3504 5404">
     <span class='ocr_line' id='line_1_113' title="bbox 1923 5331 3504 5404; baseline 0.006 -24"><span class='ocrx_word' id='word_1_843' title='bbox 1923 5331 2133 5396; x_wconf 87' lang='lat' dir='ltr'><strong>peperit</strong></span> <span class='ocrx_word' id='word_1_844' title='bbox 2195 5332 2515 5400; x_wconf 87' lang='lat' dir='ltr'><strong>puerperio.</strong></span> <span class='ocrx_word' id='word_1_845' title='bbox 2569 5331 2649 5384; x_wconf 63' lang='lat' dir='ltr'><strong>Et</strong></span> <span class='ocrx_word' id='word_1_846' title='bbox 2710 5348 2820 5402; x_wconf 89' lang='lat' dir='ltr'><strong>quo</strong></span> <span class='ocrx_word' id='word_1_847' title='bbox 2859 5335 3136 5404; x_wconf 87' lang='lat' dir='ltr'><strong>siquidem</strong></span> <span class='ocrx_word' id='word_1_848' title='bbox 3187 5335 3504 5392; x_wconf 63' lang='lat' dir='ltr'><strong>Juda&#39;orum</strong></span> 
     </span>
    </p>
   </div>
   <div class='ocr_carea' id='block_1_114' title="bbox 1934 5416 3514 5494">
    <p class='ocr_par' dir='ltr' id='par_1_114' title="bbox 1934 5416 3514 5494">
     <span class='ocr_line' id='line_1_114' title="bbox 1934 5416 3514 5494; baseline 0.007 -24"><span class='ocrx_word' id='word_1_849' title='bbox 1934 5416 2229 5486; x_wconf 87' lang='lat' dir='ltr'><strong>imperium</strong></span> <span class='ocrx_word' id='word_1_850' title='bbox 2287 5421 2550 5486; x_wconf 85' lang='lat' dir='ltr'><strong>evanuit,</strong></span> <span class='ocrx_word' id='word_1_851' title='bbox 2616 5437 2779 5476; x_wconf 84' lang='lat' dir='ltr'><strong>nemo</strong></span> <span class='ocrx_word' id='word_1_852' title='bbox 2809 5423 2952 5480; x_wconf 85' lang='lat' dir='ltr'><strong>alios</strong></span> <span class='ocrx_word' id='word_1_853' title='bbox 2983 5441 3152 5494; x_wconf 84' lang='lat' dir='ltr'><strong>super</strong></span> <span class='ocrx_word' id='word_1_854' title='bbox 3185 5427 3514 5480; x_wconf 72' lang='lat' dir='ltr'><strong>ltavidicunt</strong></span> 
     </span>
    </p>
   </div>
   <div class='ocr_carea' id='block_1_115' title="bbox 1937 5511 3506 5604">
    <p class='ocr_par' dir='ltr' id='par_1_115' title="bbox 1937 5511 3506 5604">
     <span class='ocr_line' id='line_1_115' title="bbox 1937 5511 3506 5604; baseline 0.006 -40"><span class='ocrx_word' id='word_1_855' title='bbox 1937 5511 2196 5566; x_wconf 88' lang='lat' dir='ltr'><strong>thronum</strong></span> <span class='ocrx_word' id='word_1_856' title='bbox 2227 5553 2242 5578; x_wconf 93' lang='lat'><strong>,</strong></span> <span class='ocrx_word' id='word_1_857' title='bbox 2277 5517 2372 5584; x_wconf 91' lang='lat' dir='ltr'><strong>qui</strong></span> <span class='ocrx_word' id='word_1_858' title='bbox 2407 5516 2511 5570; x_wconf 89' lang='lat' dir='ltr'><strong>sub</strong></span> <span class='ocrx_word' id='word_1_859' title='bbox 2581 5517 2775 5573; x_wconf 89' lang='lat' dir='ltr'><strong>oculos</strong></span> <span class='ocrx_word' id='word_1_860' title='bbox 2807 5519 3030 5574; x_wconf 78' lang='lat' dir='ltr'><strong>caderet</strong></span> <span class='ocrx_word' id='word_1_861' title='bbox 3066 5537 3171 5576; x_wconf 72' lang='lat' dir='ltr'><strong>rex&#39;</strong></span> <span class='ocrx_word' id='word_1_862' title='bbox 3195 5523 3506 5604; x_wconf 66' lang='lat' dir='ltr'><strong>secundum</strong></span> 
     </span>
    </p>
   </div>
   <div class='ocr_carea' id='block_1_116' title="bbox 3009 5705 3505 5773">
    <p class='ocr_par' dir='ltr' id='par_1_116' title="bbox 3009 5705 3505 5773">
     <span class='ocr_line' id='line_1_116' title="bbox 3009 5705 3505 5773; baseline -0.002 -11"><span class='ocrx_word' id='word_1_863' title='bbox 3009 5708 3022 5745; x_wconf 81' lang='grc' dir='ltr'><strong>ί</strong></span> <span class='ocrx_word' id='word_1_864' title='bbox 3059 5705 3199 5762; x_wconf 81' lang='lat' dir='ltr'><strong>Gen.</strong></span> <span class='ocrx_word' id='word_1_865' title='bbox 3237 5721 3383 5773; x_wconf 68' lang='grc' dir='ltr'><strong>χιιι,</strong></span> <span class='ocrx_word' id='word_1_866' title='bbox 3417 5707 3505 5761; x_wconf 74' lang='grc' dir='ltr'><strong>ιο.</strong></span> 
     </span>
    </p>
   </div>
  </div>
