4032 6138
441 281 542 348 341
1534 285 1615 357 ΙΝ
1645 293 2001 360 NATIVITA

2107 299 2160 364 Μ
2187 301 2253 364 Β.
2293 303 2578 369 ΜΑΒΙίΕ.
2623 307 2706 372 ΙΙ.

3495 345 3504 350 ·
3597 321 3701 385 849

441 399 568 450 στὸν
597 397 663 452 ἐκ
693 389 884 464 γένους
907 388 1036 452 δντα
1067 399 1246 454 Δαυτδ.
1279 401 1588 472 Προσέσται
1613 407 1722 473 γάρ
1757 425 1838 460 σοι
1865 408 2001 476 δῆλοι

2128 413 2392 484 nulloque
2424 413 2802 474 intercedente
2837 420 3075 479 dissidio
3111 425 3165 478 in
3219 441 3384 482 unam
3417 431 3702 486 eamdem-

438 489 712 552 ἐντεῦθεν,
734 491 829 544 καὶ
873 492 1046 564 αὐτὴν
1094 493 1502 564 ὑπολαμϐάνειν
1525 499 1588 548 ἐκ
1625 498 1812 564 γένους
1855 496 2001 554 οὖσαι

2128 517 2236 570 que
2267 512 2504 560 mentem
2535 512 3014 582 conspirantihus,
3067 515 3357 574 Christum
3401 535 3466 575 ex
3500 537 3703 593 genere

439 581 604 634 Δαυῖδ
624 583 725 652 τὴν
749 584 974 655 ἀρρήτῳ
1030 585 1298 657 κυοφορίᾳ
1345 589 1646 660 γενομένην
1681 591 1844 645 αὐτοῦ
1878 593 2001 647 κατὲ

2130 590 2352 651 Davidis
2393 598 2670 666 prodiisse
2703 601 3012 670 fateamini.
3083 607 3226 664 Hinc
3275 614 3424 666 enim
3465 581 3704 671 manife-

439 674 620 742 σάρκα
669 677 900 747 μητέρα.
937 677 1003 730 Εἰ
1021 695 1100 747 τῳ
1129 679 1204 749 μὴ
1243 682 1532 751 παρέργως
1578 686 1778 736 νοεῖται
1799 685 1881 748 τὸ,
1926 675 2001 737 ‘E:

2126 685 2374 743 stissimo
2431 691 2622 747 licebit
2673 708 3005 767 argumento
3065 701 3366 770 deducere,
3413 721 3534 762 eam
3564 723 3700 778 quo-

437 764 531 816 τοῦ
563 767 781 836 καρποῦ
808 769 868 820 τὸ
901 769 1117 840 δένδρον
1140 769 1593 837 ἐπιγινώσκεται.

2125 793 2233 842 que
2265 793 2334 834 ex
2389 791 2591 850 genere
2643 785 2866 842 Davidis
2921 791 3223 856 emuxisse.
3276 811 3400 867 quae
3431 796 3698 854 inell‘abill

436 856 824 924 gravidatione
879 859 1056 930 ipsius
1086 859 1392 916 secundum
1450 877 1670 917 carnem
1737 871 1913 918 mater
1975 866 2216 924 exstitit.
2305 869 2442 934 Quis
2507 875 2654 931 enim
2739 879 2974 936 inliciari
3034 856 3308 954 unquam.
3355 891 3555 959 possit,
3644 889 3696 946 id

437 949 756 1004 certissime
809 951 998 1006 evinci
1083 965 1210 1006 cum
1259 951 1426 1006 arbor
1475 969 1542 1008 ex
1579 951 1762 1007 fructu
1803 954 2012 1024 optime
2049 954 2462 1022 dignoscatur‘t
2513 1035 2520 1040 _

508 1099 648 1152 Ἀλλ’
669 1100 764 1152 ἐπὶ
793 1097 892 1170 τὴν
925 1100 1202 1166 γενέθλιον
1250 1097 1406 1164 αὖθις
1447 1103 1852 1174 ἀναδράμωμεν
1893 1106 2017 1172 ἐορ-

435 1188 554 1260 τὴν,
585 1189 680 1242 καὶ
701 1192 768 1260 τῇ
805 1190 974 1259 ’Δννῃ
1017 1192 1210 1262 μικρὸν
1252 1191 1442 1262 ὥσπερ
1491 1194 1849 1264 ἐπιθαλάμιον
1890 1196 2020 1247 ἁνα-

437 1280 800 1351 κρουσώμεθα
849 1282 1030 1351 μέλος.
1105 1283 1219 1336 Νῦν
1294 1284 1392 1354 μὲν
1461 1287 1808 1358 κνλοφορούσῃ
1851 1286 2019 1340 παῖδα

436 1373 738 1438 θεόσδοτον,
789 1374 1126 1442 ἐπαγγελίας
1175 1375 1452 1448 ἐνέχυρον,
1510 1377 1606 1430 νῦν
1641 1379 1699 1431 δὲ
1753 1378 2034 1452 τικτούσῃ

434 1465 658 1534 γόνιμον
681 1465 846 1535 εὐχὴν
875 1466 1012 1534 μετὰ
1046 1466 1332 1538 στείρωσιν
1372 1469 1472 1536 τῆς
1503 1469 1644 1540 ὑπὲρ
1679 1469 1803 1522 νοῦν
1831 1473 2009 1538 ἐκφα-

433 1555 700 1625 νεστάτης
743 1555 874 1608 Θεοῦ
933 1556 1073 1624 πρὸς
1117 1557 1437 1630 ἀνθρώπους
1476 1559 1791 1628 ἐπιδημίας.
1829 1561 2011 1626 Ἄξιον

433 1646 544 1717 γὰρ
565 1647 807 1700 τοιοῦτον
826 1647 1236 1702 ἀποτεκνοῦσαν
1277 1648 1507 1720 βλαστὸν
1551 1651 2007 1722 ἀνευφημετσθαι,

434 1738 528 1792 καὶ
554 1737 704 1800 Θείας
725 1737 892 1802 ὅντως
922 1741 1318 1810 ἐπιφωνήσεως
1372 1741 1672 1808 ἀξιοῦσθαι.
1717 1743 2008 1814 Πρόκειται

433 1829 561 1898 γοῦν
593 1825 706 1883 οἷόν
755 1848 838 1896 τις
867 1831 1092 1903 νυμφὼν
1117 1833 1145 1885 ό
1169 1833 1270 1902 τῆς
1306 1834 1506 1904 Ἀννης
1544 1825 1739 1888 κοιτὼν
1765 1852 1776 1864 ·
1823 1837 2010 1890 παίδοι-

433 1921 615 1984 ποιίας
667 1923 760 1976 καὶ
791 1923 1089 1994 παρθενίας
1124 1920 1577 2000 ὑπογραφόμενος
1603 1928 1920 1998 πρόσωπον,
1951 1929 2010 1982 τὸ

435 2013 532 2081 μὲν
561 2013 655 2083 τῆς
677 2015 964 2084 τεκούσης,
987 2015 1047 2067 τὸ
1073 2014 1132 2068 δὲ
1164 2015 1260 2079 τῆς
1285 2016 1567 2100 τεχθείσης
1590 2033 1603 2046 ·
1631 2012 1749 2090 ὧνή
1775 2019 2009 2090 μὲνᾶρτι

429 2105 528 2174 τὴν
545 2104 699 2158 λύσιν
725 2107 822 2176 τῆς
847 2105 1098 2169 ἀπαιδίας
1123 2106 1362 2173 ἐδέξατο,
1392 2110 1426 2178 ἡ
1454 2109 1512 2162 δὲ
1543 2112 1738 2180 μικρὸν
1761 2109 2006 2182 ὕστερον,

429 2199 527 2268 τῆς
561 2197 684 2252 καθ’
704 2201 849 2270 ἡμᾶς
889 2199 1063 2270 Ἰησοῦ
1093 2200 1448 2268 θεοπλαστίας
1477 2203 1567 2257 τὸν
1588 2206 1808 2258 τοκετὸν
1843 2205 2009 2275 ὑπερ-

430 2289 582 2358 φυῶς
614 2289 1003 2360 ὐποστήσεται.
1054 2292 1298 2356 Εἰκότως
1335 2287 1428 2347 οὖν
1458 2291 1492 2364 ἡ
1520 2295 1817 2366 θεόληπτος
1838 2297 2006 2349 Ἀννα

429 2381 653 2454 φαιδρὰ,
687 2383 780 2435 καὶ⁸
807 2383 1182 2454 γεγαννυμένη
1228 2388 1295 2456 τῇ
1326 2386 1428 2456 τῆς
1453 2386 1632 2456 ψυχῆς
1674 2391 2006 2443 καταστάσει

426 2473 764 2544 διαπρυσίως
795 2467 932 2547 βοᾷ·
967 2475 1286 2548 Συγχάρητέ
1343 2495 1452 2548 μοι,
1482 2479 1736 2548 λέγουσα,
1778 2481 2006 2548 βλαστὸν

425 2563 760 2632 ἐπαγγελίας
781 2563 838 2630 ἐξ
851 2564 1104 2636 ἀκάρπου
1130 2567 1365 2639 τεκούσῃ
1388 2568 1646 2638 γαστρὸς,
1681 2571 1776 2622 καὶ
1794 2571 2004 2639 καρπὸν

426 2655 678 2724 εὐλογίας
703 2655 824 2708 κατ’
852 2657 1018 2726 εὐχὰς
1041 2657 1382 2730 ἐκτρεφούσῃ
1415 2659 1592 2730 μαζῷ.
1639 2657 2004 2734 Ἐξεδυσάμην

423 2745 484 2798 τὸ
510 2743 874 2816 στειρώσεως,
919 2747 1038 2801 καὶ-
1070 2748 1168 2818 τῆς
1233 2749 1515 2812 εὐτεκνίας
1549 2751 1609 2805 τὸ
1645 2753 1868 2824 φαιδρὸν
1893 2757 2002 2825 np.-

425 2839 712 2908 φιασάμην
741 2837 1141 2909 προκάλυμμα.
1177 2840 1524 2910 Συγχαιρέτω
1565 2861 1655 2913 μοι
1698 2846 1938 2916 σήμερον
1965 2848 1998 2916 ἡ

424 2930 754 2996 ἐξάκουστος
787 2932 978 2995 Ἅννα,
1007 2933 1040 3001 ἡ
1071 2931 1170 3001 τῆς
1201 2933 1434 2996 Φενένας
1463 2933 1758 2998 ἀντίθετος,
1804 2935 1900 2990 καὶ
1925 2938 2000 3009 τῷ
2042 2978 2050 2984 .

423 3025 546 3077 κατ’
577 3024 748 3094 αὐτὴν
777 3023 1135 3092 ὑποδείγματι
1159 3023 1217 3076 τὸ
1237 3025 1366 3094 περὶ
1399 3025 1497 3095 ἐμὲ
1543 3027 1846 3096 παράδοξον
1877 3031 1998 3082 ἐπι-

423 3113 684 3184 κροτείτω
709 3113 916 3184 θαῦμα,
950 3113 1240 3182 Χορευετω
1265 3115 1358 3167 καὶ
1401 3113 1588 3188 Σάρρα
1617 3117 1999 3187 πρεσϐυτικῶς

2181 1109 2300 1164 Jam
2337 1128 2468 1169 vero
2494 1115 2564 1171 ad
2593 1121 2908 1180 natalitiam
2937 1123 3046 1180 diei
3075 1128 3462 1188 celebritatem
3498 1151 3690 1194 rever-

2118 1211 2338 1270 tamur;
2376 1215 2429 1261 et
2463 1209 2678 1266 Annam
2733 1215 3138 1290 aliquantisper
3167 1230 3428 1292 tanquam
3459 1233 3692 1294 nuptiali

2114 1297 2364 1354 carmine
2418 1304 2780 1371 proludentes
2811 1309 3222 1369 collaudemus.
3277 1315 3414 1372 Nam
3445 1330 3500 1374 et
3525 1323 3691 1378 tiliam

2115 1397 2144 1436 a
2179 1384 2286 1442 Deo
2371 1389 2577 1462 datam,
2633 1399 3032 1466 promissionis
3111 1407 3477 1466 arrhabonem
3533 1425 3692 1470 utero

2115 1481 2371 1544 gestavit,
2421 1497 2656 1556 namque
2685 1491 2970 1548 obtentam
3008 1499 3276 1565 precibus
3319 1511 3445 1571 post
3475 1509 3691 1578 sterili-

2113 1573 2280 1622 tatem
2327 1577 2562 1642 peperit,
2597 1595 2720 1649 quae
2773 1581 2948 1638 Deum
2986 1602 3156 1658 supra
3187 1590 3444 1650 humanae
3481 1573 3688 1651 mentis

2112 1669 2333 1730 captum
2374 1668 2892 1728 manifestissimum
2929 1675 3244 1737 hominibus
3275 1683 3504 1749 factum,
3533 1704 3689 1742 cum.

2111 1766 2220 1820 que
2249 1753 2361 1810 illis
2395 1771 2818 1818 conversantem
2853 1767 3087 1838 gignere
3119 1773 3313 1828 valuit.
3373 1773 3480 1829 Par
3507 1778 3689 1848 siqui-

2113 1843 2240 1912 dem.
2262 1856 2348 1900 est
2402 1865 2550 1916 eam,
2612 1868 2736 1922 qua:
2793 1858 2904 1912 tale
2933 1861 3108 1916 edidit
3159 1879 3408 1934 germen,
3453 1873 3688 1926 summis

2116 1935 2370 1993 laudibus
2396 1942 2552 1996 evehi
2579 1944 2898 2018 divinisque
2935 1953 3117 2022 excipi
3151 1956 3682 2018 acclamationibus.

2111 2023 2342 2080 Videtur
2383 2029 2551 2097 igitur
2600 2035 2767 2088 veluti
2820 2037 3098 2094 thalamus
3133 2057 3262 2098 esse
3313 2045 3486 2100 Anna:
3525 2049 3685 2104 Cubi-

2109 2119 2294 2172 culum
2324 2119 2564 2175 duarum
2629 2126 2934 2195 insignium
2994 2129 3328 2188 feminarum
3363 2138 3685 2196 nominibus

2111 2207 2464 2278 inscriptum,
2525 2214 2780 2270 videlicet
2829 2218 3118 2288 genitricis
3178 2231 3232 2276 et
3262 2227 3498 2295 genitae,
3545 2243 3684 2300 qua-

2109 2311 2230 2350 rum
2259 2302 2431 2356 altera
2462 2305 2779 2363 sterilitatis
2810 2309 3086 2366 dedecore
3120 2316 3284 2369 modo
3311 2317 3548 2375 liberata
3568 2329 3673 2388 est,

2108 2384 2279 2445 altera
2312 2407 2443 2446 vero
2494 2398 2660 2464 paulo
2685 2409 2808 2467 post
2835 2397 3021 2456 Jesum
3060 2403 3296 2460 similem
3342 2409 3502 2464 nobis
3549 2412 3682 2466 divi-

2106 2480 2261 2538 nitus
2323 2481 2532 2538 factum
2603 2486 2964 2545 inenarrabili
3021 2496 3240 2550 ratione
3297 2501 3498 2567 pariet.
3547 2499 3678 2558 Jure

2107 2573 2294 2642 itaque
2383 2575 2572 2630 divino
2647 2591 2878 2649 accepto
2940 2598 3168 2641 munere
3241 2589 3447 2657 Anna,
3534 2594 3675 2649 laeti-

2103 2658 2180 2712 tia
2209 2660 2482 2727 gestiente
2518 2664 2725 2730 animo,
2765 2671 2981 2737 magnis
3015 2674 3266 2740 vocibus,
3299 2685 3361 2730 ut
3397 2681 3467 2734 ah
3497 2685 3673 2736 cinni-

2103 2749 2208 2804 bus
2263 2750 2544 2817 audiatur,
2604 2757 2900 2823 exclamat,
2945 2779 2957 2814 :
2998 2761 3472 2833 Congratulamini
3517 2771 3673 2838 mihi,

2102 2842 2386 2910 inquiens,
2411 2859 2533 2914 quae
2566 2848 2962 2915 promissionis
2989 2868 3213 2922 germen
3245 2871 3312 2911 ex
3345 2860 3470 2916 alvo
3495 2865 3672 2918 sterili

2101 2936 2410 3002 procreavi,
2457 2947 2512 2991 et
2561 2938 2964 2998 benedictionis
3019 2943 3284 3012 fructum,
3329 2953 3470 3007 utin
3531 2957 3673 3012 votis

2099 3033 2240 3088 erat,
2279 3025 2502 3095 papillis
2559 3030 2695 3084 meis
2723 3032 2987 3088 enutrivi.
3046 3033 3282 3092 Tristem
3312 3043 3437 3095 exui
3469 3045 3672 3100 sterili-

2101 3118 2231 3172 tatis
2258 3126 2491 3180 vestem,
2551 3121 2850 3192 Ianumque
2875 3127 3060 3196 accepi
3095 3126 3455 3188 fecunditatis
3509 3136 3676 3192 indu-

361 3230 370 3238 -
424 3205 832 3276 ἁνασκιρτῶσα,
891 3204 988 3258 καὶ
1047 3207 1148 3276 τὴν
1211 3205 1349 3290 ἐμὴν
1411 3207 1806 3278 ὐπογράφουσα
1863 3211 1998 3280 μετὰ

2103 3217 2369 3264 mentum.
2425 3211 2852 3282 Congratuletur
2903 3217 3040 3272 mihi
3091 3219 3254 3276 hodie
3298 3225 3536 3282 celebris
3581 3229 3674 3284 illa

425 3297 710 3364 στείρωσιν
750 3295 974 3365 κύησιν.
1051 3295 1547 3365 Ὑποφωνείτωσαν
1606 3298 1722 3368 ἅμα
1788 3303 1998 3372 στεῖραι

425 3389 518 3441 καὶ
537 3387 721 3458 ἄγονοι
743 3388 842 3457 τὴν
873 3389 961 3441 ἐπ’
1015 3388 1140 3458 ἐμοὶ
1169 3388 1660 3457 θαυμαστωθεϊσαν
1708 3391 2001 3460 οὐρανόθεν

424 3479 736 3548 ἐπίσκεψιν.
761 3479 985 3533 Είπάτω
1039 3479 1104 3548 δὴ
1153 3479 1249 3531 καὶ
1285 3479 1438 3532 πᾶσα
1490 3481 1692 3550 μήτηρ,
1729 3482 1824 3535 καὶ
1853 3483 2000 3551 γόνιδ

427 3587 545 3639 μσς,
579 3571 870 3641 εὐλογητὸς
920 3571 950 3624 6
998 3571 1121 3634 δοὺς
1148 3571 1316 3640 εὐχὴν
1373 3571 1486 3632 τοῖς
1533 3569 1864 3640 εὐχομένοις,
1907 3575 2002 3628 καὶ

423 3661 693 3726 διανοίξας
737 3663 937 3734 πόρους
996 3663 1190 3730 ἀγόνου
1239 3663 1474 3733 μήτρας,
1529 3663 1626 3716 καὶ
1675 3663 1904 3733 βλαστὸν
1939 3665 1998 3732 ἐξ

424 3754 676 3825 ἀκάρπου
726 3753 892 3824 γονῆς
950 3753 1320 3825 χαρισάμενος
1374 3754 1476 3824 τὴν
1537 3753 1998 3826 ὑπερθαύμαστον

424 3843 588 3896 αὐτοῦ
613 3843 756 3897 κατὰ
807 3844 987 3913 σάρκα
1041 3843 1273 3914 μητέρα.
1319 3835 1426 3907 Ἦς
1473 3843 1697 3914 ἠνηδὺς
1745 3847 1993 3918 οὐρανὸς,

423 3935 482 3986 ἐν
507 3927 552 4001 ᾧ
569 3934 882 4003 ἐσκήνωσεν
907 3935 934 3986 ό
966 3931 1217 4002 μηδαμοῦ
1247 3932 1516 4004 χωρητός.

2101 3301 2610 3364 Ληηο,ΡΙιειιοηηω
2634 3307 2862 3373 aemula;
2900 3317 2954 3363 et
2985 3309 3312 3370 incredibile
3341 3317 3672 3375 miraculum
3759 3369 3766 3376 .

2101 3393 2268 3462 quod.
2317 3393 2452 3446 mihi
2503 3407 2726 3463 quoque
2791 3400 3046 3468 exemplo
3121 3406 3402 3462 consimili
3450 3411 3672 3482 obtigit,

2102 3483 2389 3552 plausibus
2446 3495 2838 3554 prosequatur.
2897 3489 3146 3548 Choreas
3204 3496 3372 3552 ducat
3443 3510 3498 3555 et
3536 3503 3672 3558 Sara

2101 3573 2356 3630 seniliter
2379 3576 2668 3638 exsiliens,
2705 3593 2940 3648 meoque
2970 3590 3266 3654 conceptui
3295 3599 3478 3644 amota
3512 3597 3674 3649 steri-

2103 3665 2262 3719 litate
2311 3666 2648 3722 subscribat.
2707 3669 2909 3726 Adsint
2967 3673 3130 3728 simul
3165 3683 3219 3731 et
3249 3679 3474 3748 reliquae
3504 3685 3671 3738 steri-

2104 3756 2182 3812 les
2213 3771 2336 3825 qute
2367 3757 2569 3814 liberos
2601 3775 2708 3814 non
2743 3771 3105 3831 pepererunt,
3159 3781 3492 3842 mecumque
3530 3775 3673 3830 divi-

2102 3864 2186 3904 nae
2243 3850 2620 3906 beneﬁcentia;
2670 3868 2872 3910 munus
2923 3859 3206 3926 exaltant;
3240 3877 3352 3932 quo
3386 3865 3586 3921 mirum
3619 3867 3672 3923 in

2103 3940 2326 3993 modum
2359 3939 2588 3994 visitare
2611 3957 2696 3996 me
2727 3941 2993 4001 Dominus
3017 3947 3280 4017 dignatus
3309 3963 3418 4009 est.
3445 3956 3598 4014 Dicat
3619 3943 3687 4014 et

421 4035 598 4079 mater
641 4018 866 4092 omnis',
897 4039 1022 4093 qua:
1069 4025 1214 4079 ﬁlios
1245 4024 1496 4093 peperit;
1549 4025 1889 4093 benedictus,
1940 4033 2034 4101 qui
2085 4032 2251 4101 petita
2305 4031 2455 4084 dedit
2485 4032 2823 4100 petentibus,
2855 4037 3172 4106 sterilisque
3201 4044 3412 4097 ventris
3457 4051 3674 4116 aperuit

421 4115 670 4185 ianuam,
715 4117 1074 4186 fructumque
1105 4131 1170 4169 ex
1201 4115 1500 4170 infecundo
1537 4120 1750 4175 semine
1781 4121 2014 4192 largitus
2044 4133 2148 4185 cst,
2191 4137 2346 4177 suam
2375 4121 2592 4176 scilicet
2633 4123 2808 4192 ipsius
2837 4127 3142 4182 secundum
3178 4144 3402 4188 carnem
3449 4141 3674 4204 praecel-

423 4211 788 4266 lentissimam
857 4220 1130 4277 matrem,
1182 4210 1346 4279 cujus
1401 4209 1652 4280 profecto
1709 4225 1904 4269 uterus
1970 4219 2171 4272 emtum
2253 4217 2435 4271 factus
2484 4223 2590 4280 est,
2650 4217 3102 4288 quandoquidem
3161 4225 3258 4293 qui
3326 4226 3481 4281 nullo
3553 4231 3673 4286 loco

423 4307 595 4375 excipi
629 4313 836 4374 potest,
869 4305 918 4362 is
947 4307 1000 4359 in
1025 4320 1090 4362 eo
1116 4305 1540 4360 contubernium
1576 4307 1783 4364 habuit.

487 4457 708 4528 Συνῳδὰ
726 4457 784 4514 δέ
811 4456 1024 4521 τούτοις
1071 4458 1166 4512 καὶ
1194 4459 1356 4528 ἡμεῖς
1393 4457 1530 4530 αὐτῇ
1561 4457 1628 4532 τῇ
1678 4457 1990 4534 καλουμένῃ

2168 4459 2462 4518 Consonas
2520 4459 2704 4529 itaque
2743 4455 2895 4516 hisce
2951 4459 3148 4521 laudes
3177 4473 3231 4522 et
3259 4481 3359 4525 nos
3391 4473 3672 4540 persolva-

425 4555 610 4623 στείρᾳ
645 4551 796 4614 ποτὲ,
829 4549 924 4604 νῦν
944 4551 1000 4603 δὲ
1021 4551 1186 4620 μητρὶ
1209 4551 1478 4622 γενομένῃ
1527 4552 1621 4604 τοῦ
1658 4553 1988 4622 παρθενικοῦ

421 4643 685 4713 θαλάμου,
705 4643 806 4710 τὴν
830 4641 1106 4710 εὐφημίαν
1145 4641 1525 4712 προσάξωμεν,
1562 4643 1820 4713 Εἴπωμεν
1853 4647 1991 4715 μετὰ

418 4735 515 4805 τῆς
549 4734 930 4804 Γραφῆςπρὸς
953 4733 1144 4803 αὐτὴν,
1179 4733 1424 4802 εἴπωμεν
1450 4751 1463 4764 ⁸
1523 4735 1610 4798 Ὡς
1659 4736 1930 4808 μακάριος
1963 4741 1990 4792 ὁ

415 4821 560 4881 οἶκος
591 4827 774 4884 Δαυῒδ,
808 4825 866 4891 ἐξ
915 4819 978 4880 οὐ
1013 4826 1418 4897 προελήλυθαςί
1455 4827 1550 4880 καὶ
1593 4829 1624 4900 ἡ
1652 4830 1838 4898 νηδὺς,
1870 4832 1928 4884 ἐν

417 4917 647 4972 κιϐωτὸν
693 4917 1036 4985 ἀγιὰσματος
1090 4916 1224 4980 Θεὸς
1275 4917 1660 4974 ἐτεκτόνευσεί
1701 4920 1800 4990 τὴν
1829 4925 1990 4976 αὐτὸν

413 5007 670 5079 ἀσπύρως
698 5009 1001 5078 κυήσασαν.
1031 5007 1216 5071 Οὕτως
1234 5009 1299 5062 σὺ
1335 5010 1603 5079 μακαρία,
1629 5012 1721 5065 καὶ
1751 5027 1989 5084 τρισμσε-

415 5099 602 5168 καρία,
636 5099 670 5168 ἡ
701 5097 1128 5168 θεομακάριστον
1152 5098 1350 5169 βρέφος
1387 5101 1834 5188 ἐγκυμονὴσασα,
1869 5106 2004 5188 Μοι-¹

413 5191 534 5255 ρὶαν
559 5189 624 5242 τὸ
645 5189 1014 5258 πολυτίμητον
1058 5189 1252 5258 ὄνομα,
1286 5190 1345 5256 ἐξ
1393 5185 1460 5261 ἦς
1484 5193 1512 5244 ό
1534 5190 1768 5262 Χριστὸς
1805 5197 1864 5248 τὸ
1887 5199 1983 5268 τῆς

410 5281 554 5349 ζωῆς
588 5280 956 5350 ἐχρημάτισεν
971 5280 1152 5344 ἄνθος,
1184 5275 1250 5352 ἧς
1305 5283 1401 5334 κα)⁸
1431 5283 1463 5352 ἡ
1506 5285 1730 5353 πρόοδος
1752 5285 1982 5352 ἔνδοξος,

411 5372 501 5424 καὶ
533 5373 566 5441 ἠ
591 5371 718 5425 ὠδὶν
751 5371 1138 5444 ὐπερκόσμιος.
1171 5371 1553 5444 Συγχαίρομέν
1586 5391 1670 5428 σοι
1693 5378 1982 5448 καὶήμεῖς,

407 5455 452 5512 ὦ
485 5462 750 5516 πανολδία
777 5480 790 5492 ·
821 5467 922 5533 τὴν
952 5463 1061 5532 γὰρ
1109 5463 1326 5516 πάντων
1360 5466 1516 5534 ἡμῶν
1566 5467 1758 5519 ἐλπίδα
1787 5469 1982 5522 θεοδὼο

409 5553 930 5622 ρητονέπαγγελίας
982 5555 1298 5622 ἀπεκύησας
1338 5557 1602 5626 γέννημα.
1647 5557 1906 5628 Μακαρία
1937 5557 1986 5615 εἴ

407 5643 645 5714 ἀληθῶς,
695 5646 788 5698 καὶ
839 5644 1100 5713 μακάριος
1151 5647 1178 5696 ὁ
1234 5647 1446 5714 καρπὸς
1485 5647 1582 5716 τῆς
1613 5647 1823 5712 κοιλίας
1866 5665 2002 5705 σου.-

729 5763 997 5822 Ριιτῐιοιη
1041 5763 1156 5823 Gn.
1193 5759 1420 5820 XCVII.

2100 4569 2222 4608 mus
2251 4554 2325 4617 ei,
2365 4567 2486 4620 quae
2534 4551 2736 4608 sterilis
2771 4554 2903 4607 olim
2963 4559 3285 4626 vocabatur,
3309 4576 3458 4618 nunc
3489 4574 3670 4620 autem

2097 4645 2329 4714 virginei
2395 4627 2621 4696 thalami
2683 4652 2859 4697 mater
2899 4644 3096 4700 effecta
3157 4657 3266 4704 est.
3307 4651 3571 4712 Dicamus
3602 4659 3670 4712 ad

2095 4751 2218 4788 eam
2253 4735 2515 4788 una'cutn
2565 4735 2744 4789 sacris
2777 4736 3018 4805 paginis,
3053 4739 3308 4796 dicamus
3343 4760 3354 4796 :
3385 4744 3557 4810 Quam
3591 4748 3671 4802 fe-

2099 4827 2172 4880 lix
2209 4829 2410 4882 domus
2471 4824 2724 4886 Davidis,
2749 4841 2814 4881 ex
2869 4842 2975 4897 qua
3007 4833 3348 4899 provenisti!
3391 4835 3562 4901 Quam
3597 4841 3670 4892 Γιτ-

2096 4919 2168 4971 lix
2200 4925 2390 4970 venter
2453 4927 2603 4978 tuus,
2631 4918 2685 4970 in
2733 4933 2845 4987 quo
2874 4922 3342 4981 sanetilicationis
3376 4942 3559 4984 arcam
3591 4933 3669 4984 la-

2095 5008 2336 5063 bricatus
2394 5018 2478 5064 est
2517 5010 2660 5065 Deus
2697 5011 2885 5064 i'illam
2941 5015 3227 5080 videlicet,
3270 5035 3394 5087 qua:
3441 5022 3562 5077 sine
3583 5039 3670 5078 se-

2094 5100 2238 5154 mine
2285 5101 2464 5170 ipsum
2524 5104 2869 5172 conciperet.
2935 5103 3078 5162 Vere
3125 5109 3351 5177 quidem
3388 5112 3548 5166 beata
3581 5131 3662 5178 es,

2092 5204 2154 5242 ac
2186 5200 2268 5246 ter
2327 5193 2503 5256 beata,
2555 5209 2678 5262 quae
2739 5193 2946 5252 divinis
2975 5202 3298 5256 muneribus
3327 5207 3662 5262 cumulatam

2087 5283 2324 5352 puellam
2357 5287 2626 5354 genuisti,
2665 5285 2914 5352 Mariam,
2959 5291 3215 5360 inquam,
3277 5311 3537 5366 magnum
3591 5303 3659 5353 il-

2091 5374 2182 5428 lud
2243 5391 2466 5437 nomen.
2502 5381 2648 5432 onini
2705 5381 2866 5435 laude
2917 5385 3178 5455 omnique
3219 5387 3429 5446 honore
3482 5409 3666 5462 prosc-

2089 5469 2408 5536 quendum;
2442 5485 2508 5525 ex
2543 5486 2648 5540 qua
2680 5473 2936 5529 Christus
2965 5477 3086 5531 vita:
3111 5479 3212 5538 llos
3245 5485 3464 5554 erupit:
3501 5487 3662 5557 cujus

2089 5567 2142 5612 et
2199 5553 2598 5616 incrementum
2645 5563 2970 5633 gloriosum,
3031 5577 3085 5621 et
3172 5575 3660 5640 praelatis-simum

2092 5653 2462 5720 puerperium.
2499 5653 2854 5711 Gratulamur
2882 5660 2976 5713 tibi
3018 5671 3069 5714 ct
3100 5681 3218 5718 nm.
3257 5682 3288 5716 ο
3321 5667 3656 5728 beatissima.

3220 5779 3286 5841 ‘27
