4032 6138
412 288 517 362 ΒΔΒ
604 342 612 349 .

1602 300 1663 362 5.
1696 301 2023 363 ΑΝΒΒΕᾸΞ
2064 300 2481 362 CIlETENSlS

3563 300 3670 363 844

412 418 656 468 nostram
722 410 986 481 siquidem
1025 412 1271 468 omnium
1304 426 1455 482 spem
1486 412 1754 469 divinitus
1779 415 1973 478 datam,

2090 416 2503 485 Μακαρίζονται
2530 415 2616 469 διὰ
2653 414 2746 468 σοῦ
2782 413 2871 466 καὶ
2914 418 3169 482 γυναῖκες
3205 413 3581 469 ἀποϐαλοῦσαι
3610 417 3671 469 τὸ

413 502 854 571 promissamque
904 499 1113 569 prolem
1143 500 1387 557 edidisti.
1423 500 1587 558 Beata
1619 502 1873 572 profecto
1900 519 1980 569 es,

410 595 732 662 ventrisque
779 594 855 645 tui
911 592 1105 647 beatus
1164 592 1400 649 fructus.
1454 593 1560 650 Per
1609 603 1664 651 te
1696 595 1980 662 mulieres,

407 701 532 755 quae
586 699 872 752 nunquam
915 694 1247 752 genuerunt,
1278 687 1490 756 prolem
1521 688 1872 758 concipiunt,
1906 687 1982 743 fe-

406 777 713 846 cundaque
743 784 867 845 post
897 775 1219 831 diuturnam
1248 779 1604 834 sterilitatem
1635 778 1795 833 fiunt.
1819 779 1982 835 Fide-

408 870 541 923 littm
597 868 781 938 lingua
816 883 1041 938 germen
1069 876 1224 923 tuutn
1257 871 1494 935 extollit,
1546 870 1843 941 omnisque
1871 886 1984 927 ser-

403 977 495 1015 mo
523 959 937 1015 exsultantibus
976 961 1181 1016 animis
1231 972 1450 1031 partum
1482 970 1639 1016 tuum
1677 962 1978 1017 collaudat.

400 1049 539 1105 Nam
570 1050 798 1123 dignum
822 1059 930 1116 est,
980 1054 1335 1123 maximeque
1358 1053 1589 1123 dignum
1620 1054 1821 1111 faustis
1860 1071 1978 1110 eam

401 1146 633 1202 vocibus
664 1144 971 1217 celebrare,
1004 1158 1127 1213 qua:
1177 1144 1382 1199 divinae
1408 1142 1774 1201 Providentiae
1794 1148 1980 1202 consi-

290 1270 299 1297 ;
402 1239 477 1292 lio
499 1236 665 1307 digna
724 1235 912 1289 habita
943 1242 1029 1289 est
1057 1235 1305 1290 cmlestis
1332 1237 1544 1291 oraculi
1575 1239 1976 1307 responsione;

400 1344 527 1399 qua:
579 1328 742 1382 talem
785 1333 1114 1393 tantumque
1161 1326 1323 1381 nobis
1355 1328 1583 1395 protulit
1616 1326 1879 1393 fructum,
1911 1344 1977 1384 ex

398 1434 512 1488 quo
543 1418 722 1473 dulcis
750 1415 917 1471 Jesus
942 1424 1172 1470 exortus
1202 1425 1310 1478 est,
1356 1417 1507 1469 omni
1538 1417 1829 1472 dulcedine
1856 1418 1980 1472 dul-

400 1513 544 1575 cior,
582 1517 734 1565 totus
798 1507 1208 1572 desiderabilis,
1240 1509 1607 1582 omniumque
1639 1512 1978 1565 desiderabi-

399 1598 532 1660 liutn
593 1604 850 1657 ultimum
909 1600 1303 1657 desiderabile.
1359 1602 1477 1657 Sub
1500 1604 1619 1672 ejus
1651 1604 1846 1658 umbra
1873 1619 1976 1658 nos

401 1702 519 1754 fore
551 1697 822 1758 victuros,
882 1694 1117 1765 ejusque
1148 1694 1251 1748 sub
1305 1694 1410 1749 alis
1440 1705 1672 1749 mortem
1728 1695 1977 1751 obituros

2086 506 2299 573 ἄγονον,
2360 509 2455 560 καὶ
2520 506 2812 576 γενόμεναι
2871 507 3008 574 μετὰ
3070 506 3359 575 στείρωσιν
3431 511 3667 576 γόνιμοι.

2085 596 2309 650 Γλῶσσα
2328 597 2383 649 δὲ
2417 597 2623 651 πιστῶν
2641 598 2938 667 μεγαλύνει
2967 615 3060 651 σου
3089 597 3181 650 τὸν
3210 597 3457 667 βλαστὸν,
3480 601 3571 650 καὶ
3584 600 3671 652 λό-

2083 706 2178 757 γος
2203 688 2348 752 ana;
2369 689 2705 759 εύφρόσυνος
2720 691 2863 743 αἰνεῖ
2884 706 2978 741 σου
3003 688 3097 743 τὸν
3107 689 3541 753 τοκετὸν.”Δξιον
3563 693 3673 761 γὰρ

2082 778 2270 844 ὅντως,
2310 780 2399 832 καὶ
2430 779 2795 851 διαφερόντως
2817 779 3040 844 ἐπάξιον
3071 781 3435 849 εὐφημεῖσθαι
3473 782 3574 851 τὴν
3607 785 3672 834 ἐκ

2082 870 2234 935 θείας
2268 871 2635 942 έπιφροσύνης
2663 872 2986 939 ἀξιωθεῖσαν
3008 871 3282 943 χρησμοῦ,
3312 876 3406 925 καὶ
3430 872 3674 926 τοιοῦτον

2084 964 2179 1018 καὶ
2195 965 2450 1018 τοσοῦτον
2469 967 2598 1035 ἡμῖν
2612 965 2984 1020 ἀποτεκοῦσαν
3003 965 3235 1036 καρπὸν,
3255 964 3313 1028 ἐξ
3345 959 3404 1018 οὗ
3421 966 3449 1017 ὁ
3466 964 3673 1033 γλυκὺς

2097 1054 2304 1124 Ἰησοῦς
2345 1057 2740 1127 προελήλυθεν,
2766 1057 2886 1121 ὅλος
2919 1055 2994 1109 ὣν
3046 1056 3389 1125 γλυκασμὸς,
3424 1057 3517 1108 καὶ⁵
3551 1056 3673 1119 ὅλος

2085 1146 2244 1199 ἐπιθυ
2253 1147 2370 1217 μία,
2392 1148 2485 1201 καὶ
2505 1148 2614 1201 τῶν
2636 1148 2878 1218 ὀρεκτῶν
2903 1149 3158 1203 ἁπάντων
3175 1148 3400 1219 ἔσχατον
3418 1149 3671 1219 ὀρεκτόν.

2082 1230 2158 1289 Ob
2178 1236 2445 1306 εἴπωμεν,
2478 1238 2583 1290 ὑπὸ
2605 1239 2704 1309 τὴν
2733 1239 2889 1291 σκιὰν
2920 1238 3086 1292 αὑτοῦ
3111 1237 3412 1308 ζησόμεοα,
3454 1239 3547 1291 καὶ
3566 1239 3665 1290 ὑπέ

2078 1328 2198 1389 ταῖς
2229 1327 2390 1381 αὐτοῦ
2444 1328 2931 1398 διαναπαυσόμεοα
2989 1328 3271 1399 πτέρυξιν.
3305 1325 3476 1392 Οὗτός
3519 1331 3672 1381 ἐστιν

2079 1417 2458 1486 ἁληθῶςόδιὰ
2511 1419 2700 1490 νόμου,
2742 1421 2837 1473 καὶ
2897 1421 3196 1496 προφητῶν
3236 1421 3667 1489 κηρυττόμενος,

2079 1511 2311 1579 Χριστὸς
2335 1512 2540 1581 Ἰησοῦς
2571 1514 2598 1564 ὁ
2626 1512 2780 1578 Θεὸς,
2812 1513 2843 1583 ἡ
2874 1514 3070 1585 Χάρις,
3104 1513 3198 1565 καὶ
3229 1515 3261 1579 ὴ
3285 1510 3575 1581 Ἀλήθεια·
3608 1510 3671 1573 ὃς

2078 1599 2241 1674 ἦλθεν
2307 1606 2667 1675 ἁμαρτωλοὺς
2732 1607 2926 1671 σῶσαι,
2980 1606 3074 1660 καὶ
3128 1606 3339 1667 πάντας
3391 1604 3669 1657 ἀνακαλέ-

2082 1695 2279 1749 σασθαι
2309 1697 2444 1767 πρὸς
2493 1700 2592 1769 τὴν
2647 1699 2882 1768 ἀρχαίαν
2932 1699 3232 1767 εὐγένειαν.
3274 1694 3665 1767 Δύτῷήδόξα,

399 1799 734 1847 statuamus.
789 1787 913 1857 ipse
969 1787 1165 1854 procul
1217 1784 1386 1840 dubio
1437 1796 1547 1848 est,
1580 1801 1742 1855 quetn
1772 1786 1856 1839 lex
1925 1793 1973 1841 et

2083 1787 2177 1840 καὶ
2205 1789 2238 1857 ἡ
2272 1789 2429 1859 τιμὴ,
2459 1790 2554 1842 καὶ
2593 1790 2624 1858 ἡ
2657 1789 3029 1860 προσκύνησις
3058 1790 3212 1860 παρὰ
3255 1789 3475 1842 πάντων
3508 1786 3669 1857 ἡμῶν

400 1882 680 1951 prophetae
745 1879 1142 1949 praedicarunt,
1187 1876 1447 1932 Christus
1479 1874 1664 1941 Jestts,
1700 1880 1793 1946 qui
1831 1876 1976 1935 Deus

398 1986 504 2040 est,
568 1973 755 2029 Gratia
808 1981 919 2033 est,
981 1968 1197 2024 Veritas
1225 1980 1343 2032 est;
1409 1970 1619 2038 quique
1656 1975 1974 2038 peccatores

398 2069 586 2121 salvos
618 2064 800 2117 facere
853 2063 1029 2123 venit,
1055 2075 1357 2129 omnesque
1387 2061 1452 2113 ad
1488 2061 1775 2128 pristinam
1811 2076 1973 2131 gene--

2085 1877 2438 1947 ἀναφέρεται,
2473 1879 2569 1934 σὺν
2600 1881 2678 1950 τῷ
2707 1882 2933 1952 ἀνάρχῳ
2962 1881 3160 1951 Πατρδ,
3188 1878 3283 1934 καὶ
3301 1878 3380 1950 τῷ
3416 1876 3670 1947 ζωοποιῷ

2080 1972 2245 2025 αὑτοῦ
2281 1974 2589 2045 Πνεύματι,
2624 1976 2732 2029 ἀπὸ
2769 1977 2864 2030 τοῦ
2895 1977 3012 2041 νῦν,
3054 1978 3150 2030 καὶ
3183 1978 3264 2039 εἰς
3300 1975 3429 2038 τοὺς
3462 1973 3667 2034 αἰῶνας

2079 2062 2187 2115 τῶν
2216 2040 2551 2120 αἰώνων.,Ἀ
2562 2068 2687 2137 μήν.

402 2162 479 2214 tis
512 2158 859 2211 nobilitatem
914 2167 1195 2206 revocare.
1224 2151 1334 2221 Ipsi
1359 2153 1554 2222 gloria,
1587 2162 1643 2206 et
1677 2152 1877 2217 honor,
1915 2162 1973 2208 et
2011 2154 2196 2209 cultus
2228 2170 2256 2208 a
2287 2157 2446 2212 nobis
2478 2159 2738 2214 omnibus
2781 2159 3058 2226 defertur,
3119 2175 3246 2215 cum
3313 2161 3500 2220 Patre,
3566 2156 3663 2228 qui

397 2252 731 2323 printipiunt
763 2264 871 2303 non
906 2250 1105 2312 .novit,
1156 2246 1388 2317 ejusque
1422 2246 1653 2316 Spiritu,
1684 2247 1780 2317 qui
1809 2248 1973 2303 vitam
2014 2251 2300 2323 elargitur,
2336 2270 2506 2322 nunc,
2535 2257 2593 2312 ef
2624 2258 2679 2311 in
2710 2257 2910 2313 saecula
2936 2259 3292 2313 saeculorum.
3321 2265 3519 2313 Amen.

986 2386 1249 2443 ORATIO
1291 2387 1376 2442 Ill.

401 2532 472 2586 De
520 2525 882 2584 immaculatw
921 2523 1159 2577 Domimv
1205 2533 1400 2575 nostra!
1461 2520 1554 2575 Dei
1587 2521 1867 2577 Gent'tricis
1913 2540 1974 2577 ac

467 2616 669 2669 semper
734 2596 953 2669 virginis
1018 2592 1213 2669 Maria:
1280 2590 1596 2669 Nutiritate.
1662 2593 1974 2669 Ostenditur

465 2663 654 2733 etiaitt,
683 2663 878 2720 tumea:
911 2663 1079 2717 Veteri
1109 2663 1355 2714 historia.
1385 2672 1494 2733 tum
1536 2678 1600 2715 ex
1615 2665 1787 2733 variis
1829 2664 1975 2716 testi-

468 2731 681 2801 moniis,
713 2752 831 2790 eam
863 2749 928 2788 ex
964 2733 1177 2785 fluvidi.»
1210 2733 1404 2785 semine
1435 2731 1744 2786 descendere
1771 2731 1912 2803 (l9).

465 2957 708 3012 Rursum
737 2953 964 3015 festum,
998 2958 1051 3005 et
1083 2965 1300 3004 rursum
1344 2948 1636 3004 celebritas
1659 2989 1674 3014 ,
1720 2964 1972 3005 rursum-

397 3064 504 3119 que
536 3062 636 3116 ego
663 3043 987 3098 commodus
1016 3041 1362 3102 convivator,
1391 3039 1586 3093 salutis
1607 3054 1738 3093 mete
1770 3038 1971 3093 festum

397 3140 633 3209 agitans,
672 3144 833 3204 atque
867 3148 1058 3186 omnes
1098 3131 1165 3185 ad
1215 3131 1533 3200 spirituales
1581 3132 1771 3200 epulas
1829 3131 1972 3185 invi-

398 3240 544 3291 tans,
585 3243 817 3296 quarum
867 3239 1075 3291 auspex
1119 3221 1208 3275 Dei
1240 3218 1490 3275 Genitrix
1536 3222 1796 3276 convivas
1843 3236 1974 3289 suos

2703 2398 2923 2452 ΛΟΓΟΣ
2948 2398 3021 2453 1".

2077 2530 2181 2594 Εἰς
2210 2528 2325 2595 τὴν
2343 2488 2672 2584 fet-Mltos“
2719 2529 2951 2598 ἡμέραν
3008 2529 3118 2599 τῆς
3162 2530 3530 2601 παναμώμου
3559 2533 3661 2587 Ae-

2147 2601 2409 2667 σποίνης
2433 2600 2603 2668 ἡμῶν
2634 2601 2927 2654 Θεοτόκου
2973 2603 3069 2653 καὶ
3117 2600 3516 2670 ᾀειπαρυένου
3534 2605 3659 2656 Ma-

2136 2671 2298 2736 ρίας,
2327 2670 2425 2737 real
2458 2670 2768 2739 ἀπόδειξις
2807 2670 2876 2725 ἐκ
2925 2668 3193 2735 Παλαιᾶς
3232 2668 3522 2739 ἱστορίας,
3557 2673 3658 2726 καί

2147 2739 2446 2809 διαφόρων
2484 2738 2861 2808 μαρτυριῶν,
2902 2740 2990 2792 ὅτι
3033 2743 3099 2795 ἐκ
3137 2738 3482 2809 σπέρματος
3521 2759 3659 2797 κατ·

2148 2807 2349 2876 ἄγεται
2372 2807 2705 2863 τοῦίΔαϐίδ.

2142 2940 2310 2995 Πάλιν
2341 2942 2524 3013 ἑορτὴ,
2565 2944 2659 2996 καὶ
2688 2942 2851 2996 πάλιν
2887 2945 3218 3013 πανήγυρις,
3242 2944 3337 2996 καλ
3367 2944 3530 2998 πάλιν
3546 2943 3658 3011 ἐγὼ

2071 3032 2247 3100 δεξιὸς
2272 3035 2564 3106 ἑστιάτωρ,
2609 3036 3002 3107 πανηγυρίζων
3045 3039 3145 3106 τὴν
3199 3036 3441 3105 ἐμαυτοῦ
3481 3054 3655 3107 σωτη-

2074 3123 2215 3194 ρίαν,
2246 3125 2341 3179 καὶ
2374 3125 2663 3192 συγκαλῶν
2690 3127 2936 3190 ἅπαντας
2975 3126 3111 3197 πρὸς
3147 3126 3248 3197 τὴν
3276 3133 3668 3201 πνευματικὴν,

2073 3213 2336 3280 ἑστίασιν,
2365 3211 2433 3286 ἧς
2455 3215 2771 3287 ηΘεοτόκος
2804 3214 3133 3285 ἐξάρχουσα,
3173 3216 3274 3284 τῆς
3310 3220 3528 3288 τρυφῆς
3565 3217 3655 3272 τὸν

398 3320 698 3389 voluptatis
736 3323 983 3368 torrente
1024 3313 1200 3382 pascit
1234 3327 1283 3365 υ.
1319 3311 1376 3365 In
1410 3327 1518 3381 quo
1555 3326 1673 3376 vos,
1706 3327 1739 3366 ο
1765 3311 1971 3367 Christi

2082 3307 2435 3378 χειμάρρουν,
2465 3308 2593 3371 τοὺς
2648 3308 2849 3378 ἑαυτῆς
2903 3307 3059 3377 ἑστιᾷ
3106 3307 3461 3377 δαιτυμόνας.
3497 3302 3655 3378 Ἑνῷ

397 3413 645 3483 apiculte,
705 3410 889 3462 divine
951 3406 1450 3477 circumvolantes,
1511 3404 1665 3458 velut
1720 3419 1787 3457 ex
1851 3403 1973 3471 qui-

400 3508 627 3560 busdam
661 3500 972 3556 alvtsaribus
1005 3499 1348 3553 dulcedinem
1384 3499 1676 3559 Stillantes,
1710 3504 1971 3565 tanquam

398 3598 525 3653 favo
551 3595 787 3664 quodam
827 3592 1004 3645 mellis
1031 3591 1178 3643 domi
1211 3590 1444 3643 collecto
1474 3591 1578 3641 huc
1609 3588 1886 3642 acceditis.
1910 3586 1974 3639 Et

362 3666 521 3759 .quis
554 3688 777 3741 tandem
814 3692 918 3743 est,
956 3683 1048 3751 qui
1092 3681 1159 3735 ab
1207 3681 1293 3736 his
1332 3680 1548 3735 deliciis
1578 3679 1771 3734 abesse
1799 3679 1969 3734 susti-

398 3788 546 3841 neat,
582 3794 646 3832 ex
688 3778 773 3830 his
823 3774 1168 3843 potissimum
1224 3772 1316 3840 qui
1368 3772 1480 3840 jam
1529 3784 1716 3825 earum
1768 3768 1970 3823 bonum

332 3906 337 3909 ς
394 3866 796 3940 degustatum?
834 3863 966 3917 Nam
995 3878 1120 3917 cum
1152 3861 1402 3917 nonnulli
1436 3861 1569 3925 sint,
1594 3860 1686 3931 qui
1718 3874 1748 3913 a
1781 3874 1971 3914 mensa

394 3959 688 4030 exquisitis
713 3957 854 4010 cibis
888 3953 1088 4008 referta
1119 3969 1226 4007 non
1258 3952 1415 4023 prius
1446 3951 1766 4014 abscedant,
1804 3964 1970 4020 quam

395 4056 539 4108 ultra
569 4050 730 4105 etiam
763 4047 1072 4104 satietatem
1120 4044 1189 4100 iis
1219 4060 1342 4101 sese
1381 4043 1772 4114 ittgurgitarint
1792 4082 1807 4105 ,
1836 4039 1969 4110 quid

395 4146 575 4201 μίγειγί
629 4152 826 4213 potest,
873 4140 1006 4210 qttin
1055 4153 1316 4209 perquam
1360 4136 1650 4191 ridiculum
1694 4135 1966 4194 videatur,

394 4247 521 4291 ante
546 4236 829 4305 degustata
863 4234 977 4285 lltBC
1011 4231 1294 4302 mysteria,
1325 4245 1356 4284 e
1395 4229 1546 4298 regia
1590 4242 1780 4282 mensa
1810 4240 1971 4281 exce-

394 4326 558 4382 dere?
607 4325 835 4394 Regium
886 4322 1056 4383 enim,
1100 4337 1164 4376 ac
1216 4322 1418 4389 reginae
1464 4334 1528 4372 ex
1578 4318 1727 4387 regio
1763 4316 1970 4371 semine

394 4414 774 4471 descendentis
821 4421 904 4466 est
931 4411 1077 4463 istud
1109 4407 1352 4479 epulum.
1404 4408 1648 4478 Agedum
1701 4409 1885 4476 igitur,
1935 4420 1969 4459 ο

394 4504 1052 4569 charissitni,orationem
1077 4511 1320 4555 nostram
1336 4515 1556 4553 rursum
1577 4499 1969 4567 excipite,qu2e

394 4601 460 4653 ad
493 4597 742 4653 eumdem
779 4596 930 4647 illum
963 4608 1059 4645 vos
1088 4607 1312 4659 sceputn
1344 4590 1585 4654 reducit,
1613 4604 1773 4658 quem
1803 4602 1966 4658 supe-

396 4690 543 4745 riore
594 4688 841 4741 oratione
893 4700 1056 4754 quam
1100 4683 1334 4737 maxime
1383 4679 1968 4759 sternens,.Cltt‘istttm

401 4798 468 4838 ex
507 4778 766 4832 Davitlica
804 4776 986 4829 radice
1018 4784 1197 4829 ortum
1237 4774 1474 4828 traxisse
1513 4773 1797 4844 perspicue
1821 4771 1973 4826 vobis

395 4877 630 4931 ostendi.
658 4874 769 4927 Hoc
800 4885 979 4926 autent
1022 4870 1421 4931 demonstrato,
1456 4869 1599 4922 hanc
1626 4882 1860 4937 quoque,
1905 4881 1969 4918 ex

393 4984 499 5035 qua
530 4965 620 5017 ille
646 4962 796 5031 juxta
828 4976 1047 5014 carnem
1086 4962 1136 5013 in
1177 4961 1354 5035 lucem
1387 4959 1568 5013 editus
1616 4965 1722 5023 est,
1769 4972 1834 5010 cx
1876 4973 1969 5009 ett-

394 5059 513 5111 dem
556 5054 740 5109 radice
770 5053 1017 5117 ﬂuxisse,
1044 5063 1196 5105 certo
1228 5033 1549 5121 argumento
1572 5051 1867 5106 constabit.
1896 5052 1971 5102 Ac

394 5147 523 5201 mihi
553 5164 683 5199 sane
731 5158 1194 5214 supervacaneum
1242 5159 1364 5197 esse
1419 5143 1632 5198 videtur
1673 5140 1967 5196 secundam

395 5243 756 5299 stilitllttllt‘tll,
808 5251 893 5298 ea,
954 5249 1119 5303 quam
1178 5235 1757 5295 conttnetnuravimus,
1809 5246 1969 5302 aper-

394 5333 584 5382 tiorem
636 5337 687 5381 et
722 5325 1078 5378 eﬁieacioretn
1114 5323 1327 5387 afferre,
1365 5324 1431 5378 ad
1467 5324 1748 5389 Veritatis,
1784 5323 1968 5377 curio-

394 5421 510 5473 sius
538 5419 649 5485 jam
690 5412 1095 5485 quodammodo
1124 5415 1413 5485 fusiusque
1438 5431 1466 5467 a
1504 5415 1663 5469 nobis
1682 5413 1965 5483 expositze,

462 5568 482 5594 θ
519 5570 666 5627 i'sal.
702 5589 869 5638 xxxv,
902 5572 957 5630 9.

2077 3397 2304 3466 ὑμεῖς,ὀ
2335 3396 2575 3469 Χριστοῦ
2626 3396 2919 3468 μελισσῶν,
2959 3398 3161 3460 ὲνθέως
3200 3402 3652 3470 περιῖπτάμενος,

2077 3483 2330 3555 καθάπερ
2357 3484 2420 3537 ἐκ
2447 3502 2607 3538 τινων
2654 3486 2919 3555 σίμϐλων,
2946 3488 3275 3552 ἀποστάζων
3312 3491 3651 3561 γλυκασμὸν,

2074 3569 2164 3628 οἷα
2188 3575 2358 3646 κηρία
2389 3576 2606 3646 μέλιτος
2633 3577 2819 3631 οἴκαδε
2848 3577 3239 3649 συλλεξάμενοι
3264 3585 3517 3653 χωρεῖτε.
3548 3585 3655 3637 Καὶ

2072 3663 2156 3725 τίς
2194 3662 2260 3717 ἂν
2303 3663 2477 3717 ’ἐλοιτο
2521 3662 2779 3734 τοιαύτης
2833 3665 3232 3736 ἀπολειφθῆναι
3280 3670 3516 3740 τρυφῆς,
3547 3670 3653 3723 τῶν

2077 3754 2312 3824 μάλιστα
2368 3756 2726 3825 γευσαμένων
2784 3756 2886 3828 ἤδη
2938 3758 3049 3810 τῶν
3097 3759 3303 3830 ταύτης
3340 3761 3652 3829 καλῶν;Εί

2073 3846 2182 3915 γὰρ
2223 3846 2501 3918 τραπέζης
2550 3847 2703 3917 ὄψοις
2751 3846 3063 3911 πολυτελῶς
3129 3850 3539 3924 εύθηνουμένης
3590 3855 3651 3907 ού

2074 3938 2204 4006 πρὶν
2242 3938 2509 4006 ἀφεστᾶσι
2535 3957 2701 4006 τινες,
2725 3942 2772 3992 εί
2809 3941 2884 4013 μὴ
2915 3944 3010 3996 καὶ
3044 3943 3190 4013 πέρα
3230 3946 3324 3999 τοῦ
3353 3947 3516 4019 κόρου
3555 3950 3654 4020 τῆς

2072 4032 2282 4101 τρυφῆς
2324 4031 2710 4096 ἀπολαύσειεν,
2747 4033 2865 4096 πῶς
2905 4033 2967 4086 οὐ
3020 4033 3141 4088 λίαν
3164 4037 3311 4090 δοκεῖ
3346 4041 3651 4108 καταγέλα·

2087 4140 2232 4189 στον,
2256 4125 2388 4194 πρὶν
2417 4124 2714 4197 γευσθῆναι
2736 4127 2847 4181 τῶν
2867 4128 2993 4198 τῇδε
3017 4133 3343 4202 μυστηρίων
3367 4133 3650 4205 βασιλικῆς

2071 4215 2424 4284 ἀποπηδῆσαι
2449 4217 2761 4289 epam-5(1):;
2805 4220 3089 4285 Βασίλειος
3115 4222 3223 4292 γὰρ
3263 4227 3359 4276 καὶ
3378 4223 3649 4293 βασιλίδος

2071 4305 2137 4358 ὲκ
2170 4305 2451 4376 βασιλικοῦ
2506 4310 2891 4382 καταγομένης
2957 4313 3273 4383 σπέρματος
3304 4317 3337 4383 ἡ
3383 4316 3648 4378 ἑστίασις.

2071 4398 2243 4470 Δεῦρο
2270 4400 2402 4467 γοῦν
2453 4397 2629 4465 αὖθις,
2685 4404 2979 4472 ἀγαπητοὶ,
3012 4404 3103 4459 τὸν
3133 4405 3403 4475 ἡμέτερον
3464 4408 3652 4461 ὑποδέ-

2073 4492 2235 4557 ξασθε
2271 4493 2451 4560 λόγον,
2482 4493 2620 4564 πρὸς
2665 4494 2872 4547 ἐκεῖνον
2918 4496 3063 4564 ὑμᾶς
3110 4496 3200 4547 τὸν
3247 4497 3451 4551 σκοπὸν
3489 4502 3651 4553 ἐπαν-

2075 4585 2298 4653 άγοντα,
2325 4583 2385 4637 ὃν
2422 4586 2480 4636 ὲν
2503 4586 2612 4646 τοίς
2641 4584 2911 4652 φθάσασιν
2940 4582 2998 4638 εὖ
3039 4586 3182 4655 μάλα
3233 4590 3646 4660 κατεστρωκὼς,

2074 4677 2173 4746 τῆς
2192 4675 2489 4744 Δαϐιτικῆς
2518 4674 2672 4745 ῥίζης
2729 4676 2916 4747 σαφῶς
2946 4679 3072 4746 ὑμῖν
3109 4678 3203 4732 τὸν
3266 4681 3507 4750 Χριστὸν
3550 4683 3648 4735 ὐπ-

2072 4768 2369 4837 ηγόρευσα.
2402 4767 2606 4819 Τούτου
2631 4767 2688 4819 δὲ
2712 4768 3088 4837 δεικνυμένου,
3118 4771 3210 4823 καὶ
3233 4772 3266 4840 ἡ
3298 4773 3441 4825 κατὰ
3474 4774 3647 4841 σάρκα

2070 4856 2258 4909 τοῦτον
2282 4856 2540 4919 τεκοῦσα,
2601 4857 2700 4925 τῆς
2729 4856 2899 4925 αὐτῆς
2955 4853 3088 4910 οὖσα
3115 4858 3270 4929 ῥίζης
3302 4862 3471 4927 φυτὸν
3502 4861 3646 4915 είκόο

2069 4966 2175 5013 τως
2203 4949 2635 5016 ἀναφανήσεται.
2694 4948 2803 5000 Καί
2864 4965 2953 5018 μοι
3013 4949 3133 5003 λίαν
3180 4952 3459 5021 παρέλκον
3508 4949 3645 5007 εἶναι

2069 5040 2236 5101 δοκεῖ,
2259 5039 2519 5108 δευτέραν
2542 5038 2700 5091 λύσιν
2753 5041 3076 5107 ἐπαγαγεῖν,
3110 5041 3210 5110 τῆς
3261 5042 3524 5114 ῥηθείσης
3553 5046 3649 5113 ὲμο

2077 5134 2513 5204 φαντικωτέρας,
2544 5135 2678 5205 πρὸς
2707 5133 2931 5201 ἔνδειξιν
2960 5136 3061 5205 τῆς
3099 5136 3383 5208 ἀληθείας,
3432 5158 3648 5213 περιερ-

2075 5226 2301 5297 γότερόν
2322 5245 2439 5289 πως
2474 5227 2565 5279 καὶ
2591 5226 2922 5297 πλατύτερον
2951 5230 3087 5299 πρὸς
3118 5229 3277 5298 ἡμῶν
3314 5232 3645 5303 ὲκτεθείσης.

2077 5320 2217 5374 Ἀλλ’
2254 5319 2327 5382 ὡς
2371 5318 2438 5372 ἄν
2484 5318 2583 5390 τὴν
2627 5318 2907 5389 ὲριστικὴν
2942 5319 3053 5371 τῶν
3081 5320 3503 5376 ἐπιλυσσὼντων
3528 5324 3651 5376 Ἰου-

2075 5414 2239 5467 δαίων
2269 5412 2520 5464 ἔνστασιν
2547 5413 2611 5480 τῇ
2668 5410 2897 5482 ἀληθεία
2947 5414 3071 5476 ταῖς
3097 5412 3190 5465 τοῦ
3212 5413 3447 5484 ψεύδους
3479 5433 3649 5486 παραι

477 5723 795 5793 (19)Joanni
828 5724 1166 5781 Damasceno
1200 5723 1496 5780 ascribitur
1520 5737 1549 5776 a
1577 5720 1781 5779 Jacobo
1811 5719 1970 5777 Billio
2002 5721 2058 5775 in
2092 5722 2213 5792 ejus
2243 5721 2487 5780 editione
2511 5721 2562 5778 J.
2594 5719 2920 5779 Damasceni
2953 5725 3217 5794 Operum,
3243 5740 3298 5794 p.
3333 5723 3631 5782 572.20".
