4032 6138
413 343 530 412 345

1423 346 1504 411 IN
1548 343 2071 412 NATIVITATEM
2112 351 2179 412 B.
2219 349 2505 412 MARLE.
2537 345 2656 413 III.

2105 179 2144 202 θ

3564 353 3668 420 84⁸3

415 459 727 530 πέμψωμεν
755 455 974 532 αὔραις,
1032 459 1167 532 φέρε
1221 460 1284 530 δὴ
1337 461 1432 514 καὶ
1457 461 1626 532 αὐτὴν
1657 461 1737 525 εἰς
1767 459 1991 532 δύναμιν

2101 463 2604 520 conﬁrmationem.
2642 460 2842 518 Verum
2874 472 2933 519 ut
2978 461 3323 535 pervicacem
3357 459 3668 522 Iudaeorum

411 551 512 620 τὴν
542 549 818 622 Παρθένον
844 551 905 616 ἐξ
933 552 1104 621 αὐτῆς
1157 547 1324 604 οὖσαν
1359 551 1457 621 τῆς
1487 552 1646 622 ῥίζης
1670 551 1835 605 Δαδὶδ
1859 553 1995 604 ἀπο-

410 639 698 710 δείξωμεν,
735 641 975 712 μάρτυσι
997 644 1108 704 τοῖς
1137 641 1549 709 εὐαγγελισταῐς
1575 641 1870 712 χρώμενοι,
1902 641 1996 694 καὶ

412 729 490 798 τῷ
529 731 627 799 τῆς
657 730 881 802 Γραφῆς
927 731 1203 802 ἰδιώματι.
1254 734 1466 804 Χρῆναι
1495 730 1540 786 δ’
1578 729 1672 788 οὖν
1705 728 1862 809 οἶμαι
1896 734 1994 797 τὰς

413 821 521 874 ἀπὸ
563 821 662 875 τοῦ
705 821 872 878 Δαϐὶδ
935 825 1132 891 γενεὰς
1177 825 1688 896 διαψηλαφήσαντα,
1727 825 1870 878 κατὰ
1896 823 1995 894 τὴν

408 914 502 966 τοῦ
541 917 726 969 Λουκᾶ
748 917 842 969 καὶ
871 915 965 970 τοῦ
996 918 1279 971 Ματθαίου
1337 919 1710 987 γενεαλογίαν,
1758 919 1858 988 τὴν
1893 915 1994 987 μὲν

409 1006 864 1070 ἁναποδίζουσαν,
899 1008 992 1062 τὸν
1023 1009 1100 1068 δὲ,
1140 1010 1375 1078 καθεξῆς
1425 1010 1742 1074 όδεύουσαν,
1767 1009 1855 1062 διὰ
1887 1009 1994 1062 τῶν

410 1097 593 1166 ἄκρων
615 1100 942 1168 ἐπισυνάψαι
975 1101 1066 1154 τὸν
1083 1100 1233 1155 νοῦν·
1264 1101 1364 1156 εἷθ’
1387 1101 1558 1165 οὕτως
1587 1101 1685 1172 τὴν
1709 1102 1992 1171 σύγχυσιν,

410 1187 534 1240 καθ’
569 1188 636 1259 ἢν
662 1192 694 1260 ἡ
719 1193 848 1262 περὶ
868 1193 994 1255 τοὺς
1018 1193 1279 1256 τεκόντας
1327 1193 1420 1246 τὸν
1467 1193 1667 1261 Ἰωσὴφ
1721 1191 1992 1262 συνεχύθη

412 1282 724 1348 συγγένεια,
772 1283 894 1338 καθ’
928 1286 1118 1355 εἱρμὸν
1156 1285 1444 1350 ἐκθέσθαι,
1498 1285 1595 1339 καὶ
1631 1285 1725 1338 τὸν
1765 1285 1990 1351 τρόπον,

413 1371 534 1425 καθ’
561 1373 622 1427 ὃν
640 1377 743 1430 καὶ
785 1379 820 1447 ἡ
854 1376 1134 1448 Παρθένος
1176 1380 1239 1430 ἐκ
1301 1379 1489 1446 γένους
1537 1378 1842 1446 κατάγεται
1896 1371 1992 1428 τοῦ

409 1465 575 1518 Δαϐὶδ
603 1467 850 1538 ἐναργῶς
879 1469 1161 1533 ἀποδεῖξαι
1181 1485 1196 1498 '
1231 1469 1328 1524 καὶ
1355 1467 1523 1540 μηδὲν
1551 1470 1660 1522 τῶν
1675 1468 1794 1523 κατ’
1823 1467 1994 1538 αὐτὴν

410 1557 799 1611 ἀναπόδεικτον
827 1559 933 1628 εἴη.
976 1559 1177 1614 Τοῦτον
1197 1561 1308 1630 γὰρ
1333 1555 1448 1620 οἴδα
1483 1560 1689 1622 παντὸς
1715 1559 1993 1628 ἑγκωμίου

409 1645 796 1718 λαμπρότατον
819 1650 1059 1717 ἔπαινον,
1091 1653 1150 1705 τὸ
1171 1656 1288 1715 ταῖς
1313 1653 1603 1722 θεομάχοις
1635 1649 1995 1718 ἀνοοπλισοῆ-

409 1755 499 1791 ναι
535 1739 832 1807 γλώσσαις,
901 1741 994 1794 καὶ
1066 1743 1174 1795 πᾶν
1225 1742 1540 1812 ἀποφράξαι
1607 1740 1800 1810 στόμα,
1855 1738 1994 1792 κατὰ

408 1829 616 1902 ταύτης
647 1832 1082 1900 φρυασσόμενον.
1107 1833 1384 1904 Ἀρξομαι
1424 1833 1554 1901 γοῦν
1584 1829 1854 1885 ἐντεῦθεν.

2097 553 2311 608 veritati
2369 554 2762 609 oblatrantium
2822 555 3226 611 contentionem
3279 555 3347 610 ad
3400 558 3672 612 mendacii

2096 661 2261 702 auras
2292 646 2626 716 ablegemus,
2655 661 2752 716 age
2779 647 2950 716 ipsam
2971 647 3112 702 hanc
3141 663 3360 720 quoque
3389 646 3671 726 Virginem

2097 753 2196 808 pro
2249 737 2399 792 virili
2449 747 2636 794 nostra
2689 755 2756 793 ex
2803 738 2920 808 ipsa
2974 737 3195 795 Davidis
3250 739 3435 796 radice
3487 751 3672 796 ortum

2095 829 2322 884 duxisse
2387 827 2858 896 demonstremus,
2889 827 3260 900 evangelista:
3311 831 3463 900 ipsos
3503 840 3674 888 testes

2095 919 2440 986 adhibentes,
2472 928 2638 990 atque
2671 921 2843 990 ipsam
2887 920 3190 991 Scriptura:
3223 937 3396 978 sacrae
3430 923 3674 994 peeulia-
3748 973 3754 978 .

2095 1022 2208 1061 rem
2241 1005 2500 1077 loquendi
2533 1007 2820 1061 rationem.
2849 1005 3042 1077 Operae
3083 1011 3315 1078 pretium
3345 1020 3526 1066 autem
3549 1027 3672 1067 esse

2097 1096 2358 1162 arbitror,
2383 1097 2746 1153 consideratis
2787 1113 2849 1152 ac
2879 1101 3025 1153 velut
3055 1102 3414 1156 contrectatis
3451 1101 3673 1158 Davidis

2095 1189 2563 1258 generationibus,
2613 1191 2770 1256 juxta
2823 1189 2984 1245 Lucae
3035 1206 3099 1246 ac
3141 1189 3380 1248 Matthxi
3419 1196 3674 1266 genealo-

2095 1281 2260 1346 giam,
2305 1297 2538 1350 quarum
2583 1282 2753 1336 altera
2801 1283 3044 1348 inverso,
3081 1283 3252 1338 altera
3295 1295 3444 1340 recto
3483 1287 3678 1340 ordine
3761 1349 3768 1356 ,

2096 1374 2472 1443 progreditur,
2507 1387 2606 1443 per
2635 1383 2878 1430 extrema
2917 1384 3154 1430 mentem
3200 1391 3264 1432 ac
3305 1393 3530 1433 sensum
3583 1393 3678 1431 ro—

2095 1464 2316 1532 pulare,
2369 1472 2534 1534 atque
2575 1465 2648 1518 ita
2695 1465 2890 1520 deinde
2942 1465 3322 1522 confusionem
3376 1484 3520 1533 eam,
3581 1483 3677 1537 per

2095 1569 2260 1624 quam
2311 1569 2599 1627 parentum
2651 1555 2873 1626 Josephi
2937 1547 3191 1629 cognatio
3241 1562 3506 1630 permista
3567 1568 3673 1619 est.

2097 1646 2239 1702 serie
2271 1647 2504 1715 quadam
2541 1662 2834 1719 exponere,
2868 1663 2930 1703 ac
2971 1651 3215 1715 modum,
3251 1667 3360 1721 quo
3385 1652 3501 1722 ipsa
3532 1669 3678 1721 quo-

2097 1751 2202 1805 que
2236 1731 2400 1806 Virgo
2425 1755 2489 1792 ex
2529 1737 2734 1793 Davide
2761 1737 2937 1804 ﬂuxit,
2971 1753 3158 1810 aperte
3191 1742 3478 1796 declarare
3507 1761 3519 1796 :
3563 1758 3674 1812 quo

2025 1807 2068 1862 Β
2097 1828 2232 1882 nihil
2267 1844 2482 1894 eorum,
2531 1845 2652 1900 quae
2703 1831 2769 1885 ad
2829 1807 3021 1900 ipsam
3055 1835 3308 1896 attinent,
3349 1807 3674 1904 probatione

409 1938 512 1980 sua
551 1933 756 1980 careat.
803 1921 954 1978 llane
1001 1923 1222 1978 demum
1259 1925 1405 1978 enim
1443 1923 1659 1978 laudem
1725 1921 1875 1976 omni
1921 1919 2156 1974 encomii
2226 1934 2425 1985 genere
2471 1921 2872 1989 praeclariorem
2953 1919 3484 1995 luculentioremque
3552 1941 3676 1981 esse

408 2016 544 2070 mihi
576 2017 896 2086 persuadeo,
935 2030 1130 2088 nempe
1159 2017 1450 2073 adversum
1509 2017 1706 2088 impias
1769 2017 1984 2086 linguas
2020 2027 2172 2067 arma
2205 2013 2453 2078 induere,
2491 2029 2665 2086 osque
2713 2029 2876 2072 omne
2943 2015 3206 2074 adversus
3241 2034 3361 2074 eam
3437 2020 3676 2076 h'emens

409 2109 541 2165 obtu
551 2125 692 2164 rare.

481 2203 594 2256 Καί
623 2219 714 2274 μοι
765 2206 1189 2273 συγγινωσκέτω
1241 2207 1352 2262 τῶν
1397 2209 1525 2280 τῇδε
1553 2210 1859 2282 παρόντων,
1899 2207 1993 2262 καὶ

410 2293 590 2362 λόγοις
618 2295 1076 2366 έντεθραμμένων
1101 2298 1360 2364 ἕκαστος,
1404 2299 1620 2370 ἀπείρῳ
1649 2317 1710 2352 τε
1740 2299 1856 2352 om
1883 2297 1993 2350 τῶν

410 2384 610 2451 ἔξωθεν
645 2388 1076 2457 γυμνασμάτων,
1107 2390 1203 2442 καὶ
1227 2387 1323 2442 τοῦ
1350 2389 1414 2460 δὴ
1443 2391 1606 2460 χάριν
1647 2388 1989 2462 ἀσχάλλοντι,

412 2472 511 2532 ἅτε
564 2475 682 2532 ὀδδν
713 2478 974 2549 ἐπίτομον
1003 2479 1078 2550 μὴ
1116 2481 1428 2550 εὑρίσκοντι
1454 2481 1548 2536 τοῦ
1579 2481 1792 2546 δέοντος
1825 2483 1996 2552 πρὸσ-

411 2587 600 2640 φορον.
629 2571 822 2640 Ὅμως
851 2571 929 2642 τῷ
957 2572 1262 2627 διδάσκοντι
1289 2571 1567 2644 Πνεῦματι
1592 2575 1768 2627 πάντα
1789 2573 1996 2644 ἄνθρω-

411 2678 513 2718 πον
552 2663 754 2732 γνῶσιν
784 2665 1166 2736 τεθαρρηκὼς,
1193 2665 1328 2737 πρὸς
1367 2666 1430 2718 τὸ
1471 2665 1830 2737 προκείμενον
1861 2668 1996 2720 ἁπο-

409 2755 631 2826 δύομαι.
663 2759 847 2826 Νόμος
871 2757 1163 2827 τοιγαροῦν
1191 2759 1416 2829 ἐκράτει
1445 2757 1508 2810 τὸ
1535 2759 1786 2820 παλαιὸν,
1819 2757 1894 2830 μὴ
1927 2757 1993 2810 ἂν

410 2847 636 2903 ἄλλοθεν
691 2851 803 2904 τῶν
853 2851 1037 2920 φυλῶν
1073 2849 1310 2919 ἑκάστην
1357 2853 1595 2918 γυναῖκα
1631 2853 1770 2921 πρὸς
1809 2851 1990 2920 γάμον

413 2939 640 3006 ἄγεσθαι
671 2939 952 3005 δύνασθαι,
985 2941 1060 3011 μὴ
1089 2941 1192 3010 τῆς
1221 2937 1368 3010 αὐτῷ
1400 2935 1762 2994 κοινωνοῦσαν
1795 2940 1988 3010 φυλῆς.

415 3031 537 3084 Ὅτι
561 3031 618 3084 δὲ
679 3032 849 3104 ,τοῦτό
904 3033 1054 3084 ἐστιν
1097 3032 1317 3101 ἀληθὲς,
1352 3032 1530 3086 αὐτῶν
1559 3034 1722 3088 ἄκουε
1757 3032 1866 3085 τῶν
1897 3029 1990 3086 τοῦ

2167 2201 2296 2258 Mihi
2327 2215 2453 2258 vero
2483 2202 2726 2272 ignoscat
2747 2204 2906 2260 velim
2946 2205 3180 2277 quilibet
3208 2223 3426 2275 eorum,
3459 2193 3552 2278 qui
3587 2207 3680 2268 hic

2099 2294 2328 2358 adsunt,
2379 2310 2442 2348 ac
2495 2297 2800 2350 litterarum
2856 2296 3041 2353 studia
3092 2301 3406 2365 coluerunt,
3469 2311 3532 2355 ut
3582 2301 3676 2372 qui

2099 2384 2457 2455 profanorum
2523 2391 3078 2444 exercitamentorum
3151 2389 3438 2460 imperitus
3515 2392 3678 2458 sim,

2101 2484 2504 2547 proptereaque
2535 2493 2706 2549 angar
2737 2489 2792 2534 et
2822 2480 3150 2547 discrucior,
3187 2491 3376 2552 utpote
3409 2489 3675 2555 compen-

2093 2567 2326 2622 diariam
2379 2570 2517 2621 viam
2565 2574 2732 2640 atque
2784 2571 3044 2626 instituto
3093 2585 3420 2644 argumento
3455 2593 3674 2632 accom-

2093 2660 2369 2713 modatam
2420 2660 2644 2716 minime
2672 2653 3020 2726 nanciscens.
3053 2657 3428 2722 Nihilominus
3470 2675 3676 2736 tamen,

2093 2749 2331 2820 Spiritus
2363 2752 2560 2812 sancti,
2599 2754 2692 2821 qui
2727 2751 2887 2808 docet
2919 2769 3137 2822 omnem
3181 2759 3456 2814 hominem
3495 2761 3677 2816 scien-

2097 2841 2252 2904 tiam,
2305 2855 2408 2909 ope
2455 2848 2621 2910 atque
2649 2843 2857 2898 auxilio
2921 2845 3113 2912 fretus,
3181 2850 3519 2916 propositam
3561 2865 3680 2904 ma-

2099 2932 2290 2985 teriam
2324 2935 2632 3003 aggredior.
2667 2931 2809 3005 Ergo
2839 2935 2943 2991 hoc
2986 2939 3114 2992 olim
3151 2939 3265 3010 lege
3298 2955 3674 3013 comparatum
3776 3003 3785 3013 ,

2097 3033 2234 3090 erat,
2265 3032 2324 3078 ut
2355 3041 2612 3099 nemo‘ex
2648 3025 2756 3080 ulla
2788 3028 2934 3082 tribu
2973 3044 3196 3084 uxorem
3239 3031 3463 3106 aliunde
3512 3050 3674 3104 quam

411 3122 578 3194 νόμου
611 3123 813 3194 ῥητῶν,
842 3123 1076 3193 ἐχόντων
1099 3124 1192 3176 ἐπὶ
1219 3124 1418 3189 λέξεως
1441 3123 1586 3178 οὕτω
1609 3141 1621 3154 ⁸
1655 3127 1762 3178 Καὶ
1795 3125 1988 3178 ὲνετείο

2098 3128 2162 3170 ex
2221 3130 2320 3169 sua
2351 3114 2603 3186 accipere
2657 3125 2861 3186 posset.
2911 3118 3070 3183 Quod
3111 3131 3291 3176 autem
3333 3124 3436 3179 hoe
3481 3139 3673 3180 verum

409 3213 542 3268 λατο
563 3216 802 3285 Μωῡσῆς
847 3218 960 3280 τοῖς
1003 3218 1137 3280 υἱοῖς
1177 3217 1394 3288 Ἰσραὴλ
1441 3217 1530 3270 διὰ
1570 3217 1996 3288 προστάγματος

413 3305 644 3378 Κυρίου,
703 3307 910 3374 λέγων’
970 3302 1047 3360 Οὐ
1109 3309 1618 3380 περιστραφὴσεται
1693 3311 1805 3371 τοῖς
1859 3308 1994 3370 υἱοῖς

424 3396 659 3468 Ἰσραὴλ,
707 3397 817 3450 ἀπὸ
863 3397 1037 3468 φυλῆς
1088 3400 1167 3462 είς
1193 3397 1390 3469 φυλὴν,
1429 3399 1510 3451 ὅτι
1559 3397 1791 3462 ἕκαστος
1828 3399 1886 3450 ὲν
1923 3399 1992 3470 τῇ

411 3487 750 3560 κληρονομίᾳ
779 3488 884 3558 τῆς
922 3489 1096 3558 φυλῆς
1144 3489 1245 3560 τῆς
1276 3487 1551 3560 πατρικῆς
1594 3488 1760 3542 αὐτοῦ
1820 3500 1992 3559 προσ-

412 3579 841 3650 κολληθήσονται
891 3585 940 3634 ot
999 3581 1126 3644 υἱοὶ,
1197 3580 1294 3634 καὶ⁵
1351 3577 1501 3634 πᾶσα
1555 3580 1804 3650 Θυγάτηρ
1831 3581 1990 3652 ἀγχι-

416 3670 678 3724 στεύουσα
705 3671 1072 3742 κληρονομίαν
1121 3675 1188 3726 ὲκ
1221 3672 1330 3724 τῶν
1361 3671 1544 3740 φυλῶν
1573 3673 1708 3725 υἱῶν
1752 3671 1990 3742 Ἰσραὴλ,

414 3758 496 3814 ἑνὶ
526 3759 635 3813 τῶν
659 3761 724 3812 ἐκ
746 3758 840 3813 τοῦ
897 3760 1070 3830 δήμου
1116 3761 1217 3831 τῆς
1247 3757 1422 3832 φυλῆς
1455 3761 1551 3815 τοῦ
1584 3762 1792 3832 πατρὸς
1819 3764 1992 3834 αὐτῆς

413 3849 630 3904 ἔσονται
665 3852 942 3918 γυναῖκες,
964 3851 1064 3921 ,ἴνα
1095 3851 1495 3922 ἀγχιστεύωσιν
1523 3853 1572 3906 οἱ
1604 3853 1710 3906 υἱοὶ
1750 3850 1988 3924 Ἰσραὴλ,

413 3940 642 4004 ἕκαστος
680 3941 782 4010 τὴν
846 3941 1211 4012 κληρονομίαν
1258 3939 1358 4013 τὴν
1393 3943 1668 4012 πατρικὴν
1713 3942 1901 4006 αὐτοῦ,
1933 3941 1990 3996 ὃν

411 4031 612 4100 τρόπον
640 4030 896 4098 συνέταξε
928 4029 1134 4102 Κύριος
1160 4031 1237 4103 τῷ
1271 4033 1504 4104 Μωῦσῇ.
1536 4035 1646 4088 Καὶ
1680 4034 1864 4105 μέντοι
1899 4034 2012 4092 καὶ,

411 4119 742 4191 διεφυλὰχθη
771 4120 930 4174 τοῦτο
965 4122 1128 4192 μέχρι
1178 4122 1396 4194 καιροῦ.
1429 4122 1576 4188 Ἕως
1616 4125 1724 4196 γὰρ
1747 4125 1898 4196 ἤνθει
1924 4125 1991 4178 τὰ

412 4210 702 4276 Ἰουδαίων,
745 4211 840 4264 καὶ
897 4211 963 4264 τὰ
1005 4213 1274 4266 Μωσαῖκὰ
1321 4215 1683 4286 διατάγματα.
1715 4211 1988 4288 ἧκμαζον,

364 4354 372 4360 _
412 4299 565 4352 οὐδὲν
587 4295 656 4370 ἦν
674 4299 784 4352 τῶν
819 4301 949 4370 παρ’
1005 4302 1190 4363 αὐτοῖς
1230 4301 1392 4363 ἐθῶν,
1432 4303 1459 4356 δ
1501 4304 1764 4374 μὴκατὰ
1785 4303 1990 4374 θεσμὸν

412 4391 652 4462 ἐκράτει.
693 4391 814 4460 Ἀφ’
872 4385 934 4444 οὗ
977 4391 1034 4445 δὲ
1093 4392 1230 4462 πρὸς
1289 4395 1598 4464 ἀφανισμὸν
1643 4395 1862 4468 ἐχώρει,
1893 4397 1990 4450 καὶ

415 4483 548 4553 πρὸς
563 4483 873 4548 τούναντίον
901 4483 1046 4538 ἆπαν
1065 4485 1458 4557 άπηυτομόλει,
1484 4488 1623 4542 κατὰ
1643 4489 1809 4559 μέρος
1829 4487 1987 4542 ὲλατ-

410 4572 668 4644 τοῦμενα,
697 4574 884 4628 οὐκέτι
910 4575 1070 4644 λόγος
1111 4577 1298 4641 αὐτοῖς
1330 4576 1591 4648 πατρῴας
1637 4580 1986 4651 εὐδαιμονίας

375 4713 386 4720 ,
410 4666 791 4736 πεφρόντιστο.
820 4665 1176 4736 έθνικώτερόν
1199 4683 1316 4734 πως
1331 4669 1696 4740 διακειμένοις
1726 4671 1820 4724 τὸν
1849 4670 1983 4741 βίον,

409 4757 504 4809 καὶ
525 4758 604 4819 εἰς
640 4755 806 4826 μηδὲν
833 4757 916 4810 ὅτι
940 4758 1084 4827 μέγα
1131 4757 1439 4829 τιθεμένοις
1482 4759 1543 4813 τὸ
1577 4761 1786 4833 χρῆμα,
1806 4765 1985 4816 καίτοι

409 4847 500 4900 τοῦ
528 4847 695 4914 νόμου
727 4846 1096 4912 Θεσπίζοντος,
1150 4850 1258 4902 τῶν
1290 4853 1586 4920 προφητῶν
1634 4851 1982 4923 ἐμδοώντων,

406 4941 500 4991 καὶ
523 4939 613 4992 διὰ
635 4939 815 5007 πάσης
869 4939 1056 5008 σχεδὸν
1089 4940 1189 5010 τῆς
1212 4941 1440 5010 Γραφῆς
1465 4943 1632 4996 αὑτοῦ
1678 4943 1982 5016 διαμαρτυο

409 5031 672 5098 ρουμένου
695 5028 790 5082 τοῦ
815 5030 970 5096 Θεοῦ,
1003 5033 1078 5101 μὴ
1102 5032 1424 5106 διαχεῖσθαι,
1465 5033 1542 5104 μὴ
1568 5035 1878 5107 διαφθεῖραι
1915 5038 1984 5100 τά

407 5121 632 5193 νόμιμα.

487 5383 644 5436 Ἐπεὶ
695 5378 792 5438 οῦν
845 5385 1134 5456 παροινίας
1161 5387 1260 5456 τῆς
1314 5390 1393 5452 εἰς
1444 5389 1576 5444 Θεὸν
1606 5392 1763 5464 δίκην
1803 5397 1864 5448 οὑ
1887 5396 1986 5466 τὴν

405 5475 673 5544 τυχοῦσαν
703 5474 895 5529 ἔδοσαν
917 5476 967 5530 oi
1010 5475 1274 5543 Ἰουδαῖοι,
1303 5473 1379 5534 ὧν
1403 5499 1462 5535 τε
1500 5483 1760 5549 πολλάκις
1791 5489 1984 5558 παροί-

408 5567 785 5638 “miramini
813 5567 912 5636 τῆς
959 5566 1214 5638 πατρῴας
1264 5572 1617 5646 ἐξεστηκότες
1672 5577 1980 5644 Θεοσεεείας

471 5738 500 5780 ά
523 5739 686 5799 Num.
725 5756 915 5808 χιιι-ι,
949 5744 978 5796 7
1007 5762 1166 5813 seqq.

2097 3207 2191 3273 sit,
2237 3207 2352 3278 ipsa
2393 3210 2526 3277 legis
2563 3211 2722 3264 verba
2761 3209 2916 3274 audi,
2967 3225 3092 3280 qua:
3131 3214 3196 3268 ad
3249 3214 3398 3270 hunc
3451 3233 3676 3288 prorsus

2097 3299 2316 3351 modum
2372 3299 2574 3353 habent
2633 3318 2647 3354 :
2693 3297 2759 3354 Ει
2784 3301 3066 3355 mandavit
3099 3302 3312 3376 Moyses
3353 3307 3480 3362 liliis
3507 3307 3674 3364 Israel

2095 3407 2192 3460 per
2223 3401 2556 3461 prasreptum
2595 3389 2836 3455 Domini,
2865 3391 3096 3448 dicens:
3130 3393 3247 3450 Non
3283 3401 3675 3454 convertemini

2093 3481 2161 3537 de
2218 3483 2364 3537 tribu
2423 3483 2478 3536 in
2545 3483 2749 3536 tribum
2800 3493 2814 3535 ':
2867 3485 3128 3552 quoniam
3185 3488 3562 3558 unusquisque
3621 3491 3676 3546 in

2094 3573 2412 3629 hazreditate
2462 3573 2636 3630 tribus
2679 3589 2792 3629 sua:
2823 3585 3064 3643 paternae
3112 3579 3564 3659 adhaerebunt“:
3623 3595 3678 3638 et

2043 3688 2046 3692 ·
2091 3666 2272 3722 Omnis
2306 3666 2416 3719 lilia
2458 3666 2763 3736 propinqua
2801 3667 3178 3724 haereditatem
3219 3671 3425 3726 habens
3466 3689 3531 3727 ex
3573 3674 3674 3728 tri-

2091 3756 2269 3811 bubus
2299 3757 2533 3810 liliorutn
2565 3758 2752 3822 Israel,
2787 3757 2882 3811 uni
2909 3773 3098 3812 eorum
3123 3761 3216 3828 qui
3245 3769 3376 3816 sunt
3401 3779 3464 3818 ex
3509 3763 3674 3817 domo

2092 3847 2266 3902 tribus
2309 3848 2480 3918 patris
2525 3847 2636 3912 sui,
2667 3847 2771 3901 erit
2812 3864 2970 3910 uxor,
3002 3859 3056 3904 et
3091 3867 3188 3920 per
3217 3854 3502 3924 sanguinis
3546 3871 3674 3928 pro-

2093 3940 2450 4008 pinquitatem
2492 3939 2874 4008 unusquisque
2909 3947 2975 3993 ex
3009 3941 3134 3996 llliis
3165 3943 3330 3999 Israel
3389 3955 3673 4011 paternam

2090 4045 2246 4084 suam
2303 4029 2675 4082 [nereditatem
2715 4029 3007 4100 percipiet,
3041 4035 3503 4100 quemadmodum
3543 4053 3672 4091 con-

2090 4117 2271 4172 stituit
2320 4117 2584 4172 Dominus
2621 4117 2817 4188 Moysi.
2848 4119 2926 4172 Ac
2967 4133 3100 4174 sane
3138 4119 3240 4174 hoc
3275 4123 3676 4194 aliquantiSper

2091 4207 2308 4278 quidem
2355 4206 2710 4261 observatum
2737 4216 2845 4263 est.
2891 4206 3144 4272 Quandiu
3174 4209 3322 4263 enim
3356 4209 3673 4266 δυόωσι-ειμι

2091 4315 2178 4354 res
2208 4298 2496 4360 ﬂorebant,
2523 4312 2588 4350 ac
2617 4297 2854 4352 Mosaica
2881 4307 3150 4368 prazeepta
3187 4301 3462 4371 vigebant,
3491 4305 3674 4360 nullus

2096 4391 2240 4460 apud
2289 4405 2384 4444 eos
2441 4389 2580 4443 ritus
2641 4397 2781 4453 erat,
2829 4390 2922 4460 qui
2976 4404 3084 4444 non
3125 4391 3281 4461 juxta
3335 4394 3504 4464 legem
3563 4396 3674 4448 vim

2094 4497 2248 4536 suam
2273 4482 2568 4538 obtineret.
2601 4482 2668 4536 At
2707 4475 3060 4552 posteaquam
3092 4483 3147 4537 in
3172 4485 3400 4539 exitium
3428 4487 3672 4570 tendere,

2085 4583 2250 4644 atque
2284 4575 2337 4627 in
2373 4574 2714 4627 contrarium
2769 4589 3000 4644 prorsus
3044 4576 3383 4641 desciscere,
3440 4583 3675 4634 sensim-

2083 4680 2192 4734 que
2229 4664 2399 4718 minui
2432 4674 2740 4734 coeperuut,
2774 4681 2882 4720 non
2907 4667 3018 4738 jam
3049 4669 3190 4737 ipsis
3230 4671 3406 4738 patria
3437 4672 3674 4732 felicitas

2085 4771 2231 4812 cura:
2261 4757 2390 4820 fuit,
2422 4769 2482 4812 ιιι
2513 4758 2604 4826 qui
2633 4760 2917 4826 gentilium
2953 4757 3360 4829 quedammodo
3435 4767 3540 4820 ritu
3593 4769 3674 4821 vi-

2097 4860 2209 4904 tam
2254 4850 2636 4918 instituerent,
2672 4869 2851 4922 neque
2879 4855 3174 4908 admodum
3209 4861 3388 4930 magni
3428 4875 3538 4915 rem
3571 4860 3674 4914 hn-

2085 4943 2328 5014 jusmodi
2376 4945 2697 5014 penderent,
2735 4947 2950 5000 tametsi
2983 4947 3188 5017 alioqui
3221 4950 3336 5020 lege
3363 4954 3667 5020 s:mciente,

2092 5037 2372 5104 prophetis
2405 5037 2855 5101 inclamantibus,
2903 5048 3067 5108 atque
3099 5041 3236 5096 adeo
3269 5044 3506 5112 ipsomet
3561 5047 3670 5102 Deo

2097 5135 2379 5197 pertotam
2409 5129 2752 5198 Scriptor-am
2779 5131 3107 5187 testiﬁcante
3132 5143 3296 5205 atque
3319 5139 3668 5202 admonente,

2094 5235 2160 5272 ne
2198 5217 2398 5272 animis
2443 5217 2879 5283 eﬂundereutur,
2930 5237 2994 5275 ac
3039 5223 3310 5292 legitimas
3353 5228 3669 5283 sanctiones

2093 5317 2523 5377 rerrutnperent’.

2128 5384 2526 5468 oposteaqnam
2567 5400 2735 5468 igitur
2755 5398 3065 5456 Judzeisum
3090 5403 3143 5457 in
3181 5401 3346 5457 Deum
3384 5418 3660 5463 contume-

2093 5491 2176 5544 li:e
2213 5507 2321 5546 non
2360 5493 2635 5562 vulgarem
2681 5509 2898 5560 pinnam
2945 5497 3340 5565 pependerunt,
3373 5515 3436 5554 ac
3469 5515 3568 5570 pro
3601 5517 3668 5556 eo

2089 5582 2231 5652 quod
2261 5599 2404 5654 saepe
2454 5593 2713 5653 tanquam
2758 5593 2931 5640 uestro
2971 5587 3206 5655 quodam
3241 5591 3454 5660 perciti,
3501 5601 3669 5666 atque
