4032 6138
369 306 475 373 847

1570 304 1632 364 S.
1669 300 1771 361 AN
1778 302 2002 362 DRErE
2041 302 2466 364 CBETENSIS

3530 300 3638 366 848

366 436 395 472 a
427 427 651 490 paterna
684 417 949 489 religione
974 416 1291 473 deﬁcientes
1325 414 1393 469 ad
1415 423 1716 468 extremam
1752 426 1946 481 super-

2053 413 2127 475 εἰς
2166 413 2332 484 ἄκρον
2363 413 2802 485 δυσειδαιμονίας
2844 412 3280 488 ἑπεληλάκεσαν,
3305 413 3399 471 καί
3425 432 3509 470 τοι
3535 434 3635 468 που

364 513 646 568 stitionem
708 518 1059 581 proruerent,
1115 507 1285 562 variis
1346 506 1523 562 modis
1570 521 1600 560 a
1656 504 1767 561 Deo
1829 502 1946 574 (20)

364 602 667 658 cxcruciati
691 600 914 656 luerunt
951 600 969 670 (
1002 613 1126 655 nam
1158 607 1216 652 et
1255 599 1392 654 urbs
1425 597 1718 654 obsidione
1765 596 1947 651 cincta

364 703 471 758 est,
528 698 584 748 et
642 705 802 746 sacra
864 688 1161 760 profanum
1216 688 1272 743 in
1335 685 1557 743 modum
1616 685 1853 755 direpta,
1894 691 1950 737 et

366 791 560 839 sancta
588 781 822 852 impuris
844 796 910 838 ac
934 781 1185 837 scelestis
1209 780 1440 850 pedibus
1469 778 1724 850 protrita,
1746 786 1949 846 etgens

366 875 486 945 ipsa
544 873 999 945 populationibus
1033 888 1320 945 oppressa.
1366 873 1720 945 patriumque
1768 872 1947 927 solum

364 982 642 1031 eversum,
686 966 906 1037 ipsique
952 966 1009 1021 in
1067 974 1313 1022 exteram
1371 963 1649 1035 regionem
1702 970 1950 1017 extorres

364 1059 473 1113 acti
530 1059 906 1114 miserandum
965 1058 1280 1115 videntibus
1329 1057 1728 1129 spectaculum,
1784 1062 1950 1124 atque

364 1149 715 1206 audientibus
782 1164 1041 1205 acroama
1110 1149 1503 1219 praebuerunt,
1564 1146 1826 1216 omnique
1883 1161 1948 1199 ex

364 1252 521 1312 parte
544 1241 710 1298 cincti
741 1244 795 1296 in
818 1241 1161 1313 gravissimis
1189 1248 1244 1296 et
1277 1239 1777 1295 immedicabilibus
1803 1236 1949 1291 cala-

366 1331 652 1387 mitatibus
681 1330 886 1386 versati
914 1328 1211 1401 sunt),nec
1234 1330 1347 1400 jam
1380 1327 1660 1397 diligentia
1700 1326 1949 1381 adhiberi

366 1424 600 1492 poterat,
655 1436 761 1491 qua
817 1437 1017 1493 genera
1076 1420 1379 1476 internosci
1439 1424 1705 1490 possent,
1763 1424 1950 1485 utpote

352 1513 627 1568 ‘universa
685 1513 909 1568 natione
960 1512 1323 1567 adversarum
1376 1526 1581 1575 rerum,
1644 1516 1811 1579 atque
1865 1509 1949 1562 in-

367 1604 679 1674 gruentium
712 1603 959 1675 quotidie
995 1603 1268 1659 malorum
1308 1602 1449 1657 mole
1481 1614 1745 1670 oppressa
1768 1638 1783 1664 ,
1810 1607 1947 1653 tum

365 1708 496 1749 vero
527 1692 758 1763 singula:
782 1692 961 1748 tribus
986 1689 1295 1746 nobilitatis
1324 1703 1438 1745 suae
1475 1687 1848 1759 praestantiam
1885 1701 1951 1742 ac

2049 501 2331 573 λυτρόπως
2362 505 2562 566 αὐτοὺς
2587 505 2916 568 κολάσαντος
2943 504 3039 559 τοῦ
3060 505 3225 571 Θεοῦ,
3261 507 3338 575 τιὴ
3371 506 3495 576 μὲν,
3537 523 3637 561 πο-

2049 592 2440 666 λιορκουμένου
2465 594 2559 648 τοῦ
2612 595 2825 660 ἄστεος,
2862 596 2958 650 καὶ
2983 596 3094 649 τῶν
3140 596 3302 666 ίερῶν
3331 596 3636 666 ὲκπορθου-

2053 684 2253 754 μένων,
2309 685 2419 740 τῶν
2482 704 2542 739 τε
2596 687 2770 755 ἁγίων
2807 691 2920 751 τοῖς
2967 688 3189 757 ὲναγέσι
3237 686 3333 744 καὶ
3382 686 3637 761 βεϐήλοις

2051 776 2526 846 συμπατουμένων
2582 778 2708 831 ποσί
2732 794 2747 807 ·
2780 778 2856 850 πὴ
2903 778 2980 844 δὲ,
3008 778 3210 850 δηώσει
3251 779 3346 832 καὶ
3372 778 3638 850 λεηλασίᾳ

2049 865 2144 920 τοῦ
2176 867 2385 932 ἔθνους,
2436 872 2791 940 καταστροφῇ
2844 887 2906 924 τε
2958 870 3054 925 τοῦ
3093 870 3354 942 πατρῴου
3382 870 3635 936 ἐδάφους,

2050 953 2173 1008 καθ’
2213 956 2280 1026 ἣν
2314 956 2451 1025 πρὸς
2478 957 2786 1032 ἀλλοδαπὴν
2814 956 3225 1030 ἐξελαυνόμενοι
3245 959 3435 1032 ⁴ᾔεσαν,
3467 961 3638 1014 ὲλεει-

2049 1045 2139 1098 νὺν
2166 1050 2279 1111 τοῖς
2305 1048 2473 1119 ὁρῶσι
2511 1049 2714 1119 θέαμα,
2758 1052 2853 1104 καὶ
2883 1053 2994 1115 τοῖς
3034 1040 3326 1106 ἀκούουσιν
3358 1050 3636 1123 ἄκουσμα,

2051 1138 2237 1208 κύκλῳ
2285 1156 2345 1194 τε
2413 1144 2939 1214 περιεστοιχισμένοι
2982 1144 3308 1214 ἀνηκέστοις
3351 1144 3616 1213 ἐγίνοντο,

2053 1230 2253 1300 μηκέτι
2310 1232 2737 1303 φιλοκρινεῖσθαι
2810 1234 2905 1288 τοῦ
2979 1236 3172 1305 γένους
3224 1236 3637 1307 ίσχύοντος,τῷ

2049 1320 2204 1392 ἄχθει
2233 1323 2535 1393 πεξομένου
2563 1324 2671 1377 τῶν
2703 1326 3021 1396 συμφορῶν,
3052 1325 3132 1396 τῷ
3160 1326 3357 1399 πλήθει
3393 1327 3503 1381 τῶν
3534 1330 3636 1380 ἐπ-

2056 1413 2247 1466 ιόντων
2276 1412 2550 1484 ὁσημέραι
2574 1413 3030 1485 δυστυχημάτων,
3045 1417 3171 1470 τότε
3190 1418 3254 1489 δὴ
3282 1419 3637 1489 συγχυθεῖσαι

2049 1503 2158 1558 τῶν
2188 1502 2372 1574 φυλῶν
2418 1505 2647 1578 ἑκάστη,
2672 1508 2733 1560 τὸ
2764 1510 2882 1580 τῆς
2925 1510 3209 1578 εὐγενείας
3233 1509 3514 1582 ἐξαίρετον
3533 1515 3639 1567 ἀπ-

2051 1596 2417 1669 εσυλήθησαν.
2460 1599 2601 1653 Ἀλλ’
2632 1602 2732 1654 οὐκ
2774 1603 3032 1666 είςᾶπαν
3078 1603 3348 1673 ἠφάνιστο
3376 1604 3441 1657 τὸ
3487 1622 3642 1675 περιρ

2052 1685 2266 1757 ώνυμον
2283 1688 2442 1743 τοῦτο
2462 1688 2555 1743 τοῦ
2575 1690 2767 1758 γένους
2791 1692 3028 1762 ἀξίωμα.
3047 1693 3295 1764 Διέμεινε
3312 1695 3422 1764 γάρ
3446 1694 3639 1766 ὥσπερ

367 1783 648 1854 singulare
697 1782 868 1838 decus
923 1783 1248 1837 amiserunt.
1304 1779 1414 1836 Nec
1472 1787 1656 1835 tamen
1718 1793 1949 1849 prorsus

2053 1795 2104 1832 τι
2135 1779 2391 1849 λείψανον
2418 1783 2484 1836 ἐκ
2512 1782 2760 1854 διαδοχῆς
2790 1784 3121 1855 ἐπικρατοῦν
3161 1785 3242 1839 ἔτι
3273 1786 3372 1856 τῆς
3405 1787 3640 1859 κληρου-

367 1874 547 1930 deleta
586 1882 672 1929 est
717 1873 952 1929 celebris
996 1874 1112 1928 haec
1159 1871 1378 1941 generis
1427 1871 1685 1943 dignitas.
1736 1870 1946 1926 Etenim

368 1964 600 2036 hujusce
643 1963 820 2019 tribus
855 1964 1181 2029 auctoritas,
1201 1962 1348 2017 velut
1386 1961 1640 2032 reliquiae
1669 1959 1944 2032 quaedam,

367 2072 466 2127 per
521 2055 930 2112 successionem
995 2052 1178 2109 adhuc
1232 2053 1434 2123 opibus
1492 2064 1656 2124 atque
1714 2051 1948 2122 imperio

367 2147 583 2218 pollens
643 2145 897 2217 perstitit
954 2159 1136 2214 usque
1211 2143 1279 2198 ad
1358 2144 1732 2199 clarissimam
1805 2143 1949 2197 hanc

367 2234 672 2309 Virginem,
697 2237 861 2301 hanc,
896 2236 1147 2306 inquam,
1177 2235 1353 2291 solam
1374 2237 1523 2291 inter
1555 2233 1817 2291 mulieres
1836 2232 1949 2290 Deo

367 2329 691 2398 desponsam
743 2335 974 2383 matrem
1016 2342 1082 2383 ac
1124 2327 1431 2396 virginem,
1482 2341 1647 2397 quam
1684 2340 1832 2380 nunc
1876 2341 1944 2381 ex

369 2419 626 2474 Davidica
687 2419 834 2473 tribu
889 2427 1068 2473 ortam
1132 2433 1258 2474 esse
1291 2418 1526 2488 probare
1560 2416 1949 2491 ~aggrediens,

366 2512 631 2569 orationis
665 2511 778 2583 (2t)
825 2511 1038 2582 jactum
1087 2511 1152 2565 ad
1206 2510 1512 2581 Scriptura:
1541 2524 1771 2580 scopum
1804 2509 1952 2565 dire-

366 2616 512 2660 ctnm
561 2607 775 2668 emitto,
809 2604 859 2658 si
899 2602 1062 2658 modo
1096 2602 1240 2657 Deus
1269 2601 1373 2656 hoc
1402 2601 1537 2655 mihi
1568 2602 1857 2666 concedat,
1891 2609 1952 2656 ut

368 2708 468 2765 pro
513 2694 591 2749 rei
639 2694 908 2765 dignitate
961 2707 1273 2748 sermonem
1333 2691 1540 2747 habere
1597 2706 1818 2761 queam.
1882 2691 1955 2748 At

367 2789 537 2849 enim,
563 2800 597 2841 ο
629 2787 786 2841 beate
818 2783 1068 2857 Matthtee
1088 2822 1104 2848 ,
1136 2783 1299 2839 velim
1327 2782 1458 2837 mihi
1491 2783 1756 2854 explices,
1788 2783 1952 2855 quid-

370 2895 495 2936 nam
524 2894 706 2935 causat
743 2879 835 2943 sit,
873 2876 1017 2950 quod
1050 2887 1106 2932 tu
1153 2877 1208 2932 in
1244 2877 1336 2940 iis,
1372 2892 1608 2947 quorum
1637 2892 1812 2947 genus
1860 2894 1950 2935 re—

367 2985 582 3034 censes,
615 2984 646 3025 a
681 2976 877 3025 saneto
906 2966 1054 3022 Luca
1083 2966 1406 3023 dissentias.
1437 2964 1663 3022 Minime
1685 2982 1837 3035 vero,
1872 2968 1956 3024 in-

367 3062 508 3136 quit,
546 3068 729 3117 mente
778 3061 844 3116 ad
893 3059 1112 3115 divinas
1161 3073 1251 3114 res
1297 3056 1731 3114 conscribendas
1753 3059 1951 3116 eximia

371 3155 633 3226 praeditus
663 3153 975 3217 Matthaeus,
1013 3151 1169 3223 prius
1205 3152 1558 3222 publicanus,
1584 3167 1734 3207 nunc
1764 3160 1948 3208 autem

369 3263 700 3307 arcanorum
720 3247 1111 3318 mysteriorum
1132 3244 1431 3316 interpres,
1447 3245 1954 3316 minime,inquam,

369 3341 480 3394 ulla
518 3346 603 3394 est
636 3339 777 3392 inter
815 3352 915 3392 nos
965 3336 1262 3393 dissensio.
1308 3332 1448 3391 Nam
1509 3336 1625 3403 ille,
1661 3337 1806 3392 velut
1839 3352 1956 3393 ser-

370 3446 589 3487 monem
623 3440 930 3486 retrorsum
963 3428 1215 3495 ﬂectens,
1252 3429 1540 3485 naturales
1579 3437 1766 3500 patres
1812 3445 1956 3501 prae-

2048 1869 2169 1939 χίας
2198 1875 2404 1941 ταύτης
2425 1872 2487 1925 τδ
2515 1871 2818 1940 ἀξιόλογον,
2857 1874 3021 1946 μέχρι
3071 1876 3175 1945 τῆς
3212 1876 3461 1950 ἀοιδίμου
3488 1880 3642 1952 Παρ-

2048 1961 2223 2025 θένου,
2257 1962 2460 2033 ταύτης
2494 1962 2558 2034 δὴ
2580 1965 2726 2033 λέγω
2751 1966 2850 2034 τῆς
2876 1966 3046 2039 μόνης
3079 1969 3137 2022 ὲν
3159 1969 3375 2036 γυναιξὶ
3393 1970 3641 2043 Θεονυμ-

2048 2052 2249 2123 φεύτου
2283 2055 2489 2127 μητρὸς
2521 2057 2616 2109 καὶ
2643 2055 2946 2122 ἀείπαιδος,
2972 2058 3038 2128 ἢν
3064 2056 3191 2127 ἀρτι
3212 2058 3308 2127 τῆς
3340 2059 3641 2132 Δαὸιτικῆς

2048 2142 2214 2200 οὖσαν
2242 2147 2632 2203 ἀποδεικνύναι
2667 2149 2840 2217 φυλῆς
2870 2149 3335 2221 παρορμώμενος,
3355 2151 3452 2206 τοῦ
3478 2152 3639 2223 λόγου

2048 2240 2147 2313 τὴν
2171 2241 2368 2315 βουλὴν
2427 2242 2563 2316 πρὸς
2599 2242 2692 2297 τὸν
2715 2242 2815 2315 τῆς
2859 2244 3085 2317 Γραφῆς
3119 2228 3403 2308 συντείνας
3435 2244 3643 2298 σκοπὸν

2049 2334 2351 2405 ὲπαφίημι,
2388 2334 2526 2389 Θεοῦ
2584 2334 2825 2404 μάλιστά
2879 2353 2971 2405 μοι
3010 2336 3079 2390 τά
3116 2337 3237 2391 κατ’
3266 2336 3426 2404 ἀξίαν
3458 2334 3643 2405 λέγειν

2052 2425 2456 2498 παρεχομένου.
2500 2426 2662 2482 Ἀλλά
2712 2444 2805 2499 μοι
2849 2427 3010 2499 δεῦρο
3054 2427 3286 2501 φράσον,
3321 2422 3368 2482 ὧ
3398 2429 3641 2500 μακάριε

2052 2515 2322 2582 Ματθαῖε,
2348 2518 2433 2582 τίς
2461 2518 2490 2571 ὁ
2539 2518 2652 2572 τῶν
2696 2519 2803 2573 ὑπὸ
2841 2518 2937 2574 σοῦ
2973 2519 3487 2591 γενεαλογουμένων
3503 2519 3644 2590 πρὸς

2049 2608 2142 2662 τὸν
2194 2608 2520 2681 ἱεροφάντην
2568 2610 2787 2665 Λουκᾶν
2826 2592 3269 2683 δίαφωνούμενος
3319 2611 3500 2681 λόγος.
3536 2612 3638 2676 Οὐ,

2052 2699 2221 2771 φησὶν
2275 2700 2304 2754 ό
2353 2699 2869 2773 θεογραφικώτατος
2914 2701 3042 2767 νοῦς
3094 2703 3398 2771 Ματθαῖος,
3448 2706 3478 2758 δ
3510 2704 3642 2777 πρὶν

2053 2789 2313 2862 τελώνης,
2339 2791 2436 2846 νῦν
2467 2792 2526 2847 δὲ
2545 2792 2654 2848 τῶν
2676 2794 3006 2867 ἀπορρήτων
3033 2795 3342 2867 ὑφηγητὴς,
3364 2797 3468 2851 οὐκ
3496 2797 3642 2849 ἐστιν

2053 2881 2113 2935 ὲν
2144 2884 2300 2953 ἡμῖν,
2333 2883 2434 2937 οὒκ
2479 2882 2627 2937 ἔστιν
2673 2884 2901 2956 οὐδεμία
2951 2884 3249 2953 διαφωνίας
3284 2885 3546 2957 ἔμφασις.
3585 2886 3643 2941 ’0

2057 2974 2156 3046 μὲν
2183 2974 2293 3046 γὰρ
2323 2975 2513 3049 ὥσπερ
2549 2974 2893 3043 ἀναποδίζων
2915 2976 3008 3032 τὸν
3053 2976 3235 3047 λόγον,
3271 2979 3489 3049 παρῆκε
3517 2979 3644 3042 τοὺς

2056 3065 2203 3119 κατὰ
2236 3065 2400 3136 φύσιν
2431 3066 2696 3140 πατέρας,
2723 3066 2991 3122 τῶνκατά
3011 3066 3176 3137 νόμον
3212 3066 3326 3121 ἔσθ’
3352 3068 3441 3121 ὅτε
3467 3067 3644 3138 μόνων

2053 3157 2409 3228 ἐπιμνησθείς
2431 3175 2448 3192 ο
2486 3157 2598 3228 ἐγὼ
2651 3159 2707 3213 δὲ
2736 3160 2848 3213 τῶν
2883 3159 3027 3213 κατά
3066 3157 3231 3226 φύσιν
3265 3158 3519 3230 πατέρων
3550 3176 3644 3213 σα-

2053 3248 2168 3315 φῶς
2191 3247 2289 3319 τὴν
2313 3250 2536 3320 μνήμην
2568 3248 2901 3321 πεποίημαι,
2942 3249 3045 3303 οὐκ
3086 3248 3322 3317 ἀλόγως,
3358 3249 3480 3304 οὐδὲ
3509 3251 3644 3305 ἀνα-

2053 3336 2182 3404 ξίως
2204 3337 2299 3391 τοῦ
2332 3338 2673 3408 Πνεύματος.
2710 3340 3006 3412 Ἑκάτερος
3031 3340 3144 3411 γάρ
3173 3340 3262 3410 ὑφ’
3282 3341 3403 3406 sub;
3426 3340 3522 3396 καὶ
3549 3341 3642 3395 τοῦ

2053 3426 2219 3480 αὐτοῦ
2255 3425 2574 3497 Πνεύματος
2602 3426 2995 3497 ὲμπνεόμενος,
3033 3426 3104 3480 τά
3152 3425 3383 3497 θατέρου
3419 3427 3643 3498 θάτερος

367 3523 651 3587 termisit,
711 3523 915 3593 legales
980 3521 1250 3577 duntaxat
1305 3535 1783 3588 commemorans;
1853 3536 1957 3592 ego

371 3621 553 3668 autem
591 3611 928 3666 naturalium
965 3618 1180 3681 patrum
1212 3609 1548 3665 mentionem
1574 3617 1763 3680 aperte
1796 3609 1901 3664 feci
1935 3629 1948 3664 :

2055 3521 2136 3582 εἰς
2169 3519 2335 3591 μηδὲν
2356 3518 2657 3573 διαλάττων
2684 3518 3078 3588 ἀποσεμνύνει.
3129 3519 3363 3573 Σκοπείν
3390 3518 3448 3572 δὲ
3474 3519 3555 3573 δεῖ
3579 3517 3645 3572 δι’

2058 3610 2376 3681 ἀκριϐείας,
2427 3610 2745 3680 ἀγαπητοὶ,
2802 3609 2901 3674 τὰς
2953 3611 3046 3664 ὑπ’
3081 3612 3285 3681 ἀμφοῖν
3330 3611 3646 3674 ὲκτεθείσας

371 3722 480 3762 non
513 3715 720 3762 temere
755 3706 807 3759 id
861 3705 1107 3774 quidem,
1151 3718 1329 3774 neque
1353 3702 1514 3757 aliter
1542 3718 1706 3773 quam
1740 3701 1951 3774 Spiritu

2061 3704 2438 3773 γενεαλογίας,
2471 3703 2729 3758 κάκεῖθεν
2761 3703 3000 3775 θηράσαι
3039 3701 3133 3755 τοῦ
3182 3701 3520 3773 ζητουμένου
3549 3701 3647 3772 τὴν

369 3799 595 3870 dignum
652 3806 821 3853 esset.
879 3794 1122 3865 Uterque
1165 3795 1312 3849 enim
1371 3800 1654 3857 nostrum,
1689 3801 1951 3864 tanquam
2062 3796 2302 3866 εὕρεσιν.

372 3893 808 3963 unoeodemque
830 3891 1040 3962 Spiritu
1067 3890 1304 3955 adlatus,
1324 3890 1465 3944 alter
1491 3888 1721 3944 alterius
1748 3889 1958 3960 scripta
1989 3891 2105 3947 sive
2130 3892 2241 3945 ulla
2271 3890 2659 3945 immutatione
2688 3888 3046 3944 commendat
3079 3895 3134 3944 et
3173 3886 3400 3941 attollit.
3473 3889 3646 3941 Accu-

372 3998 490 4046 rate
519 3996 726 4051 autem,
770 4004 804 4045 o
828 3988 1179 4053 charissimi,
1218 3988 1436 4060 generis
1476 3989 1675 4042 seriem
1706 3987 1773 4042 ab
1805 3996 2041 4060 utroque
2078 3990 2388 4061 expositam
2461 3988 2840 4052 considerare,
2912 3994 3078 4057 atque
3141 3985 3275 4041 hinc
3318 3985 3646 4055 quaestionis

372 4084 703 4143 solutionem
734 4084 1002 4155 aucupari
1035 4083 1314 4139 convenit.

442 4178 899 4250 Quandoquidem
955 4179 1141 4249 igitur,
1172 4179 1328 4246 juxta
1357 4179 1712 4248 evangelista:
1740 4192 1951 4244 vocem,

2128 4175 2351 4248 Ἀμέλει
2379 4175 2561 4229 τοίνυν
2584 4173 2726 4227 κατὰ
2754 4172 2853 4242 τὴν
2885 4170 2978 4225 τοῦ
3009 4171 3333 4247 ἱεροφάντου
3357 4169 3564 4241 φωνὴν,
3587 4168 3644 4235 ἐξ

370 4287 436 4327 ex
474 4282 705 4340 utroque
744 4287 965 4341 genere,
1006 4270 1110 4324 hoc
1148 4278 1237 4326 est
1281 4285 1349 4325 ex
1391 4269 1627 4324 naturali
1679 4285 1744 4324 ac
1770 4270 1951 4340 legali,

2058 4267 2337 4337 ἑκατέρων
2364 4264 2472 4318 τῶν
2493 4262 2688 4332 γενῶν,
2733 4262 2878 4330 λέγω
2931 4261 2989 4313 δὲ
3032 4258 3143 4312 τῶν
3187 4257 3329 4312 κατά
3364 4257 3527 4326 φύσιν
3553 4257 3644 4312 καὶ

371 4361 747 4433 generationis
813 4360 1090 4415 certitudo
1145 4360 1601 4420 demonstratur,
1662 4359 1951 4414 Matthmna

2057 4358 2244 4428 νόμον,
2272 4356 2332 4411 τὸ
2384 4354 2612 4426 ἀκριϐὲς
2637 4354 2737 4424 τῆς
2768 4350 3125 4421 γενεαλογίας
3169 4351 3301 4419 ἡμῖν
3344 4350 3639 4403 δείκνυται.

373 4453 602 4525 proinde
645 4468 785 4520 opus
820 4467 980 4507 suum
1017 4452 1312 4515 inchoans,
1363 4450 1523 4505 Liber
1575 4452 1949 4521 generationis,

2058 4451 2338 4514 Ματθαῖος
2357 4449 2491 4517 γοῦν
2542 4448 2642 4513 τῆς
2671 4447 2792 4503 κατ’
2840 4446 3003 4499 αὐτὸν
3044 4443 3373 4513 συγγραφῆς
3402 4441 3645 4513 ἀπαρχό-

374 4546 574 4616 inquit,
622 4542 751 4598 Iesu
787 4540 991 4598 Christi
1036 4543 1141 4613 ﬁlii
1191 4541 1388 4607 David,
1426 4542 1532 4611 ﬁlii
1588 4542 1864 4595 Abraham
1905 4553 1951 4596 ε.

2063 4558 2243 4613 μενος,
2269 4540 2488 4603 Βίϐλος
2520 4536 2833 4607 γενέσεως,
2887 4533 3085 4603 φησὶν,
3143 4526 3338 4600 Ἰηὰοῦ
3386 4528 3645 4601 Χριστοῦ

373 4634 669 4706 thuidem
684 4637 751 4689 ad
777 4635 853 4701 id,
864 4635 1011 4705 quod
1025 4635 1248 4704 quaerim
1260 4651 1344 4699 us,
1364 4635 1799 4705 percipiemlum,
1815 4635 1951 4705 prin-

2063 4631 2198 4687 υἱοῦ
2232 4629 2431 4695 Δαϐίδ,
2464 4628 2599 4683 υἱοῦ
2629 4625 2905 4696 Ἀϐραάμ.
2929 4624 3041 4678 Καὶ
3067 4624 3229 4694 ῆρκει
3260 4621 3398 4693 πρὸς
3434 4623 3534 4692 τὴν
3553 4620 3644 4674 τοῦ

373 4728 580 4801 cipium
604 4727 780 4797 ipsum
802 4768 818 4793 ,
837 4728 920 4784 vel
938 4727 1138 4795 solum,
1161 4727 1487 4783 sufﬁciebat.
1511 4726 1713 4783 Verum
1740 4727 1830 4782 hic
1851 4743 1951 4784 non

2065 4723 2402 4794 ζητουμένου
2436 4718 2743 4791 κατάληψιν
2769 4717 2903 4772 αὐτὸ
2936 4715 3059 4771 καθ’
3084 4705 3217 4769 αὑτὸ
3249 4715 3310 4767 τὸ
3340 4715 3642 4785 προοίμιον.

449 4891 476 4922 ε
500 4880 691 4937 Μειιιι.
724 4897 765 4946 ι,
796 4881 843 4936 Ι.

1685 4988 2071 5048 COMBEFISII
2110 4986 2340 5043 ΝΟΤᾸΞ.

449 5090 564 5164 (20)
604 5092 647 5145 Α
683 5089 787 5164 Deo
818 5090 1113 5164 excruciati
1157 5088 1477 5164 fuerunt._$i
1516 5088 1604 5142 hic
1633 5087 1789 5164 locus
1825 5103 1959 5141 con-
2069 5084 2366 5164 permultis
2420 5082 2771 5136 cruciatuum
2834 5080 3161 5162 generibus.
3200 5078 3487 5164 eruditum
3508 5118 3521 5141 ,
3582 5073 3647 5164 ad

369 5148 600 5234 jec‘tur'a'
654 5162 727 5217 sit
784 5148 1277 5234 ρῐοᾲκολάσαντος,
1327 5157 1669 5234 καλέσαντος
1714 5157 1951 5234 fortasse

2069 5148 2352 5208 ineliorem
2414 5164 2705 5234 propterea
2777 5148 3050 5234 mentem“
3091 5149 3346 5234 minime_
3375 5148 3647 5234 redieratl,

374 5216 869 5289 ἣοιιίὴιοοίιηιιὸάθ
902 5232 1005 5302 legi
1041 5245 1202 5301 posse
1238 5216 1590 5302 existimem.
1632 5216 1758 5302 {lare
1810 5229 1957 5302 enim
2069 5216 2431 5302 cum-tamen
2480 5216 2543 5302 id
2596 5219 2973 5302 essethquod
3010 5217 3157 5274 Deus
3219 5220 3274 5273 in
3332 5216 3647 5302 huiusmodi

376 5287 650 5373 particula
698 5304 881 5357 καίτοι
926 5287 1432 5373 Han-electionem
1479 5298 1955 5373 postula_re_vide-
2070 5293 2363 5373 supplici-is
2417 5291 2719 5373 inferendis
2771 5287 2877 5373 sibi
2944 5298 3315 5373 proponeret.
3387 5287 3651 5373 Videntur

376 5354 825 5445 {Gh'ﬁﬁggéim
840 5354 1335 5445 enimiutlaeorum
1362 5354 1662 5445 periidiam
1682 5369 1951 5445 Andreas,

2070 5354 2253 5445 articuli
2306 5362 2424 5445 haec
2480 5362 2667 5445 verba,
2720 5359 2901 5445 καίτοι
2945 5354 3330 5431 πολυτρόπως,
3372 5354 3648 5445 ¹ιιδψιθρό

377 5446 472 5514 qui
503 5438 691 5499 Deum"
710 5460 804 5513 per
835 5453 911 5497 tot
950 5441 1221 5514 supplicia
1253 5456 1352 5514 eos
1385 5440 1763 5514 allidolorum
1808 5438 1961 5514 cultu

378 5508 733 5568 revocantem
783 5514 978 5567 audire
1024 5508 1388 5582 iiegleXerint.
1434 5508 1549 5562 Hoc
1602 5520 1793 5582 autem
1840 5509 1963 5582 loco

380 5583 786 5651 Νοήιὶιιιηθηιιιιι
845 5577 1123 5642 imitatur:
1167 5583 1261 5651 qui
1328 5581 1364 5634 2
1428 5587 1576 5635 orat.
1638 5581 1707 5634 de
1765 5577 1960 5651 Pasch.

381 5650 573 5721 eodem
617 5655 890 5706 sermonis
935 5667 1137 5721 genere
1188 5648 1385 5709 utitur,
1435 5665 1560 5704 cum
1598 5649 1824 5715 generis
1856 5648 1961 5721 hu:

386 5720 533 5771 mani
577 5721 631 5772 in
681 5716 989 5776 sceleribus
1018 5723 1381 5792 pertinaciam
1433 5721 1769 5782 insectatur,
1816 5716 1966 5788 quod

2070 5434 2186 5497 illa,
2251 5433 2453 5503 μηκέτι
2500 5429 2954 5502 φιλοκρινείσθαι,
3016 5426 3138 5499 μετ’
3169 5426 3528 5500 parenthesin
3576 5426 3648 5481 le-

2072 5502 2269 5642 “grai
2299 5569 2577 5626 Orationis
2606 5569 2838 5642 jac-tum.
2890 5568 2998 5624 Pro
3050 5568 3244 5642 βουλὴν
3275 5570 3378 5623 huc
3413 5568 3533 5642 loco
3563 5565 3650 5642 βο-

2072 5639 2169 5710 λὴν
2234 5642 2379 5710 lego,
2437 5650 2498 5694 ul.
2542 5641 2800 5709 sagittam
2858 5639 3157 5709 signiﬁcet.
3204 5639 3296 5692 illa
3364 5640 3512 5710 enim
3571 5639 3651 5691 le-

2070 5708 2310 5785 gendum
2353 5726 2481 5768 esse
2514 5708 2705 5781 aperte
2733 5708 2944 5766 iudicat
2982 5711 3210 5767 verbum
3242 5708 3543 5778 ἐπαφίημι.
