4032 6138
346 343 455 410 849
1348 347 1432 407 ΙΝ
1466 347 1965 409 NATIVITATEN

2071 394 2083 409 .
2130 348 2416 408 MARIE.
2461 347 2577 407 III.
3500 341 3607 405 850

347 458 490 513 .mo
510 456 570 511 οὗ
590 456 755 528 μέχρι
774 455 963 535 τούτου
979 456 1129 526 Eam.
1151 458 1372 530 Προύϐη
1390 461 1500 532 γὰρ
1522 463 1550 514 ὁ
1576 461 1733 530 λόγος
1756 462 1929 531 αὐτῷ,
1963 514 1965 520 λ

2070 462 2312 516 ubsistit.
2374 460 2587 515 Etenim
2642 457 2819 528 ipsius
2868 469 3052 512 sermo
3101 454 3268 511 etiam
3313 469 3489 523 usque
3548 453 3615 507 ad

350 550 448 604 καὶ
476 548 639 620 μέχρι
679 547 775 602 τοῦ
804 549 905 617 τῆς
942 547 1220 620 Παρθένου
1269 550 1606 622 μνηστῆρος.
1640 553 1855 616 Λουκᾶς
1881 552 1939 606 δὲ

2066 552 2284 623 Virginis
2336 566 2600 623 sponsum
2650 560 2978 620 progressus
3031 556 3136 602 est.
3191 544 3371 600 Lm-as
3400 554 3617 607 autem,

352 637 496 711 μετὰ
524 638 620 709 τὴν
645 635 791 691 κατὰ
817 637 879 691 τὸ
901 636 1187 708 βάπτισμα
1233 637 1328 691 τοῦ
1361 630 1616 711 Σωτῆρος
1648 637 1939 705 ἀνάδειξιν,

2066 653 2162 701 lost
2192 645 2497 700 Salvatoris
2527 643 2581 698 in
2614 641 2889 712 baptismo
2916 638 3365 709 declarationem,
3411 638 3631 705 oratio-7

353 729 552 802 μικρὸν
604 727 771 783 αὑτοῦ
816 747 918 783 που
957 729 1047 783 τὸν
1102 728 1260 796 λόγον
1320 730 1713 802 μετοχετεόων,
1760 730 1941 787 τοιάδε

2066 751 2165 791 lem
2222 750 2377 791 suam
2435 733 2683 789 nonnihil
2733 731 3036 795 derivans,
3081 728 3152 783 ad
3201 729 3350 783 hunc
3397 727 3620 781 modum

350 822 556 892 γράφει
580 838 597 854 ⁸
645 821 751 875 Ἔν
780 816 891 887 οἷς,
925 822 1079 891 φησὶ,
1115 822 1212 875 καὶ
1244 821 1427 889 αὐτὸς
1452 818 1532 892 ἦν
1571 814 1825 891 Ἰησοῦς.
1861 823 1943 890 ὡς

351 911 506 968 ἐτῶν
546 911 892 981 τριάκοντα,
942 913 1279 983 ἀρχόμενος
1334 911 1440 979 ὢν,
1493 915 1576 980 ὡς
1620 913 1942 984 ἐνομίζετο,

354 1006 487 1071 υίὸς
512 1004 738 1075 Ἰωσὴφ
764 1004 871 1059 τοῦ
922 1003 1100 1070 Ἠλεί,
1125 1004 1234 1058 τοῦ
1271 1005 1519 1062 Ματθὰν
1540 1046 1557 1073 ,
1610 1005 1720 1060 τοῦ
1775 1007 1940 1074 Acut,

355 1095 466 1150 τοῦ
503 1096 721 1164 Μελχὶ,
745 1096 839 1150 καὶ
871 1095 999 1164 ἑξῆς
1027 1096 1168 1149 κατὰ
1194 1096 1498 1166 ἀναφορὰν,
1543 1096 1650 1161 ἓως
1686 1098 1780 1151 τοῦ
1812 1097 1943 1168 Σὴθ,

357 1187 466 1242 τοῦ
493 1186 701 1256 Ἀδὰμ,
728 1187 837 1241 τοῦ
871 1184 1040 1240 Θεοῦ.
1066 1187 1181 1239 οὐκ
1199 1188 1386 1255 ἀγνοεῖ
1405 1186 1450 1240 δ’
1471 1182 1565 1241 οὖν
1599 1187 1693 1256 ὅγε
1716 1187 1945 1256 φιλόπο-

358 1296 451 1342 νος
483 1277 607 1342 νοῦς
634 1278 744 1332 τῶν
778 1278 1189 1350 ὲξητασμένων,
1217 1279 1292 1343 ὡς
1320 1280 1447 1342 τοὺς
1487 1281 1588 1350 μὲν
1616 1278 1759 1334 κατὰ
1779 1280 1945 1351 νόμον

361 1370 609 1440 πατέρας
643 1368 887 1433 ἐκείνους
920 1372 988 1441 τῇ
1042 1370 1237 1441 Γραφῇ
1301 1369 1489 1424 καλεῖν
1525 1370 1777 1441 σύνηθες,
1819 1372 1948 1435 τοὺς

361 1461 732 1533 προθανόντας
791 1461 889 1532 μὲν
931 1461 1199 1527 ἄπαιδας,
1241 1461 1383 1532 πλὴν
1434 1461 1946 1532 παιδοθετηθὲντας,
1984 1538 1993 1547 ο

361 1554 432 1607 δι’
467 1553 877 1624 ἀδελφοσπόρου
911 1553 1076 1623 γονῆς
1140 1554 1278 1624 μετὰ
1300 1552 1589 1625 κοίμησιν·
1623 1557 1750 1618 τοὺς
1775 1554 1834 1609 δέ
1865 1573 1949 1610 τοι

363 1646 510 1701 κατὰ
534 1645 721 1717 φύσιν,
753 1646 1020 1713 ὲκείνους,
1073 1645 1124 1699 οἳ
1170 1648 1407 1717 μάλιστα
1440 1649 1538 1719 μὲν
1565 1648 1778 1710 έαυτοτς
1814 1649 1951 1719 πρὸς

363 1736 618 1810 διαδοχὴν
650 1737 747 1791 τοῦ
784 1738 976 1807 γένους
994 1738 1181 1810 οίκείῳ
1215 1739 1404 1812 σπόρῳ
1437 1740 1949 1811 ἔπαιδοποιήσαντο,

2042 827 2233 884 scribit
2262 845 2275 881 :
2309 826 2454 880 Inter
2482 841 2634 895 quos,
2666 823 2867 894 inquit,
2903 822 3066 876 etiam
3094 820 3255 876 Iesus
3286 831 3425 883 erat,
3455 835 3623 873 anno-

2043 935 2161 974 rum
2204 919 2358 989 quasi
2412 918 2636 987 triginta
2694 917 2950 983 incipiens
3003 929 3140 978 esse,
3194 924 3255 966 ut
3303 911 3619 980 putabatur.

2042 1013 2187 1083 ﬁlius
2222 1010 2443 1080 Ioseph,
2475 1010 2564 1081 qui
2601 1010 2701 1080 fuit
2739 1007 2886 1067 Heli.
2941 1007 3031 1076 qui
3074 1005 3180 1075 fuit
3228 1003 3479 1075 Mathan,
3532 1006 3621 1072 qui

2044 1106 2149 1176 fuit
2178 1105 2320 1169 laevi,
2356 1106 2448 1176 qui
2481 1103 2585 1174 fuit
2620 1100 2839 1162 Melchi.
2877 1112 2931 1157 et
2968 1101 3048 1157 sic
3078 1098 3341 1165 deinceps
3372 1099 3430 1152 in
3456 1097 3624 1152 altum

2046 1197 2396 1255 ascendendo
2446 1212 2622 1267 usque
2663 1193 2731 1248 ad
2774 1194 2933 1259 Seth,
2963 1192 3054 1263 qui
3082 1192 3189 1262 fuit
3216 1189 3365 1256 Λάαν,
3398 1190 3489 1259 qui
3525 1176 3625 1257 fuit

2045 1290 2144 1346 Dei
2178 1291 2224 1344 ί.
2254 1289 2395 1345 Illud
2427 1303 2592 1360 porro
2632 1287 2860 1341 minime
2889 1286 3124 1356 ignorat,
3152 1284 3404 1353 quisquis
3436 1282 3626 1337 sedula

2045 1392 2100 1440 et
2148 1383 2425 1454 exquisita
2472 1389 2653 1436 mente
2686 1380 2947 1451 praeditus
2977 1386 3085 1445 est,
3108 1394 3174 1434 ex
3200 1392 3303 1432 usu
3333 1374 3630 1445 Scriptura:

2046 1486 2191 1539 esse,
2243 1471 2444 1542 legales
2492 1477 2676 1540 patres
2722 1484 2818 1525 eos
2875 1468 3095 1523 demum
3157 1465 3472 1536 appellare,
3510 1464 3625 1533 qui,

2003 1636 2006 1640 η
2048 1564 2298 1637 quamvis
2322 1562 2443 1618 sine
2475 1560 2677 1617 Iiberis-
2705 1576 2735 1616 e
2774 1560 2888 1615 vita
2916 1559 3280 1622 decesserint,
3315 1565 3497 1612 tamen
3533 1572 3629 1626 per

2051 1655 2314 1719 sobolem,
2357 1670 2426 1710 ex
2476 1652 2723 1708 fraterno
2761 1653 2976 1708 semine
3029 1654 3155 1721 post
3200 1657 3430 1705 mortem
3473 1663 3627 1704 suam

2051 1758 2254 1812 ortam,
2288 1746 2431 1803 ﬁlios
2453 1747 2767 1802 habuerunt
2802 1762 2817 1798 ι
2847 1745 3130 1799 naturales
3154 1751 3375 1806 contra,
3406 1756 3502 1797 eos
3538 1741 3630 1810 qui

365 1829 480 1884 ἐσθ’
513 1830 605 1884 ὅτε
640 1829 698 1883 δὲ
728 1831 823 1883 καὶ
846 1833 893 1883 εί
919 1831 1174 1885 τεθνάσιν
1212 1831 1396 1895 αὐτοῖς
1435 1830 1665 1896 ἄπαιδες
1704 1832 1949 1903 ἀδελφοὶ,

2066 1838 2354 1908 praesertim
2405 1835 2629 1908 quidem
2691 1835 2798 1892 sibi
2838 1835 2972 1904 ipsis
3026 1834 3097 1889 ad
3163 1836 3380 1904 generis
3439 1848 3634 1903 propa-

366 1923 436 1976 δι’
458 1922 743 1990 άντιγόνου
772 1923 1003 1993 σπορᾶς,
1026 1922 1128 1991 τὴν
1155 1922 1455 1993 εὐκληρίαν
1482 1922 1561 1994 τῷ
1585 1924 1801 1996 ἁδελφῷ
1836 1943 1955 1980 συν-

366 2016 691 2086 εισήγαγον.
712 2014 834 2069 Τῶν
863 2016 928 2084 γέ
948 2032 1032 2069 τοι
1058 2015 1479 2085 εὐαγγελιστῶν,
1499 2018 1527 2068 ὁ
1555 2018 1656 2088 μὲν
1680 2019 1788 2072 τῶν
1815 2020 1956 2074 κατὰ

370 2105 533 2174 φύσιν
565 2106 817 2179 πατέρων
842 2105 1021 2178 μόνων
1058 2107 1415 2179 ἐπιμνησθεὶς
1458 2110 1586 2173 τοὺς
1617 2109 1760 2163 κατὰ
1791 2111 1956 2176 νόμον

370 2199 659 2270 παρῆκεν
697 2201 726 2253 ό
751 2199 810 2253 δὲ
850 2198 1163 2271 τοῦμπαλιν
1227 2202 1357 2264 τοὺς
1391 2200 1536 2256 κατὰ
1563 2201 1726 2272 φύσιν
1781 2221 1957 2275 παρα-

368 2293 620 2366 δραμὼν,
646 2295 757 2349 τῶν
799 2297 944 2350 κατὰ
981 2296 1148 2367 νόμον
1207 2296 1396 2361 ίδικῶς
1448 2298 1799 2369 ἐπεμνήσθητ
1850 2298 1956 2352 οὐδ’

369 2385 630 2456 ὁπότερος
659 2386 755 2441 τοῦ
786 2387 995 2451 εἰκότος
1028 2388 1387 2458 ἀποσφαλείς.
1406 2389 1587 2444 Καλὸν
1618 2390 1662 2444 δ’
1691 2386 1959 2463 οἶμαικαὶ

380 2478 611 2543 παλαιᾶς
626 2480 764 2551 πρὸς
791 2479 950 2534 τοῦτο
962 2481 1271 2552 μαρτυρίας
1298 2483 1719 2556 ἐπιμνησθῆναι.
1738 2486 1806 2557 ἢν
1831 2485 1960 2554 παρ’

371 2566 722 2638 ἁνδρόςτινος
744 2568 1099 2641 ¹ιιιολυῖστορος
1133 2571 1575 2644 παρειλήφαμεν,
1609 2572 1839 2644 ἔχουσαν
1869 2574 1961 2627 επὶ

373 2656 573 2723 λέξεως
607 2654 1074 2733 οὕτως.“Επείπερ
1101 2662 1152 2715 oi
1186 2662 1286 2734 τῆς
1306 2663 1656 2733 γενεαλογίας
1679 2664 1787 2718 τῶν
1798 2665 1963 2735 εὐαγ-

374 2750 643 2819 γελιστῶν
692 2754 1084 2826 ἑμφερόμενοι,
1136 2757 1187 2809 oi
1244 2757 1344 2826 μὲν
1416 2756 1718 2824 διεδέξαντο
1773 2759 1964 2822 παῖδες

377 2840 624 2913 πατέρας
684 2843 963 2914 γνησίους,
1017 2846 1068 2899 οί
1092 2844 1171 2911 δὲ,
1199 2846 1408 2917 ἑτέροις
1440 2849 1539 2917 μὶν
1567 2848 1961 2921 ἐγεννήθησαν,

378 2934 583 3006 ἑτέρων
609 2934 667 2989 δὲ
688 2937 947 3004 γεγόνασι
975 2937 1193 3009 κλήσει,
1221 2939 1551 3011 ἀμφοτέρων
1596 2941 1655 2994 δὲ
1681 2942 1903 3012 γέγονεν
1929 2943 1963 3015 ἡ

383 3024 719 3096 μνήμη,τῶν
733 3042 794 3078 τε
821 3026 1258 3098 γεγεννηκότων,
1283 3028 1378 3081 καὶ
1404 3028 1514 3083 τῶν
1529 3030 1605 3094 ὡς
1635 3031 1964 3101 γεγεννηκό-

259 3159 263 3162 .
381 3132 513 3180 των,
563 3113 742 3179 οὕτως
787 3115 1072 3187 οὐδέτερον
1132 3116 1241 3170 τῶν
1285 3117 1633 3188 Εὑαγγελίων
1682 3120 1961 3190 ψεύδεται,

380 3205 479 3261 καὶ
510 3205 677 3276 φύσιν
701 3204 994 3278 ἀριθμοῦν,
1041 3208 1135 3262 καὶ
1173 3210 1370 3279 νόμονο
1401 3209 1688 3282 ὲπεπλάκη
1718 3213 1827 3284 γὰρ
1864 3213 1963 3266 άλ-

382 3295 568 3369 λήλοις
590 3297 660 3352 τὰ
689 3297 823 3370 γένη
858 3299 981 3353 τότε
1006 3299 1115 3353 ἀπὸ
1132 3302 1228 3353 τοῦ
1254 3300 1620 3372 Σολομῶντος,
1651 3304 1746 3356 καὶ
1776 3302 1837 3357 τὸ
1858 3304 1967 3359 άπὸ

381 3389 481 3443 τοῦ
516 3389 729 3455 Νάθαν,
744 3390 1075 3445 άναστάσεσι
1111 3390 1342 3459 τέκνων,
1363 3394 1456 3445 καὶ
1483 3392 1958 3464 δευτερογαμίαις.

389 3478 509 3532 Ἵνα
537 3478 596 3531 δὲ
626 3478 799 3548 σαφὲς
915 3479 978 3533 τδ
1039 3479 1359 3551 λεγόμενον,
1392 3480 1493 3553 τὴν
1530 3482 1834 3555 ἐπιπλοκὴν
1858 3485 1969 3539 τῶν

387 3567 565 3639 γενῶν
589 3568 947 3642 διηγήσομαι.

2055 1930 2332 2000 gationem
2363 1944 2430 1982 ex
2476 1935 2692 1982 suomet
2734 1927 2945 1983 semine
2989 1925 3197 1981 liberos
3240 1933 3630 1994 procrearunt,

2056 2020 2335 2075 interdum
2391 2026 2574 2075 autem
2623 2019 2790 2074 etiam
2847 2016 2986 2090 (22),
3045 2017 3091 2072 si
3138 2006 3381 2088 ipsorum
3435 2017 3635 2071 fratres

2056 2112 2224 2168 nullis
2255 2112 2442 2167 liberis
2482 2110 2692 2167 relictis
2724 2111 2894 2165 vitam
2924 2125 3047 2164 cum
3094 2119 3269 2164 morte
3301 2116 3639 2165 commutas-

2058 2212 2202 2267 sent,
2230 2220 2326 2274 per
2351 2202 2621 2257 vicarium
2654 2217 2840 2257 semen
2872 2200 3246 2256 hmreditatem
3290 2200 3429 2271 ipsis
3467 2201 3638 2256 colle-

2059 2304 2278 2368 gerunt.
2338 2295 2486 2367 Ergo
2551 2295 2690 2351 alter
2773 2295 3280 2364 erangelistarum,
3359 2293 3638 2349 naturales

2059 2389 2326 2445 duntaxat
2371 2395 2559 2458 patres
2608 2400 3093 2453 commemorans,
3149 2385 3356 2456 legales
3417 2384 3639 2440 silentio

2062 2480 2356 2551 praeteriit;
2383 2479 2538 2534 alter
2571 2492 2793 2533 rursum
2837 2476 3232 2547 pra'termissis
3271 2475 3637 2535 naturalibus.

2062 2571 2320 2642 legalium
2355 2570 2606 2640 privatim
2645 2567 2981 2623 mentionem
3025 2566 3178 2622 fecit.
3215 2568 3270 2621 ln
3305 2580 3414 2636 quo
3447 2572 3643 2620 neuter

2062 2663 2133 2718 ab
2173 2676 2241 2718 eo
2263 2660 2411 2731 quod
2444 2676 2543 2731 par
2571 2667 2692 2714 erat
2721 2658 3020 2715 aberravit.
3042 2657 3154 2714 Nec
3186 2672 3315 2713 vero
3337 2658 3643 2712 incommo-

2062 2755 2193 2811 dum
2242 2740 2835 2825 fuerit(quo.planius
2901 2750 3048 2808 istud
3117 2747 3464 2818 ostendatur)
3506 2755 3646 2803 rete.

2063 2845 2144 2902 ris
2207 2860 2425 2915 quoque
2490 2843 2789 2900 testimonii
2841 2841 3181 2905 meminisse,
3243 2837 3386 2910 quod
3433 2853 3465 2892 ε
3526 2838 3645 2891 viro

2062 2936 2299 3009 quodam
2330 2936 2443 3008 (25)
2474 2937 2769 2993 multarum
2802 2950 2985 2990 rerum
3018 2932 3338 3002 cognitione
3369 2930 3647 2985 instructo

2064 3012 2397 3101 accepimus.
2445 3029 2505 3086 id
2537 3038 2719 3085 autem
2765 3028 2847 3084 sic
2875 3026 2943 3082 ad
2977 3026 3202 3080 verbum
3239 3023 3423 3078 habet.
3455 3020 3644 3087 Quan-

2066 3122 2360 3192 doquidem
2390 3122 2486 3193 qui
2516 3124 2573 3177 in
2603 3117 2812 3177 Cliristi
2839 3117 3163 3190 genealogia
3192 3118 3264 3170 ab
3291 3112 3649 3184 evangelistis

2067 3215 2403 3278 referuntur,
2434 3214 2633 3285 partim
2664 3211 2762 3266 lilii
2785 3209 2932 3266 veris
2957 3209 3211 3278 patribus
3238 3214 3646 3268 successerunt,
3675 3274 3679 3278 _

2070 3309 2267 3378 partim
2298 3322 2425 3362 cum
2456 3306 2528 3362 ab
2553 3305 2677 3360 aliis
2708 3303 2878 3376 geniti
2910 3309 3121 3367 essent,
3174 3300 3410 3355 aliorum
3461 3307 3645 3352 tamen

2069 3397 2166 3453 lilii
2199 3396 2329 3453 dicti
2351 3404 2506 3464 sunt,
2532 3404 2700 3467 atque
2730 3404 3097 3462 utrorumque
3141 3389 3348 3447 mentio
3375 3387 3516 3444 facta
3540 3397 3650 3452 est,

2072 3491 2178 3546 hoc
2218 3501 2307 3548 est
2358 3499 2413 3546 et
2452 3504 2644 3547 eorum
2679 3486 2774 3559 qui
2818 3491 3156 3559 genuerunt,
3208 3488 3265 3538 et
3307 3496 3501 3539 eorum
3556 3483 3651 3551 qui

2070 3582 2221 3638 velut
2269 3589 2603 3653 genuerunt,
2652 3578 2865 3635 ideirco
2912 3583 3174 3632 neutrum
3226 3570 3651 3639 Evangeliorum

389 3668 698 3733 mentitur,
764 3666 897 3721 dum
963 3672 1022 3722 et
1066 3673 1319 3722 naturam
1385 3676 1440 3724 et
1506 3668 1680 3741 legem
1747 3682 2021 3730 numerat.
2078 3674 2214 3732 Nam
2278 3686 2393 3733 tum
2465 3674 2692 3731 fatniliaa
2758 3670 3112 3736 Salomonis,
3153 3675 3208 3725 et
3248 3665 3498 3732 Natban,
3558 3680 3657 3735 per

392 3755 694 3811 liberorum
740 3755 1160 3812 suscitationem
1243 3772 1310 3813 ac
1364 3759 1597 3829 repetita
1661 3763 2012 3820 matrimonia
2084 3767 2230 3824 inter
2294 3782 2354 3825 se
2410 3781 2675 3823 connexa
2725 3771 2906 3822 erant.
2937 3760 3009 3818 Ut
3069 3771 3251 3817 autem
3304 3757 3655 3830 perspicuum

390 3845 635 3919 sitquod
666 3846 817 3910 dico,
856 3862 1117 3918 generum
1152 3848 1566 3918 permistionem
1605 3866 1901 3923 exponam.

477 3939 616 3993 Ἀπὸ
646 3937 741 3993 τοῦ
771 3937 940 3992 Δαὸὶδ
958 3937 1049 3993 διά
1083 3939 1434 4010 Σολομῶντος
1456 3941 1557 4006 τάς
1599 3943 1792 4012 γενεὰς
1839 3963 1976 4000 κατ-

394 4032 522 4105 αριθ
532 4030 1038 4103 μουμένοις,τρίτος
1057 4030 1168 4084 ἀπὸ
1190 4031 1377 4095 τέλους
1395 4026 1712 4106 εὑρίσκεται
1726 4036 1974 4105 Ματθὰν,

291 4190 295 4193 τ
396 4127 456 4191 ὃς
478 4125 737 4194 ἐγέννησε
796 4125 889 4178 τὸν
941 4121 1161 4187 Ἰακὼϐ,
1188 4122 1284 4177 τοῦ
1350 4123 1549 4196 Ἰωσὴφ
1604 4126 1697 4180 τὸν
1743 4130 1976 4201 πατέρα.

411 4214 547 4273 ’Δπδ
567 4214 624 4268 δὲ
655 4212 848 4267 Νάθαν
903 4211 1000 4265 τοῦ
1051 4212 1218 4266 Δασὶδ
1282 4215 1424 4268 κατά
1478 4216 1714 4285 Λουκᾶν,
1778 4220 1978 4289 ὁμοίως

395 4305 582 4378 τρίτος
616 4304 727 4359 ἀπὸ
754 4304 947 4369 τέλους
996 4304 1197 4374 Μελχί·
1250 4305 1465 4360 Σκοποῦ
1491 4307 1670 4361 τοίνυν
1699 4291 1833 4380 ἡμῖν
1867 4328 1985 4366 κει-

402 4396 569 4468 μένου
627 4394 726 4450 τοῦ
770 4394 993 4467 Ἰωσὴφ,
1023 4394 1399 4462 ἀποδεικτέον,
1451 4397 1568 4462 πῶς
1604 4399 1865 4473 ἑκάτερος
1890 4403 1989 4456 αὺ-

396 4488 494 4543 τοῦ
518 4487 701 4559 πατὴρ
753 4487 1063 4557 ἱστόρηται,
1094 4487 1125 4552 ὅ
1142 4505 1203 4541 τε
1237 4487 1435 4542 Ἰακὼὸ
1474 4491 1584 4544 ἀπὸ
1613 4491 1986 4562 Σολομῶντος,

2151 3948 2196 4001 Δ
2227 3945 2430 4001 Davide
2458 3958 2555 4014 per
2573 3941 2923 3997 Salomonem
2941 3937 3325 4010 generationes
3363 3946 3659 3987 recensen-

2084 4034 2254 4099 tibus,
2287 4031 2488 4089 tertius
2530 4044 2559 4085 a
2588 4029 2697 4084 line
2722 4026 2940 4082 Mathan
2971 4024 3263 4094 reperitur,
3285 4020 3658 4093 quiJacobum

2082 4125 2306 4196 Josephi
2347 4133 2557 4195 patrem
2595 4121 2809 4192 genuit.
2858 4117 2904 4172 A
2949 4115 3164 4172 Nathau
3207 4123 3386 4169 autem
3441 4110 3660 4165 Davidis

2087 4216 2198 4272 ﬁlio
2223 4216 2382 4287 juxta
2412 4213 2639 4277 Lucam,
2669 4210 2861 4267 eodem
2897 4208 3061 4263 modo
3103 4203 3305 4261 tertius
3332 4218 3360 4256 a
3396 4201 3502 4256 (ine
3527 4199 3661 4254 Mel-

2080 4307 2191 4363 chi.
2226 4304 2500 4372 Quocirca
2524 4318 2650 4357 cum
2678 4299 2884 4370 Ioseph
2934 4297 3095 4352 nobis
3136 4309 3236 4366 pro
3264 4307 3433 4363 scopo
3460 4305 3662 4361 propo-

2081 4406 2267 4463 natur,
2292 4393 2787 4451 demonstrandum
2822 4399 2907 4446 est
2952 4402 3190 4458 quonam
3231 4396 3392 4457 pacto
3431 4395 3664 4452 uterque

2084 4491 2258 4561 ipsius
2283 4497 2437 4560 pater
2459 4503 2584 4544 esse
2603 4484 2806 4541 divinis
2827 4483 3052 4538 Litteris
3080 4478 3366 4550 prodatur,
3403 4475 3662 4531 nimirum

399 4580 496 4634 καὶ
537 4580 685 4634 Ἠλεὶ
713 4578 825 4632 ἀπὸ
849 4577 946 4631 τοῦ
993 4577 1210 4650 Νάθαν,
1237 4579 1497 4650 ἑκάτερον
1532 4580 1688 4649 γένος
1713 4583 1965 4652 κατάγον

2087 4588 2142 4637 et
2178 4579 2378 4651 Joseph
2419 4579 2514 4651 qui
2554 4593 2584 4632 a
2634 4578 2930 4632 Salomone
2978 4582 3159 4629 ortum
3211 4569 3397 4635 traxit,
3436 4577 3492 4624 et
3545 4564 3663 4619 Heli

399 4689 517 4736 τας.
574 4671 689 4726 Καὶ
714 4671 780 4742 δὴ
811 4664 946 4725 οὗνό
965 4687 1027 4724 τε
1050 4670 1278 4724 Ματθάν
1335 4670 1430 4724 καὶ
1454 4670 1483 4724 ό
1504 4672 1704 4744 Μελχὶ,
1735 4674 1794 4726 έν
1824 4674 1984 4747 μέρει

400 4764 502 4833 τὴν
525 4763 698 4835 αὐτὴν
741 4763 1002 4835 ἀγόμενοι
1048 4765 1308 4832 γυναῖκα,
1337 4766 1705 4837 ὁμομητρίους
1723 4767 1987 4837 ἀδελφοὺς

404 4856 919 4927 ἑπαιδοποιήσαντο,
966 4855 1063 4909 τοῦ
1089 4856 1256 4927 νόμου
1288 4858 1363 4928 μὴ
1394 4856 1698 4922 κωλύοντος
1726 4859 1988 4930 χηρεύου-

406 4944 585 5022 carni)
617 4947 715 4999 καὶ
751 4945 1187 5017 ἀπολελυμένην,
1236 4946 1382 5017 ἄλλῳ
1424 4948 1742 5017 γαμεῖσθαι.
1802 4950 1987 5022 Παρα-

404 5034 616 5088 δέδοται
635 5033 839 5102 τοίνυν,
862 5035 945 5089 ὅτι
973 5036 1192 5106 πρῶτος
1220 5036 1452 5091 Ματθὰν
1469 5036 1618 5091 sane
1643 5037 1986 5109 Σολομῶντος

378 5125 666 5207 ⁴κατάγων
694 5131 757 5180 τὸ
781 5126 960 5195 γένος,
1016 5126 1112 5180 τὸν
1146 5125 1346 5181 Ἰακὼὸ
1384 5129 1577 5199 γεννᾷ’
1605 5130 1699 5182 ita).
1729 5129 1989 5203 τελευτή-

490 5289 510 5329 ῖ
553 5289 694 5344 Luc.
729 5302 814 5353 ιιι,
865 5285 938 5341 25
975 5299 1143 5356 seqq.

2090 4673 2184 4744 qui
2222 4688 2253 4727 a
2302 4672 2539 4727 Nathan.
2588 4669 2734 4740 Ergo
2762 4677 2818 4723 et
2847 4665 3068 4721 Mathan
3100 4671 3155 4719 et
3185 4660 3377 4716 Melchi
3419 4656 3664 4714 eamdem

2091 4781 2321 4821 uxorem
2360 4764 2610 4820 vicissim
2659 4763 2926 4818 ducentes
2951 4798 2967 4823 ,
3004 4756 3256 4812 uterinos
3304 4752 3506 4807 fratres
3540 4764 3667 4818 pro-

2091 4862 2372 4910 crearunt.
2412 4853 2599 4926 Neque
2627 4853 2772 4907 enim
2816 4852 2916 4906 ler
2943 4847 3292 4921 prohibebat,
3328 4861 3396 4899 ne
3424 4858 3513 4907 ea,
3547 4856 3670 4911 qua:

2095 4947 2351 5001 maritum
2380 4953 2555 4999 morte
2579 4944 2861 5007 amiserat,
2899 4950 2992 4995 ant
3026 4940 3095 4994 ab
3131 4953 3200 4993 eo
3234 4935 3518 5006 repudiata
3553 4934 3670 4986 lue.

2095 5047 2201 5102 rat,
2246 5037 2406 5092 alteri
2444 5036 2698 5091 nuberet.
2725 5033 3003 5089 Memoriae
3044 5031 3227 5100 itaque
3270 5028 3546 5098 proditum
3589 5036 3670 5078 est

2100 5130 2321 5185 Mathan
2355 5130 2621 5201 primum,
2674 5127 2767 5196 qui
2811 5140 2840 5180 a
2873 5124 3167 5180 Salomone
3199 5121 3467 5193 originem
3489 5117 3673 5172 duce—

1763 5372 2154 5429 COMBEFISII
2183 5374 2410 5431 ΝΟΤκΕ.

487 5470 601 5542 (22)
634 5471 695 5527 Si
729 5474 969 5541 ipsorum
1010 5470 1226 5540 fratres.
1279 5466 1594 5538 Legendum
1633 5468 1804 5542 hic_i_n
1836 5466 1991 5522 Grae-

416 5538 600 5598 co'est
628 5544 676 5594 εί
707 5538 983 5603 τεθνᾶσιν,
1008 5538 1069 5594 ιιι
1092 5554 1302 5593 sensus
1341 5546 1532 5607 aperte
1555 5538 1822 5593 ostendit.

489 5609 604 5681 (25)
644 5610 795 5677 Quod
850 5612 1047 5681 arviro
1085 5609 1332 5681 quodam.
1376 5607 1701 5681 Africanum
1762 5610 1994 5681 innuere

415 5677 663 5746 videtur,
691 5683 851 5749 cujus
886 5677 1184 5749 deihac’re
1206 5679 1369 5749 verba
1406 5680 1462 5731 in
1506 5679 1747 5749 medium
1785 5677 1996 5749 profert

422 5751 697 5809 Eusebius
741 5748 886 5807 lib.r
941 5748 1144 5803 Eccles.
1194 5748 1319 5802 hist.
1365 5761 1487 5819 cap.
1539 5748 1590 5804 7.
1639 5748 1795 5805 Hanc
1826 5762 1992 5820 porro

2100 5469 2280 5539 ipsius
2313 5468 2608 5539 rationem,
2641 5466 2848 5539 quibus
2880 5465 3222 5539 argumentis
3244 5463 3557 5539 convellere
3588 5459 3674 5513 ni-

2099 5530 2249 5594 tatur
2293 5538 2567 5593 Osiander
2593 5576 2608 5598 ,
2638 5530 2787 5607 f'vide
2839 5530 2985 5607 apud
3031 5530 3674 5607 blelchioreinCanum,

2099 5610 2194 5665 lib.
2232 5626 2250 5664 ι
2301 5609 2378 5663 De
2411 5609 2539 5663 locis
2604 5603 3029 5678 theolog.,'cap.
3085 5606 3141 5674 5,
3180 5605 3276 5663 ubi
3343 5604 3509 5660 etiam
3542 5603 3678 5674 ipsis

2100 5680 2474 5737 eruditissime
2514 5677 2840 5749 respondet.
