4032 6138
385 333 485 401 851

1579 335 1641 397 S.
1683 334 2016 398 ANDREIE
2058 334 2480 398 CRETENSIS

3540 334 3652 402 832

383 455 506 517 bat,
547 450 812 507 Jacobum
849 450 1136 522 genuisse,
1168 448 1402 520 ipsoque
1439 447 1660 505 Mathan
1694 460 1960 513 extremo

2084 469 2255 516 παντος
2311 451 2406 504 τοῦ
2441 451 2690 515 Ματθᾶιν,
2735 450 2910 524 Μελχί¹
2935 455 2963 508 ό
2994 449 3090 508 ἐπὶ
3131 454 3224 509 τὸν
3278 453 3472 508 Νάθαν
3511 452 3655 508 κατά

384 555 508 602 Viue
535 544 626 599 die
650 542 861 605 functo,
893 541 1108 606 Melcbi,
1138 540 1232 610 qui
1257 539 1325 594 ad
1345 539 1564 596 Natban
1589 557 1764 611 genus
1798 556 1960 596 suum

386 636 679 698 referebat,
744 633 992 695 viduam,
1061 634 1210 701 quod
1261 646 1330 686 ex
1377 631 1567 687 eadem
1622 632 1770 687 tribu
1823 633 1960 702 ipse,

384 739 696 796 quanquam
753 737 819 778 ex
871 721 978 774 alia
1037 721 1268 784 familia,
1318 731 1380 776 ut
1422 721 1538 791 jam
1595 721 1802 776 dictum
1855 731 1962 786 est,

388 819 544 879 foret,
584 817 636 870 in
669 813 1084 868 matrimonium
1127 813 1407 883 accepisse
1429 852 1446 878 ,
1487 828 1555 867 ex
1583 827 1756 882 eaque
1791 813 1961 868 lilium

387 909 504 966 lleli
537 906 872 976 suscepisse;
901 903 982 958 Ad
1027 905 1176 958 hunc
1210 905 1434 958 modum
1467 919 1534 960 ex
1564 905 1804 959 diversis
1832 905 1964 958 duo-

386 1001 489 1055 bus
541 996 836 1066 generibus
879 992 1152 1048 Jacobum
1203 1002 1256 1048 et
1299 993 1420 1048 Heli
1468 993 1717 1048 uteriuos
1767 991 1964 1046 fratres

386 1089 776 1162 reperiemus:
817 1101 1055 1156 quorum
1089 1085 1249 1149 alter,
1285 1085 1390 1140 hoc
1431 1093 1518 1140 est
1560 1083 1756 1148 Jacob,
1798 1083 1966 1136 fratre

387 1181 505 1238 lleli
541 1182 662 1236 sine
704 1177 895 1234 liberis
929 1191 960 1230 e
1011 1177 1121 1230 vita
1153 1177 1404 1239 sublato,
1435 1189 1664 1230 uxorem
1715 1174 1866 1228 illius
1911 1175 1964 1226 in

389 1271 802 1329 matrimonium
852 1268 1174 1339 accipiens,
1221 1267 1438 1322 tertium
1481 1265 1686 1336 Ioseph
1729 1273 1786 1320 et
1848 1264 1964 1336 ipsa

389 1365 634 1427 sustulit,
685 1371 882 1416 natura
921 1359 1142 1430 quidem
1191 1373 1256 1412 ac
1299 1356 1453 1428 juxta
1509 1358 1816 1421 rationem,
1879 1355 1967 1412 sui

387 1455 566 1526 ipsius
605 1453 776 1508 tilium
807 1450 976 1522 (unde
1015 1446 1178 1511 etiam
1217 1449 1484 1518 scriptum
1523 1456 1629 1512 est,
1673 1444 1843 1500 Jacob
1877 1463 1968 1514 ge.

387 1547 502 1602 nuit
554 1545 810 1615 Joseph);
859 1543 996 1612 legis
1035 1551 1215 1596 autem
1275 1549 1550 1610 respectu,
1606 1538 1776 1594 tilium
1826 1535 1966 1603 Heli;

387 1638 561 1694 Jacob
585 1637 812 1703 etenim,
845 1642 1036 1706 utpote
1077 1632 1266 1695 frater,
1301 1645 1491 1687 semen
1522 1629 1628 1700 ipsi
1657 1628 1966 1686 suscitavit.

389 1730 473 1787 Ob
505 1745 737 1798 eamque
759 1742 981 1783 causam
1012 1725 1190 1804 ipsius
1219 1723 1384 1778 etiam
1421 1721 1740 1792 genealogia
1771 1720 1970 1775 obscu-

2063 541 2220 608 γένος
2251 543 2683 626 ἀναφερόμενος,
2721 543 3090 615 χηρεύουσαν,
3122 548 3188 600 ὲκ
3222 546 3321 617 μὲν
3355 545 3456 615 τῆς
3483 547 3657 617 αὐτῆς

2065 630 2258 700 φυλῆς,
2285 631 2345 694 ἐξ
2363 632 2524 686 ἄλλου
2549 632 2605 686 δὲ
2637 635 2830 702 γένους
2851 635 2948 698 ὢν,
2973 635 3050 699 ὡς
3068 639 3356 706 προεῖπον,
3381 636 3656 707 ἀγόμενος

2063 723 2256 795 αὐτὴν,
2307 723 2465 796 ισχεν
2518 725 2634 780 υἱὸν
2661 727 2756 780 τὸν
2821 723 2990 782 Ἠλεί.
3061 727 3346 793 Οὕτωςέκ
3380 731 3660 800 διαφόρων

2063 814 2157 868 δύο
2186 815 2361 881 γενῶν
2417 817 2747 888 εὑρήσομεν,
2789 817 2884 871 τόν
2903 835 2963 872 τε
3003 819 3200 874 Ἰακὼὸ
3224 822 3323 876 καὶ
3350 823 3442 876 τὸν
3485 821 3654 882 Ἠλεὶ.

2065 904 2438 976 ὁμομητρίους
2466 906 2750 977 ἀδελφοὺς,
2785 901 2862 962 ὧν
2885 907 3115 978 θάτερος
3135 913 3164 964 ό
3205 911 3426 974 Ἰακὼϐ.
3461 913 3658 983 δηλον-

2067 994 2171 1055 ότι,
2230 995 2464 1048 ἁτέκνου
2493 995 2589 1072 τοξι
2622 997 2858 1067 ἀδελφοῦ
2897 1001 3328 1073 τελευτήσαντος
3359 1004 3532 1068 Ἠλεὶ,
3557 1005 3661 1072 τὴν

2067 1089 2303 1154 γυναῖκα
2358 1089 2732 1159 παραλαϐὼν,
2787 1093 3094 1162 ἐγέννησεν
3150 1095 3208 1161 ἐξ
3255 1097 3430 1166 αὐτῆς
3473 1097 3662 1166 τρίτον

2067 1177 2158 1230 τὸν
2192 1179 2390 1251 Ἰωσὴφ
2448 1181 2591 1235 κατὰ
2621 1181 2786 1252 φύσιν
2831 1185 2929 1254 μὲν
2946 1186 3152 1257 ἑαυτῷ,
3185 1189 3282 1241 καὶ
3313 1187 3458 1242 κατὰ
3477 1188 3661 1256 λόγον’

2073 1269 2152 1324 διὸ
2215 1271 2568 1344 γέγραπται,
2629 1274 2842 1330 Ἰακὼϐ
2895 1276 3198 1346 ἐγέννησε
3258 1279 3368 1332 τὸν
3410 1279 3660 1348 Ἰωσήφ·

2069 1362 2212 1416 κατὰ
2255 1363 2418 1433 νόμον
2459 1364 2554 1427 δὲ,
2605 1365 2702 1418 τοῦ
2748 1368 2900 1422 Ἠλεὶ
2947 1369 3064 1432 υίὸς
3105 1365 3196 1441 ἦν.
3240 1369 3474 1440 Ἐκείνῳ
3549 1371 3663 1442 γὰρ

2082 1453 2276 1509 Ἰακὼϐ
2325 1455 2553 1525 ἀδελφὸς
2581 1456 2658 1510 ὢν
2681 1499 2696 1522 ,
2727 1459 2997 1530 ἀνέστησε
3038 1461 3283 1532 σπέρμα.
3319 1461 3524 1532 Διόπερ
3561 1464 3666 1516 οὐκ

2071 1547 2536 1618 ἀμαυρωθήσεται
2595 1552 2900 1621 καὶήκατ’
2949 1551 3118 1606 αὐτὸν
3173 1553 3540 1622 γενεαλογία,
3591 1556 3664 1626 ἢν

2071 1637 2351 1702 Ματθαῖος
2383 1640 2484 1710 μὲν
2509 1641 2538 1694 ό
2568 1640 2966 1715 εὐαγγελιστὴς
3017 1643 3510 1714 ἐξαριθμούμενος,
3555 1647 3665 1700 Ἰα-

2072 1725 2196 1782 κὼὸ
2216 1728 2296 1792 δὲ,
2329 1731 2514 1797 φησὶν,
2539 1729 2830 1799 ἐγέννησε
2873 1733 2982 1786 τὸν
3025 1733 3238 1802 Ἰωσήφ
3265 1749 3280 1764 ·
3309 1735 3336 1787 ό
3355 1733 3412 1786 δὲ
3443 1735 3665 1796 Λουκᾶς

394 1825 555 1876 ritate
590 1819 820 1874 minime
857 1818 1126 1874 obruetur
1167 1835 1180 1870 :
1223 1830 1388 1886 quam
1429 1813 1718 1871 Mattbaeus
1749 1811 1968 1881 quidem

2084 1819 2361 1882 Ξνόιπαλιν,
2418 1822 2517 1886 ⁸⁸ος
2566 1817 2664 1890 ἦν.
2711 1823 2790 1884 ὠς
2828 1823 3128 1892 ἐνομίζετο
3171 1825 3292 1895 (καὶ
3344 1825 3456 1894 γὰρ
3501 1826 3682 1892 τοῦτο,

391 1912 729 1982 evangelista
753 1923 1066 1972 recensens,
1091 1905 1280 1973 Iacob,
1308 1905 1510 1975 inquit,
1543 1905 1722 1974 genuit
1751 1901 1969 1972 Ioseph,

2069 1911 2416 1983 προστίθησι)
2433 1913 2540 1967 τοῦ
2560 1913 2808 1983 Ἰωσὴφ,
2835 1915 2941 1971 τοῦ
2963 1917 3141 1983 Ἡλεί,
3163 1917 3271 1972 τοῦ
3300 1919 3514 1986 Muli.
3545 1918 3666 1988 τὴν

393 2002 572 2060 Lucas
602 2011 783 2058 autem
815 2015 1087 2058 converso
1119 1999 1314 2056 ordine
1347 2017 1361 2052 :
1403 1998 1510 2064 Qui
1541 2009 1680 2058 erat,
1713 2005 1769 2050 ut
1813 2007 1976 2068 puta-

2084 2003 2178 2074 γὰρ
2239 2004 2381 2060 κατὰ
2412 2005 2578 2074 νόμον
2625 2007 2884 2078 γέννησιν
2917 2047 2932 2072 ,
2982 2009 3388 2080 ἐπισημότερον
3437 2011 3542 2062 οὐκ
3589 2005 3664 2081 ἦν

395 2098 552 2152 batur
583 2096 734 2167 (nam
779 2094 884 2149 hoc
936 2093 1098 2148 etiam
1137 2091 1414 2160 adjunxit)
1443 2089 1590 2160 ﬁlius
1621 2088 1841 2157 Ioseph,
1881 2089 1974 2160 qui

395 2191 496 2260 fuit
534 2187 680 2255 Heli,
717 2187 815 2257 qui
848 2185 954 2256 {uit
989 2184 1208 2239 Melcbi.
1242 2181 1298 2238 Si
1328 2183 1550 2254 quidem
1588 2183 1732 2236 nulla
1764 2183 1975 2237 ratione

394 2280 800 2354 signiﬁcantius
863 2285 1028 2346 atque
1105 2277 1378 2330 illustrius
1446 2273 1638 2344 legalis
1715 2273 1976 2327 nativitas

391 2369 812 2428 commemorari
848 2377 1085 2441 poterat.
1121 2368 1301 2436 Atque
1332 2367 1436 2421 hoc
1478 2366 1727 2432 verbum,
1763 2366 1970 2438 genuit,

393 2468 447 2522 in
482 2470 585 2520 bac
622 2464 920 2519 liberorum
955 2461 1334 2532 procreatiune
1366 2459 1430 2514 ad
1465 2465 1770 2514 extremum
1799 2471 1970 2526 usque

393 2557 788 2624 subticuit,per
807 2551 1073 2622 analysim
1100 2565 1322 2604 sursum
1365 2547 1672 2604 ascendens
1695 2561 1866 2614 usque
1905 2543 1970 2597 ad

393 2649 591 2710 Adam,
631 2647 723 2716 qui
754 2645 856 2716 [uit
890 2645 1002 2698 Dei.
1035 2673 1102 2683 —
1131 2641 1395 2708 Etpaucis
1432 2637 1740 2706 interjectis.
1765 2635 1971 2690 Uterini

394 2754 524 2808 ergo
544 2738 740 2792 fratres
771 2735 883 2793 lleli
917 2741 972 2787 et
1001 2731 1192 2787 Iacob.
1229 2729 1436 2782 Etenim
1469 2725 1818 2781 mortuoHeli
1857 2728 1976 2784 sine

2070 2095 2324 2160 ἐξειπεῖν.
2351 2097 2460 2150 Καὶ
2487 2095 2570 2162 τὸ,
2597 2096 2953 2165 ἐγέννησεν,
2995 2099 3088 2153 ἐπὶ
3133 2099 3233 2170 τῆς
3255 2100 3471 2152 τοιᾶσδε
3524 2117 3660 2153 παι-

2071 2185 2312 2248 δοποιίας
2371 2187 2498 2258 ἄχρι
2559 2189 2748 2252 τέλους
2810 2188 3196 2261 ἀπεσιώπησε,
3250 2190 3350 2260 τὴν
3378 2191 3666 2260 ἀναφορὰν

2071 2278 2479 2348 ποιησάμενος.·
2509 2279 2613 2343 ἕως
2639 2282 2734 2334 τοῦ
2771 2281 2968 2350 Ἀδὰμ,
2996 2281 3108 2336 τοῦ
3147 2281 3320 2344 Θεοῦ,
3358 2281 3502 2336 κατὰ
3528 2282 3665 2336 ἀνά-

2075 2366 2248 2421 λυσιν.
2274 2398 2341 2410 --
2371 2369 2478 2423 Καὶ
2505 2369 2656 2437 μετὰ
2693 2370 2948 2439 βραχέα.
2997 2371 3356 2442 Ὁμομήτριοι
3391 2371 3517 2441 ’ἄρα
3541 2372 3570 2424 ὅ
3601 2387 3667 2424 τε

2077 2459 2228 2513 Ἠλεὶ
2263 2461 2359 2512 καὶ
2393 2459 2591 2514 ’ἰακὼό
2628 2461 2869 2532 ἀδελφοί.
2918 2463 3175 2516 Ἀτέκνου
3219 2463 3330 2534 γὰρ
3372 2461 3470 2516 τοῦ
3504 2463 3663 2516 Ἠλεὶ

2077 2551 2416 2620 τεθνηκότος,
2435 2551 2630 2608 Ἰακὼϐ
2647 2555 2945 2625 ἀνέστησεν
2959 2555 3108 2625 αὐτῷ
3127 2553 3371 2626 σπέρμα,
3389 2555 3666 2625 γεννήσας

2080 2643 2170 2695 τὸν
2213 2643 2410 2712 Ἰωσὴφ
2455 2647 2596 2698 κατὰ
2647 2646 2812 2716 φύσιν
2863 2647 2962 2716 μὲν
3005 2645 3176 2716 αὐτῷ,
3215 2645 3356 2699 κατὰ
3385 2643 3552 2714 νόμον
3579 2645 3665 2711 δὲ,

2095 2732 2264 2789 Ἠλεί.
2317 2735 2505 2800 Οὕτως
2547 2736 2875 2808 ἀμφοτέρων
2904 2733 2974 2808 ἦν
3003 2737 3120 2803 υίὸς
3142 2736 3367 2809 Ἰωσήφ.

400 2835 608 2898 liberis,
645 2831 818 2888 Jacob
849 2843 1032 2884 semen
1060 2827 1158 2896 ipsi
1193 2824 1474 2882 excitavit,
1515 2822 1804 2892 progenita
1836 2823 2044 2878 scilicet
2071 2825 2328 2898 Jusepho,
2368 2831 2480 2900 qui,
2514 2838 2572 2886 ut
2604 2839 2798 2885 natura
2835 2831 3008 2901 ipsius
3038 2839 3177 2898 erat,
3214 2831 3312 2898 ita,
3333 2830 3381 2885 si
3405 2829 3543 2902 legis
3570 2843 3665 2884 ra-

397 2931 600 2986 tionem
627 2927 946 2988 habeamus,
1001 2929 1210 2992 patrem
1249 2917 1366 2974 Heli
1391 2917 1652 2975 habebatr
1677 2914 1754 2970 ita
1793 2917 2078 2988 utriusque
2105 2923 2248 2980 illius
2297 2922 2500 2995 Josepb
2554 2931 2700 2979 erat.

469 3064 647 3131 Atque
692 3059 808 3113 lucc
882 3056 996 3110 ille.
1049 3053 1286 3108 Proinde
1345 3067 1470 3132 eum
1523 3049 1746 3119 Josepbi
1804 3065 1978 3121 genus

402 3157 468 3212 ad
509 3157 656 3210 hunc
713 3151 933 3206 modum
985 3155 1360 3208 recenseatur,
1416 3152 1566 3198 certe
1631 3141 1801 3212 Virgo
1840 3157 1981 3210 (pio-.-

400 3262 510 3316 que
567 3246 686 3314 ipsa
737 3257 802 3296 ac
851 3240 944 3292 Dei
995 3237 1246 3292 Genitrix
1313 3235 1487 3290 Maria
1536 3233 1782 3304 ejusdem
1851 3246 1974 3286 eum
2005 3227 2051 3288 (ἶ

404 3357 470 3394 eo
533 3338 714 3391 tribus
782 3348 907 3388 esse
963 3329 1127 3386 si-uul
1205 3327 1646 3386 den'ionslratur,
1705 3321 1978 3392 siquidem

410 3429 577 3484 Musis
609 3428 723 3496 lege
749 3439 858 3479 non
899 3422 1097 3476 licebat
1129 3419 1225 3472 ulli
1263 3417 1432 3470 tribui
1469 3432 1596 3470 cum
1629 3416 1799 3468 altera
1835 3411 1980 3467 tribu

409 3517 746 3590 permisceri.
785 3513 1084 3568 Sanciebat
1112 3510 1261 3564 enim
1293 3524 1378 3569 ea,
1431 3518 1490 3560 ut
1528 3521 1759 3575 quaeque
1811 3505 1984 3558 tribus

408 3627 532 3666 eum
567 3625 676 3664 uno
713 3607 807 3678 qui
849 3622 913 3659 ex
965 3605 1158 3659 eadem
1199 3603 1344 3655 tribu
1408 3608 1580 3662 esset,
1636 3595 1986 3651 matrimonio

409 3709 729 3778 iungeretur
759 3715 774 3756 :
803 3713 871 3753 ne
917 3695 1154 3750 fortasse
1193 3694 1411 3763 generis
1447 3689 1739 3744 barri-ditas
1780 3688 1850 3741 ab
1881 3702 1986 3739 una

413 3797 558 3850 tribu
596 3793 662 3847 ad
685 3793 846 3846 aliam
879 3789 1174 3843 laberetur.
1200 3783 1356 3852 Quod
1391 3779 1435 3838 si
1473 3783 1597 3853 quis
1643 3781 1818 3850 ipsius
1851 3795 1988 3848 quo-

413 3903 522 3958 que
552 3883 914 3940 sanctissima:
933 3878 1180 3948 Virginis
1209 3891 1382 3948 genus
1407 3873 1624 3945 proprie
1653 3887 1718 3928 ac
1749 3871 1992 3942 peculia-

414 3983 546 4034 riter
601 3973 876 4030 recenseri
929 3971 1187 4042 postulet,
1230 3983 1340 4022 non
1391 3975 1539 4022 recte
1586 3965 1716 4018 mihi
1767 3964 1990 4035 quidem

414 4070 594 4126 facere
643 4067 862 4120 videtur
891 4083 905 4118 :
939 4079 1062 4118 cum
1109 4062 1189 4115 lex
1245 4073 1516 4128 nusquam
1568 4059 1669 4110 hoc
1715 4054 1993 4124 permittat

411 4173 504 4222 aut
539 4162 790 4231 imperet.
823 4157 1073 4223 Quonam
1105 4155 1250 4209 enim
1287 4153 1408 4206 loco
1437 4149 1578 4219 apud
1616 4155 1829 4201 veteres
1871 4163 1993 4199 mlt-

415 4251 565 4304 tieris
623 4262 799 4318 genus
859 4249 1351 4299 commemoratum
1413 4239 1585 4293 fuisse
1643 4237 1990 4299 ostenditur,

415 4356 540 4395 cum
591 4340 646 4391 in
694 4333 1048 4390 recensendis
1097 4331 1398 4401 generibus
1457 4326 1806 4396 priestanliur
1867 4339 1994 4394 pars

417 4424 798 4486 anteferatur?
847 4421 1212 4476 Prmstantius
1269 4417 1544 4487 siquidem
1604 4426 1728 4476 est,
1786 4423 1844 4468 ut
1903 4430 1996 4478 ge-

421 4522 570 4578 neris
622 4516 887 4570 nobilitas
936 4528 966 4565 a
998 4517 1152 4580 patre
1199 4525 1364 4578 quam
1415 4523 1443 4560 a
1491 4515 1663 4560 matre
1695 4517 2000 4572 cognosca-

419 4621 528 4664 tur.
561 4607 670 4661 Nos
701 4617 882 4659 autem
921 4601 1069 4657 istud
1105 4601 1240 4654 nihil
1267 4601 1492 4652 onminu
1527 4597 1852 4650 morabitur.
1885 4593 1992 4648 Nc-

418 4719 528 4771 quc
555 4701 703 4761 enim,
733 4705 980 4750 nostrum
1009 4702 1095 4749 est
1127 4695 1384 4760 antiquas
1411 4690 1628 4758 regulas
1666 4687 1994 4748 :ulullerare,

421 4803 510 4847 aut
553 4805 726 4845 novus
759 4789 901 4842 ritus
924 4786 1207 4840 invehere.
1247 4783 1436 4852 Neque
1463 4781 1607 4834 enim
1636 4779 1717 4833 fas
1742 4789 1827 4832 est
1858 4777 1999 4829 anti-

421 4899 562 4952 quos
621 4879 892 4934 terminus
961 4877 1302 4938 immurere,
1355 4887 1496 4942 quos
1575 4879 1762 4946 patres
1827 4865 2000 4921 nostri

424 4976 728 5043 posuerunt
762 4969 806 5020 ε.

495 5106 766 5167 Ceterum
828 5103 898 5165 ab
945 5103 1030 5163 bis
1091 5115 1214 5171 quae
1259 5099 1540 5166 aliquanto
1585 5105 1710 5159 ante
1758 5093 2005 5164 exposita

424 5212 576 5265 sunt,
607 5199 837 5254 minime
874 5193 1261 5251 abscedamus.
1295 5189 1429 5245 Nam
1455 5191 1500 5243 si
1544 5204 1672 5244 vera
1727 5187 1861 5240 dicit
1893 5186 2006 5239 Μο-

425 5310 540 5357 ses,
597 5309 661 5346 ea
722 5293 1018 5353 sanciens,
1085 5301 1206 5357 quae
1261 5286 1571 5338 litterarum
1630 5279 2007 5334 monumentis

427 5386 754 5453 consignata
792 5389 924 5437 sunt
961 5381 1094 5450 (non
1121 5387 1204 5435 est
1234 5386 1416 5432 autem
1450 5374 1676 5429 dubium
1707 5371 1837 5442 quin
1879 5385 2006 5424 vera

427 5483 608 5545 dicat,
637 5487 827 5548 utpote
867 5491 931 5528 os
962 5453 1035 5529 ad.
1082 5489 1144 5528 os
1181 5473 1311 5533 Deo,
1342 5469 1434 5539 qui
1471 5467 1674 5522 veritas
1693 5475 1798 5526 est,
1821 5479 2004 5519 remo-

432 5573 511 5629 tis
566 5569 786 5624 arbitris
835 5565 1087 5635 luqucns)
1118 5564 1365 5632 ejusdem
1405 5559 1632 5632 proinde
1681 5557 1859 5621 tribus
1891 5572 2010 5612 esse

517 5747 541 5792 ε
567 5744 731 5803 Prov.
764 5761 896 5809 nn,
929 5748 1019 5800 ~18.

2148 3051 2398 3109 Τοσαῦτα
2425 3053 2490 3124 δὴ
2507 3043 2682 3118 οὗτος.
2715 3054 2825 3108 Καὶ
2845 3052 2909 3124 δὴ
2926 3053 3020 3108 τοῦ
3043 3054 3245 3125 Ἰωσὴφ
3267 3053 3443 3117 οὕτως
3469 3070 3668 3122 γενεα-

2075 3143 2236 3214 λογον
2245 3143 2431 3215 μένου,
2453 3146 2684 3216 δυνάμει
2703 3149 2798 3198 καὶ
2827 3146 2861 3211 ἡ
2889 3145 3164 3214 Παρθένος
3189 3145 3329 3217 αὕτη
3357 3147 3455 3199 καὶ
3469 3145 3671 3200 09016-

2081 3252 2176 3300 κος
2223 3235 2428 3306 Μαρία,
2467 3236 2567 3306 τῆς
2599 3236 2772 3306 αὐτῆς
2812 3235 2946 3289 οὖσα
2976 3236 3148 3306 φυλῆς
3177 3237 3669 3290 συναποδείκνυται

2083 3327 2279 3398 τούτῳ,
2311 3331 2426 3396 εῐγε
2457 3327 2599 3382 κατὰ
2621 3328 2710 3382 τὸν
2729 3329 2976 3392 Μωσέως
3009 3330 3195 3398 νόμον,
3229 3328 3330 3382 οὐκ
3370 3327 3498 3398 ἐξῆν
3523 3327 3668 3398 φυλῇ

2085 3419 2258 3490 φυλὴν
2287 3420 2697 3490 ἐπιμίγνυσθαι.
2737 3419 2852 3473 Ἑνὶ
2877 3420 2988 3492 γὰρ
3009 3420 3120 3473 τῶν
3141 3421 3206 3473 ἐκ
3232 3419 3324 3474 τοῦ
3358 3421 3538 3490 δήμου
3574 3421 3671 3474 καὶ

2085 3513 2320 3580 πατριᾶς
2348 3512 2446 3582 τῆς
2477 3513 2648 3580 αὐτῆς
2676 3513 2992 3583 ὁρωμένων,
3017 3513 3153 3583 πρὸς
3181 3512 3361 3581 γάμου
3381 3510 3673 3564 κοινωνίαν

2085 3602 2242 3672 ἥκειν
2268 3603 2534 3670 θεσπίζει,
2553 3601 2618 3656 ἂν
2639 3601 2716 3673 μὴ
2739 3602 2900 3672 τυχὸν
2917 3601 3338 3674 περιστρέφοιτο
3355 3599 3450 3655 τοῦ
3481 3599 3674 3668 γένους

2085 3697 2114 3747 ό
2139 3695 2336 3766 κλῆρος
2359 3695 2470 3747 ἀπὸ
2499 3694 2674 3764 φυλῆς
2721 3696 2802 3758 είς
2827 3695 3024 3765 φυλήν.
3052 3695 3111 3748 Εἰ
3145 3695 3200 3748 δέ
3231 3713 3312 3758 τις
3334 3693 3542 3762 κυρίως
3575 3691 3676 3744 καὶ

2091 3787 2259 3855 αὐτὴν
2291 3786 2550 3857 ἀπαιτοίη
2577 3785 3024 3856 γενεαλογεῖσθαι
3052 3785 3148 3856 τὴν
3183 3783 3493 3856 ὑπεραγίαν
3525 3784 3675 3852 Παρ-

2090 3877 2241 3932 θένον
2261 3879 2352 3932 καὶ
2390 3877 2672 3950 ἄνανδρον,
2707 3879 2808 3930 οὐκ
2835 3877 2973 3948 ὀρθά
3002 3877 3067 3947 γέ
3093 3895 3182 3948 μοι
3206 3877 3377 3930 ποιῶν
3400 3873 3674 3941 φαίνεται,

2090 3971 2182 4024 τοῦ
2210 3971 2376 4041 νόμον
2435 3969 2596 4024 τοῦτο
2655 3969 2914 4040 μηδαμοῦ
2953 3969 3448 4043 συγχο›ροῦντος,ἢ
3493 3968 3683 4019 ἐπιτε-

2090 4061 2359 4133 τραφότος
2384 4061 2678 4132 δήπουθεν.
2718 4061 2832 4116 11(ιῦ
2887 4060 2995 4131 γὰρ
3027 4063 3084 4113 ὲν
3108 4063 3222 4122 τοῖς
3247 4061 3503 4122 παλαιοῖς
3537 4057 3674 4127 γυνή

2095 4171 2222 4207 ποτε
2282 4153 2559 4206 δείκνυται
2622 4151 3087 4226 γενεαλογηθεῖσα
3116 4191 3132 4214 ,
3188 4151 3282 4204 τοῦ
3341 4148 3675 4219 τιμιωτέρου

2097 4247 2299 4318 μέρους
2347 4245 2736 4317 προκριθέντος
2800 4245 2888 4307 εἰς
2950 4244 3356 4316 γενεογραφίαν
3409 4240 3672 4308 ἇγεσθαι;

2095 4337 2372 4409 Πατρόθεν
2403 4337 2534 4407 γὰρ,
2565 4336 2680 4390 ἀλλ’
2707 4337 2767 4388 οὐ
2801 4336 3072 4406 μητρόθεν
3094 4337 3188 4389 τοῦ
3229 4335 3422 4403 γένους
3451 4333 3555 4406 τὴν
3586 4333 3679 4385 εὖ·

2096 4433 2330 4502 κληρίαν
2350 4430 2716 4501 γνωρίζεσθαι
2745 4429 3165 4500 προτιμότερον.
3211 4427 3374 4496 Ἡμῖν
3405 4425 3463 4478 δὲ
3485 4423 3678 4478 τούτου

2105 4525 2330 4596 μελήσει
2379 4523 2478 4593 μὲν
2541 4521 2818 4584 παντελῶς
2872 4520 3044 4582 οὐδὲν,
3099 4520 3188 4572 ὅτε
3219 4519 3294 4588 μὴ
3328 4518 3468 4588 ⁴πρὸς
3521 4517 3681 4587 ἡμῶν

2101 4617 2360 4686 ἀρχαίους
2391 4614 2838 4684 παραχαράττειν
2867 4612 3027 4682 ὅρους
3051 4651 3066 4674 ,
3086 4611 3121 4681 ἦ
3145 4609 3336 4673 κενοὺς
3363 4608 3680 4674 ἐπεισάγειν

2097 4708 2356 4778 θεσμοὺς.
2385 4706 2460 4760 Οὐ
2493 4705 2601 4775 γὰρ
2637 4707 2760 4775 ὅρια
2807 4703 3084 4776 μεταίρειν
3115 4700 3274 4780 θέμις
3322 4699 3540 4768 αίώνια,
3565 4697 3680 4760 ire!

2103 4800 2340 4884 πατέρες
2362 4798 2516 4878 ἡμῶν
2541 4794 2743 4857 ἔθεντο.

2177 5091 2297 5144 Τῶν
2326 5090 2384 5142 δέ
2440 5105 2502 5158 γε
2559 5087 2771 5160 μικρῶν
2814 5086 3053 5156 πρόσθεν
3096 5083 3520 5152 ὲκτεθειμένων,
3585 5080 3687 5134 οὐκ

2105 5183 2507 5252 ἀποσταίημεν.
2570 5181 2632 5232 Εἰ
2693 5180 2802 5247 γὰρ
2864 5179 3123 5249 ἀληθεύει
3194 5169 3438 5246 Μωῦσῆε
3511 5173 3686 5228 ταῦτα

2107 5273 2398 5338 θεσπίζων.
2429 5271 2468 5326 ἃ
2491 5273 2588 5326 καὶ
2607 5271 2918 5340 γέγραπται
2991 5265 3308 5340 (ἀληθεύσει
3351 5265 3410 5319 δὲ
3445 5263 3682 5322 πάντως.

2105 5368 2180 5432 ὡς
2208 5366 2386 5438 στόμα
2441 5366 2579 5437 προς
2621 5364 2799 5434 στόμα
2831 5346 2952 5434 Θεῷ
2975 5364 3041 5434 τῇ
3075 5359 3308 5429 ἀληθείᾳ
3342 5357 3505 5429 μόνος
3529 5356 3684 5408 ὲντυ-

2117 5457 2271 5531 χὼν),
2295 5458 2396 5528 τῆς
2429 5458 2598 5526 αὐτῆς
2627 5457 2737 5526 ἄρα
2779 5454 2954 5524 φυλῆς
2985 5451 3357 5524 δειχθήσεται,
3389 5449 3484 5502 καὶ
3517 5451 3550 5516 ἡ
3573 5442 3685 5497 θεό-

2120 5549 2314 5622 κλητος
2337 5547 2472 5617 αὕτη
2500 5546 2814 5616 bin-596020;
2842 5542 2936 5596 τοῦ
2957 5543 3081 5596 κατ’
3109 5538 3429 5610 ,οἰκονομίαν
3455 5537 3688 5616 ἄρρητον
