4032 6138
491 317 597 382 855

1678 324 1739 383 S.
1770 321 2100 382 ANDliE/E
2150 320 2571 384 CBETENSIS

3639 321 3742 386 856

491 447 600 494 tur.
628 436 806 509 Atque
843 437 996 499 inde,
1029 445 1087 489 ut
1118 449 1248 491 vero
1292 443 1725 491 consentaneum
1775 444 1893 499 est,
1946 446 2046 490 tan

2169 432 2278 506 γὰρ
2306 436 2383 508 μὴ
2425 436 2585 492 τοῦτο
2612 436 2883 506 ἐγεγόνει,
2917 437 3150 510 ἀπάτωρ
3168 437 3429 502 ᾶνόπαῐς
3459 438 3741 512 ἐνομίσθη,

485 545 649 601 quam
709 531 870 600 pueri
921 536 1077 599 pater
1137 526 1554 583 recensebatur.
1609 525 1747 581 Nam
1806 526 1912 581 nisi
1963 526 2046 580 ltOt

2178 531 2254 602 μὴ
2309 533 2376 586 ἐκ
2427 533 2634 604 πατρὸς
2680 533 3202 606 γενεαλογούμενος.

484 628 791 684 exstitisset
822 666 838 694 ,
908 634 1062 696 patio
1128 638 1320 682 carere
1363 639 1500 695 puer
1539 623 1890 679 existimatus
1936 621 2173 691 fuisset,
2243 629 2392 697 quod
2447 644 2478 685 a
2537 639 2769 701 paterno
2818 630 2990 686 latere
3054 645 3229 702 genus
3274 631 3448 703 ipsius
3521 630 3742 688 minime

486 723 804 779 referretur.

554 816 922 885 Quamobrem
967 814 1037 870 ab
1081 814 1307 872 eximiis
1347 813 1701 884 evangelistis
1740 807 2058 867 necessario

483 920 617 966 tunc
648 908 855 963 factum
901 915 1020 973 est,
1066 914 1127 960 ut
1169 904 1396 977 Iosephi
1443 920 1619 976 genus
1663 911 2053 959 recenserem:

481 1004 630 1074 quod
672 1003 766 1058 ille
790 1001 934 1072 apud
969 1016 1162 1056 omnes
1182 1007 1338 1070 pater
1363 998 1458 1053 lilii
1485 996 1897 1068 praedicaretur.
1921 994 2053 1048 Nam

2232 807 2296 861 Οἱ
2324 808 2503 861 τοίνυν
2524 806 2818 879 θαυμάσιοι
2842 807 3250 876 εὐαγγελισταὶ,
3275 807 3590 874 ἀναγκαίως
3620 810 3742 863 τότε

2158 896 2250 951 τὸν
2288 897 2482 970 Ἰωσὴφ
2513 900 2924 969 έγενεαλὸγουν,
2960 899 3127 955 αὐτὸν
3160 901 3371 954 ἐκεῖνον
3420 899 3573 969 παρὰ
3603 903 3740 953 πᾶσι

2152 990 2250 1044 τοῦ
2276 992 2392 1044 υἱοῦ
2424 991 2758 1064 βεϐοημένον
2793 993 3028 1064 πατέρα.
3064 992 3125 1046 Εἰ
3168 993 3279 1063 γὰρ
3300 991 3491 1046 τοῦτον
3523 993 3737 1063 παρέν-

482 1093 553 1161 εί,
589 1093 694 1147 hoc
759 1091 1166 1161 praetermisso,
1220 1103 1251 1143 a
1306 1096 1556 1143 materno
1616 1086 1784 1140 latere
1840 1084 2046 1155 generis

2154 1097 2246 1144 τες
2276 1082 2546 1151 μητρόθεν
2565 1082 2729 1137 αὐτὸν
2751 1083 3162 1152 ὲγενεαλόγουν,
3184 1084 3324 1152 ιπρδς
3352 1081 3430 1152 τῷ
3448 1084 3543 1136 καὶ
3565 1084 3741 1153 ἀπρε-

483 1184 658 1255 ipsius
690 1184 889 1240 seriem
920 1182 1252 1243 texuissent,
1302 1188 1661 1248 pra-terquam
1711 1178 1854 1247 quod
1908 1175 2053 1230 istud

483 1276 802 1333 indecorum
836 1274 1049 1335 fuisset.
1083 1289 1114 1335 a
1140 1273 1452 1328 divinarum
1492 1285 1711 1341 quoque
1745 1267 2056 1338 Scriptura-

483 1384 603 1424 rum
654 1366 1053 1424 consuetudine
1104 1365 1537 1420 abhorruisset:
1589 1363 1736 1434 quod
1794 1363 2051 1417 nimirum

2155 1175 2257 1240 πὲς
2275 1172 2416 1232 εἶναι
2430 1177 2607 1242 τοῦτο,
2624 1178 2719 1232 καὶ
2744 1177 2846 1248 τῆς
2873 1178 2981 1231 τῶν
2999 1178 3160 1232 θείων
3178 1178 3412 1248 Γραφῶν
3445 1176 3743 1246 συνηθείας

2150 1265 2401 1339 ὑπῆρχεν
2417 1266 2718 1338 ἀλλότριον,
2732 1267 2807 1332 ὡς
2824 1265 2972 1332 οὔτις
2991 1268 3260 1339 πρότερον
3275 1271 3340 1323 ὲκ
3356 1269 3617 1336 γυναικὸς
3638 1285 3742 1336 γε-

2147 1356 2501 1426 νεαλογηθεὶς
2514 1359 2871 1430 ἱστόρηται.Χ
2879 1359 3128 1430 ρησίμως
3146 1359 3241 1414 οῦν
3256 1359 3367 1431 ἄρα
3376 1361 3426 1414 οἱ
3446 1360 3742 1430 εὐαγγελι-

481 1475 762 1529 nunquam
801 1466 928 1513 ante
962 1458 1290 1527 cujusquam
1328 1471 1500 1525 genus
1533 1470 1564 1509 a
1603 1462 1850 1509 materno
1885 1454 2046 1525 latere

2149 1448 2272 1502 σταὶ
2300 1448 2391 1502 τὸν
2421 1448 2622 1520 Ἰωσὴφ
2651 1449 2760 1505 ἀπὸ
2783 1446 2970 1511 Δαόὶδ,
3007 1450 3098 1503 διὰ
3125 1450 3226 1520 τὴν
3256 1449 3618 1504 ἀποδοθεῖσαν
3652 1452 3743 1504 ai-

474 1555 703 1609 ductum
737 1552 955 1608 fuisset.
984 1548 1286 1605 Commode
1311 1549 1479 1619 igitur
1507 1547 1858 1616 evangelista:
1890 1544 2051 1600 Jose-

2143 1538 2267 1592 τίαν
2295 1540 2771 1608 γενεαλογοῦντες,
2791 1541 2849 1592 ὲν
2883 1538 3065 1610 ταύτῷ
3087 1541 3179 1593 καὶ
3195 1538 3295 1612 τὴν
3317 1539 3591 1611 παρθένον
3614 1542 3743 1594 Μαο

477 1647 568 1717 phi
615 1661 789 1716 genus
837 1658 866 1698 a
928 1643 1173 1706 Davide,
1226 1643 1296 1697 ob
1345 1656 1465 1695 eam
1534 1656 1700 1710 quam
1761 1638 2046 1695 attulimus

2156 1631 2276 1698 ρίαν
2296 1632 2403 1686 ἀπὸ
2442 1633 2608 1687 Δαὸὶδ
2627 1633 2914 1703 γεγονέναι
2941 1632 3235 1687 συνιστῶσι
3256 1672 3273 1699 ,
3302 1633 3394 1687 διὰ
3448 1632 3543 1686 τοῦ
3595 1645 3743 1704 μη-

475 1755 698 1795 musam
736 1739 1024 1797 ducentes.
1062 1738 1223 1791 simul
1261 1750 1482 1805 quoque
1510 1732 1787 1805 Virginem
1825 1731 2046 1787 Mariam

2155 1722 2354 1793 στῆρος
2384 1722 2563 1792 γένος,
2598 1724 2659 1779 τὺ
2687 1727 2785 1796 τῆς
2817 1724 3065 1796 γαμετῆς
3087 1724 3557 1796 συνεισφέροντες,
3591 1725 3743 1783 κατὰ

473 1847 541 1885 rx
589 1829 793 1884 Duvide
848 1837 1026 1883 ortam
1087 1842 1213 1903 esse
1258 1824 1606 1888 confirmant,
1658 1837 1754 1892 per
1785 1836 2049 1889 sponsum

475 1922 689 1977 scilicet
741 1920 935 1975 uxoris
977 1934 1150 1989 genus
1190 1933 1296 1972 una
1342 1918 1676 1978 inferentes,
1704 1914 1860 1984 juxta
1900 1929 2047 1979 eam,

475 2029 639 2083 quam
676 2012 961 2082 aliquanto
990 2023 1118 2083 ante
1154 2011 1520 2079 protulimus,
1557 2005 1725 2066 Musis
1749 2006 1947 2076 legem,
1976 2006 2048 2060 ita

473 2080 540 2158 nd
574 2080 854 2158 lsraelitas
887 2080 1221 2171 inquientis:
1279 2098 1403 2153 Non
1430 2097 1796 2153 convertimini
1816 2096 1880 2150 de
1907 2094 2047 2149 tribu

472 2196 527 2253 in
581 2195 803 2262 tribum,
847 2195 975 2264 quia
1024 2181 1382 2262 unusquisque
1427 2192 1481 2245 in
1526 2190 1842 2267 bwreditate
1874 2189 2045 2244 tribus

470 2303 584 2342 eme
640 2296 880 2354 paterna:
934 2285 1225 2340 adhaerebit
1260 2281 1305 2348 ι,
1339 2292 1449 2338 etc.
1499 2283 1633 2350 Qua
1685 2297 1809 2337 cum
1857 2282 1932 2335 ita
1986 2295 2047 2336 se

473 2380 732 2445 habeant,
785 2380 932 2450 quod
977 2379 1204 2450 quidem
1253 2377 1471 2447 justitia
1527 2377 1793 2447 praeditus
1841 2373 2043 2443 Joseph

469 2483 639 2540 esset;
680 2487 744 2528 ac
776 2475 942 2528 vitam
970 2472 1073 2543 legi
1104 2485 1532 2528 consentaneam
1558 2470 1804 2534 duceret,
1836 2466 2043 2522 nemini

469 2564 767 2619 obscurum
801 2573 907 2620 est.
955 2563 1033 2626 Ex
1081 2564 1216 2635 legis
1262 2577 1429 2633 porro
1472 2561 1799 2632 praescripto
1830 2561 2041 2626 vivens,

471 2654 721 2725 profecto
773 2669 882 2707 non
926 2654 1151 2709 aliunde
1179 2668 1345 2722 quam
1396 2667 1464 2707 ex
1524 2668 1623 2708 sua
1669 2653 1816 2707 tribu
1864 2660 2043 2706 ortam

471 2759 699 2801 uxorem
747 2743 1150 2815 despondebat.
1194 2742 1327 2797 Erat
1368 2751 1551 2797 autem
1601 2743 1717 2797 haec
1765 2757 1830 2796 ex
1872 2739 2041 2806 Juda,

472 2839 783 2907 populoque
811 2836 1002 2893 eodem
1028 2852 1093 2891 ac
1116 2836 1347 2901 familia,
1385 2837 1493 2890 hoc
1513 2844 1600 2891 est
1631 2851 1697 2891 ex
1721 2835 1944 2891 Davide.
1964 2837 2042 2891 Ita

465 2931 613 2983 enim
671 2930 806 3000 legis
851 2928 1034 2984 edicto
1085 2936 1464 2998 comparatum
1501 2934 1641 2983 erat.
1689 2929 1957 2996 Quocirca
1994 2929 2040 2986 si

2148 1814 2246 1885 τὴν
2287 1814 2470 1886 μικρῷ
2500 1814 2741 1887 πρόσθεν
2770 1817 2903 1887 ἡμῖν
2941 1816 3311 1888 προαχθεῖσαν
3333 1814 3428 1870 τοῦ
3450 1815 3740 1880 Μωῠσὲως

2148 1907 2502 1977 νομοθεσίαν·
2565 1910 2648 1962 Οὐ
2707 1907 3261 1979 περιστραφήσετε,
3316 1907 3570 1977 λέγοντες
3614 1910 3741 1970 τοῖς

2148 2000 2284 2062 υἱοῖς
2326 1999 2570 2072 Ἰσραὴλ,
2602 2001 2720 2055 ἀπὸ
2742 2000 2949 2071 φυλῆς
2976 2004 3066 2069 είς
3096 2000 3326 2071 φυλὴν,
3359 2000 3449 2054 ὅτι
3470 1999 3734 2065 ἕκαστος

2145 2090 2216 2145 ἐν
2246 2090 2320 2160 τῇ
2354 2094 2723 2161 κληρονομίᾳ
2762 2091 2874 2161 τῆς
2903 2092 3107 2162 φυλῆς
3142 2092 3254 2162 τῆς
3281 2089 3577 2161 πατρικῆς
3620 2093 3735 2145 αὑ-

2143 2185 2251 2239 τοῦ
2304 2186 2956 2255 προσκολληθήσονται
2991 2189 3046 2240 οἱ
3090 2186 3207 2240 vlo!
3233 2184 3494 2253 Ἰσραὴλ,
3521 2183 3617 2236 καὶ
3662 2184 3734 2239 τὰ

2144 2279 2292 2350 ἑξῆς.
2324 2278 2511 2345 Οὕτως
2543 2279 2601 2334 δὲ
2627 2280 2834 2334 τούτων
2855 2277 3123 2348 ἐχόντων,
3145 2276 3227 2330 ὅτι
3272 2275 3372 2346 μὲν
3405 2274 3614 2337 δίκαιος
3660 2269 3732 2344 ἦν

2147 2370 2370 2442 Ἰωσὴφ,
2405 2372 2498 2426 καὶ
2530 2369 2675 2426 κατὰ
2706 2371 2871 2441 νόμον
2894 2369 3017 2439 ἔζη,
3057 2366 3345 2438 πρόδηλον.
3371 2364 3643 2435 Νομίμως
3671 2365 3732 2418 δὲ

2147 2459 2316 2530 βιοὺς,
2339 2462 2441 2517 οὐκ
2483 2461 2711 2516 ἄλλοθεν
2735 2455 2901 2516 οὖσαν
2936 2460 3145 2539 ἐμνᾶτο
3173 2457 3409 2526 γυναῖκα
3428 2496 3445 2521 ,
3487 2455 3521 2526 ἢ
3570 2454 3632 2519 ἐξ
3658 2448 3730 2526 ἧς

2141 2555 2369 2627 ὡρμᾶτο
2394 2555 2592 2627 φυλῆς.
2642 2555 2707 2609 Ἢ
2730 2555 2788 2608 δὲ
2824 2550 2894 2626 ἦν
2944 2551 3041 2607 τοῦ
3080 2550 3275 2617 Ἰούδα,
3310 2549 3487 2621 δήμου
3541 2564 3602 2601 τε
3629 2545 3727 2601 τοῦ

2143 2647 2308 2702 αὐτοῦ
2335 2648 2431 2719 καὶ
2450 2649 2709 2721 πατριᾶς,
2737 2648 2863 2718 ἥτις
2889 2640 2959 2718 ἦν
2981 2643 3167 2700 Δασίδ.
3213 2639 3453 2698 Τοιαῦτα
3486 2639 3596 2712 γὰρ
3654 2634 3728 2710 ἧν

2141 2741 2212 2795 τὰ
2233 2739 2326 2794 τοῦ
2348 2742 2513 2812 νόμου
2544 2738 3011 2811 παραγγέλματα.
3047 2738 3111 2791 Et
3139 2734 3318 2790 τοίνυν
3346 2733 3547 2804 Ἰωσὴφ
3586 2731 3727 2786 Ἰοῦς

2142 2833 2229 2899 δα,
2247 2832 2454 2905 κλήρου
2483 2850 2544 2887 τε
2570 2832 2669 2886 καὶ
2697 2832 2940 2903 πατριᾶς
2972 2827 3155 2891 Δαδὶδ,
3180 2826 3299 2892 πῶς
3324 2825 3450 2897 οὐχὶ
3491 2825 3587 2878 καὶ
3620 2824 3730 2894 τὴν

2142 2925 2366 2998 Μαρίαν
2390 2928 2455 2980 ὲκ
2478 2925 2587 2979 τῶν
2607 2924 2788 2979 αὐτῶν
2807 2922 3083 2995 ὁρμᾶσθαι
3107 2921 3319 2977 δίκαιον
3336 2958 3353 2984 ,
3390 2918 3494 2990 τῆς
3550 2918 3727 2988 αὐτῆς

469 3015 670 3085 Ioseph
700 3031 765 3073 ex
808 3017 952 3072 tribu
991 3014 1157 3082 Juda,
1206 3023 1375 3086 atque
1421 3034 1486 3072 ex
1536 3015 1763 3073 Davidis
1791 3025 1940 3073 sorte
1979 3032 2042 3073 ac

2143 3014 2308 3073 οὖσαν
2339 3016 2575 3088 μάλιστα
2603 3015 2699 3072 τοῦ
2727 3014 2902 3072 Ἰούδα
2925 3013 3120 3085 φυλῆς,
3165 3012 3341 3084 δήμου
3377 3009 3437 3065 δὲ
3488 3007 3586 3064 τοῦ
3620 3011 3729 3062 Δα-

470 3109 676 3163 t'amilia
747 3115 905 3173 erat,
953 3122 1134 3162 annon
1187 3114 1621 3164 consentaneum
1681 3116 1769 3164 est
1809 3107 2038 3164 Mariam

465 3213 686 3267 quoque
742 3197 811 3254 ab
863 3197 1054 3252 iisdem
1110 3196 1405 3266 proﬁcisci,
1453 3200 1759 3269 praesertim
1810 3213 1935 3254 cum
1971 3215 2039 3255 ex

464 3287 655 3344 eadem
691 3286 836 3347 tribu
877 3284 1015 3344 Juda
1046 3296 1102 3344 et
1132 3286 1352 3342 Davidis
1383 3288 1588 3357 populo
1620 3296 1788 3350 esset,
1822 3302 1888 3343 ex
1910 3288 2041 3362 qui-

465 3375 568 3437 bus
627 3372 824 3446 Ioseph
892 3391 1111 3446 quoque
1167 3385 1348 3433 ortum
1402 3375 1689 3432 trahebat?
1741 3375 2040 3448 Perspicua

465 3468 734 3538 siquidem
766 3468 851 3524 lex
878 3483 961 3533 ea,
983 3484 1107 3539 quae
1129 3470 1282 3541 prius
1311 3469 1541 3524 recitata
1567 3479 1674 3536 est,
1703 3469 2039 3527 matrimonii

463 3560 794 3618 coriitnercia
848 3574 975 3614 cum
1013 3560 1137 3616 aliis
1186 3560 1443 3617 tribubus
1490 3561 1631 3620 inire
1688 3561 2036 3630 prohibebat,

462 3656 765 3720 contraque
795 3650 954 3719 plane
994 3648 1298 3712 sanciebat,
1334 3665 1401 3706 ex
1430 3658 1578 3705 sorte
1607 3666 1671 3706 ac
1702 3652 1905 3721 populo
1935 3652 2038 3707 tri-

464 3742 571 3800 bus
588 3757 705 3798 suae
729 3741 1094 3800 contubernia
1121 3743 1360 3811 vitaeque
1399 3744 1853 3799 consuetudinem
1874 3743 2034 3800 inire.

467 3832 587 3897 Non
626 3835 773 3889 enim
827 3834 1219 3900 convertimini,
1246 3833 1527 3904 inquiebat
1562 3834 1710 3903 ,tiliis
1754 3836 1942 3901 Israel,
1974 3837 2040 3893 de

463 3924 607 3983 tribu
628 3924 686 3978 in
706 3924 904 3979 tribum
922 3940 942 3978 :
959 3926 1209 3995 quoniam
1235 3926 1595 3996 unusquisque
1611 3926 1847 3996 ﬁliorum
1868 3927 2039 3984 Israel

461 4017 515 4073 in
551 4027 789 4087 paterna:
820 4017 987 4073 tribus
1034 4033 1146 4072 suae
1193 4009 1508 4075 btereditate
1560 4018 1871 4077 adhaerebit.
1922 4022 2039 4077 Hac

465 4109 692 4180 proinde
721 4111 935 4167 ratione
952 4110 1186 4167 illusuis
1206 4111 1375 4169 etiam
1401 4112 1516 4168 haec
1542 4111 1706 4184 Virgo
1728 4128 1792 4169 ex
1815 4112 2036 4171 Davidis

461 4201 671 4264 semine
708 4214 845 4261 erat.
882 4201 957 4258 Ex
1008 4218 1118 4275 quo
1155 4203 1362 4259 factum
1393 4212 1478 4260 est
1535 4215 1594 4260 ut
1625 4205 1812 4275 sponsi
1861 4222 2035 4277 genus

457 4304 862 4353 recenseretur.
920 4292 1054 4348 Nam
1114 4309 1263 4360 cum,
1318 4295 1385 4350 de
1430 4297 1680 4365 Apostoli
1730 4298 2029 4363 sententia,

2142 3109 2250 3176 ϐὶδ,
2281 3108 2341 3175 ἐξ
2366 3102 2442 3163 ὧν
2470 3110 2566 3163 καὶ
2592 3108 2790 3182 Ἰωσὴφ
2811 3107 3061 3182 ὡρμᾶτο,
3099 3103 3289 3176 σαφῶς
3322 3100 3419 3158 τοῦ
3466 3118 3725 3174 παραναο

2143 3200 2479 3271 γνωσθέντος
2510 3199 2701 3271 νόμου,
2738 3199 2838 3270 τῆς
2875 3199 2972 3269 μὲν
3011 3196 3152 3270 πρὸς
3191 3193 3294 3259 τὰς
3346 3193 3515 3257 ἄλλας
3542 3191 3728 3262 φυλὰς

2143 3291 2427 3362 ἐπιμιξίας
2453 3292 2824 3362 ἀνείργοντος,
2853 3289 3226 3362 διοριζομένου
3253 3287 3312 3342 δὲ
3336 3285 3618 3358 ἄντικρυς,
3657 3285 3727 3339 ὲκ

2140 3385 2237 3444 τοῦ
2265 3385 2473 3455 κλήρου
2497 3384 2593 3438 καὶ
2634 3382 2730 3437 τοῦ
2764 3383 2937 3455 δήμου
2979 3381 3082 3452 τῆς
3130 3379 3342 3455 οίκείας
3399 3377 3576 3449 φυλῆς
3620 3376 3725 3440 τὰς

2145 3474 2485 3544 συμϐιώσεις
2542 3473 2852 3536 ποιεῖσθαις
2884 3475 2969 3528 οὐ
3017 3473 3129 3543 γὰρ
3175 3468 3719 3540 πέριστραςρήσετε,

2144 3566 2279 3636 φησὶ
2307 3566 2420 3625 τοῖς
2444 3563 2582 3627 υίοϊς
2614 3562 2846 3634 Ἰσραὴλ,
2869 3560 2990 3617 ἀπὸ
3020 3558 3225 3631 φυλῆς
3250 3563 3338 3626 είς
3360 3558 3570 3629 φυλὴν
3590 3599 3605 3622 ,
3630 3557 3724 3611 ὅτι

2140 3656 2397 3722 ἕκαστος
2429 3655 2498 3709 ἐν
2522 3653 2598 3723 τῇ
2626 3655 2997 3722 κληρονομίᾳ
3037 3651 3149 3721 τῆς
3185 3650 3391 3720 φυλῆς
3445 3649 3559 3718 τῆς
3616 3663 3727 3703 ,παρ

2139 3745 2344 3816 τρικῆς
2370 3744 2557 3800 αὑτοῦ
2574 3743 3225 3813 προσκολληθήσονται
3245 3743 3301 3796 οι
3311 3741 3429 3796 υἱοί
3446 3738 3722 3808 Ἰσραήλ.

2140 3842 2301 3897 Κατὰ
2326 3841 2501 3897 ταῦτα
2552 3840 2610 3901 δὲ
2638 3835 2733 3895 οῦν
2762 3840 2859 3894 καὶ
2890 3840 2925 3910 ἡ
2953 3837 3304 3910 περιώνυμος
3332 3833 3476 3903 αῦτη
3505 3832 3724 3905 napus.

2138 3948 2250 3996 νος,
2283 3932 2348 3985 ἐκ
2399 3929 2717 4000 σπέρματος
2750 3924 2819 3998 ἦν
2845 3927 2940 3981 τοῦ
2964 3926 3132 3985 bamb
3152 3968 3169 3994 ,
3202 3924 3328 3982 ὅθεν
3356 3925 3454 3983 καὶ
3503 3925 3533 3976 ὁ
3586 3940 3723 3994 μνη-

2140 4024 2276 4095 στὴρ
2305 4022 2729 4091 ὲγενεαλογεῖτο.
2762 4020 2824 4073 Εἰ
2847 4021 2956 4091 γὰρ
2992 4017 3210 4089 κεφαλὴ
3251 4019 3352 4088 τῆς
3385 4016 3649 4085 γυναικὸς
3692 4018 3722 4069 ὁ

2138 4116 2276 4184 ἀνὴρ
2298 4114 2441 4167 κατὰ
2471 4113 2563 4166 τὸν
2591 4112 2764 4183 μέγαν
2810 4111 3158 4176 ’Δπάστολον,
3190 4109 3283 4163 καὶ
3311 4108 3523 4162 ἔσονται
3550 4109 3600 4161 οἱ
3625 4107 3724 4161 δύο

2137 4209 2218 4272 εἰς
2270 4206 2451 4278 σάρκα
2492 4204 2621 4277 μίαν
2675 4204 2818 4273 κατὰ
2850 4202 2943 4259 τὸν
2990 4203 3274 4267 Μωῦσέως
3329 4202 3518 4273 νόμον,
3554 4202 3650 4255 καὶ
3685 4203 3721 4272 η

2141 4298 2599 4371 μεμνηστευμένη
2656 4296 2815 4369 ἀνδρὶ
2857 4295 3260 4368 διαμαρτοῦσα,
3303 4293 3556 4365 μοιχείας
3610 4293 3743 4345 im»

334 5166 337 5171 _
454 5113 637 5185 capite
674 5115 953 5171 recenseri
980 5117 1394 5186 consequatur?
1421 5118 1498 5172 Ac
1529 5117 1759 5187 proinde
1786 5118 1876 5173 hic
1896 5134 2034 5190 quo—

459 4395 624 4458 caput
657 4386 904 4442 mulieris
948 4387 1033 4440 vir
1078 4388 1151 4441 sit
1175 4395 1214 4419 ’³
1238 4426 1253 4449 .
1287 4401 1350 4440 ac
1398 4388 1556 4456 juxta
1606 4388 1741 4458 legis
1775 4390 2031 4458 praescri-

2143 4391 2252 4462 ἔχει
2274 4390 2545 4461 τιμωρίαν
2566 4390 2710 4444 κατά
2731 4389 2822 4442 τὸν
2845 4389 3033 4460 νόμον,
3059 4389 3133 4453 ὡς
3153 4386 3248 4441 τοῦ
3275 4384 3593 4461 μνηστῆρος
3613 4385 3719 4455 ήδη

458 4487 612 4551 ptum
648 4477 759 4533 duo
785 4477 840 4532 in
869 4491 1038 4532 carne
1069 4491 1175 4531 una
1210 4475 1379 4531 futuri
1415 4478 1526 4532 sint
1555 4486 1606 4545 ιι,
1637 4486 1802 4549 atque
1836 4479 2034 4535 mulier

2143 4483 2301 4554 σῶμα
2333 4481 2699 4553 γεγενημένη,
2735 4481 2831 4535 καὶ
2854 4481 3102 4550 κεφαλὴν
3143 4479 3238 4533 τὸν
3266 4478 3440 4548 ἄνδρα
3486 4481 3722 4549 ἐπιγρα-

456 4586 544 4635 ea,
595 4584 721 4640 quae
766 4568 1122 4623 matrimonio
1174 4569 1429 4638 capulata
1478 4578 1587 4634 est,
1644 4570 1691 4624 si
1742 4585 1771 4643 a
1820 4571 2034 4641 pudicae

2143 4575 2381 4655 φαμένη,
2430 4574 2548 4637 πῶς
2591 4574 2715 4645 οὐχὶ
2772 4572 2876 4643 τῆς
2918 4571 3161 4643 κεφαλῆς
3214 4568 3721 4655 γενεαλογουμέχης

456 4660 706 4732 conjugis
729 4660 907 4716 olliuio
927 4661 1289 4729 aberravcrit,
1309 4662 1563 4717 adulterii
1586 4665 2035 4734 pmna,quemad-

2143 4640 2453 4724 instat-xci.
2477 4665 2537 4718 τὸ
2558 4640 2717 4735 σῶμα
2737 4667 2801 4736 τῇ
2831 4640 3041 4735 αεφαλῇ
3075 4640 3566 4733 συναριθμεῖσθαη
3608 4640 3718 4713 1Ὤ-

458 4753 678 4813 modum
716 4755 803 4811 lcx
839 4755 1024 4823 jubet,
1078 4756 1366 4819 multetur,
1421 4765 1481 4810 ut
1535 4771 1656 4826 quin
1709 4759 1892 4811 mariti
1944 4759 2029 4814 sui

2143 4779 2223 4817 ιτς
2245 4758 2527 4814 κάνταῦθα
2548 4757 2648 4829 τὴν
2677 4757 2952 4830 Παρθένον
2975 4757 3082 4811 ἔδει
3108 4754 3468 4826 συνημμένην
3496 4752 3577 4824 τῷ
3594 4754 3722 4807 Ἰω-

454 4857 656 4911 corpus
717 4842 829 4913 jam
882 4842 1024 4898 facta
1076 4848 1182 4907 sit,
1244 4861 1479 4913 eumque
1537 4861 1637 4916 pro
1699 4847 1882 4916 capite
1932 4863 2033 4903 suo

2143 4851 2242 4921 ςηφ
2270 4849 2497 4911 εἰκότως
2549 4849 2617 4917 τῇ
2666 4845 2991 4917 γενεαλογίᾳ
3039 4843 3554 4913 συναναλαμϐάνειν
3586 4858 3601 4873 ’
3633 4843 3722 4896 ὅτι

453 4931 804 5001 ascripserit,
840 4932 974 5002 quid
1008 4935 1228 4989 tandem
1266 4934 1450 4989 afferri
1483 4944 1687 5005 potest,
1710 4939 1869 5006 quin,
1903 4952 2027 4994 cum

2143 4939 2194 5009 5η
2225 4941 2323 5010 τῆς
2349 4937 2498 5007 αὐτῷ
2521 4938 2755 5008 μάλιστα
2781 4936 2974 5005 φυλῆς,
3006 4935 3094 4990 ναὶ
3129 4934 3235 5006 μὴν
3264 4934 3402 4993 ἀλλὰ
3426 4935 3522 4988 καὶ
3543 4931 3721 5004 δήμου

452 5022 651 5094 capitis
686 5038 859 5093 genus
894 5034 1234 5089 recensetur,
1263 5039 1465 5093 corpus
1501 5041 1722 5096 quoque
1763 5043 1872 5082 una
1904 5044 2029 5083 cum

2143 5034 2229 5091 καὶ
2259 5031 2498 5103 πατριᾶς
2517 5028 2681 5087 Δασὶδ
2707 5029 3084 5085 ἀποδέδεικται
3116 5028 3408 5097 γενομένη.
3439 5026 3593 5079 Ἐπεὶ
3620 5028 3721 5083 καὶ

2134 5123 2193 5174 ἐν
2222 5119 2302 5191 τῷ
2334 5121 2470 5192 πρὸς
2500 5118 2670 5192 αὐτὴν
2697 5118 3070 5189 χρηματισμῷ
3104 5116 3378 5181 θεσπίζων
3400 5117 3429 5169 ὁ
3451 5116 3714 5187 Γαϐριὴλ,

2136 5212 2275 5281 μετὰ
2297 5213 2407 5265 τῶν
2434 5211 2611 5267 ἄλλων
2648 5210 2817 5288 ξφησε
2837 5226 2851 5240 ο
2886 5211 2995 5267 Καὶ
3018 5208 3200 5262 δώσει
3226 5208 3386 5279 αὑτῷ
3432 5208 3648 5277 Κύριος
3683 5212 3718 5260 ό

2136 5303 2278 5366 Θεὸς
2308 5301 2414 5356 τὸν
2445 5300 2666 5374 θρόνον
2687 5297 2867 5353 Δασίδ
2890 5297 2997 5352 τοῦ
3025 5296 3251 5366 πατρὸς
3287 5297 3494 5352 αὐτοῦ.
3533 5297 3599 5351 Τί
3632 5297 3716 5350 δι-

452 5391 710 5459 qnoniam
748 5390 996 5460 ejusdem
1031 5406 1155 5445 cum
1202 5407 1268 5445 eo
1325 5391 1538 5455 tribus,
1590 5402 1754 5461 atque
1791 5393 1927 5448 adeo
1957 5408 2023 5448 ex

2143 5393 2349 5448 Βάσκων
2376 5390 2667 5458 ἐντεῦθεν;
2700 5393 2820 5445 Ὅτι
2862 5390 2959 5443 τοῦ
3001 5390 3063 5455 ἐξ
3109 5393 3278 5460 αὐτῆς
3318 5391 3711 5461 γενησομένου,

456 5482 676 5541 pavidis
696 5484 895 5551 pepulo
923 5497 986 5535 ac
1014 5482 1218 5536 familia
1243 5498 1365 5537 eam
1398 5482 1566 5538 fuisse
1588 5483 2025 5540 demonstratum

2143 5479 2525 5555 προπάτωρῖψ
2545 5484 2573 5537 ὁ
2598 5481 2782 5535 Δαϐίδ.
2809 5483 2918 5536 Καὶ
2945 5483 3061 5544 πῶς
3095 5483 3205 5553 γὰρ
3233 5478 3301 5554 ἧν
3334 5482 3509 5542 ἄλλως
3539 5480 3714 5535 ταῦτα

454 5578 556 5630 est.
607 5573 1062 5641 Quandoquidem
1099 5575 1151 5630 in
1181 5589 1247 5628 eo
1276 5575 1439 5629 etiam
1474 5576 1719 5639 oracuio,
1748 5576 1892 5648 quod
1952 5577 2020 5633 ad

2143 5577 2278 5639 εἰκὸς
2301 5578 2364 5649 τῇ
2404 5574 2664 5648 Παρθένῳ
2689 5573 2858 5647 φάναι
2898 5574 2991 5629 τὸν
3034 5573 3267 5645 ἄγγελον
3323 5573 3357 5643 ὴ
3414 5571 3709 5645 συνομολον

454 5223 561 5274 que
614 5205 920 5279 Virginem,
954 5218 1143 5276 utpote
1174 5206 1415 5278 Josepho
1449 5212 1825 5277 conjunctam,
1868 5226 2034 5281 opore

454 5300 604 5356 tebat
641 5300 695 5354 in
733 5299 951 5369 generis
992 5303 1516 5355 commemoratione
1566 5302 1732 5356 simul
1781 5303 1988 5358 assumi
2015 5343 2029 5366 ,

558 5745 769 5811 thum.
794 5763 979 5821 xxxvi,
1006 5748 1056 5812 7,
1136 5760 1172 5783 ’δ
1256 5766 1269 5807 ι
1320 5751 1447 5813 αυτ.
1482 5755 1633 5821 353.
1712 5764 1737 5791 ιι
1792 5752 1928 5815 Gen.
1990 5772 2050 5821 ιι,
2105 5757 2197 5821 94.
