  <div class='ocr_page' id='page_1' title='image "/cluster/home/n/w/nwhite01/storage/ocr_20150623/97/mdp.39015041892756/428.png"; bbox 0 0 4032 6138; ppageno 0'>
   <div class='ocr_carea' id='block_1_1' title="bbox 355 333 515 410">
    <p class='ocr_par' dir='ltr' id='par_1_1' title="bbox 355 333 515 410">
     <span class='ocr_line' id='line_1_1' title="bbox 355 333 515 410; baseline -0.025 -12"><span class='ocrx_word' id='word_1_1' title='bbox 355 333 515 410; x_wconf 73' lang='grc' dir='ltr'><strong>85τ,</strong></span> 
     </span>
    </p>
   </div>
   <div class='ocr_carea' id='block_1_2' title="bbox 1393 313 2646 394">
    <p class='ocr_par' dir='ltr' id='par_1_2' title="bbox 1393 313 2646 394">
     <span class='ocr_line' id='line_1_2' title="bbox 1393 313 2646 394; baseline -0.001 -3"><span class='ocrx_word' id='word_1_2' title='bbox 1393 333 1478 394; x_wconf 93' lang='lat' dir='ltr'><strong>1N</strong></span> <span class='ocrx_word' id='word_1_3' title='bbox 1517 313 2038 394; x_wconf 29' lang='lat' dir='ltr'><strong>NAT&#39;lVlTATEM</strong></span> <span class='ocrx_word' id='word_1_4' title='bbox 2091 331 2158 392; x_wconf 88' lang='lat' dir='ltr'><strong>B.</strong></span> <span class='ocrx_word' id='word_1_5' title='bbox 2202 332 2488 392; x_wconf 74' lang='lat' dir='ltr'><strong>MARLE.</strong></span> <span class='ocrx_word' id='word_1_6' title='bbox 2531 331 2646 391; x_wconf 85' lang='lat'><strong>111.</strong></span> 
     </span>
    </p>
   </div>
   <div class='ocr_carea' id='block_1_3' title="bbox 3516 325 3621 392">
    <p class='ocr_par' dir='ltr' id='par_1_3' title="bbox 3516 325 3621 392">
     <span class='ocr_line' id='line_1_3' title="bbox 3516 325 3621 392; baseline -0.019 0"><span class='ocrx_word' id='word_1_7' title='bbox 3516 325 3621 392; x_wconf 85' lang='lat'><strong>858</strong></span> 
     </span>
    </p>
   </div>
   <div class='ocr_carea' id='block_1_4' title="bbox 353 435 1945 516">
    <p class='ocr_par' dir='ltr' id='par_1_4' title="bbox 353 435 1935 516">
     <span class='ocr_line' id='line_1_4' title="bbox 353 435 1935 516; baseline 0.012 -20"><span class='ocrx_word' id='word_1_8' title='bbox 353 443 560 512; x_wconf 79' lang='grc' dir='ltr'>γοῦντα</span> <span class='ocrx_word' id='word_1_9' title='bbox 589 441 742 508; x_wconf 85' lang='grc' dir='ltr'>δῆλον</span> <span class='ocrx_word' id='word_1_10' title='bbox 765 439 936 510; x_wconf 80' lang='grc' dir='ltr'>αὐτὴν</span> <span class='ocrx_word' id='word_1_11' title='bbox 965 435 1106 496; x_wconf 79' lang='grc' dir='ltr'>εἶναι</span> <span class='ocrx_word' id='word_1_12' title='bbox 1133 443 1198 495; x_wconf 87' lang='grc' dir='ltr'><strong>ἐκ</strong></span> <span class='ocrx_word' id='word_1_13' title='bbox 1227 443 1426 508; x_wconf 78' lang='grc' dir='ltr'>Δαϐίδς</span> <span class='ocrx_word' id='word_1_14' title='bbox 1481 445 1558 498; x_wconf 83' lang='grc' dir='ltr'><strong>Οὐ</strong></span> <span class='ocrx_word' id='word_1_15' title='bbox 1589 445 1700 516; x_wconf 82' lang='grc' dir='ltr'><strong>γὰρ</strong></span> <span class='ocrx_word' id='word_1_16' title='bbox 1755 446 1821 499; x_wconf 80' lang='grc' dir='ltr'><strong>διν</strong></span> <span class='ocrx_word' id='word_1_17' title='bbox 1858 444 1935 515; x_wconf 81' lang='grc' dir='ltr'><strong>μὴ</strong></span> 
     </span>
    </p>
   </div>
   <div class='ocr_carea' id='block_1_5' title="bbox 2049 435 3620 516">
    <p class='ocr_par' dir='ltr' id='par_1_5' title="bbox 2049 438 3620 508">
     <span class='ocr_line' id='line_1_5' title="bbox 2049 438 3620 508; baseline -0.004 -11"><span class='ocrx_word' id='word_1_18' title='bbox 2049 458 2162 497; x_wconf 78' lang='lat' dir='ltr'><strong>eam</strong></span> <span class='ocrx_word' id='word_1_19' title='bbox 2208 444 2416 498; x_wconf 88' lang='lat' dir='ltr'><strong>editum</strong></span> <span class='ocrx_word' id='word_1_20' title='bbox 2464 452 2570 503; x_wconf 88' lang='lat' dir='ltr'><strong>est.</strong></span> <span class='ocrx_word' id='word_1_21' title='bbox 2619 441 2925 497; x_wconf 89' lang='lat' dir='ltr'><strong>vaticinans</strong></span> <span class='ocrx_word' id='word_1_22' title='bbox 2957 438 3220 500; x_wconf 86' lang='lat' dir='ltr'><strong>Gabriel.</strong></span> <span class='ocrx_word' id='word_1_23' title='bbox 3277 445 3475 508; x_wconf 69' lang='lat' dir='ltr'><strong>praeter</strong></span> <span class='ocrx_word' id='word_1_24' title='bbox 3513 439 3620 491; x_wconf 85' lang='lat' dir='ltr'><strong>alia</strong></span> 
     </span>
    </p>
   </div>
   <div class='ocr_carea' id='block_1_6' title="bbox 355 532 1935 604">
    <p class='ocr_par' dir='ltr' id='par_1_6' title="bbox 355 532 1935 604">
     <span class='ocr_line' id='line_1_6' title="bbox 355 532 1935 604; baseline -0.001 -14"><span class='ocrx_word' id='word_1_25' title='bbox 355 536 424 590; x_wconf 72' lang='grc' dir='ltr'><strong>ἐκ</strong></span> <span class='ocrx_word' id='word_1_26' title='bbox 475 533 642 586; x_wconf 78' lang='grc' dir='ltr'>Δαϐὶδ</span> <span class='ocrx_word' id='word_1_27' title='bbox 682 532 1049 604; x_wconf 74' lang='grc' dir='ltr'>τυγχανούσῃ,</span> <span class='ocrx_word' id='word_1_28' title='bbox 1103 533 1163 584; x_wconf 84' lang='grc' dir='ltr'>τὸ</span> <span class='ocrx_word' id='word_1_29' title='bbox 1210 533 1396 588; x_wconf 81' lang='grc' dir='ltr'>Δώσει</span> <span class='ocrx_word' id='word_1_30' title='bbox 1451 533 1612 600; x_wconf 85' lang='grc' dir='ltr'>αὐτῷ</span> <span class='ocrx_word' id='word_1_31' title='bbox 1671 539 1703 589; x_wconf 80' lang='grc' dir='ltr'>ό</span> <span class='ocrx_word' id='word_1_32' title='bbox 1769 535 1935 601; x_wconf 82' lang='grc' dir='ltr'>Θεὸς,</span> 
     </span>
    </p>
   </div>
   <div class='ocr_carea' id='block_1_7' title="bbox 353 617 1936 693">
    <p class='ocr_par' dir='ltr' id='par_1_7' title="bbox 353 617 1936 693">
     <span class='ocr_line' id='line_1_7' title="bbox 353 617 1936 693; baseline 0.002 -18"><span class='ocrx_word' id='word_1_33' title='bbox 353 622 592 693; x_wconf 75' lang='grc' dir='ltr'>είρήκει,</span> <span class='ocrx_word' id='word_1_34' title='bbox 647 617 751 672; x_wconf 76' lang='grc' dir='ltr'><strong>τὸν</strong></span> <span class='ocrx_word' id='word_1_35' title='bbox 795 620 1012 688; x_wconf 75' lang='grc' dir='ltr'>θρόνον</span> <span class='ocrx_word' id='word_1_36' title='bbox 1050 620 1228 673; x_wconf 80' lang='grc' dir='ltr'><strong>Δαὸὶδ</strong></span> <span class='ocrx_word' id='word_1_37' title='bbox 1277 622 1382 676; x_wconf 86' lang='grc' dir='ltr'><strong>τοῦ</strong></span> <span class='ocrx_word' id='word_1_38' title='bbox 1433 623 1660 690; x_wconf 79' lang='grc' dir='ltr'>πατρὸς</span> <span class='ocrx_word' id='word_1_39' title='bbox 1724 623 1936 678; x_wconf 81' lang='grc' dir='ltr'>αὑτοῦ.</span> 
     </span>
    </p>
   </div>
   <div class='ocr_carea' id='block_1_8' title="bbox 355 710 1936 784">
    <p class='ocr_par' dir='ltr' id='par_1_8' title="bbox 355 710 1936 784">
     <span class='ocr_line' id='line_1_8' title="bbox 355 710 1936 784; baseline -0.001 -17"><span class='ocrx_word' id='word_1_40' title='bbox 355 711 524 767; x_wconf 84' lang='grc' dir='ltr'>Ποίου</span> <span class='ocrx_word' id='word_1_41' title='bbox 573 711 682 780; x_wconf 83' lang='grc' dir='ltr'>γὰρ</span> <span class='ocrx_word' id='word_1_42' title='bbox 729 711 934 782; x_wconf 75' lang='grc' dir='ltr'>πατρὸς</span> <span class='ocrx_word' id='word_1_43' title='bbox 975 710 1044 764; x_wconf 81' lang='grc' dir='ltr'>ἂν</span> <span class='ocrx_word' id='word_1_44' title='bbox 1087 711 1369 784; x_wconf 83' lang='grc' dir='ltr'>εἰκότωςή</span> <span class='ocrx_word' id='word_1_45' title='bbox 1415 713 1693 784; x_wconf 79' lang='grc' dir='ltr'>Παρθένος</span> <span class='ocrx_word' id='word_1_46' title='bbox 1725 715 1936 784; x_wconf 82' lang='grc' dir='ltr'>ἠρώτα,</span> 
     </span>
    </p>
   </div>
   <div class='ocr_carea' id='block_1_9' title="bbox 355 801 1938 875">
    <p class='ocr_par' dir='ltr' id='par_1_9' title="bbox 355 801 1938 875">
     <span class='ocr_line' id='line_1_9' title="bbox 355 801 1938 875; baseline 0.002 -19"><span class='ocrx_word' id='word_1_47' title='bbox 355 803 698 873; x_wconf 79' lang='grc' dir='ltr'><strong>ὁμολογοῦσα</strong></span> <span class='ocrx_word' id='word_1_48' title='bbox 731 801 832 874; x_wconf 76' lang='grc' dir='ltr'>μὲν</span> <span class='ocrx_word' id='word_1_49' title='bbox 861 803 944 856; x_wconf 81' lang='grc' dir='ltr'>ὅτι</span> <span class='ocrx_word' id='word_1_50' title='bbox 979 802 1150 873; x_wconf 81' lang='grc' dir='ltr'>ἄνδρα</span> <span class='ocrx_word' id='word_1_51' title='bbox 1179 803 1241 856; x_wconf 85' lang='grc' dir='ltr'><strong>ού</strong></span> <span class='ocrx_word' id='word_1_52' title='bbox 1273 803 1564 872; x_wconf 84' lang='grc' dir='ltr'><strong>γινώσκει,</strong></span> <span class='ocrx_word' id='word_1_53' title='bbox 1594 805 1844 875; x_wconf 90' lang='grc' dir='ltr'>μαθοῦσα</span> <span class='ocrx_word' id='word_1_54' title='bbox 1881 806 1938 859; x_wconf 82' lang='grc' dir='ltr'>δὲ</span> 
     </span>
    </p>
   </div>
   <div class='ocr_carea' id='block_1_10' title="bbox 355 891 1940 966">
    <p class='ocr_par' dir='ltr' id='par_1_10' title="bbox 355 891 1940 966">
     <span class='ocr_line' id='line_1_10' title="bbox 355 891 1940 966; baseline 0.003 -22"><span class='ocrx_word' id='word_1_55' title='bbox 355 893 440 944; x_wconf 80' lang='grc' dir='ltr'>ὅτι</span> <span class='ocrx_word' id='word_1_56' title='bbox 455 893 522 946; x_wconf 85' lang='grc' dir='ltr'><strong>ἐκ</strong></span> <span class='ocrx_word' id='word_1_57' title='bbox 542 891 864 962; x_wconf 83' lang='grc' dir='ltr'>Πνεύματος</span> <span class='ocrx_word' id='word_1_58' title='bbox 903 891 1062 960; x_wconf 82' lang='grc' dir='ltr'>ἁγίου</span> <span class='ocrx_word' id='word_1_59' title='bbox 1089 891 1442 962; x_wconf 77' lang='grc' dir='ltr'>συλλήψεται,</span> <span class='ocrx_word' id='word_1_60' title='bbox 1476 895 1526 946; x_wconf 81' lang='grc' dir='ltr'><strong>εί</strong></span> <span class='ocrx_word' id='word_1_61' title='bbox 1575 894 1649 966; x_wconf 86' lang='grc' dir='ltr'>μὴ</span> <span class='ocrx_word' id='word_1_62' title='bbox 1691 896 1868 965; x_wconf 71' lang='grc' dir='ltr'>σαφὴς</span> <span class='ocrx_word' id='word_1_63' title='bbox 1912 896 1940 948; x_wconf 91' lang='lat'><strong>6</strong></span> 
     </span>
    </p>
   </div>
   <div class='ocr_carea' id='block_1_11' title="bbox 353 977 1939 1054">
    <p class='ocr_par' dir='ltr' id='par_1_11' title="bbox 353 977 1939 1054">
     <span class='ocr_line' id='line_1_11' title="bbox 353 977 1939 1054; baseline 0.003 -18"><span class='ocrx_word' id='word_1_64' title='bbox 353 983 514 1051; x_wconf 81' lang='grc' dir='ltr'>λόγος</span> <span class='ocrx_word' id='word_1_65' title='bbox 547 977 616 1053; x_wconf 81' lang='grc' dir='ltr'>ἦν</span> <span class='ocrx_word' id='word_1_66' title='bbox 647 983 783 1054; x_wconf 76' lang='grc' dir='ltr'>πρὸς</span> <span class='ocrx_word' id='word_1_67' title='bbox 817 982 1093 1053; x_wconf 77' lang='grc' dir='ltr'>θυγατέρα</span> <span class='ocrx_word' id='word_1_68' title='bbox 1151 983 1318 1038; x_wconf 77' lang='grc' dir='ltr'>Δαϐὶδ</span> <span class='ocrx_word' id='word_1_69' title='bbox 1365 983 1690 1054; x_wconf 51' lang='grc' dir='ltr'>λεγόμενος</span> <span class='ocrx_word' id='word_1_70' title='bbox 1745 987 1939 1040; x_wconf 81' lang='grc' dir='ltr'>Ἔνθεν</span> 
     </span>
    </p>
   </div>
   <div class='ocr_carea' id='block_1_12' title="bbox 353 1074 1939 1148">
    <p class='ocr_par' dir='ltr' id='par_1_12' title="bbox 353 1074 1939 1148">
     <span class='ocr_line' id='line_1_12' title="bbox 353 1074 1939 1148; baseline 0.002 -19"><span class='ocrx_word' id='word_1_71' title='bbox 353 1075 527 1144; x_wconf 75' lang='grc' dir='ltr'>φησὶν</span> <span class='ocrx_word' id='word_1_72' title='bbox 565 1074 790 1137; x_wconf 72' lang='grc' dir='ltr'>εἰκότως</span> <span class='ocrx_word' id='word_1_73' title='bbox 813 1075 840 1127; x_wconf 98' lang='lat'><strong>6</strong></span> <span class='ocrx_word' id='word_1_74' title='bbox 867 1075 1100 1138; x_wconf 57' lang='grc' dir='ltr'>Λουκᾶς</span> <span class='ocrx_word' id='word_1_75' title='bbox 1121 1074 1324 1143; x_wconf 80' lang='grc' dir='ltr'><strong>Ἀνέϐη</strong></span> <span class='ocrx_word' id='word_1_76' title='bbox 1359 1075 1428 1130; x_wconf 83' lang='grc' dir='ltr'>δὲ</span> <span class='ocrx_word' id='word_1_77' title='bbox 1459 1076 1556 1130; x_wconf 83' lang='grc' dir='ltr'>καὶ</span> <span class='ocrx_word' id='word_1_78' title='bbox 1596 1077 1818 1148; x_wconf 67' lang='grc' dir='ltr'>Ἰωσὴφ</span> <span class='ocrx_word' id='word_1_79' title='bbox 1861 1079 1939 1140; x_wconf 69' lang='grc' dir='ltr'>,ἐκ</span> 
     </span>
    </p>
   </div>
   <div class='ocr_carea' id='block_1_13' title="bbox 355 1163 1940 1240">
    <p class='ocr_par' dir='ltr' id='par_1_13' title="bbox 355 1163 1940 1240">
     <span class='ocr_line' id='line_1_13' title="bbox 355 1163 1940 1240; baseline 0.003 -20"><span class='ocrx_word' id='word_1_80' title='bbox 355 1165 472 1234; x_wconf 81' lang='grc' dir='ltr'>τῆς</span> <span class='ocrx_word' id='word_1_81' title='bbox 502 1165 836 1232; x_wconf 67' lang='grc' dir='ltr'>Γαλιλαίας</span> <span class='ocrx_word' id='word_1_82' title='bbox 855 1163 924 1218; x_wconf 85' lang='grc' dir='ltr'><strong>ἐκ</strong></span> <span class='ocrx_word' id='word_1_83' title='bbox 961 1164 1070 1234; x_wconf 80' lang='grc' dir='ltr'>τῆς</span> <span class='ocrx_word' id='word_1_84' title='bbox 1118 1166 1350 1232; x_wconf 77' lang='grc' dir='ltr'>πόλεως</span> <span class='ocrx_word' id='word_1_85' title='bbox 1389 1165 1650 1236; x_wconf 75' lang='grc' dir='ltr'>Ναζαρὲθ</span> <span class='ocrx_word' id='word_1_86' title='bbox 1698 1171 1788 1232; x_wconf 83' lang='grc' dir='ltr'>εὶς</span> <span class='ocrx_word' id='word_1_87' title='bbox 1826 1169 1940 1240; x_wconf 80' lang='grc' dir='ltr'><strong>τὴν</strong></span> 
     </span>
    </p>
   </div>
   <div class='ocr_carea' id='block_1_14' title="bbox 354 1256 1940 1327">
    <p class='ocr_par' dir='ltr' id='par_1_14' title="bbox 354 1256 1940 1327">
     <span class='ocr_line' id='line_1_14' title="bbox 354 1256 1940 1327; baseline -0.001 -13"><span class='ocrx_word' id='word_1_88' title='bbox 354 1257 652 1314; x_wconf 82' lang='grc' dir='ltr'>Ἰουδαίαν</span> <span class='ocrx_word' id='word_1_89' title='bbox 683 1256 1148 1326; x_wconf 72' lang='grc' dir='ltr'>ἀπογράψασθαι</span> <span class='ocrx_word' id='word_1_90' title='bbox 1191 1259 1278 1323; x_wconf 81' lang='grc' dir='ltr'><strong>είς</strong></span> <span class='ocrx_word' id='word_1_91' title='bbox 1324 1258 1504 1312; x_wconf 79' lang='grc' dir='ltr'>πόλιν</span> <span class='ocrx_word' id='word_1_92' title='bbox 1561 1258 1758 1324; x_wconf 75' lang='grc' dir='ltr'>Δαϐὶδ,</span> <span class='ocrx_word' id='word_1_93' title='bbox 1811 1261 1940 1327; x_wconf 77' lang='grc' dir='ltr'>ἣτις</span> 
     </span>
    </p>
   </div>
   <div class='ocr_carea' id='block_1_15' title="bbox 357 1341 1940 1420">
    <p class='ocr_par' dir='ltr' id='par_1_15' title="bbox 357 1341 1940 1420">
     <span class='ocr_line' id='line_1_15' title="bbox 357 1341 1940 1420; baseline 0 -12"><span class='ocrx_word' id='word_1_94' title='bbox 357 1341 626 1408; x_wconf 64' lang='grc' dir='ltr'>καλεῖται</span> <span class='ocrx_word' id='word_1_95' title='bbox 652 1351 944 1420; x_wconf 77' lang='grc' dir='ltr'>Βηθλεὲμ,</span> <span class='ocrx_word' id='word_1_96' title='bbox 972 1349 1070 1404; x_wconf 79' lang='grc' dir='ltr'>διὰ</span> <span class='ocrx_word' id='word_1_97' title='bbox 1106 1351 1173 1405; x_wconf 83' lang='grc' dir='ltr'>τὸ</span> <span class='ocrx_word' id='word_1_98' title='bbox 1206 1347 1358 1404; x_wconf 76' lang='grc' dir='ltr'>εἶναι</span> <span class='ocrx_word' id='word_1_99' title='bbox 1407 1351 1595 1404; x_wconf 79' lang='grc' dir='ltr'>αὑτὸν</span> <span class='ocrx_word' id='word_1_100' title='bbox 1656 1352 1724 1417; x_wconf 83' lang='grc' dir='ltr'><strong>ἐξ</strong></span> <span class='ocrx_word' id='word_1_101' title='bbox 1767 1353 1940 1408; x_wconf 74' lang='grc' dir='ltr'>οἴκου</span> 
     </span>
    </p>
   </div>
   <div class='ocr_carea' id='block_1_16' title="bbox 355 1444 1939 1515">
    <p class='ocr_par' dir='ltr' id='par_1_16' title="bbox 355 1444 1939 1515">
     <span class='ocr_line' id='line_1_16' title="bbox 355 1444 1939 1515; baseline 0 -15"><span class='ocrx_word' id='word_1_102' title='bbox 355 1445 462 1500; x_wconf 64' lang='grc' dir='ltr'><strong>καί</strong></span> <span class='ocrx_word' id='word_1_103' title='bbox 495 1445 748 1514; x_wconf 83' lang='grc' dir='ltr'>πατριᾶς</span> <span class='ocrx_word' id='word_1_104' title='bbox 769 1445 967 1512; x_wconf 79' lang='grc' dir='ltr'>Δαϐίδ,</span> <span class='ocrx_word' id='word_1_105' title='bbox 999 1445 1123 1499; x_wconf 79' lang='grc' dir='ltr'><strong>σὺν</strong></span> <span class='ocrx_word' id='word_1_106' title='bbox 1159 1444 1394 1513; x_wconf 77' lang='grc' dir='ltr'>Μαριὰν</span> <span class='ocrx_word' id='word_1_107' title='bbox 1441 1445 1516 1513; x_wconf 80' lang='grc' dir='ltr'>τῇ</span> <span class='ocrx_word' id='word_1_108' title='bbox 1559 1462 1939 1515; x_wconf 78' lang='grc' dir='ltr'>μεμνηστευ-</span> 
     </span>
    </p>
   </div>
   <div class='ocr_carea' id='block_1_17' title="bbox 347 1535 1939 1606">
    <p class='ocr_par' dir='ltr' id='par_1_17' title="bbox 347 1535 1939 1606">
     <span class='ocr_line' id='line_1_17' title="bbox 347 1535 1939 1606; baseline -0.001 -16"><span class='ocrx_word' id='word_1_109' title='bbox 347 1535 512 1606; x_wconf 47' lang='lat' dir='ltr'><strong>parm</strong></span> <span class='ocrx_word' id='word_1_110' title='bbox 550 1535 712 1601; x_wconf 82' lang='grc' dir='ltr'><strong>αὐτῷ</strong></span> <span class='ocrx_word' id='word_1_111' title='bbox 738 1537 898 1604; x_wconf 78' lang='grc' dir='ltr'>οὔσῃ</span> <span class='ocrx_word' id='word_1_112' title='bbox 939 1535 1152 1604; x_wconf 77' lang='grc' dir='ltr'>ἐγκύῳ.</span> <span class='ocrx_word' id='word_1_113' title='bbox 1187 1536 1388 1589; x_wconf 81' lang='grc' dir='ltr'><strong>Οὐκέτι</strong></span> <span class='ocrx_word' id='word_1_114' title='bbox 1426 1535 1536 1606; x_wconf 83' lang='grc' dir='ltr'><strong>γὰρ</strong></span> <span class='ocrx_word' id='word_1_115' title='bbox 1579 1537 1680 1606; x_wconf 85' lang='grc' dir='ltr'>τὴν</span> <span class='ocrx_word' id='word_1_116' title='bbox 1729 1535 1939 1606; x_wconf 83' lang='grc' dir='ltr'>παροῦ-</span> 
     </span>
    </p>
   </div>
   <div class='ocr_carea' id='block_1_18' title="bbox 357 1627 1940 1698">
    <p class='ocr_par' dir='ltr' id='par_1_18' title="bbox 357 1627 1940 1698">
     <span class='ocr_line' id='line_1_18' title="bbox 357 1627 1940 1698; baseline 0.001 -19"><span class='ocrx_word' id='word_1_117' title='bbox 357 1647 464 1682; x_wconf 80' lang='grc' dir='ltr'><strong>σαν</strong></span> <span class='ocrx_word' id='word_1_118' title='bbox 480 1627 799 1698; x_wconf 76' lang='grc' dir='ltr'>ἀμφιϐόλως</span> <span class='ocrx_word' id='word_1_119' title='bbox 823 1628 1257 1696; x_wconf 86' lang='grc' dir='ltr'>ἀναγνωσόμεθα</span> <span class='ocrx_word' id='word_1_120' title='bbox 1283 1627 1428 1692; x_wconf 81' lang='grc' dir='ltr'>λέξιν</span> <span class='ocrx_word' id='word_1_121' title='bbox 1450 1665 1466 1690; x_wconf 92' lang='grc'><strong>,</strong></span> <span class='ocrx_word' id='word_1_122' title='bbox 1489 1627 1564 1690; x_wconf 82' lang='grc' dir='ltr'>ὡς</span> <span class='ocrx_word' id='word_1_123' title='bbox 1593 1627 1690 1696; x_wconf 84' lang='grc' dir='ltr'>τῆς</span> <span class='ocrx_word' id='word_1_124' title='bbox 1725 1628 1940 1698; x_wconf 79' lang='grc' dir='ltr'>Μαρίας</span> 
     </span>
    </p>
   </div>
   <div class='ocr_carea' id='block_1_19' title="bbox 353 1717 1938 1790">
    <p class='ocr_par' dir='ltr' id='par_1_19' title="bbox 353 1717 1938 1790">
     <span class='ocr_line' id='line_1_19' title="bbox 353 1717 1938 1790; baseline -0.001 -17"><span class='ocrx_word' id='word_1_125' title='bbox 353 1717 790 1789; x_wconf 77' lang='grc' dir='ltr'><strong>ἀπογράψασθαι</strong></span> <span class='ocrx_word' id='word_1_126' title='bbox 832 1719 994 1790; x_wconf 82' lang='grc' dir='ltr'>μόνον</span> <span class='ocrx_word' id='word_1_127' title='bbox 1021 1718 1400 1789; x_wconf 87' lang='grc' dir='ltr'>συνελθούσης,</span> <span class='ocrx_word' id='word_1_128' title='bbox 1425 1717 1541 1772; x_wconf 84' lang='grc' dir='ltr'>ἀλλ’</span> <span class='ocrx_word' id='word_1_129' title='bbox 1579 1719 1654 1782; x_wconf 84' lang='grc' dir='ltr'>ὡς</span> <span class='ocrx_word' id='word_1_130' title='bbox 1717 1720 1809 1771; x_wconf 75' lang='grc' dir='ltr'>καὶ</span> <span class='ocrx_word' id='word_1_131' title='bbox 1840 1720 1938 1773; x_wconf 85' lang='grc' dir='ltr'>αύ-</span> 
     </span>
    </p>
   </div>
   <div class='ocr_carea' id='block_1_20' title="bbox 2042 529 3622 605">
    <p class='ocr_par' dir='ltr' id='par_1_20' title="bbox 2042 529 3622 605">
     <span class='ocr_line' id='line_1_20' title="bbox 2042 529 3622 605; baseline -0.003 -17"><span class='ocrx_word' id='word_1_132' title='bbox 2042 536 2146 590; x_wconf 87' lang='lat' dir='ltr'><strong>hoc</strong></span> <span class='ocrx_word' id='word_1_133' title='bbox 2185 551 2406 605; x_wconf 83' lang='lat' dir='ltr'><strong>quoque</strong></span> <span class='ocrx_word' id='word_1_134' title='bbox 2440 535 2582 590; x_wconf 77' lang='lat' dir='ltr'><strong>dixit</strong></span> <span class='ocrx_word' id='word_1_135' title='bbox 2611 555 2624 589; x_wconf 91' lang='lat'>:</span> <span class='ocrx_word' id='word_1_136' title='bbox 2664 531 2730 588; x_wconf 88' lang='lat' dir='ltr'><strong>Et</strong></span> <span class='ocrx_word' id='word_1_137' title='bbox 2757 533 2908 588; x_wconf 86' lang='lat' dir='ltr'><strong>dabit</strong></span> <span class='ocrx_word' id='word_1_138' title='bbox 2940 535 2990 587; x_wconf 84' lang='lat' dir='ltr'><strong>ei</strong></span> <span class='ocrx_word' id='word_1_139' title='bbox 3011 532 3272 586; x_wconf 76' lang='lat' dir='ltr'><strong>Dominus</strong></span> <span class='ocrx_word' id='word_1_140' title='bbox 3307 531 3482 584; x_wconf 85' lang='lat' dir='ltr'><strong>sedem</strong></span> <span class='ocrx_word' id='word_1_141' title='bbox 3511 529 3622 584; x_wconf 89' lang='lat' dir='ltr'><strong>Da-</strong></span> 
     </span>
    </p>
   </div>
   <div class='ocr_carea' id='block_1_21' title="bbox 2039 619 3623 694">
    <p class='ocr_par' dir='ltr' id='par_1_21' title="bbox 2039 619 3623 694">
     <span class='ocr_line' id='line_1_21' title="bbox 2039 619 3623 694; baseline -0.001 -14"><span class='ocrx_word' id='word_1_142' title='bbox 2039 625 2128 680; x_wconf 79' lang='lat' dir='ltr'><strong>vid</strong></span> <span class='ocrx_word' id='word_1_143' title='bbox 2159 628 2331 691; x_wconf 80' lang='lat' dir='ltr'><strong>patris</strong></span> <span class='ocrx_word' id='word_1_144' title='bbox 2371 626 2485 694; x_wconf 73' lang='lat' dir='ltr'><strong>ejus</strong></span> <span class='ocrx_word' id='word_1_145' title='bbox 2511 633 2558 680; x_wconf 92' lang='lat'><strong>°.</strong></span> <span class='ocrx_word' id='word_1_146' title='bbox 2587 626 2886 692; x_wconf 85' lang='lat' dir='ltr'><strong>-Quidnam</strong></span> <span class='ocrx_word' id='word_1_147' title='bbox 2944 625 3074 680; x_wconf 87' lang='lat' dir='ltr'><strong>hinc</strong></span> <span class='ocrx_word' id='word_1_148' title='bbox 3128 619 3372 678; x_wconf 80' lang='lat' dir='ltr'><strong>docens?</strong></span> <span class='ocrx_word' id='word_1_149' title='bbox 3416 620 3623 692; x_wconf 81' lang='lat' dir='ltr'><strong>Nempe</strong></span> 
     </span>
    </p>
   </div>
   <div class='ocr_carea' id='block_1_22' title="bbox 2039 712 3622 788">
    <p class='ocr_par' dir='ltr' id='par_1_22' title="bbox 2039 712 3622 788">
     <span class='ocr_line' id='line_1_22' title="bbox 2039 712 3622 788; baseline 0.001 -22"><span class='ocrx_word' id='word_1_150' title='bbox 2039 714 2187 784; x_wconf 90' lang='lat' dir='ltr'><strong>quod</strong></span> <span class='ocrx_word' id='word_1_151' title='bbox 2228 712 2398 788; x_wconf 77' lang='lat' dir='ltr'><strong>David</strong></span> <span class='ocrx_word' id='word_1_152' title='bbox 2423 715 2568 783; x_wconf 89' lang='lat' dir='ltr'><strong>ejus,</strong></span> <span class='ocrx_word' id='word_1_153' title='bbox 2594 716 2688 785; x_wconf 89' lang='lat' dir='ltr'><strong>qui</strong></span> <span class='ocrx_word' id='word_1_154' title='bbox 2719 731 2784 770; x_wconf 82' lang='lat' dir='ltr'><strong>ex</strong></span> <span class='ocrx_word' id='word_1_155' title='bbox 2811 729 2876 768; x_wconf 86' lang='lat' dir='ltr'><strong>ea</strong></span> <span class='ocrx_word' id='word_1_156' title='bbox 2907 715 3221 768; x_wconf 76' lang='lat' dir='ltr'><strong>nasciturus</strong></span> <span class='ocrx_word' id='word_1_157' title='bbox 3247 723 3387 778; x_wconf 85' lang='lat' dir='ltr'><strong>eral,</strong></span> <span class='ocrx_word' id='word_1_158' title='bbox 3421 727 3622 782; x_wconf 85' lang='lat' dir='ltr'><strong>parens</strong></span> 
     </span>
    </p>
   </div>
   <div class='ocr_carea' id='block_1_23' title="bbox 2039 806 3623 876">
    <p class='ocr_par' dir='ltr' id='par_1_23' title="bbox 2039 806 3623 876">
     <span class='ocr_line' id='line_1_23' title="bbox 2039 806 3623 876; baseline -0.003 -15"><span class='ocrx_word' id='word_1_159' title='bbox 2039 816 2207 862; x_wconf 83' lang='lat' dir='ltr'><strong>esset.</strong></span> <span class='ocrx_word' id='word_1_160' title='bbox 2263 806 2328 860; x_wconf 85' lang='lat' dir='ltr'><strong>Et</strong></span> <span class='ocrx_word' id='word_1_161' title='bbox 2364 807 2458 876; x_wconf 89' lang='lat' dir='ltr'><strong>qui</strong></span> <span class='ocrx_word' id='word_1_162' title='bbox 2515 808 2738 862; x_wconf 82' lang='lat' dir='ltr'><strong>tandem</strong></span> <span class='ocrx_word' id='word_1_163' title='bbox 2786 807 2994 872; x_wconf 69' lang='lat' dir='ltr'><strong>alioQui</strong></span> <span class='ocrx_word' id='word_1_164' title='bbox 3033 815 3467 862; x_wconf 77' lang='lat' dir='ltr'><strong>consentaneum</strong></span> <span class='ocrx_word' id='word_1_165' title='bbox 3505 813 3623 860; x_wconf 88' lang='lat' dir='ltr'><strong>erat</strong></span> 
     </span>
    </p>
   </div>
   <div class='ocr_carea' id='block_1_24' title="bbox 2041 893 3620 964">
    <p class='ocr_par' dir='ltr' id='par_1_24' title="bbox 2041 893 3620 964">
     <span class='ocr_line' id='line_1_24' title="bbox 2041 893 3620 964; baseline -0.003 -16"><span class='ocrx_word' id='word_1_166' title='bbox 2041 897 2292 964; x_wconf 77' lang='lat' dir='ltr'><strong>angelum</strong></span> <span class='ocrx_word' id='word_1_167' title='bbox 2323 896 2408 951; x_wconf 85' lang='lat' dir='ltr'><strong>his</strong></span> <span class='ocrx_word' id='word_1_168' title='bbox 2431 896 2498 950; x_wconf 89' lang='lat' dir='ltr'><strong>ad</strong></span> <span class='ocrx_word' id='word_1_169' title='bbox 2517 895 2800 964; x_wconf 81' lang='lat' dir='ltr'><strong>Virginem</strong></span> <span class='ocrx_word' id='word_1_170' title='bbox 2834 896 3014 950; x_wconf 82' lang='lat' dir='ltr'><strong>verbis</strong></span> <span class='ocrx_word' id='word_1_171' title='bbox 3037 895 3134 958; x_wconf 87' lang='lat' dir='ltr'><strong>uti,</strong></span> <span class='ocrx_word' id='word_1_172' title='bbox 3163 894 3270 948; x_wconf 84' lang='lat' dir='ltr'><strong>nisi</strong></span> <span class='ocrx_word' id='word_1_173' title='bbox 3304 895 3430 961; x_wconf 82' lang='lat' dir='ltr'><strong>quia</strong></span> <span class='ocrx_word' id='word_1_174' title='bbox 3459 893 3620 946; x_wconf 89' lang='lat' dir='ltr'><strong>simul</strong></span> 
     </span>
    </p>
   </div>
   <div class='ocr_carea' id='block_1_25' title="bbox 2039 983 3623 1056">
    <p class='ocr_par' dir='ltr' id='par_1_25' title="bbox 2039 983 3623 1056">
     <span class='ocr_line' id='line_1_25' title="bbox 2039 983 3623 1056; baseline -0.001 -18"><span class='ocrx_word' id='word_1_175' title='bbox 2039 1001 2261 1056; x_wconf 82' lang='lat' dir='ltr'><strong>quoque</strong></span> <span class='ocrx_word' id='word_1_176' title='bbox 2299 1001 2418 1040; x_wconf 89' lang='lat' dir='ltr'><strong>eam</strong></span> <span class='ocrx_word' id='word_1_177' title='bbox 2471 1002 2536 1040; x_wconf 80' lang='lat' dir='ltr'><strong>ex</strong></span> <span class='ocrx_word' id='word_1_178' title='bbox 2583 986 2786 1041; x_wconf 87' lang='lat' dir='ltr'><strong>Davide</strong></span> <span class='ocrx_word' id='word_1_179' title='bbox 2826 997 3002 1040; x_wconf 86' lang='lat' dir='ltr'><strong>ortam</strong></span> <span class='ocrx_word' id='word_1_180' title='bbox 3049 1001 3174 1040; x_wconf 89' lang='lat' dir='ltr'><strong>esse</strong></span> <span class='ocrx_word' id='word_1_181' title='bbox 3223 983 3623 1039; x_wconf 71' lang='lat' dir='ltr'><strong>conﬁtebatur?</strong></span> 
     </span>
    </p>
   </div>
   <div class='ocr_carea' id='block_1_26' title="bbox 2039 1077 3618 1149">
    <p class='ocr_par' dir='ltr' id='par_1_26' title="bbox 2039 1077 3618 1149">
     <span class='ocr_line' id='line_1_26' title="bbox 2039 1077 3618 1149; baseline -0.003 -17"><span class='ocrx_word' id='word_1_182' title='bbox 2039 1077 2228 1149; x_wconf 84' lang='lat' dir='ltr'><strong>Neque</strong></span> <span class='ocrx_word' id='word_1_183' title='bbox 2257 1077 2404 1134; x_wconf 89' lang='lat' dir='ltr'><strong>enim</strong></span> <span class='ocrx_word' id='word_1_184' title='bbox 2439 1078 2506 1133; x_wconf 91' lang='lat' dir='ltr'><strong>ad</strong></span> <span class='ocrx_word' id='word_1_185' title='bbox 2541 1093 2686 1142; x_wconf 90' lang='lat' dir='ltr'><strong>eam,</strong></span> <span class='ocrx_word' id='word_1_186' title='bbox 2729 1081 2835 1135; x_wconf 87' lang='lat' dir='ltr'><strong>nisi</strong></span> <span class='ocrx_word' id='word_1_187' title='bbox 2873 1095 2940 1134; x_wconf 86' lang='lat' dir='ltr'><strong>ex</strong></span> <span class='ocrx_word' id='word_1_188' title='bbox 2975 1077 3178 1132; x_wconf 83' lang='lat' dir='ltr'><strong>Davide</strong></span> <span class='ocrx_word' id='word_1_189' title='bbox 3214 1087 3618 1148; x_wconf 84' lang='lat' dir='ltr'><strong>promanasset,</strong></span> 
     </span>
    </p>
   </div>
   <div class='ocr_carea' id='block_1_27' title="bbox 2040 1169 3620 1241">
    <p class='ocr_par' dir='ltr' id='par_1_27' title="bbox 2040 1169 3620 1241">
     <span class='ocr_line' id='line_1_27' title="bbox 2040 1169 3620 1241; baseline -0.001 -17"><span class='ocrx_word' id='word_1_190' title='bbox 2040 1173 2158 1241; x_wconf 87' lang='lat' dir='ltr'><strong>ipse</strong></span> <span class='ocrx_word' id='word_1_191' title='bbox 2198 1171 2430 1228; x_wconf 82' lang='lat' dir='ltr'><strong>dixisset</strong></span> <span class='ocrx_word' id='word_1_192' title='bbox 2474 1189 2488 1226; x_wconf 86' lang='lat'><strong>:</strong></span> <span class='ocrx_word' id='word_1_193' title='bbox 2533 1171 2694 1226; x_wconf 84' lang='lat' dir='ltr'><strong>Dabit</strong></span> <span class='ocrx_word' id='word_1_194' title='bbox 2747 1173 2796 1226; x_wconf 83' lang='lat' dir='ltr'><strong>ei</strong></span> <span class='ocrx_word' id='word_1_195' title='bbox 2843 1171 2983 1226; x_wconf 85' lang='lat' dir='ltr'><strong>Deus</strong></span> <span class='ocrx_word' id='word_1_196' title='bbox 3030 1171 3206 1224; x_wconf 83' lang='lat' dir='ltr'><strong>sedem</strong></span> <span class='ocrx_word' id='word_1_197' title='bbox 3247 1170 3415 1224; x_wconf 80' lang='lat' dir='ltr'><strong>David</strong></span> <span class='ocrx_word' id='word_1_198' title='bbox 3447 1169 3620 1238; x_wconf 79' lang='lat' dir='ltr'><strong>patris</strong></span> 
     </span>
    </p>
   </div>
   <div class='ocr_carea' id='block_1_28' title="bbox 2039 1262 3622 1333">
    <p class='ocr_par' dir='ltr' id='par_1_28' title="bbox 2039 1262 3622 1333">
     <span class='ocr_line' id='line_1_28' title="bbox 2039 1262 3622 1333; baseline -0.003 -17"><span class='ocrx_word' id='word_1_199' title='bbox 2039 1263 2148 1317; x_wconf 86' lang='lat' dir='ltr'><strong>sui.</strong></span> <span class='ocrx_word' id='word_1_200' title='bbox 2206 1262 2507 1330; x_wconf 84' lang='lat' dir='ltr'><strong>Cujusnam</strong></span> <span class='ocrx_word' id='word_1_201' title='bbox 2547 1265 2696 1317; x_wconf 90' lang='lat' dir='ltr'><strong>enim</strong></span> <span class='ocrx_word' id='word_1_202' title='bbox 2757 1263 2954 1333; x_wconf 86' lang='lat' dir='ltr'><strong>patris,</strong></span> <span class='ocrx_word' id='word_1_203' title='bbox 2988 1265 3182 1316; x_wconf 85' lang='lat' dir='ltr'><strong>merito</strong></span> <span class='ocrx_word' id='word_1_204' title='bbox 3228 1262 3622 1330; x_wconf 85' lang='lat' dir='ltr'><strong>interrogasset</strong></span> 
     </span>
    </p>
   </div>
   <div class='ocr_carea' id='block_1_29' title="bbox 2041 1352 3618 1426">
    <p class='ocr_par' dir='ltr' id='par_1_29' title="bbox 2041 1352 3618 1426">
     <span class='ocr_line' id='line_1_29' title="bbox 2041 1352 3618 1426; baseline -0.003 -18"><span class='ocrx_word' id='word_1_205' title='bbox 2041 1352 2229 1426; x_wconf 78' lang='lat' dir='ltr'><strong>Virgo,</strong></span> <span class='ocrx_word' id='word_1_206' title='bbox 2252 1369 2374 1422; x_wconf 67' lang='lat' dir='ltr'><strong>quae</strong></span> <span class='ocrx_word' id='word_1_207' title='bbox 2403 1353 2772 1410; x_wconf 85' lang='lat' dir='ltr'><strong>conﬁtebatur</strong></span> <span class='ocrx_word' id='word_1_208' title='bbox 2820 1355 3038 1425; x_wconf 89' lang='lat' dir='ltr'><strong>quidem</strong></span> <span class='ocrx_word' id='word_1_209' title='bbox 3080 1355 3223 1422; x_wconf 87' lang='lat' dir='ltr'><strong>quod</strong></span> <span class='ocrx_word' id='word_1_210' title='bbox 3277 1354 3452 1406; x_wconf 86' lang='lat' dir='ltr'><strong>virum</strong></span> <span class='ocrx_word' id='word_1_211' title='bbox 3512 1367 3618 1404; x_wconf 87' lang='lat' dir='ltr'><strong>nott</strong></span> 
     </span>
    </p>
   </div>
   <div class='ocr_carea' id='block_1_30' title="bbox 2039 1441 3620 1518">
    <p class='ocr_par' dir='ltr' id='par_1_30' title="bbox 2039 1441 3620 1518">
     <span class='ocr_line' id='line_1_30' title="bbox 2039 1441 3620 1518; baseline -0.003 -18"><span class='ocrx_word' id='word_1_212' title='bbox 2039 1455 2402 1516; x_wconf 82' lang='lat' dir='ltr'><strong>cognosceret</strong></span> <span class='ocrx_word' id='word_1_213' title='bbox 2447 1448 2814 1518; x_wconf 80' lang='lat' dir='ltr'><strong>(intellexerat</strong></span> <span class='ocrx_word' id='word_1_214' title='bbox 2846 1455 3029 1501; x_wconf 84' lang='lat' dir='ltr'><strong>autem</strong></span> <span class='ocrx_word' id='word_1_215' title='bbox 3074 1445 3190 1499; x_wconf 88' lang='lat' dir='ltr'><strong>fore</strong></span> <span class='ocrx_word' id='word_1_216' title='bbox 3225 1453 3282 1498; x_wconf 85' lang='grc' dir='ltr'><strong>ιιι</strong></span> <span class='ocrx_word' id='word_1_217' title='bbox 3308 1461 3372 1497; x_wconf 76' lang='lat' dir='ltr'><strong>ex</strong></span> <span class='ocrx_word' id='word_1_218' title='bbox 3412 1441 3620 1512; x_wconf 88' lang='lat' dir='ltr'><strong>Spiritu</strong></span> 
     </span>
    </p>
   </div>
   <div class='ocr_carea' id='block_1_31' title="bbox 2041 1534 3620 1610">
    <p class='ocr_par' dir='ltr' id='par_1_31' title="bbox 2041 1534 3620 1610">
     <span class='ocr_line' id='line_1_31' title="bbox 2041 1534 3620 1610; baseline -0.006 -17"><span class='ocrx_word' id='word_1_219' title='bbox 2041 1549 2234 1594; x_wconf 85' lang='lat' dir='ltr'><strong>sancto</strong></span> <span class='ocrx_word' id='word_1_220' title='bbox 2281 1540 2680 1610; x_wconf 84' lang='lat' dir='ltr'><strong>conciperet),</strong></span> <span class='ocrx_word' id='word_1_221' title='bbox 2728 1539 2832 1593; x_wconf 89' lang='lat' dir='ltr'><strong>nisi</strong></span> <span class='ocrx_word' id='word_1_222' title='bbox 2879 1539 3171 1608; x_wconf 87' lang='lat' dir='ltr'><strong>perspicue</strong></span> <span class='ocrx_word' id='word_1_223' title='bbox 3231 1537 3347 1605; x_wconf 93' lang='lat' dir='ltr'><strong>ipse</strong></span> <span class='ocrx_word' id='word_1_224' title='bbox 3404 1535 3467 1588; x_wconf 82' lang='lat' dir='ltr'><strong>ad</strong></span> <span class='ocrx_word' id='word_1_225' title='bbox 3519 1534 3620 1585; x_wconf 83' lang='lat' dir='ltr'><strong>Da-</strong></span> 
     </span>
    </p>
   </div>
   <div class='ocr_carea' id='block_1_32' title="bbox 2044 1623 3620 1694">
    <p class='ocr_par' dir='ltr' id='par_1_32' title="bbox 2044 1623 3620 1694">
     <span class='ocr_line' id='line_1_32' title="bbox 2044 1623 3620 1694; baseline -0.002 -16"><span class='ocrx_word' id='word_1_226' title='bbox 2044 1629 2184 1682; x_wconf 83' lang='lat' dir='ltr'><strong>vidis</strong></span> <span class='ocrx_word' id='word_1_227' title='bbox 2215 1629 2380 1682; x_wconf 84' lang='lat' dir='ltr'><strong>filiam</strong></span> <span class='ocrx_word' id='word_1_228' title='bbox 2414 1629 2768 1694; x_wconf 71' lang='lat' dir='ltr'><strong>loqueretur?</strong></span> <span class='ocrx_word' id='word_1_229' title='bbox 2807 1627 2960 1683; x_wconf 90' lang='lat' dir='ltr'><strong>Unde</strong></span> <span class='ocrx_word' id='word_1_230' title='bbox 2983 1644 3090 1680; x_wconf 88' lang='lat' dir='ltr'><strong>non</strong></span> <span class='ocrx_word' id='word_1_231' title='bbox 3123 1627 3398 1679; x_wconf 86' lang='lat' dir='ltr'><strong>immerito</strong></span> <span class='ocrx_word' id='word_1_232' title='bbox 3424 1641 3450 1674; x_wconf 77' lang='grc' dir='ltr'><strong>ιι</strong></span> <span class='ocrx_word' id='word_1_233' title='bbox 3477 1623 3620 1676; x_wconf 78' lang='lat' dir='ltr'><strong>Luca</strong></span> 
     </span>
    </p>
   </div>
   <div class='ocr_carea' id='block_1_33' title="bbox 2042 1714 3626 1783">
    <p class='ocr_par' dir='ltr' id='par_1_33' title="bbox 2042 1714 3626 1783">
     <span class='ocr_line' id='line_1_33' title="bbox 2042 1714 3626 1783; baseline -0.004 -11"><span class='ocrx_word' id='word_1_234' title='bbox 2042 1717 2252 1772; x_wconf 86' lang='lat' dir='ltr'><strong>dictum</strong></span> <span class='ocrx_word' id='word_1_235' title='bbox 2283 1726 2402 1772; x_wconf 89' lang='lat' dir='ltr'><strong>est:</strong></span> <span class='ocrx_word' id='word_1_236' title='bbox 2439 1717 2692 1772; x_wconf 81' lang='lat' dir='ltr'><strong>Ascendit</strong></span> <span class='ocrx_word' id='word_1_237' title='bbox 2718 1727 2896 1770; x_wconf 86' lang='lat' dir='ltr'><strong>autem</strong></span> <span class='ocrx_word' id='word_1_238' title='bbox 2928 1727 2978 1770; x_wconf 91' lang='lat' dir='ltr'><strong>et</strong></span> <span class='ocrx_word' id='word_1_239' title='bbox 3007 1716 3207 1783; x_wconf 84' lang='lat' dir='ltr'><strong>Joseph</strong></span> <span class='ocrx_word' id='word_1_240' title='bbox 3237 1732 3268 1768; x_wconf 88' lang='lat' dir='ltr'><strong>a</strong></span> <span class='ocrx_word' id='word_1_241' title='bbox 3306 1714 3536 1768; x_wconf 75' lang='lat' dir='ltr'><strong>Galilwa</strong></span> <span class='ocrx_word' id='word_1_242' title='bbox 3561 1729 3626 1766; x_wconf 72' lang='lat' dir='ltr'><strong>ea:</strong></span> 
     </span>
    </p>
   </div>
   <div class='ocr_carea' id='block_1_34' title="bbox 353 1807 1945 1880">
    <p class='ocr_par' dir='ltr' id='par_1_34' title="bbox 353 1807 1934 1880">
     <span class='ocr_line' id='line_1_34' title="bbox 353 1807 1934 1880; baseline 0.001 -18"><span class='ocrx_word' id='word_1_243' title='bbox 353 1811 459 1879; x_wconf 79' lang='grc' dir='ltr'>τῆς</span> <span class='ocrx_word' id='word_1_244' title='bbox 485 1809 582 1862; x_wconf 79' lang='grc' dir='ltr'>σὺν</span> <span class='ocrx_word' id='word_1_245' title='bbox 599 1807 679 1880; x_wconf 83' lang='grc' dir='ltr'><strong>τῷ</strong></span> <span class='ocrx_word' id='word_1_246' title='bbox 715 1810 917 1878; x_wconf 82' lang='grc' dir='ltr'>Ἰωσὴφ</span> <span class='ocrx_word' id='word_1_247' title='bbox 941 1808 1002 1874; x_wconf 80' lang='grc' dir='ltr'>ἐξ</span> <span class='ocrx_word' id='word_1_248' title='bbox 1030 1809 1180 1862; x_wconf 79' lang='grc' dir='ltr'>οἴκου</span> <span class='ocrx_word' id='word_1_249' title='bbox 1211 1809 1305 1864; x_wconf 62' lang='grc' dir='ltr'><strong>καὶ⁵</strong></span> <span class='ocrx_word' id='word_1_250' title='bbox 1337 1810 1572 1878; x_wconf 82' lang='grc' dir='ltr'>πατριᾶς</span> <span class='ocrx_word' id='word_1_251' title='bbox 1597 1807 1780 1874; x_wconf 79' lang='grc' dir='ltr'>Δαὸὶδ,</span> <span class='ocrx_word' id='word_1_252' title='bbox 1833 1809 1934 1878; x_wconf 85' lang='grc' dir='ltr'>τῆς</span> 
     </span>
    </p>
   </div>
   <div class='ocr_carea' id='block_1_35' title="bbox 2049 1807 3624 1880">
    <p class='ocr_par' dir='ltr' id='par_1_35' title="bbox 2049 1807 3624 1878">
     <span class='ocr_line' id='line_1_35' title="bbox 2049 1807 3624 1878; baseline -0.004 -14"><span class='ocrx_word' id='word_1_253' title='bbox 2049 1811 2255 1864; x_wconf 76' lang='lat' dir='ltr'><strong>civitate</strong></span> <span class='ocrx_word' id='word_1_254' title='bbox 2314 1810 2592 1864; x_wconf 81' lang='lat' dir='ltr'><strong>Nazareth</strong></span> <span class='ocrx_word' id='word_1_255' title='bbox 2643 1808 3004 1872; x_wconf 68' lang='lat' dir='ltr'><strong>inludamur,</strong></span> <span class='ocrx_word' id='word_1_256' title='bbox 3061 1819 3118 1862; x_wconf 85' lang='lat' dir='ltr'><strong>ut</strong></span> <span class='ocrx_word' id='word_1_257' title='bbox 3169 1808 3519 1878; x_wconf 76' lang='lat' dir='ltr'><strong>profiteretur</strong></span> <span class='ocrx_word' id='word_1_258' title='bbox 3570 1807 3624 1858; x_wconf 83' lang='lat' dir='ltr'><strong>in</strong></span> 
     </span>
    </p>
   </div>
   <div class='ocr_carea' id='block_1_36' title="bbox 352 1895 1939 1969">
    <p class='ocr_par' dir='ltr' id='par_1_36' title="bbox 352 1895 1939 1969">
     <span class='ocr_line' id='line_1_36' title="bbox 352 1895 1939 1969; baseline -0.005 -13"><span class='ocrx_word' id='word_1_259' title='bbox 352 1899 619 1969; x_wconf 84' lang='grc' dir='ltr'><strong>τοιαύτης</strong></span> <span class='ocrx_word' id='word_1_260' title='bbox 640 1897 938 1969; x_wconf 75' lang='grc' dir='ltr'><strong>ἑρμηνείας</strong></span> <span class='ocrx_word' id='word_1_261' title='bbox 965 1898 1092 1960; x_wconf 76' lang='grc' dir='ltr'>τοὺς</span> <span class='ocrx_word' id='word_1_262' title='bbox 1123 1897 1314 1965; x_wconf 78' lang='grc' dir='ltr'>λόγους</span> <span class='ocrx_word' id='word_1_263' title='bbox 1344 1899 1410 1950; x_wconf 84' lang='grc' dir='ltr'><strong>ἐκ</strong></span> <span class='ocrx_word' id='word_1_264' title='bbox 1450 1895 1562 1948; x_wconf 86' lang='grc' dir='ltr'>τῶν</span> <span class='ocrx_word' id='word_1_265' title='bbox 1609 1896 1939 1966; x_wconf 77' lang='grc' dir='ltr'>ἀποδεδομέ-</span> 
     </span>
    </p>
   </div>
   <div class='ocr_carea' id='block_1_37' title="bbox 355 1984 1936 2059">
    <p class='ocr_par' dir='ltr' id='par_1_37' title="bbox 355 1984 1936 2059">
     <span class='ocr_line' id='line_1_37' title="bbox 355 1984 1936 2059; baseline 0.001 -18"><span class='ocrx_word' id='word_1_266' title='bbox 355 2007 467 2042; x_wconf 84' lang='grc' dir='ltr'><strong>νων</strong></span> <span class='ocrx_word' id='word_1_267' title='bbox 493 1988 728 2059; x_wconf 77' lang='grc' dir='ltr'>ἔχοντες.</span> <span class='ocrx_word' id='word_1_268' title='bbox 753 1987 1030 2058; x_wconf 85' lang='grc' dir='ltr'>Δεδεῖχθαι</span> <span class='ocrx_word' id='word_1_269' title='bbox 1090 1988 1380 2057; x_wconf 79' lang='grc' dir='ltr'>τοιγαροῦν</span> <span class='ocrx_word' id='word_1_270' title='bbox 1427 1984 1615 2057; x_wconf 75' lang='grc' dir='ltr'>σαφῶς</span> <span class='ocrx_word' id='word_1_271' title='bbox 1671 1988 1936 2059; x_wconf 81' lang='grc' dir='ltr'>ἡγοῦμαι,</span> 
     </span>
    </p>
   </div>
   <div class='ocr_carea' id='block_1_38' title="bbox 355 2077 1940 2150">
    <p class='ocr_par' dir='ltr' id='par_1_38' title="bbox 355 2077 1940 2150">
     <span class='ocr_line' id='line_1_38' title="bbox 355 2077 1940 2150; baseline -0.003 -16"><span class='ocrx_word' id='word_1_272' title='bbox 355 2081 446 2134; x_wconf 83' lang='grc' dir='ltr'>ὅτι</span> <span class='ocrx_word' id='word_1_273' title='bbox 503 2078 580 2150; x_wconf 78' lang='grc' dir='ltr'>μὴ</span> <span class='ocrx_word' id='word_1_274' title='bbox 659 2077 838 2148; x_wconf 78' lang='grc' dir='ltr'>μάτην</span> <span class='ocrx_word' id='word_1_275' title='bbox 897 2077 1094 2146; x_wconf 74' lang='grc' dir='ltr'>Ἰωσὴφ</span> <span class='ocrx_word' id='word_1_276' title='bbox 1171 2077 1575 2145; x_wconf 82' lang='grc' dir='ltr'>γενεαλογεῑται</span> <span class='ocrx_word' id='word_1_277' title='bbox 1627 2077 1777 2149; x_wconf 78' lang='grc' dir='ltr'>παρὰ</span> <span class='ocrx_word' id='word_1_278' title='bbox 1826 2081 1940 2142; x_wconf 86' lang='grc' dir='ltr'>τοῖς</span> 
     </span>
    </p>
   </div>
   <div class='ocr_carea' id='block_1_39' title="bbox 359 2160 1942 2239">
    <p class='ocr_par' dir='ltr' id='par_1_39' title="bbox 359 2160 1942 2239">
     <span class='ocr_line' id='line_1_39' title="bbox 359 2160 1942 2239; baseline -0.003 -15"><span class='ocrx_word' id='word_1_279' title='bbox 359 2171 530 2233; x_wconf 80' lang='grc' dir='ltr'>θείοις</span> <span class='ocrx_word' id='word_1_280' title='bbox 579 2169 1014 2239; x_wconf 83' lang='grc' dir='ltr'>εὐαγγελισταῖς,</span> <span class='ocrx_word' id='word_1_281' title='bbox 1061 2160 1106 2236; x_wconf 82' lang='grc' dir='ltr'><strong>ᾧ</strong></span> <span class='ocrx_word' id='word_1_282' title='bbox 1146 2168 1282 2238; x_wconf 81' lang='grc' dir='ltr'>πρὸς</span> <span class='ocrx_word' id='word_1_283' title='bbox 1317 2167 1564 2238; x_wconf 80' lang='grc' dir='ltr'><strong>ἀνάγκης</strong></span> <span class='ocrx_word' id='word_1_284' title='bbox 1588 2167 1684 2220; x_wconf 57' lang='grc' dir='ltr'><strong>καὶ¹</strong></span> <span class='ocrx_word' id='word_1_285' title='bbox 1725 2168 1758 2238; x_wconf 85' lang='grc' dir='ltr'><strong>ἠ</strong></span> <span class='ocrx_word' id='word_1_286' title='bbox 1790 2167 1942 2239; x_wconf 83' lang='grc' dir='ltr'>Παρ-</span> 
     </span>
    </p>
   </div>
   <div class='ocr_carea' id='block_1_40' title="bbox 361 2257 1938 2330">
    <p class='ocr_par' dir='ltr' id='par_1_40' title="bbox 361 2257 1938 2330">
     <span class='ocr_line' id='line_1_40' title="bbox 361 2257 1938 2330; baseline -0.003 -15"><span class='ocrx_word' id='word_1_287' title='bbox 361 2261 514 2324; x_wconf 79' lang='grc' dir='ltr'>θένος</span> <span class='ocrx_word' id='word_1_288' title='bbox 538 2260 806 2328; x_wconf 82' lang='grc' dir='ltr'>ἀπόγονος</span> <span class='ocrx_word' id='word_1_289' title='bbox 829 2259 962 2313; x_wconf 81' lang='grc' dir='ltr'>οὖσα</span> <span class='ocrx_word' id='word_1_290' title='bbox 992 2257 1180 2322; x_wconf 74' lang='grc' dir='ltr'>Δαὸὶδ,</span> <span class='ocrx_word' id='word_1_291' title='bbox 1210 2257 1563 2328; x_wconf 83' lang='grc' dir='ltr'>ἐφεπομένως</span> <span class='ocrx_word' id='word_1_292' title='bbox 1591 2258 1938 2330; x_wconf 80' lang='grc' dir='ltr'>γνωρίζεται,</span> 
     </span>
    </p>
   </div>
   <div class='ocr_carea' id='block_1_41' title="bbox 363 2349 1946 2422">
    <p class='ocr_par' dir='ltr' id='par_1_41' title="bbox 363 2349 1946 2422">
     <span class='ocr_line' id='line_1_41' title="bbox 363 2349 1946 2422; baseline -0.003 -16"><span class='ocrx_word' id='word_1_293' title='bbox 363 2353 460 2406; x_wconf 73' lang='grc' dir='ltr'>καὶ</span> <span class='ocrx_word' id='word_1_294' title='bbox 488 2355 515 2406; x_wconf 91' lang='lat'><strong>6</strong></span> <span class='ocrx_word' id='word_1_295' title='bbox 546 2352 666 2405; x_wconf 88' lang='grc' dir='ltr'>καθ’</span> <span class='ocrx_word' id='word_1_296' title='bbox 699 2351 974 2422; x_wconf 77' lang='grc' dir='ltr'>ὑπεροχὴν</span> <span class='ocrx_word' id='word_1_297' title='bbox 1015 2349 1290 2422; x_wconf 84' lang='grc' dir='ltr'>θαύματος</span> <span class='ocrx_word' id='word_1_298' title='bbox 1319 2349 1380 2416; x_wconf 81' lang='grc' dir='ltr'>ἐξ</span> <span class='ocrx_word' id='word_1_299' title='bbox 1412 2351 1582 2421; x_wconf 84' lang='grc' dir='ltr'>αὐτῆς</span> <span class='ocrx_word' id='word_1_300' title='bbox 1611 2351 1946 2422; x_wconf 80' lang='grc' dir='ltr'>γεγεννημέ-</span> 
     </span>
    </p>
   </div>
   <div class='ocr_carea' id='block_1_42' title="bbox 362 2442 1941 2515">
    <p class='ocr_par' dir='ltr' id='par_1_42' title="bbox 362 2442 1941 2515">
     <span class='ocr_line' id='line_1_42' title="bbox 362 2442 1941 2515; baseline -0.001 -16"><span class='ocrx_word' id='word_1_301' title='bbox 362 2462 456 2508; x_wconf 84' lang='grc' dir='ltr'><strong>νος</strong></span> <span class='ocrx_word' id='word_1_302' title='bbox 505 2443 740 2514; x_wconf 77' lang='grc' dir='ltr'>Χριστὸς</span> <span class='ocrx_word' id='word_1_303' title='bbox 779 2442 1008 2515; x_wconf 87' lang='grc' dir='ltr'>Ἰησοῦς,</span> <span class='ocrx_word' id='word_1_304' title='bbox 1034 2445 1063 2498; x_wconf 85' lang='lat'><strong>6</strong></span> <span class='ocrx_word' id='word_1_305' title='bbox 1107 2442 1200 2498; x_wconf 89' lang='grc' dir='ltr'><strong>τοῦ</strong></span> <span class='ocrx_word' id='word_1_306' title='bbox 1231 2443 1368 2497; x_wconf 87' lang='grc' dir='ltr'>Θεοῦ</span> <span class='ocrx_word' id='word_1_307' title='bbox 1417 2444 1746 2514; x_wconf 85' lang='grc' dir='ltr'>προαιώνιος</span> <span class='ocrx_word' id='word_1_308' title='bbox 1783 2445 1941 2507; x_wconf 88' lang='grc' dir='ltr'>Παῖς.</span> 
     </span>
    </p>
   </div>
   <div class='ocr_carea' id='block_1_43' title="bbox 363 2531 1941 2604">
    <p class='ocr_par' dir='ltr' id='par_1_43' title="bbox 363 2531 1941 2604">
     <span class='ocr_line' id='line_1_43' title="bbox 363 2531 1941 2604; baseline -0.003 -14"><span class='ocrx_word' id='word_1_309' title='bbox 363 2534 478 2590; x_wconf 80' lang='grc' dir='ltr'><strong>Καὶ</strong></span> <span class='ocrx_word' id='word_1_310' title='bbox 506 2535 535 2586; x_wconf 87' lang='grc' dir='ltr'><strong>ὸ</strong></span> <span class='ocrx_word' id='word_1_311' title='bbox 561 2533 772 2597; x_wconf 82' lang='grc' dir='ltr'>τούτοις</span> <span class='ocrx_word' id='word_1_312' title='bbox 815 2531 1121 2602; x_wconf 76' lang='grc' dir='ltr'>ἀντιλέγειν</span> <span class='ocrx_word' id='word_1_313' title='bbox 1175 2532 1538 2604; x_wconf 85' lang='grc' dir='ltr'>πειρώμενος,</span> <span class='ocrx_word' id='word_1_314' title='bbox 1587 2531 1711 2586; x_wconf 80' lang='grc' dir='ltr'>καθ’</span> <span class='ocrx_word' id='word_1_315' title='bbox 1749 2531 1941 2586; x_wconf 81' lang='grc' dir='ltr'>ἑαυτοῦ</span> 
     </span>
    </p>
   </div>
   <div class='ocr_carea' id='block_1_44' title="bbox 363 2621 1946 2698">
    <p class='ocr_par' dir='ltr' id='par_1_44' title="bbox 363 2621 1946 2698">
     <span class='ocr_line' id='line_1_44' title="bbox 363 2621 1946 2698; baseline -0.003 -18"><span class='ocrx_word' id='word_1_316' title='bbox 363 2627 624 2698; x_wconf 73' lang='grc' dir='ltr'>πειρᾶται</span> <span class='ocrx_word' id='word_1_317' title='bbox 659 2623 862 2696; x_wconf 79' lang='grc' dir='ltr'>μᾶλλον</span> <span class='ocrx_word' id='word_1_318' title='bbox 894 2622 988 2678; x_wconf 87' lang='grc' dir='ltr'><strong>τοῦ</strong></span> <span class='ocrx_word' id='word_1_319' title='bbox 1012 2623 1207 2678; x_wconf 78' lang='grc' dir='ltr'>ἑαυτοῦ</span> <span class='ocrx_word' id='word_1_320' title='bbox 1238 2622 1486 2693; x_wconf 87' lang='grc' dir='ltr'>γλώττης</span> <span class='ocrx_word' id='word_1_321' title='bbox 1521 2621 1835 2694; x_wconf 81' lang='grc' dir='ltr'>παραθῆξαι</span> <span class='ocrx_word' id='word_1_322' title='bbox 1884 2622 1946 2676; x_wconf 71' lang='grc' dir='ltr'>τὸ</span> 
     </span>
    </p>
   </div>
   <div class='ocr_carea' id='block_1_45' title="bbox 362 2712 1946 2788">
    <p class='ocr_par' dir='ltr' id='par_1_45' title="bbox 362 2712 1946 2788">
     <span class='ocr_line' id='line_1_45' title="bbox 362 2712 1946 2788; baseline -0.001 -19"><span class='ocrx_word' id='word_1_323' title='bbox 362 2719 538 2788; x_wconf 75' lang='grc' dir='ltr'>ξίφος,</span> <span class='ocrx_word' id='word_1_324' title='bbox 573 2717 666 2772; x_wconf 76' lang='grc' dir='ltr'>καὶ</span> <span class='ocrx_word' id='word_1_325' title='bbox 699 2716 862 2788; x_wconf 80' lang='grc' dir='ltr'>ἱερῶν</span> <span class='ocrx_word' id='word_1_326' title='bbox 900 2715 1004 2784; x_wconf 79' lang='grc' dir='ltr'><strong>ἔξω</strong></span> <span class='ocrx_word' id='word_1_327' title='bbox 1032 2715 1130 2787; x_wconf 81' lang='grc' dir='ltr'>τῆς</span> <span class='ocrx_word' id='word_1_328' title='bbox 1156 2713 1434 2786; x_wconf 78' lang='grc' dir='ltr'>ἡμετέρας</span> <span class='ocrx_word' id='word_1_329' title='bbox 1483 2712 1654 2784; x_wconf 87' lang='grc' dir='ltr'>αύλῆς</span> <span class='ocrx_word' id='word_1_330' title='bbox 1703 2713 1946 2786; x_wconf 54' lang='lat' dir='ltr'><strong>septena;</strong></span> 
     </span>
    </p>
   </div>
   <div class='ocr_carea' id='block_1_46' title="bbox 361 2801 1944 2880">
    <p class='ocr_par' dir='ltr' id='par_1_46' title="bbox 361 2801 1944 2880">
     <span class='ocr_line' id='line_1_46' title="bbox 361 2801 1944 2880; baseline -0.003 -18"><span class='ocrx_word' id='word_1_331' title='bbox 361 2807 569 2880; x_wconf 80' lang='grc' dir='ltr'>θυρῶν.</span> <span class='ocrx_word' id='word_1_332' title='bbox 614 2807 776 2878; x_wconf 86' lang='grc' dir='ltr'>Ἦμῖν</span> <span class='ocrx_word' id='word_1_333' title='bbox 824 2807 881 2860; x_wconf 81' lang='grc' dir='ltr'>δὲ</span> <span class='ocrx_word' id='word_1_334' title='bbox 905 2801 988 2872; x_wconf 73' lang='grc' dir='ltr'><strong>οἷς</strong></span> <span class='ocrx_word' id='word_1_335' title='bbox 1020 2808 1047 2861; x_wconf 91' lang='lat'><strong>6</strong></span> <span class='ocrx_word' id='word_1_336' title='bbox 1077 2805 1172 2862; x_wconf 87' lang='grc' dir='ltr'><strong>τοῦ</strong></span> <span class='ocrx_word' id='word_1_337' title='bbox 1205 2805 1343 2859; x_wconf 88' lang='grc' dir='ltr'>Θεοῦ</span> <span class='ocrx_word' id='word_1_338' title='bbox 1372 2805 1546 2874; x_wconf 87' lang='grc' dir='ltr'>Λόγος</span> <span class='ocrx_word' id='word_1_339' title='bbox 1577 2801 1944 2875; x_wconf 78' lang='grc' dir='ltr'><strong>ἐξαπεστάλη,</strong></span> 
     </span>
    </p>
   </div>
   <div class='ocr_carea' id='block_1_47' title="bbox 361 2895 1947 2972">
    <p class='ocr_par' dir='ltr' id='par_1_47' title="bbox 361 2895 1947 2972">
     <span class='ocr_line' id='line_1_47' title="bbox 361 2895 1947 2972; baseline -0.003 -19"><span class='ocrx_word' id='word_1_340' title='bbox 361 2901 398 2972; x_wconf 81' lang='grc' dir='ltr'><strong>ὴ</strong></span> <span class='ocrx_word' id='word_1_341' title='bbox 425 2899 586 2972; x_wconf 78' lang='grc' dir='ltr'>χάρις</span> <span class='ocrx_word' id='word_1_342' title='bbox 627 2899 724 2952; x_wconf 75' lang='grc' dir='ltr'>καὶ</span> <span class='ocrx_word' id='word_1_343' title='bbox 762 2899 796 2970; x_wconf 80' lang='grc' dir='ltr'><strong>ἡ</strong></span> <span class='ocrx_word' id='word_1_344' title='bbox 828 2897 1081 2969; x_wconf 81' lang='grc' dir='ltr'>ἀλήθεια,</span> <span class='ocrx_word' id='word_1_345' title='bbox 1111 2897 1277 2968; x_wconf 78' lang='grc' dir='ltr'>μηδὲν</span> <span class='ocrx_word' id='word_1_346' title='bbox 1305 2897 1389 2952; x_wconf 83' lang='grc' dir='ltr'>ὅτι</span> <span class='ocrx_word' id='word_1_347' title='bbox 1437 2897 1598 2950; x_wconf 81' lang='grc' dir='ltr'>πλέον</span> <span class='ocrx_word' id='word_1_348' title='bbox 1633 2895 1742 2950; x_wconf 86' lang='grc' dir='ltr'><strong>τῶν</strong></span> <span class='ocrx_word' id='word_1_349' title='bbox 1790 2899 1947 2968; x_wconf 81' lang='grc' dir='ltr'>εἰρη-</span> 
     </span>
    </p>
   </div>
   <div class='ocr_carea' id='block_1_48' title="bbox 365 2987 1948 3064">
    <p class='ocr_par' dir='ltr' id='par_1_48' title="bbox 365 2987 1948 3064">
     <span class='ocr_line' id='line_1_48' title="bbox 365 2987 1948 3064; baseline -0.003 -18"><span class='ocrx_word' id='word_1_350' title='bbox 365 2993 548 3064; x_wconf 77' lang='grc' dir='ltr'>μένων</span> <span class='ocrx_word' id='word_1_351' title='bbox 571 2991 776 3058; x_wconf 78' lang='grc' dir='ltr'><strong>ἐξέστω</strong></span> <span class='ocrx_word' id='word_1_352' title='bbox 804 2990 1204 3062; x_wconf 78' lang='grc' dir='ltr'>διερευνᾶσθαι,</span> <span class='ocrx_word' id='word_1_353' title='bbox 1251 2988 1353 3059; x_wconf 80' lang='grc' dir='ltr'>τῆς</span> <span class='ocrx_word' id='word_1_354' title='bbox 1381 2987 1531 3053; x_wconf 81' lang='grc' dir='ltr'>θείας</span> <span class='ocrx_word' id='word_1_355' title='bbox 1563 2991 1696 3060; x_wconf 81' lang='grc' dir='ltr'>ἡμῖν</span> <span class='ocrx_word' id='word_1_356' title='bbox 1723 2989 1948 3061; x_wconf 80' lang='grc' dir='ltr'>Γραφῆς</span> 
     </span>
    </p>
   </div>
   <div class='ocr_carea' id='block_1_49' title="bbox 359 3081 1944 3157">
    <p class='ocr_par' dir='ltr' id='par_1_49' title="bbox 359 3081 1944 3157">
     <span class='ocr_line' id='line_1_49' title="bbox 359 3081 1944 3157; baseline 0 -19"><span class='ocrx_word' id='word_1_357' title='bbox 359 3083 820 3157; x_wconf 65' lang='grc' dir='ltr'>ἁποφραττούσης</span> <span class='ocrx_word' id='word_1_358' title='bbox 835 3082 942 3138; x_wconf 84' lang='grc' dir='ltr'><strong>τῶν</strong></span> <span class='ocrx_word' id='word_1_359' title='bbox 976 3081 1290 3155; x_wconf 84' lang='grc' dir='ltr'>βαθυτέρων</span> <span class='ocrx_word' id='word_1_360' title='bbox 1315 3081 1412 3154; x_wconf 78' lang='grc' dir='ltr'>τὴν</span> <span class='ocrx_word' id='word_1_361' title='bbox 1440 3081 1634 3154; x_wconf 76' lang='grc' dir='ltr'>ἔρευνα</span> <span class='ocrx_word' id='word_1_362' title='bbox 1644 3099 1687 3137; x_wconf 83' lang='grc' dir='ltr'>ν.</span> <span class='ocrx_word' id='word_1_363' title='bbox 1723 3085 1790 3140; x_wconf 81' lang='grc' dir='ltr'>Ἃ</span> <span class='ocrx_word' id='word_1_364' title='bbox 1817 3083 1944 3155; x_wconf 82' lang='grc' dir='ltr'>γὰρ,</span> 
     </span>
    </p>
   </div>
   <div class='ocr_carea' id='block_1_50' title="bbox 2042 1897 3626 1970">
    <p class='ocr_par' dir='ltr' id='par_1_50' title="bbox 2042 1897 3626 1970">
     <span class='ocr_line' id='line_1_50' title="bbox 2042 1897 3626 1970; baseline -0.004 -16"><span class='ocrx_word' id='word_1_365' title='bbox 2042 1903 2255 1956; x_wconf 82' lang='lat' dir='ltr'><strong>civitate</strong></span> <span class='ocrx_word' id='word_1_366' title='bbox 2299 1900 2492 1966; x_wconf 86' lang='lat' dir='ltr'><strong>David,</strong></span> <span class='ocrx_word' id='word_1_367' title='bbox 2528 1917 2645 1970; x_wconf 67' lang='lat' dir='ltr'><strong>quae</strong></span> <span class='ocrx_word' id='word_1_368' title='bbox 2665 1910 2886 1956; x_wconf 73' lang='lat' dir='ltr'><strong>vocatur</strong></span> <span class='ocrx_word' id='word_1_369' title='bbox 2930 1899 3221 1960; x_wconf 77' lang='lat' dir='ltr'><strong>Bethleem,</strong></span> <span class='ocrx_word' id='word_1_370' title='bbox 3254 1915 3313 1952; x_wconf 78' lang='lat' dir='ltr'><strong>eo</strong></span> <span class='ocrx_word' id='word_1_371' title='bbox 3341 1897 3478 1966; x_wconf 84' lang='lat' dir='ltr'><strong>quod</strong></span> <span class='ocrx_word' id='word_1_372' title='bbox 3517 1897 3626 1961; x_wconf 72' lang='lat' dir='ltr'><strong>ipse</strong></span> 
     </span>
    </p>
   </div>
   <div class='ocr_carea' id='block_1_51' title="bbox 2038 1987 3626 2060">
    <p class='ocr_par' dir='ltr' id='par_1_51' title="bbox 2038 1987 3626 2060">
     <span class='ocr_line' id='line_1_51' title="bbox 2038 1987 3626 2060; baseline -0.003 -18"><span class='ocrx_word' id='word_1_373' title='bbox 2038 2000 2175 2044; x_wconf 83' lang='lat' dir='ltr'><strong>esset</strong></span> <span class='ocrx_word' id='word_1_374' title='bbox 2197 1991 2260 2043; x_wconf 87' lang='lat' dir='ltr'><strong>de</strong></span> <span class='ocrx_word' id='word_1_375' title='bbox 2289 1989 2447 2045; x_wconf 86' lang='lat' dir='ltr'><strong>domo</strong></span> <span class='ocrx_word' id='word_1_376' title='bbox 2477 2001 2526 2045; x_wconf 89' lang='lat' dir='ltr'><strong>et</strong></span> <span class='ocrx_word' id='word_1_377' title='bbox 2557 1991 2769 2060; x_wconf 80' lang='lat' dir='ltr'><strong>familia</strong></span> <span class='ocrx_word' id='word_1_378' title='bbox 2809 1989 3001 2054; x_wconf 78' lang='lat' dir='ltr'><strong>David,</strong></span> <span class='ocrx_word' id='word_1_379' title='bbox 3038 2007 3156 2043; x_wconf 84' lang='lat' dir='ltr'><strong>cum</strong></span> <span class='ocrx_word' id='word_1_380' title='bbox 3195 1987 3372 2042; x_wconf 78' lang='lat' dir='ltr'><strong>Maria</strong></span> <span class='ocrx_word' id='word_1_381' title='bbox 3403 1991 3626 2054; x_wconf 80' lang='lat' dir='ltr'><strong>despon-</strong></span> 
     </span>
    </p>
   </div>
   <div class='ocr_carea' id='block_1_52' title="bbox 2042 2081 3626 2154">
    <p class='ocr_par' dir='ltr' id='par_1_52' title="bbox 2042 2081 3626 2154">
     <span class='ocr_line' id='line_1_52' title="bbox 2042 2081 3626 2154; baseline -0.004 -16"><span class='ocrx_word' id='word_1_382' title='bbox 2042 2091 2163 2138; x_wconf 82' lang='lat' dir='ltr'><strong>sata</strong></span> <span class='ocrx_word' id='word_1_383' title='bbox 2185 2084 2306 2144; x_wconf 84' lang='lat' dir='ltr'><strong>st&#39;bt&#39;,</strong></span> <span class='ocrx_word' id='word_1_384' title='bbox 2331 2092 2641 2154; x_wconf 74' lang='lat' dir='ltr'><strong>prazgnaute</strong></span> <span class='ocrx_word' id='word_1_385' title='bbox 2669 2093 2719 2137; x_wconf 82' lang='lat' dir='ltr'><strong>P.</strong></span> <span class='ocrx_word' id='word_1_386' title='bbox 2767 2081 2888 2135; x_wconf 86' lang='lat' dir='ltr'><strong>Non</strong></span> <span class='ocrx_word' id='word_1_387' title='bbox 2933 2082 3079 2135; x_wconf 87' lang='lat' dir='ltr'><strong>enim</strong></span> <span class='ocrx_word' id='word_1_388' title='bbox 3116 2089 3438 2150; x_wconf 68' lang='lat' dir='ltr'><strong>praesentem</strong></span> <span class='ocrx_word' id='word_1_389' title='bbox 3483 2081 3626 2132; x_wconf 86' lang='lat' dir='ltr'><strong>hunc</strong></span> 
     </span>
    </p>
   </div>
   <div class='ocr_carea' id='block_1_53' title="bbox 2042 2171 3627 2246">
    <p class='ocr_par' dir='ltr' id='par_1_53' title="bbox 2042 2171 3627 2246">
     <span class='ocr_line' id='line_1_53' title="bbox 2042 2171 3627 2246; baseline -0.005 -16"><span class='ocrx_word' id='word_1_390' title='bbox 2042 2175 2226 2230; x_wconf 89' lang='lat' dir='ltr'><strong>locum</strong></span> <span class='ocrx_word' id='word_1_391' title='bbox 2255 2176 2476 2246; x_wconf 85' lang='lat' dir='ltr'><strong>ancipiti</strong></span> <span class='ocrx_word' id='word_1_392' title='bbox 2532 2191 2702 2230; x_wconf 87' lang='lat' dir='ltr'><strong>sensu</strong></span> <span class='ocrx_word' id='word_1_393' title='bbox 2735 2173 3002 2244; x_wconf 80' lang='lat' dir='ltr'><strong>legemus,</strong></span> <span class='ocrx_word' id='word_1_394' title='bbox 3053 2181 3316 2240; x_wconf 79' lang='lat' dir='ltr'><strong>tanquam</strong></span> <span class='ocrx_word' id='word_1_395' title='bbox 3363 2171 3530 2224; x_wconf 82' lang='lat' dir='ltr'><strong>Maria</strong></span> <span class='ocrx_word' id='word_1_396' title='bbox 3561 2187 3627 2223; x_wconf 76' lang='lat' dir='ltr'><strong>eo</strong></span> 
     </span>
    </p>
   </div>
   <div class='ocr_carea' id='block_1_54' title="bbox 2043 2260 3628 2332">
    <p class='ocr_par' dir='ltr' id='par_1_54' title="bbox 2043 2260 3628 2332">
     <span class='ocr_line' id='line_1_54' title="bbox 2043 2260 3628 2332; baseline -0.006 -13"><span class='ocrx_word' id='word_1_397' title='bbox 2043 2264 2312 2319; x_wconf 78' lang='lat' dir='ltr'><strong>duntaxat</strong></span> <span class='ocrx_word' id='word_1_398' title='bbox 2367 2266 2596 2320; x_wconf 88' lang='lat' dir='ltr'><strong>nomine</strong></span> <span class='ocrx_word' id='word_1_399' title='bbox 2647 2279 2752 2318; x_wconf 87' lang='lat' dir='ltr'><strong>una</strong></span> <span class='ocrx_word' id='word_1_400' title='bbox 2811 2279 2937 2318; x_wconf 90' lang='lat' dir='ltr'><strong>cum</strong></span> <span class='ocrx_word' id='word_1_401' title='bbox 2969 2277 3036 2317; x_wconf 92' lang='lat' dir='ltr'><strong>eo</strong></span> <span class='ocrx_word' id='word_1_402' title='bbox 3069 2260 3314 2332; x_wconf 88' lang='lat' dir='ltr'><strong>profecta</strong></span> <span class='ocrx_word' id='word_1_403' title='bbox 3345 2269 3516 2322; x_wconf 80' lang='lat' dir='ltr'><strong>esset,</strong></span> <span class='ocrx_word' id='word_1_404' title='bbox 3568 2267 3628 2310; x_wconf 90' lang='lat' dir='ltr'><strong>ut</strong></span> 
     </span>
    </p>
   </div>
   <div class='ocr_carea' id='block_1_55' title="bbox 2045 2351 3626 2431">
    <p class='ocr_par' dir='ltr' id='par_1_55' title="bbox 2045 2351 3626 2431">
     <span class='ocr_line' id='line_1_55' title="bbox 2045 2351 3626 2431; baseline -0.005 -21"><span class='ocrx_word' id='word_1_405' title='bbox 2045 2371 2246 2412; x_wconf 87' lang='lat' dir='ltr'><strong>nomen</strong></span> <span class='ocrx_word' id='word_1_406' title='bbox 2266 2371 2425 2412; x_wconf 90' lang='lat' dir='ltr'><strong>suum</strong></span> <span class='ocrx_word' id='word_1_407' title='bbox 2456 2356 2830 2426; x_wconf 87' lang='lat' dir='ltr'><strong>proﬁteretur,</strong></span> <span class='ocrx_word' id='word_1_408' title='bbox 2853 2363 3135 2431; x_wconf 61' lang='lat' dir='ltr'><strong>verum_‘nt</strong></span> <span class='ocrx_word' id='word_1_409' title='bbox 3165 2369 3286 2423; x_wconf 80' lang='lat' dir='ltr'><strong>qtne</strong></span> <span class='ocrx_word' id='word_1_410' title='bbox 3318 2354 3482 2406; x_wconf 84' lang='lat' dir='ltr'><strong>etiam</strong></span> <span class='ocrx_word' id='word_1_411' title='bbox 3509 2351 3626 2419; x_wconf 81' lang='lat' dir='ltr'><strong>ipsa</strong></span> 
     </span>
    </p>
   </div>
   <div class='ocr_carea' id='block_1_56' title="bbox 2045 2441 3626 2518">
    <p class='ocr_par' dir='ltr' id='par_1_56' title="bbox 2045 2441 3626 2518">
     <span class='ocr_line' id='line_1_56' title="bbox 2045 2441 3626 2518; baseline -0.005 -16"><span class='ocrx_word' id='word_1_412' title='bbox 2045 2463 2152 2502; x_wconf 91' lang='lat' dir='ltr'><strong>una</strong></span> <span class='ocrx_word' id='word_1_413' title='bbox 2199 2464 2324 2502; x_wconf 83' lang='lat' dir='ltr'><strong>cum</strong></span> <span class='ocrx_word' id='word_1_414' title='bbox 2373 2445 2616 2518; x_wconf 81' lang='lat' dir='ltr'><strong>Josepho</strong></span> <span class='ocrx_word' id='word_1_415' title='bbox 2667 2447 2737 2502; x_wconf 87' lang='lat' dir='ltr'><strong>de</strong></span> <span class='ocrx_word' id='word_1_416' title='bbox 2795 2446 3018 2500; x_wconf 81' lang='lat' dir='ltr'><strong>Dnvidis</strong></span> <span class='ocrx_word' id='word_1_417' title='bbox 3081 2445 3246 2498; x_wconf 82' lang='grc' dir='ltr'>(Ιοιιιο</span> <span class='ocrx_word' id='word_1_418' title='bbox 3297 2459 3362 2498; x_wconf 87' lang='lat' dir='ltr'><strong>ac</strong></span> <span class='ocrx_word' id='word_1_419' title='bbox 3423 2441 3626 2496; x_wconf 81' lang='lat' dir='ltr'><strong>familia</strong></span> 
     </span>
    </p>
   </div>
   <div class='ocr_carea' id='block_1_57' title="bbox 2043 2535 3624 2609">
    <p class='ocr_par' dir='ltr' id='par_1_57' title="bbox 2043 2535 3624 2609">
     <span class='ocr_line' id='line_1_57' title="bbox 2043 2535 3624 2609; baseline -0.009 -10"><span class='ocrx_word' id='word_1_420' title='bbox 2043 2549 2207 2599; x_wconf 84' lang='lat' dir='ltr'><strong>esset.</strong></span> <span class='ocrx_word' id='word_1_421' title='bbox 2257 2539 2499 2609; x_wconf 80' lang='lat' dir='ltr'><strong>Hujusce</strong></span> <span class='ocrx_word' id='word_1_422' title='bbox 2546 2539 2751 2608; x_wconf 83' lang='lat' dir='ltr'><strong>quippe</strong></span> <span class='ocrx_word' id='word_1_423' title='bbox 2796 2536 3278 2607; x_wconf 83' lang='lat' dir='ltr'><strong>interpretationis</strong></span> <span class='ocrx_word' id='word_1_424' title='bbox 3331 2535 3624 2598; x_wconf 83' lang='lat' dir='ltr'><strong>rationem,</strong></span> 
     </span>
    </p>
   </div>
   <div class='ocr_carea' id='block_1_58' title="bbox 2043 2625 3628 2702">
    <p class='ocr_par' dir='ltr' id='par_1_58' title="bbox 2043 2625 3628 2702">
     <span class='ocr_line' id='line_1_58' title="bbox 2043 2625 3628 2702; baseline -0.006 -16"><span class='ocrx_word' id='word_1_425' title='bbox 2043 2645 2113 2686; x_wconf 83' lang='lat' dir='ltr'><strong>ex</strong></span> <span class='ocrx_word' id='word_1_426' title='bbox 2145 2631 2232 2686; x_wconf 83' lang='lat' dir='ltr'><strong>his</strong></span> <span class='ocrx_word' id='word_1_427' title='bbox 2273 2645 2394 2702; x_wconf 65' lang='lat' dir='ltr'><strong>quas</strong></span> <span class='ocrx_word' id='word_1_428' title='bbox 2421 2629 2476 2684; x_wconf 89' lang='lat' dir='ltr'><strong>in</strong></span> <span class='ocrx_word' id='word_1_429' title='bbox 2509 2629 2780 2700; x_wconf 88' lang='lat' dir='ltr'><strong>superiori</strong></span> <span class='ocrx_word' id='word_1_430' title='bbox 2818 2638 2966 2684; x_wconf 78' lang='lat' dir='ltr'><strong>textu</strong></span> <span class='ocrx_word' id='word_1_431' title='bbox 2992 2629 3428 2696; x_wconf 83' lang='lat' dir='ltr'><strong>subsequuntur,</strong></span> <span class='ocrx_word' id='word_1_432' title='bbox 3458 2625 3628 2677; x_wconf 84' lang='lat' dir='ltr'><strong>habe-</strong></span> 
     </span>
    </p>
   </div>
   <div class='ocr_carea' id='block_1_59' title="bbox 2046 2717 3628 2799">
    <p class='ocr_par' dir='ltr' id='par_1_59' title="bbox 2046 2717 3628 2799">
     <span class='ocr_line' id='line_1_59' title="bbox 2046 2717 3628 2799; baseline -0.006 -23"><span class='ocrx_word' id='word_1_433' title='bbox 2046 2737 2192 2778; x_wconf 88' lang='lat' dir='ltr'><strong>mus.</strong></span> <span class='ocrx_word' id='word_1_434' title='bbox 2261 2721 2547 2777; x_wconf 80' lang='lat' dir='ltr'><strong>Manifeste</strong></span> <span class='ocrx_word' id='word_1_435' title='bbox 2595 2722 2764 2792; x_wconf 80' lang='lat' dir='ltr'><strong>igitur</strong></span> <span class='ocrx_word' id='word_1_436' title='bbox 2817 2730 3104 2776; x_wconf 89' lang='lat' dir='ltr'><strong>ostensum</strong></span> <span class='ocrx_word' id='word_1_437' title='bbox 3159 2733 3292 2799; x_wconf 72' lang='lat' dir='ltr'><strong>esse</strong></span> <span class='ocrx_word' id='word_1_438' title='bbox 3363 2717 3628 2780; x_wconf 80' lang='lat' dir='ltr'><strong>arbitror,</strong></span> 
     </span>
    </p>
   </div>
   <div class='ocr_carea' id='block_1_60' title="bbox 2045 2809 3631 2885">
    <p class='ocr_par' dir='ltr' id='par_1_60' title="bbox 2045 2809 3631 2885">
     <span class='ocr_line' id='line_1_60' title="bbox 2045 2809 3631 2885; baseline -0.006 -17"><span class='ocrx_word' id='word_1_439' title='bbox 2045 2811 2268 2884; x_wconf 86' lang='lat' dir='ltr'><strong>Josephi</strong></span> <span class='ocrx_word' id='word_1_440' title='bbox 2304 2828 2478 2885; x_wconf 77' lang='lat' dir='ltr'><strong>genus</strong></span> <span class='ocrx_word' id='word_1_441' title='bbox 2508 2812 2650 2882; x_wconf 92' lang='lat' dir='ltr'><strong>apud</strong></span> <span class='ocrx_word' id='word_1_442' title='bbox 2679 2812 3048 2882; x_wconf 80' lang='lat' dir='ltr'><strong>evangelistas</strong></span> <span class='ocrx_word' id='word_1_443' title='bbox 3071 2825 3178 2864; x_wconf 90' lang='lat' dir='ltr'><strong>non</strong></span> <span class='ocrx_word' id='word_1_444' title='bbox 3215 2809 3415 2864; x_wconf 88' lang='lat' dir='ltr'><strong>frustra</strong></span> <span class='ocrx_word' id='word_1_445' title='bbox 3443 2821 3631 2860; x_wconf 84' lang='lat' dir='ltr'><strong>recen-</strong></span> 
     </span>
    </p>
   </div>
   <div class='ocr_carea' id='block_1_61' title="bbox 2049 2896 3633 2974">
    <p class='ocr_par' dir='ltr' id='par_1_61' title="bbox 2049 2896 3633 2974">
     <span class='ocr_line' id='line_1_61' title="bbox 2049 2896 3633 2974; baseline -0.006 -13"><span class='ocrx_word' id='word_1_446' title='bbox 2049 2905 2179 2970; x_wconf 88' lang='lat' dir='ltr'><strong>seri,</strong></span> <span class='ocrx_word' id='word_1_447' title='bbox 2221 2919 2286 2960; x_wconf 79' lang='lat' dir='ltr'><strong>ex</strong></span> <span class='ocrx_word' id='word_1_448' title='bbox 2325 2921 2434 2974; x_wconf 87' lang='lat' dir='ltr'><strong>quo</strong></span> <span class='ocrx_word' id='word_1_449' title='bbox 2477 2905 2800 2961; x_wconf 89' lang='lat' dir='ltr'><strong>necessario</strong></span> <span class='ocrx_word' id='word_1_450' title='bbox 2849 2903 3015 2974; x_wconf 84' lang='lat' dir='ltr'><strong>Virgo</strong></span> <span class='ocrx_word' id='word_1_451' title='bbox 3069 2915 3292 2972; x_wconf 90' lang='lat' dir='ltr'><strong>quoque</strong></span> <span class='ocrx_word' id='word_1_452' title='bbox 3344 2915 3373 2952; x_wconf 90' lang='lat' dir='ltr'><strong>a</strong></span> <span class='ocrx_word' id='word_1_453' title='bbox 3430 2896 3633 2952; x_wconf 77' lang='lat' dir='ltr'><strong>llavide</strong></span> 
     </span>
    </p>
   </div>
   <div class='ocr_carea' id='block_1_62' title="bbox 2049 2987 3630 3066">
    <p class='ocr_par' dir='ltr' id='par_1_62' title="bbox 2049 2987 3630 3066">
     <span class='ocr_line' id='line_1_62' title="bbox 2049 2987 3630 3066; baseline -0.005 -18"><span class='ocrx_word' id='word_1_454' title='bbox 2049 2994 2282 3050; x_wconf 88' lang='lat' dir='ltr'><strong>oriunda</strong></span> <span class='ocrx_word' id='word_1_455' title='bbox 2313 3009 2436 3051; x_wconf 86' lang='lat' dir='ltr'><strong>esse</strong></span> <span class='ocrx_word' id='word_1_456' title='bbox 2461 3010 2557 3066; x_wconf 89' lang='lat' dir='ltr'><strong>per</strong></span> <span class='ocrx_word' id='word_1_457' title='bbox 2577 2994 3030 3050; x_wconf 86' lang='lat' dir='ltr'><strong>consecutionem</strong></span> <span class='ocrx_word' id='word_1_458' title='bbox 3068 2991 3417 3060; x_wconf 77' lang='lat' dir='ltr'><strong>intelligitur,</strong></span> <span class='ocrx_word' id='word_1_459' title='bbox 3460 2996 3515 3042; x_wconf 92' lang='lat' dir='ltr'><strong>ct</strong></span> <span class='ocrx_word' id='word_1_460' title='bbox 3539 2987 3630 3056; x_wconf 85' lang='lat' dir='ltr'><strong>qui</strong></span> 
     </span>
    </p>
   </div>
   <div class='ocr_carea' id='block_1_63' title="bbox 2049 3079 3630 3155">
    <p class='ocr_par' dir='ltr' id='par_1_63' title="bbox 2049 3079 3630 3155">
     <span class='ocr_line' id='line_1_63' title="bbox 2049 3079 3630 3155; baseline -0.003 -16"><span class='ocrx_word' id='word_1_461' title='bbox 2049 3085 2388 3155; x_wconf 62' lang='lat' dir='ltr'><strong>praecellenti</strong></span> <span class='ocrx_word' id='word_1_462' title='bbox 2423 3086 2694 3141; x_wconf 86' lang='lat' dir='ltr'><strong>miraculo</strong></span> <span class='ocrx_word' id='word_1_463' title='bbox 2721 3102 2786 3140; x_wconf 76' lang='lat' dir='ltr'><strong>ex</strong></span> <span class='ocrx_word' id='word_1_464' title='bbox 2823 3085 2940 3155; x_wconf 87' lang='lat' dir='ltr'><strong>ipsa</strong></span> <span class='ocrx_word' id='word_1_465' title='bbox 2989 3083 3208 3154; x_wconf 84' lang='lat' dir='ltr'><strong>genitus</strong></span> <span class='ocrx_word' id='word_1_466' title='bbox 3245 3090 3328 3136; x_wconf 89' lang='lat' dir='ltr'><strong>est</strong></span> <span class='ocrx_word' id='word_1_467' title='bbox 3357 3079 3630 3142; x_wconf 85' lang='lat' dir='ltr'><strong>Christus,</strong></span> 
     </span>
    </p>
   </div>
   <div class='ocr_carea' id='block_1_64' title="bbox 363 3147 1945 3247">
    <p class='ocr_par' dir='ltr' id='par_1_64' title="bbox 363 3147 1945 3246">
     <span class='ocr_line' id='line_1_64' title="bbox 363 3147 1945 3246; baseline -0.015 -6"><span class='ocrx_word' id='word_1_468' title='bbox 363 3147 530 3246; x_wconf 61' lang='grc' dir='ltr'>φησίξ</span> <span class='ocrx_word' id='word_1_469' title='bbox 553 3147 897 3244; x_wconf 47' lang='lat' dir='ltr'><strong>“peccarim</strong></span> <span class='ocrx_word' id='word_1_470' title='bbox 920 3147 1044 3238; x_wconf 75' lang='grc' dir='ltr'>σοι,</span> <span class='ocrx_word' id='word_1_471' title='bbox 1074 3147 1264 3228; x_wconf 42' lang='grc' dir='ltr'>ταῦ-τα</span> <span class='ocrx_word' id='word_1_472' title='bbox 1293 3147 1564 3238; x_wconf 74' lang='grc' dir='ltr'>διανοοῦ,</span> <span class='ocrx_word' id='word_1_473' title='bbox 1586 3171 1686 3226; x_wconf 81' lang='grc' dir='ltr'>καὶ</span> <span class='ocrx_word' id='word_1_474' title='bbox 1711 3147 1945 3242; x_wconf 55' lang='lat' dir='ltr'><strong>tau-tina;</strong></span> 
     </span>
    </p>
   </div>
   <div class='ocr_carea' id='block_1_65' title="bbox 2049 3147 3634 3247">
    <p class='ocr_par' dir='ltr' id='par_1_65' title="bbox 2053 3147 3634 3247">
     <span class='ocr_line' id='line_1_65' title="bbox 2053 3147 3634 3247; baseline -0.005 -15"><span class='ocrx_word' id='word_1_475' title='bbox 2053 3147 2476 3234; x_wconf 69' lang='lat' dir='ltr'><strong>antesa-cularis</strong></span> <span class='ocrx_word' id='word_1_476' title='bbox 2523 3177 2620 3232; x_wconf 90' lang='lat' dir='ltr'><strong>Dei</strong></span> <span class='ocrx_word' id='word_1_477' title='bbox 2647 3147 2940 3233; x_wconf 30' lang='lat' dir='ltr'><strong>FiliusIAc</strong></span> <span class='ocrx_word' id='word_1_478' title='bbox 2964 3147 3219 3247; x_wconf 45' lang='lat' dir='ltr'><strong>q&#39;uisquis</strong></span> <span class='ocrx_word' id='word_1_479' title='bbox 3249 3175 3336 3228; x_wconf 87' lang='lat' dir='ltr'><strong>his</strong></span> <span class='ocrx_word' id='word_1_480' title='bbox 3355 3171 3634 3226; x_wconf 80' lang='lat' dir='ltr'><strong>adversari</strong></span> 
     </span>
    </p>
   </div>
   <div class='ocr_carea' id='block_1_66' title="bbox 359 3264 960 3338">
    <p class='ocr_par' dir='ltr' id='par_1_66' title="bbox 359 3264 960 3338">
     <span class='ocr_line' id='line_1_66' title="bbox 359 3264 960 3338; baseline -0.003 -17"><span class='ocrx_word' id='word_1_481' title='bbox 359 3267 504 3336; x_wconf 74' lang='grc' dir='ltr'>τερα</span> <span class='ocrx_word' id='word_1_482' title='bbox 523 3284 641 3322; x_wconf 87' lang='grc' dir='ltr'>σου</span> <span class='ocrx_word' id='word_1_483' title='bbox 661 3265 748 3338; x_wconf 82' lang='grc' dir='ltr'>μὴ</span> <span class='ocrx_word' id='word_1_484' title='bbox 779 3264 960 3332; x_wconf 79' lang='grc' dir='ltr'>ζήτει.</span> 
     </span>
    </p>
   </div>
   <div class='ocr_carea' id='block_1_67' title="bbox 2059 3267 3632 3338">
    <p class='ocr_par' dir='ltr' id='par_1_67' title="bbox 2059 3267 3632 3338">
     <span class='ocr_line' id='line_1_67' title="bbox 2059 3267 3632 3338; baseline -0.004 -18"><span class='ocrx_word' id='word_1_485' title='bbox 2059 3267 2278 3330; x_wconf 89' lang='lat' dir='ltr'><strong>nititur,</strong></span> <span class='ocrx_word' id='word_1_486' title='bbox 2310 3268 2576 3323; x_wconf 87' lang='lat' dir='ltr'><strong>adversus</strong></span> <span class='ocrx_word' id='word_1_487' title='bbox 2611 3269 2854 3337; x_wconf 86' lang='lat' dir='ltr'><strong>seipsum</strong></span> <span class='ocrx_word' id='word_1_488' title='bbox 2889 3267 3294 3338; x_wconf 81' lang='lat' dir='ltr'><strong>potiuslingme</strong></span> <span class='ocrx_word' id='word_1_489' title='bbox 3313 3275 3632 3317; x_wconf 86' lang='lat' dir='ltr'><strong>mucronem</strong></span> 
     </span>
    </p>
   </div>
   <div class='ocr_carea' id='block_1_68' title="bbox 361 3355 3634 3432">
    <p class='ocr_par' dir='ltr' id='par_1_68' title="bbox 361 3355 3634 3432">
     <span class='ocr_line' id='line_1_68' title="bbox 361 3355 3634 3432; baseline -0.002 -16"><span class='ocrx_word' id='word_1_490' title='bbox 361 3379 564 3419; x_wconf 81' lang='lat' dir='ltr'><strong>acuere</strong></span> <span class='ocrx_word' id='word_1_491' title='bbox 591 3370 848 3420; x_wconf 84' lang='lat' dir='ltr'><strong>conatur.</strong></span> <span class='ocrx_word' id='word_1_492' title='bbox 883 3361 1060 3430; x_wconf 80' lang='lat' dir='ltr'><strong>Atque</strong></span> <span class='ocrx_word' id='word_1_493' title='bbox 1087 3375 1117 3416; x_wconf 89' lang='lat' dir='ltr'><strong>a</strong></span> <span class='ocrx_word' id='word_1_494' title='bbox 1149 3359 1522 3416; x_wconf 82' lang='lat' dir='ltr'><strong>sacrosanctis</strong></span> <span class='ocrx_word' id='word_1_495' title='bbox 1543 3367 1746 3420; x_wconf 81' lang='lat' dir='ltr'><strong>nostrae</strong></span> <span class='ocrx_word' id='word_1_496' title='bbox 1771 3359 1947 3414; x_wconf 70' lang='lat' dir='ltr'><strong>caulse</strong></span> <span class='ocrx_word' id='word_1_497' title='bbox 1981 3361 2158 3430; x_wconf 80' lang='lat' dir='ltr'><strong>portis</strong></span> <span class='ocrx_word' id='word_1_498' title='bbox 2191 3360 2340 3416; x_wconf 87' lang='lat' dir='ltr'><strong>foras</strong></span> <span class='ocrx_word' id='word_1_499' title='bbox 2374 3362 2725 3432; x_wconf 86' lang='lat' dir='ltr'><strong>projiciatur.</strong></span> <span class='ocrx_word' id='word_1_500' title='bbox 2755 3361 2926 3416; x_wconf 82' lang='lat' dir='ltr'><strong>Nobis</strong></span> <span class='ocrx_word' id='word_1_501' title='bbox 2951 3372 3156 3427; x_wconf 89' lang='lat' dir='ltr'><strong>autem,</strong></span> <span class='ocrx_word' id='word_1_502' title='bbox 3197 3361 3264 3414; x_wconf 84' lang='lat' dir='ltr'><strong>ad</strong></span> <span class='ocrx_word' id='word_1_503' title='bbox 3331 3373 3470 3428; x_wconf 88' lang='lat' dir='ltr'><strong>quos</strong></span> <span class='ocrx_word' id='word_1_504' title='bbox 3539 3355 3634 3410; x_wconf 91' lang='lat' dir='ltr'><strong>Dei</strong></span> 
     </span>
    </p>
   </div>
   <div class='ocr_carea' id='block_1_69' title="bbox 365 3449 3632 3528">
    <p class='ocr_par' dir='ltr' id='par_1_69' title="bbox 365 3449 3632 3528">
     <span class='ocr_line' id='line_1_69' title="bbox 365 3449 3632 3528; baseline -0.002 -18"><span class='ocrx_word' id='word_1_505' title='bbox 365 3451 608 3515; x_wconf 76' lang='lat' dir='ltr'><strong>Verbum</strong></span> <span class='ocrx_word' id='word_1_506' title='bbox 658 3457 886 3512; x_wconf 89' lang='lat' dir='ltr'><strong>missum</strong></span> <span class='ocrx_word' id='word_1_507' title='bbox 932 3463 1038 3518; x_wconf 87' lang='lat' dir='ltr'><strong>est.</strong></span> <span class='ocrx_word' id='word_1_508' title='bbox 1085 3455 1372 3528; x_wconf 81' lang='lat' dir='ltr'><strong>gratiaque</strong></span> <span class='ocrx_word' id='word_1_509' title='bbox 1416 3465 1472 3511; x_wconf 87' lang='lat' dir='ltr'><strong>et</strong></span> <span class='ocrx_word' id='word_1_510' title='bbox 1513 3456 1745 3520; x_wconf 87' lang='lat' dir='ltr'><strong>veritas,</strong></span> <span class='ocrx_word' id='word_1_511' title='bbox 1803 3454 1944 3510; x_wconf 86' lang='lat' dir='ltr'><strong>nihil</strong></span> <span class='ocrx_word' id='word_1_512' title='bbox 2013 3455 2162 3510; x_wconf 89' lang='lat' dir='ltr'><strong>ultra</strong></span> <span class='ocrx_word' id='word_1_513' title='bbox 2237 3471 2326 3521; x_wconf 89' lang='lat' dir='ltr'><strong>ea,</strong></span> <span class='ocrx_word' id='word_1_514' title='bbox 2375 3472 2494 3528; x_wconf 69' lang='lat' dir='ltr'><strong>quae</strong></span> <span class='ocrx_word' id='word_1_515' title='bbox 2555 3473 2586 3512; x_wconf 86' lang='lat' dir='ltr'><strong>a</strong></span> <span class='ocrx_word' id='word_1_516' title='bbox 2640 3457 2800 3514; x_wconf 86' lang='lat' dir='ltr'><strong>nobis</strong></span> <span class='ocrx_word' id='word_1_517' title='bbox 2863 3456 3010 3512; x_wconf 91' lang='lat' dir='ltr'><strong>dicta</strong></span> <span class='ocrx_word' id='word_1_518' title='bbox 3067 3465 3234 3519; x_wconf 88' lang='lat' dir='ltr'><strong>sunt,</strong></span> <span class='ocrx_word' id='word_1_519' title='bbox 3295 3449 3632 3525; x_wconf 83' lang='lat' dir='ltr'><strong>perscrutari</strong></span> 
     </span>
    </p>
   </div>
   <div class='ocr_carea' id='block_1_70' title="bbox 361 3546 3636 3624">
    <p class='ocr_par' dir='ltr' id='par_1_70' title="bbox 361 3546 3636 3624">
     <span class='ocr_line' id='line_1_70' title="bbox 361 3546 3636 3624; baseline -0.004 -14"><span class='ocrx_word' id='word_1_520' title='bbox 361 3557 550 3618; x_wconf 85' lang='lat' dir='ltr'><strong>liceat,</strong></span> <span class='ocrx_word' id='word_1_521' title='bbox 584 3551 878 3624; x_wconf 85' lang='lat' dir='ltr'><strong>Scriptura</strong></span> <span class='ocrx_word' id='word_1_522' title='bbox 917 3550 1180 3606; x_wconf 88' lang='lat' dir='ltr'><strong>nimirum</strong></span> <span class='ocrx_word' id='word_1_523' title='bbox 1222 3551 1482 3604; x_wconf 91' lang='lat' dir='ltr'><strong>altiorum</strong></span> <span class='ocrx_word' id='word_1_524' title='bbox 1547 3564 1734 3604; x_wconf 90' lang='lat' dir='ltr'><strong>rerum</strong></span> <span class='ocrx_word' id='word_1_525' title='bbox 1781 3547 2188 3620; x_wconf 83' lang='lat' dir='ltr'><strong>indagationem</strong></span> <span class='ocrx_word' id='word_1_526' title='bbox 2217 3552 2376 3608; x_wconf 88' lang='lat' dir='ltr'><strong>nobis</strong></span> <span class='ocrx_word' id='word_1_527' title='bbox 2395 3552 2738 3610; x_wconf 85' lang='lat' dir='ltr'><strong>obstruente.</strong></span> <span class='ocrx_word' id='word_1_528' title='bbox 2811 3551 2945 3619; x_wconf 69' lang='lat' dir='ltr'><strong>Quae</strong></span> <span class='ocrx_word' id='word_1_529' title='bbox 3000 3547 3150 3604; x_wconf 91' lang='lat' dir='ltr'><strong>enim</strong></span> <span class='ocrx_word' id='word_1_530' title='bbox 3209 3546 3307 3600; x_wconf 80' lang='lat' dir='ltr'><strong>tibi</strong></span> <span class='ocrx_word' id='word_1_531' title='bbox 3376 3553 3636 3615; x_wconf 64' lang='lat' dir='ltr'><strong>pracepta</strong></span> 
     </span>
    </p>
   </div>
   <div class='ocr_carea' id='block_1_71' title="bbox 363 3640 2199 3714">
    <p class='ocr_par' dir='ltr' id='par_1_71' title="bbox 363 3640 2199 3714">
     <span class='ocr_line' id='line_1_71' title="bbox 363 3640 2199 3714; baseline -0.003 -12"><span class='ocrx_word' id='word_1_532' title='bbox 363 3653 528 3710; x_wconf 81' lang='lat' dir='ltr'><strong>sunt,</strong></span> <span class='ocrx_word' id='word_1_533' title='bbox 593 3644 814 3714; x_wconf 85' lang='lat' dir='ltr'><strong>inquit,</strong></span> <span class='ocrx_word' id='word_1_534' title='bbox 881 3659 946 3698; x_wconf 77' lang='lat' dir='ltr'><strong>ea</strong></span> <span class='ocrx_word' id='word_1_535' title='bbox 1002 3643 1224 3710; x_wconf 82' lang='lat' dir='ltr'><strong>cogita:</strong></span> <span class='ocrx_word' id='word_1_536' title='bbox 1265 3651 1314 3696; x_wconf 88' lang='lat' dir='ltr'><strong>et</strong></span> <span class='ocrx_word' id='word_1_537' title='bbox 1377 3640 1577 3696; x_wconf 84' lang='lat' dir='ltr'><strong>altiora</strong></span> <span class='ocrx_word' id='word_1_538' title='bbox 1609 3649 1658 3696; x_wconf 91' lang='lat' dir='ltr'><strong>te</strong></span> <span class='ocrx_word' id='word_1_539' title='bbox 1707 3657 1773 3695; x_wconf 84' lang='lat' dir='ltr'><strong>ne</strong></span> <span class='ocrx_word' id='word_1_540' title='bbox 1825 3641 2130 3711; x_wconf 68' lang='lat' dir='ltr'><strong>quaesiveris</strong></span> <span class='ocrx_word' id='word_1_541' title='bbox 2149 3650 2199 3696; x_wconf 79' lang='grc' dir='ltr'><strong>ει.</strong></span> 
     </span>
    </p>
   </div>
   <div class='ocr_carea' id='block_1_72' title="bbox 434 3729 1948 3803">
    <p class='ocr_par' dir='ltr' id='par_1_72' title="bbox 434 3729 1948 3803">
     <span class='ocr_line' id='line_1_72' title="bbox 434 3729 1948 3803; baseline -0.002 -13"><span class='ocrx_word' id='word_1_542' title='bbox 434 3736 510 3792; x_wconf 82' lang='grc' dir='ltr'><strong>Σὺ</strong></span> <span class='ocrx_word' id='word_1_543' title='bbox 542 3735 658 3800; x_wconf 84' lang='grc' dir='ltr'>οῦν,</span> <span class='ocrx_word' id='word_1_544' title='bbox 683 3729 730 3792; x_wconf 82' lang='grc' dir='ltr'><strong>ὦ</strong></span> <span class='ocrx_word' id='word_1_545' title='bbox 778 3734 1025 3802; x_wconf 83' lang='grc' dir='ltr'>Ἰουδαῖε,</span> <span class='ocrx_word' id='word_1_546' title='bbox 1063 3735 1222 3797; x_wconf 87' lang='grc' dir='ltr'>σύνες</span> <span class='ocrx_word' id='word_1_547' title='bbox 1249 3733 1361 3787; x_wconf 83' lang='grc' dir='ltr'><strong>τῶν</strong></span> <span class='ocrx_word' id='word_1_548' title='bbox 1389 3731 1700 3803; x_wconf 71' lang='grc' dir='ltr'>εἰρημένων</span> <span class='ocrx_word' id='word_1_549' title='bbox 1733 3730 1832 3802; x_wconf 83' lang='grc' dir='ltr'>τὴν</span> <span class='ocrx_word' id='word_1_550' title='bbox 1857 3730 1948 3788; x_wconf 87' lang='grc' dir='ltr'>δύ-</span> 
     </span>
    </p>
   </div>
   <div class='ocr_carea' id='block_1_73' title="bbox 363 3825 1950 3900">
    <p class='ocr_par' dir='ltr' id='par_1_73' title="bbox 363 3825 1950 3900">
     <span class='ocr_line' id='line_1_73' title="bbox 363 3825 1950 3900; baseline -0.004 -15"><span class='ocrx_word' id='word_1_551' title='bbox 363 3847 554 3900; x_wconf 86' lang='grc' dir='ltr'>ναμιν,</span> <span class='ocrx_word' id='word_1_552' title='bbox 584 3831 678 3885; x_wconf 83' lang='grc' dir='ltr'>καὶ</span> <span class='ocrx_word' id='word_1_553' title='bbox 719 3829 794 3900; x_wconf 84' lang='grc' dir='ltr'>μὴ</span> <span class='ocrx_word' id='word_1_554' title='bbox 828 3827 1135 3900; x_wconf 81' lang='grc' dir='ltr'>ζυγομάχει</span> <span class='ocrx_word' id='word_1_555' title='bbox 1161 3827 1301 3899; x_wconf 85' lang='grc' dir='ltr'>πρὸς</span> <span class='ocrx_word' id='word_1_556' title='bbox 1332 3826 1432 3897; x_wconf 83' lang='grc' dir='ltr'>τὴν</span> <span class='ocrx_word' id='word_1_557' title='bbox 1461 3825 1746 3897; x_wconf 86' lang='grc' dir='ltr'>ἀλήθειαν.</span> <span class='ocrx_word' id='word_1_558' title='bbox 1787 3825 1950 3879; x_wconf 77' lang='grc' dir='ltr'><strong>Ἀπό-</strong></span> 
     </span>
    </p>
   </div>
   <div class='ocr_carea' id='block_1_74' title="bbox 364 3917 1951 3993">
    <p class='ocr_par' dir='ltr' id='par_1_74' title="bbox 364 3917 1951 3993">
     <span class='ocr_line' id='line_1_74' title="bbox 364 3917 1951 3993; baseline -0.004 -17"><span class='ocrx_word' id='word_1_559' title='bbox 364 3923 462 3976; x_wconf 83' lang='grc' dir='ltr'><strong>θου</strong></span> <span class='ocrx_word' id='word_1_560' title='bbox 500 3923 602 3992; x_wconf 84' lang='grc' dir='ltr'>τὴν</span> <span class='ocrx_word' id='word_1_561' title='bbox 629 3921 936 3993; x_wconf 80' lang='grc' dir='ltr'>ἀμφίϐολον</span> <span class='ocrx_word' id='word_1_562' title='bbox 976 3920 1226 3991; x_wconf 84' lang='grc' dir='ltr'>γνώμην,</span> <span class='ocrx_word' id='word_1_563' title='bbox 1279 3921 1376 3974; x_wconf 81' lang='grc' dir='ltr'>καὶ</span> <span class='ocrx_word' id='word_1_564' title='bbox 1421 3918 1690 3989; x_wconf 77' lang='grc' dir='ltr'>διχονοίας</span> <span class='ocrx_word' id='word_1_565' title='bbox 1730 3917 1951 3984; x_wconf 86' lang='grc' dir='ltr'>ἀπάσης</span> 
     </span>
    </p>
   </div>
   <div class='ocr_carea' id='block_1_75' title="bbox 363 4002 1954 4086">
    <p class='ocr_par' dir='ltr' id='par_1_75' title="bbox 363 4002 1954 4086">
     <span class='ocr_line' id='line_1_75' title="bbox 363 4002 1954 4086; baseline -0.006 -18"><span class='ocrx_word' id='word_1_566' title='bbox 363 4013 559 4086; x_wconf 74' lang='grc' dir='ltr'>χωρὶς.</span> <span class='ocrx_word' id='word_1_567' title='bbox 607 4013 676 4082; x_wconf 80' lang='grc' dir='ltr'><strong>τῇ</strong></span> <span class='ocrx_word' id='word_1_568' title='bbox 726 4011 914 4083; x_wconf 79' lang='grc' dir='ltr'>χάριτι</span> <span class='ocrx_word' id='word_1_569' title='bbox 944 4009 1346 4080; x_wconf 78' lang='grc' dir='ltr'>στοιχειώθητι,</span> <span class='ocrx_word' id='word_1_570' title='bbox 1379 4008 1446 4062; x_wconf 87' lang='grc' dir='ltr'><strong>δι’</strong></span> <span class='ocrx_word' id='word_1_571' title='bbox 1503 4002 1573 4080; x_wconf 87' lang='grc' dir='ltr'>ἦς</span> <span class='ocrx_word' id='word_1_572' title='bbox 1599 4008 1809 4078; x_wconf 82' lang='grc' dir='ltr'>λυθήσῃ</span> <span class='ocrx_word' id='word_1_573' title='bbox 1843 4007 1954 4061; x_wconf 84' lang='grc' dir='ltr'>τῶν</span> 
     </span>
    </p>
   </div>
   <div class='ocr_carea' id='block_1_76' title="bbox 363 4097 1954 4172">
    <p class='ocr_par' dir='ltr' id='par_1_76' title="bbox 363 4097 1954 4172">
     <span class='ocr_line' id='line_1_76' title="bbox 363 4097 1954 4172; baseline -0.004 -15"><span class='ocrx_word' id='word_1_574' title='bbox 363 4101 589 4172; x_wconf 81' lang='grc' dir='ltr'>δεσμῶν</span> <span class='ocrx_word' id='word_1_575' title='bbox 641 4099 738 4155; x_wconf 84' lang='grc' dir='ltr'><strong>τοῦ</strong></span> <span class='ocrx_word' id='word_1_576' title='bbox 791 4099 1274 4172; x_wconf 83' lang='grc' dir='ltr'>γραμματοκύφου</span> <span class='ocrx_word' id='word_1_577' title='bbox 1327 4099 1520 4168; x_wconf 80' lang='grc' dir='ltr'>ζυγοῦ.</span> <span class='ocrx_word' id='word_1_578' title='bbox 1575 4097 1840 4170; x_wconf 79' lang='grc' dir='ltr'>Περιελοῦ</span> <span class='ocrx_word' id='word_1_579' title='bbox 1889 4097 1954 4150; x_wconf 81' lang='grc' dir='ltr'>τὸ</span> 
     </span>
    </p>
   </div>
   <div class='ocr_carea' id='block_1_77' title="bbox 367 4187 1954 4263">
    <p class='ocr_par' dir='ltr' id='par_1_77' title="bbox 367 4187 1954 4263">
     <span class='ocr_line' id='line_1_77' title="bbox 367 4187 1954 4263; baseline -0.004 -16"><span class='ocrx_word' id='word_1_580' title='bbox 367 4192 668 4263; x_wconf 78' lang='grc' dir='ltr'>κάλυμμαο</span> <span class='ocrx_word' id='word_1_581' title='bbox 729 4190 972 4263; x_wconf 85' lang='grc' dir='ltr'>καθαρὸν</span> <span class='ocrx_word' id='word_1_582' title='bbox 1033 4189 1182 4255; x_wconf 83' lang='grc' dir='ltr'>δέξαι</span> <span class='ocrx_word' id='word_1_583' title='bbox 1250 4189 1356 4244; x_wconf 85' lang='grc' dir='ltr'><strong>τῶν</strong></span> <span class='ocrx_word' id='word_1_584' title='bbox 1419 4189 1830 4260; x_wconf 80' lang='grc' dir='ltr'>γεγραμμένων</span> <span class='ocrx_word' id='word_1_585' title='bbox 1891 4187 1954 4242; x_wconf 77' lang='grc' dir='ltr'>τὸ</span> 
     </span>
    </p>
   </div>
   <div class='ocr_carea' id='block_1_78' title="bbox 369 4279 1952 4354">
    <p class='ocr_par' dir='ltr' id='par_1_78' title="bbox 369 4279 1952 4354">
     <span class='ocr_line' id='line_1_78' title="bbox 369 4279 1952 4354; baseline -0.003 -18"><span class='ocrx_word' id='word_1_586' title='bbox 369 4281 521 4353; x_wconf 80' lang='grc' dir='ltr'>φῶς·</span> <span class='ocrx_word' id='word_1_587' title='bbox 551 4283 881 4354; x_wconf 83' lang='grc' dir='ltr'>παράδραμε</span> <span class='ocrx_word' id='word_1_588' title='bbox 919 4281 1020 4345; x_wconf 77' lang='grc' dir='ltr'>τὰς</span> <span class='ocrx_word' id='word_1_589' title='bbox 1056 4279 1234 4345; x_wconf 80' lang='grc' dir='ltr'>σκιὰς,</span> <span class='ocrx_word' id='word_1_590' title='bbox 1272 4281 1367 4333; x_wconf 75' lang='grc' dir='ltr'>καὶ</span> <span class='ocrx_word' id='word_1_591' title='bbox 1401 4280 1528 4342; x_wconf 78' lang='grc' dir='ltr'>τοὺς</span> <span class='ocrx_word' id='word_1_592' title='bbox 1545 4279 1748 4342; x_wconf 85' lang='grc' dir='ltr'>τύπους</span> <span class='ocrx_word' id='word_1_593' title='bbox 1779 4279 1952 4332; x_wconf 86' lang='grc' dir='ltr'>κατά-</span> 
     </span>
    </p>
   </div>
   <div class='ocr_carea' id='block_1_79' title="bbox 365 4371 1948 4445">
    <p class='ocr_par' dir='ltr' id='par_1_79' title="bbox 365 4371 1948 4445">
     <span class='ocr_line' id='line_1_79' title="bbox 365 4371 1948 4445; baseline -0.003 -16"><span class='ocrx_word' id='word_1_594' title='bbox 365 4376 516 4429; x_wconf 80' lang='grc' dir='ltr'>λιπε.</span> <span class='ocrx_word' id='word_1_595' title='bbox 569 4375 789 4445; x_wconf 80' lang='grc' dir='ltr'>Γυμνὴν</span> <span class='ocrx_word' id='word_1_596' title='bbox 843 4375 1002 4445; x_wconf 80' lang='grc' dir='ltr'>δέχου</span> <span class='ocrx_word' id='word_1_597' title='bbox 1060 4373 1160 4445; x_wconf 80' lang='grc' dir='ltr'>τὴν</span> <span class='ocrx_word' id='word_1_598' title='bbox 1213 4374 1396 4444; x_wconf 84' lang='grc' dir='ltr'>χάριν.</span> <span class='ocrx_word' id='word_1_599' title='bbox 1459 4371 1826 4434; x_wconf 83' lang='grc' dir='ltr'>Ἀδιστάκτως</span> <span class='ocrx_word' id='word_1_600' title='bbox 1881 4372 1948 4441; x_wconf 81' lang='grc' dir='ltr'>τῇ</span> 
     </span>
    </p>
   </div>
   <div class='ocr_carea' id='block_1_80' title="bbox 368 4451 1952 4540">
    <p class='ocr_par' dir='ltr' id='par_1_80' title="bbox 368 4451 1952 4540">
     <span class='ocr_line' id='line_1_80' title="bbox 368 4451 1952 4540; baseline -0.003 -19"><span class='ocrx_word' id='word_1_601' title='bbox 368 4467 600 4540; x_wconf 81' lang='grc' dir='ltr'>ἀληθείᾳ</span> <span class='ocrx_word' id='word_1_602' title='bbox 633 4465 874 4540; x_wconf 80' lang='grc' dir='ltr'>πρόσιθι.</span> <span class='ocrx_word' id='word_1_603' title='bbox 912 4465 1170 4531; x_wconf 77' lang='grc' dir='ltr'>Δόξασον,</span> <span class='ocrx_word' id='word_1_604' title='bbox 1213 4465 1458 4536; x_wconf 77' lang='grc' dir='ltr'>ὕμνησον</span> <span class='ocrx_word' id='word_1_605' title='bbox 1503 4464 1594 4517; x_wconf 83' lang='grc' dir='ltr'>τὸν</span> <span class='ocrx_word' id='word_1_606' title='bbox 1624 4464 1768 4516; x_wconf 84' lang='grc' dir='ltr'>οὓτω</span> <span class='ocrx_word' id='word_1_607' title='bbox 1817 4451 1952 4516; x_wconf 61' lang='grc' dir='ltr'>ταῦέ</span> 
     </span>
    </p>
   </div>
   <div class='ocr_carea' id='block_1_81' title="bbox 2120 3728 3641 3804">
    <p class='ocr_par' dir='ltr' id='par_1_81' title="bbox 2120 3728 3641 3804">
     <span class='ocr_line' id='line_1_81' title="bbox 2120 3728 3641 3804; baseline -0.004 -17"><span class='ocrx_word' id='word_1_608' title='bbox 2120 3732 2508 3800; x_wconf 85' lang='lat' dir='ltr'><strong>Quamobrem,</strong></span> <span class='ocrx_word' id='word_1_609' title='bbox 2529 3749 2562 3788; x_wconf 89' lang='grc' dir='ltr'><strong>ο</strong></span> <span class='ocrx_word' id='word_1_610' title='bbox 2589 3732 2794 3798; x_wconf 72' lang='grc' dir='ltr'>Ιιιιιωο,</span> <span class='ocrx_word' id='word_1_611' title='bbox 2817 3747 3014 3788; x_wconf 88' lang='lat' dir='ltr'><strong>eorum</strong></span> <span class='ocrx_word' id='word_1_612' title='bbox 3039 3746 3162 3804; x_wconf 62' lang='lat' dir='ltr'><strong>quae</strong></span> <span class='ocrx_word' id='word_1_613' title='bbox 3185 3728 3641 3785; x_wconf 87' lang='lat' dir='ltr'><strong>commemoravi-</strong></span> 
     </span>
    </p>
   </div>
   <div class='ocr_carea' id='block_1_82' title="bbox 2051 3823 3634 3894">
    <p class='ocr_par' dir='ltr' id='par_1_82' title="bbox 2051 3823 3634 3894">
     <span class='ocr_line' id='line_1_82' title="bbox 2051 3823 3634 3894; baseline -0.003 -15"><span class='ocrx_word' id='word_1_614' title='bbox 2051 3841 2199 3888; x_wconf 85' lang='lat' dir='ltr'><strong>mus,</strong></span> <span class='ocrx_word' id='word_1_615' title='bbox 2231 3826 2340 3880; x_wconf 86' lang='lat' dir='ltr'><strong>vim</strong></span> <span class='ocrx_word' id='word_1_616' title='bbox 2382 3825 2630 3894; x_wconf 86' lang='lat' dir='ltr'><strong>intellige</strong></span> <span class='ocrx_word' id='word_1_617' title='bbox 2664 3843 2676 3878; x_wconf 91' lang='lat'>:</span> <span class='ocrx_word' id='word_1_618' title='bbox 2711 3839 2814 3880; x_wconf 83' lang='lat' dir='ltr'><strong>nec</strong></span> <span class='ocrx_word' id='word_1_619' title='bbox 2847 3825 3112 3879; x_wconf 83' lang='lat' dir='ltr'><strong>adversus</strong></span> <span class='ocrx_word' id='word_1_620' title='bbox 3145 3823 3429 3878; x_wconf 86' lang='lat' dir='ltr'><strong>veritatem</strong></span> <span class='ocrx_word' id='word_1_621' title='bbox 3461 3826 3634 3875; x_wconf 86' lang='lat' dir='ltr'><strong>certa.</strong></span> 
     </span>
    </p>
   </div>
   <div class='ocr_carea' id='block_1_83' title="bbox 2050 3912 3636 3985">
    <p class='ocr_par' dir='ltr' id='par_1_83' title="bbox 2050 3912 3636 3985">
     <span class='ocr_line' id='line_1_83' title="bbox 2050 3912 3636 3985; baseline -0.004 -15"><span class='ocrx_word' id='word_1_622' title='bbox 2050 3915 2364 3985; x_wconf 79' lang='lat' dir='ltr'><strong>Ancipitetu</strong></span> <span class='ocrx_word' id='word_1_623' title='bbox 2413 3925 2652 3971; x_wconf 87' lang='lat' dir='ltr'><strong>mentem</strong></span> <span class='ocrx_word' id='word_1_624' title='bbox 2687 3916 2891 3984; x_wconf 87' lang='lat' dir='ltr'><strong>abjice,</strong></span> <span class='ocrx_word' id='word_1_625' title='bbox 2935 3929 3000 3970; x_wconf 90' lang='lat' dir='ltr'><strong>ac</strong></span> <span class='ocrx_word' id='word_1_626' title='bbox 3031 3917 3173 3970; x_wconf 90' lang='lat' dir='ltr'><strong>citra</strong></span> <span class='ocrx_word' id='word_1_627' title='bbox 3211 3915 3374 3969; x_wconf 85' lang='lat' dir='ltr'><strong>ullam</strong></span> <span class='ocrx_word' id='word_1_628' title='bbox 3414 3912 3636 3966; x_wconf 87' lang='lat' dir='ltr'><strong>dubita-</strong></span> 
     </span>
    </p>
   </div>
   <div class='ocr_carea' id='block_1_84' title="bbox 2051 4005 3636 4078">
    <p class='ocr_par' dir='ltr' id='par_1_84' title="bbox 2051 4005 3636 4078">
     <span class='ocr_line' id='line_1_84' title="bbox 2051 4005 3636 4078; baseline -0.003 -16"><span class='ocrx_word' id='word_1_629' title='bbox 2051 4009 2261 4064; x_wconf 90' lang='lat' dir='ltr'><strong>tionem</strong></span> <span class='ocrx_word' id='word_1_630' title='bbox 2295 4007 2474 4078; x_wconf 82' lang='lat' dir='ltr'><strong>gratia</strong></span> <span class='ocrx_word' id='word_1_631' title='bbox 2505 4008 2749 4072; x_wconf 87' lang='lat' dir='ltr'><strong>ambula,</strong></span> <span class='ocrx_word' id='word_1_632' title='bbox 2777 4023 2878 4077; x_wconf 88' lang='lat' dir='ltr'><strong>per</strong></span> <span class='ocrx_word' id='word_1_633' title='bbox 2901 4022 3064 4078; x_wconf 89' lang='lat' dir='ltr'><strong>quam</strong></span> <span class='ocrx_word' id='word_1_634' title='bbox 3095 4006 3205 4070; x_wconf 84' lang='lat' dir='ltr'><strong>ﬁet,</strong></span> <span class='ocrx_word' id='word_1_635' title='bbox 3232 4006 3433 4076; x_wconf 72' lang='lat' dir='ltr'><strong>ut’jugi</strong></span> <span class='ocrx_word' id='word_1_636' title='bbox 3464 4005 3636 4065; x_wconf 86' lang='lat' dir='ltr'><strong>illius.</strong></span> 
     </span>
    </p>
   </div>
   <div class='ocr_carea' id='block_1_85' title="bbox 2055 4084 3704 4169">
    <p class='ocr_par' dir='ltr' id='par_1_85' title="bbox 2055 4084 3704 4169">
     <span class='ocr_line' id='line_1_85' title="bbox 2055 4084 3704 4169; baseline -0.005 -17"><span class='ocrx_word' id='word_1_637' title='bbox 2055 4113 2168 4169; x_wconf 88' lang='lat' dir='ltr'><strong>quo</strong></span> <span class='ocrx_word' id='word_1_638' title='bbox 2216 4099 2416 4153; x_wconf 70' lang='lat' dir='ltr'><strong>littera:</strong></span> <span class='ocrx_word' id='word_1_639' title='bbox 2444 4103 2637 4152; x_wconf 81' lang='lat' dir='ltr'><strong>cortex</strong></span> <span class='ocrx_word' id='word_1_640' title='bbox 2682 4105 2734 4151; x_wconf 87' lang='lat' dir='ltr'><strong>te</strong></span> <span class='ocrx_word' id='word_1_641' title='bbox 2787 4103 3018 4161; x_wconf 85' lang='lat' dir='ltr'><strong>curvat,</strong></span> <span class='ocrx_word' id='word_1_642' title='bbox 3073 4095 3311 4150; x_wconf 80' lang='lat' dir='ltr'><strong>vinculi‘s</strong></span> <span class='ocrx_word' id='word_1_643' title='bbox 3349 4091 3632 4148; x_wconf 81' lang='lat' dir='ltr'><strong>cxitnaris.</strong></span> <span class='ocrx_word' id='word_1_644' title='bbox 3696 4084 3704 4090; x_wconf 82' lang='grc'><em>’</em></span> 
     </span>
    </p>
   </div>
   <div class='ocr_carea' id='block_1_86' title="bbox 2053 4183 3638 4255">
    <p class='ocr_par' dir='ltr' id='par_1_86' title="bbox 2053 4183 3638 4255">
     <span class='ocr_line' id='line_1_86' title="bbox 2053 4183 3638 4255; baseline -0.007 -12"><span class='ocrx_word' id='word_1_645' title='bbox 2053 4184 2268 4243; x_wconf 81' lang='lat' dir='ltr'><strong>Excute</strong></span> <span class='ocrx_word' id='word_1_646' title='bbox 2297 4187 2545 4242; x_wconf 88' lang='lat' dir='ltr'><strong>velamen</strong></span> <span class='ocrx_word' id='word_1_647' title='bbox 2579 4203 2592 4239; x_wconf 88' lang='lat'>:</span> <span class='ocrx_word' id='word_1_648' title='bbox 2627 4199 2822 4255; x_wconf 87' lang='lat' dir='ltr'><strong>puram</strong></span> <span class='ocrx_word' id='word_1_649' title='bbox 2861 4197 3052 4240; x_wconf 83' lang='lat' dir='ltr'><strong>eorum</strong></span> <span class='ocrx_word' id='word_1_650' title='bbox 3100 4198 3224 4254; x_wconf 85' lang='lat' dir='ltr'><strong>quae</strong></span> <span class='ocrx_word' id='word_1_651' title='bbox 3272 4183 3478 4249; x_wconf 88' lang='lat' dir='ltr'><strong>scripta</strong></span> <span class='ocrx_word' id='word_1_652' title='bbox 3509 4189 3638 4234; x_wconf 88' lang='lat' dir='ltr'><strong>sunt</strong></span> 
     </span>
    </p>
   </div>
   <div class='ocr_carea' id='block_1_87' title="bbox 2053 4273 3634 4348">
    <p class='ocr_par' dir='ltr' id='par_1_87' title="bbox 2053 4273 3634 4348">
     <span class='ocr_line' id='line_1_87' title="bbox 2053 4273 3634 4348; baseline -0.004 -15"><span class='ocrx_word' id='word_1_653' title='bbox 2053 4279 2232 4335; x_wconf 88' lang='lat' dir='ltr'><strong>lucem</strong></span> <span class='ocrx_word' id='word_1_654' title='bbox 2259 4277 2472 4348; x_wconf 81' lang='lat' dir='ltr'><strong>excipe.</strong></span> <span class='ocrx_word' id='word_1_655' title='bbox 2503 4275 2743 4333; x_wconf 89' lang='lat' dir='ltr'><strong>Umbras</strong></span> <span class='ocrx_word' id='word_1_656' title='bbox 2775 4275 3014 4347; x_wconf 69' lang='lat' dir='ltr'><strong>prazteri,</strong></span> <span class='ocrx_word' id='word_1_657' title='bbox 3039 4291 3104 4330; x_wconf 89' lang='lat' dir='ltr'><strong>ac</strong></span> <span class='ocrx_word' id='word_1_658' title='bbox 3135 4275 3339 4346; x_wconf 80' lang='lat' dir='ltr'><strong>ﬁguras</strong></span> <span class='ocrx_word' id='word_1_659' title='bbox 3363 4273 3634 4340; x_wconf 84' lang='lat' dir='ltr'><strong>relinque.</strong></span> 
     </span>
    </p>
   </div>
   <div class='ocr_carea' id='block_1_88' title="bbox 2054 4358 3640 4440">
    <p class='ocr_par' dir='ltr' id='par_1_88' title="bbox 2054 4358 3640 4440">
     <span class='ocr_line' id='line_1_88' title="bbox 2054 4358 3640 4440; baseline -0.005 -16"><span class='ocrx_word' id='word_1_660' title='bbox 2054 4358 2266 4424; x_wconf 81' lang='lat' dir='ltr'><strong>Nudam</strong></span> <span class='ocrx_word' id='word_1_661' title='bbox 2293 4370 2528 4440; x_wconf 79' lang='lat' dir='ltr'><strong>gratiam</strong></span> <span class='ocrx_word' id='word_1_662' title='bbox 2555 4369 2763 4436; x_wconf 86' lang='lat' dir='ltr'><strong>accipe.</strong></span> <span class='ocrx_word' id='word_1_663' title='bbox 2790 4367 2921 4422; x_wconf 89' lang='lat' dir='ltr'><strong>Sine</strong></span> <span class='ocrx_word' id='word_1_664' title='bbox 2943 4367 3055 4422; x_wconf 91' lang='lat' dir='ltr'><strong>ulla</strong></span> <span class='ocrx_word' id='word_1_665' title='bbox 3078 4366 3245 4420; x_wconf 91' lang='lat' dir='ltr'><strong>animi</strong></span> <span class='ocrx_word' id='word_1_666' title='bbox 3281 4363 3640 4434; x_wconf 78' lang='lat' dir='ltr'><strong>ambiguitate</strong></span> 
     </span>
    </p>
   </div>
   <div class='ocr_carea' id='block_1_89' title="bbox 2049 4455 3636 4530">
    <p class='ocr_par' dir='ltr' id='par_1_89' title="bbox 2049 4455 3636 4530">
     <span class='ocr_line' id='line_1_89' title="bbox 2049 4455 3636 4530; baseline -0.006 -15"><span class='ocrx_word' id='word_1_667' title='bbox 2049 4461 2118 4515; x_wconf 90' lang='lat' dir='ltr'><strong>ad</strong></span> <span class='ocrx_word' id='word_1_668' title='bbox 2151 4462 2441 4516; x_wconf 86' lang='lat' dir='ltr'><strong>veritatem</strong></span> <span class='ocrx_word' id='word_1_669' title='bbox 2482 4461 2704 4530; x_wconf 79' lang='lat' dir='ltr'><strong>accede.</strong></span> <span class='ocrx_word' id='word_1_670' title='bbox 2747 4459 2885 4513; x_wconf 88' lang='lat' dir='ltr'><strong>Eum</strong></span> <span class='ocrx_word' id='word_1_671' title='bbox 2913 4497 2928 4521; x_wconf 89' lang='lat'><strong>,</strong></span> <span class='ocrx_word' id='word_1_672' title='bbox 2971 4459 3066 4530; x_wconf 91' lang='lat' dir='ltr'><strong>qtti</strong></span> <span class='ocrx_word' id='word_1_673' title='bbox 3125 4458 3242 4512; x_wconf 65' lang='lat' dir='ltr'><strong>haec</strong></span> <span class='ocrx_word' id='word_1_674' title='bbox 3288 4457 3362 4510; x_wconf 91' lang='lat' dir='ltr'><strong>ita</strong></span> <span class='ocrx_word' id='word_1_675' title='bbox 3412 4455 3636 4516; x_wconf 76' lang='lat' dir='ltr'><strong>sanxit,</strong></span> 
     </span>
    </p>
   </div>
   <div class='ocr_carea' id='block_1_90' title="bbox 363 4544 1945 4624">
    <p class='ocr_par' dir='ltr' id='par_1_90' title="bbox 363 4551 1944 4624">
     <span class='ocr_line' id='line_1_90' title="bbox 363 4551 1944 4624; baseline -0.004 -12"><span class='ocrx_word' id='word_1_676' title='bbox 363 4576 436 4612; x_wconf 80' lang='grc' dir='ltr'><strong>τα</strong></span> <span class='ocrx_word' id='word_1_677' title='bbox 466 4558 821 4613; x_wconf 82' lang='grc' dir='ltr'>θεσπίσαντα.</span> <span class='ocrx_word' id='word_1_678' title='bbox 863 4554 998 4611; x_wconf 84' lang='grc' dir='ltr'>Εἷπε</span> <span class='ocrx_word' id='word_1_679' title='bbox 1030 4555 1340 4618; x_wconf 84' lang='grc' dir='ltr'>Μωσαῖκῶς</span> <span class='ocrx_word' id='word_1_680' title='bbox 1369 4573 1382 4586; x_wconf 74' lang='grc' dir='ltr'><strong>ο</strong></span> <span class='ocrx_word' id='word_1_681' title='bbox 1418 4551 1606 4620; x_wconf 83' lang='grc' dir='ltr'>Οὗτός</span> <span class='ocrx_word' id='word_1_682' title='bbox 1625 4571 1746 4624; x_wconf 85' lang='grc' dir='ltr'><strong>μου</strong></span> <span class='ocrx_word' id='word_1_683' title='bbox 1781 4553 1944 4618; x_wconf 84' lang='grc' dir='ltr'>Θεὸς,</span> 
     </span>
    </p>
   </div>
   <div class='ocr_carea' id='block_1_91' title="bbox 2049 4544 3638 4624">
    <p class='ocr_par' dir='ltr' id='par_1_91' title="bbox 2059 4544 3638 4622">
     <span class='ocr_line' id='line_1_91' title="bbox 2059 4544 3638 4622; baseline -0.005 -16"><span class='ocrx_word' id='word_1_684' title='bbox 2059 4552 2217 4606; x_wconf 91' lang='lat' dir='ltr'><strong>lauda</strong></span> <span class='ocrx_word' id='word_1_685' title='bbox 2259 4561 2313 4607; x_wconf 89' lang='lat' dir='ltr'><strong>et</strong></span> <span class='ocrx_word' id='word_1_686' title='bbox 2345 4552 2601 4622; x_wconf 64' lang='lat' dir='ltr'><strong>praedicit.</strong></span> <span class='ocrx_word' id='word_1_687' title='bbox 2645 4551 2742 4605; x_wconf 91' lang='lat' dir='ltr'><strong>Dic</strong></span> <span class='ocrx_word' id='word_1_688' title='bbox 2785 4549 3089 4607; x_wconf 82' lang='lat' dir='ltr'><strong>Mosaicum</strong></span> <span class='ocrx_word' id='word_1_689' title='bbox 3135 4550 3190 4604; x_wconf 91' lang='lat' dir='ltr'><strong>in</strong></span> <span class='ocrx_word' id='word_1_690' title='bbox 3237 4549 3502 4603; x_wconf 83' lang='lat' dir='ltr'><strong>modum:</strong></span> <span class='ocrx_word' id='word_1_691' title='bbox 3538 4544 3638 4598; x_wconf 75' lang='lat' dir='ltr'><strong>llic</strong></span> 
     </span>
    </p>
   </div>
   <div class='ocr_carea' id='block_1_92' title="bbox 365 4644 1952 4715">
    <p class='ocr_par' dir='ltr' id='par_1_92' title="bbox 365 4644 1952 4715">
     <span class='ocr_line' id='line_1_92' title="bbox 365 4644 1952 4715; baseline -0.004 -10"><span class='ocrx_word' id='word_1_692' title='bbox 365 4649 468 4706; x_wconf 76' lang='grc' dir='ltr'>καὶ</span> <span class='ocrx_word' id='word_1_693' title='bbox 515 4649 758 4715; x_wconf 76' lang='grc' dir='ltr'>δοξάσω</span> <span class='ocrx_word' id='word_1_694' title='bbox 798 4649 1004 4713; x_wconf 79' lang='grc' dir='ltr'>αὑτὸν,</span> <span class='ocrx_word' id='word_1_695' title='bbox 1051 4648 1196 4713; x_wconf 84' lang='grc' dir='ltr'>Θεὸς</span> <span class='ocrx_word' id='word_1_696' title='bbox 1245 4647 1352 4702; x_wconf 85' lang='grc' dir='ltr'><strong>τοῦ</strong></span> <span class='ocrx_word' id='word_1_697' title='bbox 1396 4647 1620 4714; x_wconf 82' lang='grc' dir='ltr'>πατρός</span> <span class='ocrx_word' id='word_1_698' title='bbox 1658 4663 1799 4715; x_wconf 82' lang='grc' dir='ltr'>μου,</span> <span class='ocrx_word' id='word_1_699' title='bbox 1853 4644 1952 4698; x_wconf 79' lang='grc' dir='ltr'>καὶ</span> 
     </span>
    </p>
   </div>
   <div class='ocr_carea' id='block_1_93' title="bbox 365 4733 1952 4811">
    <p class='ocr_par' dir='ltr' id='par_1_93' title="bbox 365 4733 1952 4811">
     <span class='ocr_line' id='line_1_93' title="bbox 365 4733 1952 4811; baseline -0.008 -11"><span class='ocrx_word' id='word_1_700' title='bbox 365 4739 594 4811; x_wconf 73' lang='grc' dir='ltr'>ὑψώσω</span> <span class='ocrx_word' id='word_1_701' title='bbox 622 4743 832 4796; x_wconf 80' lang='grc' dir='ltr'><strong>αὐτόν.</strong></span> <span class='ocrx_word' id='word_1_702' title='bbox 865 4740 958 4792; x_wconf 78' lang='grc' dir='ltr'><strong>Σοὶ</strong></span> <span class='ocrx_word' id='word_1_703' title='bbox 987 4740 1085 4809; x_wconf 84' lang='grc' dir='ltr'>μὲν</span> <span class='ocrx_word' id='word_1_704' title='bbox 1120 4733 1215 4792; x_wconf 76' lang='grc' dir='ltr'><strong>οῦν</strong></span> <span class='ocrx_word' id='word_1_705' title='bbox 1242 4738 1350 4801; x_wconf 77' lang='grc' dir='ltr'>ἀεὶ,</span> <span class='ocrx_word' id='word_1_706' title='bbox 1395 4737 1488 4790; x_wconf 79' lang='grc' dir='ltr'>καὶ</span> <span class='ocrx_word' id='word_1_707' title='bbox 1527 4738 1690 4790; x_wconf 79' lang='grc' dir='ltr'>παντὶ</span> <span class='ocrx_word' id='word_1_708' title='bbox 1721 4735 1798 4806; x_wconf 84' lang='grc' dir='ltr'>τῷ</span> <span class='ocrx_word' id='word_1_709' title='bbox 1827 4735 1952 4805; x_wconf 83' lang='grc' dir='ltr'>βου-</span> 
     </span>
    </p>
   </div>
   <div class='ocr_carea' id='block_1_94' title="bbox 366 4825 1952 4904">
    <p class='ocr_par' dir='ltr' id='par_1_94' title="bbox 366 4825 1952 4904">
     <span class='ocr_line' id='line_1_94' title="bbox 366 4825 1952 4904; baseline -0.006 -18"><span class='ocrx_word' id='word_1_710' title='bbox 366 4833 602 4904; x_wconf 75' lang='grc' dir='ltr'>λομένῳ,</span> <span class='ocrx_word' id='word_1_711' title='bbox 637 4831 814 4886; x_wconf 77' lang='grc' dir='ltr'>ταῦτα</span> <span class='ocrx_word' id='word_1_712' title='bbox 863 4829 1068 4895; x_wconf 77' lang='grc' dir='ltr'><strong>ἐξέστω</strong></span> <span class='ocrx_word' id='word_1_713' title='bbox 1111 4831 1204 4883; x_wconf 76' lang='grc' dir='ltr'><strong>κού⁴</strong></span> <span class='ocrx_word' id='word_1_714' title='bbox 1254 4831 1496 4898; x_wconf 83' lang='grc' dir='ltr'>φρονεῖν,</span> <span class='ocrx_word' id='word_1_715' title='bbox 1539 4827 1634 4881; x_wconf 71' lang='grc' dir='ltr'>καὶ</span> <span class='ocrx_word' id='word_1_716' title='bbox 1677 4825 1952 4879; x_wconf 83' lang='grc' dir='ltr'>διδάσκειν</span> 
     </span>
    </p>
   </div>
   <div class='ocr_carea' id='block_1_95' title="bbox 366 4918 1954 4995">
    <p class='ocr_par' dir='ltr' id='par_1_95' title="bbox 366 4918 1954 4995">
     <span class='ocr_line' id='line_1_95' title="bbox 366 4918 1954 4995; baseline -0.006 -16"><span class='ocrx_word' id='word_1_717' title='bbox 366 4925 588 4994; x_wconf 78' lang='grc' dir='ltr'>ὁμοίως.</span> <span class='ocrx_word' id='word_1_718' title='bbox 632 4925 796 4995; x_wconf 82' lang='grc' dir='ltr'>Ἡμῖν</span> <span class='ocrx_word' id='word_1_719' title='bbox 844 4925 922 4989; x_wconf 85' lang='grc' dir='ltr'>δὲ,</span> <span class='ocrx_word' id='word_1_720' title='bbox 961 4919 1042 4987; x_wconf 75' lang='grc' dir='ltr'>οἷς</span> <span class='ocrx_word' id='word_1_721' title='bbox 1069 4921 1280 4991; x_wconf 85' lang='grc' dir='ltr'>παγίως</span> <span class='ocrx_word' id='word_1_722' title='bbox 1310 4920 1653 4990; x_wconf 83' lang='grc' dir='ltr'>ἐνεσημάνθη</span> <span class='ocrx_word' id='word_1_723' title='bbox 1689 4920 1788 4990; x_wconf 86' lang='grc' dir='ltr'><strong>τῆς</strong></span> <span class='ocrx_word' id='word_1_724' title='bbox 1823 4918 1954 4988; x_wconf 80' lang='grc' dir='ltr'>ἀλη-</span> 
     </span>
    </p>
   </div>
   <div class='ocr_carea' id='block_1_96' title="bbox 369 5009 1946 5086">
    <p class='ocr_par' dir='ltr' id='par_1_96' title="bbox 369 5009 1946 5086">
     <span class='ocr_line' id='line_1_96' title="bbox 369 5009 1946 5086; baseline -0.006 -16"><span class='ocrx_word' id='word_1_725' title='bbox 369 5016 520 5078; x_wconf 83' lang='grc' dir='ltr'>θείας</span> <span class='ocrx_word' id='word_1_726' title='bbox 553 5015 616 5070; x_wconf 82' lang='grc' dir='ltr'>τὸ</span> <span class='ocrx_word' id='word_1_727' title='bbox 647 5016 786 5084; x_wconf 85' lang='grc' dir='ltr'>φῶς,</span> <span class='ocrx_word' id='word_1_728' title='bbox 831 5017 892 5070; x_wconf 85' lang='grc' dir='ltr'>οὐ</span> <span class='ocrx_word' id='word_1_729' title='bbox 922 5015 1086 5086; x_wconf 80' lang='grc' dir='ltr'>σχολή</span> <span class='ocrx_word' id='word_1_730' title='bbox 1123 5030 1186 5082; x_wconf 87' lang='grc' dir='ltr'><strong>γε</strong></span> <span class='ocrx_word' id='word_1_731' title='bbox 1225 5013 1294 5066; x_wconf 82' lang='grc' dir='ltr'>τὰ</span> <span class='ocrx_word' id='word_1_732' title='bbox 1339 5011 1512 5064; x_wconf 86' lang='grc' dir='ltr'>πλείω</span> <span class='ocrx_word' id='word_1_733' title='bbox 1542 5009 1946 5080; x_wconf 78' lang='grc' dir='ltr'>διερευνᾶσθαι,</span> 
     </span>
    </p>
   </div>
   <div class='ocr_carea' id='block_1_97' title="bbox 371 5101 1952 5178">
    <p class='ocr_par' dir='ltr' id='par_1_97' title="bbox 371 5101 1952 5178">
     <span class='ocr_line' id='line_1_97' title="bbox 371 5101 1952 5178; baseline -0.006 -16"><span class='ocrx_word' id='word_1_734' title='bbox 371 5107 467 5162; x_wconf 74' lang='grc' dir='ltr'>καὶ</span> <span class='ocrx_word' id='word_1_735' title='bbox 497 5109 635 5177; x_wconf 77' lang='grc' dir='ltr'>πρὸς</span> <span class='ocrx_word' id='word_1_736' title='bbox 675 5107 905 5178; x_wconf 77' lang='grc' dir='ltr'>ἄπειρον</span> <span class='ocrx_word' id='word_1_737' title='bbox 953 5106 1296 5174; x_wconf 80' lang='grc' dir='ltr'>διεξαγαγεῖν</span> <span class='ocrx_word' id='word_1_738' title='bbox 1329 5102 1422 5156; x_wconf 83' lang='grc' dir='ltr'>τὸν</span> <span class='ocrx_word' id='word_1_739' title='bbox 1457 5102 1639 5170; x_wconf 88' lang='grc' dir='ltr'>λόγον,</span> <span class='ocrx_word' id='word_1_740' title='bbox 1684 5101 1952 5172; x_wconf 83' lang='grc' dir='ltr'>εύκρινῶς</span> 
     </span>
    </p>
   </div>
   <div class='ocr_carea' id='block_1_98' title="bbox 370 5193 1952 5268">
    <p class='ocr_par' dir='ltr' id='par_1_98' title="bbox 370 5193 1952 5268">
     <span class='ocr_line' id='line_1_98' title="bbox 370 5193 1952 5268; baseline -0.004 -16"><span class='ocrx_word' id='word_1_741' title='bbox 370 5201 534 5268; x_wconf 75' lang='grc' dir='ltr'>ἄγαν,</span> <span class='ocrx_word' id='word_1_742' title='bbox 571 5200 666 5253; x_wconf 73' lang='grc' dir='ltr'>καὶ</span> <span class='ocrx_word' id='word_1_743' title='bbox 699 5199 776 5263; x_wconf 85' lang='grc' dir='ltr'>ὼς</span> <span class='ocrx_word' id='word_1_744' title='bbox 809 5199 1034 5261; x_wconf 78' lang='grc' dir='ltr'>εὐπετὲς</span> <span class='ocrx_word' id='word_1_745' title='bbox 1053 5194 1121 5267; x_wconf 81' lang='grc' dir='ltr'>ἦν</span> <span class='ocrx_word' id='word_1_746' title='bbox 1149 5197 1252 5266; x_wconf 82' lang='grc' dir='ltr'>τῆς</span> <span class='ocrx_word' id='word_1_747' title='bbox 1279 5195 1540 5264; x_wconf 84' lang='grc' dir='ltr'>ἀληθείας</span> <span class='ocrx_word' id='word_1_748' title='bbox 1573 5193 1952 5264; x_wconf 87' lang='grc' dir='ltr'>παραδειχθεί-</span> 
     </span>
    </p>
   </div>
   <div class='ocr_carea' id='block_1_99' title="bbox 372 5281 1951 5360">
    <p class='ocr_par' dir='ltr' id='par_1_99' title="bbox 372 5281 1951 5360">
     <span class='ocr_line' id='line_1_99' title="bbox 372 5281 1951 5360; baseline -0.006 -18"><span class='ocrx_word' id='word_1_749' title='bbox 372 5306 496 5360; x_wconf 87' lang='grc' dir='ltr'>σης.</span> <span class='ocrx_word' id='word_1_750' title='bbox 530 5289 654 5342; x_wconf 85' lang='grc' dir='ltr'>Ὅτι</span> <span class='ocrx_word' id='word_1_751' title='bbox 703 5288 778 5360; x_wconf 80' lang='grc' dir='ltr'>μὴ</span> <span class='ocrx_word' id='word_1_752' title='bbox 813 5285 1208 5358; x_wconf 78' lang='grc' dir='ltr'>πανηγυρίζειν</span> <span class='ocrx_word' id='word_1_753' title='bbox 1241 5285 1548 5348; x_wconf 79' lang='grc' dir='ltr'>ἐθέλοντας,</span> <span class='ocrx_word' id='word_1_754' title='bbox 1583 5285 1663 5346; x_wconf 80' lang='grc' dir='ltr'>εἰς</span> <span class='ocrx_word' id='word_1_755' title='bbox 1713 5281 1951 5352; x_wconf 64' lang='grc' dir='ltr'>συζητής</span> 
     </span>
    </p>
   </div>
   <div class='ocr_carea' id='block_1_100' title="bbox 375 5373 1954 5444">
    <p class='ocr_par' dir='ltr' id='par_1_100' title="bbox 375 5373 1954 5444">
     <span class='ocr_line' id='line_1_100' title="bbox 375 5373 1954 5444; baseline -0.003 -12"><span class='ocrx_word' id='word_1_756' title='bbox 375 5395 492 5441; x_wconf 84' lang='grc' dir='ltr'>σεις</span> <span class='ocrx_word' id='word_1_757' title='bbox 541 5379 886 5432; x_wconf 82' lang='grc' dir='ltr'>κατατείνειν</span> <span class='ocrx_word' id='word_1_758' title='bbox 939 5379 1067 5439; x_wconf 80' lang='grc' dir='ltr'>τοὺς</span> <span class='ocrx_word' id='word_1_759' title='bbox 1125 5377 1318 5444; x_wconf 80' lang='grc' dir='ltr'>λόγους</span> <span class='ocrx_word' id='word_1_760' title='bbox 1367 5374 1535 5438; x_wconf 74' lang='grc' dir='ltr'>εἰκὸς,</span> <span class='ocrx_word' id='word_1_761' title='bbox 1591 5373 1954 5428; x_wconf 66' lang='grc' dir='ltr'>ἀνακόλουθα)</span> 
     </span>
    </p>
   </div>
   <div class='ocr_carea' id='block_1_101' title="bbox 376 5464 1955 5541">
    <p class='ocr_par' dir='ltr' id='par_1_101' title="bbox 376 5464 1955 5541">
     <span class='ocr_line' id='line_1_101' title="bbox 376 5464 1955 5541; baseline -0.003 -17"><span class='ocrx_word' id='word_1_762' title='bbox 376 5469 509 5541; x_wconf 83' lang='grc' dir='ltr'>γάρ.</span> <span class='ocrx_word' id='word_1_763' title='bbox 555 5471 694 5523; x_wconf 81' lang='grc' dir='ltr'>Ἀλλ’</span> <span class='ocrx_word' id='word_1_764' title='bbox 727 5472 820 5523; x_wconf 74' lang='grc' dir='ltr'>ἐπὶ</span> <span class='ocrx_word' id='word_1_765' title='bbox 865 5469 963 5540; x_wconf 84' lang='grc' dir='ltr'>τὴν</span> <span class='ocrx_word' id='word_1_766' title='bbox 1009 5468 1213 5520; x_wconf 84' lang='grc' dir='ltr'>νύσσαν</span> <span class='ocrx_word' id='word_1_767' title='bbox 1251 5469 1278 5518; x_wconf 89' lang='lat'><strong>6</strong></span> <span class='ocrx_word' id='word_1_768' title='bbox 1303 5467 1461 5534; x_wconf 87' lang='grc' dir='ltr'>λόγος</span> <span class='ocrx_word' id='word_1_769' title='bbox 1492 5466 1608 5530; x_wconf 77' lang='grc' dir='ltr'>ἴτω,</span> <span class='ocrx_word' id='word_1_770' title='bbox 1641 5464 1733 5518; x_wconf 81' lang='grc' dir='ltr'><strong>καὶ</strong></span> <span class='ocrx_word' id='word_1_771' title='bbox 1763 5466 1832 5519; x_wconf 78' lang='grc' dir='ltr'>τὰ</span> <span class='ocrx_word' id='word_1_772' title='bbox 1857 5469 1955 5536; x_wconf 84' lang='grc' dir='ltr'>τῆς</span> 
     </span>
    </p>
   </div>
   <div class='ocr_carea' id='block_1_102' title="bbox 372 5555 1955 5631">
    <p class='ocr_par' dir='ltr' id='par_1_102' title="bbox 372 5555 1955 5631">
     <span class='ocr_line' id='line_1_102' title="bbox 372 5555 1955 5631; baseline -0.002 -19"><span class='ocrx_word' id='word_1_773' title='bbox 372 5561 588 5631; x_wconf 71' lang='grc' dir='ltr'>ἡμέρας</span> <span class='ocrx_word' id='word_1_774' title='bbox 621 5559 782 5627; x_wconf 78' lang='grc' dir='ltr'>ἐξίτω</span> <span class='ocrx_word' id='word_1_775' title='bbox 814 5559 1110 5629; x_wconf 85' lang='grc' dir='ltr'>μυστήρια,</span> <span class='ocrx_word' id='word_1_776' title='bbox 1135 5557 1266 5610; x_wconf 76' lang='grc' dir='ltr'>εἴσω</span> <span class='ocrx_word' id='word_1_777' title='bbox 1302 5556 1541 5628; x_wconf 84' lang='grc' dir='ltr'>μάλιστα</span> <span class='ocrx_word' id='word_1_778' title='bbox 1586 5555 1764 5627; x_wconf 82' lang='grc' dir='ltr'>θυρῶν</span> <span class='ocrx_word' id='word_1_779' title='bbox 1789 5556 1955 5610; x_wconf 87' lang='grc' dir='ltr'>ἐστώ-</span> 
     </span>
    </p>
   </div>
   <div class='ocr_carea' id='block_1_103' title="bbox 447 5697 1922 5806">
    <p class='ocr_par' dir='ltr' id='par_1_103' title="bbox 447 5697 1922 5806">
     <span class='ocr_line' id='line_1_103' title="bbox 447 5697 1922 5806; baseline 0.001 -14"><span class='ocrx_word' id='word_1_780' title='bbox 447 5750 466 5774; x_wconf 76' lang='grc' dir='ltr'><strong>α</strong></span> <span class='ocrx_word' id='word_1_781' title='bbox 505 5733 686 5806; x_wconf 64' lang='lat' dir='ltr'><strong>Luca,</strong></span> <span class='ocrx_word' id='word_1_782' title='bbox 715 5737 803 5792; x_wconf 72' lang='lat' dir='ltr'><strong>se.</strong></span> <span class='ocrx_word' id='word_1_783' title='bbox 885 5746 913 5788; x_wconf 73' lang='grc' dir='ltr'><strong>ρ</strong></span> <span class='ocrx_word' id='word_1_784' title='bbox 944 5697 1078 5790; x_wconf 70' lang='lat' dir='ltr'><strong>Luc.</strong></span> <span class='ocrx_word' id='word_1_785' title='bbox 1113 5751 1174 5803; x_wconf 90' lang='grc' dir='ltr'><strong>ιι,</strong></span> <span class='ocrx_word' id='word_1_786' title='bbox 1211 5735 1263 5802; x_wconf 75' lang='grc' dir='ltr'><strong>ι,</strong></span> <span class='ocrx_word' id='word_1_787' title='bbox 1301 5735 1352 5790; x_wconf 79' lang='lat'><strong>5.</strong></span> <span class='ocrx_word' id='word_1_788' title='bbox 1431 5745 1458 5786; x_wconf 73' lang='grc' dir='ltr'>τι</span> <span class='ocrx_word' id='word_1_789' title='bbox 1497 5734 1666 5791; x_wconf 86' lang='lat' dir='ltr'><strong>Eccli.</strong></span> <span class='ocrx_word' id='word_1_790' title='bbox 1707 5751 1790 5802; x_wconf 85' lang='grc' dir='ltr'>ιιι,</span> <span class='ocrx_word' id='word_1_791' title='bbox 1829 5737 1922 5794; x_wconf 70' lang='lat' dir='ltr'><strong>ea.</strong></span> 
     </span>
    </p>
   </div>
   <div class='ocr_carea' id='block_1_104' title="bbox 2057 4641 3637 4716">
    <p class='ocr_par' dir='ltr' id='par_1_104' title="bbox 2057 4641 3637 4716">
     <span class='ocr_line' id='line_1_104' title="bbox 2057 4641 3637 4716; baseline -0.005 -16"><span class='ocrx_word' id='word_1_792' title='bbox 2057 4645 2200 4700; x_wconf 86' lang='lat' dir='ltr'><strong>Deus</strong></span> <span class='ocrx_word' id='word_1_793' title='bbox 2235 4661 2378 4700; x_wconf 87' lang='lat' dir='ltr'><strong>meus</strong></span> <span class='ocrx_word' id='word_1_794' title='bbox 2402 4685 2417 4712; x_wconf 90' lang='lat'><strong>,</strong></span> <span class='ocrx_word' id='word_1_795' title='bbox 2446 4653 2497 4700; x_wconf 82' lang='lat' dir='ltr'><strong>et</strong></span> <span class='ocrx_word' id='word_1_796' title='bbox 2525 4644 2842 4716; x_wconf 81' lang='lat' dir='ltr'><strong>gloriﬁcabo</strong></span> <span class='ocrx_word' id='word_1_797' title='bbox 2868 4661 3007 4707; x_wconf 87' lang='lat' dir='ltr'><strong>eum,</strong></span> <span class='ocrx_word' id='word_1_798' title='bbox 3045 4643 3187 4697; x_wconf 85' lang='lat' dir='ltr'><strong>Deus</strong></span> <span class='ocrx_word' id='word_1_799' title='bbox 3226 4643 3396 4711; x_wconf 78' lang='lat' dir='ltr'><strong>patris</strong></span> <span class='ocrx_word' id='word_1_800' title='bbox 3424 4641 3548 4706; x_wconf 88' lang='lat' dir='ltr'><strong>mei,</strong></span> <span class='ocrx_word' id='word_1_801' title='bbox 3587 4647 3637 4694; x_wconf 87' lang='lat' dir='ltr'><strong>et</strong></span> 
     </span>
    </p>
   </div>
   <div class='ocr_carea' id='block_1_105' title="bbox 2055 4735 3638 4807">
    <p class='ocr_par' dir='ltr' id='par_1_105' title="bbox 2055 4735 3638 4807">
     <span class='ocr_line' id='line_1_105' title="bbox 2055 4735 3638 4807; baseline -0.004 -16"><span class='ocrx_word' id='word_1_802' title='bbox 2055 4739 2306 4792; x_wconf 73' lang='lat' dir='ltr'><strong>exaltabo</strong></span> <span class='ocrx_word' id='word_1_803' title='bbox 2340 4737 2495 4791; x_wconf 78' lang='lat' dir='ltr'><strong>illum</strong></span> <span class='ocrx_word' id='word_1_804' title='bbox 2537 4747 2585 4790; x_wconf 74' lang='grc' dir='ltr'>ι.</span> <span class='ocrx_word' id='word_1_805' title='bbox 2619 4736 2741 4790; x_wconf 88' lang='lat' dir='ltr'><strong>Tibi</strong></span> <span class='ocrx_word' id='word_1_806' title='bbox 2785 4737 2954 4807; x_wconf 80' lang='lat' dir='ltr'><strong>igitur</strong></span> <span class='ocrx_word' id='word_1_807' title='bbox 2990 4745 3044 4790; x_wconf 88' lang='lat' dir='ltr'><strong>et</strong></span> <span class='ocrx_word' id='word_1_808' title='bbox 3086 4735 3264 4790; x_wconf 87' lang='lat' dir='ltr'><strong>cuivis</strong></span> <span class='ocrx_word' id='word_1_809' title='bbox 3294 4735 3392 4789; x_wconf 90' lang='lat' dir='ltr'><strong>alii</strong></span> <span class='ocrx_word' id='word_1_810' title='bbox 3430 4735 3545 4787; x_wconf 68' lang='lat' dir='ltr'><strong>haec</strong></span> <span class='ocrx_word' id='word_1_811' title='bbox 3583 4741 3638 4785; x_wconf 82' lang='lat' dir='ltr'><strong>et</strong></span> 
     </span>
    </p>
   </div>
   <div class='ocr_carea' id='block_1_106' title="bbox 2059 4815 3638 4892">
    <p class='ocr_par' dir='ltr' id='par_1_106' title="bbox 2059 4815 3638 4892">
     <span class='ocr_line' id='line_1_106' title="bbox 2059 4815 3638 4892; baseline -0.006 -7"><span class='ocrx_word' id='word_1_812' title='bbox 2059 4829 2296 4892; x_wconf 81' lang='lat' dir='ltr'><strong>sentire,</strong></span> <span class='ocrx_word' id='word_1_813' title='bbox 2325 4839 2378 4883; x_wconf 86' lang='lat' dir='ltr'><strong>et</strong></span> <span class='ocrx_word' id='word_1_814' title='bbox 2415 4815 2612 4884; x_wconf 83' lang='lat' dir='ltr'><strong>eodem</strong></span> <span class='ocrx_word' id='word_1_815' title='bbox 2643 4829 2805 4882; x_wconf 89' lang='lat' dir='ltr'><strong>modo</strong></span> <span class='ocrx_word' id='word_1_816' title='bbox 2843 4829 3044 4882; x_wconf 88' lang='lat' dir='ltr'><strong>docere</strong></span> <span class='ocrx_word' id='word_1_817' title='bbox 3093 4825 3279 4880; x_wconf 87' lang='lat' dir='ltr'><strong>liceat.</strong></span> <span class='ocrx_word' id='word_1_818' title='bbox 3334 4825 3504 4878; x_wconf 84' lang='lat' dir='ltr'><strong>Nobis</strong></span> <span class='ocrx_word' id='word_1_819' title='bbox 3535 4839 3638 4876; x_wconf 84' lang='lat' dir='ltr'><strong>au-</strong></span> 
     </span>
    </p>
   </div>
   <div class='ocr_carea' id='block_1_107' title="bbox 2062 4916 3636 4989">
    <p class='ocr_par' dir='ltr' id='par_1_107' title="bbox 2062 4916 3636 4989">
     <span class='ocr_line' id='line_1_107' title="bbox 2062 4916 3636 4989; baseline -0.005 -16"><span class='ocrx_word' id='word_1_820' title='bbox 2062 4929 2194 4984; x_wconf 91' lang='lat' dir='ltr'><strong>tem,</strong></span> <span class='ocrx_word' id='word_1_821' title='bbox 2227 4920 2280 4974; x_wconf 91' lang='lat' dir='ltr'><strong>in</strong></span> <span class='ocrx_word' id='word_1_822' title='bbox 2336 4920 2540 4989; x_wconf 85' lang='lat' dir='ltr'><strong>quibus</strong></span> <span class='ocrx_word' id='word_1_823' title='bbox 2569 4919 2815 4974; x_wconf 86' lang='lat' dir='ltr'><strong>veritatis</strong></span> <span class='ocrx_word' id='word_1_824' title='bbox 2846 4919 3031 4972; x_wconf 88' lang='lat' dir='ltr'><strong>lumen</strong></span> <span class='ocrx_word' id='word_1_825' title='bbox 3067 4917 3220 4970; x_wconf 86' lang='lat' dir='ltr'><strong>ﬁrme</strong></span> <span class='ocrx_word' id='word_1_826' title='bbox 3247 4916 3636 4984; x_wconf 86' lang='lat' dir='ltr'><strong>consignatum</strong></span> 
     </span>
    </p>
   </div>
   <div class='ocr_carea' id='block_1_108' title="bbox 2058 5008 3636 5081">
    <p class='ocr_par' dir='ltr' id='par_1_108' title="bbox 2058 5008 3636 5081">
     <span class='ocr_line' id='line_1_108' title="bbox 2058 5008 3636 5081; baseline -0.005 -17"><span class='ocrx_word' id='word_1_827' title='bbox 2058 5020 2166 5075; x_wconf 89' lang='lat' dir='ltr'><strong>est,</strong></span> <span class='ocrx_word' id='word_1_828' title='bbox 2202 5012 2359 5080; x_wconf 89' lang='lat' dir='ltr'><strong>plura</strong></span> <span class='ocrx_word' id='word_1_829' title='bbox 2392 5012 2735 5081; x_wconf 84' lang='lat' dir='ltr'><strong>perscrutari</strong></span> <span class='ocrx_word' id='word_1_830' title='bbox 2768 5026 2878 5065; x_wconf 92' lang='lat' dir='ltr'><strong>non</strong></span> <span class='ocrx_word' id='word_1_831' title='bbox 2911 5017 3096 5072; x_wconf 88' lang='lat' dir='ltr'><strong>vacat,</strong></span> <span class='ocrx_word' id='word_1_832' title='bbox 3129 5023 3554 5078; x_wconf 82' lang='lat' dir='ltr'><strong>sermonemque</strong></span> <span class='ocrx_word' id='word_1_833' title='bbox 3585 5008 3636 5060; x_wconf 88' lang='lat' dir='ltr'><strong>in</strong></span> 
     </span>
    </p>
   </div>
   <div class='ocr_carea' id='block_1_109' title="bbox 2059 5101 3642 5172">
    <p class='ocr_par' dir='ltr' id='par_1_109' title="bbox 2059 5101 3642 5172">
     <span class='ocr_line' id='line_1_109' title="bbox 2059 5101 3642 5172; baseline -0.003 -17"><span class='ocrx_word' id='word_1_834' title='bbox 2059 5101 2334 5156; x_wconf 80' lang='lat' dir='ltr'><strong>infinitum</strong></span> <span class='ocrx_word' id='word_1_835' title='bbox 2384 5102 2717 5172; x_wconf 86' lang='lat' dir='ltr'><strong>producere,</strong></span> <span class='ocrx_word' id='word_1_836' title='bbox 2767 5118 2832 5158; x_wconf 88' lang='lat' dir='ltr'><strong>ac</strong></span> <span class='ocrx_word' id='word_1_837' title='bbox 2889 5102 3188 5172; x_wconf 70' lang='lat' dir='ltr'><strong>prtesertitn</strong></span> <span class='ocrx_word' id='word_1_838' title='bbox 3239 5101 3545 5153; x_wconf 84' lang='lat' dir='ltr'><strong>luculenter</strong></span> <span class='ocrx_word' id='word_1_839' title='bbox 3587 5107 3642 5152; x_wconf 85' lang='lat' dir='ltr'><strong>et</strong></span> 
     </span>
    </p>
   </div>
   <div class='ocr_carea' id='block_1_110' title="bbox 2057 5191 3682 5262">
    <p class='ocr_par' dir='ltr' id='par_1_110' title="bbox 2057 5191 3682 5262">
     <span class='ocr_line' id='line_1_110' title="bbox 2057 5191 3682 5262; baseline -0.001 -16"><span class='ocrx_word' id='word_1_840' title='bbox 2057 5207 2224 5262; x_wconf 88' lang='lat' dir='ltr'><strong>quam</strong></span> <span class='ocrx_word' id='word_1_841' title='bbox 2263 5193 2521 5248; x_wconf 83' lang='lat' dir='ltr'><strong>facillime</strong></span> <span class='ocrx_word' id='word_1_842' title='bbox 2549 5193 2664 5247; x_wconf 85' lang='lat' dir='ltr'><strong>ﬁeri</strong></span> <span class='ocrx_word' id='word_1_843' title='bbox 2697 5199 2932 5262; x_wconf 87' lang='lat' dir='ltr'><strong>poterat,</strong></span> <span class='ocrx_word' id='word_1_844' title='bbox 2966 5192 3350 5248; x_wconf 84' lang='lat' dir='ltr'><strong>demonstrata</strong></span> <span class='ocrx_word' id='word_1_845' title='bbox 3387 5191 3636 5245; x_wconf 83' lang='lat' dir='ltr'><strong>veritate.</strong></span> <span class='ocrx_word' id='word_1_846' title='bbox 3675 5236 3682 5244; x_wconf 94' lang='lat'><strong>.</strong></span> 
     </span>
    </p>
   </div>
   <div class='ocr_carea' id='block_1_111' title="bbox 2057 5281 3636 5353">
    <p class='ocr_par' dir='ltr' id='par_1_111' title="bbox 2057 5281 3636 5353">
     <span class='ocr_line' id='line_1_111' title="bbox 2057 5281 3636 5353; baseline -0.002 -17"><span class='ocrx_word' id='word_1_847' title='bbox 2057 5283 2244 5353; x_wconf 86' lang='lat' dir='ltr'><strong>Neque</strong></span> <span class='ocrx_word' id='word_1_848' title='bbox 2271 5285 2418 5338; x_wconf 89' lang='lat' dir='ltr'><strong>enim</strong></span> <span class='ocrx_word' id='word_1_849' title='bbox 2459 5285 2752 5348; x_wconf 90' lang='lat' dir='ltr'><strong>convenit,</strong></span> <span class='ocrx_word' id='word_1_850' title='bbox 2785 5295 2844 5338; x_wconf 91' lang='lat' dir='ltr'><strong>ut</strong></span> <span class='ocrx_word' id='word_1_851' title='bbox 2874 5285 2966 5353; x_wconf 90' lang='lat' dir='ltr'><strong>qui</strong></span> <span class='ocrx_word' id='word_1_852' title='bbox 3001 5282 3324 5339; x_wconf 87' lang='lat' dir='ltr'><strong>concionari</strong></span> <span class='ocrx_word' id='word_1_853' title='bbox 3381 5297 3445 5335; x_wconf 91' lang='lat' dir='ltr'><strong>ac</strong></span> <span class='ocrx_word' id='word_1_854' title='bbox 3504 5281 3636 5334; x_wconf 87' lang='lat' dir='ltr'><strong>festa</strong></span> 
     </span>
    </p>
   </div>
   <div class='ocr_carea' id='block_1_112' title="bbox 2061 5369 3638 5440">
    <p class='ocr_par' dir='ltr' id='par_1_112' title="bbox 2061 5369 3638 5440">
     <span class='ocr_line' id='line_1_112' title="bbox 2061 5369 3638 5440; baseline -0.003 -13"><span class='ocrx_word' id='word_1_855' title='bbox 2061 5375 2342 5428; x_wconf 87' lang='lat' dir='ltr'><strong>celebrare</strong></span> <span class='ocrx_word' id='word_1_856' title='bbox 2389 5375 2600 5440; x_wconf 85' lang='lat' dir='ltr'><strong>volunt,</strong></span> <span class='ocrx_word' id='word_1_857' title='bbox 2650 5375 2935 5428; x_wconf 89' lang='lat' dir='ltr'><strong>orationes</strong></span> <span class='ocrx_word' id='word_1_858' title='bbox 2998 5389 3128 5428; x_wconf 88' lang='lat' dir='ltr'><strong>suas</strong></span> <span class='ocrx_word' id='word_1_859' title='bbox 3187 5372 3242 5425; x_wconf 88' lang='lat' dir='ltr'><strong>in</strong></span> <span class='ocrx_word' id='word_1_860' title='bbox 3303 5369 3638 5440; x_wconf 74' lang='lat' dir='ltr'><strong>qnzcstiones</strong></span> 
     </span>
    </p>
   </div>
   <div class='ocr_carea' id='block_1_113' title="bbox 2062 5467 3636 5536">
    <p class='ocr_par' dir='ltr' id='par_1_113' title="bbox 2062 5467 3636 5536">
     <span class='ocr_line' id='line_1_113' title="bbox 2062 5467 3636 5536; baseline -0.004 -16"><span class='ocrx_word' id='word_1_861' title='bbox 2062 5469 2416 5536; x_wconf 86' lang='lat' dir='ltr'><strong>compellant.</strong></span> <span class='ocrx_word' id='word_1_862' title='bbox 2457 5467 2514 5522; x_wconf 87' lang='lat' dir='ltr'><strong>ld</strong></span> <span class='ocrx_word' id='word_1_863' title='bbox 2565 5469 2710 5522; x_wconf 82' lang='lat' dir='ltr'><strong>enim</strong></span> <span class='ocrx_word' id='word_1_864' title='bbox 2764 5467 2991 5522; x_wconf 91' lang='lat' dir='ltr'><strong>minime</strong></span> <span class='ocrx_word' id='word_1_865' title='bbox 3048 5475 3480 5521; x_wconf 81' lang='lat' dir='ltr'><strong>consentaneum</strong></span> <span class='ocrx_word' id='word_1_866' title='bbox 3531 5473 3636 5517; x_wconf 86' lang='lat' dir='ltr'><strong>cst.</strong></span> 
     </span>
    </p>
   </div>
   <div class='ocr_carea' id='block_1_114' title="bbox 2063 5556 3635 5616">
    <p class='ocr_par' dir='ltr' id='par_1_114' title="bbox 2063 5556 3635 5616">
     <span class='ocr_line' id='line_1_114' title="bbox 2063 5556 3635 5616; baseline -0.003 -2"><span class='ocrx_word' id='word_1_867' title='bbox 2063 5559 2552 5616; x_wconf 75' lang='lat' dir='ltr'><strong>Vcrumenimvcro</strong></span> <span class='ocrx_word' id='word_1_868' title='bbox 2613 5560 2680 5615; x_wconf 89' lang='lat' dir='ltr'><strong>ad</strong></span> <span class='ocrx_word' id='word_1_869' title='bbox 2727 5560 3064 5615; x_wconf 89' lang='lat' dir='ltr'><strong>curriculum</strong></span> <span class='ocrx_word' id='word_1_870' title='bbox 3105 5573 3228 5614; x_wconf 87' lang='lat' dir='ltr'><strong>sese</strong></span> <span class='ocrx_word' id='word_1_871' title='bbox 3275 5556 3480 5612; x_wconf 84' lang='lat' dir='ltr'><strong>referat</strong></span> <span class='ocrx_word' id='word_1_872' title='bbox 3516 5569 3635 5610; x_wconf 42' lang='lat' dir='ltr'><strong>ora.</strong></span> 
     </span>
    </p>
   </div>
   <div class='ocr_carea' id='block_1_115' title="bbox 2037 5737 2480 5808">
    <p class='ocr_par' dir='ltr' id='par_1_115' title="bbox 2037 5737 2480 5808">
     <span class='ocr_line' id='line_1_115' title="bbox 2037 5737 2480 5808; baseline 0.007 -16"><span class='ocrx_word' id='word_1_873' title='bbox 2037 5748 2058 5777; x_wconf 74' lang='grc' dir='ltr'><strong>τ</strong></span> <span class='ocrx_word' id='word_1_874' title='bbox 2095 5737 2268 5797; x_wconf 74' lang='lat' dir='ltr'><strong>Exod.</strong></span> <span class='ocrx_word' id='word_1_875' title='bbox 2304 5756 2392 5808; x_wconf 79' lang='lat' dir='ltr'><strong>xv,</strong></span> <span class='ocrx_word' id='word_1_876' title='bbox 2425 5739 2480 5796; x_wconf 79' lang='grc'><strong>2.</strong></span> 
     </span>
    </p>
   </div>
  </div>
