  <div class='ocr_page' id='page_1' title='image "/cluster/home/n/w/nwhite01/storage/ocr_20150623/97/mdp.39015041892756/429.png"; bbox 0 0 4032 6138; ppageno 0'>
   <div class='ocr_carea' id='block_1_1' title="bbox 471 293 578 359">
    <p class='ocr_par' dir='ltr' id='par_1_1' title="bbox 471 293 578 359">
     <span class='ocr_line' id='line_1_1' title="bbox 471 293 578 359; baseline 0.047 -5"><span class='ocrx_word' id='word_1_1' title='bbox 471 293 578 359; x_wconf 79' lang='grc'><strong>859</strong></span> 
     </span>
    </p>
   </div>
   <div class='ocr_carea' id='block_1_2' title="bbox 1685 318 2573 388">
    <p class='ocr_par' dir='ltr' id='par_1_2' title="bbox 1685 318 2573 388">
     <span class='ocr_line' id='line_1_2' title="bbox 1685 318 2573 388; baseline 0.012 -10"><span class='ocrx_word' id='word_1_2' title='bbox 1685 318 1743 378; x_wconf 93' lang='lat' dir='ltr'><strong>S.</strong></span> <span class='ocrx_word' id='word_1_3' title='bbox 1783 321 2113 382; x_wconf 72' lang='lat' dir='ltr'><strong>ANDRE.’E</strong></span> <span class='ocrx_word' id='word_1_4' title='bbox 2152 323 2573 388; x_wconf 81' lang='lat' dir='ltr'><strong>CRETENSIS</strong></span> 
     </span>
    </p>
   </div>
   <div class='ocr_carea' id='block_1_3' title="bbox 3573 335 3751 402">
    <p class='ocr_par' dir='ltr' id='par_1_3' title="bbox 3573 335 3751 402">
     <span class='ocr_line' id='line_1_3' title="bbox 3573 335 3751 402; baseline 0.067 -12"><span class='ocrx_word' id='word_1_5' title='bbox 3573 378 3582 390; x_wconf 93' lang='lat'><strong>.</strong></span> <span class='ocrx_word' id='word_1_6' title='bbox 3637 335 3751 402; x_wconf 72' lang='lat'><strong>860</strong></span> 
     </span>
    </p>
   </div>
   <div class='ocr_carea' id='block_1_4' title="bbox 471 410 2025 523">
    <p class='ocr_par' dir='ltr' id='par_1_4' title="bbox 471 410 2025 502">
     <span class='ocr_line' id='line_1_4' title="bbox 471 410 2025 502; baseline 0.016 -40"><span class='ocrx_word' id='word_1_7' title='bbox 471 410 572 474; x_wconf 81' lang='lat' dir='ltr'><strong>tio,</strong></span> <span class='ocrx_word' id='word_1_8' title='bbox 601 425 667 466; x_wconf 85' lang='lat' dir='ltr'><strong>ac</strong></span> <span class='ocrx_word' id='word_1_9' title='bbox 694 413 801 470; x_wconf 88' lang='lat' dir='ltr'><strong>diei</strong></span> <span class='ocrx_word' id='word_1_10' title='bbox 837 416 1066 486; x_wconf 86' lang='lat' dir='ltr'><strong>hujusce</strong></span> <span class='ocrx_word' id='word_1_11' title='bbox 1113 424 1374 492; x_wconf 80' lang='lat' dir='ltr'><strong>mysteria</strong></span> <span class='ocrx_word' id='word_1_12' title='bbox 1417 441 1853 498; x_wconf 88' lang='lat' dir='ltr'><strong>commemoret,</strong></span> <span class='ocrx_word' id='word_1_13' title='bbox 1905 447 2025 502; x_wconf 70' lang='lat' dir='ltr'><strong>prce</strong></span> 
     </span>
    </p>
   </div>
   <div class='ocr_carea' id='block_1_5' title="bbox 2126 410 3751 523">
    <p class='ocr_par' dir='ltr' id='par_1_5' title="bbox 2151 439 3751 523">
     <span class='ocr_line' id='line_1_5' title="bbox 2151 439 3751 523; baseline 0.011 -36"><span class='ocrx_word' id='word_1_14' title='bbox 2151 451 2254 504; x_wconf 91' lang='grc' dir='ltr'><strong>σης</strong></span> <span class='ocrx_word' id='word_1_15' title='bbox 2313 439 2407 490; x_wconf 84' lang='grc' dir='ltr'><strong>καί</strong></span> <span class='ocrx_word' id='word_1_16' title='bbox 2460 457 2510 492; x_wconf 88' lang='grc' dir='ltr'>τι</span> <span class='ocrx_word' id='word_1_17' title='bbox 2563 440 2698 510; x_wconf 60' lang='grc' dir='ltr'>προς</span> <span class='ocrx_word' id='word_1_18' title='bbox 2754 442 2906 511; x_wconf 71' lang='grc' dir='ltr'>ἡμᾶς</span> <span class='ocrx_word' id='word_1_19' title='bbox 2963 445 3257 513; x_wconf 86' lang='grc' dir='ltr'>χαροποιδν</span> <span class='ocrx_word' id='word_1_20' title='bbox 3307 453 3751 523; x_wconf 69' lang='grc' dir='ltr'>προσφωνοὺσης</span> 
     </span>
    </p>
   </div>
   <div class='ocr_carea' id='block_1_6' title="bbox 468 503 2044 592">
    <p class='ocr_par' dir='ltr' id='par_1_6' title="bbox 468 503 2044 592">
     <span class='ocr_line' id='line_1_6' title="bbox 468 503 2044 592; baseline 0.015 -36"><span class='ocrx_word' id='word_1_21' title='bbox 468 517 547 556; x_wconf 86' lang='lat' dir='ltr'><strong>set</strong></span> <span class='ocrx_word' id='word_1_22' title='bbox 562 503 660 556; x_wconf 88' lang='lat' dir='ltr'><strong>tim</strong></span> <span class='ocrx_word' id='word_1_23' title='bbox 692 505 834 560; x_wconf 87' lang='lat' dir='ltr'><strong>intra</strong></span> <span class='ocrx_word' id='word_1_24' title='bbox 867 509 1013 565; x_wconf 81' lang='lat' dir='ltr'><strong>fores</strong></span> <span class='ocrx_word' id='word_1_25' title='bbox 1043 517 1263 578; x_wconf 83' lang='lat' dir='ltr'><strong>stantis,</strong></span> <span class='ocrx_word' id='word_1_26' title='bbox 1295 526 1458 588; x_wconf 88' lang='lat' dir='ltr'><strong>atque</strong></span> <span class='ocrx_word' id='word_1_27' title='bbox 1493 519 1616 574; x_wconf 61' lang='lat' dir='ltr'><strong>laeto</strong></span> <span class='ocrx_word' id='word_1_28' title='bbox 1648 526 1884 592; x_wconf 88' lang='lat' dir='ltr'><strong>quo-lam</strong></span> <span class='ocrx_word' id='word_1_29' title='bbox 1925 541 2044 581; x_wconf 62' lang='lat' dir='ltr'><strong>sero</strong></span> 
     </span>
    </p>
   </div>
   <div class='ocr_carea' id='block_1_7' title="bbox 471 595 2046 676">
    <p class='ocr_par' dir='ltr' id='par_1_7' title="bbox 471 595 2046 676">
     <span class='ocr_line' id='line_1_7' title="bbox 471 595 2046 676; baseline 0.017 -31"><span class='ocrx_word' id='word_1_30' title='bbox 471 607 633 648; x_wconf 89' lang='lat' dir='ltr'><strong>mone</strong></span> <span class='ocrx_word' id='word_1_31' title='bbox 661 595 729 649; x_wconf 88' lang='lat' dir='ltr'><strong>ad</strong></span> <span class='ocrx_word' id='word_1_32' title='bbox 761 613 861 652; x_wconf 87' lang='lat' dir='ltr'><strong>nos</strong></span> <span class='ocrx_word' id='word_1_33' title='bbox 909 599 962 653; x_wconf 88' lang='lat' dir='ltr'><strong>in</strong></span> <span class='ocrx_word' id='word_1_34' title='bbox 991 601 1136 659; x_wconf 88' lang='lat' dir='ltr'><strong>hunc</strong></span> <span class='ocrx_word' id='word_1_35' title='bbox 1169 607 1392 662; x_wconf 90' lang='lat' dir='ltr'><strong>modum</strong></span> <span class='ocrx_word' id='word_1_36' title='bbox 1433 616 1659 668; x_wconf 88' lang='lat' dir='ltr'><strong>utentis.</strong></span> <span class='ocrx_word' id='word_1_37' title='bbox 1692 614 1956 676; x_wconf 83' lang='lat' dir='ltr'><strong>Gaudete.</strong></span> <span class='ocrx_word' id='word_1_38' title='bbox 1991 626 2046 672; x_wconf 87' lang='lat' dir='ltr'><strong>et</strong></span> 
     </span>
    </p>
   </div>
   <div class='ocr_carea' id='block_1_8' title="bbox 467 684 2044 772">
    <p class='ocr_par' dir='ltr' id='par_1_8' title="bbox 467 684 2044 772">
     <span class='ocr_line' id='line_1_8' title="bbox 467 684 2044 772; baseline 0.02 -40"><span class='ocrx_word' id='word_1_39' title='bbox 467 684 774 750; x_wconf 80' lang='lat' dir='ltr'><strong>exsultate;</strong></span> <span class='ocrx_word' id='word_1_40' title='bbox 824 689 981 745; x_wconf 86' lang='lat' dir='ltr'><strong>adest</strong></span> <span class='ocrx_word' id='word_1_41' title='bbox 1037 695 1182 748; x_wconf 89' lang='lat' dir='ltr'><strong>enim</strong></span> <span class='ocrx_word' id='word_1_42' title='bbox 1241 701 1386 768; x_wconf 87' lang='lat' dir='ltr'><strong>quod</strong></span> <span class='ocrx_word' id='word_1_43' title='bbox 1433 707 1884 772; x_wconf 68' lang='lat' dir='ltr'><strong>exsliectabatttr.</strong></span> <span class='ocrx_word' id='word_1_44' title='bbox 1939 708 2044 764; x_wconf 87' lang='lat' dir='ltr'><strong>Pro</strong></span> 
     </span>
    </p>
   </div>
   <div class='ocr_carea' id='block_1_9' title="bbox 469 770 2043 872">
    <p class='ocr_par' dir='ltr' id='par_1_9' title="bbox 469 770 2043 872">
     <span class='ocr_line' id='line_1_9' title="bbox 469 770 2043 872; baseline 0.022 -48"><span class='ocrx_word' id='word_1_45' title='bbox 469 770 682 831; x_wconf 76' lang='lat' dir='ltr'><strong>foribus</strong></span> <span class='ocrx_word' id='word_1_46' title='bbox 708 791 787 833; x_wconf 90' lang='lat' dir='ltr'><strong>est</strong></span> <span class='ocrx_word' id='word_1_47' title='bbox 820 781 872 834; x_wconf 90' lang='lat' dir='ltr'><strong>in</strong></span> <span class='ocrx_word' id='word_1_48' title='bbox 909 784 1204 851; x_wconf 87' lang='lat' dir='ltr'><strong>pristinum</strong></span> <span class='ocrx_word' id='word_1_49' title='bbox 1259 800 1464 848; x_wconf 89' lang='lat' dir='ltr'><strong>statum</strong></span> <span class='ocrx_word' id='word_1_50' title='bbox 1497 770 1798 864; x_wconf 79' lang='lat' dir='ltr'><strong>revocatio,</strong></span> <span class='ocrx_word' id='word_1_51' title='bbox 1830 817 1932 872; x_wconf 91' lang='lat' dir='ltr'><strong>pro</strong></span> <span class='ocrx_word' id='word_1_52' title='bbox 1957 801 2043 858; x_wconf 83' lang='lat' dir='ltr'><strong>fo-</strong></span> 
     </span>
    </p>
   </div>
   <div class='ocr_carea' id='block_1_10' title="bbox 467 862 2039 954">
    <p class='ocr_par' dir='ltr' id='par_1_10' title="bbox 467 862 2039 954">
     <span class='ocr_line' id='line_1_10' title="bbox 467 862 2039 954; baseline 0.021 -41"><span class='ocrx_word' id='word_1_53' title='bbox 467 862 622 918; x_wconf 85' lang='lat' dir='ltr'><strong>rilms</strong></span> <span class='ocrx_word' id='word_1_54' title='bbox 654 867 980 940; x_wconf 80' lang='lat' dir='ltr'><strong>redemptio,</strong></span> <span class='ocrx_word' id='word_1_55' title='bbox 1017 875 1070 928; x_wconf 87' lang='lat' dir='ltr'><strong>in</strong></span> <span class='ocrx_word' id='word_1_56' title='bbox 1103 881 1358 938; x_wconf 88' lang='lat' dir='ltr'><strong>manibus</strong></span> <span class='ocrx_word' id='word_1_57' title='bbox 1389 885 1562 942; x_wconf 88' lang='lat' dir='ltr'><strong>salus.</strong></span> <span class='ocrx_word' id='word_1_58' title='bbox 1588 888 1833 954; x_wconf 86' lang='lat' dir='ltr'><strong>Quonam</strong></span> <span class='ocrx_word' id='word_1_59' title='bbox 1859 903 2039 947; x_wconf 89' lang='lat' dir='ltr'><strong>autem</strong></span> 
     </span>
    </p>
   </div>
   <div class='ocr_carea' id='block_1_11' title="bbox 397 953 2041 1036">
    <p class='ocr_par' dir='ltr' id='par_1_11' title="bbox 397 953 2041 1036">
     <span class='ocr_line' id='line_1_11' title="bbox 397 953 2041 1036; baseline 0.023 -36"><span class='ocrx_word' id='word_1_60' title='bbox 397 979 402 985; x_wconf 66' lang='grc' dir='ltr'><strong><em>η</em></strong></span> <span class='ocrx_word' id='word_1_61' title='bbox 465 953 651 1009; x_wconf 87' lang='lat' dir='ltr'><strong>modo.</strong></span> <span class='ocrx_word' id='word_1_62' title='bbox 696 957 952 1014; x_wconf 85' lang='lat' dir='ltr'><strong>Davidem</strong></span> <span class='ocrx_word' id='word_1_63' title='bbox 997 965 1272 1024; x_wconf 84' lang='lat' dir='ltr'><strong>dicentem</strong></span> <span class='ocrx_word' id='word_1_64' title='bbox 1323 953 1656 1032; x_wconf 78' lang='lat' dir='ltr'><strong>audiamus:</strong></span> <span class='ocrx_word' id='word_1_65' title='bbox 1695 979 1834 1034; x_wconf 78' lang='lat' dir='ltr'><strong>Deus</strong></span> <span class='ocrx_word' id='word_1_66' title='bbox 1870 983 2041 1036; x_wconf 84' lang='lat' dir='ltr'><strong>mani-</strong></span> 
     </span>
    </p>
   </div>
   <div class='ocr_carea' id='block_1_12' title="bbox 463 1042 2039 1142">
    <p class='ocr_par' dir='ltr' id='par_1_12' title="bbox 463 1042 2039 1142">
     <span class='ocr_line' id='line_1_12' title="bbox 463 1042 2039 1142; baseline 0.022 -48"><span class='ocrx_word' id='word_1_67' title='bbox 463 1042 598 1112; x_wconf 69' lang='lat' dir='ltr'><strong>feste</strong></span> <span class='ocrx_word' id='word_1_68' title='bbox 653 1049 818 1104; x_wconf 70' lang='lat' dir='ltr'><strong>veniet</strong></span> <span class='ocrx_word' id='word_1_69' title='bbox 851 1055 899 1107; x_wconf 86' lang='lat'><strong>&#39;.</strong></span> <span class='ocrx_word' id='word_1_70' title='bbox 953 1053 1108 1110; x_wconf 84' lang='lat' dir='ltr'><strong>Unde</strong></span> <span class='ocrx_word' id='word_1_71' title='bbox 1156 1062 1375 1116; x_wconf 80' lang='lat' dir='ltr'><strong>tandem</strong></span> <span class='ocrx_word' id='word_1_72' title='bbox 1429 1069 1644 1133; x_wconf 84' lang='lat' dir='ltr'><strong>veniet,</strong></span> <span class='ocrx_word' id='word_1_73' title='bbox 1699 1081 1755 1124; x_wconf 90' lang='lat' dir='ltr'><strong>et</strong></span> <span class='ocrx_word' id='word_1_74' title='bbox 1805 1087 2039 1142; x_wconf 88' lang='lat' dir='ltr'><strong>quonam</strong></span> 
     </span>
    </p>
   </div>
   <div class='ocr_carea' id='block_1_13' title="bbox 463 1141 2037 1234">
    <p class='ocr_par' dir='ltr' id='par_1_13' title="bbox 463 1141 2037 1234">
     <span class='ocr_line' id='line_1_13' title="bbox 463 1141 2037 1234; baseline 0.02 -44"><span class='ocrx_word' id='word_1_75' title='bbox 463 1141 664 1194; x_wconf 86' lang='lat' dir='ltr'><strong>modo?</strong></span> <span class='ocrx_word' id='word_1_76' title='bbox 695 1141 736 1194; x_wconf 84' lang='lat' dir='ltr'><strong>E</strong></span> <span class='ocrx_word' id='word_1_77' title='bbox 767 1147 934 1210; x_wconf 71' lang='lat' dir='ltr'><strong>coelo,</strong></span> <span class='ocrx_word' id='word_1_78' title='bbox 991 1159 1047 1205; x_wconf 88' lang='lat' dir='ltr'><strong>et</strong></span> <span class='ocrx_word' id='word_1_79' title='bbox 1099 1151 1276 1208; x_wconf 85' lang='lat' dir='ltr'><strong>instar</strong></span> <span class='ocrx_word' id='word_1_80' title='bbox 1305 1158 1504 1218; x_wconf 83' lang='lat' dir='ltr'><strong>nostri.</strong></span> <span class='ocrx_word' id='word_1_81' title='bbox 1543 1160 1584 1214; x_wconf 87' lang='lat' dir='ltr'><strong>E</strong></span> <span class='ocrx_word' id='word_1_82' title='bbox 1613 1164 1755 1217; x_wconf 70' lang='lat' dir='ltr'><strong>emlo</strong></span> <span class='ocrx_word' id='word_1_83' title='bbox 1795 1166 2037 1234; x_wconf 80' lang='lat' dir='ltr'><strong>quidem,</strong></span> 
     </span>
    </p>
   </div>
   <div class='ocr_carea' id='block_1_14' title="bbox 464 1231 2040 1318">
    <p class='ocr_par' dir='ltr' id='par_1_14' title="bbox 464 1231 2040 1318">
     <span class='ocr_line' id='line_1_14' title="bbox 464 1231 2040 1318; baseline 0.02 -35"><span class='ocrx_word' id='word_1_84' title='bbox 464 1231 794 1302; x_wconf 85' lang='lat' dir='ltr'><strong>incorporeo</strong></span> <span class='ocrx_word' id='word_1_85' title='bbox 827 1240 989 1293; x_wconf 90' lang='lat' dir='ltr'><strong>modo</strong></span> <span class='ocrx_word' id='word_1_86' title='bbox 1026 1259 1041 1296; x_wconf 91' lang='lat'><strong>:</strong></span> <span class='ocrx_word' id='word_1_87' title='bbox 1080 1243 1255 1299; x_wconf 89' lang='lat' dir='ltr'><strong>instar</strong></span> <span class='ocrx_word' id='word_1_88' title='bbox 1311 1258 1495 1304; x_wconf 86' lang='lat' dir='ltr'><strong>autem</strong></span> <span class='ocrx_word' id='word_1_89' title='bbox 1553 1256 1754 1318; x_wconf 86' lang='lat' dir='ltr'><strong>nostri,</strong></span> <span class='ocrx_word' id='word_1_90' title='bbox 1805 1257 1910 1313; x_wconf 89' lang='lat' dir='ltr'><strong>hoc</strong></span> <span class='ocrx_word' id='word_1_91' title='bbox 1954 1267 2040 1314; x_wconf 89' lang='lat' dir='ltr'><strong>est</strong></span> 
     </span>
    </p>
   </div>
   <div class='ocr_carea' id='block_1_15' title="bbox 406 1323 2040 1410">
    <p class='ocr_par' dir='ltr' id='par_1_15' title="bbox 406 1323 2040 1410">
     <span class='ocr_line' id='line_1_15' title="bbox 406 1323 2040 1410; baseline 0.018 -36"><span class='ocrx_word' id='word_1_92' title='bbox 406 1348 416 1354; x_wconf 92' lang='lat'>-</span> <span class='ocrx_word' id='word_1_93' title='bbox 465 1323 519 1376; x_wconf 88' lang='lat' dir='ltr'><strong>in</strong></span> <span class='ocrx_word' id='word_1_94' title='bbox 556 1324 742 1380; x_wconf 86' lang='lat' dir='ltr'><strong>habitu</strong></span> <span class='ocrx_word' id='word_1_95' title='bbox 784 1337 838 1381; x_wconf 90' lang='lat' dir='ltr'><strong>et</strong></span> <span class='ocrx_word' id='word_1_96' title='bbox 879 1340 1074 1386; x_wconf 89' lang='lat' dir='ltr'><strong>natura</strong></span> <span class='ocrx_word' id='word_1_97' title='bbox 1108 1351 1173 1389; x_wconf 90' lang='lat' dir='ltr'><strong>ac</strong></span> <span class='ocrx_word' id='word_1_98' title='bbox 1215 1337 1387 1394; x_wconf 75' lang='lat' dir='ltr'><strong>farina</strong></span> <span class='ocrx_word' id='word_1_99' title='bbox 1437 1353 1648 1399; x_wconf 54' lang='lat' dir='ltr'><strong>nostra</strong></span> <span class='ocrx_word' id='word_1_100' title='bbox 1677 1348 1875 1410; x_wconf 76' lang='lat' dir='ltr'><strong>simili.</strong></span> <span class='ocrx_word' id='word_1_101' title='bbox 1925 1351 2040 1404; x_wconf 79' lang='lat' dir='ltr'><strong>Hoc</strong></span> 
     </span>
    </p>
   </div>
   <div class='ocr_carea' id='block_1_16' title="bbox 462 1417 2042 1498">
    <p class='ocr_par' dir='ltr' id='par_1_16' title="bbox 462 1417 2042 1498">
     <span class='ocr_line' id='line_1_16' title="bbox 462 1417 2042 1498; baseline 0.022 -36"><span class='ocrx_word' id='word_1_102' title='bbox 462 1424 642 1466; x_wconf 85' lang='lat' dir='ltr'><strong>autem</strong></span> <span class='ocrx_word' id='word_1_103' title='bbox 673 1417 768 1486; x_wconf 88' lang='lat' dir='ltr'><strong>qui</strong></span> <span class='ocrx_word' id='word_1_104' title='bbox 804 1421 1022 1477; x_wconf 81' lang='lat' dir='ltr'><strong>tandem</strong></span> <span class='ocrx_word' id='word_1_105' title='bbox 1058 1425 1172 1480; x_wconf 90' lang='lat' dir='ltr'><strong>ﬁeri</strong></span> <span class='ocrx_word' id='word_1_106' title='bbox 1208 1439 1396 1498; x_wconf 84' lang='lat' dir='ltr'><strong>queat.</strong></span> <span class='ocrx_word' id='word_1_107' title='bbox 1431 1434 1536 1489; x_wconf 89' lang='lat' dir='ltr'><strong>nisi</strong></span> <span class='ocrx_word' id='word_1_108' title='bbox 1577 1437 1863 1493; x_wconf 81' lang='lat' dir='ltr'><strong>inrarnato</strong></span> <span class='ocrx_word' id='word_1_109' title='bbox 1895 1440 2042 1496; x_wconf 82' lang='lat' dir='ltr'><strong>Deo?</strong></span> 
     </span>
    </p>
   </div>
   <div class='ocr_carea' id='block_1_17' title="bbox 461 1503 2038 1599">
    <p class='ocr_par' dir='ltr' id='par_1_17' title="bbox 461 1503 2038 1599">
     <span class='ocr_line' id='line_1_17' title="bbox 461 1503 2038 1599; baseline 0.022 -44"><span class='ocrx_word' id='word_1_110' title='bbox 461 1503 653 1572; x_wconf 80' lang='lat' dir='ltr'><strong>Neque</strong></span> <span class='ocrx_word' id='word_1_111' title='bbox 695 1511 839 1564; x_wconf 85' lang='lat' dir='ltr'><strong>enim</strong></span> <span class='ocrx_word' id='word_1_112' title='bbox 869 1513 993 1569; x_wconf 85' lang='lat' dir='ltr'><strong>ﬁeri</strong></span> <span class='ocrx_word' id='word_1_113' title='bbox 1033 1523 1281 1587; x_wconf 79' lang='lat' dir='ltr'><strong>poterat.</strong></span> <span class='ocrx_word' id='word_1_114' title='bbox 1329 1535 1387 1577; x_wconf 88' lang='lat' dir='ltr'><strong>ut</strong></span> <span class='ocrx_word' id='word_1_115' title='bbox 1425 1525 1566 1582; x_wconf 82' lang='lat' dir='ltr'><strong>Deus</strong></span> <span class='ocrx_word' id='word_1_116' title='bbox 1606 1547 1739 1599; x_wconf 88' lang='lat' dir='ltr'><strong>pura</strong></span> <span class='ocrx_word' id='word_1_117' title='bbox 1785 1541 1840 1586; x_wconf 88' lang='lat' dir='ltr'><strong>et</strong></span> <span class='ocrx_word' id='word_1_118' title='bbox 1895 1536 2038 1591; x_wconf 88' lang='lat' dir='ltr'><strong>nuda</strong></span> 
     </span>
    </p>
   </div>
   <div class='ocr_carea' id='block_1_18' title="bbox 459 1593 2035 1692">
    <p class='ocr_par' dir='ltr' id='par_1_18' title="bbox 459 1593 2035 1692">
     <span class='ocr_line' id='line_1_18' title="bbox 459 1593 2035 1692; baseline 0.021 -44"><span class='ocrx_word' id='word_1_119' title='bbox 459 1593 754 1656; x_wconf 84' lang='lat' dir='ltr'><strong>divinitate</strong></span> <span class='ocrx_word' id='word_1_120' title='bbox 785 1617 1134 1671; x_wconf 85' lang='lat' dir='ltr'><strong>cerneretur,</strong></span> <span class='ocrx_word' id='word_1_121' title='bbox 1159 1612 1265 1667; x_wconf 85' lang='lat' dir='ltr'><strong>nisi</strong></span> <span class='ocrx_word' id='word_1_122' title='bbox 1305 1626 1511 1671; x_wconf 70' lang='lat' dir='ltr'><strong>nostrae</strong></span> <span class='ocrx_word' id='word_1_123' title='bbox 1547 1636 1744 1675; x_wconf 68' lang='lat' dir='ltr'><strong>massm</strong></span> <span class='ocrx_word' id='word_1_124' title='bbox 1768 1623 2035 1692; x_wconf 80' lang='lat' dir='ltr'><strong>adnexus,</strong></span> 
     </span>
    </p>
   </div>
   <div class='ocr_carea' id='block_1_19' title="bbox 461 1689 2037 1777">
    <p class='ocr_par' dir='ltr' id='par_1_19' title="bbox 461 1689 2037 1777">
     <span class='ocr_line' id='line_1_19' title="bbox 461 1689 2037 1777; baseline 0.02 -38"><span class='ocrx_word' id='word_1_125' title='bbox 461 1701 560 1755; x_wconf 88' lang='lat' dir='ltr'><strong>per</strong></span> <span class='ocrx_word' id='word_1_126' title='bbox 598 1689 956 1752; x_wconf 77' lang='lat' dir='ltr'><strong>humanitatis</strong></span> <span class='ocrx_word' id='word_1_127' title='bbox 986 1699 1240 1756; x_wconf 89' lang='lat' dir='ltr'><strong>unionem</strong></span> <span class='ocrx_word' id='word_1_128' title='bbox 1278 1705 1451 1760; x_wconf 79' lang='lat' dir='ltr'><strong>instar</strong></span> <span class='ocrx_word' id='word_1_129' title='bbox 1477 1711 1649 1764; x_wconf 80' lang='lat' dir='ltr'><strong>nostri</strong></span> <span class='ocrx_word' id='word_1_130' title='bbox 1689 1712 1864 1777; x_wconf 79' lang='lat' dir='ltr'><strong>ﬁeret,</strong></span> <span class='ocrx_word' id='word_1_131' title='bbox 1895 1715 2037 1769; x_wconf 75' lang='lat' dir='ltr'><strong>(lun-</strong></span> 
     </span>
    </p>
   </div>
   <div class='ocr_carea' id='block_1_20' title="bbox 2148 527 3746 614">
    <p class='ocr_par' dir='ltr' id='par_1_20' title="bbox 2148 527 3746 614">
     <span class='ocr_line' id='line_1_20' title="bbox 2148 527 3746 614; baseline 0.013 -36"><span class='ocrx_word' id='word_1_132' title='bbox 2148 527 2490 598; x_wconf 66' lang='grc' dir='ltr'>ἐπίφθεγμα.</span> <span class='ocrx_word' id='word_1_133' title='bbox 2539 532 2761 602; x_wconf 86' lang='grc' dir='ltr'>Χάρητε</span> <span class='ocrx_word' id='word_1_134' title='bbox 2815 534 2881 605; x_wconf 77' lang='grc' dir='ltr'>δὴ</span> <span class='ocrx_word' id='word_1_135' title='bbox 2924 535 3022 588; x_wconf 80' lang='grc' dir='ltr'>καὶ</span> <span class='ocrx_word' id='word_1_136' title='bbox 3079 539 3448 608; x_wconf 72' lang='grc' dir='ltr'>σκιρτήσατεο</span> <span class='ocrx_word' id='word_1_137' title='bbox 3503 541 3746 614; x_wconf 78' lang='grc' dir='ltr'>πάρεστί</span> 
     </span>
    </p>
   </div>
   <div class='ocr_carea' id='block_1_21' title="bbox 2150 616 3744 706">
    <p class='ocr_par' dir='ltr' id='par_1_21' title="bbox 2150 616 3744 706">
     <span class='ocr_line' id='line_1_21' title="bbox 2150 616 3744 706; baseline 0.014 -39"><span class='ocrx_word' id='word_1_138' title='bbox 2150 616 2260 686; x_wconf 76' lang='grc' dir='ltr'><strong>γὰρ</strong></span> <span class='ocrx_word' id='word_1_139' title='bbox 2305 618 2365 670; x_wconf 79' lang='grc' dir='ltr'>τὸ</span> <span class='ocrx_word' id='word_1_140' title='bbox 2407 621 2878 692; x_wconf 78' lang='grc' dir='ltr'><strong>προσδοκώμενον.</strong></span> <span class='ocrx_word' id='word_1_141' title='bbox 2947 625 3061 696; x_wconf 80' lang='grc' dir='ltr'><strong>Πρὸ</strong></span> <span class='ocrx_word' id='word_1_142' title='bbox 3107 627 3296 682; x_wconf 85' lang='grc' dir='ltr'>πυλῶν</span> <span class='ocrx_word' id='word_1_143' title='bbox 3335 631 3369 703; x_wconf 83' lang='grc' dir='ltr'><strong>ὴ</strong></span> <span class='ocrx_word' id='word_1_144' title='bbox 3415 632 3744 706; x_wconf 78' lang='grc' dir='ltr'><strong>ἀνάκλησις,</strong></span> 
     </span>
    </p>
   </div>
   <div class='ocr_carea' id='block_1_22' title="bbox 2151 709 3740 797">
    <p class='ocr_par' dir='ltr' id='par_1_22' title="bbox 2151 709 3740 797">
     <span class='ocr_line' id='line_1_22' title="bbox 2151 709 3740 797; baseline 0.014 -37"><span class='ocrx_word' id='word_1_145' title='bbox 2151 709 2288 779; x_wconf 74' lang='grc' dir='ltr'>πρὸς</span> <span class='ocrx_word' id='word_1_146' title='bbox 2318 713 2440 772; x_wconf 85' lang='grc' dir='ltr'>ταῖς</span> <span class='ocrx_word' id='word_1_147' title='bbox 2474 711 2668 782; x_wconf 81' lang='grc' dir='ltr'>θύραις</span> <span class='ocrx_word' id='word_1_148' title='bbox 2706 715 2740 784; x_wconf 82' lang='grc' dir='ltr'><strong>ἡ</strong></span> <span class='ocrx_word' id='word_1_149' title='bbox 2777 713 3067 786; x_wconf 80' lang='grc' dir='ltr'><strong>λύτρωσις,</strong></span> <span class='ocrx_word' id='word_1_150' title='bbox 3094 720 3154 771; x_wconf 79' lang='grc' dir='ltr'><strong>ὲν</strong></span> <span class='ocrx_word' id='word_1_151' title='bbox 3177 723 3368 792; x_wconf 78' lang='grc' dir='ltr'>χερσὶν</span> <span class='ocrx_word' id='word_1_152' title='bbox 3397 725 3430 795; x_wconf 76' lang='grc' dir='ltr'><strong>ἡ</strong></span> <span class='ocrx_word' id='word_1_153' title='bbox 3466 728 3740 797; x_wconf 81' lang='grc' dir='ltr'>σωτηρία.</span> 
     </span>
    </p>
   </div>
   <div class='ocr_carea' id='block_1_23' title="bbox 2149 799 3747 881">
    <p class='ocr_par' dir='ltr' id='par_1_23' title="bbox 2149 799 3747 881">
     <span class='ocr_line' id='line_1_23' title="bbox 2149 799 3747 881; baseline 0.013 -31"><span class='ocrx_word' id='word_1_154' title='bbox 2149 799 2296 864; x_wconf 80' lang='grc' dir='ltr'>Πῶς,</span> <span class='ocrx_word' id='word_1_155' title='bbox 2346 801 2441 854; x_wconf 80' lang='grc' dir='ltr'>καὶ</span> <span class='ocrx_word' id='word_1_156' title='bbox 2478 803 2598 856; x_wconf 88' lang='grc' dir='ltr'>τίνα</span> <span class='ocrx_word' id='word_1_157' title='bbox 2637 805 2870 875; x_wconf 82' lang='grc' dir='ltr'><strong>τρόπον,</strong></span> <span class='ocrx_word' id='word_1_158' title='bbox 2919 807 3241 881; x_wconf 78' lang='grc' dir='ltr'>ἀκούσωμεν</span> <span class='ocrx_word' id='word_1_159' title='bbox 3286 812 3382 866; x_wconf 78' lang='grc' dir='ltr'><strong>τοῦ</strong></span> <span class='ocrx_word' id='word_1_160' title='bbox 3430 815 3600 870; x_wconf 72' lang='grc' dir='ltr'>Δαϐὶδ</span> <span class='ocrx_word' id='word_1_161' title='bbox 3647 817 3747 870; x_wconf 86' lang='grc' dir='ltr'>λέ-</span> 
     </span>
    </p>
   </div>
   <div class='ocr_carea' id='block_1_24' title="bbox 2147 892 3745 975">
    <p class='ocr_par' dir='ltr' id='par_1_24' title="bbox 2147 892 3745 975">
     <span class='ocr_line' id='line_1_24' title="bbox 2147 892 3745 975; baseline 0.013 -34"><span class='ocrx_word' id='word_1_162' title='bbox 2147 905 2339 957; x_wconf 86' lang='grc' dir='ltr'>γοντος</span> <span class='ocrx_word' id='word_1_163' title='bbox 2366 909 2380 923; x_wconf 76' lang='grc' dir='ltr'><strong><em>ο</em></strong></span> <span class='ocrx_word' id='word_1_164' title='bbox 2423 892 2654 966; x_wconf 52' lang='lat' dir='ltr'><strong>eam</strong></span> <span class='ocrx_word' id='word_1_165' title='bbox 2691 896 2974 966; x_wconf 73' lang='grc' dir='ltr'>ἐμφανῶς</span> <span class='ocrx_word' id='word_1_166' title='bbox 3013 898 3168 967; x_wconf 79' lang='grc' dir='ltr'>ἥξει.</span> <span class='ocrx_word' id='word_1_167' title='bbox 3218 901 3394 957; x_wconf 83' lang='grc' dir='ltr'><strong>Πόθεν</strong></span> <span class='ocrx_word' id='word_1_168' title='bbox 3446 905 3587 975; x_wconf 72' lang='grc' dir='ltr'>ἥξει,</span> <span class='ocrx_word' id='word_1_169' title='bbox 3643 909 3745 962; x_wconf 70' lang='grc' dir='ltr'><strong>καὶ</strong></span> 
     </span>
    </p>
   </div>
   <div class='ocr_carea' id='block_1_25' title="bbox 2148 977 3741 1067">
    <p class='ocr_par' dir='ltr' id='par_1_25' title="bbox 2148 977 3741 1067">
     <span class='ocr_line' id='line_1_25' title="bbox 2148 977 3741 1067; baseline 0.013 -36"><span class='ocrx_word' id='word_1_170' title='bbox 2148 977 2300 1046; x_wconf 83' lang='grc' dir='ltr'>πῶς;</span> <span class='ocrx_word' id='word_1_171' title='bbox 2353 981 2443 1046; x_wconf 83' lang='grc' dir='ltr'><strong>Ἐξ</strong></span> <span class='ocrx_word' id='word_1_172' title='bbox 2467 983 2693 1054; x_wconf 87' lang='grc' dir='ltr'>οὐρανοῦ</span> <span class='ocrx_word' id='word_1_173' title='bbox 2721 1003 2800 1051; x_wconf 85' lang='grc' dir='ltr'><strong>τε,</strong></span> <span class='ocrx_word' id='word_1_174' title='bbox 2850 990 2946 1042; x_wconf 80' lang='grc' dir='ltr'><strong>καὶ</strong></span> <span class='ocrx_word' id='word_1_175' title='bbox 2991 990 3118 1042; x_wconf 84' lang='grc' dir='ltr'>καθ’</span> <span class='ocrx_word' id='word_1_176' title='bbox 3158 992 3327 1062; x_wconf 81' lang='grc' dir='ltr'>ἡμᾶς.</span> <span class='ocrx_word' id='word_1_177' title='bbox 3375 993 3466 1059; x_wconf 79' lang='grc' dir='ltr'><strong>Ἐξ</strong></span> <span class='ocrx_word' id='word_1_178' title='bbox 3500 997 3741 1067; x_wconf 82' lang='grc' dir='ltr'>οὐρανοῦ</span> 
     </span>
    </p>
   </div>
   <div class='ocr_carea' id='block_1_26' title="bbox 2150 1071 3738 1158">
    <p class='ocr_par' dir='ltr' id='par_1_26' title="bbox 2150 1071 3738 1158">
     <span class='ocr_line' id='line_1_26' title="bbox 2150 1071 3738 1158; baseline 0.013 -37"><span class='ocrx_word' id='word_1_179' title='bbox 2150 1071 2267 1138; x_wconf 83' lang='grc' dir='ltr'>μὲν,</span> <span class='ocrx_word' id='word_1_180' title='bbox 2301 1071 2630 1140; x_wconf 81' lang='grc' dir='ltr'>ἀσωμάτως.</span> <span class='ocrx_word' id='word_1_181' title='bbox 2664 1076 2786 1128; x_wconf 86' lang='grc' dir='ltr'>καθ’</span> <span class='ocrx_word' id='word_1_182' title='bbox 2817 1077 2968 1148; x_wconf 76' lang='grc' dir='ltr'>ἡμᾶς</span> <span class='ocrx_word' id='word_1_183' title='bbox 2991 1079 3068 1142; x_wconf 82' lang='grc' dir='ltr'><strong>δὲ.</strong></span> <span class='ocrx_word' id='word_1_184' title='bbox 3102 1083 3373 1155; x_wconf 80' lang='grc' dir='ltr'>σχήματι,</span> <span class='ocrx_word' id='word_1_185' title='bbox 3412 1088 3508 1140; x_wconf 76' lang='grc' dir='ltr'>καὶ</span> <span class='ocrx_word' id='word_1_186' title='bbox 3549 1085 3738 1158; x_wconf 80' lang='grc' dir='ltr'>φύσει,</span> 
     </span>
    </p>
   </div>
   <div class='ocr_carea' id='block_1_27' title="bbox 2147 1158 3738 1244">
    <p class='ocr_par' dir='ltr' id='par_1_27' title="bbox 2147 1158 3738 1244">
     <span class='ocr_line' id='line_1_27' title="bbox 2147 1158 3738 1244; baseline 0.014 -34"><span class='ocrx_word' id='word_1_187' title='bbox 2147 1160 2243 1212; x_wconf 79' lang='grc' dir='ltr'>καὶ</span> <span class='ocrx_word' id='word_1_188' title='bbox 2277 1158 2410 1212; x_wconf 80' lang='grc' dir='ltr'>εῖδει</span> <span class='ocrx_word' id='word_1_189' title='bbox 2463 1160 2542 1230; x_wconf 86' lang='grc' dir='ltr'><strong>τῷ</strong></span> <span class='ocrx_word' id='word_1_190' title='bbox 2569 1163 2694 1216; x_wconf 83' lang='grc' dir='ltr'>καθ’</span> <span class='ocrx_word' id='word_1_191' title='bbox 2741 1166 2911 1236; x_wconf 79' lang='grc' dir='ltr'>ἡμᾶς.</span> <span class='ocrx_word' id='word_1_192' title='bbox 2963 1167 3134 1224; x_wconf 84' lang='grc' dir='ltr'>Τοῦτο</span> <span class='ocrx_word' id='word_1_193' title='bbox 3169 1171 3226 1224; x_wconf 77' lang='grc' dir='ltr'>δὲ</span> <span class='ocrx_word' id='word_1_194' title='bbox 3256 1173 3377 1236; x_wconf 89' lang='grc' dir='ltr'><strong>πῶς</strong></span> <span class='ocrx_word' id='word_1_195' title='bbox 3404 1174 3472 1229; x_wconf 80' lang='grc' dir='ltr'>ἂν</span> <span class='ocrx_word' id='word_1_196' title='bbox 3499 1175 3738 1244; x_wconf 74' lang='grc' dir='ltr'>γένοιτο,</span> 
     </span>
    </p>
   </div>
   <div class='ocr_carea' id='block_1_28' title="bbox 2149 1253 3738 1344">
    <p class='ocr_par' dir='ltr' id='par_1_28' title="bbox 2149 1253 3738 1344">
     <span class='ocr_line' id='line_1_28' title="bbox 2149 1253 3738 1344; baseline 0.016 -42"><span class='ocrx_word' id='word_1_197' title='bbox 2149 1253 2225 1322; x_wconf 76' lang='grc' dir='ltr'>μὴ</span> <span class='ocrx_word' id='word_1_198' title='bbox 2301 1257 2726 1326; x_wconf 87' lang='grc' dir='ltr'>σεσαρκωμένου</span> <span class='ocrx_word' id='word_1_199' title='bbox 2805 1261 2996 1328; x_wconf 78' lang='grc' dir='ltr'><strong>Θεοῦς</strong></span> <span class='ocrx_word' id='word_1_200' title='bbox 3078 1267 3153 1318; x_wconf 84' lang='grc' dir='ltr'><strong>Οὐ</strong></span> <span class='ocrx_word' id='word_1_201' title='bbox 3225 1267 3338 1340; x_wconf 83' lang='grc' dir='ltr'>γὰρ</span> <span class='ocrx_word' id='word_1_202' title='bbox 3407 1273 3591 1343; x_wconf 79' lang='grc' dir='ltr'>γυμνῇ</span> <span class='ocrx_word' id='word_1_203' title='bbox 3665 1277 3738 1344; x_wconf 77' lang='grc' dir='ltr'>τῇ</span> 
     </span>
    </p>
   </div>
   <div class='ocr_carea' id='block_1_29' title="bbox 2146 1343 3738 1431">
    <p class='ocr_par' dir='ltr' id='par_1_29' title="bbox 2146 1343 3738 1431">
     <span class='ocr_line' id='line_1_29' title="bbox 2146 1343 3738 1431; baseline 0.013 -36"><span class='ocrx_word' id='word_1_204' title='bbox 2146 1343 2364 1412; x_wconf 88' lang='grc' dir='ltr'>θεότητι</span> <span class='ocrx_word' id='word_1_205' title='bbox 2422 1345 2648 1402; x_wconf 83' lang='grc' dir='ltr'>δυνατὸν</span> <span class='ocrx_word' id='word_1_206' title='bbox 2706 1351 2938 1421; x_wconf 69' lang='grc' dir='ltr'>ὁρᾶσθαι</span> <span class='ocrx_word' id='word_1_207' title='bbox 2989 1353 3146 1419; x_wconf 75' lang='grc' dir='ltr'>Θεὸν,</span> <span class='ocrx_word' id='word_1_208' title='bbox 3208 1359 3258 1412; x_wconf 87' lang='grc' dir='ltr'><strong>εί</strong></span> <span class='ocrx_word' id='word_1_209' title='bbox 3314 1359 3390 1430; x_wconf 78' lang='grc' dir='ltr'>μὴ</span> <span class='ocrx_word' id='word_1_210' title='bbox 3452 1360 3532 1430; x_wconf 84' lang='grc' dir='ltr'>τῷ</span> <span class='ocrx_word' id='word_1_211' title='bbox 3589 1343 3738 1431; x_wconf 62' lang='lat' dir='ltr'><strong>mas-</strong></span> 
     </span>
    </p>
   </div>
   <div class='ocr_carea' id='block_1_30' title="bbox 2144 1437 3738 1528">
    <p class='ocr_par' dir='ltr' id='par_1_30' title="bbox 2144 1437 3738 1528">
     <span class='ocr_line' id='line_1_30' title="bbox 2144 1437 3738 1528; baseline 0.014 -39"><span class='ocrx_word' id='word_1_212' title='bbox 2144 1437 2290 1507; x_wconf 87' lang='grc' dir='ltr'>τέρῳ</span> <span class='ocrx_word' id='word_1_213' title='bbox 2357 1440 2682 1511; x_wconf 82' lang='grc' dir='ltr'>φυράσματι</span> <span class='ocrx_word' id='word_1_214' title='bbox 2757 1447 3105 1516; x_wconf 79' lang='grc' dir='ltr'><strong>συμπλακεὶς</strong></span> <span class='ocrx_word' id='word_1_215' title='bbox 3191 1452 3386 1507; x_wconf 70' lang='grc' dir='ltr'>ἑνώςει</span> <span class='ocrx_word' id='word_1_216' title='bbox 3458 1459 3525 1528; x_wconf 77' lang='grc' dir='ltr'>τῇ</span> <span class='ocrx_word' id='word_1_217' title='bbox 3608 1459 3738 1510; x_wconf 85' lang='grc' dir='ltr'>καθ’</span> 
     </span>
    </p>
   </div>
   <div class='ocr_carea' id='block_1_31' title="bbox 2145 1529 3738 1619">
    <p class='ocr_par' dir='ltr' id='par_1_31' title="bbox 2145 1529 3738 1619">
     <span class='ocr_line' id='line_1_31' title="bbox 2145 1529 3738 1619; baseline 0.014 -38"><span class='ocrx_word' id='word_1_218' title='bbox 2145 1529 2294 1596; x_wconf 81' lang='grc' dir='ltr'>ἡμᾶς</span> <span class='ocrx_word' id='word_1_219' title='bbox 2377 1533 2672 1602; x_wconf 88' lang='grc' dir='ltr'>γενόμενος</span> <span class='ocrx_word' id='word_1_220' title='bbox 2764 1537 2890 1590; x_wconf 80' lang='grc' dir='ltr'>καθ’</span> <span class='ocrx_word' id='word_1_221' title='bbox 2970 1541 3118 1611; x_wconf 78' lang='grc' dir='ltr'>ἡμᾶς</span> <span class='ocrx_word' id='word_1_222' title='bbox 3155 1583 3172 1607; x_wconf 92' lang='grc'><strong>,</strong></span> <span class='ocrx_word' id='word_1_223' title='bbox 3268 1545 3365 1615; x_wconf 84' lang='grc' dir='ltr'><strong>τῆς</strong></span> <span class='ocrx_word' id='word_1_224' title='bbox 3452 1548 3738 1619; x_wconf 79' lang='grc' dir='ltr'>άμαρτέας</span> 
     </span>
    </p>
   </div>
   <div class='ocr_carea' id='block_1_32' title="bbox 2143 1615 3734 1708">
    <p class='ocr_par' dir='ltr' id='par_1_32' title="bbox 2143 1615 3734 1708">
     <span class='ocr_line' id='line_1_32' title="bbox 2143 1615 3734 1708; baseline 0.014 -38"><span class='ocrx_word' id='word_1_225' title='bbox 2143 1616 2287 1688; x_wconf 81' lang='grc' dir='ltr'>δίχα.</span> <span class='ocrx_word' id='word_1_226' title='bbox 2357 1615 2435 1674; x_wconf 80' lang='grc' dir='ltr'><strong>’Ἦ</strong></span> <span class='ocrx_word' id='word_1_227' title='bbox 2517 1625 2676 1695; x_wconf 82' lang='grc' dir='ltr'>δῆλον</span> <span class='ocrx_word' id='word_1_228' title='bbox 2747 1628 2889 1700; x_wconf 78' lang='grc' dir='ltr'>ὑπὲρ</span> <span class='ocrx_word' id='word_1_229' title='bbox 2980 1631 3103 1685; x_wconf 83' lang='grc' dir='ltr'>ὅλου</span> <span class='ocrx_word' id='word_1_230' title='bbox 3183 1635 3278 1688; x_wconf 79' lang='grc' dir='ltr'>τοῦ</span> <span class='ocrx_word' id='word_1_231' title='bbox 3359 1615 3688 1708; x_wconf 75' lang='grc' dir='ltr'>πλάσματος</span> <span class='ocrx_word' id='word_1_232' title='bbox 3716 1683 3734 1705; x_wconf 88' lang='grc'><strong>,</strong></span> 
     </span>
    </p>
   </div>
   <div class='ocr_carea' id='block_1_33' title="bbox 2145 1711 3731 1800">
    <p class='ocr_par' dir='ltr' id='par_1_33' title="bbox 2145 1711 3731 1800">
     <span class='ocr_line' id='line_1_33' title="bbox 2145 1711 3731 1800; baseline 0.013 -38"><span class='ocrx_word' id='word_1_233' title='bbox 2145 1711 2174 1763; x_wconf 84' lang='grc' dir='ltr'>ὁ</span> <span class='ocrx_word' id='word_1_234' title='bbox 2220 1711 2498 1784; x_wconf 81' lang='grc' dir='ltr'><strong>Δεσπότης</strong></span> <span class='ocrx_word' id='word_1_235' title='bbox 2529 1714 2625 1768; x_wconf 84' lang='grc' dir='ltr'>τοῦ</span> <span class='ocrx_word' id='word_1_236' title='bbox 2666 1718 3006 1791; x_wconf 82' lang='grc' dir='ltr'><strong>πλάσματος,</strong></span> <span class='ocrx_word' id='word_1_237' title='bbox 3059 1724 3275 1778; x_wconf 72' lang='grc' dir='ltr'>ἑνοῦται</span> <span class='ocrx_word' id='word_1_238' title='bbox 3308 1725 3386 1796; x_wconf 83' lang='grc' dir='ltr'><strong>τῷ</strong></span> <span class='ocrx_word' id='word_1_239' title='bbox 3418 1728 3731 1800; x_wconf 78' lang='grc' dir='ltr'><strong>πλάσματι,</strong></span> 
     </span>
    </p>
   </div>
   <div class='ocr_carea' id='block_1_34' title="bbox 459 1785 2025 1891">
    <p class='ocr_par' dir='ltr' id='par_1_34' title="bbox 459 1785 2025 1870">
     <span class='ocr_line' id='line_1_34' title="bbox 459 1785 2025 1870; baseline 0.021 -42"><span class='ocrx_word' id='word_1_240' title='bbox 459 1785 611 1832; x_wconf 83' lang='lat' dir='ltr'><strong>taxat</strong></span> <span class='ocrx_word' id='word_1_241' title='bbox 645 1793 877 1854; x_wconf 86' lang='lat' dir='ltr'><strong>excepto</strong></span> <span class='ocrx_word' id='word_1_242' title='bbox 924 1801 1171 1859; x_wconf 88' lang='lat' dir='ltr'><strong>peccato.</strong></span> <span class='ocrx_word' id='word_1_243' title='bbox 1211 1796 1400 1866; x_wconf 83' lang='lat' dir='ltr'><strong>Itaque</strong></span> <span class='ocrx_word' id='word_1_244' title='bbox 1464 1799 1705 1870; x_wconf 77' lang='lat' dir='ltr'><strong>ﬁgmenti</strong></span> <span class='ocrx_word' id='word_1_245' title='bbox 1754 1805 2025 1862; x_wconf 79' lang='lat' dir='ltr'><strong>Dominus</strong></span> 
     </span>
    </p>
   </div>
   <div class='ocr_carea' id='block_1_35' title="bbox 2126 1785 3734 1891">
    <p class='ocr_par' dir='ltr' id='par_1_35' title="bbox 2149 1785 3734 1891">
     <span class='ocr_line' id='line_1_35' title="bbox 2149 1785 3734 1891; baseline 0.013 -36"><span class='ocrx_word' id='word_1_246' title='bbox 2149 1803 2235 1856; x_wconf 80' lang='grc' dir='ltr'><strong>ἵνα</strong></span> <span class='ocrx_word' id='word_1_247' title='bbox 2262 1803 2414 1878; x_wconf 81' lang='grc' dir='ltr'>σώσῃ</span> <span class='ocrx_word' id='word_1_248' title='bbox 2442 1807 2504 1859; x_wconf 84' lang='grc' dir='ltr'><strong>τὸ</strong></span> <span class='ocrx_word' id='word_1_249' title='bbox 2547 1809 2793 1879; x_wconf 80' lang='grc' dir='ltr'>πλάσμα.</span> <span class='ocrx_word' id='word_1_250' title='bbox 2819 1785 2975 1879; x_wconf 60' lang='grc' dir='ltr'>Ποῦ,</span> <span class='ocrx_word' id='word_1_251' title='bbox 2993 1785 3090 1868; x_wconf 80' lang='grc' dir='ltr'><strong>καὶ</strong></span> <span class='ocrx_word' id='word_1_252' title='bbox 3121 1816 3254 1868; x_wconf 70' lang='grc' dir='ltr'>πότε</span> <span class='ocrx_word' id='word_1_253' title='bbox 3281 1834 3295 1882; x_wconf 92' lang='grc'><strong>;</strong></span> <span class='ocrx_word' id='word_1_254' title='bbox 3340 1785 3429 1872; x_wconf 64' lang='lat' dir='ltr'><strong>&quot;Ei:</strong></span> <span class='ocrx_word' id='word_1_255' title='bbox 3473 1820 3553 1890; x_wconf 85' lang='grc' dir='ltr'>τῷ</span> <span class='ocrx_word' id='word_1_256' title='bbox 3571 1785 3734 1891; x_wconf 38' lang='grc' dir='ltr'>’παρέ</span> 
     </span>
    </p>
   </div>
   <div class='ocr_carea' id='block_1_36' title="bbox 459 1869 631 1926">
    <p class='ocr_par' dir='ltr' id='par_1_36' title="bbox 459 1869 631 1926">
     <span class='ocr_line' id='line_1_36' title="bbox 459 1869 631 1926; baseline 0.035 -6"><span class='ocrx_word' id='word_1_257' title='bbox 459 1869 631 1926; x_wconf 84' lang='lat' dir='ltr'><strong>totius</strong></span> 
     </span>
    </p>
   </div>
   <div class='ocr_carea' id='block_1_37' title="bbox 460 1965 2034 2052">
    <p class='ocr_par' dir='ltr' id='par_1_37' title="bbox 460 1965 2034 2052">
     <span class='ocr_line' id='line_1_37' title="bbox 460 1965 2034 2052; baseline 0.022 -41"><span class='ocrx_word' id='word_1_258' title='bbox 460 1967 571 2024; x_wconf 87' lang='lat' dir='ltr'><strong>tur,</strong></span> <span class='ocrx_word' id='word_1_259' title='bbox 615 1971 674 2016; x_wconf 92' lang='lat' dir='ltr'><strong>ut</strong></span> <span class='ocrx_word' id='word_1_260' title='bbox 705 1965 962 2036; x_wconf 87' lang='lat' dir='ltr'><strong>ﬁgmento</strong></span> <span class='ocrx_word' id='word_1_261' title='bbox 998 1975 1234 2030; x_wconf 76' lang='lat' dir='ltr'><strong>salutem</strong></span> <span class='ocrx_word' id='word_1_262' title='bbox 1287 1993 1591 2050; x_wconf 78' lang='lat' dir='ltr'><strong>comparet.</strong></span> <span class='ocrx_word' id='word_1_263' title='bbox 1647 1965 2034 2052; x_wconf 43' lang='lat' dir='ltr'><strong>Ultimm-hoe,</strong></span> 
     </span>
    </p>
   </div>
   <div class='ocr_carea' id='block_1_38' title="bbox 455 2059 2037 2142">
    <p class='ocr_par' dir='ltr' id='par_1_38' title="bbox 455 2059 2037 2142">
     <span class='ocr_line' id='line_1_38' title="bbox 455 2059 2037 2142; baseline 0.022 -39"><span class='ocrx_word' id='word_1_264' title='bbox 455 2059 642 2120; x_wconf 86' lang='lat' dir='ltr'><strong>etquo</strong></span> <span class='ocrx_word' id='word_1_265' title='bbox 668 2061 950 2127; x_wconf 86' lang='lat' dir='ltr'><strong>tempore?</strong></span> <span class='ocrx_word' id='word_1_266' title='bbox 983 2059 1042 2116; x_wconf 86' lang='lat' dir='ltr'><strong>lu</strong></span> <span class='ocrx_word' id='word_1_267' title='bbox 1077 2065 1317 2138; x_wconf 82' lang='lat' dir='ltr'><strong>virginea</strong></span> <span class='ocrx_word' id='word_1_268' title='bbox 1354 2073 1576 2142; x_wconf 82' lang='lat' dir='ltr'><strong>regione</strong></span> <span class='ocrx_word' id='word_1_269' title='bbox 1597 2117 1611 2139; x_wconf 90' lang='lat'><strong>,</strong></span> <span class='ocrx_word' id='word_1_270' title='bbox 1655 2085 1710 2131; x_wconf 91' lang='lat' dir='ltr'><strong>et</strong></span> <span class='ocrx_word' id='word_1_271' title='bbox 1755 2081 1822 2133; x_wconf 88' lang='lat' dir='ltr'><strong>ad</strong></span> <span class='ocrx_word' id='word_1_272' title='bbox 1855 2090 2037 2138; x_wconf 82' lang='lat' dir='ltr'><strong>extre-</strong></span> 
     </span>
    </p>
   </div>
   <div class='ocr_carea' id='block_1_39' title="bbox 455 2153 2034 2228">
    <p class='ocr_par' dir='ltr' id='par_1_39' title="bbox 455 2153 2034 2228">
     <span class='ocr_line' id='line_1_39' title="bbox 455 2153 2034 2228; baseline 0.022 -34"><span class='ocrx_word' id='word_1_273' title='bbox 455 2153 602 2196; x_wconf 89' lang='lat' dir='ltr'><strong>mum</strong></span> <span class='ocrx_word' id='word_1_274' title='bbox 633 2157 966 2216; x_wconf 82' lang='lat' dir='ltr'><strong>temporum,</strong></span> <span class='ocrx_word' id='word_1_275' title='bbox 997 2164 1109 2208; x_wconf 84' lang='lat' dir='ltr'><strong>tum</strong></span> <span class='ocrx_word' id='word_1_276' title='bbox 1159 2160 1374 2215; x_wconf 71' lang='lat' dir='ltr'><strong>scilicet</strong></span> <span class='ocrx_word' id='word_1_277' title='bbox 1423 2178 1548 2218; x_wconf 91' lang='lat' dir='ltr'><strong>cum</strong></span> <span class='ocrx_word' id='word_1_278' title='bbox 1583 2183 1704 2221; x_wconf 89' lang='lat' dir='ltr'><strong>eum</strong></span> <span class='ocrx_word' id='word_1_279' title='bbox 1741 2181 2034 2228; x_wconf 84' lang='lat' dir='ltr'><strong>venturum</strong></span> 
     </span>
    </p>
   </div>
   <div class='ocr_carea' id='block_1_40' title="bbox 453 2241 2036 2329">
    <p class='ocr_par' dir='ltr' id='par_1_40' title="bbox 453 2241 2036 2329">
     <span class='ocr_line' id='line_1_40' title="bbox 453 2241 2036 2329; baseline 0.022 -41"><span class='ocrx_word' id='word_1_280' title='bbox 453 2249 574 2291; x_wconf 86' lang='lat' dir='ltr'><strong>esse</strong></span> <span class='ocrx_word' id='word_1_281' title='bbox 605 2241 855 2305; x_wconf 67' lang='lat' dir='ltr'><strong>praedixit</strong></span> <span class='ocrx_word' id='word_1_282' title='bbox 886 2242 1080 2301; x_wconf 75' lang='lat' dir='ltr'><strong>David.</strong></span> <span class='ocrx_word' id='word_1_283' title='bbox 1112 2253 1290 2320; x_wconf 83' lang='lat' dir='ltr'><strong>Atque</strong></span> <span class='ocrx_word' id='word_1_284' title='bbox 1320 2253 1420 2308; x_wconf 92' lang='lat' dir='ltr'><strong>hoc</strong></span> <span class='ocrx_word' id='word_1_285' title='bbox 1456 2266 1560 2322; x_wconf 87' lang='lat' dir='ltr'><strong>est,</strong></span> <span class='ocrx_word' id='word_1_286' title='bbox 1589 2263 1736 2329; x_wconf 90' lang='lat' dir='ltr'><strong>quod</strong></span> <span class='ocrx_word' id='word_1_287' title='bbox 1770 2263 2036 2323; x_wconf 89' lang='lat' dir='ltr'><strong>hodierno</strong></span> 
     </span>
    </p>
   </div>
   <div class='ocr_carea' id='block_1_41' title="bbox 450 2321 2034 2418">
    <p class='ocr_par' dir='ltr' id='par_1_41' title="bbox 450 2321 2034 2418">
     <span class='ocr_line' id='line_1_41' title="bbox 450 2321 2034 2418; baseline 0.021 -42"><span class='ocrx_word' id='word_1_288' title='bbox 450 2321 541 2378; x_wconf 86' lang='lat' dir='ltr'><strong>die</strong></span> <span class='ocrx_word' id='word_1_289' title='bbox 572 2327 710 2382; x_wconf 63' lang='lat' dir='ltr'><strong>laetis</strong></span> <span class='ocrx_word' id='word_1_290' title='bbox 763 2331 964 2388; x_wconf 90' lang='lat' dir='ltr'><strong>animis</strong></span> <span class='ocrx_word' id='word_1_291' title='bbox 1007 2336 1374 2405; x_wconf 83' lang='lat' dir='ltr'><strong>celebramus,</strong></span> <span class='ocrx_word' id='word_1_292' title='bbox 1409 2358 1602 2412; x_wconf 88' lang='lat' dir='ltr'><strong>nempe</strong></span> <span class='ocrx_word' id='word_1_293' title='bbox 1661 2345 1906 2418; x_wconf 74' lang='lat' dir='ltr'><strong>Virginis</strong></span> <span class='ocrx_word' id='word_1_294' title='bbox 1938 2369 2034 2408; x_wconf 87' lang='lat' dir='ltr'><strong>na-</strong></span> 
     </span>
    </p>
   </div>
   <div class='ocr_carea' id='block_1_42' title="bbox 449 2416 2034 2514">
    <p class='ocr_par' dir='ltr' id='par_1_42' title="bbox 449 2416 2034 2514">
     <span class='ocr_line' id='line_1_42' title="bbox 449 2416 2034 2514; baseline 0.02 -46"><span class='ocrx_word' id='word_1_295' title='bbox 449 2416 656 2481; x_wconf 85' lang='lat' dir='ltr'><strong>tivitas,</strong></span> <span class='ocrx_word' id='word_1_296' title='bbox 691 2421 955 2479; x_wconf 80' lang='lat' dir='ltr'><strong>festorum</strong></span> <span class='ocrx_word' id='word_1_297' title='bbox 997 2432 1370 2500; x_wconf 83' lang='lat' dir='ltr'><strong>anteambulo,</strong></span> <span class='ocrx_word' id='word_1_298' title='bbox 1403 2416 1870 2506; x_wconf 82' lang='lat' dir='ltr'><strong>mystcriiChristi</strong></span> <span class='ocrx_word' id='word_1_299' title='bbox 1893 2461 2034 2514; x_wconf 78' lang='lat' dir='ltr'><strong>prze-</strong></span> 
     </span>
    </p>
   </div>
   <div class='ocr_carea' id='block_1_43' title="bbox 452 2507 2031 2604">
    <p class='ocr_par' dir='ltr' id='par_1_43' title="bbox 452 2507 2031 2604">
     <span class='ocr_line' id='line_1_43' title="bbox 452 2507 2031 2604; baseline 0.02 -44"><span class='ocrx_word' id='word_1_300' title='bbox 452 2507 680 2564; x_wconf 87' lang='lat' dir='ltr'><strong>ludium.</strong></span> <span class='ocrx_word' id='word_1_301' title='bbox 701 2511 1002 2584; x_wconf 82' lang='lat' dir='ltr'><strong>Oportebat</strong></span> <span class='ocrx_word' id='word_1_302' title='bbox 1032 2519 1146 2591; x_wconf 73' lang='lat'><strong>(&#39;25)</strong></span> <span class='ocrx_word' id='word_1_303' title='bbox 1170 2524 1314 2576; x_wconf 89' lang='lat' dir='ltr'><strong>enim</strong></span> <span class='ocrx_word' id='word_1_304' title='bbox 1343 2527 1496 2594; x_wconf 89' lang='lat' dir='ltr'><strong>pritts</strong></span> <span class='ocrx_word' id='word_1_305' title='bbox 1523 2529 1782 2596; x_wconf 85' lang='lat' dir='ltr'><strong>palatium</strong></span> <span class='ocrx_word' id='word_1_306' title='bbox 1809 2507 1990 2604; x_wconf 75' lang='lat' dir='ltr'><strong>parari</strong></span> <span class='ocrx_word' id='word_1_307' title='bbox 2016 2555 2031 2591; x_wconf 89' lang='lat'><strong>:</strong></span> 
     </span>
    </p>
   </div>
   <div class='ocr_carea' id='block_1_44' title="bbox 447 2603 2029 2696">
    <p class='ocr_par' dir='ltr' id='par_1_44' title="bbox 447 2603 2029 2696">
     <span class='ocr_line' id='line_1_44' title="bbox 447 2603 2029 2696; baseline 0.021 -45"><span class='ocrx_word' id='word_1_308' title='bbox 447 2611 612 2669; x_wconf 86' lang='lat' dir='ltr'><strong>atque</strong></span> <span class='ocrx_word' id='word_1_309' title='bbox 644 2603 715 2657; x_wconf 89' lang='lat' dir='ltr'><strong>ita</strong></span> <span class='ocrx_word' id='word_1_310' title='bbox 750 2621 932 2677; x_wconf 85' lang='lat' dir='ltr'><strong>regem</strong></span> <span class='ocrx_word' id='word_1_311' title='bbox 964 2612 1180 2667; x_wconf 85' lang='lat' dir='ltr'><strong>adesse.</strong></span> <span class='ocrx_word' id='word_1_312' title='bbox 1213 2615 1513 2684; x_wconf 81' lang='lat' dir='ltr'><strong>Oportebat</strong></span> <span class='ocrx_word' id='word_1_313' title='bbox 1555 2623 1708 2690; x_wconf 90' lang='lat' dir='ltr'><strong>prius</strong></span> <span class='ocrx_word' id='word_1_314' title='bbox 1752 2603 2029 2696; x_wconf 78' lang='lat' dir='ltr'><strong>regiorum</strong></span> 
     </span>
    </p>
   </div>
   <div class='ocr_carea' id='block_1_45' title="bbox 449 2692 2027 2778">
    <p class='ocr_par' dir='ltr' id='par_1_45' title="bbox 449 2692 2027 2778">
     <span class='ocr_line' id='line_1_45' title="bbox 449 2692 2027 2778; baseline 0.019 -34"><span class='ocrx_word' id='word_1_315' title='bbox 449 2692 909 2751; x_wconf 70' lang='lat' dir='ltr'><strong>il&#39;lt&#39;llnabulttl&#39;llm</strong></span> <span class='ocrx_word' id='word_1_316' title='bbox 959 2698 1158 2757; x_wconf 80' lang='lat' dir='ltr'><strong>fascias</strong></span> <span class='ocrx_word' id='word_1_317' title='bbox 1190 2710 1409 2761; x_wconf 81' lang='lat' dir='ltr'><strong>contexi</strong></span> <span class='ocrx_word' id='word_1_318' title='bbox 1445 2726 1460 2762; x_wconf 87' lang='lat'><strong>:</strong></span> <span class='ocrx_word' id='word_1_319' title='bbox 1494 2718 1660 2778; x_wconf 84' lang='lat' dir='ltr'><strong>atque</strong></span> <span class='ocrx_word' id='word_1_320' title='bbox 1692 2715 1768 2768; x_wconf 89' lang='lat' dir='ltr'><strong>ita</strong></span> <span class='ocrx_word' id='word_1_321' title='bbox 1809 2717 2027 2774; x_wconf 90' lang='lat' dir='ltr'><strong>demum</strong></span> 
     </span>
    </p>
   </div>
   <div class='ocr_carea' id='block_1_46' title="bbox 447 2782 2030 2877">
    <p class='ocr_par' dir='ltr' id='par_1_46' title="bbox 447 2782 2030 2877">
     <span class='ocr_line' id='line_1_46' title="bbox 447 2782 2030 2877; baseline 0.018 -45"><span class='ocrx_word' id='word_1_322' title='bbox 447 2782 654 2851; x_wconf 76' lang='lat' dir='ltr'><strong>regium</strong></span> <span class='ocrx_word' id='word_1_323' title='bbox 686 2785 948 2842; x_wconf 75' lang='lat' dir='ltr'><strong>infantem</strong></span> <span class='ocrx_word' id='word_1_324' title='bbox 985 2790 1038 2843; x_wconf 93' lang='lat' dir='ltr'><strong>in</strong></span> <span class='ocrx_word' id='word_1_325' title='bbox 1071 2791 1244 2848; x_wconf 79' lang='lat' dir='ltr'><strong>lneem</strong></span> <span class='ocrx_word' id='word_1_326' title='bbox 1275 2796 1384 2850; x_wconf 89' lang='lat' dir='ltr'><strong>edi.</strong></span> <span class='ocrx_word' id='word_1_327' title='bbox 1413 2797 1659 2870; x_wconf 88' lang='lat' dir='ltr'><strong>Denique</strong></span> <span class='ocrx_word' id='word_1_328' title='bbox 1692 2805 1842 2872; x_wconf 88' lang='lat' dir='ltr'><strong>prius</strong></span> <span class='ocrx_word' id='word_1_329' title='bbox 1863 2823 2030 2877; x_wconf 84' lang='lat' dir='ltr'><strong>opor-</strong></span> 
     </span>
    </p>
   </div>
   <div class='ocr_carea' id='block_1_47' title="bbox 447 2872 2028 2968">
    <p class='ocr_par' dir='ltr' id='par_1_47' title="bbox 447 2872 2028 2968">
     <span class='ocr_line' id='line_1_47' title="bbox 447 2872 2028 2968; baseline 0.021 -45"><span class='ocrx_word' id='word_1_330' title='bbox 447 2872 594 2926; x_wconf 87' lang='lat' dir='ltr'><strong>tebat</strong></span> <span class='ocrx_word' id='word_1_331' title='bbox 653 2879 898 2946; x_wconf 83' lang='lat' dir='ltr'><strong>argillam</strong></span> <span class='ocrx_word' id='word_1_332' title='bbox 957 2881 1220 2938; x_wconf 84' lang='lat' dir='ltr'><strong>misceri:</strong></span> <span class='ocrx_word' id='word_1_333' title='bbox 1259 2903 1324 2941; x_wconf 88' lang='lat' dir='ltr'><strong>ac</strong></span> <span class='ocrx_word' id='word_1_334' title='bbox 1373 2899 1488 2944; x_wconf 86' lang='lat' dir='ltr'><strong>tum</strong></span> <span class='ocrx_word' id='word_1_335' title='bbox 1547 2893 1770 2962; x_wconf 90' lang='lat' dir='ltr'><strong>ﬁgulum</strong></span> <span class='ocrx_word' id='word_1_336' title='bbox 1831 2872 2028 2968; x_wconf 53' lang='grc' dir='ltr'><strong>[διοπτειο</strong></span> 
     </span>
    </p>
   </div>
   <div class='ocr_carea' id='block_1_48' title="bbox 443 2964 2023 3052">
    <p class='ocr_par' dir='ltr' id='par_1_48' title="bbox 443 2964 2023 3052">
     <span class='ocr_line' id='line_1_48' title="bbox 443 2964 2023 3052; baseline 0.019 -36"><span class='ocrx_word' id='word_1_337' title='bbox 443 2976 587 3017; x_wconf 87' lang='lat' dir='ltr'><strong>esse.</strong></span> <span class='ocrx_word' id='word_1_338' title='bbox 617 2964 811 3023; x_wconf 82' lang='lat' dir='ltr'><strong>Merito</strong></span> <span class='ocrx_word' id='word_1_339' title='bbox 842 2972 1072 3041; x_wconf 88' lang='lat' dir='ltr'><strong>proinde</strong></span> <span class='ocrx_word' id='word_1_340' title='bbox 1123 2977 1204 3028; x_wconf 83' lang='lat' dir='ltr'><strong>vir</strong></span> <span class='ocrx_word' id='word_1_341' title='bbox 1227 2979 1450 3037; x_wconf 82' lang='lat' dir='ltr'><strong>divinus</strong></span> <span class='ocrx_word' id='word_1_342' title='bbox 1477 2981 1748 3052; x_wconf 81' lang='lat' dir='ltr'><strong>Joachim,</strong></span> <span class='ocrx_word' id='word_1_343' title='bbox 1791 2999 1843 3042; x_wconf 89' lang='lat' dir='ltr'><strong>et</strong></span> <span class='ocrx_word' id='word_1_344' title='bbox 1869 2993 2023 3046; x_wconf 80' lang='lat' dir='ltr'><strong>Anna</strong></span> 
     </span>
    </p>
   </div>
   <div class='ocr_carea' id='block_1_49' title="bbox 446 3052 2024 3147">
    <p class='ocr_par' dir='ltr' id='par_1_49' title="bbox 446 3052 2024 3147">
     <span class='ocr_line' id='line_1_49' title="bbox 446 3052 2024 3147; baseline 0.018 -41"><span class='ocrx_word' id='word_1_345' title='bbox 446 3052 624 3122; x_wconf 86' lang='lat' dir='ltr'><strong>ipsius</strong></span> <span class='ocrx_word' id='word_1_346' title='bbox 663 3073 824 3121; x_wconf 74' lang='lat' dir='ltr'><strong>uxor,</strong></span> <span class='ocrx_word' id='word_1_347' title='bbox 850 3061 1034 3116; x_wconf 78' lang='lat' dir='ltr'><strong>dit-ina</strong></span> <span class='ocrx_word' id='word_1_348' title='bbox 1055 3063 1408 3125; x_wconf 70' lang='lat' dir='ltr'><strong>Ruridentia</strong></span> <span class='ocrx_word' id='word_1_349' title='bbox 1437 3077 1613 3128; x_wconf 82' lang='lat' dir='ltr'><strong>vocati</strong></span> <span class='ocrx_word' id='word_1_350' title='bbox 1642 3115 1656 3139; x_wconf 91' lang='lat'><strong>,</strong></span> <span class='ocrx_word' id='word_1_351' title='bbox 1693 3081 2024 3147; x_wconf 79' lang='lat' dir='ltr'><strong>precationis</strong></span> 
     </span>
    </p>
   </div>
   <div class='ocr_carea' id='block_1_50' title="bbox 445 3143 2022 3239">
    <p class='ocr_par' dir='ltr' id='par_1_50' title="bbox 445 3143 2022 3239">
     <span class='ocr_line' id='line_1_50' title="bbox 445 3143 2022 3239; baseline 0.018 -44"><span class='ocrx_word' id='word_1_352' title='bbox 445 3143 680 3198; x_wconf 68' lang='lat' dir='ltr'><strong>fl&#39;llt&#39;lillll</strong></span> <span class='ocrx_word' id='word_1_353' title='bbox 734 3163 1116 3219; x_wconf 74' lang='lat' dir='ltr'><strong>perceperunt,</strong></span> <span class='ocrx_word' id='word_1_354' title='bbox 1149 3155 1316 3222; x_wconf 90' lang='lat' dir='ltr'><strong>hanc,</strong></span> <span class='ocrx_word' id='word_1_355' title='bbox 1342 3159 1589 3228; x_wconf 86' lang='lat' dir='ltr'><strong>inquam,</strong></span> <span class='ocrx_word' id='word_1_356' title='bbox 1631 3176 1840 3220; x_wconf 69' lang='lat' dir='ltr'><strong>natura:</strong></span> <span class='ocrx_word' id='word_1_357' title='bbox 1880 3173 2022 3239; x_wconf 80' lang='lat' dir='ltr'><strong>regi-</strong></span> 
     </span>
    </p>
   </div>
   <div class='ocr_carea' id='block_1_51' title="bbox 445 3249 2018 3325">
    <p class='ocr_par' dir='ltr' id='par_1_51' title="bbox 445 3249 2018 3325">
     <span class='ocr_line' id='line_1_51' title="bbox 445 3249 2018 3325; baseline 0.017 -37"><span class='ocrx_word' id='word_1_358' title='bbox 445 3251 592 3300; x_wconf 88' lang='lat' dir='ltr'><strong>nam,</strong></span> <span class='ocrx_word' id='word_1_359' title='bbox 639 3253 702 3290; x_wconf 90' lang='lat' dir='ltr'><strong>ac</strong></span> <span class='ocrx_word' id='word_1_360' title='bbox 749 3249 952 3296; x_wconf 74' lang='lat' dir='ltr'><strong>nostra:</strong></span> <span class='ocrx_word' id='word_1_361' title='bbox 988 3260 1183 3300; x_wconf 69' lang='lat' dir='ltr'><strong>massa:</strong></span> <span class='ocrx_word' id='word_1_362' title='bbox 1229 3250 1521 3317; x_wconf 87' lang='lat' dir='ltr'><strong>primitias,</strong></span> <span class='ocrx_word' id='word_1_363' title='bbox 1571 3256 1730 3325; x_wconf 85' lang='lat' dir='ltr'><strong>cujus</strong></span> <span class='ocrx_word' id='word_1_364' title='bbox 1786 3263 2018 3315; x_wconf 85' lang='lat' dir='ltr'><strong>natalem</strong></span> 
     </span>
    </p>
   </div>
   <div class='ocr_carea' id='block_1_52' title="bbox 441 3323 2020 3420">
    <p class='ocr_par' dir='ltr' id='par_1_52' title="bbox 441 3323 2020 3420">
     <span class='ocr_line' id='line_1_52' title="bbox 441 3323 2020 3420; baseline 0.018 -42"><span class='ocrx_word' id='word_1_365' title='bbox 441 3323 585 3379; x_wconf 82' lang='lat' dir='ltr'><strong>diem</strong></span> <span class='ocrx_word' id='word_1_366' title='bbox 626 3327 865 3396; x_wconf 72' lang='lat' dir='ltr'><strong>agimus,</strong></span> <span class='ocrx_word' id='word_1_367' title='bbox 895 3342 1060 3402; x_wconf 85' lang='lat' dir='ltr'><strong>atque</strong></span> <span class='ocrx_word' id='word_1_368' title='bbox 1094 3336 1424 3394; x_wconf 74' lang='lat' dir='ltr'><strong>incunabula</strong></span> <span class='ocrx_word' id='word_1_369' title='bbox 1460 3344 1666 3402; x_wconf 85' lang='lat' dir='ltr'><strong>honore</strong></span> <span class='ocrx_word' id='word_1_370' title='bbox 1697 3351 2020 3420; x_wconf 74' lang='lat' dir='ltr'><strong>romplrcti-</strong></span> 
     </span>
    </p>
   </div>
   <div class='ocr_carea' id='block_1_53' title="bbox 443 3429 2018 3514">
    <p class='ocr_par' dir='ltr' id='par_1_53' title="bbox 443 3429 2018 3514">
     <span class='ocr_line' id='line_1_53' title="bbox 443 3429 2018 3514; baseline 0.017 -42"><span class='ocrx_word' id='word_1_371' title='bbox 443 3432 584 3480; x_wconf 87' lang='lat' dir='ltr'><strong>mur,</strong></span> <span class='ocrx_word' id='word_1_372' title='bbox 643 3435 894 3490; x_wconf 83' lang='lat' dir='ltr'><strong>eamque,</strong></span> <span class='ocrx_word' id='word_1_373' title='bbox 952 3441 1074 3494; x_wconf 67' lang='lat' dir='ltr'><strong>quae</strong></span> <span class='ocrx_word' id='word_1_374' title='bbox 1132 3429 1256 3484; x_wconf 86' lang='lat' dir='ltr'><strong>hinc</strong></span> <span class='ocrx_word' id='word_1_375' title='bbox 1321 3434 1565 3502; x_wconf 80' lang='lat' dir='ltr'><strong>profecta</strong></span> <span class='ocrx_word' id='word_1_376' title='bbox 1625 3447 1727 3502; x_wconf 81' lang='lat' dir='ltr'><strong>est,</strong></span> <span class='ocrx_word' id='word_1_377' title='bbox 1791 3445 2018 3514; x_wconf 89' lang='lat' dir='ltr'><strong>collapsi</strong></span> 
     </span>
    </p>
   </div>
   <div class='ocr_carea' id='block_1_54' title="bbox 442 3511 2018 3600">
    <p class='ocr_par' dir='ltr' id='par_1_54' title="bbox 442 3511 2018 3600">
     <span class='ocr_line' id='line_1_54' title="bbox 442 3511 2018 3600; baseline 0.02 -39"><span class='ocrx_word' id='word_1_378' title='bbox 442 3511 616 3563; x_wconf 80' lang='lat' dir='ltr'><strong>nostri</strong></span> <span class='ocrx_word' id='word_1_379' title='bbox 646 3513 864 3580; x_wconf 86' lang='lat' dir='ltr'><strong>generis</strong></span> <span class='ocrx_word' id='word_1_380' title='bbox 900 3519 1289 3574; x_wconf 77' lang='lat' dir='ltr'><strong>excitationem</strong></span> <span class='ocrx_word' id='word_1_381' title='bbox 1338 3533 1392 3577; x_wconf 91' lang='lat' dir='ltr'><strong>et</strong></span> <span class='ocrx_word' id='word_1_382' title='bbox 1434 3529 1487 3580; x_wconf 91' lang='lat' dir='ltr'><strong>in</strong></span> <span class='ocrx_word' id='word_1_383' title='bbox 1523 3529 1796 3600; x_wconf 76' lang='lat' dir='ltr'><strong>integrum</strong></span> <span class='ocrx_word' id='word_1_384' title='bbox 1855 3537 2018 3591; x_wconf 88' lang='lat' dir='ltr'><strong>resti-</strong></span> 
     </span>
    </p>
   </div>
   <div class='ocr_carea' id='block_1_55' title="bbox 441 3601 2020 3692">
    <p class='ocr_par' dir='ltr' id='par_1_55' title="bbox 441 3601 2020 3692">
     <span class='ocr_line' id='line_1_55' title="bbox 441 3601 2020 3692; baseline 0.02 -41"><span class='ocrx_word' id='word_1_385' title='bbox 441 3601 704 3656; x_wconf 87' lang='lat' dir='ltr'><strong>tutionem</strong></span> <span class='ocrx_word' id='word_1_386' title='bbox 749 3621 1095 3663; x_wconf 75' lang='lat' dir='ltr'><strong>veneramur.</strong></span> <span class='ocrx_word' id='word_1_387' title='bbox 1155 3610 1272 3665; x_wconf 76' lang='lat' dir='ltr'><strong>1am</strong></span> <span class='ocrx_word' id='word_1_388' title='bbox 1337 3618 1484 3670; x_wconf 90' lang='lat' dir='ltr'><strong>enim</strong></span> <span class='ocrx_word' id='word_1_389' title='bbox 1551 3620 1599 3672; x_wconf 91' lang='lat' dir='ltr'><strong>id</strong></span> <span class='ocrx_word' id='word_1_390' title='bbox 1665 3628 1808 3692; x_wconf 82' lang='lat' dir='ltr'><strong>quod</strong></span> <span class='ocrx_word' id='word_1_391' title='bbox 1860 3629 2020 3684; x_wconf 87' lang='lat' dir='ltr'><strong>nobis</strong></span> 
     </span>
    </p>
   </div>
   <div class='ocr_carea' id='block_1_56' title="bbox 438 3699 2016 3775">
    <p class='ocr_par' dir='ltr' id='par_1_56' title="bbox 438 3699 2016 3775">
     <span class='ocr_line' id='line_1_56' title="bbox 438 3699 2016 3775; baseline 0.018 -29"><span class='ocrx_word' id='word_1_392' title='bbox 438 3702 730 3760; x_wconf 80' lang='lat' dir='ltr'><strong>cognatum</strong></span> <span class='ocrx_word' id='word_1_393' title='bbox 789 3707 898 3764; x_wconf 92' lang='lat' dir='ltr'><strong>est,</strong></span> <span class='ocrx_word' id='word_1_394' title='bbox 950 3699 1317 3760; x_wconf 76' lang='lat' dir='ltr'><strong>deiﬁeationls</strong></span> <span class='ocrx_word' id='word_1_395' title='bbox 1372 3706 1590 3764; x_wconf 87' lang='lat' dir='ltr'><strong>initium</strong></span> <span class='ocrx_word' id='word_1_396' title='bbox 1653 3717 1840 3770; x_wconf 85' lang='lat' dir='ltr'><strong>sumit.</strong></span> <span class='ocrx_word' id='word_1_397' title='bbox 1897 3717 2016 3775; x_wconf 81' lang='lat' dir='ltr'><strong>Jam</strong></span> 
     </span>
    </p>
   </div>
   <div class='ocr_carea' id='block_1_57' title="bbox 439 3783 2018 3880">
    <p class='ocr_par' dir='ltr' id='par_1_57' title="bbox 439 3783 2018 3880">
     <span class='ocr_line' id='line_1_57' title="bbox 439 3783 2018 3880; baseline 0.022 -49"><span class='ocrx_word' id='word_1_398' title='bbox 439 3783 688 3852; x_wconf 70' lang='lat' dir='ltr'><strong>pristinae</strong></span> <span class='ocrx_word' id='word_1_399' title='bbox 745 3790 1052 3846; x_wconf 83' lang='lat' dir='ltr'><strong>sterilitatis</strong></span> <span class='ocrx_word' id='word_1_400' title='bbox 1102 3793 1317 3850; x_wconf 84' lang='lat' dir='ltr'><strong>vincula</strong></span> <span class='ocrx_word' id='word_1_401' title='bbox 1369 3800 1693 3870; x_wconf 80' lang='lat' dir='ltr'><strong>solvuntur;</strong></span> <span class='ocrx_word' id='word_1_402' title='bbox 1749 3815 1826 3871; x_wconf 89' lang='lat' dir='ltr'><strong>et,</strong></span> <span class='ocrx_word' id='word_1_403' title='bbox 1895 3827 2018 3880; x_wconf 59' lang='lat' dir='ltr'><strong>quae</strong></span> 
     </span>
    </p>
   </div>
   <div class='ocr_carea' id='block_1_58' title="bbox 440 3874 2018 3970">
    <p class='ocr_par' dir='ltr' id='par_1_58' title="bbox 440 3874 2018 3970">
     <span class='ocr_line' id='line_1_58' title="bbox 440 3874 2018 3970; baseline 0.02 -43"><span class='ocrx_word' id='word_1_404' title='bbox 440 3874 631 3931; x_wconf 84' lang='lat' dir='ltr'><strong>liberis</strong></span> <span class='ocrx_word' id='word_1_405' title='bbox 713 3880 989 3947; x_wconf 81' lang='lat' dir='ltr'><strong>carebat,</strong></span> <span class='ocrx_word' id='word_1_406' title='bbox 1059 3895 1231 3940; x_wconf 83' lang='lat' dir='ltr'><strong>mater</strong></span> <span class='ocrx_word' id='word_1_407' title='bbox 1301 3889 1581 3956; x_wconf 74' lang='lat' dir='ltr'><strong>efﬁcitur,</strong></span> <span class='ocrx_word' id='word_1_408' title='bbox 1654 3905 1708 3951; x_wconf 83' lang='lat' dir='ltr'><strong>et</strong></span> <span class='ocrx_word' id='word_1_409' title='bbox 1773 3874 2018 3970; x_wconf 71' lang='lat' dir='ltr'><strong>pulchra:</strong></span> 
     </span>
    </p>
   </div>
   <div class='ocr_carea' id='block_1_59' title="bbox 439 3968 2016 4054">
    <p class='ocr_par' dir='ltr' id='par_1_59' title="bbox 439 3968 2016 4054">
     <span class='ocr_line' id='line_1_59' title="bbox 439 3968 2016 4054; baseline 0.02 -35"><span class='ocrx_word' id='word_1_410' title='bbox 439 3968 614 4036; x_wconf 83' lang='lat' dir='ltr'><strong>prolis</strong></span> <span class='ocrx_word' id='word_1_411' title='bbox 649 3985 849 4040; x_wconf 90' lang='lat' dir='ltr'><strong>parens</strong></span> <span class='ocrx_word' id='word_1_412' title='bbox 880 3989 965 4038; x_wconf 90' lang='lat' dir='ltr'><strong>ea,</strong></span> <span class='ocrx_word' id='word_1_413' title='bbox 1007 3991 1128 4044; x_wconf 75' lang='lat' dir='ltr'><strong>qua:</strong></span> <span class='ocrx_word' id='word_1_414' title='bbox 1165 3978 1404 4034; x_wconf 87' lang='lat' dir='ltr'><strong>ﬁliorum</strong></span> <span class='ocrx_word' id='word_1_415' title='bbox 1443 4000 1642 4054; x_wconf 77' lang='lat' dir='ltr'><strong>expers</strong></span> <span class='ocrx_word' id='word_1_416' title='bbox 1686 3999 1826 4054; x_wconf 88' lang='lat' dir='ltr'><strong>erat,</strong></span> <span class='ocrx_word' id='word_1_417' title='bbox 1859 3992 2016 4050; x_wconf 79' lang='lat' dir='ltr'><strong>inve-</strong></span> 
     </span>
    </p>
   </div>
   <div class='ocr_carea' id='block_1_60' title="bbox 437 4059 2011 4146">
    <p class='ocr_par' dir='ltr' id='par_1_60' title="bbox 437 4059 2011 4146">
     <span class='ocr_line' id='line_1_60' title="bbox 437 4059 2011 4146; baseline 0.021 -34"><span class='ocrx_word' id='word_1_418' title='bbox 437 4059 610 4124; x_wconf 90' lang='lat' dir='ltr'><strong>nitur,</strong></span> <span class='ocrx_word' id='word_1_419' title='bbox 642 4061 954 4134; x_wconf 80' lang='lat' dir='ltr'><strong>gaudetque</strong></span> <span class='ocrx_word' id='word_1_420' title='bbox 978 4065 1138 4120; x_wconf 86' lang='lat' dir='ltr'><strong>Anna</strong></span> <span class='ocrx_word' id='word_1_421' title='bbox 1165 4070 1435 4142; x_wconf 73' lang='lat' dir='ltr'><strong>virginem</strong></span> <span class='ocrx_word' id='word_1_422' title='bbox 1467 4076 1734 4135; x_wconf 85' lang='lat' dir='ltr'><strong>infantem</strong></span> <span class='ocrx_word' id='word_1_423' title='bbox 1773 4083 2011 4146; x_wconf 88' lang='lat' dir='ltr'><strong>lactans.</strong></span> 
     </span>
    </p>
   </div>
   <div class='ocr_carea' id='block_1_61' title="bbox 432 4146 2015 4234">
    <p class='ocr_par' dir='ltr' id='par_1_61' title="bbox 432 4146 2015 4234">
     <span class='ocr_line' id='line_1_61' title="bbox 432 4146 2015 4234; baseline 0.017 -30"><span class='ocrx_word' id='word_1_424' title='bbox 432 4146 552 4204; x_wconf 76' lang='lat' dir='ltr'><strong>Jam</strong></span> <span class='ocrx_word' id='word_1_425' title='bbox 587 4152 899 4209; x_wconf 86' lang='lat' dir='ltr'><strong>sterilitatis</strong></span> <span class='ocrx_word' id='word_1_426' title='bbox 960 4165 1172 4214; x_wconf 88' lang='lat' dir='ltr'><strong>meatus</strong></span> <span class='ocrx_word' id='word_1_427' title='bbox 1236 4161 1644 4234; x_wconf 87' lang='lat' dir='ltr'><strong>obstruuntur,</strong></span> <span class='ocrx_word' id='word_1_428' title='bbox 1701 4180 1756 4225; x_wconf 87' lang='lat' dir='ltr'><strong>et</strong></span> <span class='ocrx_word' id='word_1_429' title='bbox 1819 4175 2015 4230; x_wconf 71' lang='lat' dir='ltr'><strong>ferun-</strong></span> 
     </span>
    </p>
   </div>
   <div class='ocr_carea' id='block_1_62' title="bbox 432 4235 2013 4332">
    <p class='ocr_par' dir='ltr' id='par_1_62' title="bbox 432 4235 2013 4332">
     <span class='ocr_line' id='line_1_62' title="bbox 432 4235 2013 4332; baseline 0.018 -40"><span class='ocrx_word' id='word_1_430' title='bbox 432 4240 620 4297; x_wconf 83' lang='lat' dir='ltr'><strong>ditatis</strong></span> <span class='ocrx_word' id='word_1_431' title='bbox 644 4259 792 4299; x_wconf 77' lang='lat' dir='ltr'><strong>vente</strong></span> <span class='ocrx_word' id='word_1_432' title='bbox 827 4235 1059 4314; x_wconf 85' lang='lat' dir='ltr'><strong>tument,</strong></span> <span class='ocrx_word' id='word_1_433' title='bbox 1107 4260 1160 4304; x_wconf 90' lang='lat' dir='ltr'><strong>et</strong></span> <span class='ocrx_word' id='word_1_434' title='bbox 1193 4253 1399 4310; x_wconf 85' lang='lat' dir='ltr'><strong>sterilis</strong></span> <span class='ocrx_word' id='word_1_435' title='bbox 1431 4268 1620 4326; x_wconf 90' lang='lat' dir='ltr'><strong>partus</strong></span> <span class='ocrx_word' id='word_1_436' title='bbox 1646 4263 1876 4332; x_wconf 79' lang='lat' dir='ltr'><strong>virginis</strong></span> <span class='ocrx_word' id='word_1_437' title='bbox 1909 4268 2013 4321; x_wconf 83' lang='lat' dir='ltr'><strong>mi-</strong></span> 
     </span>
    </p>
   </div>
   <div class='ocr_carea' id='block_1_63' title="bbox 435 4333 2008 4418">
    <p class='ocr_par' dir='ltr' id='par_1_63' title="bbox 435 4333 2008 4418">
     <span class='ocr_line' id='line_1_63' title="bbox 435 4333 2008 4418; baseline 0.019 -34"><span class='ocrx_word' id='word_1_438' title='bbox 435 4333 678 4386; x_wconf 80' lang='lat' dir='ltr'><strong>raculum</strong></span> <span class='ocrx_word' id='word_1_439' title='bbox 729 4337 1019 4392; x_wconf 88' lang='lat' dir='ltr'><strong>antecedit.</strong></span> <span class='ocrx_word' id='word_1_440' title='bbox 1073 4339 1208 4394; x_wconf 81' lang='lat' dir='ltr'><strong>Nam</strong></span> <span class='ocrx_word' id='word_1_441' title='bbox 1239 4343 1283 4397; x_wconf 91' lang='lat' dir='ltr'><strong>si</strong></span> <span class='ocrx_word' id='word_1_442' title='bbox 1333 4361 1587 4418; x_wconf 82' lang='lat' dir='ltr'><strong>magnum</strong></span> <span class='ocrx_word' id='word_1_443' title='bbox 1639 4361 1725 4406; x_wconf 90' lang='lat' dir='ltr'><strong>est</strong></span> <span class='ocrx_word' id='word_1_444' title='bbox 1765 4358 2008 4414; x_wconf 86' lang='lat' dir='ltr'><strong>sterilem</strong></span> 
     </span>
    </p>
   </div>
   <div class='ocr_carea' id='block_1_64' title="bbox 719 1873 2025 1980">
    <p class='ocr_par' dir='ltr' id='par_1_64' title="bbox 719 1873 2025 1969">
     <span class='ocr_line' id='line_1_64' title="bbox 719 1873 2025 1969; baseline 0.021 -42"><span class='ocrx_word' id='word_1_445' title='bbox 719 1873 961 1945; x_wconf 78' lang='lat' dir='ltr'><strong>ﬁgmenti</strong></span> <span class='ocrx_word' id='word_1_446' title='bbox 1045 1899 1215 1940; x_wconf 76' lang='lat' dir='ltr'><strong>causa</strong></span> <span class='ocrx_word' id='word_1_447' title='bbox 1293 1903 1421 1943; x_wconf 90' lang='lat' dir='ltr'><strong>cum</strong></span> <span class='ocrx_word' id='word_1_448' title='bbox 1497 1891 1752 1962; x_wconf 82' lang='lat' dir='ltr'><strong>ﬁgmento</strong></span> <span class='ocrx_word' id='word_1_449' title='bbox 1813 1902 2025 1969; x_wconf 83' lang='lat' dir='ltr'><strong>copula-</strong></span> 
     </span>
    </p>
   </div>
   <div class='ocr_carea' id='block_1_65' title="bbox 2126 1873 3729 1980">
    <p class='ocr_par' dir='ltr' id='par_1_65' title="bbox 2143 1873 3729 1980">
     <span class='ocr_line' id='line_1_65' title="bbox 2143 1873 3729 1980; baseline 0.013 -32"><span class='ocrx_word' id='word_1_450' title='bbox 2143 1888 2344 1968; x_wconf 86' lang='grc' dir='ltr'>θενικῷ</span> <span class='ocrx_word' id='word_1_451' title='bbox 2383 1873 2590 1972; x_wconf 47' lang='lat' dir='ltr'><strong>impie),</strong></span> <span class='ocrx_word' id='word_1_452' title='bbox 2623 1873 2718 1956; x_wconf 47' lang='grc' dir='ltr'><strong>καὶ</strong></span> <span class='ocrx_word' id='word_1_453' title='bbox 2754 1903 2890 1977; x_wconf 79' lang='grc' dir='ltr'>πρὸς</span> <span class='ocrx_word' id='word_1_454' title='bbox 3053 1907 3198 1963; x_wconf 83' lang='grc' dir='ltr'>τέλει</span> <span class='ocrx_word' id='word_1_455' title='bbox 3241 1873 3350 1964; x_wconf 70' lang='grc' dir='ltr'><strong>τών</strong></span> <span class='ocrx_word' id='word_1_456' title='bbox 3380 1873 3610 1980; x_wconf 65' lang='grc' dir='ltr'>καιρὲὑν,</span> <span class='ocrx_word' id='word_1_457' title='bbox 3635 1873 3729 1968; x_wconf 68' lang='grc' dir='ltr'>ὅτε</span> 
     </span>
    </p>
   </div>
   <div class='ocr_carea' id='block_1_66' title="bbox 2139 1989 3730 2070">
    <p class='ocr_par' dir='ltr' id='par_1_66' title="bbox 2139 1989 3730 2070">
     <span class='ocr_line' id='line_1_66' title="bbox 2139 1989 3730 2070; baseline 0.013 -30"><span class='ocrx_word' id='word_1_458' title='bbox 2139 1989 2290 2060; x_wconf 74' lang='grc' dir='ltr'>ἥξειν</span> <span class='ocrx_word' id='word_1_459' title='bbox 2316 1991 2480 2044; x_wconf 77' lang='grc' dir='ltr'>αὑτὸν</span> <span class='ocrx_word' id='word_1_460' title='bbox 2519 1993 2548 2046; x_wconf 87' lang='grc' dir='ltr'>ὁ</span> <span class='ocrx_word' id='word_1_461' title='bbox 2580 1994 2748 2048; x_wconf 74' lang='grc' dir='ltr'>Δαϐὶδ</span> <span class='ocrx_word' id='word_1_462' title='bbox 2780 1997 3180 2070; x_wconf 81' lang='grc' dir='ltr'>προηγόρευσε.</span> <span class='ocrx_word' id='word_1_463' title='bbox 3229 2003 3338 2056; x_wconf 75' lang='grc' dir='ltr'><strong>Καὶ</strong></span> <span class='ocrx_word' id='word_1_464' title='bbox 3367 2003 3526 2058; x_wconf 80' lang='grc' dir='ltr'>τοῦτό</span> <span class='ocrx_word' id='word_1_465' title='bbox 3571 2007 3730 2060; x_wconf 75' lang='grc' dir='ltr'>ἐστιν</span> 
     </span>
    </p>
   </div>
   <div class='ocr_carea' id='block_1_67' title="bbox 2137 2083 3730 2166">
    <p class='ocr_par' dir='ltr' id='par_1_67' title="bbox 2137 2083 3730 2166">
     <span class='ocr_line' id='line_1_67' title="bbox 2137 2083 3730 2166; baseline 0.011 -30"><span class='ocrx_word' id='word_1_466' title='bbox 2137 2083 2166 2136; x_wconf 81' lang='grc' dir='ltr'><strong>ὃ</strong></span> <span class='ocrx_word' id='word_1_467' title='bbox 2199 2085 2646 2158; x_wconf 80' lang='grc' dir='ltr'>πανηγυρίζομεν</span> <span class='ocrx_word' id='word_1_468' title='bbox 2687 2091 2950 2162; x_wconf 84' lang='grc' dir='ltr'><strong>σήμερον,</strong></span> <span class='ocrx_word' id='word_1_469' title='bbox 2994 2093 3057 2146; x_wconf 81' lang='grc' dir='ltr'>τὸ</span> <span class='ocrx_word' id='word_1_470' title='bbox 3100 2093 3202 2164; x_wconf 83' lang='grc' dir='ltr'>τῆς</span> <span class='ocrx_word' id='word_1_471' title='bbox 3246 2097 3526 2166; x_wconf 79' lang='grc' dir='ltr'><strong>Παρθένου</strong></span> <span class='ocrx_word' id='word_1_472' title='bbox 3565 2100 3730 2155; x_wconf 77' lang='grc' dir='ltr'>Γενέο</span> 
     </span>
    </p>
   </div>
   <div class='ocr_carea' id='block_1_68' title="bbox 2139 2175 3728 2254">
    <p class='ocr_par' dir='ltr' id='par_1_68' title="bbox 2139 2175 3728 2254">
     <span class='ocr_line' id='line_1_68' title="bbox 2139 2175 3728 2254; baseline 0.012 -26"><span class='ocrx_word' id='word_1_473' title='bbox 2139 2175 2305 2241; x_wconf 87' lang='grc' dir='ltr'>θλιον,</span> <span class='ocrx_word' id='word_1_474' title='bbox 2357 2178 2420 2230; x_wconf 83' lang='grc' dir='ltr'>τὸ</span> <span class='ocrx_word' id='word_1_475' title='bbox 2473 2178 2580 2232; x_wconf 86' lang='grc' dir='ltr'>τῶν</span> <span class='ocrx_word' id='word_1_476' title='bbox 2629 2181 2834 2248; x_wconf 78' lang='grc' dir='ltr'>ἑορτῶν</span> <span class='ocrx_word' id='word_1_477' title='bbox 2887 2185 3244 2254; x_wconf 85' lang='grc' dir='ltr'>προεισὸδιον.</span> <span class='ocrx_word' id='word_1_478' title='bbox 3303 2189 3398 2242; x_wconf 85' lang='grc' dir='ltr'>καὶ</span> <span class='ocrx_word' id='word_1_479' title='bbox 3427 2190 3522 2243; x_wconf 81' lang='grc' dir='ltr'>τοῦ</span> <span class='ocrx_word' id='word_1_480' title='bbox 3578 2192 3728 2247; x_wconf 79' lang='grc' dir='ltr'>κατὰ</span> 
     </span>
    </p>
   </div>
   <div class='ocr_carea' id='block_1_69' title="bbox 2135 2267 3725 2356">
    <p class='ocr_par' dir='ltr' id='par_1_69' title="bbox 2135 2267 3725 2356">
     <span class='ocr_line' id='line_1_69' title="bbox 2135 2267 3725 2356; baseline 0.014 -38"><span class='ocrx_word' id='word_1_481' title='bbox 2135 2267 2373 2336; x_wconf 83' lang='grc' dir='ltr'>Χριστὸν</span> <span class='ocrx_word' id='word_1_482' title='bbox 2421 2271 2724 2342; x_wconf 79' lang='grc' dir='ltr'>μυστηρίου</span> <span class='ocrx_word' id='word_1_483' title='bbox 2770 2276 3080 2346; x_wconf 84' lang='grc' dir='ltr'>προοίμιον.</span> <span class='ocrx_word' id='word_1_484' title='bbox 3117 2279 3264 2333; x_wconf 85' lang='grc' dir='ltr'><strong>Ἔδει</strong></span> <span class='ocrx_word' id='word_1_485' title='bbox 3308 2281 3417 2352; x_wconf 84' lang='grc' dir='ltr'><strong>γὰρ</strong></span> <span class='ocrx_word' id='word_1_486' title='bbox 3466 2301 3725 2356; x_wconf 87' lang='grc' dir='ltr'>προετοι-</span> 
     </span>
    </p>
   </div>
   <div class='ocr_carea' id='block_1_70' title="bbox 2139 2360 3725 2450">
    <p class='ocr_par' dir='ltr' id='par_1_70' title="bbox 2139 2360 3725 2450">
     <span class='ocr_line' id='line_1_70' title="bbox 2139 2360 3725 2450; baseline 0.018 -41"><span class='ocrx_word' id='word_1_487' title='bbox 2139 2360 2411 2429; x_wconf 76' lang='grc' dir='ltr'>μασθῆναι</span> <span class='ocrx_word' id='word_1_488' title='bbox 2449 2362 2528 2432; x_wconf 81' lang='grc' dir='ltr'>τῷ</span> <span class='ocrx_word' id='word_1_489' title='bbox 2553 2365 2764 2434; x_wconf 84' lang='grc' dir='ltr'>βασιλεῖ</span> <span class='ocrx_word' id='word_1_490' title='bbox 2786 2370 2848 2423; x_wconf 79' lang='grc' dir='ltr'>τὸ</span> <span class='ocrx_word' id='word_1_491' title='bbox 2885 2371 3168 2432; x_wconf 80' lang='grc' dir='ltr'>παλάτιον,</span> <span class='ocrx_word' id='word_1_492' title='bbox 3216 2370 3316 2428; x_wconf 82' lang='grc' dir='ltr'>εἷθ’</span> <span class='ocrx_word' id='word_1_493' title='bbox 3347 2376 3492 2432; x_wconf 76' lang='grc' dir='ltr'>οὕτω</span> <span class='ocrx_word' id='word_1_494' title='bbox 3521 2384 3725 2450; x_wconf 79' lang='grc' dir='ltr'>παρεῖ-</span> 
     </span>
    </p>
   </div>
   <div class='ocr_carea' id='block_1_71' title="bbox 2135 2452 3722 2540">
    <p class='ocr_par' dir='ltr' id='par_1_71' title="bbox 2135 2452 3722 2540">
     <span class='ocr_line' id='line_1_71' title="bbox 2135 2452 3722 2540; baseline 0.016 -39"><span class='ocrx_word' id='word_1_495' title='bbox 2135 2467 2225 2502; x_wconf 89' lang='grc' dir='ltr'><strong>ναι</strong></span> <span class='ocrx_word' id='word_1_496' title='bbox 2271 2452 2358 2504; x_wconf 80' lang='grc' dir='ltr'><strong>τὸν</strong></span> <span class='ocrx_word' id='word_1_497' title='bbox 2419 2452 2662 2522; x_wconf 77' lang='grc' dir='ltr'>βασιλέα.</span> <span class='ocrx_word' id='word_1_498' title='bbox 2699 2460 2846 2514; x_wconf 85' lang='grc' dir='ltr'>Ἔδει</span> <span class='ocrx_word' id='word_1_499' title='bbox 2891 2465 3307 2536; x_wconf 79' lang='grc' dir='ltr'>προυφανθῆναι</span> <span class='ocrx_word' id='word_1_500' title='bbox 3349 2468 3418 2523; x_wconf 83' lang='grc' dir='ltr'><strong>τά</strong></span> <span class='ocrx_word' id='word_1_501' title='bbox 3466 2469 3722 2540; x_wconf 81' lang='grc' dir='ltr'>βασίλεια</span> 
     </span>
    </p>
   </div>
   <div class='ocr_carea' id='block_1_72' title="bbox 2135 2543 3718 2636">
    <p class='ocr_par' dir='ltr' id='par_1_72' title="bbox 2135 2543 3718 2636">
     <span class='ocr_line' id='line_1_72' title="bbox 2135 2543 3718 2636; baseline 0.015 -42"><span class='ocrx_word' id='word_1_502' title='bbox 2135 2543 2448 2614; x_wconf 85' lang='grc' dir='ltr'>σπάργανα,</span> <span class='ocrx_word' id='word_1_503' title='bbox 2480 2543 2580 2600; x_wconf 81' lang='grc' dir='ltr'>εἷθ’</span> <span class='ocrx_word' id='word_1_504' title='bbox 2622 2549 2766 2605; x_wconf 80' lang='grc' dir='ltr'>οὕτω</span> <span class='ocrx_word' id='word_1_505' title='bbox 2802 2556 3132 2626; x_wconf 82' lang='grc' dir='ltr'><strong>γεννηθῆναι</strong></span> <span class='ocrx_word' id='word_1_506' title='bbox 3176 2559 3238 2612; x_wconf 84' lang='grc' dir='ltr'>τὺ</span> <span class='ocrx_word' id='word_1_507' title='bbox 3282 2559 3556 2630; x_wconf 82' lang='grc' dir='ltr'>βασίλειον</span> <span class='ocrx_word' id='word_1_508' title='bbox 3587 2563 3718 2636; x_wconf 82' lang='grc' dir='ltr'>βρέ-</span> 
     </span>
    </p>
   </div>
   <div class='ocr_carea' id='block_1_73' title="bbox 2134 2639 3721 2725">
    <p class='ocr_par' dir='ltr' id='par_1_73' title="bbox 2134 2639 3721 2725">
     <span class='ocr_line' id='line_1_73' title="bbox 2134 2639 3721 2725; baseline 0.015 -38"><span class='ocrx_word' id='word_1_509' title='bbox 2134 2651 2252 2704; x_wconf 82' lang='grc' dir='ltr'>φος.</span> <span class='ocrx_word' id='word_1_510' title='bbox 2289 2639 2397 2691; x_wconf 75' lang='grc' dir='ltr'><strong>Καὶ</strong></span> <span class='ocrx_word' id='word_1_511' title='bbox 2439 2639 2592 2705; x_wconf 82' lang='grc' dir='ltr'>τέλος</span> <span class='ocrx_word' id='word_1_512' title='bbox 2639 2642 2749 2696; x_wconf 79' lang='grc' dir='ltr'>ἔδει</span> <span class='ocrx_word' id='word_1_513' title='bbox 2796 2648 3211 2719; x_wconf 75' lang='grc' dir='ltr'>προφυραθῆναι</span> <span class='ocrx_word' id='word_1_514' title='bbox 3255 2651 3350 2705; x_wconf 84' lang='grc' dir='ltr'>τὸν</span> <span class='ocrx_word' id='word_1_515' title='bbox 3395 2655 3590 2725; x_wconf 69' lang='grc' dir='ltr'>πηλὸν.</span> <span class='ocrx_word' id='word_1_516' title='bbox 3621 2659 3721 2711; x_wconf 83' lang='grc' dir='ltr'>καὶ</span> 
     </span>
    </p>
   </div>
   <div class='ocr_carea' id='block_1_74' title="bbox 2129 2725 3722 2819">
    <p class='ocr_par' dir='ltr' id='par_1_74' title="bbox 2129 2725 3722 2819">
     <span class='ocr_line' id='line_1_74' title="bbox 2129 2725 3722 2819; baseline 0.015 -42"><span class='ocrx_word' id='word_1_517' title='bbox 2129 2725 2194 2778; x_wconf 83' lang='grc' dir='ltr'>τό</span> <span class='ocrx_word' id='word_1_518' title='bbox 2221 2743 2278 2778; x_wconf 85' lang='grc' dir='ltr'><strong>τε</strong></span> <span class='ocrx_word' id='word_1_519' title='bbox 2314 2733 2569 2798; x_wconf 87' lang='grc' dir='ltr'>παρεῖναι</span> <span class='ocrx_word' id='word_1_520' title='bbox 2617 2735 2708 2786; x_wconf 78' lang='grc' dir='ltr'>τὸν</span> <span class='ocrx_word' id='word_1_521' title='bbox 2745 2740 3016 2808; x_wconf 79' lang='grc' dir='ltr'>κεραμέα.</span> <span class='ocrx_word' id='word_1_522' title='bbox 3052 2741 3290 2806; x_wconf 82' lang='grc' dir='ltr'><strong>Εἰκότως</strong></span> <span class='ocrx_word' id='word_1_523' title='bbox 3317 2739 3412 2798; x_wconf 83' lang='grc' dir='ltr'>οὗν</span> <span class='ocrx_word' id='word_1_524' title='bbox 3457 2745 3722 2819; x_wconf 71' lang='grc' dir='ltr'>Ἰωακεὶμ</span> 
     </span>
    </p>
   </div>
   <div class='ocr_carea' id='block_1_75' title="bbox 2129 2817 3719 2910">
    <p class='ocr_par' dir='ltr' id='par_1_75' title="bbox 2129 2817 3719 2910">
     <span class='ocr_line' id='line_1_75' title="bbox 2129 2817 3719 2910; baseline 0.014 -38"><span class='ocrx_word' id='word_1_525' title='bbox 2129 2821 2159 2872; x_wconf 82' lang='grc' dir='ltr'>ὁ</span> <span class='ocrx_word' id='word_1_526' title='bbox 2187 2817 2511 2890; x_wconf 79' lang='grc' dir='ltr'>θαυμάσιος,</span> <span class='ocrx_word' id='word_1_527' title='bbox 2551 2827 2704 2898; x_wconf 77' lang='grc' dir='ltr'>καὶὴ</span> <span class='ocrx_word' id='word_1_528' title='bbox 2753 2827 2998 2895; x_wconf 77' lang='grc' dir='ltr'>σύνοικος</span> <span class='ocrx_word' id='word_1_529' title='bbox 3028 2834 3218 2900; x_wconf 79' lang='grc' dir='ltr'>Ἀννα,</span> <span class='ocrx_word' id='word_1_530' title='bbox 3259 2836 3433 2900; x_wconf 80' lang='grc' dir='ltr'>θείαις</span> <span class='ocrx_word' id='word_1_531' title='bbox 3478 2817 3719 2910; x_wconf 77' lang='grc' dir='ltr'>ἐπιφρο-</span> 
     </span>
    </p>
   </div>
   <div class='ocr_carea' id='block_1_76' title="bbox 2129 2909 3716 3006">
    <p class='ocr_par' dir='ltr' id='par_1_76' title="bbox 2129 2909 3716 3006">
     <span class='ocr_line' id='line_1_76' title="bbox 2129 2909 3716 3006; baseline 0.015 -44"><span class='ocrx_word' id='word_1_532' title='bbox 2129 2909 2316 2976; x_wconf 88' lang='grc' dir='ltr'>σύναις</span> <span class='ocrx_word' id='word_1_533' title='bbox 2369 2913 2858 2989; x_wconf 75' lang='grc' dir='ltr'>θεοκλυτούμενοι,</span> <span class='ocrx_word' id='word_1_534' title='bbox 2904 2924 3117 2994; x_wconf 82' lang='grc' dir='ltr'>καρπὸν</span> <span class='ocrx_word' id='word_1_535' title='bbox 3151 2926 3316 2996; x_wconf 81' lang='grc' dir='ltr'><strong>εὐχῆς</strong></span> <span class='ocrx_word' id='word_1_536' title='bbox 3361 2928 3716 3006; x_wconf 72' lang='grc' dir='ltr'>ἐπορίσαντο,</span> 
     </span>
    </p>
   </div>
   <div class='ocr_carea' id='block_1_77' title="bbox 2125 3003 3717 3094">
    <p class='ocr_par' dir='ltr' id='par_1_77' title="bbox 2125 3003 3717 3094">
     <span class='ocr_line' id='line_1_77' title="bbox 2125 3003 3717 3094; baseline 0.015 -40"><span class='ocrx_word' id='word_1_537' title='bbox 2125 3003 2334 3072; x_wconf 83' lang='grc' dir='ltr'>ταύτην</span> <span class='ocrx_word' id='word_1_538' title='bbox 2381 3007 2445 3076; x_wconf 82' lang='grc' dir='ltr'>δὴ</span> <span class='ocrx_word' id='word_1_539' title='bbox 2501 3007 2646 3076; x_wconf 84' lang='grc' dir='ltr'>λέγω</span> <span class='ocrx_word' id='word_1_540' title='bbox 2699 3011 2796 3082; x_wconf 82' lang='grc' dir='ltr'><strong>τὴν</strong></span> <span class='ocrx_word' id='word_1_541' title='bbox 2849 3013 3097 3082; x_wconf 82' lang='grc' dir='ltr'>βασιλίδα</span> <span class='ocrx_word' id='word_1_542' title='bbox 3151 3017 3254 3088; x_wconf 80' lang='grc' dir='ltr'>τῆς</span> <span class='ocrx_word' id='word_1_543' title='bbox 3311 3003 3555 3087; x_wconf 69' lang='grc' dir='ltr'>φύσεως,</span> <span class='ocrx_word' id='word_1_544' title='bbox 3611 3022 3717 3094; x_wconf 77' lang='grc' dir='ltr'><strong>τὴν</strong></span> 
     </span>
    </p>
   </div>
   <div class='ocr_carea' id='block_1_78' title="bbox 2051 3094 3718 3182">
    <p class='ocr_par' dir='ltr' id='par_1_78' title="bbox 2051 3094 3718 3182">
     <span class='ocr_line' id='line_1_78' title="bbox 2051 3094 3718 3182; baseline 0.013 -37"><span class='ocrx_word' id='word_1_545' title='bbox 2051 3125 2094 3182; x_wconf 75' lang='lat' dir='ltr'>c</span> <span class='ocrx_word' id='word_1_546' title='bbox 2128 3094 2388 3165; x_wconf 82' lang='grc' dir='ltr'>ἀπαρχὴν</span> <span class='ocrx_word' id='word_1_547' title='bbox 2434 3097 2527 3150; x_wconf 79' lang='grc' dir='ltr'>τοῦ</span> <span class='ocrx_word' id='word_1_548' title='bbox 2579 3099 2852 3170; x_wconf 77' lang='grc' dir='ltr'>ἡμετέρου</span> <span class='ocrx_word' id='word_1_549' title='bbox 2887 3105 3233 3174; x_wconf 79' lang='grc' dir='ltr'>φυράματος,</span> <span class='ocrx_word' id='word_1_550' title='bbox 3263 3103 3331 3179; x_wconf 77' lang='grc' dir='ltr'>ἦς</span> <span class='ocrx_word' id='word_1_551' title='bbox 3361 3111 3423 3163; x_wconf 83' lang='grc' dir='ltr'><strong>τὸ</strong></span> <span class='ocrx_word' id='word_1_552' title='bbox 3465 3111 3718 3181; x_wconf 82' lang='grc' dir='ltr'><strong>γενέσιον</strong></span> 
     </span>
    </p>
   </div>
   <div class='ocr_carea' id='block_1_79' title="bbox 2125 3185 3717 3272">
    <p class='ocr_par' dir='ltr' id='par_1_79' title="bbox 2125 3185 3717 3272">
     <span class='ocr_line' id='line_1_79' title="bbox 2125 3185 3717 3272; baseline 0.012 -33"><span class='ocrx_word' id='word_1_553' title='bbox 2125 3185 2352 3254; x_wconf 82' lang='grc' dir='ltr'>ἄγομεν.</span> <span class='ocrx_word' id='word_1_554' title='bbox 2411 3189 2506 3240; x_wconf 74' lang='grc' dir='ltr'><strong>καὶ</strong></span> <span class='ocrx_word' id='word_1_555' title='bbox 2548 3191 2795 3260; x_wconf 80' lang='grc' dir='ltr'>τιμῶμεν</span> <span class='ocrx_word' id='word_1_556' title='bbox 2835 3193 2905 3246; x_wconf 86' lang='grc' dir='ltr'><strong>τά</strong></span> <span class='ocrx_word' id='word_1_557' title='bbox 2933 3197 3242 3266; x_wconf 83' lang='grc' dir='ltr'>σπάργανα,</span> <span class='ocrx_word' id='word_1_558' title='bbox 3272 3200 3367 3254; x_wconf 79' lang='grc' dir='ltr'>καὶ</span> <span class='ocrx_word' id='word_1_559' title='bbox 3395 3202 3496 3272; x_wconf 76' lang='grc' dir='ltr'><strong>τὴν</strong></span> <span class='ocrx_word' id='word_1_560' title='bbox 3524 3203 3717 3257; x_wconf 78' lang='grc' dir='ltr'><strong>ἐντεῦ-</strong></span> 
     </span>
    </p>
   </div>
   <div class='ocr_carea' id='block_1_80' title="bbox 2126 3273 3715 3372">
    <p class='ocr_par' dir='ltr' id='par_1_80' title="bbox 2126 3273 3715 3372">
     <span class='ocr_line' id='line_1_80' title="bbox 2126 3273 3715 3372; baseline 0.017 -47"><span class='ocrx_word' id='word_1_561' title='bbox 2126 3273 2218 3326; x_wconf 89' lang='grc' dir='ltr'><strong>θεν</strong></span> <span class='ocrx_word' id='word_1_562' title='bbox 2255 3277 2672 3350; x_wconf 78' lang='grc' dir='ltr'>προσκυνοῦμεν</span> <span class='ocrx_word' id='word_1_563' title='bbox 2705 3283 2801 3335; x_wconf 79' lang='grc' dir='ltr'>τοῦ</span> <span class='ocrx_word' id='word_1_564' title='bbox 2839 3286 3034 3352; x_wconf 82' lang='grc' dir='ltr'><strong>γένους</strong></span> <span class='ocrx_word' id='word_1_565' title='bbox 3059 3289 3380 3360; x_wconf 81' lang='grc' dir='ltr'>ἀνάκλησιν.</span> <span class='ocrx_word' id='word_1_566' title='bbox 3418 3295 3582 3365; x_wconf 78' lang='grc' dir='ltr'>’Ἄρτι</span> <span class='ocrx_word' id='word_1_567' title='bbox 3600 3297 3715 3372; x_wconf 78' lang='grc' dir='ltr'><strong>γάρ</strong></span> 
     </span>
    </p>
   </div>
   <div class='ocr_carea' id='block_1_81' title="bbox 2123 3363 3710 3452">
    <p class='ocr_par' dir='ltr' id='par_1_81' title="bbox 2123 3363 3710 3452">
     <span class='ocr_line' id='line_1_81' title="bbox 2123 3363 3710 3452; baseline 0.018 -36"><span class='ocrx_word' id='word_1_568' title='bbox 2123 3363 2183 3418; x_wconf 74' lang='grc' dir='ltr'>τὸ</span> <span class='ocrx_word' id='word_1_569' title='bbox 2216 3366 2343 3418; x_wconf 83' lang='grc' dir='ltr'>καθ’</span> <span class='ocrx_word' id='word_1_570' title='bbox 2375 3369 2526 3439; x_wconf 77' lang='grc' dir='ltr'>ἡμᾶς</span> <span class='ocrx_word' id='word_1_571' title='bbox 2572 3375 2836 3440; x_wconf 80' lang='grc' dir='ltr'>συγγενὲς</span> <span class='ocrx_word' id='word_1_572' title='bbox 2882 3376 3058 3448; x_wconf 81' lang='grc' dir='ltr'>ἀρχὴν</span> <span class='ocrx_word' id='word_1_573' title='bbox 3112 3379 3384 3452; x_wconf 76' lang='grc' dir='ltr'>λαμϐάνει</span> <span class='ocrx_word' id='word_1_574' title='bbox 3439 3363 3710 3450; x_wconf 35' lang='grc' dir='ltr'>θε-ώσεώξ.</span> 
     </span>
    </p>
   </div>
   <div class='ocr_carea' id='block_1_82' title="bbox 2127 3455 3712 3546">
    <p class='ocr_par' dir='ltr' id='par_1_82' title="bbox 2127 3455 3712 3546">
     <span class='ocr_line' id='line_1_82' title="bbox 2127 3455 3712 3546; baseline 0.018 -39"><span class='ocrx_word' id='word_1_575' title='bbox 2127 3456 2286 3525; x_wconf 73' lang='lat' dir='ltr'><strong>&quot;Ap-rt</strong></span> <span class='ocrx_word' id='word_1_576' title='bbox 2321 3455 2496 3528; x_wconf 81' lang='grc' dir='ltr'>δεσμὰ</span> <span class='ocrx_word' id='word_1_577' title='bbox 2545 3463 2646 3533; x_wconf 81' lang='grc' dir='ltr'>τῆς</span> <span class='ocrx_word' id='word_1_578' title='bbox 2689 3465 2818 3536; x_wconf 74' lang='grc' dir='ltr'>πρὶν</span> <span class='ocrx_word' id='word_1_579' title='bbox 2863 3467 3060 3538; x_wconf 78' lang='grc' dir='ltr'>άγόνου</span> <span class='ocrx_word' id='word_1_580' title='bbox 3112 3475 3416 3546; x_wconf 83' lang='grc' dir='ltr'><strong>πηρώσεως</strong></span> <span class='ocrx_word' id='word_1_581' title='bbox 3464 3477 3712 3544; x_wconf 81' lang='grc' dir='ltr'>λύονται,</span> 
     </span>
    </p>
   </div>
   <div class='ocr_carea' id='block_1_83' title="bbox 2121 3549 3708 3646">
    <p class='ocr_par' dir='ltr' id='par_1_83' title="bbox 2121 3549 3708 3646">
     <span class='ocr_line' id='line_1_83' title="bbox 2121 3549 3708 3646; baseline 0.018 -48"><span class='ocrx_word' id='word_1_582' title='bbox 2121 3549 2216 3600; x_wconf 73' lang='grc' dir='ltr'>καὶ</span> <span class='ocrx_word' id='word_1_583' title='bbox 2272 3553 2455 3624; x_wconf 78' lang='grc' dir='ltr'>μήτηρ</span> <span class='ocrx_word' id='word_1_584' title='bbox 2507 3555 2539 3624; x_wconf 79' lang='grc' dir='ltr'>ἡ</span> <span class='ocrx_word' id='word_1_585' title='bbox 2596 3554 2823 3622; x_wconf 77' lang='grc' dir='ltr'>ἄτεκνος</span> <span class='ocrx_word' id='word_1_586' title='bbox 2887 3560 3122 3627; x_wconf 84' lang='grc' dir='ltr'>γίνεται,</span> <span class='ocrx_word' id='word_1_587' title='bbox 3181 3567 3278 3621; x_wconf 74' lang='grc' dir='ltr'>καὶ</span> <span class='ocrx_word' id='word_1_588' title='bbox 3332 3569 3623 3635; x_wconf 74' lang='grc' dir='ltr'>καλλίπαις</span> <span class='ocrx_word' id='word_1_589' title='bbox 3672 3577 3708 3646; x_wconf 68' lang='grc' dir='ltr'>ἡ</span> 
     </span>
    </p>
   </div>
   <div class='ocr_carea' id='block_1_84' title="bbox 2119 3638 3708 3731">
    <p class='ocr_par' dir='ltr' id='par_1_84' title="bbox 2119 3638 3708 3731">
     <span class='ocr_line' id='line_1_84' title="bbox 2119 3638 3708 3731; baseline 0.017 -40"><span class='ocrx_word' id='word_1_590' title='bbox 2119 3638 2290 3704; x_wconf 82' lang='grc' dir='ltr'>ἄπαις</span> <span class='ocrx_word' id='word_1_591' title='bbox 2317 3644 2655 3714; x_wconf 74' lang='grc' dir='ltr'>εὑρίσκεται,</span> <span class='ocrx_word' id='word_1_592' title='bbox 2678 3649 2772 3702; x_wconf 79' lang='grc' dir='ltr'><strong>καὶ</strong></span> <span class='ocrx_word' id='word_1_593' title='bbox 2797 3651 2978 3721; x_wconf 82' lang='grc' dir='ltr'>χαίρει</span> <span class='ocrx_word' id='word_1_594' title='bbox 3008 3653 3283 3726; x_wconf 80' lang='grc' dir='ltr'>Παρθένον</span> <span class='ocrx_word' id='word_1_595' title='bbox 3305 3657 3508 3731; x_wconf 81' lang='grc' dir='ltr'>βρέφος</span> <span class='ocrx_word' id='word_1_596' title='bbox 3533 3638 3708 3718; x_wconf 68' lang='grc' dir='ltr'>Ἄννα</span> 
     </span>
    </p>
   </div>
   <div class='ocr_carea' id='block_1_85' title="bbox 2120 3729 3706 3822">
    <p class='ocr_par' dir='ltr' id='par_1_85' title="bbox 2120 3729 3706 3822">
     <span class='ocr_line' id='line_1_85' title="bbox 2120 3729 3706 3822; baseline 0.016 -40"><span class='ocrx_word' id='word_1_597' title='bbox 2120 3729 2452 3800; x_wconf 83' lang='grc' dir='ltr'>θηλάζουσα.</span> <span class='ocrx_word' id='word_1_598' title='bbox 2481 3737 2642 3807; x_wconf 79' lang='grc' dir='ltr'>Ἀρτι</span> <span class='ocrx_word' id='word_1_599' title='bbox 2672 3740 2830 3810; x_wconf 73' lang='grc' dir='ltr'>πόροι</span> <span class='ocrx_word' id='word_1_600' title='bbox 2865 3745 3206 3816; x_wconf 86' lang='grc' dir='ltr'>στειρώσεως</span> <span class='ocrx_word' id='word_1_601' title='bbox 3234 3729 3706 3822; x_wconf 33' lang='grc' dir='ltr'>ἀπο-φράττονται,</span> 
     </span>
    </p>
   </div>
   <div class='ocr_carea' id='block_1_86' title="bbox 2117 3824 3708 3914">
    <p class='ocr_par' dir='ltr' id='par_1_86' title="bbox 2117 3824 3708 3914">
     <span class='ocr_line' id='line_1_86' title="bbox 2117 3824 3708 3914; baseline 0.016 -39"><span class='ocrx_word' id='word_1_602' title='bbox 2117 3826 2212 3876; x_wconf 72' lang='grc' dir='ltr'>καὶ</span> <span class='ocrx_word' id='word_1_603' title='bbox 2247 3824 2447 3891; x_wconf 76' lang='grc' dir='ltr'>φλέϐες</span> <span class='ocrx_word' id='word_1_604' title='bbox 2469 3833 2819 3899; x_wconf 80' lang='grc' dir='ltr'>τεκνογονίας</span> <span class='ocrx_word' id='word_1_605' title='bbox 2845 3837 3291 3908; x_wconf 82' lang='grc' dir='ltr'>ἀνασειράζονσι,</span> <span class='ocrx_word' id='word_1_606' title='bbox 3321 3845 3419 3896; x_wconf 75' lang='grc' dir='ltr'>καὶ</span> <span class='ocrx_word' id='word_1_607' title='bbox 3452 3845 3708 3914; x_wconf 76' lang='grc' dir='ltr'>προφθά-</span> 
     </span>
    </p>
   </div>
   <div class='ocr_carea' id='block_1_87' title="bbox 2116 3917 3703 4006">
    <p class='ocr_par' dir='ltr' id='par_1_87' title="bbox 2116 3917 3703 4006">
     <span class='ocr_line' id='line_1_87' title="bbox 2116 3917 3703 4006; baseline 0.016 -41"><span class='ocrx_word' id='word_1_608' title='bbox 2116 3930 2196 3966; x_wconf 88' lang='grc' dir='ltr'>νει</span> <span class='ocrx_word' id='word_1_609' title='bbox 2231 3917 2290 3967; x_wconf 76' lang='grc' dir='ltr'><strong>τὸ</strong></span> <span class='ocrx_word' id='word_1_610' title='bbox 2330 3917 2429 3987; x_wconf 81' lang='grc' dir='ltr'>τῆς</span> <span class='ocrx_word' id='word_1_611' title='bbox 2460 3919 2692 3974; x_wconf 81' lang='grc' dir='ltr'>ἀτέκνου</span> <span class='ocrx_word' id='word_1_612' title='bbox 2722 3923 2930 3994; x_wconf 82' lang='grc' dir='ltr'>κύημα,</span> <span class='ocrx_word' id='word_1_613' title='bbox 2959 3927 3061 3998; x_wconf 83' lang='grc' dir='ltr'>τῆς</span> <span class='ocrx_word' id='word_1_614' title='bbox 3090 3930 3368 4000; x_wconf 84' lang='grc' dir='ltr'>Παρθένου</span> <span class='ocrx_word' id='word_1_615' title='bbox 3403 3935 3465 3986; x_wconf 82' lang='grc' dir='ltr'><strong>τὸ</strong></span> <span class='ocrx_word' id='word_1_616' title='bbox 3495 3935 3703 4006; x_wconf 81' lang='grc' dir='ltr'>θαῦμα.</span> 
     </span>
    </p>
   </div>
   <div class='ocr_carea' id='block_1_88' title="bbox 2115 4005 3706 4096">
    <p class='ocr_par' dir='ltr' id='par_1_88' title="bbox 2115 4005 3706 4096">
     <span class='ocr_line' id='line_1_88' title="bbox 2115 4005 3706 4096; baseline 0.014 -38"><span class='ocrx_word' id='word_1_617' title='bbox 2115 4005 2178 4058; x_wconf 77' lang='lat' dir='ltr'><strong>Et</strong></span> <span class='ocrx_word' id='word_1_618' title='bbox 2215 4005 2325 4077; x_wconf 84' lang='grc' dir='ltr'><strong>γάρ</strong></span> <span class='ocrx_word' id='word_1_619' title='bbox 2379 4009 2524 4079; x_wconf 84' lang='grc' dir='ltr'>μέγα</span> <span class='ocrx_word' id='word_1_620' title='bbox 2561 4013 2621 4066; x_wconf 86' lang='grc' dir='ltr'><strong>τὸ</strong></span> <span class='ocrx_word' id='word_1_621' title='bbox 2655 4018 2874 4086; x_wconf 81' lang='grc' dir='ltr'>στεῖραν</span> <span class='ocrx_word' id='word_1_622' title='bbox 2911 4022 3126 4092; x_wconf 77' lang='grc' dir='ltr'>γεννᾷν,</span> <span class='ocrx_word' id='word_1_623' title='bbox 3161 4021 3275 4086; x_wconf 86' lang='grc' dir='ltr'>πῶς</span> <span class='ocrx_word' id='word_1_624' title='bbox 3316 4025 3379 4078; x_wconf 81' lang='grc' dir='ltr'><strong>οὐ</strong></span> <span class='ocrx_word' id='word_1_625' title='bbox 3428 4028 3614 4096; x_wconf 79' lang='grc' dir='ltr'>μεῖζον</span> <span class='ocrx_word' id='word_1_626' title='bbox 3639 4025 3706 4080; x_wconf 68' lang='grc' dir='ltr'>τὸ</span> 
     </span>
    </p>
   </div>
   <div class='ocr_carea' id='block_1_89' title="bbox 2115 4097 3699 4192">
    <p class='ocr_par' dir='ltr' id='par_1_89' title="bbox 2115 4097 3699 4192">
     <span class='ocr_line' id='line_1_89' title="bbox 2115 4097 3699 4192; baseline 0.016 -44"><span class='ocrx_word' id='word_1_627' title='bbox 2115 4097 2382 4168; x_wconf 86' lang='grc' dir='ltr'>παρθένον</span> <span class='ocrx_word' id='word_1_628' title='bbox 2403 4105 2582 4156; x_wconf 84' lang='grc' dir='ltr'>τεκεῖν</span> <span class='ocrx_word' id='word_1_629' title='bbox 2606 4122 2620 4170; x_wconf 91' lang='lat'>;</span> <span class='ocrx_word' id='word_1_630' title='bbox 2657 4107 2752 4159; x_wconf 90' lang='grc' dir='ltr'><strong>καί</strong></span> <span class='ocrx_word' id='word_1_631' title='bbox 2781 4125 2861 4161; x_wconf 88' lang='grc' dir='ltr'><strong>τοι</strong></span> <span class='ocrx_word' id='word_1_632' title='bbox 2888 4112 2920 4178; x_wconf 82' lang='grc' dir='ltr'>ἠ</span> <span class='ocrx_word' id='word_1_633' title='bbox 2955 4111 3055 4180; x_wconf 82' lang='grc' dir='ltr'>μὲν</span> <span class='ocrx_word' id='word_1_634' title='bbox 3083 4113 3470 4186; x_wconf 76' lang='grc' dir='ltr'>ἀποδειχθεῖσα</span> <span class='ocrx_word' id='word_1_635' title='bbox 3490 4119 3699 4192; x_wconf 75' lang='grc' dir='ltr'>μήτηρ,</span> 
     </span>
    </p>
   </div>
   <div class='ocr_carea' id='block_1_90' title="bbox 2112 4185 3701 4279">
    <p class='ocr_par' dir='ltr' id='par_1_90' title="bbox 2112 4185 3701 4279">
     <span class='ocr_line' id='line_1_90' title="bbox 2112 4185 3701 4279; baseline 0.017 -43"><span class='ocrx_word' id='word_1_636' title='bbox 2112 4185 2294 4239; x_wconf 81' lang='grc' dir='ltr'>οὐκέτι</span> <span class='ocrx_word' id='word_1_637' title='bbox 2321 4186 2506 4258; x_wconf 81' lang='grc' dir='ltr'>ἔμεινε</span> <span class='ocrx_word' id='word_1_638' title='bbox 2541 4195 2730 4262; x_wconf 84' lang='grc' dir='ltr'>στεῖρα</span> <span class='ocrx_word' id='word_1_639' title='bbox 2753 4211 2768 4224; x_wconf 88' lang='grc'><strong>·</strong></span> <span class='ocrx_word' id='word_1_640' title='bbox 2800 4197 2832 4266; x_wconf 83' lang='grc' dir='ltr'><strong>ἡ</strong></span> <span class='ocrx_word' id='word_1_641' title='bbox 2867 4197 2944 4262; x_wconf 79' lang='grc' dir='ltr'><strong>δὲ,</strong></span> <span class='ocrx_word' id='word_1_642' title='bbox 2971 4200 3248 4272; x_wconf 83' lang='grc' dir='ltr'>ἀνάνδρως</span> <span class='ocrx_word' id='word_1_643' title='bbox 3279 4203 3533 4272; x_wconf 86' lang='grc' dir='ltr'>τεκοῦσα,</span> <span class='ocrx_word' id='word_1_644' title='bbox 3561 4225 3701 4279; x_wconf 77' lang='grc' dir='ltr'>παρ·</span> 
     </span>
    </p>
   </div>
   <div class='ocr_carea' id='block_1_91' title="bbox 2109 4275 3702 4368">
    <p class='ocr_par' dir='ltr' id='par_1_91' title="bbox 2109 4275 3702 4368">
     <span class='ocr_line' id='line_1_91' title="bbox 2109 4275 3702 4368; baseline 0.018 -40"><span class='ocrx_word' id='word_1_645' title='bbox 2109 4275 2269 4341; x_wconf 72' lang='grc' dir='ltr'>’θένος</span> <span class='ocrx_word' id='word_1_646' title='bbox 2309 4277 2492 4348; x_wconf 76' lang='grc' dir='ltr'>ἔμεινε</span> <span class='ocrx_word' id='word_1_647' title='bbox 2543 4283 2728 4351; x_wconf 86' lang='grc' dir='ltr'>πάλιν,</span> <span class='ocrx_word' id='word_1_648' title='bbox 2777 4289 2914 4358; x_wconf 74' lang='grc' dir='ltr'>μήτε</span> <span class='ocrx_word' id='word_1_649' title='bbox 2947 4290 3217 4360; x_wconf 85' lang='grc' dir='ltr'>φθαρεῖσα</span> <span class='ocrx_word' id='word_1_650' title='bbox 3247 4293 3344 4366; x_wconf 75' lang='grc' dir='ltr'><strong>τὴν</strong></span> <span class='ocrx_word' id='word_1_651' title='bbox 3385 4298 3572 4368; x_wconf 75' lang='grc' dir='ltr'>νηδὺν,</span> <span class='ocrx_word' id='word_1_652' title='bbox 3605 4275 3702 4355; x_wconf 74' lang='grc' dir='ltr'>καὶ</span> 
     </span>
    </p>
   </div>
   <div class='ocr_carea' id='block_1_92' title="bbox 2110 4365 3699 4458">
    <p class='ocr_par' dir='ltr' id='par_1_92' title="bbox 2110 4365 3699 4458">
     <span class='ocr_line' id='line_1_92' title="bbox 2110 4365 3699 4458; baseline 0.018 -41"><span class='ocrx_word' id='word_1_653' title='bbox 2110 4365 2180 4420; x_wconf 83' lang='grc' dir='ltr'>τὰ</span> <span class='ocrx_word' id='word_1_654' title='bbox 2215 4370 2467 4440; x_wconf 85' lang='grc' dir='ltr'>μητέρων</span> <span class='ocrx_word' id='word_1_655' title='bbox 2494 4376 2740 4442; x_wconf 76' lang='grc' dir='ltr'>φυγοῦσα</span> <span class='ocrx_word' id='word_1_656' title='bbox 2768 4393 2782 4408; x_wconf 87' lang='grc'>·</span> <span class='ocrx_word' id='word_1_657' title='bbox 2825 4378 2962 4434; x_wconf 80' lang='grc' dir='ltr'>ἀλλὰ</span> <span class='ocrx_word' id='word_1_658' title='bbox 2999 4382 3060 4434; x_wconf 76' lang='grc' dir='ltr'>τὸ</span> <span class='ocrx_word' id='word_1_659' title='bbox 3102 4383 3204 4453; x_wconf 77' lang='grc' dir='ltr'>μὲν</span> <span class='ocrx_word' id='word_1_660' title='bbox 3247 4365 3496 4458; x_wconf 75' lang='grc' dir='ltr'>ὕστερον,</span> <span class='ocrx_word' id='word_1_661' title='bbox 3543 4391 3608 4444; x_wconf 82' lang='grc' dir='ltr'><strong>τὸ</strong></span> <span class='ocrx_word' id='word_1_662' title='bbox 3639 4392 3699 4446; x_wconf 71' lang='grc' dir='ltr'><strong>δὲ</strong></span> 
     </span>
    </p>
   </div>
   <div class='ocr_carea' id='block_1_93' title="bbox 431 4429 2025 4554">
    <p class='ocr_par' dir='ltr' id='par_1_93' title="bbox 431 4429 2010 4554">
     <span class='ocr_line' id='line_1_93' title="bbox 431 4429 2010 4525; baseline 0.016 -45"><span class='ocrx_word' id='word_1_663' title='bbox 431 4429 671 4500; x_wconf 82' lang='lat' dir='ltr'><strong>gignere.</strong></span> <span class='ocrx_word' id='word_1_664' title='bbox 714 4446 896 4485; x_wconf 88' lang='lat' dir='ltr'><strong>annon</strong></span> <span class='ocrx_word' id='word_1_665' title='bbox 945 4435 1118 4488; x_wconf 92' lang='lat' dir='ltr'><strong>multo</strong></span> <span class='ocrx_word' id='word_1_666' title='bbox 1157 4437 1336 4506; x_wconf 70' lang='lat' dir='ltr'><strong>nutjns</strong></span> <span class='ocrx_word' id='word_1_667' title='bbox 1367 4445 1702 4500; x_wconf 86' lang='lat' dir='ltr'><strong>censendum</strong></span> <span class='ocrx_word' id='word_1_668' title='bbox 1734 4461 1819 4504; x_wconf 86' lang='lat' dir='ltr'><strong>est</strong></span> <span class='ocrx_word' id='word_1_669' title='bbox 1845 4452 2010 4525; x_wconf 85' lang='lat' dir='ltr'><strong>virgi-</strong></span> 
     </span>
     <span class='ocr_line' id='line_1_94' title="bbox 433 4522 1810 4554; baseline 0 0"><span class='ocrx_word' id='word_1_670' title='bbox 433 4537 552 4554; x_wconf 76' lang='lat' dir='ltr'><strong>nnln</strong></span> <span class='ocrx_word' id='word_1_671' title='bbox 585 4523 812 4554; x_wconf 65' lang='lat' dir='ltr'><strong>nona-tu,</strong></span> <span class='ocrx_word' id='word_1_672' title='bbox 839 4522 898 4554; x_wconf 62' lang='grc' dir='ltr'><strong>ιδ’.</strong></span> <span class='ocrx_word' id='word_1_673' title='bbox 939 4525 1161 4554; x_wconf 70' lang='grc' dir='ltr'><strong>η..;.ιη...</strong></span> <span class='ocrx_word' id='word_1_674' title='bbox 1213 4529 1300 4554; x_wconf 68' lang='grc' dir='ltr'>ιιι..</span> <span class='ocrx_word' id='word_1_675' title='bbox 1362 4541 1416 4554; x_wconf 85' lang='grc'><strong>--.</strong></span> <span class='ocrx_word' id='word_1_676' title='bbox 1454 4544 1625 4554; x_wconf 41' lang='grc' dir='ltr'>..-μα</span> <span class='ocrx_word' id='word_1_677' title='bbox 1671 4537 1734 4554; x_wconf 31' lang='grc' dir='ltr'><strong>κη</strong></span> <span class='ocrx_word' id='word_1_678' title='bbox 1801 4550 1810 4554; x_wconf 86' lang='grc'><strong>-</strong></span> 
     </span>
    </p>
   </div>
   <div class='ocr_carea' id='block_1_94' title="bbox 2126 4429 3699 4554">
    <p class='ocr_par' dir='ltr' id='par_1_94' title="bbox 2126 4429 3699 4554">
     <span class='ocr_line' id='line_1_95' title="bbox 2126 4429 3699 4554; baseline 0.016 -42"><span class='ocrx_word' id='word_1_679' title='bbox 2126 4429 2399 4532; x_wconf 71' lang='grc' dir='ltr'>πρότερον.</span> <span class='ocrx_word' id='word_1_680' title='bbox 2439 4429 2776 4540; x_wconf 71' lang='grc' dir='ltr'>⁸Υπόδειγμα</span> <span class='ocrx_word' id='word_1_681' title='bbox 2810 4429 3018 4542; x_wconf 27' lang='grc' dir='ltr'>γάρ’-ην</span> <span class='ocrx_word' id='word_1_682' title='bbox 3057 4429 3150 4528; x_wconf 71' lang='grc' dir='ltr'><strong>τδῦ</strong></span> <span class='ocrx_word' id='word_1_683' title='bbox 3185 4429 3438 4550; x_wconf 56' lang='grc' dir='ltr'>δευτέρέυ</span> <span class='ocrx_word' id='word_1_684' title='bbox 3472 4429 3532 4534; x_wconf 63' lang='grc' dir='ltr'>τὸ</span> <span class='ocrx_word' id='word_1_685' title='bbox 3563 4484 3699 4554; x_wconf 85' lang='grc' dir='ltr'>πρό-</span> 
     </span>
    </p>
   </div>
   <div class='ocr_carea' id='block_1_95' title="bbox 432 4522 2008 4610">
    <p class='ocr_par' dir='ltr' id='par_1_95' title="bbox 432 4522 2008 4610">
     <span class='ocr_line' id='line_1_96' title="bbox 432 4522 2008 4610; baseline 0.016 -36"><span class='ocrx_word' id='word_1_686' title='bbox 432 4537 552 4574; x_wconf 85' lang='lat' dir='ltr'><strong>nem</strong></span> <span class='ocrx_word' id='word_1_687' title='bbox 585 4523 812 4591; x_wconf 84' lang='lat' dir='ltr'><strong>parere?</strong></span> <span class='ocrx_word' id='word_1_688' title='bbox 839 4522 905 4577; x_wconf 82' lang='lat' dir='ltr'><strong>Et</strong></span> <span class='ocrx_word' id='word_1_689' title='bbox 938 4525 1161 4595; x_wconf 88' lang='lat' dir='ltr'><strong>quidem</strong></span> <span class='ocrx_word' id='word_1_690' title='bbox 1211 4529 1324 4593; x_wconf 88' lang='lat' dir='ltr'><strong>illa,</strong></span> <span class='ocrx_word' id='word_1_691' title='bbox 1362 4541 1423 4585; x_wconf 91' lang='lat' dir='ltr'><strong>ut</strong></span> <span class='ocrx_word' id='word_1_692' title='bbox 1454 4544 1627 4589; x_wconf 88' lang='lat' dir='ltr'><strong>mater</strong></span> <span class='ocrx_word' id='word_1_693' title='bbox 1657 4537 1849 4596; x_wconf 83' lang='lat' dir='ltr'><strong>elTecta</strong></span> <span class='ocrx_word' id='word_1_694' title='bbox 1901 4522 2008 4610; x_wconf 76' lang='lat' dir='ltr'><strong>est,</strong></span> 
     </span>
    </p>
   </div>
   <div class='ocr_carea' id='block_1_96' title="bbox 433 4608 2008 4694">
    <p class='ocr_par' dir='ltr' id='par_1_96' title="bbox 433 4608 2008 4694">
     <span class='ocr_line' id='line_1_97' title="bbox 433 4608 2008 4694; baseline 0.019 -32"><span class='ocrx_word' id='word_1_695' title='bbox 433 4626 538 4662; x_wconf 88' lang='lat' dir='ltr'><strong>non</strong></span> <span class='ocrx_word' id='word_1_696' title='bbox 571 4608 684 4675; x_wconf 88' lang='lat' dir='ltr'><strong>jam</strong></span> <span class='ocrx_word' id='word_1_697' title='bbox 731 4613 938 4670; x_wconf 85' lang='lat' dir='ltr'><strong>sterilis</strong></span> <span class='ocrx_word' id='word_1_698' title='bbox 983 4618 1224 4684; x_wconf 87' lang='lat' dir='ltr'><strong>mansit;</strong></span> <span class='ocrx_word' id='word_1_699' title='bbox 1282 4629 1336 4674; x_wconf 85' lang='lat' dir='ltr'><strong>at</strong></span> <span class='ocrx_word' id='word_1_700' title='bbox 1394 4638 1480 4688; x_wconf 89' lang='lat' dir='ltr'><strong>ea,</strong></span> <span class='ocrx_word' id='word_1_701' title='bbox 1530 4641 1652 4694; x_wconf 73' lang='lat' dir='ltr'><strong>quae</strong></span> <span class='ocrx_word' id='word_1_702' title='bbox 1708 4630 1828 4686; x_wconf 87' lang='lat' dir='ltr'><strong>sine</strong></span> <span class='ocrx_word' id='word_1_703' title='bbox 1867 4634 2008 4692; x_wconf 87' lang='lat' dir='ltr'><strong>virili</strong></span> 
     </span>
    </p>
   </div>
   <div class='ocr_carea' id='block_1_97' title="bbox 429 4703 2008 4792">
    <p class='ocr_par' dir='ltr' id='par_1_97' title="bbox 429 4703 2008 4792">
     <span class='ocr_line' id='line_1_98' title="bbox 429 4703 2008 4792; baseline 0.02 -40"><span class='ocrx_word' id='word_1_704' title='bbox 429 4716 592 4770; x_wconf 84' lang='lat' dir='ltr'><strong>opera</strong></span> <span class='ocrx_word' id='word_1_705' title='bbox 619 4703 844 4771; x_wconf 83' lang='lat' dir='ltr'><strong>peperit,</strong></span> <span class='ocrx_word' id='word_1_706' title='bbox 868 4703 1020 4776; x_wconf 86' lang='lat' dir='ltr'><strong>virgo</strong></span> <span class='ocrx_word' id='word_1_707' title='bbox 1047 4724 1240 4766; x_wconf 87' lang='lat' dir='ltr'><strong>rursus</strong></span> <span class='ocrx_word' id='word_1_708' title='bbox 1263 4715 1466 4768; x_wconf 89' lang='lat' dir='ltr'><strong>mansit</strong></span> <span class='ocrx_word' id='word_1_709' title='bbox 1493 4733 1508 4768; x_wconf 90' lang='lat'><strong>:</strong></span> <span class='ocrx_word' id='word_1_710' title='bbox 1538 4718 1739 4790; x_wconf 89' lang='lat' dir='ltr'><strong>quippe</strong></span> <span class='ocrx_word' id='word_1_711' title='bbox 1766 4739 1888 4792; x_wconf 74' lang='lat' dir='ltr'><strong>qua:</strong></span> <span class='ocrx_word' id='word_1_712' title='bbox 1907 4742 2008 4783; x_wconf 89' lang='lat' dir='ltr'><strong>nec</strong></span> 
     </span>
    </p>
   </div>
   <div class='ocr_carea' id='block_1_98' title="bbox 429 4797 2004 4884">
    <p class='ocr_par' dir='ltr' id='par_1_98' title="bbox 429 4797 2004 4884">
     <span class='ocr_line' id='line_1_99' title="bbox 429 4797 2004 4884; baseline 0.021 -44"><span class='ocrx_word' id='word_1_713' title='bbox 429 4801 619 4848; x_wconf 74' lang='lat' dir='ltr'><strong>ventre</strong></span> <span class='ocrx_word' id='word_1_714' title='bbox 649 4803 908 4865; x_wconf 84' lang='lat' dir='ltr'><strong>corrupta</strong></span> <span class='ocrx_word' id='word_1_715' title='bbox 943 4797 1126 4865; x_wconf 81' lang='lat' dir='ltr'><strong>fuerit,</strong></span> <span class='ocrx_word' id='word_1_716' title='bbox 1151 4809 1204 4855; x_wconf 92' lang='lat' dir='ltr'><strong>et</strong></span> <span class='ocrx_word' id='word_1_717' title='bbox 1228 4817 1290 4856; x_wconf 89' lang='lat' dir='ltr'><strong>ea</strong></span> <span class='ocrx_word' id='word_1_718' title='bbox 1319 4807 1508 4873; x_wconf 64' lang='lat' dir='ltr'><strong>(tumin</strong></span> <span class='ocrx_word' id='word_1_719' title='bbox 1541 4819 1746 4867; x_wconf 88' lang='lat' dir='ltr'><strong>matres</strong></span> <span class='ocrx_word' id='word_1_720' title='bbox 1776 4817 2004 4884; x_wconf 88' lang='lat' dir='ltr'><strong>cadunt,</strong></span> 
     </span>
    </p>
   </div>
   <div class='ocr_carea' id='block_1_99' title="bbox 429 4883 2006 4963">
    <p class='ocr_par' dir='ltr' id='par_1_99' title="bbox 429 4883 2006 4963">
     <span class='ocr_line' id='line_1_100' title="bbox 429 4883 2006 4963; baseline 0.019 -28"><span class='ocrx_word' id='word_1_721' title='bbox 429 4884 700 4954; x_wconf 75' lang='lat' dir='ltr'><strong>rﬁ‘ugerit.</strong></span> <span class='ocrx_word' id='word_1_722' title='bbox 733 4883 933 4941; x_wconf 85' lang='lat' dir='ltr'><strong>Verum</strong></span> <span class='ocrx_word' id='word_1_723' title='bbox 971 4890 1205 4945; x_wconf 88' lang='lat' dir='ltr'><strong>alterum</strong></span> <span class='ocrx_word' id='word_1_724' title='bbox 1239 4905 1384 4962; x_wconf 89' lang='lat' dir='ltr'><strong>post,</strong></span> <span class='ocrx_word' id='word_1_725' title='bbox 1425 4898 1658 4954; x_wconf 90' lang='lat' dir='ltr'><strong>alterum</strong></span> <span class='ocrx_word' id='word_1_726' title='bbox 1693 4912 1821 4960; x_wconf 90' lang='lat' dir='ltr'><strong>ante</strong></span> <span class='ocrx_word' id='word_1_727' title='bbox 1869 4883 2006 4963; x_wconf 38' lang='lat' dir='ltr'><strong>con;</strong></span> 
     </span>
    </p>
   </div>
   <div class='ocr_carea' id='block_1_100' title="bbox 429 4975 2010 5062">
    <p class='ocr_par' dir='ltr' id='par_1_100' title="bbox 429 4975 2010 5062">
     <span class='ocr_line' id='line_1_101' title="bbox 429 4975 2010 5062; baseline 0.016 -32"><span class='ocrx_word' id='word_1_728' title='bbox 429 4977 569 5045; x_wconf 80' lang='lat' dir='ltr'><strong>tigit.</strong></span> <span class='ocrx_word' id='word_1_729' title='bbox 605 4975 936 5035; x_wconf 84' lang='lat' dir='ltr'><strong>Posterioris</strong></span> <span class='ocrx_word' id='word_1_730' title='bbox 965 4983 1110 5036; x_wconf 89' lang='lat' dir='ltr'><strong>enim</strong></span> <span class='ocrx_word' id='word_1_731' title='bbox 1161 4987 1471 5057; x_wconf 79' lang='lat' dir='ltr'><strong>exemplum</strong></span> <span class='ocrx_word' id='word_1_732' title='bbox 1504 4991 1654 5060; x_wconf 88' lang='lat' dir='ltr'><strong>prius</strong></span> <span class='ocrx_word' id='word_1_733' title='bbox 1682 5005 1818 5052; x_wconf 85' lang='lat' dir='ltr'><strong>erat.</strong></span> <span class='ocrx_word' id='word_1_734' title='bbox 1861 4998 2010 5062; x_wconf 87' lang='lat' dir='ltr'><strong>Con-</strong></span> 
     </span>
    </p>
   </div>
   <div class='ocr_carea' id='block_1_101' title="bbox 431 5068 2008 5158">
    <p class='ocr_par' dir='ltr' id='par_1_101' title="bbox 431 5068 2008 5158">
     <span class='ocr_line' id='line_1_102' title="bbox 431 5068 2008 5158; baseline 0.016 -38"><span class='ocrx_word' id='word_1_735' title='bbox 431 5068 681 5137; x_wconf 73' lang='lat' dir='ltr'><strong>veniebat</strong></span> <span class='ocrx_word' id='word_1_736' title='bbox 727 5069 871 5123; x_wconf 90' lang='lat' dir='ltr'><strong>enim</strong></span> <span class='ocrx_word' id='word_1_737' title='bbox 922 5079 982 5126; x_wconf 91' lang='lat' dir='ltr'><strong>ut</strong></span> <span class='ocrx_word' id='word_1_738' title='bbox 1039 5072 1086 5128; x_wconf 88' lang='lat' dir='ltr'><strong>is</strong></span> <span class='ocrx_word' id='word_1_739' title='bbox 1147 5091 1244 5145; x_wconf 85' lang='lat' dir='ltr'><strong>per</strong></span> <span class='ocrx_word' id='word_1_740' title='bbox 1289 5093 1451 5147; x_wconf 77' lang='lat' dir='ltr'><strong>quem</strong></span> <span class='ocrx_word' id='word_1_741' title='bbox 1489 5083 1672 5137; x_wconf 87' lang='lat' dir='ltr'><strong>omnia</strong></span> <span class='ocrx_word' id='word_1_742' title='bbox 1720 5085 1853 5141; x_wconf 92' lang='lat' dir='ltr'><strong>etin</strong></span> <span class='ocrx_word' id='word_1_743' title='bbox 1900 5105 2008 5158; x_wconf 87' lang='lat' dir='ltr'><strong>quo</strong></span> 
     </span>
    </p>
   </div>
   <div class='ocr_carea' id='block_1_102' title="bbox 427 5161 2004 5239">
    <p class='ocr_par' dir='ltr' id='par_1_102' title="bbox 427 5161 2004 5239">
     <span class='ocr_line' id='line_1_103' title="bbox 427 5161 2004 5239; baseline 0.016 -26"><span class='ocrx_word' id='word_1_744' title='bbox 427 5161 608 5214; x_wconf 83' lang='lat' dir='ltr'><strong>munia</strong></span> <span class='ocrx_word' id='word_1_745' title='bbox 661 5162 705 5226; x_wconf 77' lang='grc' dir='ltr'>ι,</span> <span class='ocrx_word' id='word_1_746' title='bbox 767 5170 954 5232; x_wconf 85' lang='lat' dir='ltr'><strong>utpote</strong></span> <span class='ocrx_word' id='word_1_747' title='bbox 1015 5175 1224 5224; x_wconf 75' lang='lat' dir='ltr'><strong>natura:</strong></span> <span class='ocrx_word' id='word_1_748' title='bbox 1272 5167 1579 5239; x_wconf 89' lang='lat' dir='ltr'><strong>Dominus,</strong></span> <span class='ocrx_word' id='word_1_749' title='bbox 1618 5175 1672 5230; x_wconf 92' lang='lat' dir='ltr'><strong>in</strong></span> <span class='ocrx_word' id='word_1_750' title='bbox 1727 5180 1846 5234; x_wconf 88' lang='lat' dir='ltr'><strong>avia</strong></span> <span class='ocrx_word' id='word_1_751' title='bbox 1905 5199 2004 5239; x_wconf 84' lang='lat' dir='ltr'><strong>sua</strong></span> 
     </span>
    </p>
   </div>
   <div class='ocr_carea' id='block_1_103' title="bbox 427 5253 2008 5338">
    <p class='ocr_par' dir='ltr' id='par_1_103' title="bbox 427 5253 2008 5338">
     <span class='ocr_line' id='line_1_104' title="bbox 427 5253 2008 5338; baseline 0.017 -34"><span class='ocrx_word' id='word_1_752' title='bbox 427 5266 628 5306; x_wconf 83' lang='lat' dir='ltr'><strong>novum</strong></span> <span class='ocrx_word' id='word_1_753' title='bbox 665 5253 994 5309; x_wconf 86' lang='lat' dir='ltr'><strong>miraculum</strong></span> <span class='ocrx_word' id='word_1_754' title='bbox 1023 5254 1356 5330; x_wconf 84' lang='lat' dir='ltr'><strong>designaret,</strong></span> <span class='ocrx_word' id='word_1_755' title='bbox 1384 5276 1636 5334; x_wconf 85' lang='lat' dir='ltr'><strong>eamque,</strong></span> <span class='ocrx_word' id='word_1_756' title='bbox 1659 5284 1780 5338; x_wconf 65' lang='lat' dir='ltr'><strong>qua:</strong></span> <span class='ocrx_word' id='word_1_757' title='bbox 1807 5275 2008 5330; x_wconf 88' lang='lat' dir='ltr'><strong>sterili-</strong></span> 
     </span>
    </p>
   </div>
   <div class='ocr_carea' id='block_1_104' title="bbox 503 5426 1569 5507">
    <p class='ocr_par' dir='ltr' id='par_1_104' title="bbox 503 5426 1569 5507">
     <span class='ocr_line' id='line_1_105' title="bbox 503 5426 1569 5507; baseline 0.012 -27"><span class='ocrx_word' id='word_1_758' title='bbox 503 5426 696 5482; x_wconf 76' lang='lat' dir='ltr'><strong>‘l’sal.</strong></span> <span class='ocrx_word' id='word_1_759' title='bbox 741 5443 892 5494; x_wconf 73' lang='grc' dir='ltr'><strong>χιιι,</strong></span> <span class='ocrx_word' id='word_1_760' title='bbox 945 5430 1000 5485; x_wconf 83' lang='grc'><strong>5.</strong></span> <span class='ocrx_word' id='word_1_761' title='bbox 1111 5435 1130 5470; x_wconf 66' lang='grc' dir='ltr'><strong>ί</strong></span> <span class='ocrx_word' id='word_1_762' title='bbox 1159 5431 1317 5490; x_wconf 80' lang='lat' dir='ltr'><strong>Rom.</strong></span> <span class='ocrx_word' id='word_1_763' title='bbox 1369 5453 1447 5507; x_wconf 71' lang='grc' dir='ltr'>η,</span> <span class='ocrx_word' id='word_1_764' title='bbox 1476 5438 1569 5493; x_wconf 78' lang='lat'><strong>36.</strong></span> 
     </span>
    </p>
   </div>
   <div class='ocr_carea' id='block_1_105' title="bbox 2105 4555 3698 4646">
    <p class='ocr_par' dir='ltr' id='par_1_105' title="bbox 2105 4555 3698 4646">
     <span class='ocr_line' id='line_1_106' title="bbox 2105 4555 3698 4646; baseline 0.017 -42"><span class='ocrx_word' id='word_1_765' title='bbox 2105 4567 2284 4622; x_wconf 86' lang='grc' dir='ltr'>τερον.</span> <span class='ocrx_word' id='word_1_766' title='bbox 2323 4555 2571 4627; x_wconf 86' lang='grc' dir='ltr'>Ἔπρεπε</span> <span class='ocrx_word' id='word_1_767' title='bbox 2607 4562 2716 4632; x_wconf 71' lang='grc' dir='ltr'><strong>γάρ</strong></span> <span class='ocrx_word' id='word_1_768' title='bbox 2755 4563 2834 4633; x_wconf 86' lang='grc' dir='ltr'>τῷ</span> <span class='ocrx_word' id='word_1_769' title='bbox 2862 4563 2930 4618; x_wconf 87' lang='grc' dir='ltr'><strong>δι’</strong></span> <span class='ocrx_word' id='word_1_770' title='bbox 2975 4561 3036 4620; x_wconf 71' lang='grc' dir='ltr'>οὗ</span> <span class='ocrx_word' id='word_1_771' title='bbox 3073 4567 3139 4621; x_wconf 81' lang='grc' dir='ltr'><strong>τά</strong></span> <span class='ocrx_word' id='word_1_772' title='bbox 3181 4571 3380 4634; x_wconf 84' lang='grc' dir='ltr'>πάντα,</span> <span class='ocrx_word' id='word_1_773' title='bbox 3417 4573 3511 4626; x_wconf 74' lang='grc' dir='ltr'>καὶ</span> <span class='ocrx_word' id='word_1_774' title='bbox 3553 4577 3613 4630; x_wconf 81' lang='grc' dir='ltr'>ἐν</span> <span class='ocrx_word' id='word_1_775' title='bbox 3650 4571 3698 4646; x_wconf 78' lang='grc' dir='ltr'><strong>ᾧ</strong></span> 
     </span>
    </p>
   </div>
   <div class='ocr_carea' id='block_1_106' title="bbox 2106 4644 3696 4740">
    <p class='ocr_par' dir='ltr' id='par_1_106' title="bbox 2106 4644 3696 4740">
     <span class='ocr_line' id='line_1_107' title="bbox 2106 4644 3696 4740; baseline 0.018 -45"><span class='ocrx_word' id='word_1_776' title='bbox 2106 4645 2174 4696; x_wconf 80' lang='grc' dir='ltr'>τὰ</span> <span class='ocrx_word' id='word_1_777' title='bbox 2210 4644 2411 4710; x_wconf 85' lang='grc' dir='ltr'>πάντα,</span> <span class='ocrx_word' id='word_1_778' title='bbox 2442 4647 2520 4712; x_wconf 86' lang='grc' dir='ltr'>ὡς</span> <span class='ocrx_word' id='word_1_779' title='bbox 2545 4651 2644 4722; x_wconf 85' lang='grc' dir='ltr'>τῆς</span> <span class='ocrx_word' id='word_1_780' title='bbox 2673 4653 2888 4720; x_wconf 76' lang='grc' dir='ltr'>φύσεως</span> <span class='ocrx_word' id='word_1_781' title='bbox 2929 4657 3200 4732; x_wconf 77' lang='grc' dir='ltr'>Δεσπότῃ,</span> <span class='ocrx_word' id='word_1_782' title='bbox 3237 4661 3331 4714; x_wconf 76' lang='grc' dir='ltr'><strong>ἐπὶ</strong></span> <span class='ocrx_word' id='word_1_783' title='bbox 3362 4667 3428 4734; x_wconf 80' lang='grc' dir='ltr'>τῇ</span> <span class='ocrx_word' id='word_1_784' title='bbox 3476 4644 3696 4740; x_wconf 38' lang='lat' dir='ltr'><strong>7:90p},-</strong></span> 
     </span>
    </p>
   </div>
   <div class='ocr_carea' id='block_1_107' title="bbox 2104 4737 3697 4820">
    <p class='ocr_par' dir='ltr' id='par_1_107' title="bbox 2104 4737 3697 4820">
     <span class='ocr_line' id='line_1_108' title="bbox 2104 4737 3697 4820; baseline 0.021 -39"><span class='ocrx_word' id='word_1_785' title='bbox 2104 4745 2225 4801; x_wconf 86' lang='grc' dir='ltr'>τορι</span> <span class='ocrx_word' id='word_1_786' title='bbox 2256 4737 2588 4807; x_wconf 84' lang='grc' dir='ltr'>νεουργῆσαι</span> <span class='ocrx_word' id='word_1_787' title='bbox 2617 4739 2678 4792; x_wconf 74' lang='grc' dir='ltr'>τὸ</span> <span class='ocrx_word' id='word_1_788' title='bbox 2714 4740 2919 4812; x_wconf 83' lang='grc' dir='ltr'>θαῦμα,</span> <span class='ocrx_word' id='word_1_789' title='bbox 2965 4746 3056 4798; x_wconf 73' lang='grc' dir='ltr'><strong>καὶ</strong></span> <span class='ocrx_word' id='word_1_790' title='bbox 3089 4751 3313 4820; x_wconf 85' lang='grc' dir='ltr'>στεῖραν</span> <span class='ocrx_word' id='word_1_791' title='bbox 3341 4752 3510 4808; x_wconf 78' lang='grc' dir='ltr'>οὖσαν</span> <span class='ocrx_word' id='word_1_792' title='bbox 3558 4737 3697 4812; x_wconf 60' lang='grc' dir='ltr'><strong>ἀπὸ-</strong></span> 
     </span>
    </p>
   </div>
   <div class='ocr_carea' id='block_1_108' title="bbox 2102 4821 3696 4914">
    <p class='ocr_par' dir='ltr' id='par_1_108' title="bbox 2102 4821 3696 4914">
     <span class='ocr_line' id='line_1_109' title="bbox 2102 4821 3696 4914; baseline 0.017 -41"><span class='ocrx_word' id='word_1_793' title='bbox 2102 4821 2275 4888; x_wconf 86' lang='grc' dir='ltr'>δεῖξαι</span> <span class='ocrx_word' id='word_1_794' title='bbox 2313 4827 2526 4898; x_wconf 86' lang='grc' dir='ltr'>μητέρα</span> <span class='ocrx_word' id='word_1_795' title='bbox 2555 4845 2570 4861; x_wconf 78' lang='grc' dir='ltr'><strong>ο</strong></span> <span class='ocrx_word' id='word_1_796' title='bbox 2602 4827 2705 4884; x_wconf 84' lang='grc' dir='ltr'>εἷθ’</span> <span class='ocrx_word' id='word_1_797' title='bbox 2727 4831 2900 4898; x_wconf 79' lang='grc' dir='ltr'>οὕτως</span> <span class='ocrx_word' id='word_1_798' title='bbox 2929 4837 3023 4888; x_wconf 75' lang='grc' dir='ltr'><strong>ἐπὶ</strong></span> <span class='ocrx_word' id='word_1_799' title='bbox 3052 4840 3220 4910; x_wconf 81' lang='grc' dir='ltr'>μητρὶ</span> <span class='ocrx_word' id='word_1_800' title='bbox 3242 4840 3313 4892; x_wconf 83' lang='grc' dir='ltr'>τὰ</span> <span class='ocrx_word' id='word_1_801' title='bbox 3339 4841 3442 4912; x_wconf 83' lang='grc' dir='ltr'>τῆς</span> <span class='ocrx_word' id='word_1_802' title='bbox 3476 4847 3696 4914; x_wconf 79' lang='grc' dir='ltr'>φύσεως</span> 
     </span>
    </p>
   </div>
   <div class='ocr_carea' id='block_1_109' title="bbox 2103 4917 3693 5006">
    <p class='ocr_par' dir='ltr' id='par_1_109' title="bbox 2103 4917 3693 5006">
     <span class='ocr_line' id='line_1_110' title="bbox 2103 4917 3693 5006; baseline 0.017 -42"><span class='ocrx_word' id='word_1_803' title='bbox 2103 4917 2502 4987; x_wconf 84' lang='grc' dir='ltr'>καινοτομῆσαι</span> <span class='ocrx_word' id='word_1_804' title='bbox 2532 4918 2732 4992; x_wconf 79' lang='grc' dir='ltr'>θεσμὰ,</span> <span class='ocrx_word' id='word_1_805' title='bbox 2769 4924 2863 4977; x_wconf 76' lang='grc' dir='ltr'>καὶ</span> <span class='ocrx_word' id='word_1_806' title='bbox 2893 4927 3166 4998; x_wconf 85' lang='grc' dir='ltr'>παρθένον</span> <span class='ocrx_word' id='word_1_807' title='bbox 3201 4930 3484 5000; x_wconf 78' lang='grc' dir='ltr'>ἀποδεῖξαι</span> <span class='ocrx_word' id='word_1_808' title='bbox 3518 4938 3693 5006; x_wconf 83' lang='grc' dir='ltr'>μητέ-</span> 
     </span>
    </p>
   </div>
   <div class='ocr_carea' id='block_1_110' title="bbox 2107 5006 3690 5098">
    <p class='ocr_par' dir='ltr' id='par_1_110' title="bbox 2107 5006 3690 5098">
     <span class='ocr_line' id='line_1_111' title="bbox 2107 5006 3690 5098; baseline 0.018 -44"><span class='ocrx_word' id='word_1_809' title='bbox 2107 5018 2206 5073; x_wconf 90' lang='grc' dir='ltr'><strong>ρα,</strong></span> <span class='ocrx_word' id='word_1_810' title='bbox 2263 5006 2359 5058; x_wconf 80' lang='grc' dir='ltr'>καὶ</span> <span class='ocrx_word' id='word_1_811' title='bbox 2415 5009 2715 5080; x_wconf 83' lang='grc' dir='ltr'>παρθενίας</span> <span class='ocrx_word' id='word_1_812' title='bbox 2770 5015 3174 5088; x_wconf 78' lang='grc' dir='ltr'>ἐπισφραγίσαι</span> <span class='ocrx_word' id='word_1_813' title='bbox 3239 5022 3310 5076; x_wconf 80' lang='grc' dir='ltr'><strong>τά</strong></span> <span class='ocrx_word' id='word_1_814' title='bbox 3373 5027 3690 5098; x_wconf 78' lang='grc' dir='ltr'>σήμαντρα.</span> 
     </span>
    </p>
   </div>
   <div class='ocr_carea' id='block_1_111' title="bbox 2104 5095 3694 5189">
    <p class='ocr_par' dir='ltr' id='par_1_111' title="bbox 2104 5095 3694 5189">
     <span class='ocr_line' id='line_1_112' title="bbox 2104 5095 3694 5189; baseline 0.017 -42"><span class='ocrx_word' id='word_1_815' title='bbox 2104 5095 2360 5152; x_wconf 86' lang='grc' dir='ltr'>Τοιοῦτον</span> <span class='ocrx_word' id='word_1_816' title='bbox 2382 5100 2444 5154; x_wconf 84' lang='grc' dir='ltr'>τὸ</span> <span class='ocrx_word' id='word_1_817' title='bbox 2459 5103 2560 5172; x_wconf 79' lang='grc' dir='ltr'>τῆς</span> <span class='ocrx_word' id='word_1_818' title='bbox 2581 5104 2860 5178; x_wconf 87' lang='grc' dir='ltr'>Παρθένου</span> <span class='ocrx_word' id='word_1_819' title='bbox 2891 5110 3157 5178; x_wconf 87' lang='grc' dir='ltr'>γενέσιον,</span> <span class='ocrx_word' id='word_1_820' title='bbox 3182 5113 3344 5168; x_wconf 85' lang='grc' dir='ltr'>τοῦτο</span> <span class='ocrx_word' id='word_1_821' title='bbox 3363 5119 3465 5189; x_wconf 77' lang='grc' dir='ltr'>τῆς</span> <span class='ocrx_word' id='word_1_822' title='bbox 3492 5095 3694 5188; x_wconf 81' lang='grc' dir='ltr'>ἑορτῆς</span> 
     </span>
    </p>
   </div>
   <div class='ocr_carea' id='block_1_112' title="bbox 2101 5183 3689 5280">
    <p class='ocr_par' dir='ltr' id='par_1_112' title="bbox 2101 5183 3689 5280">
     <span class='ocr_line' id='line_1_113' title="bbox 2101 5183 3689 5280; baseline 0.018 -44"><span class='ocrx_word' id='word_1_823' title='bbox 2101 5183 2163 5238; x_wconf 85' lang='grc' dir='ltr'>τὸ</span> <span class='ocrx_word' id='word_1_824' title='bbox 2201 5186 2520 5255; x_wconf 83' lang='grc' dir='ltr'>κεφάλαιον.</span> <span class='ocrx_word' id='word_1_825' title='bbox 2570 5193 2604 5264; x_wconf 77' lang='grc' dir='ltr'>ἡ</span> <span class='ocrx_word' id='word_1_826' title='bbox 2651 5195 2762 5248; x_wconf 85' lang='grc' dir='ltr'>τῶν</span> <span class='ocrx_word' id='word_1_827' title='bbox 2804 5196 3084 5270; x_wconf 86' lang='grc' dir='ltr'>διαθηκῶν</span> <span class='ocrx_word' id='word_1_828' title='bbox 3123 5201 3218 5256; x_wconf 81' lang='grc' dir='ltr'><strong>τοῦ</strong></span> <span class='ocrx_word' id='word_1_829' title='bbox 3255 5205 3394 5260; x_wconf 76' lang='grc' dir='ltr'><strong>Θεοῦ</strong></span> <span class='ocrx_word' id='word_1_830' title='bbox 3417 5183 3570 5280; x_wconf 34' lang='grc' dir='ltr'>*πρὸς</span> <span class='ocrx_word' id='word_1_831' title='bbox 3592 5183 3689 5262; x_wconf 79' lang='grc' dir='ltr'>άν-</span> 
     </span>
    </p>
   </div>
   <div class='ocr_carea' id='block_1_113' title="bbox 2103 5272 3689 5367">
    <p class='ocr_par' dir='ltr' id='par_1_113' title="bbox 2103 5272 3689 5367">
     <span class='ocr_line' id='line_1_114' title="bbox 2103 5272 3689 5367; baseline 0.008 -24"><span class='ocrx_word' id='word_1_832' title='bbox 2103 5272 2357 5345; x_wconf 81' lang='grc' dir='ltr'>θρώπους</span> <span class='ocrx_word' id='word_1_833' title='bbox 2408 5281 2742 5356; x_wconf 80' lang='grc' dir='ltr'>ἀνάμνησις,</span> <span class='ocrx_word' id='word_1_834' title='bbox 2791 5289 2824 5359; x_wconf 84' lang='grc' dir='ltr'><strong>ή</strong></span> <span class='ocrx_word' id='word_1_835' title='bbox 2862 5289 2976 5344; x_wconf 83' lang='grc' dir='ltr'>τῶν</span> <span class='ocrx_word' id='word_1_836' title='bbox 3017 5272 3506 5367; x_wconf 60' lang='grc' dir='ltr'>προφητευθέντων</span> <span class='ocrx_word' id='word_1_837' title='bbox 3545 5272 3689 5355; x_wconf 65' lang='lat' dir='ltr'><strong>thro-</strong></span> 
     </span>
    </p>
   </div>
   <div class='ocr_carea' id='block_1_114' title="bbox 1743 5565 2414 5634">
    <p class='ocr_par' dir='ltr' id='par_1_114' title="bbox 1743 5565 2414 5634">
     <span class='ocr_line' id='line_1_115' title="bbox 1743 5565 2414 5634; baseline 0.018 -12"><span class='ocrx_word' id='word_1_838' title='bbox 1743 5565 2132 5628; x_wconf 83' lang='lat' dir='ltr'><strong>COMBEFISII</strong></span> <span class='ocrx_word' id='word_1_839' title='bbox 2180 5574 2414 5634; x_wconf 74' lang='grc' dir='ltr'><strong>ΝΟΤΑΞ.</strong></span> 
     </span>
    </p>
   </div>
   <div class='ocr_carea' id='block_1_115' title="bbox 506 5639 3674 5754">
    <p class='ocr_par' dir='ltr' id='par_1_115' title="bbox 506 5639 3674 5754">
     <span class='ocr_line' id='line_1_116' title="bbox 506 5639 3674 5754; baseline 0.012 -41"><span class='ocrx_word' id='word_1_840' title='bbox 506 5639 1749 5754; x_wconf 32' lang='grc' dir='ltr'><strong>,ηςιῖίοιιὸιέιιίζεξθιιιόοῐη</strong></span> <span class='ocrx_word' id='word_1_841' title='bbox 1778 5680 2000 5720; x_wconf 84' lang='lat' dir='ltr'><strong>causam</strong></span> <span class='ocrx_word' id='word_1_842' title='bbox 2044 5665 2200 5726; x_wconf 82' lang='lat' dir='ltr'><strong>aﬁ‘ert</strong></span> <span class='ocrx_word' id='word_1_843' title='bbox 2229 5671 2528 5744; x_wconf 85' lang='lat' dir='ltr'><strong>Gregorius</strong></span> <span class='ocrx_word' id='word_1_844' title='bbox 2560 5675 2896 5754; x_wconf 84' lang='lat' dir='ltr'><strong>Theologus,</strong></span> <span class='ocrx_word' id='word_1_845' title='bbox 2949 5699 3050 5742; x_wconf 88' lang='lat' dir='ltr'><strong>cur</strong></span> <span class='ocrx_word' id='word_1_846' title='bbox 3111 5687 3226 5746; x_wconf 63' lang='lat' dir='ltr'><strong>hac</strong></span> <span class='ocrx_word' id='word_1_847' title='bbox 3299 5691 3482 5748; x_wconf 87' lang='lat' dir='ltr'><strong>omnia</strong></span> <span class='ocrx_word' id='word_1_848' title='bbox 3532 5693 3674 5750; x_wconf 77' lang='lat' dir='ltr'><strong>infe-</strong></span> 
     </span>
    </p>
   </div>
   <div class='ocr_carea' id='block_1_116' title="bbox 447 5703 1566 5783">
    <p class='ocr_par' dir='ltr' id='par_1_116' title="bbox 447 5703 1566 5783">
     <span class='ocr_line' id='line_1_117' title="bbox 447 5703 1566 5783; baseline 0.021 -26"><span class='ocrx_word' id='word_1_849' title='bbox 447 5703 746 5766; x_wconf 35' lang='lat' dir='ltr'><strong>riora&#39;aut&#39;e</strong></span> <span class='ocrx_word' id='word_1_850' title='bbox 777 5703 1052 5775; x_wconf 82' lang='lat' dir='ltr'><strong>hominem</strong></span> <span class='ocrx_word' id='word_1_851' title='bbox 1081 5703 1566 5783; x_wconf 51' lang='lat' dir='ltr'><strong>deﬁa&#39;i&#39;iifrueiim.</strong></span> 
     </span>
    </p>
   </div>
  </div>
