4032 6138
448 302 453 305 ’
471 293 578 358 863

1648 296 1708 356 S.
1750 295 2079 356 ANDREIE
2109 292 2536 355 CRETENSIS

3634 277 3773 347 864

470 404 523 458 ei
556 400 743 456 statim
776 416 805 454 a
845 401 1140 457 cunabulis
1190 400 1459 457 divinitus
1490 403 1770 486 adjectum
1807 405 2055 475 pulchri-

2164 403 2518 474 εὐπρέπειαν,
2554 400 2643 455 διὰ
2668 400 2779 455 τῶν
2809 398 3072 453 ποικίλων
3112 395 3207 451 τοῦ
3247 394 3391 450 θείου
3434 393 3775 463 Πνεύματος

475 493 687 549 tudinis
737 494 1015 554 decorem.
1066 508 1161 563 per
1195 493 1347 547 varia
1380 492 1558 547 divini
1605 495 1858 565 Spiritus
1884 495 2051 561 dona,

475 583 774 638 obscurius
827 582 1166 653 designans;
1229 583 1307 639 sic
1358 584 1533 649 enim,
1579 601 1702 640 mea
1750 586 2053 650 sententia,

476 683 681 728 vestem
715 688 936 728 auream
991 688 1055 728 ac
1091 674 1339 729 liinbrias
1389 689 1631 740 aureas,
1670 676 1768 731 sed
1810 685 1864 730 et
1896 691 2055 745 rega-

476 764 555 817 les
578 774 709 833 puto
741 762 967 826 fascias,
994 773 1298 833 exponent,
1320 765 1412 832 qui
1436 766 1586 819 nulla
1623 765 1917 821 affectione
1938 764 2053 836 (29)

473 854 713 909 candide
750 853 1132 923 iudicaverint
1173 856 1453 923 lectores;
1488 872 1725 927 quorum
1754 858 1848 913 ille
1879 858 2056 913 inter-

476 959 604 997 num
628 943 908 1010 decorem,
933 959 1168 1014 eamque
1202 954 1574 1011 venustatem,
1607 962 1716 1017 qua
1742 962 1809 1001 ex
1827 956 2056 1001 externa

475 1033 889 1100 pulchritudine
914 1032 1370 1104 circumlulgebat
1392 1034 1694 1103 Virginem,
1719 1034 2054 1106 praevidens.

475 1124 646 1178 libera
696 1123 1031 1177 acclatnavit
1087 1139 1266 1178 voce:
1311 1142 1330 1176 t
1361 1125 1523 1190 Audi,
1573 1127 1780 1196 inquit,
1837 1125 1969 1189 ﬁlia,
2001 1136 2058 1180 et

476 1215 684 1269 inclina
703 1229 892 1269 aurem
919 1224 1068 1268 tuam
1093 1232 1107 1282 ;
1136 1227 1188 1270 et
1217 1216 1550 1271 obliviscere
1581 1219 1849 1285 populum
1874 1225 2053 1281 tuum,

474 1316 527 1358 et
558 1305 782 1358 domum
812 1308 984 1373 patris
1014 1307 1128 1374 tui;
1164 1315 1220 1361 et
1259 1309 1619 1377 concupiscet
1650 1306 1764 1362 Rex
1799 1308 2055 1362 decorem

476 1405 633 1451 tuum
663 1416 676 1450 :
709 1416 730 1448 ι
768 1414 889 1468 quae
915 1399 1165 1467 quidem,
1205 1399 1310 1454 etsi
1365 1408 1561 1468 aperte
1593 1398 1897 1454 Ecclesium
1922 1414 2059 1468 gen-

389 1551 393 1554 ,
478 1490 614 1542 tium
648 1489 918 1554 referant,
959 1490 1105 1545 haud
1130 1498 1316 1545 tamen
1352 1489 1578 1544 dilIicile
1605 1489 1787 1544 deilla
1824 1489 2057 1560 intelligi

2161 496 2538 566 χαρισμάτων,
2586 492 2980 565 ὑποσημαίνων
3009 507 3023 521 ⁸
3060 489 3275 552 τούτοις
3305 486 3416 557 γάρ
3447 486 3475 537 ὁ
3518 486 3771 555 διάχρυ-

2164 604 2253 651 σος
2286 587 2604 657 ἱματισμὸς,
2635 587 2730 640 καὶ
2769 586 2821 640 οἱ
2854 585 3049 656 χρυσοῖ
3093 578 3425 653 κροσσωτοὶ,
3454 577 3575 631 κατ’
3608 575 3772 647 ἐμὴν

2161 679 2478 749 ἐπιστήμην
2511 695 2524 708 ·
2573 673 2731 746 οἶμαι
2771 677 2829 730 δὲ
2875 678 2970 731 καὶ
3014 674 3087 729 τὰ
3135 672 3383 745 βασίλεια
3429 670 3769 740 σπάργανα..

2162 770 2300 839 πρὸς
2330 768 2442 822 τῶν
2492 768 2857 838 εὐγνωμόνων
2899 765 3276 838 ἁπροσπαθῶς
3305 761 3725 832 ὲκλαμδάνεται
3746 777 3766 790 ο

2160 854 2237 915 ὧν
2271 861 2369 931 τὴν
2416 860 2568 914 ἔνδον
2610 860 2974 930 εὐπρέπειαν,
3026 858 3122 912 καὶ
3153 855 3253 927 τὴν
3283 857 3349 909 ὲκ
3374 852 3468 907 τοῦ
3520 852 3777 915 κάλλους

2162 949 2364 1015 ἔξωθεν
2420 950 2912 1021 περιλαμπομένην
2965 952 3034 1019 τῇ
3093 947 3360 1017 Παρθένῳ
3417 942 3773 1014 προθεωριῖιν

2162 1040 2498 1112 ὡραιότητα,
2538 1039 3075 1113 πεπαῤῥησιασμένῃ
3098 1041 3167 1109 τῇ
3189 1040 3344 1107 φωνῇ
3366 1034 3770 1106 προσανέκρα-

2162 1147 2258 1200 γεν
2287 1132 2326 1162 ’λ
2387 1150 2405 1183 ι
2442 1133 2733 1192 Ἄκουσον,
2783 1131 2982 1199 λέγων,
3031 1128 3294 1199 θύγατερ,
3356 1125 3452 1179 καὶ
3505 1123 3605 1189 ίδε,
3663 1122 3770 1177 καὶ

2163 1222 2341 1275 κλῖνον
2369 1222 2431 1275 τὺ
2460 1222 2555 1286 οὓς
2582 1239 2700 1287 σου,
2754 1223 2850 1275 καὶ
2905 1222 3166 1274 ἐπιλάθου
3220 1218 3321 1272 τοῦ
3348 1216 3480 1270 λαοῦ
3512 1232 3611 1268 σου
3660 1216 3774 1268 καὶ

2163 1315 2257 1369 τοῦ
2294 1317 2446 1371 οἴκου
2473 1315 2568 1370 τοῦ
2612 1317 2818 1387 πατρός
2849 1333 2965 1381 σου,
3015 1316 3113 1367 καὶ
3159 1312 3491 1381 ἐπιθυμήσει
3521 1309 3552 1361 ὁ
3596 1307 3771 1379 βασι-

2164 1407 2290 1469 λεὺς
2317 1407 2413 1460 τοῦ
2450 1406 2680 1470 κάλλους
2714 1424 2809 1460 σου
2830 1423 2843 1437 ·
2887 1425 2905 1457 ι
2949 1407 3095 1474 άπερ
3124 1404 3173 1457 εί
3217 1403 3314 1455 καὶ
3358 1398 3647 1470 προδήλως
3675 1399 3772 1460 εἰς

2163 1498 2262 1569 τὴν
2290 1499 2348 1565 ὲξ
2381 1498 2553 1553 ἐθνῶν
2599 1497 2933 1566 Ἐκκλησίαν
2971 1498 3071 1566 τὴν
3114 1491 3402 1565 ἀναφορὰν
3449 1490 3602 1561 ἔχει,
3637 1487 3772 1542 ἀλλ’

370 3480 377 3488 κ
484 3413 804 3481 Dominum,
844 3415 970 3472 sinu
1015 3416 1304 3486 complexa
1338 3431 1421 3481 es,
1453 3428 1513 3472 ut
1554 3417 1796 3488 primam
1832 3418 2065 3487 proavia

475 1592 704 1649 queant,
738 1598 863 1651 quae
903 1590 1018 1637 tota
1085 1582 1187 1636 toti
1244 1581 1506 1636 Ecclesiae
1537 1597 1746 1662 sponsu
1767 1597 1867 1652 per
1897 1596 2051 1636 meo-

2165 1591 2227 1643 οὐ
2267 1589 2504 1660 χαλεπὸν
2537 1590 2628 1642 καὶ
2673 1589 2760 1640 ἐπ’
2797 1588 2967 1656 αὐτῆς
3002 1583 3469 1655 ὲκλαμϐάνεσθαι,
3498 1581 3598 1651 τῆς
3624 1580 3775 1648 ὅλης

478 1673 677 1726 nomia:
738 1673 1067 1726 miraculum
1123 1673 1177 1725 in
1202 1672 1476 1741 templum
1536 1671 1731 1726 ell'ecta
1794 1679 1903 1727 est.
1943 1672 2058 1741 Age

2165 1682 2272 1752 ὅλῳ
2310 1680 2390 1751 τῷ
2425 1681 2525 1750 τῆς
2562 1679 2893 1750 Ἐκκλησίας
2938 1676 3161 1746 νυμφίῳ
3202 1671 3626 1745 ναοποιηθείσης
3676 1670 3774 1741 τῷ

478 1764 665 1833 igitur,
707 1764 801 1833 qui
844 1764 899 1818 iu
935 1778 1106 1818 unum
1137 1764 1359 1819 collecti
1388 1779 1605 1829 sumus,
1638 1778 1763 1818 cum
1828 1763 2054 1831 Davide,

2164 1772 2258 1842 τῆς
2288 1771 2681 1843 ὲνσαρκώσεως
2725 1769 2984 1841 θαύματι.
3023 1770 3159 1837 Ἀγε
3194 1767 3262 1837 δὴ
3299 1760 3395 1818 οὖν
3424 1765 3506 1828 εἰς
3547 1763 3773 1835 ταύτὸν

479 1852 709 1909 Davidis
756 1854 906 1918 ﬁliae,
944 1870 1046 1910 ceu
1108 1856 1197 1909 Dei
1257 1857 1451 1910 matris
1519 1855 1802 1917 eucomia,
1860 1856 2057 1926 plausu

2164 1866 2511 1928 συνελθόντες
2549 1862 2688 1935 μετὰ
2725 1861 2819 1915 τοῦ
2844 1859 3033 1924 Δαόῖδ,
3065 1861 3131 1929 τῇ
3164 1858 3229 1910 ἐκ
3262 1853 3428 1908 Δαὸὶδ
3456 1854 3773 1923 ἐπικροτή-

476 1946 845 2003 celebremus.
908 1946 1284 2004 Veneratione
1362 1949 1617 2003 colamus
1678 1947 1837 2003 festae
1917 1949 2058 2004 lucis

2164 1972 2346 2026 σωμεν
2387 1949 2476 2009 οἷα
2521 1955 2710 2025 Μητρὶ
2756 1951 2895 2005 Θεοῦ
2927 1948 3202 2021 ἐγκώμια.
3248 1944 3623 2015 Σεϐασθῶμεν
3653 1943 3773 2014 τῆς

478 2038 867 2107 splendorem;
932 2040 1231 2097 oll’eramus
1290 2040 1500 2112 Virgini
1563 2042 1864 2112 praeclaros
1896 2041 2058 2112 virgi-

2164 2046 2361 2117 ἑορτῆς
2391 2045 2490 2118 τὴν
2532 2044 2928 2116 λαμπρότητα·
2976 2040 3343 2113 προσάξωμεν
3384 2039 3452 2109 τῇ
3486 2035 3773 2107 Παρθένῳ

480 2134 673 2190 unitatis
692 2137 902 2192 titulos.
932 2136 1115 2193 Nostri
1144 2137 1358 2207 reginae
1382 2136 1626 2207 generis,
1657 2152 1757 2193 ceu
1776 2136 1922 2192 dona
1948 2134 2058 2207 (50)

2164 2135 2231 2189 τά
2255 2135 2355 2206 τῆς
2402 2135 2702 2207 παρθενίας
2739 2132 3217 2205 σεμνολογήματα.
3262 2128 3773 2200 Δωροφορήσωμεν

478 2228 837 2299 pretiosaque
877 2237 1182 2298 mtguenta.
1220 2230 1618 2299 prophetarum
1652 2229 1886 2283 oracula
1911 2228 2058 2284 dono

2164 2230 2227 2299 τῇ
2247 2228 2482 2299 βασιλίδι
2510 2226 2605 2280 τοῦ
2628 2228 2843 2296 γένους,
2874 2224 2949 2288 ὡς
2965 2224 3133 2295 δῶρα,
3167 2222 3264 2276 καὶ
3286 2223 3435 2293 μύρα
3452 2218 3768 2289 πολύτιμα,

479 2314 864 2369 adhibeamus.
887 2313 1162 2371 Gabrielis
1180 2315 1230 2369 ei
1254 2317 1628 2371 acclamemus
1644 2315 2058 2372 salutationem.

2164 2319 2233 2373 τά
2262 2318 2372 2372 τῶν
2416 2317 2715 2389 προφητῶν
2744 2315 3222 2388 χρησμῳδήματα.
3254 2311 3773 2383 Προσφωνήσωμεν

481 2403 740 2460 Dicamus
791 2406 977 2477 gaudii
1040 2410 1296 2476 parenti:
1345 2404 1603 2474 «Gaude,
1639 2422 1873 2478 aveque,
1931 2421 2058 2478 gra-

2164 2411 2306 2482 αὐτῇ
2326 2410 2388 2463 τδ
2398 2409 2494 2463 τοῦ
2510 2410 2753 2481 Γαϐριὴλ
2774 2408 3186 2481 προσφώνημα.
3213 2405 3475 2477 Είπωμεν
3492 2406 3561 2475 τῇ
3582 2403 3770 2474 μητρὶ

477 2496 645 2557 tiosa.
676 2516 695 2551 ι
744 2497 946 2567 gaude,
974 2498 1185 2552 illustri
1249 2498 1551 2567 splendore
1610 2498 1930 2570 magniﬁca,
1964 2513 2058 2569 per

2164 2500 2267 2570 τῆς
2282 2503 2477 2572 χαρᾶςο
2505 2502 2728 2572 «Χαῖρε,
2747 2482 3189 2573 κεχαριτωμένη·
3202 2500 3412 2569 »χαῖρε,
3431 2495 3771 2565 λελάμπρυς-

477 2603 646 2657 quam
703 2588 882 2658 pulsis
939 2589 1210 2654 tenebris,
1271 2590 1456 2644 lumen
1481 2588 1726 2644 vicissim
1771 2589 2058 2643 inductum

2168 2593 2365 2663 σμένη,
2382 2585 2528 2663 δι’ἦς
2547 2590 2610 2644 τὸ
2636 2591 2826 2655 σκότος
2852 2590 3051 2663 ἠλάθη,
3083 2590 3179 2645 καὶ
3193 2590 3254 2643 τὺ
3270 2588 3383 2657 φῶς
3397 2585 3768 2656 άντεισήχθη.

479 2688 587 2735 est.
647 2676 855 2745 Gaude,
880 2681 1147 2751 gratiosa,
1207 2696 1305 2750 per
1358 2696 1528 2752 quam
1576 2681 1824 2737 cessavit
1855 2683 1967 2749 lex,
2005 2692 2058 2737 et

2173 2684 2397 2754 «Χαῖρε,
2422 2683 2900 2754 κεχαριτωμένη,»
2919 2682 2988 2735 δι⁸
3007 2677 3075 2754 ἧς
3094 2682 3123 2734 ὁ
3154 2680 3320 2752 νόμος
3343 2679 3620 2749 ὴρέμησε,
3656 2676 3769 2729 καὶ

480 2771 662 2841 gratia
722 2771 931 2826 illuxit.
970 2770 1183 2833 Gaude.
1226 2772 1444 2827 initium
1486 2771 1675 2844 gaudii
1732 2787 1800 2829 ac
1831 2772 2058 2829 maledi-

2166 2777 2201 2847 ἡ
2223 2776 2381 2847 χάρις
2404 2773 2700 2845 ἐξέλαμψε.
2736 2774 2912 2845 Χαῖρε
2939 2774 3039 2847 τῆς
3061 2774 3238 2845 χαρᾶς
3264 2771 3329 2828 τὸ
3357 2771 3647 2843 προοίμιον
3664 2769 3777 2824 καὶ

482 2863 689 2916 ctiouis
750 2860 913 2925 linis,
965 2881 984 2915 ι
1021 2863 1385 2926 Gaude.vere
1435 2863 1722 2935 gratiosa;
1790 2863 2058 2923 Dominus

2164 2866 2266 2936 τῆς
2302 2867 2440 2936 ἀράς
2473 2865 2532 2918 τὸ
2569 2865 2962 2937 συμπέρασμα.
3002 2884 3021 2917 t
3052 2864 3258 2937 Χαῖρε,
3278 2861 3501 2934 άληθῶς
3532 2876 3778 2933 κεχαρι-

484 2962 713 3009 tecum:
755 2973 776 3007 ι
833 2953 944 3023 Qui
994 2972 1060 3010 ex
1121 2964 1175 3011 te
1203 2963 1392 3026 postea
1441 2955 1580 3028 (51),
1626 2966 1791 3011 antea
1827 2965 2009 3012 tecum
2044 2972 2058 3010 :

2165 2957 2427 3027 τωμένηο
2471 2958 2500 3011 ό
2528 2952 2737 3027 Κύριος
2780 2958 2919 3028 μετὰ
2951 2956 3080 3011 σοῦο
3120 2975 3142 3010 ι
3193 2956 3223 3009 ό
3269 2958 3334 3010 ὲκ
3381 2952 3476 3009 σοῦ
3507 2952 3773 3029 ὕστερον,

483 3044 623 3101 illud
672 3046 900 3111 virtute,
953 3047 1056 3102 hoc
1096 3057 1264 3112 actu;
1304 3060 1455 3101 nunc
1484 3045 1734 3116 quidem,
1771 3054 1927 3101 tuum
1955 3046 2058 3103 sibi

2168 3048 2435 3120 πρότερον
2471 3047 2611 3118 μετὰ
2644 3046 2740 3101 σοῦ
2769 3064 2782 3077 ο
2822 3048 3051 3119 δυνάμει
3087 3047 3152 3103 τὸ
3178 3048 3474 3119 πρότερον,
3505 3046 3778 3117 ινεργείᾳ

485 3145 706 3193 uterum
741 3135 798 3190 in
833 3137 1135 3207 hospitium
1166 3145 1369 3207 aptans
1397 3155 1414 3204 ;
1439 3144 1577 3193 tunc
1606 3147 1820 3202 autem,
1847 3126 2058 3192 carnali

2167 3138 2229 3192 τὸ
2253 3139 2507 3211 δεύτερον
2529 3155 2543 3169 ⁸
2569 3138 2666 3193 νῦν
2690 3139 2810 3211 μὲν,
2841 3139 3148 3211 ἑτοιμάζων
3184 3157 3278 3193 σου
3307 3137 3407 3210 τὴν
3439 3138 3604 3207 νηδὺν
3630 3138 3773 3191 ἑαυ-

445 3299 447 3302 ,
482 3244 552 3284 ex
592 3237 646 3283 te
701 3229 919 3284 ratione
982 3244 1244 3300 maguum
1278 3229 1686 3286 incarnationis
1734 3231 2058 3302 mysterium

2168 3229 2247 3301 τῷ
2281 3229 2627 3301 καταγώγιον
2650 3248 2666 3263 ·
2706 3231 2829 3287 τότε
2874 3230 2955 3295 δὲ,
2991 3228 3294 3301 οἰκοδομῶν
3335 3231 3401 3284 ἐκ
3436 3228 3533 3283 σοῦ
3562 3244 3773 3300 σαρκι-

486 3323 791 3379 adornatis.
820 3322 1013 3381 Gaude
1059 3339 1183 3395 quae
1218 3324 1336 3381 sola
1371 3324 1840 3390 benedictionem,
1865 3341 2058 3397 nempe

2170 3324 2283 3389 κῶς
2332 3326 2395 3380 τὸ
2426 3324 2574 3395 μέγα
2597 3325 2699 3395 τῆς
2725 3323 3036 3395 οἰκονομίας
3066 3325 3394 3395 μυστήριον.
3422 3323 3654 3392 Χαίροις
3678 3362 3699 3385 τ
3724 3322 3771 3393 ἡ

2173 3414 2312 3487 μόνη
2372 3415 2472 3486 τὴν
2527 3414 2784 3485 εὐλογίαν
2852 3414 3326 3484 ὲγκολπωσαμένη
3387 3411 3483 3467 τὸν
3531 3409 3770 3481 Κύρων,

485 3504 929 3562 maledictionem
959 3517 1208 3563 exueret.
1244 3507 1459 3573 Gaude,
1493 3506 1745 3563 divinum
1776 3508 2065 3578 virginita-

484 3597 559 3652 tis
597 3598 886 3668 complexa
951 3598 1303 3665 thesaurum,
1339 3598 1485 3654 unde
1532 3586 1887 3670 incorruptus
1940 3615 2068 3670 pro-

484 3691 587 3750 diit
619 3701 836 3760 partus,
893 3702 1332 3762 manseruntque
1382 3692 1746 3747 nihilominus
1789 3693 2067 3748 inviolatae

485 3784 823 3856 virginitatis
854 3784 1085 3839 divitiae.
1118 3783 1331 3850 Gaude,
1360 3795 1514 3840 casta
1547 3794 1743 3848 mater,
1796 3801 1861 3840 ac
1910 3786 2067 3856 virgo

486 3875 727 3931 lactans.
775 3873 991 3939 Gaude,
1032 3876 1286 3930 diadema
1317 3877 1773 3947 pulchritudinis,
1809 3880 2062 3948 generis-

483 3976 594 4033 que
632 3978 695 4018 ac
727 3964 1008 4019 hominum
1065 3962 1614 4034 Regina,'regalihus
1657 3966 1906 4035 undique
1942 3981 2064 4020 nia--

483 4052 684 4124 gnifice
763 4054 1026 4110 decorata
1112 4056 1521 4128 praerogativis.
1574 4055 1795 4125 Gaude,
1838 4073 2061 4113 sacrmn

483 4142 690 4199 Christi
719 4144 1034 4210 delubrum,
1062 4149 1154 4218 qui
1177 4150 1330 4204 solus
1359 4148 1726 4218 singulariter
1763 4150 1815 4203 in
1845 4150 2060 4205 sanctis

484 4237 752 4293 cmlornm
800 4241 1101 4296 secundum
1167 4240 1416 4295 ordinem
1451 4240 1823 4296 Melchisedec
1871 4255 2060 4296 sacer-

2165 3507 2269 3561 ἵνα
2300 3505 2656 3578 τὴνπρὼτην
2704 3506 2952 3578 κατάραν
2998 3507 3033 3577 ἠ
3068 3505 3380 3576 προμήτωρ
3437 3502 3767 3573 ὲκδύσηται.

2161 3598 2497 3669 Χαίροις,τδ
2542 3598 2805 3668 Θεοδόχον
2859 3598 2959 3668 τῆς
3010 3595 3315 3668 παρθενίας
3372 3592 3768 3665 θησαύρισμα,

2161 3691 2222 3758 ἔξ
2247 3682 2310 3745 οὐ
2361 3690 2585 3754 τοκετὸς
2625 3689 2998 3762 προελήλυθεν
3048 3688 3310 3760 ἄφθορος,
3340 3686 3439 3741 καὶ
3494 3687 3525 3740 ὁ
3581 3684 3760 3739 πλοῦ-

2162 3798 2254 3847 τος
2324 3781 2427 3853 τῆς
2512 3780 2816 3853 παρθενίας
2904 3781 3218 3852 μεμένηκεν
3301 3777 3523 3840 ἄσυλος.
3621 3776 3769 3830 Χαί-

2165 3891 2301 3945 ροις,
2351 3874 2535 3944 μήτηρ
2588 3872 2917 3942 ἁγνεύουσα,
2976 3873 3071 3927 καὶ
3125 3869 3370 3942 Παρθένε
3424 3867 3767 3939 θηλάζουσα.

2165 3965 2418 4035 Χαίροις,
2482 3965 2715 4029 κάλλους
2769 3963 3032 4033 διάδημα,
3086 3964 3180 4016 καὶ
3235 3960 3332 4014 τοῦ
3373 3959 3566 4028 γένους
3612 3955 3772 4028 βασί-

2164 4055 2326 4109 λισσα
2353 4055 2653 4126 βασιλικοῖς
2702 4053 3122 4127 ὲπωραῖζομένη
3157 4050 3427 4108 πάντοθεν
3484 4050 3766 4121 προτερή-

2179 4165 2338 4219 μασι.
2377 4148 2604 4218 Χαίροις
2635 4146 2876 4219 ίερόθεον
2906 4147 3133 4216 τέμενος
3160 4142 3421 4217 Χριστοῦ,
3448 4141 3547 4195 τοῦ
3601 4140 3769 4211 μόνου

2176 4238 2352 4308 μόνως
2385 4239 2464 4301 είς
2487 4237 2555 4293 τά
2579 4237 2686 4292 τῶν
2709 4236 2954 4311 οὐρανῶν
2975 4235 3106 4306 am
3141 4235 3283 4292 κατὰ
3311 4230 3590 4307 τὴντάξιν
3618 4232 3769 4288 Μελ-

1799 4416 2033 4471 VAltIAS
2069 4416 2471 4475 LECTIONES.

559 4512 583 4546 ⁸
614 4509 754 4565 Maz.
788 4507 1095 4580 προανεκρ.

1818 4638 2203 4697 COMBEFISII
2256 4640 2493 4697 NOTIE.

564 4731 674 4800 (29)
713 4730 816 4797 Qui
853 4730 1003 4784 nulla
1053 4728 1352 4799 affectione.
1394 4728 1801 4801 ἀπροσπαθῶς·
1840 4731 1891 4782 id
1931 4738 2053 4793 est,
2096 4736 2138 4789 ο
2167 4733 2464 4801 siquidem,
2500 4747 2565 4785 ac
2630 4723 3253 4801 ante_iticar|iationem
3307 4735 3430 4781 erat
3481 4724 3762 4801 Dominus

492 4796 602 4860 non
634 4796 843 4856 carnali
879 4796 1113 4863 ratione,
1160 4815 1223 4854 ac
1261 4807 1425 4868 prout
1460 4796 1654 4854 vitiosa
1682 4799 1900 4855 alfeclio
1937 4816 2064 4870 sug-
2170 4796 2298 4856 cum
2345 4802 2537 4865 Maria,
2582 4798 3067 4870 sapetiﬁcansLac
3120 4812 3509 4870 prmpurgans,
3547 4796 3770 4865 sibique

493 4872 729 4931 cesserit
758 4913 772 4936 ,
830 4871 1107 4940 quomodo
1143 4871 1295 4940 pravi
1347 4869 1623 4934 homines,
1670 4884 1734 4940 ac
1785 4867 2062 4933 carnales,
2170 4873 2221 4927 in
2274 4886 2339 4927 ea
2393 4887 2598 4937 corpus
2651 4869 2916 4940 formans.
2955 4867 3330 4940 SchOIt.__Qui
3362 4867 3511 4933 prius
3557 4881 3633 4940 Aea:
3675 4875 3766 4940 Αιε,

493 4946 640 5001 dicta
691 4934 1048 5010 in'sp'onsam
1099 4934 1408 5011 m’ysticam,
1436 4954 1509 5011 ac
1553 4939 1792 5009 spiritali
1831 4942 2067 5011 ratione,
2168 4951 2353 5010 postea
2390 4934 2598 5003 tecum;
2629 4939 2721 5008 qui
2752 4939 2921 4994 etiam
2952 4954 3061 5011 non
3096 4934 3767 5011 reddit_sequentia'__6u-

501 5015 646 5067 male
690 5011 760 5066 ad
806 5005 1030 5065 carnem
1085 5005 1365 5079 ae'turpia
1397 5005 1771 5083 detorquent.
1821 5010 2072 5083 Cottatur
2168 5005 2334 5083 νάμει
2367 5011 2430 5064 τὸ
2481 5005 2770 5083 πρότερον,
2792 5007 3068 5083 ἐνεργείᾳ
3107 5006 3508 5083 τὸ-δεύτεροψ
3558 5005 3769 5083 quibus

496 5084 712 5140 Schott.
748 5097 972 5137 movere
1004 5096 1218 5142 vocem,
1247 5078 1410 5149 quam
1446 5093 1553 5133 non
1574 5080 1782 5145 capiat,
1810 5080 1956 5135 unde
1988 5081 2072 5133 sic
2172 5078 2455 5137 se'auctor
2492 5078 2754 5149 eitplicat.
2790 5078 2922 5133 Erat
2966 5078 3125 5149 prius
3155 5080 3359 5149 virtute
3390 5091 3456 5130 ac
3488 5078 3765 5143 potentia,

498 5170 674 5221 marg.
706 5153 833 5220 fort.
874 5150 1236 5222 άπροσὸάτως
1268 5147 1349 5205 vel
1380 5150 1857 5222 -rrooor:a0&i;._8ic
1889 5159 2070 5203 autent
2180 5160 2238 5205 ut
2271 5163 2491 5222 spectes
2522 5147 2772 5222 modum,
2810 5162 2934 5222 quo
2955 5147 3138 5222 factus
3175 5155 3262 5222 est
3295 5147 3509 5222 in_actu
3543 5162 3669 5222 cum
3704 5159 3771 5200 ea

497 5220 674 5279 reddit
714 5243 726 5277 :
767 5222 903 5277 Puto
934 5220 984 5275 ct
1030 5223 1173 5292 regia
1225 5220 1552 5275 incunabula
1606 5234 1701 5287 pro
1737 5220 1973 5291 benignis
2025 5228 2076 5272 et

496 5293 744 5349 candidis
780 5305 828 5346 et
857 5294 1051 5360 οἶοί-ιιι
1090 5293 1303 5360 accipi;
1341 5306 1463 5360 quae
1503 5307 1607 5341 non
1647 5300 1925 5345 constant.

571 5365 682 5433 (50)
725 5363 833 5418 Ceu
894 5357 1099 5435 ‘dona,_
1128 5357 1420 5435 ὡςίδῶρα.
1475 5357 2078 5435 Nihil_c|arins_._Vult

501 5430 727 5490 Mariam
786 5436 1029 5498 reginam
1089 5430 1410 5493 hominum,
1474 5446 1573 5500 pro
1625 5430 1784 5485 donis
1841 5430 1965 5484 aliis
2014 5444 2079 5482 ac

503 5506 826 5571 unguentis,
864 5504 1199 5574 propheticis
1239 5503 1426 5557 ornari
1459 5503 1730 5565 oraculis,
1763 5502 2080 5569 verbisque,

504 5576 701 5644 quibus
726 5591 849 5628 eum
880 5576 1157 5643 prophetae
1174 5575 1544 5628 celebrarunt.

577 5642 689 5711 (3|)
732 5644 834 5709 Qui
878 5640 942 5697 ea:
984 5640 1043 5698 te
1091 5652 1292 5712 postea,
1337 5644 1726 5712 prius_tccum.
1772 5642 1834 5693 '0
1870 5643 1934 5695 ὲκ
1984 5640 2078 5694 σοῦ

515 5707 765 5779 ὕστερον,
810 5707 1266 5783 πρότερον’μετᾶ
1324 5707 1438 5765 σοῦ.
1498 5710 1665 5765 Plana
1719 5712 1853 5767 IIEBC.
1918 5712 2081 5767 Prius

2179 5238 2276 5292 per
2304 5215 2797 5292 incarnationem;
2829 5215 3046 5292 nedum
3075 5218 3189 5292 jam
3224 5217 3280 5272 in
3329 5215 3450 5284 ejus
3481 5217 3768 5292 exsistens

2183 5286 2366 5346 incute
2403 5306 2467 5345 ac
2508 5289 2708 5355 corde;
2756 5304 2943 5343 verum
2977 5288 3143 5342 etiam
3179 5288 3232 5341 in
3263 5294 3479 5348 ventre,
3516 5286 3595 5338 uti
3630 5286 3771 5339 scite

2184 5363 2279 5434 ibi
2314 5360 2660 5434 Bernartius.
2706 5358 2890 5434 Taedio
2920 5373 3118 5434 essem_
3146 5365 3204 5434 ut_
3255 5355 3763 5434 omnia__perscqui

2184 5433 2400 5487 vellem.
2440 5430 2663 5484 Pulchri
2694 5436 2824 5483 sunt
2856 5429 2947 5482 isti
2987 5429 3042 5481 in
3076 5427 3297 5481 Mariam
3336 5425 3512 5486 tituli,
3548 5440 3617 5478 ex
3645 5425 3769 5490 qui-

2186 5503 2290 5557 bus
2320 5517 2428 5556 non
2462 5514 2668 5569 paucos
2699 5498 3113 5569 invenies,orat.
3142 5514 3163 5569 ,ι
3200 5500 3253 5550 in
3284 5495 3525 5569 Exultat.
3554 5496 3767 5569 crucis,

2189 5572 2243 5625 in
2268 5564 2512 5625 eamdem
2543 5576 2862 5636 usurpatos,
2893 5576 2955 5621 ut
2986 5567 3070 5620 vel
3104 5568 3234 5621 hinc
3257 5567 3510 5619 eumdem
3536 5564 3767 5636 colligas

2188 5650 2509 5705 auctorem;
2559 5631 2859 5706 Andream,
2915 5637 3180 5709 inquam,
3219 5637 3469 5693 Cretens.
3512 5633 3611 5706 qui
3650 5631 3767 5688 suis

2188 5712 2384 5768 lubens
2405 5726 2540 5768 usus
2574 5709 2667 5765 sit.
