4032 6138
302 283 444 361 εθςι

1329 292 1410 356 ΙΝ
1449 291 1966 356 NATIVITATEM
1997 291 2060 350 Β.
2101 289 2390 350 MARL‘E.
2432 289 2530 350 1V.

3449 293 3557 356 870

298 417 462 484 γόνα,
491 413 585 467 καὶ
607 411 710 466 ὅσα
738 407 945 482 ταῠτην
975 406 1026 462 οἱ
1054 406 1258 464 κλεινοὶ
1290 407 1386 461 τοῦ
1410 409 1728 479 ῐινεύματος
1759 407 1880 459 ὑπο-

1985 405 2225 468 ltortum,
2255 403 2459 467 locum,
2499 418 2715 470 arvum,
2751 405 3001 471 fontem;
3051 419 3267 475 Ignain,
3325 415 3556 472 guttam,

301 505 497 575 φήται,
529 501 671 556 κατά
694 502 794 572 τὴν
826 502 884 554 ἐν
927 499 1222 571 συμϐόλοις
1275 501 1542 570 μυστικὴν
1591 498 1887 552 ἐποπτείαν

300 590 724 663 προϐλεπτικῶς
745 587 1107 662 ὀνομάζουσιν
1130 605 1144 620 ο
1168 585 1304 658 οἷον,
1331 591 1492 660 βάτον
1517 589 1638 660 μὲν,
1663 589 1738 651 ὡς
1758 589 1887 642 ὅταν

301 687 441 758 λέγῃ
475 683 746 752 Μωῡσῆς·
788 701 808 733 ι
837 681 1043 744 Διαϐὰς
1075 680 1278 752 ὂψομαι
1306 681 1368 736 τὸ
1407 683 1592 754 ὅραμα
1639 681 1700 734 τὸ
1743 679 1882 750 μέγα

301 774 491 828 τοῦτο’
517 773 570 826 τί
593 773 676 825 ὅτι
711 771 934 824 καίεται
953 773 988 842 ἡ
1019 772 1200 841 βάτος,
1225 773 1320 826 καὶ
1343 774 1404 826 οὐ
1444 771 1832 835 κατακαίεται;
1861 788 1880 820 ι

315 864 538 918 Ῥἀϐδον
563 862 644 928 δὲ,
689 865 766 924 ὡς
797 863 927 916 ὅταν
969 863 1196 926 Ἦσαῖας
1224 865 1418 934 φησίψ
1458 883 1477 916 ι
1514 862 1884 930 Ἐξελεύσεται

305 953 501 1026 ῥάϐδος
525 954 591 1006 ἐκ
624 951 723 1024 τῆς
757 951 916 1024 ῥίζης
945 953 1168 1016 Ἰεσσαὶ,
1203 955 1298 1006 καὶ
1326 953 1489 1016 ἄνθος
1508 955 1573 1006 ὲκ
1600 953 1699 1022 τῆς
1727 951 1885 1022 ῥίζης

303 1045 662 1115 ἀναϐήσεται.
698 1062 717 1095 ι
760 1043 916 1107 Ῥίζα
965 1044 1247 1098 καλεῖται·
1277 1064 1296 1097 ι
1341 1046 1448 1098 Καὶ
1475 1043 1628 1098 ἔσται
1671 1045 1704 1113 ή
1759 1041 1886 1112 ῥίζα

299 1137 399 1191 τοῦ
446 1135 668 1200 Ἰεσσαὶ,
719 1135 812 1188 κα)⁸
848 1137 878 1188 6
923 1135 1288 1205 ἀνιστάμενος
1334 1135 1520 1206 ἄρχειν
1573 1133 1764 1198 ἐθνῶν,
1795 1131 1885 1187 ἐπ’

303 1227 472 1282 αὑτὸν
508 1229 529 1260 ⁸
555 1225 680 1296 ἔθνη
717 1225 985 1280 ὲλπιοῦσι.
1025 1245 1044 1278 ι
1075 1226 1152 1296 Γῆ
1203 1225 1360 1294 ἀγίαο
1399 1243 1418 1276 ι
1456 1225 1652 1293 Μωσῆ,
1688 1223 1881 1292 Mincii,

303 1321 470 1374 λύσον
493 1319 554 1372 τὸ
581 1319 837 1389 ὑπόδημα
862 1319 927 1372 ἐκ
956 1317 1066 1371 τῶν
1101 1317 1276 1372 ποδῶν
1306 1332 1400 1370 σου
1419 1335 1432 1349 ·
1461 1320 1495 1388 ή
1523 1317 1631 1386 γὰρ
1666 1315 1761 1384 γῆ,
1797 1314 1882 1381 ἐφ’

302 1407 376 1481 ἧς
409 1411 474 1464 σὺ
503 1409 765 1480 ἕστηκας,
789 1409 860 1479 γῆ
883 1408 1014 1476 ἁγία
1036 1409 1175 1462 ὲστί.
1202 1429 1220 1460 ι
1240 1408 1319 1479 Γῆ
1343 1407 1654 1478 ἑπιθυμητή
1680 1423 1692 1436 ο
1733 1423 1750 1456 ι
1775 1407 1884 1458 Kal

302 1500 666 1566 ὲξουδένωσαν
722 1500 825 1570 γῆν
886 1500 1254 1570 ἐπιθυμητήν.
1297 1517 1316 1549 ι
1377 1499 1454 1568 Γῆ
1515 1495 1883 1551 ἀνατέλλουσα

303 1589 619 1664 [ἀλήθειαν]
639 1608 654 1624 ο
683 1610 701 1642 ι
742 1590 1000 1662 Ἀλήθεια
1027 1593 1090 1644 ἐκ
1127 1591 1227 1660 τῆς
1255 1593 1359 1662 γῆς
1392 1589 1654 1644 ἀνέτειλε.
1703 1608 1721 1640 ι
1753 1589 1882 1642 Θαι-

308 1681 421 1752 μάν
441 1697 454 1710 ·
497 1699 516 1733 ι
555 1681 584 1733 ὁ
610 1680 742 1754 Θεὸς
773 1680 883 1733 ἀπὸ
919 1679 1134 1750 Θαιμὰν
1162 1681 1304 1750 ἥξει.
1339 1697 1356 1730 ι
1409 1681 1573 1750 Ὅρος
1597 1697 1610 1710 ο
1661 1697 1682 1729 ι
1713 1679 1823 1732 Καὶ
1849 1679 1877 1730 6

1991 506 2054 543 ac
2091 493 2136 546 si
2168 507 2275 560 qua
2331 491 2436 544 alia
2466 491 2653 564 inclyti
2709 493 2952 564 Spiritus
2991 495 3172 549 sancti
3202 493 3556 564 interpretes,

1989 595 2088 650 pro
2111 583 2355 653 mystica:
2391 585 2442 636 in
2473 585 2742 654 symbolis
2767 587 3132 656 inspectionis
3159 585 3398 646 ratione,
3433 601 3556 639 eam

1987 674 2306 742 prOphetice
2341 678 2634 730 nominant
2663 675 2860 744 :Puta,
2885 682 3108 743 rubum,
3149 686 3210 731 ιιι
3239 692 3364 731 cum
3402 677 3555 747 Μοι-

1988 780 2078 820 ses
2102 767 2177 818 ait
2197 781 2210 817 :
2236 783 2254 814 ι
2283 764 2582 831 \'adam,et
2602 768 2803 822 videbo
2819 770 3088 824 visionem
3116 769 3258 823 hanc
3277 783 3556 838 magnam;

1977 858 2349 925 quamobrem
2408 859 2602 913 ardeat
2643 863 2840 925 rubus,
2881 878 2984 916 nec
3035 864 3398 916 comburatur
3429 861 3454 900 δ
3481 859 3504 913 ?
3531 877 3551 908 ι

1989 945 2212 1016 Virgam
2243 958 2446 1011 autem,
2477 959 2534 1004 ut
2563 967 2690 1006 cum
2730 953 2902 1005 Isaias
2948 952 3085 1006 dicit
3124 969 3138 1004 ι
3177 972 3198 1004 ι
3231 952 3559 1022 Egredietur

1984 1037 2138 1108 virga
2166 1039 2232 1092 de
2263 1039 2448 1093 radice
2473 1039 2648 1106 Jesse,
2679 1050 2734 1096 et
2753 1041 2854 1096 llos
2880 1043 2947 1096 de
2975 1043 3160 1097 radice
3182 1046 3445 1097 ascendet
3465 1052 3548 1094 ο.»

1985 1129 2308 1198 Appellatur
2337 1129 2489 1182 radix
2523 1145 2537 1182 :
2579 1149 2598 1181 ι
2633 1132 2696 1184 Et
2722 1134 2830 1188 erit
2863 1134 3014 1187 radix
3045 1131 3224 1198 Jesse,
3261 1141 3314 1186 et
3343 1133 3435 1201 qui
3461 1147 3560 1186 ex-

1985 1229 2176 1289 surget
2209 1235 2398 1290 regere
2430 1230 2647 1290 gentes,
2669 1223 2723 1276 in
2751 1239 2875 1278 eum
2911 1233 3103 1292 gentes
3135 1225 3442 1294 sperabunt
3468 1221 3551 1276 τι.»

1987 1309 2152 1365 Terra
2196 1321 2383 1364 sancta
2421 1329 2434 1364 :
2481 1331 2499 1362 ι
2542 1311 2744 1378 Moses,
2801 1313 3000 1379 Moses,
3035 1315 3186 1368 solve
3214 1314 3559 1367 calceamen-

1983 1410 2099 1455 tum
2131 1401 2199 1456 de
2221 1402 2450 1471 pedibus
2473 1404 2588 1458 tuis
2623 1420 2638 1456 :
2665 1415 2812 1459 terra
2839 1406 2986 1460 enim
3029 1405 3082 1459 in
3108 1420 3215 1474 qua
3243 1413 3380 1470 stas,
3413 1413 3559 1456 terra

1985 1505 2172 1548 saneta
2199 1502 2285 1548 est
2320 1504 2365 1548 θ.
2393 1513 2410 1544 ι
2435 1493 2604 1550 Terra
2633 1495 3019 1551 desiderabilis
3055 1515 3070 1550 :
3104 1515 3122 1548 ι
3159 1495 3224 1550 Et
3256 1510 3354 1565 pro
3385 1495 3560 1549 nihilo

1986 1581 2301 1640 habuerunt
2334 1595 2536 1641 terram
2587 1587 3019 1642 desiderabilem
3061 1589 3105 1641 τ.
3145 1607 3165 1641 ι
3206 1587 3382 1642 Terra
3419 1587 3560 1642 veri-

1983 1684 2149 1730 tatem
2206 1678 2558 1746 producensi:
2596 1696 2614 1730 ι
2660 1677 2882 1733 Veritas
2913 1681 2980 1735 ile
3021 1692 3165 1734 terra
3189 1688 3308 1734 orta
3342 1691 3424 1734 est
3459 1681 3503 1732 ε.
3533 1698 3551 1730 ι

305 1769 468 1838 ἅγιος
503 1767 564 1834 ἐξ
608 1769 770 1840 ὅρους
813 1759 1135 1833 κατασκίου,
1189 1770 1403 1831 δασέος.
1450 1769 1692 1840 Ἒτμήθη
1731 1769 1878 1830 λίθος

1984 1768 2258 1822 Τιιιιιιιιιιιιι
2294 1787 2309 1822 :
2351 1787 2368 1818 ι
2397 1767 2538 1824 Deus
2591 1784 2620 1822 a
2669 1771 2945 1824 'l‘liannam
3001 1769 3180 1824 veniet
3217 1771 3266 1820 ιι.
3302 1791 3320 1824 ι
3359 1769 3554 1826 Mons:

303 1852 372 1925 ἐξ
414 1859 575 1931 ὅρους
610 1859 740 1915 ἄνευ
789 1859 1010 1932 χειρῶν.
1064 1861 1227 1932 Ὄρος
1271 1861 1301 1912 ὂ
1347 1859 1646 1932 ηὐδόκησεν
1686 1859 1714 1911 ὀ
1746 1859 1877 1922 Θεὸς

299 1953 582 2005 κατοικεῖν
636 1951 694 2003 ὲν
743 1949 916 2021 αὐτῷ.
969 1969 988 2002 ι
1054 1949 1278 2004 Ἐλαία·
1323 1969 1342 2001 ι
1395 1948 1538 2015 Ἐγὼ
1593 1949 1650 2002 δὲ
1675 1987 1691 2011 ,
1747 1949 1880 2002 ὡσεὶ

299 2039 464 2095 ἐλαία
495 2041 852 2110 κατάκαρπος
880 2041 938 2093 ὲν
975 2041 1051 2112 τῷ
1071 2041 1205 2111 οἴκῳ
1237 2041 1330 2094 τοῦ
1353 2041 1509 2095 Θεοῦ.
1535 2061 1553 2092 ι
1593 2041 1838 2105 Κιϐωτός
1862 2058 1876 2072 ο

306 2151 328 2184 ι
384 2131 720 2202 Ἀνάστηθι,
759 2131 961 2202 Κύριε,
1019 2133 1100 2195 είς
1137 2132 1235 2199 τὴν
1283 2133 1592 2186 ἀνάπαυσιν
1626 2150 1721 2186 σου
1746 2151 1760 2164 ο
1791 2135 1877 2199 σὺ,

299 2223 454 2294 κακή
487 2223 717 2288 κιϐωτὸς
743 2223 838 2277 τοῦ
869 2223 1210 2294 ἀγιάσματός
1245 2241 1356 2278 σου.
1386 2245 1404 2277 ι
1433 2225 1630 2296 Θρόνος
1650 2245 1662 2258 -
1687 2245 1705 2277 ι
1728 2221 1881 2280 Εἶδον

295 2317 397 2370 τὸν
419 2317 626 2386 Κύριον
654 2313 967 2386 καθήμενον
1006 2303 1319 2385 ὲπῖθρόνου
1345 2315 1548 2386 ὑψηλοῦ
1588 2315 1682 2370 καὶ
1704 2319 1875 2388 ἐπηρσ

301 2403 470 2472 μένου
499 2443 515 2468 ,
567 2403 662 2456 καὶ
710 2403 926 2475 πλήρης
983 2406 1010 2456 6
1057 2399 1205 2468 οἶκος
1253 2405 1352 2476 τῆς
1405 2406 1559 2476 δόξης
1617 2407 1798 2462 αὐτοῦ.
1856 2428 1875 2460 ι

299 2491 493 2564 Πύλη·
531 2514 548 2546 ι
581 2495 693 2548 Καὶ
743 2491 863 2548 εἷπε
907 2495 1112 2567 Κύριος
1141 2496 1278 2566 πρός
1309 2513 1410 2566 με·
1449 2497 1513 2550 Ἢ
1559 2497 1702 2568 πύλη
1743 2499 1879 2570 αὕτη

302 2586 671 2655 κεκλεισμένη
706 2587 1011 2652 ἐσται,.οὑκ
1044 2588 1423 2661 ἀνοιχθήσεται
1443 2607 1457 2619 ·
1493 2592 1585 2644 καὶ
1613 2591 1787 2656 οὐδεὶς
1819 2593 1880 2664 οὐ

306 2677 388 2748 μὴ
417 2675 601 2750 διέλθῃ
631 2678 698 2732 δι’
745 2679 935 2749 αὐτῆς,
967 2679 1048 2734 ὅτι
1077 2681 1282 2752 Κύριος
1323 2684 1351 2735 6
1379 2683 1512 2748 Θεὸς
1532 2683 1624 2737 τοῦ
1668 2684 1883 2756 Ἰσραὴλ

303 2767 678 2822 εἰσελεύσεται
706 2771 800 2823 καὶ
824 2770 1164 2836 ἐξελεύσεται
1193 2772 1261 2824 δι’
1307 2773 1510 2843 αὐτῆς⁹
1541 2777 1633 2828 καὶ
1663 2775 1816 2830 ἔσται
1848 2779 1882 2848 ή

305 2855 455 2927 πύλη
481 2859 862 2931 κεκλεισμένη.
893 2881 912 2912 ι
960 2860 1130 2915 Σιών·
1176 2881 1194 2915 ι
1232 2864 1391 2931 ’Ἥξει
1435 2869 1498 2919 ὲκ
1525 2867 1664 2922 Σιὼν
1692 2869 1720 2921 6
1755 2870 1881 2940 ῥυό-

307 2966 473 3020 μενος
493 2967 507 2982 ·
536 2951 872 3022 ἀποστρέψει
897 2953 1150 3018 ἀσεϐείας
1177 2956 1284 3010 ἀπὸ
1317 2956 1528 3013 Ἰακώϐ.
1573 2959 1884 3028 Ἐξελέξατο

304 3038 516 3110 Κύριος
565 3039 664 3112 τὴν
721 3042 892 3095 Σιώνο
929 3044 1220 3114 ᾑρετίσατο
1260 3047 1431 3118 αὐτὴν
1483 3049 1562 3112 είς
1601 3053 1882 3106 κατοικίαν

304 3131 507 3202 ἑαυτῷ.
541 3151 562 3187 ι
588 3134 788 3204 Μήτηρ
815 3135 1096 3188 καλεῖται·
1125 3155 1143 3187 ι
1176 3138 1374 3210 Μήτηρ
1404 3140 1542 3193 Σιὼν
1571 3144 1686 3213 ἐρεῖ
1705 3159 1720 3174 ·
1753 3145 1880 3197 Ἀν-

305 3222 528 3295 Θρωπος
571 3225 667 3278 καὶ
719 3226 1004 3296 ἄνθρωπος
1038 3228 1270 3302 ἐγενήθη
1322 3233 1380 3284 ὲν
1411 3233 1568 3303 αὐτῇ,
1603 3234 1692 3286 καὶ
1721 3235 1883 3299 αὐτὸς

303 3311 684 3381 ὲθεμελίωσενι
717 3316 888 3386 αὐτὴν
920 3317 948 3368 6
978 3317 1264 3388 "Tillio-cog.
1305 3339 1323 3371 ι
1362 3323 1492 3376 Καί·
1531 3344 1549 3374 ι
1587 3326 1757 3378 Πόθεν
1789 3345 1881 3396 μοι

302 3401 491 3469 τοῦτο,
522 3405 609 3458 ἵνα
639 3405 823 3477 έλθῃή
856 3407 1055 3478 Μήτηρ
1076 3409 1168 3461 τοῦ
1199 3411 1402 3482 Κυρίου
1434 3431 1533 3482 μου
1566 3416 1702 3484 πρός
1728 3433 1794 3486 με
1819 3435 1832 3480 ;
1858 3435 1876 3468 ι

301 3495 528 3566 Φορεϊον
552 3513 564 3527 ·
603 3515 622 3548 ι
651 3498 870 3566 Φορεῖον
891 3497 1146 3568 ἐποίησεν
1173 3496 1350 3572 ἑαυτῷ
1383 3506 1410 3556 ὁ
1441 3503 1691 3572 βασιλεὺς
1723 3506 1882 3559 Σαλο-

307 3586 430 3659 μὼν
453 3587 560 3640 ἀπὸ
584 3585 754 3652 ξύλων
774 3586 870 3640 τοῦ
896 3588 1149 3644 Λιϐάνου.
1183 3609 1202 3641 ι
1227 3590 1398 3662 Κλίνη
1415 3609 1429 3624 ο
1465 3611 1484 3644 ι
1527 3595 1655 3647 Ἰδοὺ
1678 3598 1707 3665 ή
1728 3595 1882 3668 κλίνη

304 3679 403 3732 τοῦ
437 3679 821 3748 Σολομῶντος·
881 3679 1144 3750 ἐξήκοντα
1197 3683 1414 3736 δυνατοὶ
1473 3683 1656 3755 κύκλῳ
1711 3687 1882 3756 αὐτῆς

304 3767 416 3824 ἀπὸ
445 3768 686 3822 δυνατῶν
742 3768 978 3840 Ἰσραήλ.
1025 3790 1042 3820 ι
1080 3757 1406 3840 Κεφαλίς·ἰ
1452 3775 1559 3828 Καὶ
1608 3775 1749 3839 ἴδον,
1789 3779 1882 3830 καὶ

309 3859 425 3914 ἰδοὺ
463 3862 588 3932 χεὶρ
619 3863 956 3932 ἐκτεταμένη
989 3865 1124 3932 πρός
1160 3880 1247 3932 με,
1279 3865 1374 3917 καὶ
1401 3867 1628 3936 ὲν“αὑτῇ
1658 3869 1884 3935 κεφαὶὶς

307 3949 537 4021 βιϐλίου,
569 3953 664 4004 καὶ
719 3951 1002 4022 ἀνείλησεν
1059 3944 1227 4024 αὖτὴν
1259 3953 1488 4008 ἐνώπιον
1529 3958 1685 4024 ἐμοῦ,
1707 3959 1801 4010 καὶ
1826 3962 1884 4011 ἐν

305 4042 447 4114 αὐτῇ
475 4043 839 4113 γεγραμμένα
867 4043 936 4096 τὰ
960 4043 1268 4114 ἔμπροσθεν
1291 4047 1384 4098 καὶ
1412 4047 1481 4100 τὰ
1505 4046 1725 4101 ὄπισθεν
1749 4067 1762 4078 ·
1793 4049 1884 4103 καὶ

307 4127 430 4187 εἷπε
460 4133 599 4204 πρός
631 4151 698 4204 με
721 4151 734 4164 ⁸
772 4135 868 4186 Υἱὲ
907 4135 1216 4205 ἀνθρώπου,
1253 4137 1537 4206 κατάφαγε
1581 4137 1681 4210 τὴν
1726 4157 1884 4209 κεφαο

311 4221 432 4278 λιδα
457 4223 680 4294 ταύτην.
717 4241 736 4274 ι
769 4223 981 4277 Βιϐλίον
1009 4241 1022 4254 ·
1057 4243 1076 4276 ι
1108 4226 1216 4278 Kal
1239 4223 1390 4278 ἔσται
1418 4229 1544 4295 ὑμῖν
1570 4230 1638 4280 τὰ
1669 4231 1884 4300 ῥήματα

311 4314 507 4376 ταῦτα,
546 4314 695 4382 λέγει
746 4315 774 4367 6
805 4313 958 4378 Θεὸς,
994 4316 1070 4378 ὼς
1121 4319 1167 4368 oi
1221 4315 1368 4384 λόγοι
1396 4317 1488 4371 τοῦ
1541 4318 1744 4387 βιϐλίου
1790 4321 1883 4373 τοῦ

1986 1875 2006 1907 ι
2046 1857 2110 1910 Ιςι
2161 1856 2400 1912 Sanetus
2447 1859 2514 1912 de
2560 1869 2744 1914 monte
2791 1861 3088 1922 umbroso,
3137 1874 3203 1914 ac
3249 1861 3556 1916 condenso.

1978 1947 2277 2003 Abscissus
2322 1961 2410 2003 est
2463 1949 2606 2018 lapis
2653 1949 2721 2004 de
2785 1959 2970 2006 nionte
3019 1952 3140 2004 sine
3193 1951 3456 2006 manibus
3510 1951 3557 2006 ί.

1981 2040 2136 2094 Mons
2189 2043 2245 2093 in
2308 2056 2418 2110 quo
2465 2041 2876 2111 beneplacitum
2927 2051 3012 2096 est
3047 2041 3158 2096 Deo
3201 2043 3448 2098 habitare
3503 2043 3568 2096 in.

1979 2130 2125 2187 eoi.
2167 2151 2186 2182 ι
2225 2131 2432 2186 Oliva:
2477 2151 2496 2184 ι
2527 2133 2642 2204 Ego
2687 2145 2871 2188 autem
2927 2135 3090 2198 quasi
3155 2135 3300 2190 oliva
3359 2135 3560 2190 fructi-

1981 2223 2096 2277 l'era
2135 2223 2189 2276 in
2227 2223 2392 2277 domo
2427 2223 2519 2277 Dei
2555 2224 2606 2276 ιι.
2644 2244 2664 2276 ι
2697 2224 2842 2280 Area
2875 2243 2890 2279 :
2927 2243 2946 2274 ι
2985 2223 3184 2295 Surge,
3222 2223 3472 2290 Domine,
3503 2228 3562 2282 in

1982 2316 2227 2384 requiem
2257 2325 2445 2378 tuam,
2473 2297 2532 2368 tn
2565 2324 2619 2369 et
2653 2331 2782 2370 arca
2806 2317 3286 2372 sanctiﬁcationis
3319 2328 3424 2372 tua:
3453 2316 3495 2374 ι.
3533 2337 3556 2370 ι

1983 2406 2244 2462 Tlironus
2273 2425 2288 2461 :
2333 2427 2351 2460 ι
2396 2405 2517 2460 Vidi
2550 2407 2845 2462 Dominum
2880 2407 3162 2463 sedentem
3195 2425 3364 2479 super
3409 2413 3560 2466 thro-

1982 2515 2114 2553 num
2145 2499 2425 2552 excelsum
2461 2509 2514 2554 et
2534 2500 2810 2554 elevatum
2833 2517 2848 2566 ;
2875 2509 2929 2554 et
2953 2499 3110 2568 plena
3145 2501 3324 2555 omnis
3361 2495 3561 2558 domus

1982 2591 2158 2662 gloria
2181 2591 2301 2659 ejus
2327 2599 2384 2644 ’³.
2421 2609 2439 2642 ι
2479 2589 2644 2644 Porta
2676 2607 2688 2642 :
2725 2608 2744 2642 ι
2788 2589 2854 2642 Ει
2875 2591 3019 2644 dixit
3049 2590 3316 2646 Dominus
3339 2591 3410 2644 ad
3437 2605 3559 2649 me:

1983 2681 2146 2736 Porta
2189 2682 2303 2735 hanc
2341 2681 2532 2736 clausa
2575 2681 2717 2743 erit;
2749 2697 2858 2733 non
2901 2681 3204 2752 aperietur,
3237 2688 3293 2735 et
3323 2681 3409 2735 vir
3450 2695 3562 2736 non

1982 2773 2248 2829 transibit
2283 2787 2558 2842 peream;
2601 2773 2869 2839 quoniam
2918 2771 3182 2828 Dominus
3217 2770 3360 2828 Deus
3386 2773 3564 2843 Israel

1984 2867 2327 2941 ingredietur
2357 2875 2414 2920 et
2449 2865 2766 2937 egredietur
2797 2881 2892 2935 per
2926 2879 3046 2920 eam
3077 2881 3092 2918 :
3130 2865 3198 2918 Et
3236 2865 3344 2920 erit
3369 2866 3564 2941 clausa

1955 2971 2142 3032 ,porta
2172 2972 2220 3014 ιι.
2263 2983 2282 3016 ι
2329 2962 2506 3017 Sion:
2547 2981 2566 3012 ι
2609 2960 2809 3017 Veniet
2847 2977 2914 3016 ex
2955 2960 3088 3016 Sion
3131 2963 3226 3032 qui
3259 2962 3478 3024 liberet.
3507 2971 3564 3018 et

1985 3063 2200 3108 avertat
2256 3053 2569 3123 impietates
2617 3067 2650 3108 a
2692 3051 2901 3106 Jacobo
2965 3059 3010 3107 ο.
3069 3051 3251 3122 Elegit
3298 3053 3563 3110 Dominus

1987 3143 2156 3210 Sion;
2191 3146 2354 3213 elegit
2382 3160 2500 3214 eam
2531 3145 2588 3198 in
2625 3145 3018 3198 habitationem
3051 3145 3156 3198 sibi
3192 3155 3246 3200 Ρ.
3289 3163 3309 3196 ι
3353 3143 3560 3199 Mater:

1987 3251 2007 3284 ι
2049 3233 2222 3286 Mater
2275 3233 2407 3287 Sion
2455 3233 2646 3288 dicet:
2698 3233 2894 3299 Homo,
2943 3240 2998 3287 et
3044 3234 3204 3288 homo
3269 3242 3435 3290 natus
3475 3240 3566 3290 est

1985 3325 2037 3377 in
2069 3339 2154 3386 ea,
2203 3333 2254 3377 et
2307 3324 2428 3390 ipse
2473 3321 2722 3376 fundavit
2761 3338 2886 3378 eam
2937 3323 3266 3379 Altissimus
3302 3335 3353 3378 (ι.
3390 3343 3410 3378 ι
3451 3323 3562 3382 Et:

1989 3433 2008 3465 ι
2051 3413 2206 3468 Unde
2239 3414 2344 3468 hoc
2374 3415 2532 3477 mihi,
2570 3423 2630 3466 ut
2660 3413 2842 3466 veniat
2885 3411 3304 3469 MaterDomini
3339 3416 3449 3471 mei
3491 3417 3563 3471 ad

1985 3518 2070 3558 me
2105 3503 2164 3556 τί
2205 3521 2224 3554 ι
2285 3501 2578 3556 Ferculum
2630 3519 2644 3555 :
2689 3519 2710 3554 ι
2766 3500 2918 3556 Fecit
2977 3503 3086 3558 sibi
3143 3519 3238 3557 rex
3298 3502 3564 3560 Salomon

1985 3594 2254 3664 ferculum
2281 3593 2348 3649 de
2370 3593 2538 3663 lignis
2565 3593 2761 3648 Libani
2785 3603 2832 3648 ⁸.
2878 3613 2896 3648 ι
2935 3595 3218 3648 Lectulum
3251 3611 3270 3646 ι
3305 3613 3324 3646 ι
3357 3594 3562 3651 Lectus

1985 3683 2297 3738 Salomonis
2336 3683 2622 3752 sexaginta
2655 3683 2825 3736 l‘orles
2848 3685 3100 3738 ambiunt
3120 3700 3187 3738 ex
3215 3683 3455 3740 fortibus
3483 3683 3564 3740 ls-

1984 3776 2095 3829 rael
2129 3777 2173 3830 ¹.
2228 3793 2246 3826 ι
2283 3773 2639 3844 Capitulum:
2673 3793 2692 3826 ι
2730 3774 2796 3828 Et
2825 3775 2956 3840 vidi,
2989 3787 3043 3831 et
3072 3791 3204 3831 ecce
3232 3791 3432 3832 manus
3462 3791 3562 3832 ex-

1984 3875 2130 3920 tenta
2160 3865 2227 3917 ad
2261 3880 2370 3930 me,
2403 3873 2456 3918 et
2485 3866 2540 3918 in
2571 3879 2635 3919 ea
2677 3866 2978 3934 capitulum
3022 3866 3187 3934 libri;
3217 3877 3270 3923 et
3301 3870 3562 3938 expandit

1985 3957 2118 4011 illud
2166 3971 2350 4010 coram
2387 3971 2492 4021 me,
2529 3963 2582 4009 et
2627 3968 2784 4011 erant
2827 3957 3029 4026 scripta
3079 3959 3132 4012 in
3180 3975 3246 4013 eo
3281 3962 3562 4016 anteriora

1983 4058 2036 4102 et
2070 4047 2402 4116 posteriora;
2429 4047 2503 4121 {et
2547 4045 2689 4100 dixit
2723 4047 2802 4101 'ad
2837 4063 2922 4101 me
2948 4065 2976 4110 ε,
3005 4045 3106 4102 Fili
3144 4049 3408 4112 hominis,
3461 4065 3558 4130 co-l

1985 4137 2141 4193 mede
2171 4137 2473 4206 capitulum
2505 4137 2656 4192 istud
2683 4140 2734 4192 ‘.
2767 4157 2786 4188 ι
2814 4135 2981 4192 Liber
3005 4156 3023 4191 :
3061 4157 3080 4190 ι
3117 4138 3182 4192 Et
3209 4149 3374 4194 erunt
3401 4140 3560 4196 vobis

1986 4229 2150 4282 Verba
2190 4229 2324 4290 hinc,
2357 4229 2434 4282 ait
2468 4228 2634 4290 Deus,
2681 4239 2743 4282 ut
2767 4228 2931 4282 verba
2971 4229 3091 4282 libri
3125 4229 3364 4298 signati;
3395 4245 3560 4300 quem

1988 4321 2032 4375 si
2069 4320 2321 4373 dederint
2347 4319 2524 4387 ipsum
2551 4319 2761 4373 homini
2793 4319 2988 4374 scienti
3020 4321 3252 4386 litteras,
3274 4321 3558 4377 dicentes:

311 4405 777 4475 ὲσφραγισμένου,
807 4405 834 4458 ὂ
865 4406 960 4458 ἐὰν
979 4395 1241 4460 δώσουσιν
1273 4407 1404 4460 αὐτὸ
1453 4409 1725 4479 ἀνθρώπῳ
1765 4411 1882 4463 ἐπι-

1995 4409 2132 4478 Lege
2161 4407 2303 4470 Inec;
2329 4415 2382 4462 et
2413 4407 2581 4470 dicet,
2623 4404 2739 4460 Non
2779 4423 3003 4477 possum
3052 4409 3230 4478 legere
3261 4429 3273 4466 :
3303 4409 3560 4480 signatus

314 4495 569 4564 σταμένῳ
599 4495 920 4566 γράμματα,
957 4495 1204 4562 λέγοντες
1230 4494 1398 4565 αὐτῷ,
1436 4494 1734 4563 Ἀνάγνωθι
1753 4495 1888 4548 ταῦ-

308 4602 416 4640 πασ
450 4586 544 4639 καὶ
583 4587 718 4657 ἐρεῖ,
746 4586 821 4639 Οὐ
866 4585 1102 4657 δύναμαι
1159 4586 1494 4654 ἀναγνῶναι·
1526 4588 1889 4657 ἐσφράγισται

309 4677 440 4748 γάρ.
475 4696 494 4728 ι
530 4678 742 4748 Τόμοςο
781 4695 800 4728 ι
853 4679 964 4730 Kal
991 4675 1111 4731 εἶπε
1164 4679 1368 4748 Κύριος
1403 4679 1550 4750 πρός
1603 4696 1698 4750 με·
1743 4680 1888 4732 Λάϐε

311 4767 526 4838 σεαυτῷ
553 4768 720 4838 τόμον
748 4769 936 4822 καινοῦ
967 4768 1228 4838 μεγάλου,
1260 4768 1352 4821 καὶ
1381 4769 1595 4841 γράψον
1626 4771 1704 4834 είς
1725 4773 1888 4824 αὑτὸν

309 4858 537 4928 γραφίδι
563 4858 879 4930 ἀνθρώπου,
901 4858 997 4912 τοῦ
1021 4858 1189 4923 ὀξέως
1206 4858 1486 4930 προνομὴν
1508 4862 1732 4931 ποιῆσαι
1757 4861 1884 4914 σκύ-

309 4949 454 5002 λωνο
490 4949 725 5019 παρέστι
773 4949 904 5020 γάρ.
942 4966 963 5000 ι
993 4947 1186 5012 Λαϐίς.
1215 4968 1234 5000 ι
1265 4950 1374 5002 Kal
1421 4949 1698 5022 ἀπεστάλη
1747 4950 1884 5021 πρός

312 5052 384 5107 με
406 5035 464 5090 ἓν
488 5037 600 5094 τῶν
631 5038 906 5110 Σεραφὶμ,
957 5037 1052 5090 καὶ
1075 5037 1134 5090 ὲν
1173 5041 1240 5108 τῇ
1267 5039 1412 5110 χειρὶ
1445 5035 1590 5110 εἶχεν
1619 5038 1882 5110 ἄνθρακα,

1985 4507 2072 4552 est
2103 4499 2246 4550 enim
2283 4507 2326 4551 '.
2377 4517 2396 4548 ι
2431 4497 2635 4552 Tomus
2665 4514 2680 4551 :
2722 4517 2740 4550 ι
2783 4496 2846 4552 Et
2879 4499 3020 4552 dixit
3053 4499 3314 4554 Dominus
3337 4501 3402 4554 ad
3437 4516 3558 4554 tne:

1987 4587 2154 4642 Sume
2197 4590 2294 4643 tibi
2327 4589 2584 4642 volumen
2638 4591 2764 4642 novi
2815 4589 3020 4658 magni,
3062 4597 3116 4644 et
3169 4590 3352 4644 scribe
3400 4591 3454 4643 in
3491 4605 3558 4645 eo

1985 4681 2230 4736 hominis
2276 4682 2443 4752 stylo,
2481 4690 2539 4735 ut
2583 4681 2840 4736 velociter
2875 4681 3338 4748 ili-praedationem
3389 4680 3558 4735 faciat

1985 4769 2288 4838 spoliorum
2313 4771 2522 4840 :jprope
2543 4779 2623 4822 est
2647 4769 2798 4822 enim
2828 4781 2907 4821 1.:
2932 4765 3170 4836 Forceps
3193 4783 3208 4820 :
3229 4785 3245 4818 ι
3269 4765 3332 4819 Ει
3350 4768 3557 4822 missus

1985 4869 2066 4916 est
2108 4860 2174 4914 ad
2207 4874 2295 4914 me
2325 4875 2470 4914 unus
2499 4859 2565 4914 de
2596 4859 2908 4928 Seraphim,
2955 4870 3005 4913 et
3037 4859 3092 4912 in
3123 4873 3286 4911 manu
3319 4857 3579 4912 habebat"

1987 4953 2310 5016 carbonem,
2341 4967 2504 5022 quem
2543 4951 2752 5020 forcipe
2780 4950 3014 5018 sumpsit
3043 4951 3108 5026 die
3140 4948 3322 5014 altari,
3346 4957 3400 5001 et
3436 4947 3563 5002 teti-

1989 5045 2070 5116 git
2103 5058 2168 5099 os
2203 5057 2408 5110 meum,
2443 5050 2496 5098 et
2527 5043 2665 5097 dixit
2699 5059 2712 5096 :
2751 5039 2892 5096 Ecce
2921 5040 3095 5110 tetigit
3134 5039 3239 5094 hoc
3275 5039 3414 5094 labia
3442 5047 3557 5104 tua,

389 5205 416 5282 ξ
455 5207 630 5282 Exod.
661 5210 826 5282 "1,5.
895 5221 923 5253 ο
955 5213 1064 5270 Isa.
1121 5229 1198 5280 ιιι,
1233 5215 1286 5270 ‘l.
1361 5215 1390 5257 ἀ
1435 5214 1569 5272 ibid.
1602 5233 1679 5282 XI,
1716 5217 1804 5281 10.

1990 5217 2116 5272 xod.
2167 5231 2252 5282 ιιι,
2285 5213 2339 5268 5.
2420 5211 2647 5282 ipsa]L
2675 5225 2762 5282 ον,
2797 5207 2890 5262 24.
2969 5206 2997 5246 κ
3029 5202 3174 5282 Psal.
3195 5215 3435 5282 _u_ntv,
3471 5199 3558 5282 ig.

311 5278 337 5311 ιι
375 5273 568 5350 italiae.
609 5295 686 5342 in,
719 5279 774 5336 '5.
857 5283 874 5323 ί
917 5282 1054 5340 Dan.
1113 5272 1197 5350 ιι,’
1231 5285 1324 5342 45.
1403 5285 1418 5335 i
1461 5289 1606 5344 Psal.
1641 5272 1808 5350 ιίινίι.
1869 5287 1882 5340 4

2035 5287 2062 5328 ι
2094 5272 2250 5340 Ρειιιί
2299 5299 2376 5350 ιι,
2412 5281 2501 5338 10.
2575 5279 2594 5314 ¹
2622 5272 2766 5350 Psal.
2819 5291 3040 5350 CIXXIL
3063 5272 3118 5327 8.

3194 5279 3233 5302 ι·
3267 5270 3372 5326 lsa.
3400 5285 3474 5333 vr,
3510 5272 3562 5324 ι.

316 5353 342 5378 ιι
379 5343 576 5399 Ezech.
610 5341 754 5413 xm,
781 5350 837 5405 ‘2.
917 5353 1084 5428 °_lsa.
1115 5341 1228 5428 ιιι,
1257 5341 1351 5414 20.
1426 5367 1455 5408 P
1487 5341 1848 5418 Psalncxxx'l.

2054 5368 2084 5410 τι
2116 5355 2259 5428 Psal.
2291 5341 2515 5420 uim,
2539 5351 2594 5408 5.
2677 5359 2700 5387 ι·
2735 5346 2868 5403 Luc.
2902 5363 2944 5413 ι,
2975 5344 3066 5409 45,
3148 5349 3170 5378 ³
3206 5341 3364 5397 Cant.
3393 5355 3474 5407 ιιι,
3506 5343 3564 5396 9.

319 5428 342 5470 τ
377 5430 512 5486 ibid.
552 5430 612 5486 7.
689 5439 717 5468 ιι
757 5423 1165 5506 Εῑθοὴῖιιηε).
1219 5423 1226 5428 ’
1283 5429 1434 5481 'lsa.
1478 5443 1628 5488 xxix,
1679 5428 1766 5478 1-1.

389 5684 412 5716 ⁸
443 5681 584 5736 Mal.
627 5682 682 5732 ἐν
715 5679 890 5744 αὐτῷ

1845 5425 1991 5480 xlsa.
2032 5441 2152 5489 vni,
2214 5423 2264 5474 l.

1570 5579 1800 5633 VARUE
1841 5579 2256 5636 LECTIONES.
