4032 6138
464 296 564 361 871

1648 300 1708 359 S.
1739 295 2067 358 ANDREIE
2108 295 2531 363 CRETENSIS

3624 320 3736 380 8’2

461 415 520 463 et
556 412 780 478 peccata
808 413 900 462 tua
943 406 1414 480 circumpurgabit
1442 415 1489 463 1.
1552 426 1570 459 ι
1602 408 1767 480 Virgo
1794 425 1810 462 :
1843 428 1862 461 ι
1892 408 2036 464 Ecce

2145 411 2199 463 ὃν
2216 416 2283 484 τῇ
2306 415 2483 468 λαϐίδι
2517 417 2709 471 ἐλαϐεν
2727 417 2839 471 ἀπὸ
2868 420 2961 474 τοῦ
2988 388 3401 494 θυσιαστηρίου,
3432 442 3529 479 και
3551 430 3740 495 ἥψατο

462 501 622 570 virgo
657 499 711 554 in
742 507 903 554 utero
941 500 1198 569 accipiet,
1239 509 1294 555 et
1330 501 1507 570 pariet
1553 500 1751 566 ﬁlium,
1792 510 1845 557 et
1875 516 2038 555 voca—

463 591 603 644 bunt
652 603 851 643 nomen
895 586 1018 655 ejus
1058 586 1378 642 Emmanuel
1437 597 1484 641 ι.
1542 608 1561 641 ι
1622 587 1977 660 Prophetissa
2022 609 2035 644 ;

471 697 490 730 ι
531 679 596 731 Et
634 679 842 733 accessi
874 677 942 732 ad
983 678 1412 747 prophetissam,
1459 689 1515 734 et
1552 680 1607 733 in
1649 688 1811 735 utero
1834 695 2039 736 conce-

464 775 563 842 pit,
606 785 672 826 ac
714 772 927 841 peperit
972 772 1141 826 lilium
1181 791 1194 826 :
1230 774 1465 842 et_dixit
1506 773 1771 829 Dominus
1815 774 1881 828 ad
1913 789 2036 828 me:

466 837 609 915 Voca
645 837 845 915 nomen
889 860 1036 930 ejus,
1085 860 1209 916 Cito
1254 837 1487 932 spolia;
1524 863 1787 918 velociter
1826 861 2039 932 deprae-

462 953 635 1005 dare:
682 951 811 1020 quia
864 960 1167 1022 antequam
1219 954 1359 1007 sciat
1410 968 1549 1021 puer
1578 967 1778 1007 vocare
1829 962 2038 1022 patrem

462 1054 555 1097 aut
584 1050 843 1107 matrem,
886 1046 1125 1116 accipiet
1154 1046 1414 1100 virtutem
1458 1044 1732 1109 Damasci,
1776 1053 1830 1099 et
1867 1045 2040 1114 spolia

465 1136 730 1191 Samaria:
756 1148 806 1189 α.
859 1155 877 1188 ι
940 1139 1150 1206 Regina
1182 1153 1199 1189 :
1241 1155 1262 1188 ι
1288 1138 1479 1191 Astitit
1507 1134 1713 1207 Regina
1770 1151 1798 1189 a
1834 1136 2042 1192 dextris

461 1230 575 1282 tuis
622 1229 678 1281 in
721 1230 926 1283 vestitu
955 1229 1244 1290 deaurato,
1292 1229 1732 1291 circumamicta,
1792 1229 2041 1298 variega-

462 1326 517 1370 ta
549 1315 600 1369 b.
656 1335 674 1368 ι
733 1315 1038 1373 Proxima:
1099 1336 1118 1369 ι
1174 1316 1311 1371 Tota
1362 1320 1589 1386 pulchra
1638 1333 1734 1376 es.
1791 1319 2040 1387 proxima

464 1423 606 1469 mea,
641 1405 754 1462 tota
791 1409 1043 1478 pulchra,
1075 1419 1130 1463 et
1158 1410 1371 1464 macula
1400 1425 1507 1463 non
1541 1417 1625 1463 est
1649 1409 1702 1463 iu
1737 1418 1809 1465 te.
1843 1407 2038 1479 Surge,

463 1499 613 1562 veni,
642 1500 891 1569 proxima
942 1514 1061 1554 mea
1096 1513 1298 1569 sponsa
1329 1516 1343 1552 :
1380 1500 1502 1553 veni
1550 1499 1616 1553 de
1647 1497 1897 1553 Libano:
1939 1497 2042 1554 Ve-

463 1590 612 1656 nies,
648 1590 950 1659 veniesqne
987 1606 1017 1644 a
1041 1589 1317 1661 principio
1348 1590 1495 1645 ﬂdei.
1530 1588 1739 1644 Favum
1771 1590 2041 1644 distillant

464 1680 606 1736 labia
639 1689 754 1741 tua,
804 1697 1030 1751 sponsa,
1077 1682 1185 1737 mel
1231 1689 1287 1735 et
1320 1680 1408 1735 lae
1458 1681 1561 1735 sub
1604 1680 1791 1750 lingua
1823 1690 1949 1747 tua;
1986 1689 2041 1735 et

462 1772 600 1827 odor
629 1775 1086 1829 vestimentorum
1121 1782 1340 1828 tuorum
1378 1772 1523 1827 sicut
1554 1772 1691 1825 odor
1716 1772 1893 1827 thuris
1929 1783 1976 1825 ο.
2016 1791 2037 1826 ι

467 1864 678 1918 Soror:
717 1882 737 1914 ι
778 1863 955 1930 Quam
980 1864 1193 1933 pulchri
1228 1862 1354 1918 lacti
1399 1872 1532 1918 sunt
1566 1863 1710 1917 oculi
1748 1865 1852 1928 tui,
1884 1878 2043 1919 soror

465 1971 585 2010 mea
617 1969 822 2024 sponsa
851 1953 902 2006 ά.
935 1973 955 2005 ι
1002 1952 1207 2007 Hortus
1235 1971 1250 2008 :
1286 1972 1305 2005 ι
1345 1952 1549 2009 Hortus
1572 1954 1897 2020 conclusus,
1920 1952 2043 2010 fons

464 2045 717 2116 signatus
735 2057 782 2099 ε.
812 2064 829 2097 ι
868 2043 1006 2100 Filia
1036 2063 1051 2100 :
1086 2062 1107 2098 ι
1131 2045 1297 2110 Audi,
1336 2044 1470 2109 ﬁlia,
1506 2053 1561 2099 et
1594 2045 1734 2109 vide,
1759 2053 1813 2101 et
1838 2046 2044 2101 inclina

464 2151 656 2190 aurem
710 2145 899 2201 tuam,
955 2146 1009 2190 et
1061 2135 1390 2190 obliviscere
1439 2137 1700 2206 populum
1763 2145 1915 2191 tuum
1989 2147 2046 2193 et

464 2231 687 2284 domum
731 2228 907 2297 patris
949 2229 1062 2294 tui;
1114 2236 1170 2283 et
1213 2229 1573 2297 concupiscet
1611 2244 1703 2285 rex
1736 2230 2049 2299 pulchritu-

462 2319 645 2375 dinem
676 2330 824 2374 tuam
856 2319 901 2373 τ.
944 2338 963 2371 ι
988 2347 1053 2360 --
1083 2337 1101 2370 ι
1140 2318 1320 2375 Multae
1350 2321 1473 2374 ﬁlia:
1495 2321 1876 2391 acquisierunt
1904 2322 2047 2377 divi-

464 2414 607 2478 tias;
652 2411 836 2466 multa:
863 2411 1113 2466 fecerunt
1142 2412 1401 2467 virtutem
1433 2421 1527 2467 :tu
1564 2422 1746 2468 autem
1796 2414 2043 2484 emines;

471 2517 840 2575 supergressa
866 2520 927 2559 es
967 2504 1258 2559 universas
1294 2506 1339 2557 ε.
1369 2524 1388 2557 ι
1426 2504 1767 2576 Desponsata
1806 2524 1821 2561 :
1859 2526 1878 2557 σ
1910 2507 2047 2565 Mis-

464 2611 561 2653 sus
594 2605 679 2650 est
701 2599 931 2666 angelus
962 2593 1185 2650 Gabriel
1221 2610 1252 2648 a
1278 2594 1461 2649 Deoiu
1497 2596 1776 2652 civitatem
1806 2596 2049 2655 Galilaezn

462 2686 554 2741 eui
588 2701 789 2741 nomen
835 2684 1147 2750 Nazareth,
1199 2685 1266 2739 ad
1313 2686 1584 2759 virginem
1653 2672 2044 2760 desponsatam

462 2778 587 2833 viro
616 2779 705 2833 cui
761 2792 961 2833 nomen
992 2775 1221 2849 Josepb,
1270 2778 1339 2833 de
1380 2779 1545 2835 domo
1588 2796 1652 2836 ae
1695 2781 1902 2837 familia
1939 2783 2049 2839 Da-

464 2870 596 2926 vid:
626 2882 683 2926 et
716 2885 917 2926 nomen
943 2870 1184 2942 virginis
1223 2868 1396 2926 Maria
1439 2871 1488 2924 h.
1525 2891 1545 2925 ι
1579 2871 1764 2930 Nubes
1797 2891 1815 2929 ιν
1843 2894 1863 2928 ι
1907 2876 2050 2933 Ecce

463 2960 732 3020 Dominus
770 2962 985 3019 sedebit
1035 2976 1202 3033 super
1252 2963 1461 3017 nubem
1517 2964 1726 3030 levem,
1763 2975 1819 3022 et
1865 2968 2048 3023 veniet

2136 501 2229 555 τοῦ
2268 505 2537 575 στόματός
2561 525 2684 577 μου,
2724 511 2816 562 καὶ
2832 503 2987 563 εἶπεν
3008 527 3023 541 ·
3065 511 3201 565 Ἰδοὺ
3226 513 3404 583 ἥψατο
3433 514 3597 569 τοῦτο
3625 517 3742 569 τῶν

2137 597 2365 666 χειλέων
2397 615 2513 664 σου,
2553 600 2768 663 καὶτὰς
2797 602 3076 672 ἁμαρτίας
3128 620 3223 657 σου
3256 606 3665 679 περικαθαριει.
3711 630 3735 662 ι

2139 689 2417 760 Παρθένος
2439 708 2454 723 ο
2491 710 2511 743 ι
2554 692 2684 747 Ἰδοὺ
2714 694 2748 762 ή
2799 694 3073 765 παρθένος
3111 697 3170 748 έν
3219 699 3420 769 γαστρὶ
3474 699 3737 769 λήψεται,

2139 785 2235 837 καὶ
2265 785 2479 850 τέξεται
2502 788 2637 853 υίδν,
2670 787 2758 840 καὶ
2792 788 3084 843 καλέσουσι
3112 787 3173 842 τὸ
3202 789 3374 859 δνομα
3393 790 3563 844 αὑτοῦ
3592 790 3739 861 Ἐμα-

2143 878 2412 948 μανουήλ.
2447 896 2466 930 ι
2517 879 2834 949 Προφῆτις·
2878 900 2897 931 ι
2956 882 3067 934 Καὶ
3115 880 3424 951 προσῆλθον
3463 881 3605 951 πρὸς
3633 886 3742 952 τὴν

2142 969 2437 1039 προφῆτιν,
2467 971 2561 1023 καὶ
2589 973 2647 1024 ἐν
2678 973 2878 1043 γαστρὶ
2905 970 3088 1035 ἔλαϐε,
3120 972 3215 1025 καὶ
3246 972 3434 1026 ἔτεκεν
3456 973 3595 1037 υἱὸν,
3638 968 3742 1028 καὶ

2142 1057 2265 1114 εἷπε
2289 1060 2493 1132 Κύριος
2532 1061 2670 1134 πρός
2700 1079 2766 1133 με
2785 1080 2799 1094 ο
2831 1062 3077 1117 Κάλεσον
3097 1063 3160 1116 τὸ
3193 1062 3362 1132 ὄνομα
3387 1064 3580 1130 αὑτοῦ,
3626 1066 3673 1118 Τ
3674 1085 3743 1119 α-

2143 1154 2282 1223 χέως
2313 1155 2614 1208 σκύλευσον
2634 1170 2650 1185 ·
2702 1154 2871 1222 ὀξέως
2924 1156 3303 1227 προνόμευσον
3327 1172 3341 1186 ·
3368 1156 3506 1209 διότι
3534 1159 3669 1229 πρὶν
3704 1154 3741 1227 ἢ

2141 1246 2348 1313 γνῶναι
2368 1246 2429 1299 τὸ
2460 1244 2670 1299 παιδίον
2694 1247 2882 1300 καλεῖν
2911 1247 3128 1318 πατέρα
3153 1245 3186 1317 ἦ
3236 1247 3468 1318 μητέρα,
3499 1248 3744 1320 λήψεται

2141 1336 2376 1407 δύναμιν
2398 1336 2716 1409 Δαμασκοῦ,
2752 1338 2846 1391 καὶ
2867 1336 2937 1391 τά
2973 1338 3148 1409 σκύλη
3172 1339 3479 1410 Σαμαρίας.
3523 1359 3543 1392 ι
3570 1340 3739 1394 Βασί-

2141 1427 2303 1481 λισσα
2321 1444 2334 1458 ο
2374 1447 2392 1478 ι
2424 1429 2678 1498 Παρέστη
2712 1428 2746 1498 ἡ
2771 1426 3062 1498 βασίλισσα
3085 1431 3149 1482 ὲκ
3174 1428 3368 1495 δεξιῶν
3396 1445 3490 1482 σου
3517 1429 3578 1482 έν
3604 1430 3744 1500 ίμαο

2142 1519 2323 1592 τισμῷ
2369 1519 2645 1591 διαχρύσῳ
2702 1520 3188 1592 περιϐεϐλημένη,
3236 1521 3667 1591 πεποικιλμένη.
3714 1541 3738 1573 ι

2144 1612 2379 1681 Πλησίον
2403 1629 2418 1642 ·
2454 1631 2473 1663 ι
2508 1611 2647 1682 “min
2701 1613 2842 1683 καλὴ
2883 1614 2917 1685 ἡ
2971 1613 3205 1684 πλησίον
3246 1631 3379 1683 μου·
3431 1613 3531 1685 ὅλη
3565 1613 3741 1685 καλὴ,

2144 1703 2238 1755 καὶ
2268 1702 2459 1773 μῶμος
2483 1698 2583 1756 οὒκ
2613 1703 2762 1756 ἐστιν
2783 1705 2841 1757 ὲν
2865 1702 2967 1756 σοί.
2983 1703 3239 1769 Ἀνάστα,
3272 1703 3418 1766 ἐλθὲ,
3445 1707 3479 1776 ἡ
3503 1705 3746 1775 πλησίον

2148 1811 2251 1865 μου
2280 1795 2468 1867 νύμφη
2490 1810 2505 1825 ο
2528 1794 2687 1864 δεῦρο
2716 1796 2827 1849 άπὸ
2859 1794 3097 1850 Λιϐάνου
3122 1809 3137 1823 ⁸
3176 1795 3396 1869 ὲλεύσῃ,
3417 1797 3513 1851 καὶ
3535 1796 3745 1869 έλεύσῃ

2143 1887 2239 1940 ἀπ’
2260 1886 2438 1957 ἀρχῆς
2468 1885 2728 1950 πίστεως.
2762 1886 2971 1957 Κηρίον
3004 1887 3377 1952 άποστάζουσι
3420 1886 3582 1957 χείλη
3614 1904 3743 1951 σου,

2144 1979 2354 2050 νύμφη,
2387 1978 2510 2050 μέλι
2548 1978 2643 2032 καὶ
2680 1978 2826 2047 γάλα
2882 1978 2988 2032 ὑπὸ
3030 1978 3131 2050 τὴν
3175 1978 3429 2047 γλῶσσάν
3478 1997 3574 2033 σου
3596 1994 3611 2007 ⁶
3641 1980 3745 2033 καὶ

2144 2072 2287 2144 ὀσμὴ
2319 2072 2550 2142 ἱματίων
2582 2088 2701 2138 σου,
2732 2071 2808 2145 ὡς
2831 2070 2977 2143 ὀσμὴ
3008 2070 3103 2124 τοῦ
3126 2070 3384 2125 Λιϐάνου.
3417 2089 3436 2123 ι
3470 2069 3740 2143 Ἀδελφή”

2152 2183 2171 2217 ι
2206 2163 2273 2219 Τί
2299 2162 2713 2236 ὲκαλλιώθησαν
2741 2163 3008 2234 ὀφθαλμοί
3047 2181 3164 2225 σου,
3195 2164 3399 2236 ἀδελφή
3432 2182 3555 2234 μου,
3592 2165 3742 2235 νύμ-

2147 2268 2244 2321 φη.
2284 2271 2303 2304 ι
2338 2252 2565 2322 Κῆποςο
2605 2270 2625 2304 ι
2663 2252 2856 2323 Κῆπος
2884 2253 3303 2325 κεκλεισμένος·
3327 2256 3480 2325 πηγὴ
3521 2255 3742 2326 ἐσφρα-

2145 2345 2407 2417 γισμένη.
2445 2365 2465 2397 ι
2501 2345 2796 2417 Θυγάτηρο
2827 2365 2847 2399 ι
2887 2348 3176 2415 Ἀκουσον,
3209 2347 3470 2419 θύγατερ,
3497 2349 3593 2403 καὶ
3634 2350 3740 2413 [δε.

2147 2440 2243 2490 καὶ
2264 2437 2443 2492 κλῖνον
2472 2437 2534 2491 τὸ
2557 2434 2652 2503 οὖς
2682 2454 2798 2505 σου,
2833 2439 2931 2492 καὶ
2974 2439 3239 2494 ἐπιλάθου
3295 2439 3391 2493 τοῦ
3437 2439 3568 2494 λαοῦ
3615 2457 3739 2505 σου,

2147 2529 2366 2584 καὶτοῦ
2411 2531 2562 2584 οἴκου
2593 2531 2689 2584 τοῦ
2719 2531 2929 2604 πατρός
2976 2549 3072 2586 σου
3097 2574 3112 2597 ,
3175 2533 3271 2587 καὶ
3318 2533 3655 2604 ἐπιθυμήσει
3709 2536 3743 2588 ὁ

2149 2621 2408 2693 βασιλεὺς
2461 2621 2557 2676 τοῦ
2587 2623 2816 2689 κάλλους
2856 2641 2971 2679 σου.
2998 2644 3017 2677 ι
3039 2655 3105 2667 -
3123 2644 3142 2675 ι
3170 2626 3375 2680 Πολλαὶ
3429 2626 3740 2696 θυγατέρες

2147 2715 2453 2781 ἐκτήσαντο
2496 2714 2731 2768 πλοῦτον
2751 2731 2764 2746 ’
2808 2715 3005 2770 πολλαὶ
3040 2716 3307 2788 ἆποίησαν
3357 2717 3593 2787 δύναμιν
3615 2732 3634 2749 ⁶
3668 2720 3740 2772 σὺ

2146 2807 2225 2872 δὲ,
2259 2807 2609 2876 ὑπέρκεισαι,
2635 2808 2729 2861 καὶ
2761 2806 3042 2879 ὑπερῆξας
3073 2809 3274 2872 πάσας.
3313 2827 3331 2859 ι
3366 2810 3740 2879 Μεμνηστευ-

2150 2897 2318 2969 μένηο
2359 2918 2379 2950 ι
2428 2897 2732 2968 Ἀπεστάλη
2776 2897 3008 2965 ἄγγελος
3052 2897 3296 2967 Γαϐριὴλ
3344 2899 3453 2951 άπὸ
3482 2897 3623 2953 Θεοῦ
3654 2901 3742 2964 είς

2148 2988 2304 3044 πόλιν
2325 2990 2427 3059 τῆς
2462 2988 2772 3051 Γαλιλαίας,
2858 2989 3030 3060 ὄνομα
3053 2988 3331 3061 Ναζαρὲτ,
3360 2991 3502 3061 πρὸς
3533 2991 3743 3062 πιιρθέ⁶

466 3054 521 3109 in
581 3051 904 3126 Egyptum,
956 3059 1013 3108 et
1050 3053 1441 3108 concutientur
1491 3055 1804 3111 manulacta
1869 3057 2034 3131 Egy-

2145 3101 2233 3137 νον
2266 3051 2757 3153 μεμνηστευμενην
2789 3051 2967 3153 άνδρὶ,
3052 3051 3231 3152 ὄνομα
3247 3051 3559 3153 Ἰωσὴφίὲξ
3576 3051 3734 3137 οίκου

464 3145 544 3217 pti
581 3148 626 3200 δ.
671 3164 692 3199 ι
728 3143 927 3201 Visio:
974 3142 1106 3199 Vidi
1148 3144 1418 3201 visionem
1455 3146 1602 3214 ignis
1635 3166 1649 3202 :
1699 3158 1754 3204 et
1788 3148 2043 3218 splendor

465 3239 587 3309 ejus
623 3238 678 3291 in
719 3235 987 3301 circuitu,
1020 3234 1169 3291 velut
1207 3235 1345 3291 visio
1389 3251 1577 3303 arcus,
1617 3252 1743 3293 cum
1781 3239 1945 3294 fuerit
1985 3240 2041 3295 in

468 3330 614 3385 nube
646 3328 703 3383 in
736 3325 932 3381 diebus
972 3326 1205 3396 pluviae;
1257 3326 1338 3381 sic
1376 3328 1545 3381 statio
1595 3329 1910 3399 splendoris
1947 3345 2044 3400 per

469 3434 685 3493 gyrum.
727 3416 854 3473 Haec
880 3417 1020 3473 visio
1046 3417 1430 3475 similitudinis
1460 3419 1648 3489 gloriae
1681 3419 1898 3476 Domini
1936 3421 1982 3476 i.
2018 3442 2037 3475 ι

472 3512 791 3567 Electrum:
827 3528 845 3560 ι
870 3508 938 3564 Et
987 3508 1098 3563 vidi
1129 3510 1287 3578 quasi
1345 3511 1582 3579 speciem
1628 3512 1841 3580 electri,
1896 3515 2046 3571 velut

468 3613 753 3673 aspectum
788 3602 956 3672 iguis,
994 3601 1335 3657 intrinsecus
1362 3602 1482 3673 ejus
1519 3618 1616 3674 per
1642 3605 1937 3661 circuitum
1965 3624 1980 3671 ;
2013 3623 2059 3662 a-

468 3694 683 3752 visione
716 3693 908 3757 lumbi,
939 3704 994 3749 et
1030 3708 1205 3763 usque
1245 3695 1503 3751 deorsum
1548 3696 1595 3748 ιι.
1638 3716 1657 3749 ι
1698 3696 1843 3763 Dies,
1880 3715 1987 3753 nox
2027 3716 2042 3754 :

472 3806 491 3839 ι
536 3769 661 3842 Dies
694 3784 798 3839 diei
848 3793 1061 3840 eructat
1090 3786 1340 3852 verbum,
1382 3798 1437 3841 et
1481 3803 1590 3842 nox
1641 3791 1789 3843 nucti
1839 3790 2045 3846 indicat

468 3876 1084 3934 scientiaml‘JCtelum
1112 3893 1127 3930 :
1157 3896 1176 3929 ι
1215 3877 1287 3932 De
1319 3879 1462 3932 ccelo
1491 3881 1730 3949 respexit
1752 3880 2043 3947 Dominus,

470 3971 603 4025 vidit
633 3984 828 4025 omnes
874 3968 1014 4023 ﬁlios
1070 3966 1644 4027 hominumLCoelum
1687 3975 1811 4027 coeli
1863 3973 2042 4029 Domi-

467 4076 543 4118 no
569 4069 631 4115 ιι.
687 4079 706 4113 ι
762 4061 1001 4116 Oriens:
1060 4078 1081 4112 ι
1134 4059 1322 4133 Regna
1378 4071 1574 4130 terrae;
1627 4075 1846 4121 cantate
1902 4067 2043 4134 Deo;

467 4153 680 4224 psallite
709 4151 964 4216 Domino,
997 4153 1090 4222 qui
1143 4152 1395 4210 ascendit
1447 4170 1615 4225 super
1663 4157 1862 4211 cmlum
1919 4160 2044 4213 coeli

467 4246 533 4299 ad
558 4242 837 4300 Orientem
864 4254 914 4300 ιι.
943 4264 961 4296 ι
996 4242 1280 4302 Occasus:
1315 4264 1334 4297 ι
1357 4246 1469 4302 lter
1487 4247 1654 4303 l‘acite
1671 4249 1922 4312 Domino,
1953 4251 2045 4321 qui

466 4336 715 4393 ascendit
752 4353 919 4406 super
942 4335 1212 4392 Occasum
1242 4355 1257 4392 :
1300 4336 1568 4395 Dominus
1599 4355 1800 4396 nomen
1831 4343 1907 4397 illi
1938 4350 1982 4398 ο.
2021 4362 2040 4396 ι

469 4429 599 4482 Sol:
639 4447 656 4478 ι
696 4428 750 4482 In
778 4429 895 4483 sole
933 4429 1118 4497 posuit
1154 4429 1572 4485 tabernaculum
1627 4448 1812 4501 suum,
1852 4437 2047 4506 etipse

467 4531 739 4593 tanquam
763 4535 1004 4589 sponsus
1055 4520 1366 4589 procedens
1415 4521 1481 4576 de
1501 4523 1743 4577 thalamo
1775 4542 1876 4581 suo
1926 4538 1972 4583 ιι.
2017 4548 2036 4581 ι

465 4611 678 4665 Civitas
716 4626 731 4663 :
772 4630 791 4662 ι
817 4610 1074 4666 Gloriosa
1106 4610 1252 4665 dicta
1285 4621 1414 4667 sunt
1464 4613 1532 4667 de
1563 4623 1634 4682 te,
1675 4617 1870 4673 civitas
1925 4617 2044 4673 Dei.

430 4680 435 4691 ι
469 4697 738 4754 Fluminis
774 4700 1009 4768 impetus
1061 4699 1338 4754 lwtillcant
1368 4680 1647 4759 civitatem
1700 4704 1790 4760 Dei
1826 4724 1839 4761 :
1901 4707 2046 4765 Deus

468 4814 524 4867 in
551 4812 728 4867 medio
754 4812 899 4883 ejus,
937 4821 992 4868 et
1034 4827 1145 4866 non
1199 4813 1635 4869 commovebitur
1676 4826 1724 4871 η.
1770 4836 1789 4870 ι
1836 4816 2043 4874 Later:

471 4924 491 4957 ι
527 4904 597 4960 Et
631 4914 714 4968 tu,
741 4903 814 4959 ﬁli
849 4904 1109 4968 hominis,
1156 4919 1312 4959 sume
1354 4905 1454 4960 tibi
1488 4906 1711 4963 laterem
1741 4925 1755 4963 :
1796 4919 1849 4964 et
1873 4926 2047 4980 pones

465 5006 594 5047 eum
617 5000 745 5047 ante
780 4990 972 5047 faciem
1003 5000 1176 5057 tuam,
1207 5001 1261 5047 et
1286 4991 1568 5050 describes
1596 4996 1647 5049 in
1675 5011 1740 5049 eo
1765 4999 2046 5055 civitatem

465 5083 807 5149 Jerusalem;
861 5093 917 5138 et
951 5084 1112 5139 dabis
1162 5100 1328 5155 super
1382 5101 1502 5141 eam
1554 5088 1897 5146 obsidionem
1943 5101 1991 5146 τι
2023 5111 2043 5145 ι

380 5198 383 5205 ·
467 5175 686 5233 Locus:
731 5195 751 5228 ι
788 5175 964 5243 Quam
1010 5177 1275 5232 terribilis
1309 5184 1393 5233 est
1443 5178 1736 5236 locus-iste
1767 5200 1781 5237 :
1817 5197 1924 5239 non
1964 5191 2051 5241 est

468 5269 572 5325 boc
602 5269 771 5334 aliud.
801 5269 906 5326 nisi
938 5269 1142 5326 domus
1172 5270 1266 5325 Dei
1289 5287 1303 5335 ;
1323 5280 1377 5326 et
1405 5270 1521 5327 haec
1549 5282 1702 5342 porta
1729 5275 1953 5329 coeli'a
1980 5304 2052 5316 -

473 5378 494 5414 ι
533 5361 603 5417 Et
650 5361 952 5433 assumpsit
1002 5376 1088 5417 me
1138 5361 1399 5432 spiritus;
1448 5372 1502 5421 et
1552 5366 1739 5421 audivi
1790 5378 1916 5437 post
1965 5383 2053 5425 me

2144 3175 2241 3231 καὶ
2268 3174 2504 3243 πατριᾶς
2534 3172 2700 3226 Δαϐίδ
2722 3192 2736 3206 ·
2762 3173 2859 3226 καὶ
2879 3172 2940 3227 τδ
2966 3173 3138 3242 ὄνομα
3157 3175 3257 3244 τῆς
3285 3174 3579 3245 παρθένου,
3606 3176 3738 3229 Μα-

2146 3264 2258 3335 ρία.
2296 3282 2314 3315 ι
2346 3263 2593 3334 Νεφέλη·
2630 3281 2650 3315 ι
2698 3262 2832 3316 Ἰδοὺ
2864 3262 3069 3335 Κύριος
3108 3262 3344 3333 κάθηται
3372 3264 3470 3317 ἐπὶ
3497 3266 3737 3336 νεφέλης

2144 3357 2375 3428 κούφης,
2399 3359 2495 3411 καὶ
2520 3355 2643 3428 ἥξει
2675 3357 2756 3420 είς
2783 3355 3082 3425 Αἴγυπτον,
3124 3357 3222 3410 καὶ
3252 3357 3636 3428 σεισθήσονται
3662 3361 3736 3415 τά

2144 3448 2502 3519 χειροποίητα
2545 3448 2844 3515 Αἰγύπτου.
2879 3466 2896 3498 ι
2957 3448 3228 3519 Ὅρασις·
3289 3468 3310 3502 ι
3354 3451 3494 3505 ’Ἱδον
3536 3451 3738 3524 ὅρασιν

2145 3538 2339 3610 πυρὸς,
2371 3538 2547 3593 καὶτὸ
2567 3538 2770 3608 φέγγος
2803 3539 2969 3593 αὐτοῦ
2994 3539 3201 3611 κύκλῳ,
3229 3540 3309 3604 ὡς
3333 3542 3528 3612 ὅρασις
3552 3544 3736 3608 τόξου,

2145 3624 2327 3702 ὅτανῇ
2351 3632 2407 3684 ὲν
2438 3630 2505 3700 τῇ
2533 3629 2731 3702 νεφέλῃ
2758 3632 2815 3682 ὲν
2842 3630 3027 3702 ἡμέρᾳ
3057 3630 3214 3684 ὑετοῦ
3232 3646 3249 3660 “
3279 3631 3454 3696 οὕτως
3481 3636 3514 3706 η
3540 3636 3735 3701 στάσις

2145 3719 2240 3773 τοῦ
2283 3720 2521 3790 φέγγους
2562 3720 2843 3776 κύκλωθεν
2867 3740 2882 3754 ο
2930 3722 3069 3794 αὕτη
3100 3724 3134 3794 ἡ
3162 3725 3352 3792 ὅρασις
3384 3727 3738 3799 ὁμοιώματος

2145 3812 2304 3884 δόξης
2340 3812 2570 3889 Κυρίου..
2609 3831 2627 3864 ι
2656 3812 2958 3883 Ἠλεκτρος
2978 3830 2990 3844 ·
3022 3832 3043 3866 ι
3073 3816 3181 3869 Καὶ
3210 3815 3319 3870 ἴδον
3341 3815 3418 3880 ὡς
3447 3817 3571 3888 ὄψιν
3605 3820 3739 3891 ἠλέ-

2148 3922 2345 3976 κτρουο
2393 3904 2583 3978 ὅρασις
2636 3906 2828 3978 πυρὸς,
2883 3906 3086 3962 ἔσωθεν
3144 3908 3310 3962 αὑτοῦ
3368 3910 3578 3983 κύκλῳ,
3624 3914 3739 3967 ἀπὸ

2145 3996 2388 4065 ὁράσεως
2444 3994 2665 4062 ὀσφύος,
2730 3997 2825 4049 καὶ
2868 3997 2974 4062 ἕως
3023 3998 3193 4053 κάτω.
3257 4019 3276 4052 ι
3321 4000 3557 4073 Ἡμέρα,
3602 4004 3736 4067 νύξ’

2152 4101 2171 4134 ι
2219 4081 2433 4155 Ἡμέρα
2475 4087 2542 4155 τῇ
2565 4084 2750 4158 ἡμέρᾳ
2778 4086 3068 4156 ἐρεύγεται
3101 4089 3255 4159 ῥῆμα
3274 4105 3291 4119 ⁵
3321 4091 3418 4143 καὶ
3447 4090 3547 4156 νὺξ
3577 4093 3740 4148 νυκτὶ

2146 4175 2472 4244 ἀναγγέλλει
2501 4177 2722 4243 γνῶσιν.
2746 4195 2764 4228 ι
2792 4176 3035 4249 Οὐρανός
3057 4194 3069 4206 ·
3095 4178 3218 4245 (Ἐξ
3243 4178 3478 4250 οὐρανοῦ
3507 4182 3740 4236 ἐπέϐλε-

2146 4267 2246 4338 ψεν
2269 4271 2296 4321 ὁ
2326 4267 2531 4338 Κύριος
2554 4283 2567 4297 ·
2593 4268 2670 4321 ίδε
2700 4270 2908 4331 πάντας
2937 4271 3063 4334 τοὺς
3095 4272 3244 4336 υἱοὺς
3267 4272 3375 4349 τῷν
3403 4272 3736 4343 ἀνθρώπων.

2161 4359 2219 4411 '(l
2244 4360 2472 4431 οὐρανὸς
2493 4359 2587 4413 τοῦ
2626 4360 2858 4432 ούρανοῦ
2882 4360 2959 4430 τῷ
2976 4362 3203 4432 Κυρίῳ.
3234 4382 3253 4413 ι
3297 4365 3556 4436 Ἀνατολή
3578 4380 3591 4395 ·
3627 4384 3646 4417 ι
3670 4367 3740 4420 Δί

2084 4428 2123 4496 Ι)
2153 4428 2427 4521 βασιλεῖαι
2460 4453 2557 4522 τῆς
2579 4428 2706 4521 γῆς,
2736 4451 2906 4524 ᾀσατε
2932 4428 3014 4523 τῷ
3042 4428 3183 4525 Θεῷ,
3209 4453 3420 4524 ψάλατε
3448 4456 3527 4527 τῷ
3544 4428 3738 4529 Κυρίῳ

2151 4542 2230 4613 τῷ
2257 4542 2608 4613 ὲπιϐεϐηκότι
2655 4545 2750 4597 ἐπὶ
2792 4544 2883 4597 τὸν
2925 4546 3154 4616 οὐρανὸν
3192 4546 3288 4600 τοῦ
3331 4549 3567 4620 οὐρανοῦ
3597 4552 3740 4605 κατὰ

2151 4636 2437 4699 ἀνατολάς.
2472 4655 2490 4687 ι
2546 4636 2744 4699 Δύσι,ο
2784 4656 2802 4687 ι
2864 4638 3246 4710 Ὁδοποιήσατε
3293 4642 3370 4711 τῷ
3420 4643 3617 4715 Κυρίῳ
3662 4646 3741 4712 τῷ

2154 4725 2511 4797 ὲπιϐεϐηκότι
2562 4728 2657 4781 ἐπὶ
2689 4730 2959 4800 Δυσμὼν’
3031 4730 3233 4803 Κύριος
3285 4733 3458 4804 ὄνομα
3504 4736 3679 4806 αύτῷ.
3713 4755 3733 4787 ι

2157 4818 2374 4882 Ἥλιος·
2409 4839 2428 4871 ι
2475 4821 2562 4874 Ἐν
2597 4820 2673 4892 τῷ
2703 4821 2840 4892 ἡλίῳ
2867 4823 3020 4875 were
3043 4822 3104 4877 τὸ
3128 4827 3394 4896 σκήνωμα
3421 4827 3615 4893 αὑτοῦ,
3646 4831 3741 4883 καὶ

2155 4912 2318 4975 αὐτὸς
2343 4912 2419 4975 ὡς
2440 4913 2671 4982 νυμφίος
2702 4915 3134 4985 ἐκπορευόμενος
3164 4919 3228 4970 ὲκ
3256 4919 3464 4973 παστοῦ
3492 4921 3682 4977 αὐτοῦ.
3714 4941 3733 4973 ι

2154 5003 2351 5067 Πόλις·
2395 5022 2413 5055 ι
2460 5005 2836 5074 Δεδοξασμένα
2888 5006 3122 5078 ἐλαλήθη
3174 5011 3304 5079 περὶ
3354 5011 3475 5075 σοῦ,
3517 5015 3551 5085 η
3584 5013 3739 5076 πόλις

2153 5098 2248 5148 τοῦ
2272 5095 2430 5150 Θεοῦ.
2461 5096 2569 5150 Τοῦ
2606 5098 2870 5174 Δ’ποταμοῦ
2918 5098 2989 5151 τὰ
3032 5100 3333 5171 ὁρμήματά
3384 5104 3737 5174 εὐφραίνουσι

2154 5188 2255 5257 τὴν
2281 5188 2436 5242 πόλιν
2467 5188 2563 5242 τοῦ
2596 5169 2768 5242 Θεοῦ·
2796 5193 2828 5243 ὁ
2856 5189 2989 5254 Θεὸς
3014 5169 3074 5244 ιν
3103 5169 3256 5264 με...
3307 5169 3521 5265 αὐτῆς,
3554 5197 3649 5249 καὶ
3674 5194 3736 5249 οὐ

2158 5272 2574 5349 σαλευθήσεται.
2613 5298 2632 5330 ι
2668 5278 2896 5348 Πλίνθος
2916 5296 2932 5312 ο
2990 5300 3009 5332 ι
3036 5282 3151 5336 Καὶ
3182 5284 3270 5347 σὺ,
3301 5286 3383 5338 uls
3422 5285 3731 5359 ἀνθρώπου,

2155 5367 2286 5424 λάϐε
2321 5367 2534 5439 σεαυτῷ
2568 5368 2819 5425 πλίνθονο
2844 5371 2939 5426 καὶ
2963 5375 3212 5445 ποιήσεις
3242 5376 3413 5447 αὐτὴν
3440 5378 3547 5447 πρὸ
3571 5395 3735 5449 προσ-

548 5518 711 5613 _’_'§f;
742 5537 820 5613 ﬂ.
952 5612 955 5613 ν
990 5525 1142 5613 '18?-
1184 5531 1401 5613 ηις-μ.
1436 5546 1504 5613 Mn
1540 5535 1788 5613 lsa._vm,
1822 5541 1878 5594 5.
1954 5540 1982 5581 δ
2016 5540 2158 5613 Psal.
2195 5560 2343 5606 κων,
2378 5547 2466 5600 ll).
2540 5556 2562 5584 ε
2601 5544 2761 5599 Cant.
2795 5560 2870 5603 tv.
2898 5546 2953 5609 7,
2986 5547 3073 5602 ll.
3148 5544 3174 5585 ἀ
3209 5545 3344 5601 ibid.
3384 5544 3471 5599 Nl.
3519 5544 3610 5599 ubi
3641 5552 3723 5597 ta-

742 5592 923 5678 υμεεὲ
946 5596 1153 5678 ira-Ioni:-
1178 5600 1517 5678 ὀ-ξρίιΠΙ-ἓ.
1556 5675 1567 5678 _
1601 5604 1620 5644 ί
1653 5592 1797 5661 Psal.
1828 5592 2004 5675 “XLIV.

2145 5592 2158 5598 ⁷
2196 5592 2761 5675 “ὲ”ίίι·ἶ)νί’χςκιῖ”ἓ9.
2833 5592 2870 5655 δ’
2894 5592 3098 5676 Εἶπείῆ
3124 5592 3263 5670 96-",
3300 5592 3456 5670 n5"
3512 5631 3623 5677 xu‘
3670 5615 3718 5666 ’⁸

474 5656 735 5753 3.33.15”;-
769 5656 993 5753 “£135..
1026 5664 1335 5753 [ίιξὶἀοὲπ-
1361 5656 1594 5753 ξζνέειιο
1629 5656 1973 5753 ι“νῖἐὲῖδέ”’ζὲ’
1992 5656 2043 5734 Ῥ

2145 5721 2151 5734 .
2187 5656 2368 5747 ubi:
2383 5656 2774 5741 ἰ’δ.“”ἔυ”ιιξὲῑ.
2829 5656 3001 5751 ειῖιῖῖ
3011 5656 3042 5741 ἰ
3053 5656 3107 5741 ὅ.
3128 5656 3215 5724 ’ἵ
3236 5656 3598 5749 ρωιῖῗὶνῖιῖ
3606 5656 3718 5736 ’δέῖ

528 5724 657 5776 ibid.
688 5726 741 5780 5.
814 5739 841 5778 P
874 5733 1017 5788 Psal.
1052 5750 1202 5801 xvm,
1232 5737 1283 5793 6.
1356 5750 1382 5789 σι
1410 5724 1890 5811 Ρέεὶιῗιίνῖιέἶκ
1922 5724 2043 5806 Elei

2145 5724 2358 5819 ’.δῆτ’
2395 5724 2585 5812 rce";
2616 5724 2926 5822 ;;;t'.'.'.,1'7:

4029 3395 4032 3509 ί
