4032 6138
426 252 547 321 '875
1593 254 1665 314 Β.
1704 250 2018 311 ᾹΝΟΒΕᾸΞ

2099 250 2493 314 IRETENSIS
3578 248 3691 323 8‘16

442 384 554 425 non
587 364 926 423 discesserat
956 380 968 417 ε
1010 384 1029 416 ι
1065 364 1186 418 Non
1220 363 1528 433 relinquam
1571 377 1666 417 vos
1697 363 2008 433 orphanos:

2112 361 2310 432 ἀφήσω
2338 362 2481 432 ὑμᾶς
2506 361 2805 433 ὀρφανούς·
2840 361 3081 433 ἔρχομαι¹
3101 362 3234 433 πρὸς
3268 365 3431 434 ὑμᾶς.
3467 384 3487 418 ι
3512 365 3690 423 Τοῦτο

445 462 663 516 veniam
702 459 768 516 ad
805 475 900 515 vos
930 461 973 510 ε.
1034 476 1053 508 ι
1087 457 1199 512 lloc
1251 471 1472 527 quoque
1518 466 1646 510 ante
1675 454 2008 508 inell‘ahilcm

2113 450 2207 502 καὶ
2264 451 2369 520 πρὸ
2417 450 2517 520 τῆς
2570 450 2853 521 ἀφράστου
2887 450 3349 523 ὲνανθρῖοπήσεως
3382 438 3548 507 αὑτοῦ
3597 442 3688 510 διὰ

445 568 602 609 suam
630 551 1066 607 incarnationem
1102 563 1200 618 per
1238 548 1538 619 pr0phetas
1578 548 1870 617 pollicitus
1902 554 2006 601 est.

2112 540 2405 612 προφητῶν
2464 541 2737 613 ἀριδήλως
2803 543 3088 613 ὑπέσχετο.
3162 532 3315 599 Ἐπεὶ
3392 540 3487 599 οῦν
3540 546 3688 600 οὕτω

434 642 578 699 'Cum
617 643 733 697 haec
762 655 896 711 ergo
934 640 1016 695 sic
1051 638 1344 706 baberent,
1386 639 1613 709 jamque
1662 644 1883 691 vocaret
1912 651 2013 705 op-

2109 633 2305 695 ταῦτα,
2333 634 2429 689 καὶ
2474 634 2575 707 ήδη
2628 636 2821 708 καιρὸς
2872 638 3057 691 ἐκάλει
3092 639 3265 709 πέρας
3292 634 3561 695 ἐπιθεῖναι
3602 642 3687 712 τῷ

436 714 743 809 portunum
801 741 1020 804 tempus
1057 742 1117 788 ut
1152 732 1517 803 promissioni
1554 732 1717 787 ﬁnem
1760 731 2008 799 impone-

2107 722 2525 793 ὲπαγγέλματι·
2558 724 2660 795 ὅρα
2711 727 2764 778 τί
2796 729 2960 791 ποιεῖ,
2990 729 3019 781 6
3061 727 3159 796 τὴν
3192 729 3466 801 ἡμετέραν
3501 746 3683 802 σωτη-

441 833 547 889 ret,
584 824 708 878 vide
733 823 863 893 quid
910 830 1058 893 agat,
1096 830 1301 876 nostra!
1352 821 1473 891 ipse
1503 820 1737 885 salutis,
1787 834 2003 883 massze,

2111 813 2233 883 ρίαν
2256 855 2271 881 ,
2299 814 2395 868 τοῦ
2427 814 2585 886 ήμῶν
2615 817 2960 887 φυράματος,
3015 822 3558 889 πραγματευόμενος.
3606 824 3685 879 Oti

437 917 686 987 inquam,
735 925 976 981 nostrae,
1013 914 1297 984 negotium
1351 928 1543 985 agens.
1605 912 1725 967 Non
1784 911 2007 966 aliunde

2106 902 2341 973 θύραθεν
2367 905 2749 975 είσκεκόμικεν
2797 906 3060 978 ὄργανονο
3108 909 3209 963 οὐκ
3259 909 3322 974 ἐξ
3370 911 3565 981 ἑτέρας
3588 914 3685 967 ού-

435 1006 648 1062 invexit
694 1006 1165 1069 instrumentmn;
1229 1018 1340 1058 non
1393 1019 1460 1058 ex
1525 1002 1838 1058 substantia
1898 1001 2004 1055 alia

2106 994 2230 1056 σίας
2263 996 2621 1068 ἀνεμόρφωσε
2659 998 2887 1062 σκεῦοςο
2913 999 3031 1053 ἀλλ’
3063 1002 3129 1055 ὲκ
3163 1001 3256 1055 τοῦ
3288 1002 3456 1057 αὐτοῦ
3481 1004 3684 1076 πηλοῦ,

435 1114 530 1155 vas
582 1098 947 1165 reformavit;
993 1096 1091 1151 sed
1143 1111 1209 1151 ex
1240 1096 1431 1151 eodem
1474 1096 1597 1166 ipso
1646 1095 1781 1160 luto,
1814 1102 2001 1165 atque,

2103 1085 2197 1139 καὶ
2247 1086 2351 1156 τῆς
2380 1088 2549 1158 αὐτῆς
2604 1088 2681 1153 ὡς
2733 1090 2799 1145 ἀν
2830 1107 2916 1155 τις
2956 1091 3093 1162 φαίη
3135 1090 3316 1164 ζύμης
3355 1096 3685 1162 ὑποσπάσας

431 1198 494 1245 ιιι
520 1191 597 1244 ita
624 1188 831 1254 dicam,
864 1203 932 1243 ex
966 1187 1159 1242 eadem
1202 1200 1412 1250 massa,
1444 1200 1545 1241 eeu
1576 1185 1908 1255 quisquilias
1938 1197 2002 1238 ac

2104 1178 2355 1248 συρμάδα
2388 1179 2452 1244 ¹¹,
2475 1180 2656 1249 τίμιον
2696 1181 2898 1252 ἑαυτῷ,
2954 1182 3049 1235 καὶ
3091 1183 3192 1253 τῆς
3222 1184 3479 1256 τοιαύτης
3504 1187 3676 1252 ὅντως

433 1291 797 1354 purgamenta
856 1278 1161 1345 attrahens,
1216 1277 1524 1347 pretiosum
1574 1276 1706 1340 sibi,
1754 1278 2003 1345 adeoque

2102 1266 2485 1340 ύπεραρῤήτού
2515 1272 2867 1341 συμπήξεως,
2891 1272 3019 1327 ναὸν
3035 1276 3363 1346 ἐτεκτήνατο
3381 1293 3395 1307 ·
3428 1279 3487 1331 ὲν
3515 1269 3677 1350 ᾧπερ

431 1386 602 1441 supra
643 1370 864 1425 modum
914 1383 1132 1423 arcana:
1169 1383 1235 1422 ac
1280 1368 1552 1424 mirabilis
1599 1366 2000 1437 compactionis

2100 1359 2265 1423 αὐτὸς
2300 1361 2329 1413 ὁ
2363 1361 2584 1432 πρῶτος
2614 1363 2711 1415 καὶ
2761 1363 2923 1433 μόνος
2953 1364 3270 1436 ’Λρχιερεύς
3292 1385 3351 1420 τε
3386 1371 3480 1422 καὶ
3509 1371 3680 1435 Βασι-

431 1462 721 1533 Iemplum,
754 1460 1090 1515 :edilicavit:
1124 1460 1177 1514 in
1209 1473 1321 1528 quo
1352 1458 1568 1528 primus
1597 1459 1713 1529 ipse
1739 1473 1805 1513 ac
1843 1458 1999 1514 solus

2097 1449 2246 1515 λεὺς,
2280 1452 2637 1522 οἰκονομικῶς
2666 1452 2767 1523 τήν
2800 1454 2923 1508 καθ’
2961 1456 3105 1525 ήμᾶς
3138 1457 3502 1528 ἱερουργήσας
3539 1461 3683 1532 πρὸς

430 1552 702 1617 l‘ontifex,
759 1550 1004 1621 Rexque,
1064 1549 1509 1619 dispensatione,
1570 1558 1820 1604 nostram
1872 1564 1996 1604 cum

2097 1542 2187 1595 τὸν
2218 1543 2412 1603 ἑαιιτοῦ
2442 1546 2662 1616 Πατέρα
2705 1546 3073 1617 καταλλαγὴν,
3106 1549 3236 1620 ὅλην
3276 1550 3433 1621 ὑμῶν
3470 1553 3574 1622 τὴν
3595 1552 3685 1606 06-

428 1647 591 1700 I‘atre
642 1660 746 1700 suo
791 1641 1305 1698 reconciliationem
1359 1654 1458 1709 pro
1507 1653 1668 1694 more
1697 1638 1993 1695 sacerdotii

2100 1634 2222 1688 σίαν
2268 1635 2629 1706 ὑπερουσίω·,
2663 1638 2757 1690 καὶ
2785 1638 2907 1692 κατ’
2937 1639 3125 1693 οὐσίαν
3154 1642 3218 1693 ὲκ
3258 1641 3359 1711 τῆς
3385 1640 3682 1713 ἀνθρώπου

421 1750 728 1808 peragens,
801 1742 974 1788 totam
1030 1742 1281 1787 nostram
1354 1730 1748 1795 substantiam,
1811 1730 1994 1784 altiori

2097 1727 2285 1790 οὐσίας
2315 1699 2625 1782 ἀνέλαϐεν.⁷
2656 1730 2932 1800 Ἐμνήσθη
2981 1731 3271 1801 τοιγαροῦν
3315 1699 3430 1786 τῶν
3484 1699 3682 1789 ἑαυτοῦ

427 1844 595 1898 supra
637 1825 1010 1882 substantiam
1040 1822 1249 1885 'modo,
1299 1821 1649 1878 substantiali
1715 1821 1997 1874 nihilomi-

2097 1820 2414 1888 κτισμάτων
2472 1823 2500 1873 6
2557 1820 2689 1883 Θεός
2717 1835 2731 1849 ⁸
2785 1822 2993 1890 κτίσμα
3046 1823 3156 1895 γὰρ
3187 1823 3355 1876 αὐτοῦ
3396 1826 3577 1880 πάντα
3612 1827 3685 1882 τὰ

421 1934 552 1982 nus,
588 1932 652 1971 ex
704 1917 992 1969 hominum
1039 1913 1355 1968 substantia
1405 1912 1638 1982 accepit.
1687 1911 1876 1981 itaque
1909 1927 1995 1966 re-

2096 1908 2254 1978 ἕθνη·
2301 1928 2320 1962 ι
2382 1909 2656 1980 Ἐμνήσθη
2701 1910 2812 1963 τῶν
2866 1910 3194 1982 οἰκτιρμῶν-
3231 1913 3380 1983 αὐτῷ
3424 1915 3536 1969 τῶν
3583 1918 3683 1971 ἀπ’

426 2005 693 2059 cordatus
754 2011 838 2059 est
900 2002 1044 2058 Deus
1103 2009 1415 2057 creatorum
1472 2003 1541 2056 ah
1596 2002 1736 2070 ipso.
1784 2001 1998 2071 Quippe

2097 1998 2295 2063 αἰῶνος
2317 2038 2332 2063 ,
2372 2018 2391 2051 ι
2426 2000 2454 2052 ὁ
2490 2000 2600 2054 τῶν
2638 1999 2850 2055 αίὼνων
2868 2000 3069 2072 Κύριος
3097 2042 3112 2068 ,
3145 2004 3394 2074 ἐμνήσθη
3432 2007 3536 2075 τῆς
3563 2007 3686 2064 δια-

418 2107 619 2164 qentes
650 2108 843 2150 Omnes
894 2095 1018 2163 ejus
1067 2102 1197 2148 sunt
1239 2101 1500 2146 creatura
1534 2112 1547 2147 :
1593 2111 1611 2142 ι
1650 2090 1998 2148 Recordatns

2097 2094 2271 2166 θήκης
2299 2088 2366 2166 ἧς
2401 2095 2536 2165 πρὸς
2580 2094 2901 2166 ἀνθρώπους
2950 2095 3177 2149 διέθετο.
3242 2097 3548 2171 Ἐμνήσθη,
3583 2104 3684 2156 καὶ

418 2199 509 2244 est
542 2190 957 2244 miserationqu
992 2203 1242 2252 suarum,
1272 2202 1393 2254 qua!
1427 2202 1455 2238 a
1482 2186 1687 2241 saeculo
1720 2195 1847 2240 sunt
1878 2187 1928 2251 h,
1968 2203 1990 2236 ο

2100 2190 2361 2259 μνησθεὶς
2393 2190 2493 2259 οὐχ
2548 2189 2878 2261 ὑπερέθετοο
2909 2189 3024 2242 ἀλλ’
3074 2189 3273 2243 αὐτίκα
3314 2192 3417 2259 τήν
3455 2193 3684 2263 εὐεργε-

428 2281 692 2337 Dumimts
731 2281 847 2349 ipse
880 2281 1211 2336 saeculorum
1266 2295 1278 2331 :
1329 2278 1658 2332 recordatus
1710 2285 1796 2330 est
1829 2286 1999 2331 testa-

2098 2277 2219 2328 σίαν
2248 2277 2520 2346 ἐπήγαγε.
2551 2276 2825 2346 Μνησθεὶς
2852 2277 2961 2347 γὰρ
2988 2276 3082 2330 τοῦ
3101 2277 3395 2341 Δαϐιδ,καὶ
3422 2274 3499 2335 ὧν
3527 2282 3682 2351 αὐτῷ

426 2372 590 2426 menti
617 2372 762 2442 quod
803 2386 932 2426 cum
985 2370 1304 2425 hominibus
1352 2369 1581 2438 pepigit.
1647 2366 1995 2421 Reum-datus

2094 2362 2358 2435 διωμόκει
2416 2369 2703 2437 πρότερον,
2755 2368 2821 2420 ὲκ
2870 2367 2966 2419 τοῦ
3019 2368 3337 2438 σπέρματος
3382 2368 3551 2422 αὐτοῦ
3585 2371 3681 2423 τὸν

422 2473 545 2528 est;
585 2477 686 2516 nec
714 2460 1038 2514 recordatus
1069 2457 1310 2522 distulit,
1370 2456 1465 2510 sed
1501 2473 1624 2509 mox
1668 2456 1992 2510 beneﬁcium

2094 2457 2325 2525 Χριστὸν
2357 2458 2704 2527 ἀναστήσειν,
2739 2459 2799 2511 ὲν
2834 2452 2879 2527 ᾧ
2929 2459 2988 2511 τὸ
3046 2459 3334 2523 πεπτωκὸς
3383 2460 3479 2513 τοῦ
3537 2463 3680 2530 ἠμε-

424 2552 661 2606 intluxit.
726 2550 1070 2603 Recordatus
1128 2549 1276 2601 enim
1328 2545 1552 2601 Davidis
1585 2549 1630 2608 ί,
1688 2561 1749 2604 ac
1802 2560 1991 2597 eorum

2097 2548 2257 2617 τέρου
2315 2550 2508 2617 γένους
2566 2550 2772 2621 σκηνῆς
2816 2550 2973 2621 δίκην
3024 2552 3410 2622 ἀνῳκοδόμησε
3439 2554 3678 2625 ποίημα,

422 2640 926 2713 qumjnrejuramlo
947 2640 1076 2693 olim
1110 2638 1483 2706 promisisset,
1504 2636 1621 2692 fore
1654 2645 1710 2689 ut
1737 2637 1994 2691 Christus

2100 2638 2406 2708 παράδοξον
2458 2639 2551 2692 ἐπὶ
2599 2638 2886 2711 παραδόξῳ
2921 2639 3185 2711 θαύματι,
3217 2646 3679 2716 συνεισκεκόμικε

421 2748 491 2787 ex
540 2733 661 2801 ejus
721 2730 933 2784 semine
993 2736 1351 2797 exsurgeret,
1417 2729 1470 2780 in
1524 2742 1633 2796 quo
1686 2727 1989 2796 collapsum
2099 2727 2305 2799 θαῦμα.

417 2824 600 2878 nostri
661 2821 887 2893 generis
937 2834 1101 2891 Opus.
1165 2818 1512 2874 tabernaculi
1588 2818 1764 2872 instar
1830 2817 2189 2874 reardilicaret
2229 2832 2275 2888 ι,
2347 2836 2549 2875 novum
2618 2822 2971 2895 insolensque
3023 2825 3372 2891 miraculum,
3427 2827 3556 2882 novi
3614 2844 3683 2884 ac

426 2915 716 2971 insolentis
748 2910 1000 2965 miraculi
1028 2924 1214 2963 comes
1241 2908 1469 2961 invexit.

493 3006 631 3062 Cum
686 3004 874 3073 itaque
921 3001 1111 3059 sobria
1146 3016 1209 3054 ae
1247 3008 1399 3056 easta
1440 3006 1620 3062 Anna,
1665 3000 1819 3071 gravi
1859 3010 1993 3056 mte-
2024 3007 2066 3064 C

2168 2992 2280 3051 Καὶ
2331 2995 2395 3067 δὴ
2435 2998 2535 3069 τῆς
2591 2999 2869 3071 σώφρονος
2955 3004 3154 3073 ’Δννης
3217 3004 3398 3075 πολλῷ
3445 3005 3528 3075 τῷ
3576 3010 3677 3080 τῆς

365 3076 383 3099 ’
423 3099 567 3155 roris
594 3112 803 3168 angore
838 3101 1164 3161 teneretur;
1213 3107 1337 3146 cum
1380 3092 1576 3163 primis
1607 3100 1813 3158 autem,
1849 3108 1956 3161 quo

2096 3091 2253 3153 ἀνίας
2277 3089 2321 3122 ¹⁸
2336 3090 2491 3161 ἄχθει
2511 3092 2938 3163 κατησχημένης
2956 3111 2971 3126 ο
2991 3096 3135 3165 μάλα
3162 3095 3241 3161 δὲ,
3258 3097 3353 3150 καὶ
3373 3098 3537 3152 τοῦτο
3549 3076 3678 3154 συν·

422 3193 586 3246 etiam
628 3187 851 3255 coniux.
888 3187 959 3241 ob
992 3186 1164 3256 prolis
1206 3185 1508 3239 earen‘tiam
1545 3199 1733 3238 amare
1762 3198 1993 3237 vexare-

2094 3180 2251 3233 εύνου
2283 3180 2496 3250 πικρῶς
2516 3180 2843 3251 πιεζομένου
2877 3178 2977 3253 τῆς
2991 3180 3246 3250 ἀτεκνίας
3270 3189 3433 3257 χάριν
3455 3204 3472 3221 ·
3498 3189 3679 3260 ἀμφο-

426 3262 515 3337 tur
541 3294 561 3338 ‘:
594 3282 881 3335 amborum
919 3278 1063 3335 Deus
1089 3276 1443 3332 sterilitatem
1473 3276 1660 3340 solvit,
1690 3291 1995 3345 eorumque

2093 3273 2268 3340 τέρων
2297 3270 2453 3324 ἔλυσε
2484 3271 2582 3343 τήν
2612 3272 2869 3344 στέρησιν
2908 3275 2937 3327 6
2961 3274 3092 3340 Θεός
3113 3292 3127 3307 ο
3146 3276 3322 3340 λιταῖς
3346 3296 3428 3345 τε,
3467 3276 3680 3337 τούτων

426 3370 772 3443 supplicibus
831 3368 1067 3424 inﬂexus
1115 3369 1281 3434 votis,
1317 3368 1498 3422 sterili
1551 3351 1771 3437 quidem
1825 3366 1993 3422 fetum

2093 3362 2490 3431 ὲπικαμφθεὶς,
2519 3362 2704 3417 δίδωσι
2735 3366 2803 3434 τῇ
2837 3365 3026 3437 στείρᾳ
3056 3367 3241 3438 γονὴν,
3270 3370 3340 3438 ἢν
3378 3373 3679 3441 προὲσπει-

424 3465 642 3525 tribuit,
683 3477 844 3532 quem
889 3470 1017 3515 ante
1064 3460 1315 3531 precatio
1364 3459 1625 3525 sevisset;
1676 3458 1877 3512 marito
1903 3473 1994 3512 auo

2101 3467 2192 3519 ρεν
2244 3451 2421 3523 coxa:
2470 3452 2566 3505 καὶ
2595 3451 2672 3522 τῷ
2713 3453 2955 3523 συνεύνῳ
2997 3456 3228 3526 καρπὸν,
3258 3452 3318 3510 δν
3341 3455 3679 3532 ἐϐλάστησεν

426 3561 533 3612 tem
570 3554 767 3609 tribuit
819 3553 1083 3615 fructum,
1120 3566 1283 3620 quem
1336 3565 1463 3619 spes
1495 3551 1894 3619 germinasset;
1928 3564 1993 3603 ac

2097 3543 2273 3606 ἐλπὶς,
2306 3545 2405 3597 καὶ
2464 3542 2627 3607 ἄνθος
2675 3541 2927 3608 ἀειθαλὲς
2973 3544 3086 3609 τοῖς
3125 3547 3680 3624 ἀποξηρανθεῐσιτῆς

423 3649 662 3707 demum.
722 3642 1141 3698 in'l'ccunditatis
1210 3649 1347 3693 restu
1404 3639 1616 3694 exustis
1688 3638 1992 3709 aridisQue,

2095 3635 2355 3699 ἀπαιδίας
2395 3634 2477 3705 τῷ
2505 3635 2745 3689 καύσωνι
2771 3652 2786 3669 ο
2835 3638 2930 3691 καὶ
2969 3636 3183 3706 γίνεται
3223 3640 3449 3712 γόνιμος
3475 3643 3510 3716 ή
3535 3643 3677 3716 πρό-

424 3735 744 3806 setnpiterni
788 3732 988 3785 viroris
1046 3730 1233 3783 ﬂorent
1270 3729 1560 3782 concedit:
1623 3728 1792 3796 {itque
1841 3726 1996 3779 dein.

2092 3742 2249 3796 τερον
2279 3726 2489 3794 ἄγονος,
2516 3728 2612 3780 καὶ
2641 3728 2912 3800 κληματὶς
2950 3728 3345 3800 ἀναθάλλουσα,
3374 3732 3405 3804 ἠ
3442 3735 3677 3805 βλαστὸν

424 3843 555 3897 ceps
611 3821 843 3880 fecunda
897 3838 1119 3893 parens,
1149 3836 1269 3891 qu.-e
1310 3822 1467 3890 prius
1515 3818 1991 3885 eratinl’ecun’da;

2093 3819 2191 3870 οὐκ
2218 3817 2520 3886 ἐκφύουσα.
2540 3818 2651 3871 Καὶ
2672 3820 2725 3871 τί
2778 3816 2985 3891 ταύτης
3013 3819 3165 3875 ἔσται
3202 3818 3303 3892 τῆς
3328 3820 3677 3894 παιδοποιίας

427 3920 663 3988 vitisque
714 3930 935 3985 semper
978 3915 1186 3976 virens,
1218 3927 1340 3981 quae
1384 3924 1607 3981 germen
1640 3923 1747 3963 non
1793 3908 1994 3964 edidis-

2093 3906 2555 3979 αἱδεσιμώτερονς
2591 3906 2657 3961 Τί
2709 3908 2767 3963 δὲ
2805 3910 3263 3983 παραδοξότερον,
3311 3912 3407 3968 τοῦ
3450 3914 3676 3986 βλέπειν

424 4018 528 4062 set.
585 4005 727 4072 Quid
772 4019 940 4074 porro
986 4016 1047 4056 ea
1096 4002 1270 4071 prolis
1301 4000 1654 4068 susceptione
1706 3998 1993 4051 venerabi-

2096 3997 2328 4071 Μητέρα
2362 3999 2522 4065 Θεοῦ,
2557 4000 2915 4072 διανοιγείσης
2950 4000 3071 4073 μὲν,
3106 4003 3168 4056 ού
3196 3998 3593 4079 διαφθαρείσης
3616 4010 3674 4064 δὲ

424 4101 575 4155 lius?
609 4098 752 4166 Quid
783 4112 913 4152 vero
949 4095 1272 4165 ampliorem
1308 4092 1518 4146 habens
1547 4090 1993 4154 admirationem,

2093 4092 2193 4161 τὴν
2228 4092 2412 4161 νηδὺν,
2434 4092 2499 4145 ὲκ
2516 4092 2817 4163 νεοσπόρου
2844 4093 2887 4125 ίδ
2914 4094 3171 4164 γαστρὸς,
3198 4096 3413 4166 καρπὸν
3445 4097 3672 4167 ἁγνείας

424 4210 584 4263 quam
628 4201 685 4247 ut
715 4191 807 4245 Dei
857 4189 1109 4250 Matrem,
1147 4187 1217 4240 ab
1266 4192 1492 4254 experte
1540 4182 1769 4238 seminis
1815 4193 1991 4248 utero,

2096 4181 2425 4249 ὲκφύουσαν,
2454 4183 2547 4236 καὶ
2571 4180 2839 4254 παρθένον
2868 4186 2931 4237 ἐκ
2968 4180 3187 4256 στείρας
3215 4186 3409 4255 ἀγόνου
3437 4187 3671 4259 βλαστά-

424 4296 613 4357 ap-rto
640 4284 883 4355 quidem,
934 4279 1031 4336 sed
1088 4292 1199 4332 non
1228 4284 1517 4346 corrupto,
1564 4275 1841 4329 castitatis
1874 4273 1994 4327 fru-

2096 4288 2326 4337 voucav;
2355 4271 2473 4325 Ἵνα
2499 4274 2551 4326 τί
2575 4274 2800 4343 γένηται
2823 4293 2838 4340 ;
2863 4269 2981 4327 Ἵνα
2999 4275 3076 4346 τῷ
3101 4270 3224 4330 κατ’
3248 4278 3418 4348 αὐτὴν
3442 4280 3671 4352 ύπεραί⁸

423 4386 571 4431 ctum
631 4351 876 4441 proferre
932 4369 1255 4430 videamus,
1312 4379 1375 4419 ac
1431 4365 1697 4433 virginem
1752 4380 1815 4417 ex
1851 4363 1992 4418 inlc—

2094 4380 2244 4433 ροντι
2294 4363 2539 4434 θαύματι
2591 4366 2653 4418 τὸ
2706 4363 2806 4436 τῆς
2854 4364 3116 4437 τεκούσης
3172 4351 3560 4442 πιστώσηταις
3604 4370 3669 4427 Ἦ

422 4462 607 4516 eunda
648 4476 724 4515 ae
758 4459 932 4516 sterili
988 4456 1196 4512 femina
1243 4453 1685 4527 germinantem?
1714 4451 1990 4518 Quorsum

2097 4455 2217 4522 μὲν,
2244 4455 2273 4507 ὃ
2305 4455 2379 4526 μὴ
2411 4454 2673 4527 πρότερον
2691 4459 2761 4527 τῇ
2790 4454 2948 4525 φύσει
2969 4457 3076 4512 τῶν
3111 4456 3414 4529 ἀνθρώπων
3441 4457 3670 4533 ἐγνώρι-

424 4554 573 4609 Iimc?
611 4552 904 4619 Nimirum,
946 4555 1008 4604 ut
1054 4547 1347 4604 excellenti
1380 4545 1504 4615 ejus
1554 4543 1849 4610 miraculo,
1878 4542 1992 4596 Ma-

2096 4561 2207 4607 στο¹
2239 4546 2491 4623 ἀπάτορα
2523 4547 2681 4600 τόκον
2724 4547 2783 4612 ἐξ
2817 4548 3124 4619 ἀλοχεύτων
3159 4549 3367 4603 ὠδίνων
3406 4554 3472 4623 τῇ
3508 4552 3668 4620 φύσει

423 4646 524 4700 tris
554 4643 880 4698 miraculum
913 4640 1292 4695 conﬁrmaret.
1331 4636 1521 4691 Altera
1564 4634 1810 4705 quidem,
1843 4633 1992 4702 quod

2093 4634 2247 4704 παρὰ
2276 4635 2375 4706 τὴν
2415 4634 2578 4709 φύσιν
2627 4637 2945 4705 εισήγαγεν.
2996 4638 3267 4706 ὑπερφυεῖ
3311 4639 3539 4709 δυνάμει
3577 4640 3667 4692 τὸν

426 4736 663 4792 necdum
699 4735 940 4787 humano
982 4730 1172 4804 generi
1225 4730 1569 4790 innotuerat,
1618 4733 1839 4796 partum
1876 4727 1996 4780 sine

2094 4725 2194 4794 τῆς
2210 4724 2426 4793 φύσεως
2449 4708 2750 4796 αὐτουργὸν
2770 4728 2827 4779 ἐν
2857 4728 3042 4798 μήτρᾳ
3066 4708 3501 4800 παιδοποιήσασα
3520 4742 3536 4761 ⁸
3575 4731 3667 4784 καὶ

429 4838 606 4899 patre,
640 4826 733 4880 cui
767 4824 949 4880 nullus
975 4824 1157 4878 roitus
1183 4819 1513 4891 prmivisset,
1547 4825 1758 4871 natura:
1795 4824 1996 4885 praeter

2096 4813 2286 4881 γέγονε
2327 4816 2530 4884 μήτηρ,
2560 4814 2629 4867 τὰ
2659 4815 2917 4884 μητέρων
2958 4813 3236 4885 φυγοῦσα·
3263 4818 3359 4869 καὶ
3385 4819 3446 4870 τὸ
3470 4816 3666 4886 βρέφος

428 4924 681 4969 naturam
719 4914 1008 4974 invehens,
1041 4909 1221 4980 ipsum
1249 4914 1459 4960 natura:
1482 4906 1777 4957 Auctorem
1810 4903 1994 4956 altiori

2095 4904 2195 4958 οὐκ
2224 4903 2337 4976 εἶχε
2371 4907 2583 4977 πατέρα
2611 4907 2796 4960 καλεῖν
2836 4909 2927 4960 ἐπὶ
2972 4911 3096 4976 γῆς,
3128 4910 3209 4963 ὃτι
3232 4909 3306 4979 μὴ
3331 4911 3540 4979 σπορᾶς
3573 4927 3666 4978 με-

424 5022 592 5077 supra
617 5017 872 5059 naturam
908 5002 1121 5057 ratione
1157 5001 1213 5053 in
1273 4998 1428 5051 vulva
1474 4995 1767 5065 concepit,
1800 5006 1994 5066 estque

2097 4997 2420 5066 σιτευούσης
2454 4999 2801 5067 συνείληπτο,
2834 4998 2968 5067 μηδὲ
2994 4999 3200 5068 φθορᾶς
3244 4999 3665 5069 ὑποδραμούσης

421 5097 617 5153 elfecta
659 5104 854 5159 mater,
899 5108 1023 5148 cum
1071 5107 1135 5146 ea
1189 5104 1311 5161 quae
1358 5097 1489 5144 sunt
1528 5096 1765 5141 matrum
1824 5087 1995 5141 vitas-

2094 5088 2127 5154 ἡ
2184 5087 2423 5141 τεκοῦσα
2463 5091 2791 5158 γεγέννηκεν
2814 5105 2826 5118 '
2852 5090 2884 5158 ή
2914 5088 2989 5154 δὲ,
3020 5089 3225 5160 καίπερ
3268 5090 3438 5142 πολλὰ
3464 5090 3575 5143 τῶν
3612 5094 3666 5143 ἐν

424 5195 547 5255 set;
580 5201 681 5242 nec
720 5172 907 5241 infans
939 5182 1178 5237 habebat
1204 5192 1410 5250 patrem
1462 5191 1657 5231 vecare
1696 5191 1858 5244 stqier
1884 5186 1990 5230 ter-

2100 5175 2385 5247 στειρώσει
2448 5178 2828 5248 προλαϐόντων
2897 5180 3094 5248 ἔχουσα
3152 5180 3221 5231 τὰ
3271 5179 3664 5249 ὑποδείγματα,

423 5292 563 5342 ram,
596 5277 690 5346 qui
736 5275 886 5330 nulla
935 5280 1178 5328 semente
1229 5266 1404 5323 media
1437 5264 1986 5335 conceptusluissct,

2098 5267 2237 5320 κατά
2297 5266 2488 5322 πατῶν
2532 5266 2912 5339 ύπερνικῶσαν
2946 5268 3071 5338 ἔσχε
3094 5264 3192 5339 τὴν
3237 5269 3439 5339 ψῆφον.
3473 5270 3534 5323 Ei
3562 5269 3667 5337 γὰρ

496 5425 521 5463 κ
550 5414 709 5471 Joan.
768 5430 881 5481 xiv,
916 5414 1000 5469 18.
1077 5412 1102 5452 h
1137 5409 1287 5466 Psal.
1317 5427 1467 5477 xxtv,
1501 5408 1550 5471 6,
1640 5406 1827 5460 iPsal.
1860 5420 2051 5471 cxxxr,
2103 5405 2191 5458 ll.
2272 5408 2286 5456 l
2325 5409 2491 5465 Amos
2543 5423 2623 5473 Ix,
2658 5408 2715 5464 il
2751 5421 2766 5472 ;
2875 5407 3121 5480 Act._,xv,
3186 5406 3239 5460 9.

1723 5544 1959 5601 VAlllAi
1991 5543 2397 5600 LEG‘I‘IONES.

500 5637 540 5667 "
568 5640 652 5694 ῐσ.
698 5640 917 5709 σύρματ
1054 5642 1095 5675 ⁸³
1122 5640 1215 5696 cd.‘
1241 5654 1524 5711 perperam
1554 5636 1757 5701 ἀνοίας.
1877 5638 1918 5669 ’⁵
1943 5637 2030 5690 ῖσ.
2054 5635 2321 5707 ἀσπόρου.
