4032 6138
346 309 454 374 877

1373 290 1456 366 iN
1494 299 2010 365 NATIVITATEM
2050 299 2115 360 B.
2146 297 2430 360 MARI/E.
2470 298 2567 360 1v.
3500 291 3605 359 878

343 423 442 480 καὶ
488 417 861 489 πατριάρχαις
910 414 1189 485 συνῴκουν
1247 416 1322 480 ib;
1380 415 1643 478 σύνευνοι,
1690 415 1791 483 τῆς
1826 414 1923 484 μὲν

2054 427 2091 466 ο
2117 426 2278 481 quem
2306 423 2532 480 parens,
2557 415 2629 481 _ut
2670 404 2822 461 nulla
2850 392 3116 461 subiisset
3165 407 3476 477 corruptio,
3515 424 3606 479 ge-

342 514 535 585 ὁμοίας
587 509 833 572 εἰκότως
859 507 1296 581 θαυματοποιίας
1339 507 1603 576 ἠξίωνται
1643 505 1802 559 λῦσαι
1834 505 1928 557 καὶ

344 602 509 656 αὐταὶ
548 599 658 652 τῶν
712 597 929 668 δεσμῶν
967 597 1066 667 τῆς
1110 595 1458 667 στειριῦσεως
1486 611 1499 624 ·
1548 596 1635 648 ναὶ
1666 594 1794 663 γὰρί
1830 593 1928 662 τῆς

347 688 658 763 ἱερογενοῦς
713 688 917 757 ταύτης
964 687 1155 749 παιδὸς
1182 685 1580 757 προειλήχεσαν
1625 680 1766 737 εἶναι
1798 700 1929 755 προ-

347 780 584 847 μήτορες
607 792 623 808 ·
652 773 770 827 ἀλλ’
808 774 866 826 αί
894 773 992 845 μὲν
1030 773 1370 844 πορρωτάτω
1398 787 1501 825 που
1538 773 1630 825 καὶ
1659 772 1782 826 λίαν
1805 773 1931 826 ἄπο-

342 866 437 919 θεν
484 865 580 918 τοῦ
625 865 770 917 κατὰ
819 864 920 942 τὴν
976 864 1127 918 θείαν
1171 863 1483 933 οἰκονομίαν
1540 862 1821 932 θαύματος
1869 861 1931 915 τδ

344 955 612 1023 συγγενὲς
636 954 851 1025 ἔχουσιν
873 971 885 984 ·
918 954 1056 1023 ἡ⁶δὲ,
1091 952 1318 1023 ὕστερον
1352 952 1475 1022 μὲν,
1504 953 1596 1013 ἐπὶ
1629 952 1825 1023 καιροῦ
1848 951 1925 1013 δὲ,

2038 504 2285 567 nuisset;
2319 502 2490 555 altera
2529 506 2732 563 autem,
2778 511 3101 567 quanquam
3151 498 3281 551 olim
3330 499 3635 555 steriliutn'

2038 595 2277 664 plurium
2306 592 2555 662 exempla
2617 591 2847 655 habens,
2883 591 2937 643 in
2974 604 3167 645 omnes
3202 598 3382 644 tamen
3418 590 3613 660 singu-

2040 686 2171 738 laris
2198 685 2578 755 prterogativae
2606 683 2878 738 calculum
2922 681 3247 752 reportavit.
3278 683 3612 752 Quanquam

2036 778 2182 839 enim
2233 780 2397 832 etiam
2430 791 2556 830 cum
2591 774 2924 845 patriarchis
2971 774 3361 845 conjuglijure
3400 775 3607 829 habita-

2038 874 2188 924 runt;
2252 865 2538 934 similique
2587 864 2808 932 etipsa:
2887 863 3161 917 miraculo
3214 864 3284 916 ab
3339 862 3612 931 eiusmodi
3660 871 3666 877 ‘

2035 957 2345 1011 sterilitatis
2382 955 2620 1040 vinculis
2657 955 2865 1009 absolvi
2899 968 3009 1009 non
3058 955 3366 1026 incongrue
3397 970 3606 1010 merue-

344 1048 442 1099 καὶ
477 1045 613 1115 πρὸς
632 1044 782 1114 αὐτῷ
805 1060 867 1112 γε
898 1044 976 1112 τῷ
1001 1044 1200 1113 πέρατι
1225 1042 1341 1095 ’τῶν
1365 1042 1592 1113 καιρῶν,
1620 1043 1706 1095 ὅτε
1738 1043 1804 1112 δὴ
1833 1040 1929 1095 καὶ

2054 1055 2199 1100 ·ιιιιι;
2234 1047 2440 1102 etenim
2500 1045 2723 1101 fuerunt
2779 1054 2956 1101 sacrae
3011 1046 3175 1115 hujus
3216 1047 3412 1116 puella!
3483 1045 3615 1100 olim

344 1136 539 1197 αὐταῖς
573 1133 846 1201 ἐφέστηκε
881 1133 1098 1204 θύραις,
1143 1135 1172 1186 6
1213 1133 1309 1205 τὴν
1338 1133 1589 1204 δραχμὴν
1614 1132 1713 1203 τὴν
1739 1131 1941 1202 βασιλι-

2054 1139 2216 1192 uviae:
2269 1137 2641 1192 remotissime
2707 1146 2913 1203 tamen,
2967 1151 3031 1190 ac
3077 1138 3234 1193 valde
3273 1138 3466 1207 procul
3525 1152 3616 1192 co-

348 1227 454 1294 κήν
476 1242 490 1254 ·
519 1225 666 1292 λέγω
686 1224 742 1276 δὲ
773 1224 872 1293 τὴν
916 1224 1040 1278 καθ’
1090 1226 1239 1295 ἡμᾶς
1270 1223 1551 1293 ἐπιζητῶν
1595 1223 1781 1276 εἰκόνα
1802 1240 1817 1255 ο
1851 1223 1940 1277 ἵνα

2054 1231 2296 1298 ςιισιὶοιιο
2326 1229 2392 1281 ad
2432 1227 2637 1282 divinm
2667 1228 2997 1283 oeconomia:
3030 1230 3358 1284 miraculum
3406 1230 3617 1284 habue-

346 1317 440 1369 τὸν
480 1315 609 1386 χοῦν
634 1318 691 1367 ὲν
718 1309 761 1383 ᾧ
788 1315 1057 1385 πρότερον
1086 1316 1498 1384 ἁποκέκρυπτο,
1530 1316 1594 1385 τῇ
1626 1314 1938 1385 ἀνακαθάρ-

2054 1326 2160 1372 ἰιιιι
2188 1335 2202 1371 :
2232 1318 2349 1372 lucc
2407 1328 2613 1380 autem,
2667 1326 2855 1387 postea
2904 1318 3153 1387 quidem,
3198 1327 3253 1374 at
3285 1330 3617 1390 opportune.

351 1426 437 1459 σει
457 1407 550 1459 τοῦ
577 1407 857 1469 θεοτελοῦς
890 1407 1244 1477 ἐναποσμήξῃ
1294 1405 1611 1475 Πνεύματος
1634 1422 1646 1435 ⁸
1680 1406 1939 1458 κάκεῖθεν

2054 1409 2248 1478 mbque
2308 1409 2430 1477 ipso
2512 1409 2756 1462 termino
2808 1416 3163 1479 temporum:
3227 1425 3354 1465 cum
3409 1411 3621 1465 scilicet

351 1499 542 1567 ὥσπερ
573 1500 631 1550 ἐν
651 1498 832 1567 ἑαυτῷ
859 1498 1259 1567 φιλανθρώπως
1288 1497 1388 1567 τὴν
1420 1496 1769 1568 ἀνθρωπίνην
1803 1497 1938 1550 ἀνα-

2054 1496 2186 1566 ipsis
2221 1511 2392 1566 prope
2416 1498 2875 1568 instaretjanttis,
2926 1501 3020 1570 qui
3057 1501 3261 1572 regiam
3297 1501 3616 1557 drachmam

355 1588 711 1658 μορφὼσηται
739 1588 920 1656 φύσιν.

2054 1599 2342 1657 tuaareret;
2404 1589 2666 1651 humano.
2737 1591 2988 1661 inquam,
3047 1594 3235 1663 generi
3291 1594 3616 1664 impressam

356 1680 670 1748 imaginem.
709 1689 768 1733 ut
808 1680 1109 1747 pulverem,
1157 1678 1212 1731 in
1241 1692 1351 1746 quo
1388 1679 1624 1746 primum
1714 1678 1809 1731 illo
1875 1676 2210 1740 delituisset,
2268 1679 2446 1733 deifici
2494 1679 2734 1749 Spiritus
2801 1683 3200 1740 emundatione
3279 1686 3613 1756 detergeret:

354 1778 520 1837 atque
553 1776 612 1821 ut
648 1769 774 1823 inde
803 1770 857 1821 iu
888 1784 949 1824 se
995 1770 1110 1838 ipse
1143 1778 1399 1822 naturam
1431 1769 1730 1821 humanam
1766 1768 2004 1837 benigne
2032 1767 2389 1822 instauraret.

428 1908 526 1970 Τίς
564 1901 656 1961 οὖν
675 1907 703 1958 6
732 1902 861 1975 χοῦς
900 1907 959 1958 ὲν
986 1894 1030 1974 ᾧ
1054 1904 1115 1958 τὸ
1168 1905 1286 1958 καθ’
1316 1905 1465 1976 ἡμᾶς
1490 1906 1708 1974 εὖγενὲς
1738 1905 1941 1961 ἄποκέ-

2114 1902 2381 1969 Quisnam
2417 1919 2549 1974 ergo
2594 1886 2776 1974 pulvis
2813 1905 2905 1960 ille
2952 1905 3145 1976 inquo
3180 1907 3493 1980 ingenuitas
3526 1927 3621 1964 no-

360 2006 609 2068 κρυπτο;
639 1998 709 2050 Ἢ
740 1998 902 2067 δῆλον
924 1996 1151 2050 αὐτόθεν
1179 1998 1341 2067 τάχα,
1370 1998 1476 2050 κᾶν
1497 1996 1658 2069 ἦμεῖς
1683 1990 1945 2068 μὴλέγω-’

364 2106 488 2158 μεν,
501 2090 582 2141 ὃτι
595 2088 684 2140 Ιἑὸν
703 2087 829 2157 χοῦν
847 2090 1051 2140 ἐκεῖνον
1074 2088 1132 2153 ἐξ
1149 2080 1207 2140 οὗ
1226 2087 1302 2140 διε
1314 2087 1522 2158 πλάσθη
1533 2104 1630 2159 μεν
1654 2087 1940 2159 ἀτρότερον,

362 2185 456 2232 καί
522 2179 942 2249 ἀνεπλάσθημεν
975 2178 1239 2255 ὕστερον,
1286 2181 1655 2250 ἄνερευνήσας
1681 2182 1710 2233 6
1730 2178 1943 2242 πλάσας

362 2272 534 2339 ἡμᾶς.
558 2271 618 2322 τὸ
648 2269 981 2340 ζητούμενον
1010 2265 1137 2342 εὗρε
1164 2272 1267 2338 ςΤι
1297 2271 1488 2337 τοῦτο;
1530 2271 1604 2324 Τὸ
1624 2272 1722 2341 τῆς
1738 2271 1945 2332 εἰκόνος

365 2361 695 2431 ἀρχέτυπον,
720 2363 858 2432 ὃλιτερ
900 2363 1317 2433 συγκεχωμένον
1383 2363 1459 2416 ίδε
1499 2364 1611 2426 τοῖς
1654 2362 1883 2417 πάθεσιν
1917 2365 1946 2417 6

366 2455 488 2507 κατ’
517 2455 703 2507 οὐσίαν
723 2454 962 2525 ἀπαθής.
989 2456 1093 2507 Τὸν
1111 2453 1343 2523 χοῦντδν
1365 2455 1420 2506 ὲν
1460 2454 1631 2524 ’Λδάμ
1657 2455 1941 2525 ἀνερεύνα.

380 2551 442 2601 Ὁ
477 2550 535 2603 δὲ
570 2546 700 2619 χοῦς
753 2549 812 2601 ὲν
851 2542 895 2616 ᾧ
918 2548 980 2601 τδ
1005 2548 1238 2620 ζητηθὲν
1271 2549 1491 2621 εὑρέθη.
1525 2548 1600 2619 γῆ
1632 2537 1729 2620 μὲν
1750 2544 1817 2623 ἧν
1848 2528 1942 2602 τοῢ

369 2640 657 2711 καθῗημᾶς
682 2632 1047 2712 ὁμοιόμορφος
1085 2640 1355 2711 σώματος,
1396 2641 1615 2709 ἔχουσα
1640 2634 1823 2712 χώραν
1846 2639 1945 2711 τὴν

370 2731 708 2801 παρθενικὴν
738 2731 1064 2802 ὐπεράγιονι
1089 2731 1327 2802 μήτραν.
1368 2728 1588 2800 Ταύτην
1639 2732 1747 2799 γὰρ
1787 2723 1946 2801 εὗρεν

369 2822 611 2893 ἄρουραν
630 2824 658 2873 6
686 2816 992 2894 ζωαρχικδς
1009 2820 1165 2892 ὑμῶν
1191 2822 1416 2892 στάχυς,
1446 2824 1504 2875 ἐν
1530 2815 1564 2897 ᾖ
1589 2824 1796 2893 στὲορᾶς
1817 2821 1945 2877 ἄνευ

370 2916 466 2967 καὶ
503 2913 782 2984 γεωργίας
832 2913 1004 2984 χωρὶς
1027 2953 1043 2978 ,
1083 2912 1332 2982 ὲκφύσας
1369 2912 1664 2983 ὑπερφυῶς
1719 2912 1949 2966 ἀνεϐλά-

297 3038 312 3045 -
372 3022 590 3075 στησεν.
654 2986 826 3067 Οὗτος
883 3006 912 3057 6
961 3003 1128 3074 χοῢς⁶
1186 2991 1341 3068 οὗτος
1379 3006 1407 3058 6
1453 3004 1655 3073 στάχυς
1685 3021 1699 3033 ·
1726 3003 1947 3074 τοῦτοῆ

370 3094 525 3166 χώρα
545 3095 644 3165 τῆς
670 3094 798 3164 γῆς,
829 3096 889 3148 ὲν
915 3088 1356 3169 ᾖκαινοπρεπῶς
1383 3094 1697 3166 ἀνεπλάσθη
1706 3112 1826 3164 μεν,
1853 3094 1948 3147 καὶ

2045 1992 2159 2050 stra
2193 1990 2545 2050 delituisset?
2577 1997 2773 2052 Nonne
2825 2012 2887 2049 ex
2921 1994 3491 2069 dictis'perspicuum
3528 2003 3624 2056 ha-

2044 2084 2210 2150 betis,
2245 2087 2460 2141 tametsi
2488 2102 2600 2140 non
2626 2086 2880 2141 dicamus
2907 2087 3036 2157 ipsi,
3077 2097 3135 2142 ιιι
3162 2089 3371 2158 plastes
3407 2101 3622 2155 noster,

2048 2172 2204 2230 illum
2238 2178 2543 2247 pulverem,
2573 2193 2638 2232 ex
2685 2192 2797 2248 quo
2830 2176 2987 2248 prius
3030 2180 3252 2235 formati
3286 2182 3514 2248 fuimus,
3556 2199 3623 2237 ac

2046 2262 2401 2334 postmodum
2434 2267 2745 2333 reformati,
2774 2276 3054 2333 scrutans,
3097 2271 3243 2340 quod
3274 2273 3626 2341 quaerebatur

2047 2351 2367 2412 invenerit?
2399 2356 2540 2424 Quid
2572 2349 2749 2413 illud?
2798 2357 3002 2429 Utique
3031 2350 3287 2432 imaginis
3316 2366 3622 2434 exemplar,

2049 2448 2195 2518 quod
2231 2448 2372 2522 vidit
2425 2450 2779 2520 passionibus
2811 2442 3097 2511 obrutum,
3146 2454 3232 2509 his
3261 2455 3355 2523 qui
3402 2470 3498 2525 per
3528 2472 3626 2511 na-

2051 2549 2226 2594 turam
2258 2534 2326 2596 ab
2348 2543 2497 2597 omni
2519 2534 2780 2598 imtttuttis
2810 2545 3075 2612 passione
3103 2546 3234 2615 agit.
3261 2545 3627 2603 Scrutabatnr

2048 2632 2203 2687 illum
2252 2634 2449 2689 Adami
2504 2636 2811 2705 pulverem.
2855 2635 3031 2692 Porro
3082 2640 3261 2707 pulvis
3284 2640 3399 2706 ille,
3429 2642 3483 2696 in
3513 2658 3623 2712 quo

2050 2722 2335 2777 inventum
2367 2731 2453 2778 est
2486 2725 2634 2792 quod
2670 2725 3052 2794 quaerebatur,
3084 2737 3234 2782 terra
3260 2729 3479 2798 quidem
3509 2745 3627 2787 erat

2049 2818 2242 2869 nostro
2301 2811 2504 2869 similis
2565 2816 2809 2884 corpori,
2860 2801 3020 2885 cujus
3085 2818 3281 2885 locus,
3337 2821 3627 2892 virginalis

2048 2906 2406 2961 sanctissima
2457 2906 2617 2960 vulva
2657 2914 2760 2961 est.
2815 2907 2973 2963 lluuc
3017 2909 3163 2964 enim
3198 2912 3407 2967 invenit
3432 2930 3623 2969 arvum

2051 2996 2264 3051 vivifica
2322 3000 2516 3052 nostra
2566 2998 2739 3067 spica,
2769 2999 2821 3051 in
2853 3010 2964 3068 quo
2991 3001 3108 3055 sine
3149 3013 3414 3068 semente,
3447 2994 3639 3059 ullave.

2051 3088 2294 3150 culutra,
2338 3089 2540 3143 eximia
2588 3091 2826 3159 quadam
2875 3091 3090 3146 ratione
3117 3107 3394 3150 enascens
3425 3097 3629 3166 germi-

367 3185 438 3237 δι’
459 3165 559 3256 ἧς.
590 3186 619 3238 6
649 3186 776 3257 χοῦς
811 3187 839 3239 6
871 3165 1139 3256 ἡμέτερος
1178 3184 1618 3257 ἀναμορφωθεις,
1658 3165 1824 3237 tam
1855 3185 1949 3257 ἀρ-

2056 3179 2227 3233 navit.
2263 3165 2363 3233 llic
2398 3180 2620 3248 pulvis:
2683 3181 2795 3234 hare
2826 3182 3018 3250 SpiCa;
3071 3182 3188 3238 haec
3232 3191 3393 3240 terra:
3437 3165 3645 3258 regio.‘

370 3278 525 3346 χαῖον
559 3275 862 3347 ἐπανῆλθεν
892 3274 1131 3346 ἀξίωμα.

449 3591 586 3657 ἰδες
615 3591 717 3645 ὅσα
742 3582 841 3661 τῆς
860 3581 1057 3660 Ἄννης
1084 3579 1113 3644 6
1140 3588 1361 3654 τοκετὸς
1390 3588 1709 3661 ὲμττεριὲχει
1741 3590 1951 3661 μυστή-

377 3701 503 3755 ρια·
533 3686 682 3748 ὅπως
715 3700 776 3736 τε
809 3682 889 3753 τῷ
916 3681 1042 3736 καθ’
1084 3681 1358 3753 ὑπεροχὴν
1411 3681 1673 3753 θαύματι,
1700 3682 1800 3753 τῆς
1829 3681 1951 3735 κατ’

375 3775 549 3845 αὐτὴν
612 3771 824 3838 ἐνδόξου
881 3773 1248 3836 παιδοποιίας,
1328 3774 1425 3835 τὰς
1468 3771 1662 3843 πρώην
1732 3771 1953 3842 στείρας

376 3867 847 3938 ὑπερηκόντισεν;
897 3864 1029 3928 Οίας
1062 3882 1121 3917 τε
1154 3864 1431 3935 Παρθένος
1462 3866 1601 3934 κόρη
1640 3863 1951 3934 θεόκλητος,

376 3961 412 4030 ἡ
460 3957 832 4029 ὃπεράμωμος
886 3958 1043 4027 αὐτὴι
1080 3956 1291 4026 Μαρία,
1351 3956 1648 4027 κυοφορίας
1701 3955 1950 4024 ἠξίωται.

377 4049 492 4104 Καὶ
521 4049 605 4112 τίς
646 4047 921 4119 γυναικῶν
951 4047 1107 4118 ἄλλη,
1132 4047 1394 4110 τοιούτοις
1424 4047 1518 4099 καὶ
1555 4045 1833 4109 τοσούτοις
1871 4047 1956 4096 ὲν-

377 4143 548 4208 δόξοις
575 4132 1025 4211 ἀποθαυμάζεται
1051 4139 1304 4205 πώποτε;
1355 4140 1565 4193 Οὐκοῦν
1608 4140 1794 4208 ἐπειδὴ
1821 4138 1956 4208 πρὸς

377 4232 627 4294 τοσοῦτον
683 4230 816 4300 ὕψος
870 4229 1246 4301 ὑπεραρθῆναι
1296 4229 1586 4300 περιωπῆς
1628 4231 1656 4281 6
1692 4229 1957 4298 ἡμέτερος

379 4324 599 4378 ἀσθενεῖ
611 4323 789 4390 λόγος,
814 4323 907 4374 καὶ
926 4322 1260 4392 προσωτέρω
1278 4323 1475 4391 χωρεῖν
1499 4321 1598 4372 οὐκ
1622 4319 1760 4389 ἔχει,
1785 4318 1956 4388 μικρὰ

378 4416 517 4468 ἄττα
543 4417 610 4485 τῇ
633 4414 819 4482 Μητρὶ
836 4413 936 4482 τῆς
964 4415 1137 4481 χαρᾶς
1153 4409 1309 4475 αὖθις
1334 4412 1854 4481 ἐπιχαιρετίζοντες,
1882 4410 1957 4462 εἴ·

385 4520 594 4573 πωμεν.
612 4503 792 4555 Καλὸν
821 4503 929 4572 γὰρ
953 4496 1115 4571 αὐτῇ,
1135 4502 1195 4553 τὸ
1216 4502 1313 4569 τῆς
1329 4501 1507 4570 χαρᾶς
1535 4497 1956 4569 προσεπιλέγειν

378 4594 713 4663 ἐπίφθεγμα.
737 4594 931 4664 Χαῖρε,
960 4592 1376 4662 κεχαριτωμένη
1403 4606 1416 4621 ’
1434 4592 1615 4661 χαῖρε,
1633 4588 1955 4658 δεδοξασμέ-

376 4704 444 4756 νη
464 4703 475 4714 ’
504 4689 688 4756 χαῖρε,
706 4685 999 4755 χαροποιδν
1022 4686 1119 4754 τῆς
1137 4685 1354 4737 πάντων
1378 4681 1651 4753 σωτηρίας
1673 4680 1950 4749 ἀνάθημα.

381 4778 656 4849 Χαῖρε,τὸ
709 4776 943 4845 χρυσοῦν
998 4775 1215 4844 ἀληθῶς
1252 4774 1360 4827 τῶν
1391 4769 1597 4842 νοητῶν
1647 4773 1956 4842 ἀρωμάτων

383 4869 772 4938 θυμιατήριον,
820 4869 879 4918 ὲν
922 4859 966 4932 ᾧ
1013 4865 1074 4917 τὸ
1115 4865 1298 4935 νοερὸν
1349 4863 1598 4933 θυμίαμα
1637 4863 1888 4914 συντεθὲν
1931 4865 1959 4913 6

380 4962 616 5032 Χριστὸς
649 4962 714 5011 ὲκ
736 4958 986 5028 θεότητος
1015 4976 1074 5009 τε
1110 4958 1205 5009 καὶ
1254 4955 1691 5025 ἁνθρωπότητος,
1726 4957 1783 5006 ἐν
1825 4954 1958 5025 πυρὶ

381 5055 450 5125 τῇ
475 5051 711 5119 θεότητι,
741 5049 838 5119 τῆς
868 5048 1270 5119 ὲμψυχωμὲνης
1302 5046 1451 5116 αὐτῷ
1491 5047 1585 5099 καὶ
1620 5047 1806 5114 νοερᾶς
1825 5062 1961 5114 σαρ-

381 5143 477 5205 κὸς
507 5143 566 5195 τὸ
593 5140 816 5205 εὑῶδες,
884 5139 1208 5208 ἀσυγχύτως
1229 5177 1242 5199 ,
1304 5137 1636 5207 ἁμερίστως,
1677 5136 1922 5201 ὑπέδειξε
1944 5150 1956 5163 ·

381 5233 596 5303 χαίροις
641 5234 675 5302 ἡ
735 5232 1149 5301 ἀχειρότευκτος
1196 5229 1396 5298 σκηνὴ,
1428 5230 1545 5304 ,καὶ
1597 5228 1962 5288 Θεότευκτος,

383 5330 462 5390 είς
491 5328 560 5397 ἦν
576 5325 724 5390 ἅπαξ
747 5325 842 5377 ἐπὶ
863 5322 1147 5391 συντελείᾳ
1196 5321 1305 5373 τῶν
1342 5319 1555 5373 αἰώνων
1592 5320 1753 5388 μόνος
1779 5323 1806 5372 6
1830 5320 1962 5382 Θεὸς

383 5419 480 5470 καὶ
511 5417 729 5488 πρῶτος
745 5415 1035 5487 ἀρχιερεὺς
1065 5414 1432 5483 εἰσελήλυθεν,
1458 5411 1556 5481 τὴν
1581 5411 1722 5481 ὑπὲρ
1746 5411 1962 5463 πάντων

384 5511 438 5562 ἐν
468 5511 552 5562 σοὶ
582 5509 1004 5577 κρυφιομύστως
1028 5507 1403 5576 ἱερουργήσων
1431 5505 1689 5575 λατρείαν
1709 5520 1720 5533 ·
1757 5504 1815 5555 τὸ
1853 5504 1961 5561 τῶν

386 5602 557 5669 ἁγίων
613 5600 862 5671 δεύτερον
924 5597 1349 5666 καταπέτασμα,
1411 5598 1469 5648 ἐν
1515 5589 1558 5664 ᾧ
1598 5597 1657 5648 τὸ
1704 5595 1966 5664 κοσμικὸν

388 5693 727 5763 ἱλαστήριον,
782 5691 874 5744 καὶ
900 5689 961 5741 τὸ
1009 5687 1113 5740 τῶν
1148 5689 1425 5759 Χερουϐὶμ
1474 5688 1773 5759 ὑπέρτιμον
1828 5689 1965 5742 ἀπο-

1903 4589 1922 4617 λ
1993 4558 2032 4610 D

2052 3268 2110 3321 ln
2149 3283 2257 3338 qua
2310 3284 2451 3323 nova
2503 3269 2742 3340 quadam
2801 3286 2867 3325 ac
2918 3271 3134 3326 decenti
3173 3275 3391 3329 ratione
3419 3275 3627 3332 fuitnus

2053 3358 2373 3424 reformati;
2405 3374 2468 3413 ac
2497 3368 2593 3429 per
2618 3362 2781 3431 Quam
2838 3370 3028 3417 noster
3056 3361 3390 3420 reformatus
3422 3367 3625 3437 pulvis,

2053 3448 2337 3518 antiquam
2363 3449 2689 3519 dignitatem
2720 3452 3060 3520 postliminio
3091 3455 3320 3525 recepit.

2124 3582 2295 3639 Vides
2339 3600 2501 3655 quam
2543 3586 2716 3642 multa
2774 3589 2947 3643 Annae
2993 3598 3182 3659 partus
3229 3594 3629 3662 complectatur

2053 3676 2357 3744 mysteria?
2387 3687 2448 3731 ut
2504 3679 2801 3734 excellenti
2856 3681 3125 3734 miraculo
3172 3682 3336 3736 editae
3387 3683 3457 3738 ab
3510 3685 3627 3754 ipsa

2055 3767 2312 3836 gloriosa:
2366 3770 2563 3838 prolis,
2596 3785 2792 3827 omnes
2839 3772 2972 3825 olim
3041 3773 3267 3828 steriles
3330 3790 3630 3844 superave-

2055 3857 2170 3912 rit?
2204 3857 2445 3924 Qualem
2505 3876 2634 3915 vero
2694 3863 2877 3929 puella
2936 3861 3125 3933 Virgo,
3169 3880 3197 3917 a
3226 3865 3339 3920 Deo
3373 3876 3627 3921 vocatum

2057 3964 2280 4016 nomen,
2335 3966 2597 4021 perquam
2641 3954 2999 4007 immaculata
3033 3955 3148 4011 haac
3190 3956 3384 4021 Maria,
3421 3961 3629 4029 prolem

2058 4048 2216 4094 utero
2273 4042 2540 4094 meruerit
2600 4043 2927 4111 suscipere?
2970 4044 3231 4110 Quasnam
3291 4058 3473 4103 autem
3526 4052 3630 4105 alia

2058 4130 2276 4193 mulier,
2333 4130 2538 4186 talibus
2593 4141 2785 4200 totque
2847 4149 3089 4202 unquam
3135 4132 3325 4205 glerize
3373 4140 3632 4210 insigniis

2060 4221 2486 4277 admirationem
2572 4224 2804 4278 habuit?
2861 4224 3164 4297 Postquam
3246 4244 3380 4299 ergo
3443 4228 3631 4286 nostra

2059 4315 2234 4369 oratio
2264 4313 2595 4368 imbecillior
2648 4327 2754 4383 est,
2798 4332 2961 4386 quam
3010 4328 3067 4371 ttt
3096 4321 3161 4372 ad
3196 4328 3410 4375 tantum
3442 4325 3633 4378 consi-

2059 4405 2365 4461 derationis
2420 4407 2639 4460 culmen
2695 4409 2874 4462 attolli
2905 4423 3115 4479 queat,
3173 4427 3277 4467 nec
3318 4414 3480 4468 hahet
3528 4431 3636 4484 quo

2061 4498 2291 4554 ulterius
2322 4501 2738 4569 progrediatur,
2785 4516 2959 4570 pauca
3012 4519 3208 4559 rursus
3244 4520 3406 4560 avere
3443 4507 3628 4576 juben-

2061 4601 2144 4644 tes
2197 4590 2383 4661 gaudii
2438 4591 2691 4654 Matrem,
2748 4608 2813 4647 ac
2860 4595 3068 4663 gaudio
3103 4597 3440 4664 salutantes,
3482 4599 3635 4655 dica-

2061 4698 2210 4738 mus.
2267 4682 2496 4736 Praestat
2557 4685 2704 4737 enim
2762 4694 2820 4737 ιιι
2878 4686 3061 4755 gaudii
3094 4687 3145 4741 ei
3179 4692 3634 4747 acclamationem
3728 4736 3731 4739 γ

2060 4776 2334 4829 orationis
2389 4777 2606 4844 epilogo
2683 4777 3069 4833 adhibeamus.
3152 4780 3362 4847 Gaude,
3431 4800 3639 4855 avoque

2063 4870 2307 4938 gratiosa
2340 4887 2350 4919 :
2387 4870 2585 4939 gaude,
2609 4870 2915 4938 glorifieata
2942 4888 2955 4936 ;
2982 4873 3182 4940 gaude,
3201 4874 3401 4928 salutis
3421 4877 3641 4930 univer-

2065 4977 2256 5015 sorum
2292 4962 2533 5031 gaudere
2591 4974 2864 5031 praestans
2914 4964 3231 5017 anathema.
3260 4964 3441 5031 Salve,
3473 4984 3640 5023 aurea

2066 5068 2193 5107 vere
2244 5052 2590 5120 spiritalium
2628 5062 2940 5106 aromatum
2992 5069 3208 5116 acerra,
3250 5056 3304 5109 in
3340 5073 3449 5127 qua
3476 5060 3641 5128 spiri-

2065 5145 2175 5199 tale
2226 5137 2529 5214 thyzniatna
2597 5143 2883 5207 Christus,
2945 5161 3011 5199 ex
3077 5147 3263 5201 divina
3313 5151 3521 5217 pariter
3579 5168 3640 5205 ac

2065 5239 2305 5291 humana
2370 5249 2566 5292 natura
2628 5240 3038 5308 compositum,
3114 5240 3166 5292 in
3233 5239 3383 5308 igne,
3416 5242 3640 5301 deitatc.

2066 5331 2316 5399 inquam,
2350 5332 2603 5383 animatm
2626 5348 2738 5384 suze
2772 5346 2837 5384 ae
2884 5330 3167 5385 intellectu
3196 5333 3440 5401 praedita:
3457 5337 3644 5389 carnis
3718 5330 3725 5343 ’

2069 5415 2457 5487 fragra'ntiam',
2481 5419 2794 5483 inconfuse,
2815 5418 3051 5474 indivise
3072 5422 3645 5489 ostendit.Salvc,uon

2072 5526 2233 5564 tnann
2291 5508 2517 5574 factum,
2550 5527 2612 5565 ac
2652 5511 2854 5565 factum
2904 5528 2932 5564 a
2969 5511 3079 5565 Deo
3115 5514 3560 5576 tabernacuinm.
3592 5517 3645 5570 in

2069 5602 2216 5669 quod
2271 5602 2438 5656 semel
2473 5601 2525 5654 itt
2561 5603 3039 5656 constitutnatimte
3093 5605 3447 5668 smculorum,
3496 5606 3652 5662 solus

2076 5693 2217 5749 Deus
2242 5708 2302 5745 ar
2331 5694 2548 5763 primus
2601 5692 2855 5748 Pontifex
2909 5697 3199 5764 ingtessus
3240 5706 3344 5760 cst,
3382 5704 3439 5749 ut
3473 5700 3523 5754 in
3556 5705 3606 5755 lc
3629 5736 3646 5759 ς
