4032 6138
388 258 503 323 879
1554 257 1614 315 S.
1652 255 1984 318 ANDRE/E
2018 254 2443 317 CRETENSIS
3162 308 3176 318 ,
3549 248 3660 314 880

393 381 556 426 sacra
589 379 654 420 ac
685 379 888 420 arcana
935 365 1171 432 ratione,
1225 379 1426 418 munus
1458 378 1678 418 sacrum
1719 381 1817 434 pro
1849 366 1974 419 uni-

2080 368 2346 436 σκίασμα,
2371 369 2481 436 ὅσῳ
2515 367 2606 418 καὶ
2630 365 2791 418 αὐτὶ]
2816 365 2906 418 τὸν
2925 364 3102 418 αὐτῶν
3133 363 3325 416 ἄδυτον
3347 364 3390 395 ¹⁵
3422 365 3653 436 Κύριον.

391 453 573 512 versis
595 452 812 518 obiret;
844 462 1164 507 sanctorum
1198 451 1432 504 alterum
1463 453 1740 518 velamen,
1773 456 1825 506 in
1862 469 1969 522 quo

393 543 678 600 mundiale
713 541 1190 611 propitiatorium,
1219 555 1284 596 ac
1318 541 1585 611 praeclara
1615 543 1969 598 Cherubino-

391 648 516 688 rum
548 631 906 713 obumbratio
925 627 1257 698 II-1.quanto
1270 633 1436 686 etiam
1467 633 1644 714 ipsum
1681 633 1970 704 adytorum

393 725 710 788 Dominum,
768 722 915 796 intra
953 733 1204 790 uterum,
1256 733 1483 796 gestans
1530 732 1689 780 utero
1721 725 1776 780 in
1826 725 1974 792 vela-

391 823 580 872 mento
601 813 870 885 aperuisti
898 835 911 869 :
938 814 1332 871 candelabrum
1353 815 1762 888 ellychniorum
1791 829 1857 870 ac
1885 815 1973 869 lu-

392 919 691 961 cernarum
715 913 988 978 septem",
1013 921 1210 978 nempe
1225 891 1747 978 donorum'septem,
1790 907 1846 962 in
1885 905 1972 960 fu-

393 998 558 1056 soriis
598 997 941 1052 illustratum
995 995 1244 1067 Spiritus
1281 994 1492 1064 sancti;
1541 995 1768 1052 lucerna
1813 997 1974 1052 inex-

394 1086 758 1158 8tinguibilis,
791 1084 1018 1140 luminis
1043 1084 1231 1140 omnia
1249 1085 1656 1151 collustrantis,
1678 1099 1842 1154 quam
1876 1085 1976 1151 alit,

395 1179 638 1250 mystice
673 1176 858 1232 oleum
909 1176 1220 1234 unctionis.
1264 1175 1532 1244 Salvesis,
1569 1178 1747 1232 altare
1778 1178 1835 1231 in
1861 1192 1972 1248 quo

394 1273 590 1342 Agnus
647 1268 913 1324 Christus
981 1267 1169 1333 virum
1243 1267 1585 1322 sacriﬁcium
1643 1267 1974 1338 spiritaliter

397 1360 658 1423 offertur,
685 1357 892 1415 divinae
923 1372 1118 1413 mensa
1172 1357 1535 1420 initiationis,
1581 1365 1822 1412 mentem
1850 1371 1970 1411 om-

399 1467 522 1509 nem
560 1449 878 1522 superantis
913 1451 1060 1504 sacri
1102 1448 1426 1512 ministerii,
1481 1462 1654 1524 super
1677 1463 1844 1518 quam
1880 1465 1976 1519 pa-

395 1548 487 1601 nis
535 1541 629 1599 ille
682 1541 931 1598 caelestis
959 1539 1217 1596 Christus
1238 1577 1254 1604 ,
1313 1539 1507 1610 Agnus
1535 1540 1629 1594 ille
1657 1555 1760 1610 pro
1789 1541 1974 1595 omni-

395 1638 498 1694 bus
521 1641 790 1706 tanquam
839 1633 1027 1689 hostia
1077 1633 1418 1702 victimaque
1467 1633 1626 1688 vivus
1669 1640 1968 1698 mactatus,

2071 457 2217 510 ἔνδον
2237 457 2432 528 νηδύος
2455 458 2547 510 ἐπὶ
2615 444 3078 527 παραπετάσματι
3134 457 3537 518 ουνεκάλυτττες
3563 459 3662 526 ὲγ-

2069 549 2331 618 γάστριον
2385 547 2654 618 φέρουσα·
2691 551 2724 618 ἡ
2784 547 3116 616 έπτάλυχνος
3161 546 3255 598 καὶ
3309 546 3660 609 ἐπτάκαυτος

2071 639 2179 692 τῶν
2225 639 2366 690 ἑπτά
2421 639 2776 710 χαρισμάτων
2831 637 3046 707 λυχνία,
3099 638 3240 690 ἑπτά
3290 639 3662 708 ἑπαρυστρῖσι

2073 731 2600 800 καταστραπτομένη
2641 727 2735 782 τοῦ
2787 730 3134 799 Πνεύματος·
3165 729 3198 796 ἡ
3241 721 3662 792 άκοῐτάσὸεστος

2073 819 2332 890 θρυαλλὶς
2370 819 2463 873 τοῦ
2506 819 2684 888 φωτὸς
2715 818 2808 872 τοῦ
2837 819 3019 872 πάντα
3059 817 3418 886 φωτίσαντος,
3435 818 3504 888 ἢν
3538 822 3666 870 ἐπι·

2073 911 2262 982 τρέφει
2327 909 2604 981 μυστικῶς
2662 909 2723 962 τὸ
2781 911 2879 980 τῆς
2907 910 3141 978 χρίσεως
3187 909 3390 962 ἔλαιον.
3428 909 3664 980 Χαίροις

2075 1003 2481 1074 θυσιαστήριον,
2542 1005 2601 1056 ὲν
2648 995 2692 1070 ᾧ
2725 1002 3006 1072 μυστικῶς
3057 1003 3086 1054 6
3127 1002 3323 1071 Ἀμνὸς
3349 1001 3412 1054 τὸ
3443 1000 3665 1072 ζωηρδν

2073 1094 2444 1166 όλοκάρπωμα
2469 1096 2706 1166 Χριστὸς
2735 1095 3073 1166 ἀναφέρεται
3094 1111 3108 1124 ⁸
3134 1097 3167 1164 ἠ
3201 1095 3502 1164 θεόμυστος
3526 1096 3669 1166 τράα

2073 1185 2217 1250 πεζα
2247 1187 2344 1256 τῆς
2379 1186 2521 1258 ὑπὲρ
2550 1186 2674 1239 νοῦν
2699 1187 3038 1256 ἱερουργίας,
3066 1186 3153 1256 ἐφ’
3178 1187 3245 1256 ἣν
3268 1186 3296 1237 6
3329 1186 3388 1252 ἐξ
3413 1188 3669 1258 οὐρανῶν

2073 1278 2236 1347 ἄρτος
2273 1278 2530 1346 Χριστὸς,
2550 1278 2578 1330 6
2612 1277 2753 1348 ὑπὲρ
2789 1278 3006 1331 πάντων
3021 1275 3216 1346 ’Λμνὸς
3233 1275 3307 1339 ὡς
3337 1275 3596 1345 θυμίαμα
3618 1274 3668 1305 ¹⁶

2074 1367 2169 1421 καὶ
2203 1366 2400 1438 ἱερεῖον
2433 1363 2871 1436 ζωοθυτούμενον
2924 1363 3168 1429 τέθυται,
3200 1361 3502 1426 ζωοποιοῦν
3532 1361 3668 1422 τοὺς

2078 1456 2403 1526 μετέχοντας
2426 1471 2439 1484 ·
2481 1454 2546 1506 το
2562 1455 2742 1524 πάσης
2771 1454 2978 1522 μύστου
3006 1452 3048 1484 ¹⁷
3071 1451 3326 1521 λατρείας
3349 1450 3662 1520 κειμήλιον,

2075 1547 2134 1600 ὲν
2166 1541 2211 1615 ᾧ
2237 1548 2370 1610 Θεὸς
2403 1547 2568 1618 σαρκὶ
2624 1545 3008 1614 σφαγιάζεται,
3046 1543 3140 1596 καὶ
3167 1543 3388 1610 ἁγιάζει
3419 1542 3493 1594 τά
3519 1541 3662 1612 σύμ·

2078 1653 2279 1701 παντα,
2329 1635 2427 1690 καὶ
2477 1635 2759 1704 μυστικῶς
2803 1633 3114 1704 ἀνθρώποις
3145 1631 3432 1701 ἐπιδημῶν
3466 1633 3666 1683 ἐνοικι-

397 1702 758 1782 itumolat'ur:
807 1723 1104 1779 viviﬁcaris
1142 1737 1340 1776 omnes
1401 1722 1499 1792 qui
1553 1723 1871 1793 percipiunt
1905 1739 1972 1778 ac

2077 1727 2250 1792 ζεται,
2291 1729 2384 1780 καὶ
2417 1702 2730 1798 με-τέχεται,
2769 1727 2862 1778 καὶ
2887 1702 3139 1795 άνέχεται
3181 1724 3370 1794 χερσὶν
3401 1723 3670 1792 ἁμαρτω·

395 1825 653 1881 sumunt;
708 1815 929 1886 mystici
991 1815 1166 1869 totius
1235 1813 1421 1868 cultus
1495 1813 1797 1877 cimelium,
1859 1829 1970 1886 quo

395 1911 545 1965 Deus
605 1923 776 1962 carne
831 1912 1134 1970 mactatur,
1196 1919 1262 1958 ac
1316 1905 1574 1960 universa
1635 1906 1968 1973 sanctificat,

395 1984 745 2072 spiritaliqne
797 1999 1014 2054 ratione
1061 2011 1189 2050 cum
1244 1997 1561 2052 hominibus
1602 2011 1969 2063 conversaris,

397 2096 452 2147 in
480 2093 562 2148 eis
607 2090 906 2156 inhabitat,
963 2103 1029 2144 ac
1081 2088 1426 2159 percipitur,
1485 2081 1858 2160 sustine'tque,
1913 2100 1972 2145 ut

395 2193 646 2240 versetur
690 2193 1048 2254 peccatorum
1110 2181 1406 2235 manibus:
1460 2188 1629 2250 atque
1683 2191 1742 2236 ut
1797 2183 1972 2240 labris

397 2277 560 2330 luteis
596 2257 984 2336 admoveatur,
1038 2279 1096 2326 et
1127 2271 1180 2325 in
1217 2279 1424 2326 nostra:
1454 2266 1650 2327 carnis
1689 2273 1970 2342 pulverem

395 2364 748 2430 refundatur,
811 2363 1175 2426 commistus,
1223 2377 1334 2419 non
1398 2367 1766 2433 vapor-alioue
1843 2379 1967 2419 eva-

395 2475 655 2514 nescens.
686 2455 732 2512 0
783 2456 1120 2512 ineﬂabilcm
1152 2455 1630 2510 exinanitionem!
1681 2457 1723 2509 Ο
1753 2455 1969 2510 bonita-

395 2552 530 2605 tem!
564 2548 791 2620 quando
845 2549 1008 2604 nobis
1068 2551 1185 2604 haec
1220 2550 1364 2606 Deus
1427 2567 1525 2621 per
1575 2554 1971 2619 contribulem,

395 2655 463 2694 ac
503 2639 752 2708 ejusdem
793 2638 1014 2710 generis
1062 2638 1352 2702 feminam,
1405 2656 1570 2710 supra
1624 2655 1875 2696 naturam
1911 2659 1974 2700 ac

395 2733 630 2800 gratiam
665 2731 987 2784 concessit:
1026 2744 1124 2798 per
1183 2728 1468 2794 feminam,
1527 2732 1774 2802 inquam,
1812 2734 1974 2802 cujus

395 2823 567 2876 animi
613 2821 836 2892 quidem
885 2821 1055 2876 decor
1103 2837 1279 2892 usque
1312 2822 1452 2878 adeo
1479 2824 1810 2880 immensum
1844 2843 1973 2896 pro-

397 2913 566 2976 vexit,
617 2921 675 2966 ut
727 2911 986 2967 Christus
1020 2912 1138 2982 ipse
1191 2913 1498 2970 immensus
1547 2915 1640 2968 ille
1691 2917 1881 2983 decor,
1918 2921 1972 2974 in

2071 1819 2178 1874 λῶν
2206 1817 2613 1872 ἀνελίττεσθαιο
2643 1817 2850 1888 χείλεσι
2871 1833 2931 1870 τε
2977 1815 3225 1887 πηλίνοις
3261 1813 3664 1883 προσάγεσθαι,

2073 1911 2168 1965 καὶ
2198 1911 2280 1974 εἰς
2311 1909 2403 1964 τὸν
2427 1907 2556 1980 χοῦν
2595 1911 2691 1980 τῆς
2743 1907 2944 1979 σαρκὸς
2980 1905 3139 1976 ἡμῶν
3169 1903 3512 1974 ἀνακεῖσθαι,
3539 1919 3670 1972 κιρ-

2082 2003 2348 2073 νώμενος,
2379 2002 2442 2054 οὺ
2496 2000 2906 2070 διαπνεόμενος.
2933 1999 2997 2053 Ὢ
3035 1998 3136 2066 τῆς
3171 1997 3452 2067 άφράστου
3493 1993 3671 2048 κενώ-

2075 2095 2246 2158 σεωςι
2276 2096 2342 2147 Ὦ
2375 2095 2473 2164 τῆς
2492 2094 2900 2166 χρηστότητοςε
2934 2093 3015 2147 ὅτι
3051 2091 3140 2144 διά
3159 2090 3420 2160 γυναικὸς
3449 2085 3666 2159 ὁμοφύ-

2073 2188 2166 2240 λου
2188 2187 2386 2252 ταῦτα,
2409 2187 2503 2240 καὶ
2523 2184 2845 2254 συγγενοῦς,
2871 2185 3012 2256 ὑπὲρ
3038 2183 3200 2252 φύσιν
3228 2183 3324 2235 καὶ
3352 2179 3506 2234 θέσιν
3527 2177 3668 2244 Θεὸς

2040 2281 2206 2350 ἡμῖν
2262 2277 2589 2349 ἐχαρίσατο*
2659 2275 2940 2344 γυναικὸς,
2984 2270 3051 2347 ἦς
3103 2273 3166 2327 τὸ
3207 2272 3304 2343 μὲν
3344 2271 3446 2340 τῆς
3480 2270 3668 2341 ψυχῆς

2075 2370 2271 2432 κάλλος
2307 2369 2600 2438 ἀπειράκις
2631 2368 2878 2438 ἀπείρως
2909 2371 2986 2430 εἰς
3019 2364 3210 2418 τοῦτον
3245 2361 3492 2432 ἐξῆρται,
3515 2361 3666 2424 ὅπως

2077 2461 2172 2514 κοιλ¹
2187 2460 2421 2531 Χριστὸν
2479 2458 2642 2511 αὐτὸν
2692 2457 2754 2509 τὸ
2789 2457 3073 2528 ἀμήχανον
3118 2453 3315 2516 κάλλος
3349 2455 3430 2515 εὶς
3461 2450 3662 2504 ἐπιθυ-

2079 2556 2208 2624 μίαν
2229 2553 2322 2604 τοῦ
2360 2552 2565 2622 ταύτης
2606 2549 2840 2612 κάλλους
2891 2547 3088 2611 ἐλθεῖν,
3128 2545 3224 2598 καὶ
3267 2544 3367 2614 τὴν
3393 2543 3452 2608 ἐξ
3485 2541 3663 2610 αὐτῆς

2076 2643 2295 2697 ἑλέσθαι
2320 2643 2582 2712 δευτέραν
2613 2641 2890 2708 γέννησιν,
2937 2637 3032 2689 καὶ
3071 2634 3380 2705 ἀπατορέαν
3404 2632 3448 2662 ⁸⁸
3472 2647 3486 2662 ⁸
3519 2629 3666 2683 οὕτω
3717 2630 3728 2636 “

2075 2736 2130 2790 δὲ
2154 2737 2246 2789 καὶ
2279 2735 2374 2788 τοῦ
2445 2734 2695 2803 σώματος
2740 2728 3023 2800 εὐπρεπὴς
3062 2729 3096 2796 ἡ
3139 2725 3508 2788 κατάστασις,
3567 2725 3668 2776 καὶ

2085 2829 2211 2899 πρὸς
2242 2827 2496 2880 τοσοῦτον
2513 2823 2889 2894 καθαρότητος
2913 2822 3214 2892 φθάνουσα,
3233 2819 3343 2888 ὅσῳ
3369 2817 3468 2870 καὶ
3489 2815 3681 2886 αὐτὴν-

2077 2919 2436 2993 χωρῆσαιτὴν
2459 2917 2749 2989 ἀσώματόν
2776 2933 2833 2968 τε
2863 2911 3343 2982 καὶάπερίληπτον
3366 2910 3464 2980 τῆς
3494 2907 3666 2977 ὑπερ-

395 3004 519 3074 cjus
548 3003 772 3059 decoris
805 3002 1151 3056 desiderium
1209 3012 1370 3058 actus
1423 3005 1526 3070 sit,
1559 3009 1974 3078 secundamque

2077 3013 2261 3066 ουσιου
2308 3011 2524 3078 φύσεως
2583 3007 3015 3079 μεγαλειότητα,
3085 3004 3154 3058 δι’
3187 3002 3307 3064 ἐνὸς
3340 3001 3451 3055 τῶν
3492 3001 3666 3071 τριῶν

394 3109 461 3148 ex
495 3109 556 3148 ea
590 3095 936 3148 nativitatem
985 3095 1238 3161 elegerit,
1280 3108 1518 3166 eamque
1546 3097 1686 3152 adeo
1716 3099 1838 3154 sine
1870 3117 1968 3170 pa-

2081 3101 2254 3172 αύτῆς
2276 3098 2646 3154 ὑποστάσεὶον.

397 3194 514 3240 tre:
549 3185 644 3240 sed
691 3193 744 3240 et
779 3191 1032 3254 corporis
1102 3188 1154 3239 in
1201 3194 1417 3240 tantum
1469 3188 1714 3244 formosa
1765 3195 2011 3262 species,
2087 3204 2352 3263 tantaque
2411 3200 2680 3263 praestans
2761 3189 3026 3260 puritate,
3095 3195 3154 3240 ut
3208 3186 3387 3255 ipsam
3444 3199 3668 3254 quoque

399 3283 804 3350 incorporcam,
848 3294 912 3333 ac
946 3280 1566 3350 incomprehensibilem
1604 3289 2095 3354 superessentialis
2165 3299 2380 3343 natura:
2431 3286 2817 3356 maiestatem,
2878 3297 2976 3350 per
3017 3296 3182 3334 unam
3259 3279 3426 3332 trium
3491 3279 3666 3348 ipsius

400 3383 768 3441 personarum
804 3383 1008 3437 capere
1041 3369 1286 3426 licuerit.

392 3510 404 3521 ,
469 3458 596 3514 llaec
627 3457 796 3511 Maria
834 3458 925 3513 Dei
961 3459 1211 3515 Geuitrix
1241 3470 1349 3528 est,
1383 3478 1679 3520 commune
1709 3467 1980 3522 Christia—

399 3562 594 3602 norum
625 3548 874 3629 euntium
945 3548 1300 3620 perfugium;
1349 3552 1528 3620 prima
1577 3555 1740 3624 primi
1796 3557 1980 3626 lapsus

399 3641 700 3710 primorum
749 3649 1038 3708 parentum
1101 3641 1414 3711 reparatio;
1477 3643 1652 3696 vitiati
1693 3644 1978 3699 hominum

397 3732 617 3802 generis
651 3731 716 3784 ad
749 3731 1132 3800 tranquillum,
1163 3746 1227 3786 ac
1253 3733 1390 3790 vitio
1415 3745 1720 3804 expertem,
1753 3735 1978 3791 immorv

398 3823 673 3890 talemque
717 3829 921 3875 statum
955 3823 1276 3888 revocatio;
1312 3823 1545 3894 mystice
1599 3823 1730 3878 olim
1787 3825 1984 3880 adum~

399 3914 555 3966 brata
581 3912 700 3966 rubi
729 3912 908 3983 Moysi
945 3914 1088 3968 visio
1123 3922 1190 3980 1³;
1223 3911 1506 3970 Gedeonis
1531 3916 1712 3971 vellus
1749 3922 1799 3980 °,
1835 3915 1983 3986 quod

402 4003 493 4055 ille
521 4000 771 4072 symbolo
801 4001 1176 4056 humectatum
1211 4019 1242 4058 e
1282 4004 1424 4058 corio
1456 4003 1583 4060 exili
1629 4006 1812 4075 pluvia
1865 4006 1987 4061 sine

399 4094 632 4162 strepitu
669 4093 880 4159 videns,
912 4095 1060 4164 quod
1083 4097 1384 4166 gerebatur
1415 4099 1469 4151 in
1503 4098 1832 4152 miraculum
1859 4112 1984 4151 ver-

399 4197 542 4250 tens,
573 4200 635 4238 ac
659 4186 898 4256 pluviam
930 4187 1242 4258 insignum,
1266 4201 1473 4244 certam
1500 4191 1577 4244 rei
1606 4190 1978 4259 conjecturam

399 4279 671 4333 sacrificio
691 4277 823 4333 fecit
855 4296 869 4331 :
899 4279 1091 4334 divino
1113 4296 1280 4351 opere
1302 4283 1452 4336 varia
1471 4281 1695 4336 Daridis
1717 4263 1980 4352 purpura,

2145 3463 2295 3532 Α’ύτη
2322 3461 2470 3514 ἐστὶν
2495 3462 2526 3531 ἡ
2550 3461 2810 3522 Θεοτόκος
2831 3459 3044 3530 Μαρία,
3086 3458 3146 3512 τὸ
3172 3460 3352 3514 κοινὸν
3405 3463 3668 3519 ἁπάντων

2075 3558 2182 3611 τῶν
2203 3555 2552 3628 Χριστιανῶν
2591 3553 2960 3622 καταφύγιονο
2989 3546 3042 3623 ﬂ
3080 3553 3268 3626 πρώτη
3315 3555 3408 3609 τοῦ
3442 3557 3668 3628 πρῶτον

2077 3649 2370 3720 πτώματος
2433 3647 2544 3700 τῶν
2594 3645 2874 3716 προγόνων
2914 3645 3215 3716 ἀνάκλησις
3241 3663 3254 3676 ·
3295 3647 3492 3718 ήπρὺς
3522 3650 3670 3703 ἀπά-

2079 3741 2231 3794 θειαν
2245 3739 2338 3794 τοῦ
2374 3738 2704 3801 πεπονθότος
2737 3738 2929 3806 γένους
2969 3738 3263 3802 ἐπάνοδοςν
3295 3739 3354 3792 τὺ
3391 3743 3536 3794 κατά
3564 3742 3668 3814 τὴν

2082 3831 2246 3902 βάτον
2281 3830 2524 3894 Μωσέως
2551 3830 2832 3902 πρόπαλαι
2859 3829 3135 3900 μυστικῶς
3157 3833 3667 3903 σκιογραφούμενον

2077 3924 2260 3993 ὅραμα
2284 3940 2297 3953 ο
2337 3924 2366 3974 6
2394 3923 2557 3986 πόκος
2594 3921 2690 3976 τοῦ
2733 3920 2960 3984 Γεδεὼν,
2987 3921 3046 3975 ὃν
3080 3924 3290 3986 ἐκεῖνος
3317 3925 3667 3994 συμϐολικῶς

2077 4013 2391 4066 νοτισθέντα
2419 4015 2542 4076 ταῖς
2586 4013 2644 4080 ἐξ
2669 4012 2904 4082 οὐρανοῦ
2934 4012 3168 4082 ψεκάσιν
3197 4013 3441 4082 ἀψοφητὶ
3467 4015 3662 4068 θεασάυ

2082 4123 2264 4176 μενος,
2314 4107 2395 4168 εἰς
2446 4105 2630 4176 θαῦμα
2664 4105 2871 4177 τρέψας
2905 4105 2967 4157 τὸ
3009 4105 3216 4176 δρᾶμα,
3255 4107 3348 4158 τὸν
3392 4105 3549 4160 ὑετὸν
3584 4109 3668 4169 εἰς

2078 4200 2326 4268 σημεῖον,
2363 4195 2440 4266 τῷ
2467 4197 2654 4268 ἱερείῳ
2685 4199 3166 4268 συνετεκμήρατο·
3209 4198 3242 4267 ή
3292 4197 3664 4264 θεοποικιλτος

2075 4288 2170 4340 τοῦ
2194 4287 2356 4342 Δαϐὶδ
2369 4288 2496 4341 άλου
2507 4289 2650 4359 ργὶς,
2665 4289 2698 4358 ἡ
2715 4288 2774 4340 τὸ
2793 4289 2890 4358 τῆς
2907 4291 2970 4340 σα
2982 4287 3109 4358 ρκὺς
3128 4288 3489 4360 πρόσλημμξα,
3502 4291 3664 4342 οἱονεὶ
3750 4332 3754 4335 .

399 4379 739 4441 assumptam
801 4388 1026 4427 carnem
1072 4390 1336 4444 purpurae
1387 4376 1563 4430 instar
1615 4374 1724 4430 Deo
1758 4375 1974 4430 Davidis

2082 4395 2262 4450 πορφυ
2274 4379 2392 4448 ρῖδα
2412 4379 2492 4446 τῷ
2510 4378 2631 4449 Θεῷ
2650 4378 2746 4431 τοῦ
2766 4379 2932 4432 Δαϐὶδ
2958 4379 3297 4451 σαρκωθέντι
3318 4383 3661 4454 προσάξασα·

399 4465 693 4519 incantato
734 4465 1031 4519 tribuens:
1066 4467 1307 4522 thronus
1341 4465 1715 4532 Cherubicus,
1750 4481 1980 4537 praemao

397 4572 541 4624 guns
569 4556 680 4619 ille,
719 4555 932 4626 igneus,
966 4557 1248 4622 sublimis,
1276 4573 1401 4628 qtue
1443 4558 1648 4629 Regem
1686 4557 1978 4612 Dominum

399 4645 640 4701 Sabaoth
657 4648 776 4702 sinu
795 4657 974 4718 gestet
994 4659 1054 4704 υς
1081 4651 1511 4720 superlitninare
1522 4649 1830 4706 caelestium
1849 4649 1980 4720 ady-

397 4751 600 4804 torum,
635 4741 725 4794 ubi
760 4741 1051 4810 Seraphim
1101 4744 1208 4798 alis
1242 4751 1410 4808 tecta,
1457 4758 1566 4814 qua
1613 4741 1833 4806 faciem,
1875 4756 1979 4808 qua

385 4831 583 4912 pedes,
609 4832 842 4902 aliisque
879 4835 1140 4898 volantia,
1170 4852 1428 4906 maguum
1466 4834 1602 4889 illud
1638 4849 1702 4887 ac
1728 4834 1974 4889 terribile

394 4925 678 4980 cattticum
709 4929 907 4981 stando
924 4928 1188 4988 clatnanl,
1216 4928 1364 4997 quod
1391 4925 1759 4997 importabilis
1789 4926 1974 4996 gloriae

393 5023 678 5085 "SPCCLIHH
716 5033 820 5070 non
859 5016 1056 5072 ferant.
1113 5016 1395 5073 Carlorum
1437 5026 1620 5087 porta,
1678 5029 1775 5085 per
1809 5029 1972 5083 quam

395 5109 548 5163 solus
580 5108 838 5163 transivit
877 5111 1148 5164 caelorum
1189 5110 1458 5180 Dominus
1485 5120 1512 5160 (ι
1546 5150 1559 5170 ,
1589 5107 1794 5162 nemini
1843 5115 1975 5160 ante

395 5209 587 5270 postve
653 5201 901 5272 pervium
965 5203 1280 5258 concedens
1350 5204 1700 5274 ingressum.
1739 5199 1972 5264 Laetare,

441 5353 702 5412 1-1ilvhr.
746 5375 822 5424 Ix,
880 5358 1088 5428 Iscqq.
1189 5358 1572 5429 mZach.tv,2.

404 5447 544 5504 ttw,
574 5437 628 5490 ‘2.

1686 5372 1714 5399 η
1739 5361 1909 5416 Exod.
1957 5377 2038 5427 ιη,
2077 5361 2132 5416 5.

2075 4475 2102 4528 ὁ
2135 4471 2468 4544 Χερουϐικδς
2501 4471 2711 4542 θρόνος,
2757 4474 2786 4526 6
2827 4473 3246 4544 ὑπερμεγέθης,
3276 4477 3304 4529 ό
3338 4475 3564 4547 πύρινος
3585 4519 3602 4543 ,
3632 4480 3662 4532 6

2079 4565 2385 4634 μετέωρος,
2433 4563 2524 4616 τὸν
2573 4563 2808 4616 Βασιλέα
2871 4565 3076 4635 Κύριον
3101 4567 3328 4620 Σαϐαὼθ
3372 4569 3665 4636 ὲγκόλπιον

2077 4653 2354 4722 φέρουσα·
2400 4653 2461 4706 τὺ
2512 4653 2822 4726 ὑπέρθυρον
2873 4657 2982 4707 τῶν
3027 4657 3084 4707 ἐν
3139 4658 3392 4727 οὐρανοῖς
3429 4657 3661 4722 ἀδύτων,

2077 4739 2140 4798 οὗ
2163 4743 2233 4798 τὰ
2254 4745 2508 4815 Σεραιρὶμ
2537 4746 2780 4814 εἱστήκει
2818 4747 3239 4816 συνεπτυγμένα
3261 4749 3382 4810 ταῖς
3404 4748 3660 4819 πτέρυξι·

2079 4841 2198 4902 ταῖς
2231 4840 2328 4910 μὲν
2359 4840 2458 4904 τὰς
2519 4841 2694 4908 ὄψεις,
2746 4844 2867 4904 ταῖς
2922 4841 2977 4894 δὲ
3031 4843 3159 4905 τοὺς
3215 4843 3404 4907 πόδας,
3449 4846 3567 4907 ταῖς
3605 4843 3663 4896 δε

2083 4933 2379 5002 ἰπτάμενα,
2413 4931 2557 5004 μέγα
2592 4933 2832 5004 κέκραγε
2865 4933 2954 4986 τὸν
2992 4933 3220 5004 φοϐερδν
3240 4935 3448 4986 ἐκεῖνον
3471 4933 3662 5005 ὕμνον,

2080 5026 2178 5096 τῆς
2205 5025 2471 5078 ἁστέκτου
2507 5024 2664 5092 δόξης
2713 5025 2812 5092 τὴν
2867 5023 2998 5077 θέαν
3029 5025 3090 5076 οὐ
3125 5025 3386 5094 φέροντα.
3425 5025 3489 5077 Ἡ
3521 5025 3662 5096 πύλη

2082 5114 2192 5168 τῶν
2220 5113 2490 5184 οὐρανῶν,
2521 5113 2587 5166 δι’
2619 5109 2688 5185 ἧς
2718 5115 2875 5184 μόνος
2900 5113 2929 5164 6
2969 5113 3077 5165 τῶν
3113 5113 3362 5184 οὐρανῶν
3387 5114 3664 5184 Δεσπότης

2081 5203 2358 5270 διώδευσε,
2435 5204 2628 5276 μηδενὶ
2687 5203 2804 5274 μετ’
2856 5203 3088 5274 αύτὸν“ἤ
3136 5204 3244 5275 πρὸ
3269 5203 3437 5260 αὐτοῦ
3496 5204 3666 5276 pati};

2243 5369 2268 5398 ο
2305 5358 2487 5415 Judic.
2545 5375 2620 5426 rt,
2668 5361 2759 5415 58..
2875 5371 2903 5412 P
2940 5360 3044 5416 Isa.
3099 5376 3175 5428 vt,
3214 5362 3270 5416 ϐ’.

1671 5533 1903 5590 VARUS
1947 5535 2353 5596 LECTIONES.

467 5642 512 5682 τε
545 5643 677 5717 ch.
711 5646 889 5702 αὐτῶν
915 5647 1140 5704 ἀδύτων.
1234 5652 1276 5682 ¹⁶
1311 5651 1442 5722 ch.
1481 5650 1647 5721 θῦμα.
1730 5653 1772 5728 ’,⁷
1794 5651 1922 5723 Leg.
1955 5655 2241 5722 μυστικοῦ.
2328 5657 2369 5690 ³⁸
2413 5655 2550 5712 Maz.
2585 5656 2892 5729 εὐπάτορα.

3385 5371 3412 5414 τΙ
3451 5360 3588 5418 ἰιει
