4032 6138
428 342 529 408 891

431 448 718 502 vocabitur

441 538 532 593 Dei
581 538 778 593 Filium
817 549 871 592 et
925 539 1122 608 Regem
1177 538 1342 592 lsrael
1398 548 1545 594 esset
1581 542 1999 610 praedicaturus.

431 629 726 691 Ceterum,
767 638 821 684 et
850 629 901 682 id
955 629 1123 683 moris
1148 628 1391 685 Gabrieli
1445 640 1548 693 est,
1589 643 1648 686 ut
1683 632 1886 689 divinis
1918 650 2005 689 sa-

429 726 726 777 cramentis
759 723 1019 775 vicariam
1048 737 1154 790 pun
1196 730 1216 774 t
1245 738 1497 792 operam,
1534 725 2002 792 quemadmodum

431 815 685 871 novimus
706 830 768 868 ex
799 815 1041 869 Dauielc.

497 907 597 960 Abi
630 906 796 974 igitur
830 906 1102 961 Nazarer
1137 906 1411 963 civitatem
1446 906 1700 974 Galilam,
1735 924 1846 980 quo
1876 923 2001 963 cum

324 1014 335 1022 ·
429 999 542 1051 cito
586 1000 924 1065 perveneris,
961 998 1094 1051 illud
1132 999 1366 1069 primum
1395 1000 1542 1068 quod
1590 999 1696 1053 Eva
1746 1002 2005 1055 amiserat

428 1085 590 1141 fausti
644 1088 848 1157 gaudii,
878 1090 1217 1143 salutaturus
1258 1086 1468 1158 Virgini
1530 1091 1743 1152 nuntia,
1782 1106 1847 1143 ac
1875 1091 1998 1143 vide

430 1193 499 1234 ne
535 1179 778 1233 animum
823 1183 942 1249 ejus
973 1181 1303 1235 turbaveris.
1342 1180 1535 1235 Gaudii
1562 1181 1737 1243 enim,
1763 1196 1872 1235 non
1908 1182 2004 1235 tri-

427 1271 592 1325 stitia:
629 1272 977 1325 annuntiatio
1038 1280 1124 1326 cst
1158 1291 1172 1326 :
1207 1273 1524 1341 voluptatis,
1581 1287 1690 1325 non
1747 1272 2002 1327 maeroris

427 1361 595 1416 animi
650 1365 934 1418 salutatio.
982 1363 1265 1428 Quodnam
1312 1364 1457 1417 enim
1495 1365 1575 1416 vel
1606 1364 1730 1422 fuit.
1767 1365 1849 1417 vel
1904 1380 2003 1417 un-

427 1463 589 1516 quam
624 1451 715 1503 illo
741 1451 918 1517 maius
958 1450 1202 1504 futurum
1234 1450 1308 1505 sit
1342 1450 1600 1519 gaudium
1646 1452 1882 1503 humano
1910 1466 2001 1519 ge-

428 1539 572 1599 neri.
621 1548 678 1591 ut
712 1540 916 1593 divina:
964 1548 1173 1595 natura:
1201 1542 1476 1607 particeps
1511 1538 1797 1602 elliciatur,
1833 1546 2004 1607 utque

429 1616 596 1683 unum
622 1647 743 1683 cum
772 1631 903 1695 Deo,
929 1631 1331 1686 necessitudine
1365 1631 1430 1682 ad
1464 1630 1587 1698 ipsu
1614 1648 1667 1696 ιι,
1696 1628 1998 1683 secundum

430 1720 673 1784 unionis,
708 1723 956 1791 adeoque
989 1721 1358 1778 subsistentie
1420 1724 1686 1773 rationem
1723 1719 1837 1790 (δὲ)
1868 1734 1997 1773 eva-

1625 340 1685 400 S.
1731 342 2056 401 ANDREAE
2100 343 2523 405 CRETENSIS

3585 350 3694 411 85?.

771 458 816 505 κ.
844 468 862 500 ι
900 448 1034 515 Quis
1092 447 1211 503 ille?
1241 449 1410 513 Quem
1472 459 1660 518 postea
1706 450 2003 507 Nathanael

2113 457 2446 524 προφητείαν
2470 473 2485 488 ν
2520 477 2538 509 ι
2568 459 2688 511 Ὀτι
2729 457 3051 530 Ναζωραῖος
3092 460 3443 530 κληθήσεται.
3480 480 3500 509 ι
3550 462 3685 527 Τίςς

2122 546 2180 598 '0
2207 546 2286 615 τῷ
2330 546 2619 619 Ναθαναὴλ
2665 547 2895 620 ὕστερον
2933 550 3061 614 Υἱὸς
3117 550 3252 603 Θεοῦ
3285 552 3376 603 καὶ
3424 551 3692 614 Βασιλεὺς

2107 635 2201 689 τοῦ
2240 638 2457 708 Ἰσραὴλ
2496 641 2917 711 κηρυττόμενος.
2954 641 3172 711 Ἀμέλει
3202 659 3305 703 τοι,
3332 642 3424 694 καὶ
3456 642 3697 695 εἴθισται

2106 728 2347 800 Γαϐριὴλ
2379 731 2438 782 ὲν
2466 732 2579 794 τοίς
2619 732 2747 801 περὶ
2777 731 2911 784 Θεοῦ
2941 732 3267 802 μυστηρίοις
3293 732 3582 795 διακονεῖν,
3616 731 3690 791 ὡς
3743 768 3748 772 -

2106 818 2165 872 ὲν
2188 819 2266 888 τῷ
2296 820 2495 888 Δανιὴλ
2525 821 2794 892 ἔγνωμεν.

2180 909 2370 963 Ἄπιθι
2421 911 2599 964 τοίνυν
2633 914 2713 977 εἰς
2751 912 3005 984 Ναζαρὲτ
3044 913 3198 966 πόλιν
3228 911 3325 982 τῆς
3362 912 3689 975 Γαλιλαίας·

2105 1000 2200 1052 καὶ
2244 1000 2369 1071 τῇδε
2419 1002 2663 1069 φθάσας,
2701 1004 2902 1076 σπουδῇ
2960 1003 3116 1071 τοῦτο
3162 1004 3378 1074 πρῶτον
3422 1005 3693 1074 πρόσειπε

2102 1091 2169 1159 τῇ
2196 1090 2473 1161 Παρθένῳ,
2514 1093 2572 1146 :6
2600 1093 2702 1162 τῆς
2724 1095 2900 1164 χαρᾶς
2924 1094 3262 1163 εὐαγγέλιον,
3307 1095 3336 1147 ὃ
3367 1093 3695 1166 προαπώλε-

2106 1195 2197 1231 σεν
2242 1180 2387 1233 Εὔα·
2421 1184 2518 1235 καὶ
2553 1182 2629 1254 μὴ
2667 1183 2732 1255 δὴ
2786 1184 3096 1256 θορυϐήσης
3122 1185 3294 1255 αὐτῆς
3339 1184 3443 1256 τὴν
3469 1184 3691 1255 ψυχηνο

2103 1270 2292 1340 Χαρᾶς
2327 1271 2459 1341 γὰρ,
2506 1272 2566 1325 οὒ
2612 1272 2790 1345 λύμης
2839 1275 2899 1327 τὸ
2946 1275 3206 1345 μήνυμα’
3235 1275 3542 1344 θυμηδίας,
3588 1274 3695 1327 οὐκ

2103 1360 2343 1431 ἀθυμίας
2365 1364 2392 1414 6
2413 1362 2725 1432 ἀσπασμός.
2770 1365 2906 1418 Ποία
2938 1364 3047 1435 γὰρ
3076 1360 3144 1434 ἦν
3172 1365 3266 1419 καὶ
3301 1365 3454 1419 ἔσται
3484 1365 3693 1434 ταύτης

2103 1452 2428 1522 χαριεστέρα
2453 1453 2598 1523 χαρά
2623 1454 2702 1525 τῷ
2732 1454 3067 1531 ἀνθρωπίνῳ
3100 1456 3272 1523 γένει,
3300 1454 3393 1509 τοῦ
3429 1454 3694 1509 κοινωνὸν

2102 1541 2359 1610 γενέσθαι
2401 1543 2553 1607 Θείας
2602 1544 2843 1612 φύσεως,
2880 1546 2976 1600 καὶ
3009 1549 3075 1618 τῇ
3119 1548 3259 1619 πρὸς
3309 1546 3470 1599 αὐτὸν
3520 1560 3690 1597 συνα-

2104 1632 2250 1703 φείᾳ,
2276 1633 2334 1687 ἓν
2367 1635 2485 1704 μετ’
2506 1635 2671 1688 αὐτοῦ
2705 1638 2960 1705 γενέσθαι
2987 1623 3130 1693 κατὰ
3159 1639 3251 1692 τὸν
3272 1638 3374 1708 τῆς
3415 1636 3689 1701 ἑνώσεως,

2103 1718 2319 1777 εῐτ⁹οῦν
2360 1723 2713 1789 ὑποστάσεως
2760 1726 2951 1796 λόγον;
2997 1728 3065 1782 Τί
3101 1728 3160 1782 δὲ
3213 1714 3689 1800 θαυμασιώτερον,

429 1811 604 1873 serit?
630 1811 771 1876 Quid
797 1828 926 1865 vero
959 1812 1180 1882 dignum
1205 1812 1376 1881 magis
1404 1811 1790 1874 admiratione,
1833 1824 1996 1878 quam

2113 1810 2194 1865 τοῦ
2234 1812 2450 1899 βλέπειν
2483 1813 2618 1867 Θεοῦ
2651 1817 3079 1884 συγκατάὃασιν,
3133 1818 3297 1889 μέχρι
3345 1818 3439 1879 καὶ
3488 1817 3589 1886 τῆς
3631 1817 3692 1869 ἐν

432 1909 493 1954 ιιι
551 1900 694 1955 Deus
741 1917 800 1955 se
858 1903 1016 1957 nobis
1067 1902 1132 1953 ad
1195 1917 1367 1970 usque
1403 1903 1616 1955 feminze
1673 1902 2002 1968 praegnantis

431 2000 649 2046 uterum
711 1992 1112 2046 inclinaverit?
1166 1992 1209 2046 Ο
1258 1978 1346 2046 res
1397 1992 1715 2046 inauditas?
1763 1990 1907 2046 Deus
1949 1995 2001 2046 iu

433 2083 695 2139 membris
757 2083 1016 2139 feminae:
1065 2104 1084 2136 ι
1118 2083 1217 2138 Cui
1279 2084 1477 2138 coelum
1520 2083 1679 2139 sedes
1718 2092 1823 2147 est,
1860 2092 2003 2138 terra

432 2185 614 2229 autem
683 2175 984 2229 scabellum
1042 2174 1240 2245 pedum
1276 2191 1290 2228 :
1330 2194 1349 2226 ι
1388 2174 1533 2230 Deus
1584 2175 1638 2228 in
1696 2182 1877 2237 utero,
1911 2176 2002 2245 qui

431 2267 575 2320 cmlo
626 2266 787 2319 altior
836 2274 942 2328 est,
986 2268 1195 2336 quique
1224 2266 1374 2320 Patri
1410 2275 1720 2323 coaeternus
1753 2268 2002 2322 assidet°

433 2358 572 2424 Quid
604 2374 728 2413 vero
758 2359 829 2411 sit
863 2359 1038 2428 magis
1060 2375 1283 2421 novum,
1317 2373 1482 2429 quam
1523 2370 1581 2412 ut
1614 2359 1754 2414 Deus
1776 2360 2008 2413 humana

417 2448 606 2503 'forma
636 2450 970 2517 conspicuus
1029 2451 1285 2505 videatur
1334 2450 1531 2515 oculis,
1574 2464 1677 2504 nec
1703 2449 2007 2517 quidquam

439 2551 612 2595 tamen
632 2541 699 2595 de
728 2543 945 2611 propria
969 2542 1017 2596 ei
1046 2542 1247 2596 deitatc
1268 2540 1525 2607 decedat;
1557 2541 1749 2610 sicque
1773 2541 2007 2601 humana

436 2643 628 2685 natura
693 2647 795 2686 suo
862 2642 1122 2686 cernatur
1179 2631 1351 2685 ﬂeturi
1409 2644 1686 2695 conserta,
1746 2620 1810 2686 ut
1865 2640 2011 2686 totus

438 2726 623 2789 homo,
672 2725 766 2792 qui
814 2725 1025 2792 primus
1076 2733 1362 2777 corruerat
1404 2724 1519 2794 (53)
1544 2725 1648 2779 sub
1698 2734 2007 2793 peccatum,

350 2799 357 2823 '
436 2813 777 2868 divinitatem
839 2814 1062 2867 induat?
1109 2815 1250 2880 Quid
1304 2815 1471 2883 igitur
1500 2813 1765 2869 Gabriel?
1799 2812 1866 2868 Ut
1897 2812 2013 2868 lucc

436 2904 665 2968 audivit,
727 2920 792 2959 ac
840 2905 1098 2976 cognovit
1169 2906 1487 2959 mandatum
1545 2907 1730 2958 divina
1789 2904 2012 2973 quidem

436 2996 705 3050 sententia
761 2994 1058 3060 ﬁrmatum,
1087 2995 1180 3050 sed
1215 2995 1361 3065 quod
1386 2996 1504 3065 ejus
1528 3002 1811 3065 superaret
1840 2995 2014 3050 virtu-

2108 1906 2289 1975 μήτρα
2319 1906 2572 1972 γυναικὸς
2603 1906 2899 1978 κυοφορὶας
2920 1908 3262 1977 φθάνουσανς
3290 1907 3335 1961 ὣ
3363 1907 3717 1979 παραδόξων.

2107 1994 2477 2063 πραγμάτωνε
2509 1995 2640 2058 Θεὸς
2669 1997 2727 2048 ὲν
2764 1996 2967 2065 μορίοις
3004 1997 3281 2065 γυναικὸς,
3315 2015 3333 2047 ι
3358 1998 3386 2050 6
3408 1996 3501 2049 τὸν
3529 1996 3695 2066 οὐρα-

2106 2081 2195 2134 νὸν
2234 2081 2423 2153 θρόνον
2443 2082 2604 2153 ἔχων,
2651 2085 2742 2137 καὶ
2770 2084 3058 2139 ὑποπόδιον
3087 2086 3185 2154 τὴν
3215 2084 3339 2154 γῆν.
3375 2103 3393 2136 ι
3428 2084 3564 2147 Θεὸς
3596 2086 3692 2151 ὲγ-

2106 2174 2385 2244 γάστριος,
2414 2175 2443 2226 6
2483 2175 2875 2247 ὑπερουράνιος
2895 2215 2909 2239 ,
2947 2176 3041 2229 καὶ
3082 2177 3181 2245 τῆς
3215 2177 3488 2246 πατρικῆς
3519 2176 3692 2230 ἀῖδιό-

2107 2282 2268 2336 τητος
2306 2265 2615 2336 σύνθρονος.
2647 2268 2756 2318 Καὶ
2798 2267 2851 2318 τι
2884 2266 3078 2319 τούτου
3106 2267 3556 2338 παραδοξότερον,
3590 2268 3692 2321 ἀνι

2109 2356 2509 2428 Θρωπόμορφον
2548 2356 2778 2427 ὁρᾶσθαι
2820 2357 2989 2422 Θεὸν,
3038 2359 3112 2428 μὴ
3155 2359 3424 2411 ἐκστάντα
3478 2358 3578 2427 τῆς
3611 2360 3693 2411 ol-

2109 2446 2262 2510 κείας
2300 2445 2583 2518 θεότητος;
2615 2448 2714 2517 τήν
2733 2465 2793 2500 τε
2823 2448 3172 2519 ἀνθρωπίνην
3202 2448 3365 2516 φύσιν
3400 2450 3533 2519 ὁρᾷν
3556 2449 3692 2519 ὃλην

2111 2537 2464 2608 συνημμένην
2515 2537 2594 2607 τῷ
2648 2537 2946 2601 πλάσαντι,
3003 2538 3090 2591 ἵνα
3143 2538 3266 2601 ὅλος
3316 2541 3346 2591 6
3396 2539 3691 2609 ἄνθρωπος

2111 2629 2321 2700 θεωθῇ,
2368 2629 2398 2681 6
2441 2629 2657 2699 πρῶτος
2715 2630 2896 2682 πεσὼν
2940 2630 3046 2682 ὑπὸ
3095 2631 3197 2700 τὴν
3257 2630 3562 2698 ἁμαρτίαν;
3623 2628 3691 2682 Τί

2110 2718 2204 2775 οὖν
2240 2723 2268 2774 6
2295 2720 2569 2791 Γαϐριήλ;
2602 2721 2690 2783 Ὠς
2738 2718 2940 2773 τούτων
2964 2719 3164 2790 ηκουσε
3185 2759 3200 2782 ,
3256 2719 3351 2771 καὶ
3399 2718 3462 2771 τδ
3496 2719 3692 2771 κελευ-

2114 2812 2239 2866 σθὲν
2265 2811 2426 2878 ἔγνω,
2457 2812 2578 2882 θείᾳ
2612 2811 2708 2880 μὲν
2752 2811 2918 2881 ψήφῳ
2952 2810 3362 2881 κεκυρωμένον,
3385 2810 3485 2880 τῆς
3518 2807 3691 2862 αὐτοῦ

2112 2903 2168 2958 δὲ
2212 2906 2458 2974 κρεῖττον
2498 2904 2741 2973 ὑπάρχον
2792 2903 3110 2973 δυνάμεως,
3163 2902 3328 2971 φόϐου
3378 2902 3473 2955 καὶ
3509 2902 3694 2973 χαρᾶς

2118 2996 2365 3067 μεθόριος
2416 2996 2630 3059 ἵστατο,
2678 2994 2812 3065 μηδὲ
2876 2995 2937 3047 τὸ
2991 2993 3213 3066 θαρρεῖν
3263 2991 3491 3047 αὐτόθεν
3547 2991 3692 3062 ἔχων

438 3096 570 3152 tem,
608 3085 821 3140 medius
844 3087 991 3140 inter
1016 3094 1219 3140 metum
1241 3088 1612 3156 gaudiumque
1633 3086 1785 3141 stetit
1818 3104 1831 3140 :
1867 3087 2007 3139 velut

2116 3088 2389 3159 ἐπίδηλον,
2435 3088 2531 3141 καὶ
2586 3085 2887 3154 ἀντιλέγειν
2939 3085 3180 3154 ἀσφαλὲς
3218 3084 3317 3154 οὐχ
3358 3082 3687 3154 ἡγούμενος.

437 3180 600 3246 plane
635 3178 724 3231 cui
778 3194 890 3231 non
931 3177 1083 3231 illico
1114 3177 1318 3232 audere
1343 3178 1521 3247 palam
1551 3186 1887 3247 suppeteret,
1918 3192 2007 3231 net

2117 3176 2210 3248 Τῷ
2229 3177 2358 3248 θείῳ
2382 3177 2565 3247 μέντοι
2604 3175 3042 3247 παρομαρτήσας
3067 3174 3420 3243 κελεύσματι,
3438 3171 3688 3240 κατέπτη

437 3280 611 3323 tutum
647 3270 781 3322 satis
807 3268 1191 3333 contradicere
1245 3257 1608 3327 eiistimaret.
1646 3269 2007 3323 Nihilominus

2115 3268 2253 3339 πρὸς
2300 3269 2401 3339 τὴν
2441 3266 2739 3338 Παρθένον,
2773 3267 2869 3320 καὶ
2904 3267 3003 3337 τὴν
3052 3265 3309 3335 Ναζαρὲτ
3350 3261 3684 3317 καταλαδὼν

437 3369 617 3412 tamen
677 3359 878 3412 divinae
939 3359 1253 3429 obsequens
1303 3360 1568 3427 jussioui,
1627 3358 1692 3411 ad
1740 3358 2007 3429 Virginem

2114 3358 2315 3428 ἐπέστη
2349 3356 2427 3427 τῷ
2460 3356 2736 3426 δοματίῳ·
2781 3350 2903 3429 εἶτα
2958 3354 3181 3417 σύννους
3237 3370 3319 3417 τις
3373 3353 3690 3423 γενόμενος,

426 3448 683 3511 ,devolat.
705 3448 953 3519 Cumque
981 3450 1324 3519 pervenisset
1356 3448 1646 3514 Nazareth,
1670 3450 2007 3505 domuncula

2114 3449 2210 3503 καὶ
2260 3449 2381 3504 καθ’
2421 3449 2612 3503 ἑαυτὸν
2655 3446 2845 3518 ὥσπερ
2880 3445 3187 3517 διαπορῶν,
3234 3448 3350 3508 τοῖς
3403 3445 3693 3514 λογισμοῖς

438 3540 635 3594 institit
667 3555 681 3591 :
717 3548 946 3610 tumque
1005 3540 1398 3595 meditafnmdo
1456 3541 1654 3596 similis
1687 3581 1701 3604 ,
1762 3555 1829 3594 ac
1865 3541 2007 3595 velut

2113 3541 2428 3611 διεσχίζετο,
2461 3540 2662 3604 τοιάδε,
2704 3534 2879 3609 οἶμαι,
2912 3538 3046 3608 πρὸς
3088 3536 3281 3589 ἑαυτὸν
3312 3536 3690 3606 λογιζόμενος·

437 3645 624 3684 secum
701 3632 996 3694 haisitans,
1070 3632 1501 3701 cogitationibus
1577 3631 2007 3696 distrahebatur,

2114 3632 2284 3686 Πόθεν
2321 3631 2656 3702 ἀπάρξωμαι
2700 3630 2967 3683 διακονεῖν
3015 3626 3112 3680 τοῦ
3151 3626 3288 3679 Θεοῦ
3330 3626 3410 3695 τῷ
3466 3626 3723 3696 βουλεῦον

438 3720 568 3773 talia
618 3729 768 3789 pulo,
802 3721 947 3790 apud
988 3737 1047 3776 se
1074 3723 1259 3776 animo
1285 3722 1508 3776 volvens
1546 3739 1559 3773 :
1600 3720 1887 3776 Undenam
1922 3722 2007 3776 Dei

2118 3739 2282 3793 ματι;
2327 3724 2594 3794 Δρομαϊος
2624 3720 2920 3774 ὲπεισέλθω
2944 3719 3021 3790 τῷ
3054 3718 3320 3788 domum;
3362 3718 3524 3772 Ἀλλά
3563 3734 3695 3770 πτοο

437 3810 729 3863 consilium
777 3810 1005 3880 exsequi
1039 3812 1385 3881 aggrediar?
1435 3810 1697 3867 Velocine
1725 3826 1890 3866 cursu
1946 3811 2007 3866 ad

2115 3814 2230 3884 ήσω
2259 3811 2357 3881 τὴν
2387 3811 2562 3880 ψυχὴν
2595 3810 2693 3879 τῆς
2724 3808 3015 3880 παρθένου.
3059 3808 3443 3879 Σχολαιότερον
3471 3806 3692 3871 meo;

440 3901 747 3955 thalamum
809 3905 1182 3959 contendam?
1224 3906 1293 3960 At
1344 3906 1567 3961 terreho
1619 3901 1850 3974 virginis
1894 3903 2007 3957 ani-

2129 3903 2268 3957 Ἀλλ’
2294 3903 2369 3965 ὡς
2413 3901 2514 3972 τὴν
2556 3901 2762 3961 εἴσοδον
2798 3900 3001 3969 κλέψας
3045 3904 3113 3971 τῇ
3147 3900 3283 3970 κόρῃ
3331 3899 3691 3971 κριθήσομαι.

440 4005 609 4045 mum.
661 3990 932 4050 Morosius
963 3996 1281 4067 ingrediar?
1321 3996 1518 4054 Verum
1543 4012 1643 4052 ceu
1701 3995 1888 4050 furtim
1923 3994 2012 4049 in-

516 4187 542 4215 ι
598 4173 791 4231 Matth.
823 4188 888 4242 ιι,
933 4172 1026 4227 23.

2117 3993 2617 4066 Θυροκρουστήσω;
2670 3991 2967 4068 Καὶ-πῶυ
3018 3992 3091 4046 Οὐ
3133 3990 3243 4063 γάρ
3272 3990 3401 4044 [διον
3437 3989 3695 4071 ἀγγέλοις

1698 4287 2085 4345 COMBEF’ISII
2110 4287 2339 4344 NOTAE}.

512 4398 623 4474 (52)
657 4401 965 4475 secundum
987 4401 1223 4475 unionis,
1265 4398 1495 4475 adeoque
1524 4399 1885 4475 subsistentia:
1922 4417 2008 4453 ra-
2042 4404 2085 4459 D
2110 4399 2639 4475 qtiitur,_siq_ui_dem
2681 4410 2865 4472 potest
2918 4404 3039 4475 ipse
3070 4404 3280 4472 eloqui,
3320 4401 3466 4471 quod
3522 4375 3693 4475 toties

441 4467 657 4527 tionem.
688 4469 801 4525 Εἶτ’
823 4467 916 4525 οὖν
946 4471 1294 4532 ὑποστάσεως
1326 4467 1505 4536 λόγον.
1547 4468 1775 4523 Locutio
1807 4471 2009 4523 fortna-

445 4543 675 4600 Iissiuia.
717 4541 932 4610 Ubique
971 4542 1134 4596 etiam
1190 4540 1283 4592 alii
1334 4539 1523 4610 Patres
1552 4547 1765 4593 tantum
1816 4554 2009 4610 sacra.-

444 4620 690 4667 mentum
728 4608 934 4665 unione
962 4610 1259 4679 explicant,
1293 4608 1387 4662 sed
1427 4624 1665 4672 summa,
1701 4619 1753 4679 et
1779 4608 2009 4679 alterius

444 4682 675 4760 rationis
698 4681 768 4735 ab
796 4681 1016 4740 unione.
1036 4676 1281 4760 quaeest
1308 4685 1520 4759 tantum
1547 4676 1851 4760 secundum
1872 4677 2010 4760 ραυ-

442 4751 703 4811 ctionem,
738 4765 901 4819 quam
939 4746 1140 4819 passim
1179 4746 1351 4819 ϐριεςὶ
1385 4746 1649 4819 σχετικὴν
1686 4759 1906 4819 vocant,
1946 4762 2009 4801 ac

446 4820 648 4874 unione
707 4816 1020 4874 ineffabili:
1076 4819 1156 4873 sic
1217 4816 1425 4870 divine
1464 4816 1757 4886 Angelicus
1816 4818 2012 4870 doctor

442 4904 633 4960 opusc.
655 4905 714 4953 II,
733 4904 786 4946 c.
808 4888 882 4943 τε
909 4906 923 4944 :
950 4887 1288 4960 Ipsu_diviiiu
1312 4895 1505 4939 natura
1518 4887 1583 4960 in
1610 4888 1783 4960 seipse
1812 4887 2010 4953 integra

442 4955 495 5014 ei
538 4975 672 5028 pura
702 4955 1100 5028 exsistens'sibi
1136 4955 1366 5027 quodam
1410 4957 1564 5009 modo
1615 4956 2009 5028 incomprehen-

445 5026 586 5084 sibili
639 5038 688 5083 et
723 5026 985 5096 ineﬁ'abili
1036 5027 1324 5080 humanam
1355 5036 1627 5087 naturam,
1655 5041 1719 5078 ex
1747 5027 1928 5079 anima
1961 5035 2010 5078 et

445 5114 665 5169 corpore
707 5098 1052 5169 constitutam
1103 5096 1408 5169 assumpsit.
1443 5097 1801 5164 Declaratque
1829 5110 2012 5169 exem-

448 5165 550 5238 plo'
596 5168 973 5233 instrumenti,
1036 5166 1199 5238 quod
1239 5166 1343 5219 sibi
1402 5181 1571 5238 agens
1629 5175 1780 5238 tanto
1834 5165 2011 5238 magis

447 5233 701 5309 applicat,
730 5245 937 5309 quanto
968 5233 1067 5309 est'
1097 5235 1322 5304 inajor‘s
1367 5233 1581 5309 viriutis
1606 5252 1621 5300 ;
1651 5233 1793 5289 Sicut
1827 5233 2009 5309 igitur,

447 5305 645 5376 iiiiiuit,
681 5309 849 5360 virtus
871 5308 1049 5376 divina
1083 5315 1299 5376 propter
1317 5305 1400 5358 sui
1427 5305 1747 5376 inﬁnitatem
1772 5316 1852 5376 est
1887 5307 2012 5373 in/i-

447 5374 560 5431 nita
583 5388 630 5431 et
656 5375 1216 5444 incomprehensibilis,
1253 5376 1330 5427 ita
1367 5375 1554 5428 modus
1581 5390 1680 5443 quo
1713 5374 1815 5427 sibi
1847 5377 2012 5428 univit

446 5449 731 5500 humanam
756 5456 1004 5500 naturam
1021 5445 1286 5508 Christus,
1303 5446 1455 5513 quasi
1476 5460 1729 5514 organum
1748 5446 2012 5511 quoddam

449 5519 517 5568 ad
573 5517 819 5569 humanm
858 5515 1051 5569 εαίιιιὶε
1083 5516 1162 5582 ei]?
1182 5526 1348 5575 ctum,
1399 5524 1476 5568 cst
1522 5516 1667 5567 nolis
1703 5515 2010 5582 ilic/labilis,

452 5595 496 5636 et
528 5585 786 5638 excellens
819 5602 1021 5639 onmem
1078 5587 1242 5637 aliam
1280 5587 1522 5637 unionem
1562 5585 1655 5638 Dei
1698 5584 1765 5636 ad
1806 5595 2013 5636 creatu-

456 5668 589 5704 mm.
630 5652 720 5706 Sic
753 5656 913 5706 etiam
960 5670 1147 5719 opusr.
1176 5670 1255 5716 ιιι,
1301 5656 1392 5707 ιιιιί
1450 5655 1735 5709 consultus
1786 5655 1853 5708 de
1890 5655 2012 5715 fide,

460 5721 877 5775 sollicitantibus
909 5723 1220 5778 infidelibus
1256 5724 1567 5793 iespoudct,
1605 5740 1667 5777 ac
1703 5725 1874 5795 magis
1906 5724 2016 5778 clo-

2115 4469 2389 4525 ineffabile
2412 4469 2549 4525 dixit
2574 4488 2587 4523 :
2615 4469 2807 4540 praeter
2826 4469 3420 4529 com‘munem'mmlum
3446 4472 3691 4533 unionis.

2114 4555 2211 4609 per
2239 4541 2717 4610 inhabitationein,
2771 4544 2992 4597 modum
3033 4542 3331 4610 quemdam
3385 4542 3539 4610 ponit
3574 4543 3692 4595 siu-

2115 4610 2374 4678 gularemi
2395 4625 2504 4677 quo
2538 4609 2678 4665 Deus
2726 4612 2781 4664 in
2816 4609 3233 4667 Cliristo’esset
3262 4609 3453 4666 unitus
3492 4612 3693 4664 huma-

2116 4677 2274 4750 nitati
2304 4696 2316 4731 :
2352 4677 2441 4733 Ita
2468 4679 2605 4747 quod
2627 4682 2861 4735 humana
2894 4691 3091 4737 natura
3120 4692 3254 4735 esset
3285 4681 3534 4750 quardam
3562 4679 3695 4733 Filii

2117 4747 2215 4801 Dei
2266 4759 2485 4823 natura,
2531 4758 2686 4823 etc,
2732 4750 2991 4823 nimirum
3023 4747 3415 4823 appropriaute
3471 4752 3594 4823 ip‘so
3640 4761 3696 4805 et

2116 4832 2271 4871 suam
2303 4817 2563 4884 faciente,
2595 4818 2809 4873 inﬁnita
2848 4822 2943 4876 illa
2969 4816 3073 4875 sua
3098 4816 3305 4876 'virt’ute
3338 4831 3395 4874 et
3423 4816 3695 4874 traﬁioue

2117 4887 2199 4957 ad
2219 4901 2337 4940 sua.
2368 4888 2459 4943 Sic
2487 4902 2587 4957 ego
2620 4889 2798 4944 libens
2842 4899 3252 4946 sacramentum
3303 4890 3690 4944 absconditum

2119 4956 2424 5019 habuerim,
2447 4956 2548 5012 nec
2583 4958 2744 5013 facile
2769 4960 2944 5024 aliud,
2971 4960 3116 5015 velut
3137 4961 3305 5014 etiam
3327 4958 3693 5026 expositionis

2116 5027 2318 5098 Specie,
2369 5036 2436 5098 ut
2481 5043 2549 5082 ne
2598 5028 2745 5082 aliud
2796 5030 3089 5097 minusque
3133 5029 3345 5098 sanctis
3379 5029 3692 5098 probatura,

2119 5096 2199 5149 vel
2275 5097 2540 5171 audierim
2608 5099 2691 5151 vel
2761 5096 3127 5171 probaverim.
3162 5096 3454 5167 interpres
3510 5099 3695 5163 minus

2119 5174 2278 5236 caute
2308 5184 2321 5220 :
2354 5167 2596 5234 Adeoque
2623 5168 2863 5222 essentia:
2890 5167 3187 5230 rationem;
3215 5183 3535 5236 quanquam
3565 5176 3695 5220 ante

2119 5233 2478 5304 Eutyclietem
2514 5233 2639 5291 non
2688 5237 2931 5292 absimili
2965 5238 3128 5293 modo
3173 5233 3367 5292 Patres
3387 5233 3568 5291 locuti
3607 5237 3692 5290 in-

2121 5306 2436 5372 veniantur,
2489 5313 2549 5359 ut
2601 5321 2783 5362 veram
2828 5314 3044 5362 tantum
3088 5316 3143 5365 et
3194 5307 3500 5361 naturalem
3546 5306 3691 5359 illam

2123 5378 2401 5439 unionem,
2422 5376 2571 5445 salva
2600 5382 2799 5430 tamen
2813 5378 3053 5437 essentia
3082 5376 3386 5440 unitorum,
3417 5375 3695 5445 signiﬁca-

2122 5455 2264 5510 rent,
2299 5461 2460 5516 quani
2489 5444 2780 5501 Nestorius
2807 5448 3044 5501 tolleret.

2192 5512 2673 5587 (53)‘Quiprimus
2723 5525 3018 5571 corruerat.
3093 5516 3152 5587 ’Θ
3207 5514 3421 5586 πρῶτος
3488 5512 3702 5567 πεσὼν.
3778 5580 3785 5587 ἱ

2122 5585 2325 5653 Nempe
2359 5586 2553 5651 Adam,
2584 5585 2677 5652 qui
2713 5588 2831 5653 ipse
2863 5602 2965 5642 suo
2994 5585 3177 5651 modo,
3213 5585 3265 5640 in
3308 5594 3591 5654 assumpta
3626 5599 3694 5641 ex

2125 5656 2213 5709 illo
2243 5667 2455 5720 natura,
2491 5656 2813 5713 assumitur.
3429 5662 3439 5672 ”
