4032 6138
332 341 442 404 897

330 527 546 598 καρπὸς
575 526 670 596 τῆς
699 523 906 587 κοιλίας
935 539 1052 576 σου.
1089 540 1108 572 ι
1147 523 1514 586 Καὶ-εἰκότως
1543 523 1906 596 εὐλογημένη.

334 622 608 690 eamme:
641 617 750 688 γάρ
784 633 845 669 σε
873 617 902 668 ὁ
929 614 1061 676 Θεὸς
1097 613 1158 667 τδ
1181 613 1346 667 αὐτοῦ
1382 617 1670 686 σκήνωμα,
1697 617 1786 670 ὅτε
1819 617 1910 669 τὸν

333 711 656 783 ὑπερπλήρη
698 709 800 778 τῆς
835 705 1112 776 πατρικῆς
1143 705 1300 778 δόξης
1347 706 1636 777 ἄνθρωπον
1673 709 1910 778 Χριστὸν

343 803 554 876 Ἰησοῦν
575 842 591 868 ,
615 801 710 856 τὸν
737 799 898 854 αὐτὸν
919 799 1016 852 καὶ
1037 797 1191 862 Θεὸν,
1213 799 1272 852 έν
1295 799 1596 870 τελειότητι
1624 799 1733 854 τῶν
1761 801 1818 867 ἐξ
1837 795 1912 856 ὧν

329 899 421 950 καὶ
454 889 622 957 ὲν-αἷς
643 892 945 962 συνέστηκε
973 889 1210 960 φύσεων,
1258 891 1651 962 ἀπεριλήπτως
1679 893 1912 962 ὲκυοφό-

333 1005 527 1060 ρητας.
557 1006 578 1038 ‹
600 984 952 1057 Εὐλογημένη
979 983 1042 1037 σύ
1073 983 1130 1036 ὲν
1145 983 1412 1052 γυναιξὶν,
1439 1003 1458 1036 ι
1487 986 1520 1056 ἡ
1545 985 1638 1039 τὸν
1663 986 1914 1056 οὐράνιον

330 1077 628 1150 θησαυρὸν,
658 1095 678 1128 ι
708 1079 766 1130 ὲν
786 1069 831 1144 ᾧ
855 1075 1055 1138 πάντες
1082 1076 1220 1128 εἰσὶν
1236 1077 1286 1127 oi
1315 1074 1578 1146 θησαυροὶ
1599 1079 1696 1148 τῆς
1723 1077 1913 1146 σοφίας

329 1173 426 1225 καὶ
467 1170 568 1238 τῆς
607 1167 864 1238 γνώσεως
917 1167 1260 1238 ἀπόκρυφοι,
1303 1185 1322 1218 ι
1363 1168 1420 1220 ὲν
1451 1167 1532 1239 τῷ
1577 1169 1762 1242 ἀσύλῳ
1815 1171 1914 1240 τῆς

331 1259 635 1330 παρθενίας
665 1273 760 1310 σου
799 1257 1070 1328 ταμιείῳ,
1105 1257 1563 1328 ἀστενοχωρήτως
1591 1262 1910 1332 χωρήσασα.

333 1347 406 1398 Σὺ
440 1343 656 1415 ἀληθῶς
680 1345 1041 1416 εὐλογημένη,
1080 1364 1098 1398 ι
1131 1341 1201 1417 ἦς
1237 1347 1269 1416 ἡ
1299 1347 1475 1400 κοιλία
1509 1347 1741 1420 Θημονία
1773 1349 1914 1404 ἅλω-

335 1451 459 1500 νος·
500 1454 520 1486 ι
552 1435 635 1488 ὃτι
668 1436 878 1506 καρπὸν
909 1435 1179 1504 εὐλογίας,
1223 1437 1316 1490 τὸν
1342 1438 1548 1508 στάχυν
1576 1441 1676 1509 τῆς
1705 1440 1916 1511 ἀφθαρ-

337 1528 459 1590 σίας
487 1527 740 1599 Χριστὸν,
769 1528 1191 1598 ἀσπερμάντως,
1221 1529 1594 1600 ἀγεωργήτως
1627 1533 1914 1602 ὲτελεσφόο

341 1635 538 1690 ρησας,
599 1617 871 1689 πολύχουν
917 1620 1148 1690 ἄμητον,
1203 1621 1621 1692 μυριοπλὰσιον,
1675 1623 1918 1693 χιλιάδας

333 1710 747 1780 εὐθυνουμένων
776 1709 854 1780 τῷ
881 1709 1112 1780 γεωργῷ
1136 1711 1238 1781 τῆς
1259 1713 1416 1782 ἡμῶν
1453 1714 1726 1785 σωτηρίας
1751 1732 1920 1786 προσ-

333 1801 530 1867 ἀξασα.
583 1800 654 1854 Σὺ
693 1799 908 1870 ἀληθῶς
943 1799 1306 1871 εὐλογημένη,
1346 1803 1379 1872 ἡ
1415 1803 1548 1874 μόνη
1585 1805 1775 1858 πασῶν
1808 1823 1916 1876 μη-

331 1891 513 1961 τέρων
544 1889 1039 1961 προετοιμασθεῖσα
1059 1892 1242 1961 μήτηρ
1275 1893 1370 1944 τοῦ
1397 1894 1633 1949 Κτίστου
1669 1913 1783 1961 σου,
1823 1897 1917 1950 καὶ

333 1981 409 2034 τὰ
445 1981 698 2051 μητέρων
746 1979 1006 2037 λαθοῦσα.
1039 1982 1161 2034 Ὅτι
1207 1985 1280 2054 μὴ
1315 1986 1416 2053 τῆς
1463 1985 1761 2056 παρθενίας
1817 1989 1918 2058 τῆς

337 2073 442 2142 σῆς
466 2073 528 2124 τὸ
554 2071 833 2142 ἐξαίρετον
873 2071 1158 2142 μητρῴαις
1177 2073 1328 2127 ὠδῖσι
1359 2075 1630 2146 διέφθορε,
1653 2077 1748 2130 τοῦ
1778 2095 1920 2150 παρ-

335 2161 555 2216 θενικοῦ
579 2179 673 2215 σου
710 2163 944 2233 βλαστοῦ
963 2164 1030 2217 τὰ
1060 2163 1162 2233 τῆς
1201 2166 1421 2233 ἁγνείας
1441 2183 1536 2219 σου
1577 2168 1694 2222 σῶα
1727 2185 1921 2242 συντη-

335 2257 608 2326 ρήσαντος
641 2255 950 2326 σήμαντρα.
993 2255 1066 2307 Σὺ
1094 2257 1264 2320 ὅντως
1308 2257 1670 2329 εὐλογημένη,
1704 2261 1737 2327 ἠ
1781 2260 1918 2331 μόνη

333 2346 618 2416 ἀνάνδρως
673 2347 1062 2416 κυοφορήσασα
1093 2346 1186 2397 τὸν
1214 2348 1340 2410 τοὺς
1387 2349 1649 2419 οὐρανοὺς
1691 2351 1919 2404 ἐκτανύ-

337 2453 532 2501 σαντα,
561 2437 658 2490 καὶ
685 2437 787 2508 τὴν
815 2437 921 2506 γῆν
952 2438 1052 2508 τῆς
1098 2437 1399 2506 παρθενίας
1441 2457 1535 2492 σου
1572 2439 1922 2512 ξενοπρεπῶς

335 2528 751 2600 οὐρανώσαντα.
811 2547 830 2580 ι
877 2529 1234 2600 Εὐλογημένη
1293 2531 1358 2582 σὺ
1406 2530 1462 2584 ἐν
1511 2531 1776 2600 γυναιξὶν,
1815 2551 1848 2611 ν⁴
1887 2535 1919 2602 ἠ

339 2620 484 2690 μόνη
518 2619 616 2690 τὴν
641 2620 892 2688 εὐλογίαν
922 2621 1348 2692 κληρωσαμένη,
1377 2621 1442 2692 ἣν
1473 2623 1552 2684 είς
1581 2623 1649 2676 τὰ
1679 2623 1806 2692 ἔθνη
1835 2624 1922 2678 διὰ

335 2700 436 2764 τοῦ
477 2711 728 2782 Ἀϐραὰμ
785 2714 814 2764 ὀ
850 2711 982 2776 Θεὸς
1021 2713 1406 2784 ἐπηγγείλατο.
1447 2713 1519 2766 Σὺ
1567 2715 1784 2784 ἀληθῶς
1835 2717 1924 2769 εὐ-

335 2801 655 2871 λογημένη,
703 2801 780 2864 ὡς
838 2801 974 2872 μόνη
1021 2803 1113 2856 τοῦ
1165 2803 1459 2874 εὐλογητοῦ
1509 2805 1701 2868 παιδὸς
1743 2806 1920 2874 Ἰησοῦ

338 2891 584 2961 Χριστοῦ
627 2892 725 2944 καὶ
754 2892 1008 2962 Σωτῆρος
1051 2893 1206 2963 ἡμῶν
1261 2894 1652 2964 χρηματίσασα
1707 2897 1920 2968 μήτηρο

335 2981 410 3034 δι’
441 2977 511 3052 ἦς
549 2981 746 3052 κράζει
789 2982 858 3035 τὰ
897 2981 1060 3053 ἔθνη·
1097 3002 1115 3034 ι
1153 2984 1529 3054 Εὐλογημένος
1562 2987 1591 3037 ὁ
1630 2987 1924 3057 ἐρχόμενος

1355 321 1440 382 ΙΝ
1471 318 2168 385 ANNUNTIATIONEM
2219 321 2286 380 Β.
2319 320 2606 381 ΜΑΒΙΛΕ.

407 458 426 490 ι
467 433 818 505 Εὐλογημένη
869 430 933 485 σὺ
969 432 1026 484 ἐν
1067 430 1317 498 γυναιξὶ,
1361 434 1455 485 καὶ
1486 433 1852 505 εὐλογημένος
1885 436 1912 486 ὁ
1943 444 1982 496 Α

3485 327 3593 391 898

2093 451 2111 484 ι
2143 431 2435 488 Benedicta
2491 441 2550 486 tu
2618 431 2760 486 inter
2815 431 3103 498 mulieres,
3165 441 3218 487 et
3264 431 3590 492 benedictus

2012 526 2232 580 fructus
2265 524 2476 578 ventris
2501 525 2578 578 tui
2612 536 2659 578 ε.
2703 543 2721 574 ι
2759 525 2834 578 Ac
2863 539 2988 578 vere
3016 525 3239 591 quidem
3273 527 3589 583 benedicta.

2015 617 2146 671 Nam
2211 616 2494 672 benedixit
2546 623 2597 670 te
2679 615 2824 669 Deus
2861 612 3056 669 ‘suum
3139 617 3592 684 tabernaculum,

2013 712 2238 780 quando
2288 720 2520 778 paterna
2553 708 2732 778 gloria
2771 707 2974 761 eximie
3006 708 3232 777 plenum
3259 749 3272 772 ,
3313 710 3594 767 hominem

2011 803 2297 857 Christum
2355 801 2542 855 Jesum
2601 800 2972 868 eumdemque
3031 799 3250 878 Deum”,
3293 805 3596 872 exquibus

2015 911 2080 948 ac
2113 897 2167 948 in
2200 893 2406 964 quibus
2458 892 2738 962 perfectus
2802 899 3022 946 constat
3069 892 3326 956 naturis,
3381 894 3596 948 incom-

2015 987 2284 1054 prehensa
2337 983 2555 1038 ratione
2613 991 2771 1036 utero
2828 983 3081 1051 gestasti.
3138 1001 3158 1034 ι
3211 981 3508 1036 Benedicta
3539 993 3594 1038 tu

2015 1077 2160 1132 inter
2197 1075 2482 1136 mulieres,
2521 1093 2540 1125 ι
2577 1089 2699 1142 quae
2761 1074 3046 1128 cmlestem
3081 1073 3431 1138 thesaurum,
3474 1095 3492 1126 ι
3543 1077 3596 1130 in

2015 1180 2128 1235 quo
2165 1177 2288 1220 sunt
2345 1179 2540 1218 omnes
2601 1163 2844 1216 thesauri
2902 1163 3187 1232 sapientiae
3247 1172 3300 1218 et
3351 1165 3600 1220 scientia!

2016 1259 2350 1323 absconditi,
2387 1275 2406 1310 ι
2460 1259 2514 1312 ἰιι
2572 1266 2678 1312 tum
2727 1257 3068 1326 virginitatis
3122 1257 3391 1312 inviolato
3449 1261 3600 1313 velut

2015 1351 2400 1422 promptuario
2447 1351 2620 1404 libere
2673 1350 2959 1417 complexa
3018 1365 3098 1403 es.
3143 1347 3285 1404 Vere
3339 1359 3396 1402 tu
3433 1353 3600 1405 bene-

2016 1444 2163 1498 dicta
2195 1486 2208 1506 ,
2245 1441 2405 1511 cujus
2451 1457 2471 1492 ι
2505 1449 2698 1494 venter
2744 1455 2980 1503 acervus
3012 1456 3157 1495 areae
3186 1441 3238 1505 ι’,
3276 1465 3294 1494 ο
3333 1443 3594 1511 quoniam

2019 1527 2258 1582 lructum
2327 1525 2732 1583 benedictionis
2802 1527 3091 1583 Christum
3159 1530 3598 1586 innuat-talitatis

2019 1620 2254 1688 spicam,
2285 1618 2405 1673 sine
2438 1619 2648 1672 semine
2683 1633 2748 1672 ac
2781 1619 2935 1672 nullo
2967 1619 3250 1674 hominum
3287 1622 3594 1686 excolente,

2019 1724 2198 1762 messe
2228 1709 2450 1775 copiosa
2483 1715 2539 1762 et
2581 1707 2980 1761 innumerabili
3039 1723 3102 1762 ac
3171 1709 3362 1762 multis
3412 1709 3600 1763 lmtan-

2020 1802 2158 1854 tium
2213 1800 2462 1854 millibus
2518 1801 2772 1853 humanae
2825 1799 3026 1854 salutis
3079 1799 3278 1854 colono
3312 1801 3597 1866 adductis,

2019 1893 2334 1946 absolutum
2397 1885 2636 1944 fructum
2688 1890 3028 1961 produxisti.
3070 1887 3154 1944 Tu
3204 1906 3334 1945 vere
3377 1891 3600 1944 benedi-

2019 1991 2128 2046 cta,
2163 1997 2288 2052 quae
2325 1983 2440 2037 sola
2478 1989 2722 2034 matrum
2762 1981 3021 2037 Creatori
3055 1991 3354 2036 tuomaler
3385 1997 3598 2052 praepa-

2021 2082 2162 2138 rata,
2213 2087 2334 2143 quae
2389 2081 2522 2128 sunt
2567 2082 2804 2127 matrum
2863 2073 3172 2129 nescivisti.
3247 2072 3406 2128 llaud
3450 2075 3596 2128 enim

2019 2165 2227 2220 eximia
2285 2165 2376 2218 illa
2423 2173 2516 2217 tua
2555 2165 2848 2233 virginitas
2897 2174 3152 2220 materno
3195 2172 3358 2234 partu
3391 2155 3600 2220 violata

2019 2263 2126 2319 est,
2192 2255 2448 2324 virginali
2497 2255 2746 2322 germine
2793 2261 2890 2306 tuo
2961 2255 3172 2324 integra
3234 2267 3600 2311 conservante

2020 2354 2129 2400 tum
2182 2344 2461 2400 castitatis
2522 2345 2834 2415 signacula.
2887 2343 3098 2398 Revera
3149 2345 3442 2400 benedicta
3499 2355 3596 2410 tu,

2021 2455 2143 2508 quae
2174 2440 2289 2493 sola
2321 2439 2443 2492 sine
2489 2440 2612 2490 viro
2648 2453 2770 2490 eum
2823 2447 2982 2492 utero
3013 2439 3342 2508 concepisti,
3377 2440 3473 2508 qui
3505 2455 3600 2494 ex-

2023 2531 2214 2600 pandit
2242 2532 2434 2591 cmlos,
2470 2545 2535 2584 ac
2580 2529 2828 2583 mirabili
2869 2530 3084 2583 ratione
3125 2537 3234 2584 tua:
3266 2531 3604 2598 virginitatis

2023 2627 2224 2674 terram
2277 2621 2477 2674 coelum
2527 2620 2676 2675 fecit.
2729 2638 2746 2669 ι
2784 2619 3076 2674 Benedicta
3133 2627 3189 2673 tu
3235 2621 3290 2674 in
3352 2622 3603 2676 mulieri-

2023 2713 2146 2774 bus,
2187 2731 2206 2763 ι
2259 2728 2378 2782 qua:
2411 2713 2525 2765 sola
2581 2711 3026 2766 benedictionem
3083 2712 3236 2766 velut
3288 2713 3606 2770 haereditate

2023 2817 2083 2856 es
2127 2811 2449 2864 consecuta,
2491 2815 2652 2869 quam
2713 2799 2856 2854 Deus
2896 2816 2997 2869 per
3028 2802 3312 2855 Abraham
3341 2802 3604 2872 gentibus

2027 2893 2384 2962 promiserat.
2411 2893 2549 2947 Vere
2585 2901 2642 2945 tu
2676 2893 2990 2957 benedicta,
3033 2903 3092 2946 ut
3121 2909 3243 2962 quae
3283 2895 3398 2948 sola
3435 2895 3606 2950 bene--

2025 2983 2157 3036 dir-ti
2193 2983 2356 3052 puer'r
2376 2981 2504 3037 Jcsu
2539 2981 2739 3037 Christi
2779 2997 2842 3037 ac
2876 2982 3187 3039 Salvatoris
3221 2986 3402 3040 nostri
3431 2985 3607 3041 fueris

340 3075 401 3127 ἐν
428 3073 654 3144 ὀνόματι
682 3074 908 3144 Κυρίου.
943 3093 962 3126 ι
986 3074 1094 3128 Καί
1113 3091 1126 3103 ⁸
1163 3093 1181 3126 ι
1205 3075 1508 3148 Εὐλογητδν
1537 3079 1596 3131 τὸ
1625 3079 1796 3149 ὄνομα
1823 3083 1920 3151 τῆς

2027 3081 2225 3136 mater,-
2277 3091 2374 3144 per
2423 3089 2588 3144 quam
2633 3083 2822 3142 gentes
2869 3075 3152 3128 clamant:
3214 3093 3239 3146 ι
3273 3075 3610 3134 Benedictus

337 3163 501 3234 δόξης
529 3165 694 3217 αὐτοῦ
728 3165 808 3228 είς
848 3165 939 3217 τὸν
973 3165 1146 3218 αίῶνα
1169 3181 1184 3194 ·
1229 3168 1322 3219 καὶ
1376 3167 1796 3238 πληρωθήσεται
1829 3171 1927 3241 τῆς

339 3253 504 3324 δόξης
534 3253 698 3307 αὐτοῦ
733 3256 938 3324 πᾶσαή
977 3255 1082 3324 γῆ·
1115 3256 1346 3323 γένοιτο,
1376 3258 1606 3326 γένοιτο.
1643 3278 1660 3309 ι

421 3454 440 3488 ι
477 3435 831 3506 Εὐλογημένη
865 3436 928 3490 σὺ
962 3439 1020 3489 ἐν
1055 3437 1324 3504 γυναιξὶν,
1353 3439 1475 3521 »ῌῆν
1507 3457 1528 3490 ι
1563 3443 1925 3512 μακαρίζουσι

343 3527 557 3594 γενεαὶ,
590 3543 612 3578 ι
641 3529 708 3595 ἢν
737 3523 1019 3589 δοξάζουσι
1051 3525 1288 3594 βασιλεῖς
1311 3543 1324 3558 ·
1355 3527 1423 3597 ἢν
1447 3529 1814 3594 προσκυνοῦσι
1838 3531 1927 3583 δυ·

345 3618 579 3670 νάσταισ
611 3635 630 3669 ι
661 3612 728 3689 ἧς
773 3619 1064 3687 πρόσωπον
1098 3619 1470 3672 λιτανεύουσιν
1511 3619 1582 3690 [οἱ
1651 3621 1924 3692 πλούσιοι]

345 3710 442 3762 τοῦ
485 3708 618 3761 λαοῦ
642 3724 656 3737 ’
689 3709 782 3760 καὶ
815 3709 1077 3778 παρθένοι
1117 3709 1294 3763 ὀπίσω
1329 3712 1496 3782 αὐτῆς
1527 3731 1544 3762 ι
1579 3713 1843 3782 ὲπόμενκί
1867 3732 1923 3766 τε

346 3801 446 3852 καὶ
491 3800 912 3870 προεξερχουσαι
938 3801 983 3832 ⁸ο
1011 3841 1027 3866 ,
1080 3820 1100 3852 ι
1132 3802 1213 3864 είς
1259 3802 1384 3856 ναὸν
1429 3803 1688 3872 βασιλέως
1723 3825 1740 3856 ι
1799 3825 1925 3859 συν-

347 3887 690 3942 ελαύνουσιν.
715 3907 734 3938 σ
758 3888 1114 3963 Εὐλογημένη
1132 3888 1196 3940 σὺ
1216 3889 1273 3940 ὲν
1298 3890 1596 3956 γυναιξίν-ι
1620 3892 1927 3960 ἣνἫσαϊλς

353 3979 482 4033 tam
515 3982 870 4050 προφητικῶς
909 3980 1154 4050 ὖμμασι,
1190 3999 1210 4031 ι
1250 3981 1560 4052 Προφήτιδα
1595 3985 1685 4034 καὶ
1719 3985 1926 4055 Παρθέ-

351 4088 444 4126 νον
481 4090 500 4121 ι
539 4070 810 4141 ὠνόμασε,
845 4071 1104 4125 πλίνθον
1135 4087 1194 4125 τε
1234 4069 1324 4136 αὖ,
1365 4073 1458 4125 καὶ
1494 4091 1511 4124 ι
1543 4073 1705 4126 τόπον
1737 4075 1804 4139 ²¹,
1841 4079 1932 4130 καὶ

424 4239 454 4269 ει
491 4225 625 4282 Luc.
663 4243 702 4290 ι,
736 4224 836 4282 42.
918 4226 946 4266 ιι
982 4225 1140 4280 Cant.
1171 4241 1269 4294 vn,
1295 4227 1354 4280 2.

2031 3165 2126 3234 qui
2161 3169 2307 3218 venit
2343 3167 2396 3218 in
2429 3166 2650 3220 nomine
2680 3165 2888 3220 Domini
2921 3185 2935 3232 ;
2975 3185 2994 3216 ι
3029 3177 3081 3220 et
3117 3184 3130 3218 :
3178 3185 3196 3218 ι
3241 3165 3607 3222 Benedictum

2031 3271 2234 3311 nomen
2287 3257 2477 3326 gloria:
2529 3258 2648 3326 ejus
2711 3259 2764 3310 in
2821 3265 3123 3311 aeternum:
3173 3265 3228 3312 et
3302 3261 3608 3330 replebitur

2031 3348 2204 3418 gloria
2238 3348 2360 3416 ejus
2391 3351 2569 3404 omnis
2597 3358 2783 3402 terra:
2818 3350 2932 3414 ﬁat,
2977 3351 3088 3404 ﬁat.
3126 3368 3144 3402 ι

2111 3457 2128 3488 ι
2165 3437 2458 3490 Benedicta
2492 3447 2548 3490 tu
2600 3439 2651 3491 in
2704 3439 3072 3494 mulieribus:
3114 3460 3132 3491 ι
3185 3455 3348 3510 quam
3386 3462 3403 3494 ι
3441 3459 3609 3516 gene-

2034 3529 2280 3582 rationes
2315 3531 2526 3582 beatam
2567 3550 2585 3582 ι
2623 3531 2836 3594 dicunt,
2867 3545 3030 3600 quam
3077 3547 3236 3600 reges
3261 3535 3607 3602 glorificent,

2033 3635 2200 3688 quam
2247 3620 2481 3674 adorant
2524 3622 2840 3690 principes:
2901 3642 2921 3672 ι
2956 3621 3120 3692 cujus
3151 3623 3369 3676 vultum
3411 3624 3608 3680 divites

2034 3712 2209 3780 plebis
2241 3711 2653 3780 deprecantur:
2693 3715 3046 3784 virginesque
3094 3722 3216 3784 post
3251 3729 3373 3768 eam
3411 3715 3545 3784 (65),
3581 3736 3600 3768 ι

2037 3819 2144 3872 qua
2188 3813 2504 3872 sequentes,
2556 3821 2662 3873 qua
2698 3815 3026 3874 prmeuntes,
3063 3826 3080 3857 ι
3137 3808 3192 3862 in
3236 3809 3497 3878 templum
3530 3825 3611 3862 re-

2033 3895 2116 3963 gis
2151 3913 2170 3944 ι
2210 3912 2313 3947 una
2353 3896 2719 3950 contendunt.
2759 3917 2777 3948 ι
2815 3897 3108 3953 Benedicta
3143 3908 3200 3954 tu
3252 3901 3306 3954 in
3359 3901 3608 3956 mulieri—

2037 3987 2160 4049 bus,
2193 4007 2208 4037 ι
2239 4003 2398 4056 quam
2433 3987 2599 4042 Isaias
2628 3987 2820 4044 videns
2851 3990 3190 4058 propheticis
3212 3993 3413 4057 oculis,
3444 4012 3462 4044 ι
3486 3991 3615 4045 Pro-

2039 4077 2346 4146 phetissam
2368 4087 2422 4132 et
2445 4077 2726 4148 Virginem
2753 4099 2772 4131 ι
2799 4080 3118 4148 appellavit;
3139 4101 3158 4133 ι
3180 4083 3402 4137 laterem
3430 4102 3449 4134 ι
3471 4083 3606 4152 (64).

1611 4404 1851 4462 unum
1881 4407 2288 4466 LECTIONES.
2360 4385 2371 4391 ’

430 4546 478 4578 ³⁸
509 4544 649 4616 Lege
681 4547 997 4618 ἐρχόμεναι.
1074 4547 1116 4578 ⁹¹
1147 4545 1288 4618 Lege
1317 4545 1516 4617 κῆπον.
1545 4547 1739 4604 Comb.

1633 4723 2016 4780 COMBEFISII
2056 4723 2288 4783 ΝΟΤΑΕ.

359 4873 708 4945 sacramento
737 4867 978 4946 maxime
1023 4865 1444 4946 incarnationis,
1465 4881 1494 4918 a
1516 4867 1688 4946 cujus
1713 4867 1930 4946 decreto
1968 4873 2011 4927 D
2045 4938 2058 4946 _
2111 4869 2524 4946 (64)_Laterem.
2557 4873 2816 4946 Hltvﬂov.
2842 4869 3094 4931 'Videtur
3145 4879 3419 4946 respicere
3481 4881 3616 4938 illud

358 4951 412 4988 et
447 4937 808 5001 praescientia,
833 4935 1074 4990 unmium
1107 4937 1340 4990 aliorum
1369 4938 1561 4990 salutis
1593 4939 1934 5004 prmscientia

359 5016 416 5058 et
445 5007 724 5060 decretum
759 5007 976 5069 pendet,
1003 5017 1060 5058 ut
1091 5006 1257 5059 Maria
1281 5005 1409 5059 Jesu
1441 5008 1704 5060 incarnati
1742 5007 1932 5071 Mater,

359 5074 646 5128 verissima
713 5075 1026 5141 praedicatio
1071 5075 1142 5128 sit
1195 5076 1366 5128 totius
1394 5084 1615 5137 nostrae,
1647 5091 1708 5128 ac
1737 5092 1934 5132 conse-

359 5143 585 5214 quentis
607 5142 674 5197 ad
708 5145 852 5196 illam
895 5141 1027 5198 Jesu
1069 5145 1626 5213 praedestinatiOnem,
1661 5145 1936 5214 przcdesti-

360 5213 606 5266 nationis
635 5228 699 5265 ac
731 5215 984 5284 gratuita:
1027 5214 1422 5282 providentiae:
1459 5215 1539 5270 sic
1573 5213 1775 5284 ubique
1827 5215 1935 5268 An-

361 5287 528 5335 dreas
559 5290 744 5337 uoster
772 5281 994 5351 grandis
1021 5281 1124 5338 est.

435 5375 548 5441 ('53)
590 5371 934 5445 Virginesque
963 5383 1077 5445 post
1117 5389 1254 5439 eam,
1286 5372 1595 5445 etc.Vcrba
1631 5382 1758 5427 sunt
1805 5376 1940 5445 psal.

365 5458 513 5506 xuv,
551 5443 696 5514 velut
742 5443 1062 5512 paraphrasi
1101 5445 1386 5514 exposita.
1441 5444 1568 5498 Post
1601 5459 1726 5514 eam
1771 5443 1900 5514 ergo
1927 5485 1942 5507 ,

365 5515 514 5565 velut
537 5513 740 5582 regina:
777 5514 1028 5574 comites,
1065 5513 1225 5582 eique
1255 5514 1479 5568 honoris
1523 5527 1686 5568 causa
1718 5513 1770 5566 in
1805 5513 1943 5568 lem-

364 5583 517 5651 plum
551 5581 714 5650 ltegis
737 5582 1092 5654 contendenti
1121 5581 1546 5654 itinerissociee,
1570 5598 1800 5654 quarum
1827 5586 1945 5638 ali-.e

365 5658 649 5776 praecaut,
703 5651 820 5707 alia:
865 5660 1201 5720 sequantur,
1237 5659 1308 5724 :ut
1339 5652 1397 5707 ﬁt
1425 5651 1738 5724 magnetum
1775 5655 1941 5707 sate!-

389 5730 506 5774 ιιιο.

389 5730 506 5774 ιιιο.

361 5782 383 5811 1

2045 4938 2337 5030 ίειῖιωίϐἆ-
2721 4962 2732 4996 :
2770 4943 2982 5030 riturum
3018 4947 3156 5000 cocti
3203 4938 3416 5029 (uteris;
3449 4966 3614 5019 quam

2043 5011 2232 5064 urbem
2272 5011 3094 5070 Moabitarum'munilissimam
3130 5011 3495 5073 communiter
3520 5037 3614 5076 ex—

2041 5089 2270 5156 ponunt,
2308 5089 2362 5156 et
2394 5098 2588 5135 nomen
2631 5087 2930 5152 proprium,
2966 5087 3110 5154 quod
3152 5089 3418 5156 interpres
3449 5104 3613 5156 expo-

2042 5151 2234 5212 suerit,
2268 5151 2412 5226 velut
2451 5151 2934 5226 esseteomnmnc,
2982 5151 3336 5226 expanatqu'e
3367 5151 3616 5214 Andreas

2045 5229 2252 5289 noster,
2293 5229 2347 5272 et
2401 5221 2452 5273 in
2489 5221 2711 5275 Mariam
2765 5221 3071 5289 allegorice
3111 5221 3424 5284 transferat.
3487 5244 3616 5282 vero

2045 5288 2191 5364 illam
2225 5290 2643 5344 munitissimam
2698 5293 2856 5364 nobis
2883 5288 3171 5348 "civitatem
3225 5305 3277 5349 et
3309 5297 3615 5364 perfugium

2045 5359 2545 5433 ultimum_,_t_it_non
2581 5360 2930 5433 raro,_»Muri
2986 5373 3192 5416 tantum
3223 5359 3412 5433 ﬁctiles
3447 5359 3616 5421 rema-

2044 5436 2198 5479 neant
2249 5426 2366 5500 (LV
2395 5426 2520 5496 Reg.
2561 5445 2641 5490 Ill,
2683 5429 2796 5500 ‘25).
2847 5426 3242 5487 Kirrlmrese'h'.
3296 5434 3486 5495 Maria,
3543 5439 3595 5489 in

2043 5509 2227 5572 quam,
2253 5497 2415 5572 cujus
2451 5511 2724 5572 nusquam
2755 5497 2884 5572 non
2919 5504 3092 5555 valeat
3126 5505 3190 5556 ad
3230 5507 3616 5572 patrocinium,

2043 5567 2208 5618 etiam
2258 5569 2380 5620 aliis
2415 5569 2564 5620 velut
2621 5568 2996 5625 amittenlibus
3031 5567 3324 5636 ﬁduciam,
3365 5567 3610 5630 materna

2043 5637 2400 5712 praerogativa
2423 5652 2450 5712 ;_
2462 5637 2606 5712 quod
2630 5645 2682 5692 ct
2713 5638 3092 5712 (let'otiSsiiituts
3109 5643 3432 5712 Germanus,
3459 5645 3618 5702 Orat.

2046 5703 2101 5756 in
2127 5703 2398 5775 Assumpt.
2433 5703 2634 5774 Moriar,
2671 5709 2876 5779 Optime
2923 5713 3226 5781 perpendit.
