  <div class='ocr_page' id='page_1' title='image "/cluster/home/n/w/nwhite01/storage/ocr_20150623/97/mdp.39015041892756/452.png"; bbox 0 0 4032 6138; ppageno 0'>
   <div class='ocr_carea' id='block_1_1' title="bbox 361 274 474 338">
    <p class='ocr_par' dir='ltr' id='par_1_1' title="bbox 361 274 474 338">
     <span class='ocr_line' id='line_1_1' title="bbox 361 274 474 338; baseline 0.035 -4"><span class='ocrx_word' id='word_1_1' title='bbox 361 274 474 338; x_wconf 73' lang='lat'><strong>905</strong></span> 
     </span>
    </p>
   </div>
   <div class='ocr_carea' id='block_1_2' title="bbox 1348 275 2587 344">
    <p class='ocr_par' dir='ltr' id='par_1_2' title="bbox 1348 275 2587 344">
     <span class='ocr_line' id='line_1_2' title="bbox 1348 275 2587 344; baseline 0.008 -10"><span class='ocrx_word' id='word_1_2' title='bbox 1348 275 1430 334; x_wconf 70' lang='lat' dir='ltr'><strong>IN</strong></span> <span class='ocrx_word' id='word_1_3' title='bbox 1469 275 2162 338; x_wconf 78' lang='lat' dir='ltr'><strong>ANNUNTIATIONEM</strong></span> <span class='ocrx_word' id='word_1_4' title='bbox 2199 281 2262 339; x_wconf 87' lang='grc' dir='ltr'><strong>Β.</strong></span> <span class='ocrx_word' id='word_1_5' title='bbox 2304 279 2587 344; x_wconf 67' lang='grc' dir='ltr'><strong>ΜΛΒΙίΕ.</strong></span> 
     </span>
    </p>
   </div>
   <div class='ocr_carea' id='block_1_3' title="bbox 3499 302 3602 364">
    <p class='ocr_par' dir='ltr' id='par_1_3' title="bbox 3499 302 3602 364">
     <span class='ocr_line' id='line_1_3' title="bbox 3499 302 3602 364; baseline 0.049 -4"><span class='ocrx_word' id='word_1_6' title='bbox 3499 302 3602 364; x_wconf 72' lang='grc'><strong>906</strong></span> 
     </span>
    </p>
   </div>
   <div class='ocr_carea' id='block_1_4' title="bbox 360 379 1901 466">
    <p class='ocr_par' dir='ltr' id='par_1_4' title="bbox 360 379 1901 458">
     <span class='ocr_line' id='line_1_4' title="bbox 360 379 1901 458; baseline 0.004 -24"><span class='ocrx_word' id='word_1_7' title='bbox 360 379 536 452; x_wconf 77' lang='grc' dir='ltr'><strong>χαράν</strong></span> <span class='ocrx_word' id='word_1_8' title='bbox 564 379 657 434; x_wconf 86' lang='grc' dir='ltr'><strong>τοῦ</strong></span> <span class='ocrx_word' id='word_1_9' title='bbox 689 381 746 432; x_wconf 82' lang='grc' dir='ltr'><strong>ἐν</strong></span> <span class='ocrx_word' id='word_1_10' title='bbox 777 379 860 432; x_wconf 69' lang='grc' dir='ltr'><strong>σοὶ</strong></span> <span class='ocrx_word' id='word_1_11' title='bbox 901 381 1197 452; x_wconf 74' lang='grc' dir='ltr'><strong>μυστηρίου</strong></span> <span class='ocrx_word' id='word_1_12' title='bbox 1252 385 1494 456; x_wconf 83' lang='grc' dir='ltr'><strong>μηνύσω.</strong></span> <span class='ocrx_word' id='word_1_13' title='bbox 1533 387 1901 458; x_wconf 62' lang='grc' dir='ltr'><strong>Κεχαριτωμέη</strong></span> 
     </span>
    </p>
   </div>
   <div class='ocr_carea' id='block_1_5' title="bbox 2004 379 3596 466">
    <p class='ocr_par' dir='ltr' id='par_1_5' title="bbox 2031 391 3596 466">
     <span class='ocr_line' id='line_1_5' title="bbox 2031 391 3596 466; baseline 0.012 -24"><span class='ocrx_word' id='word_1_14' title='bbox 2031 391 2082 442; x_wconf 90' lang='lat' dir='ltr'><strong>in</strong></span> <span class='ocrx_word' id='word_1_15' title='bbox 2120 399 2169 444; x_wconf 90' lang='lat' dir='ltr'><strong>te</strong></span> <span class='ocrx_word' id='word_1_16' title='bbox 2195 394 2532 447; x_wconf 90' lang='lat' dir='ltr'><strong>sacramenti</strong></span> <span class='ocrx_word' id='word_1_17' title='bbox 2563 394 2818 464; x_wconf 78' lang='lat' dir='ltr'><strong>gaudium</strong></span> <span class='ocrx_word' id='word_1_18' title='bbox 2862 397 3256 466; x_wconf 76' lang='lat' dir='ltr'><strong>signiﬁcarem.</strong></span> <span class='ocrx_word' id='word_1_19' title='bbox 3289 401 3596 460; x_wconf 86' lang='lat' dir='ltr'><strong>Gratiosatn</strong></span> 
     </span>
    </p>
   </div>
   <div class='ocr_carea' id='block_1_6' title="bbox 357 467 1929 550">
    <p class='ocr_par' dir='ltr' id='par_1_6' title="bbox 357 467 1929 550">
     <span class='ocr_line' id='line_1_6' title="bbox 357 467 1929 550; baseline 0.006 -26"><span class='ocrx_word' id='word_1_20' title='bbox 357 489 460 542; x_wconf 82' lang='grc' dir='ltr'><strong>νην</strong></span> <span class='ocrx_word' id='word_1_21' title='bbox 493 489 551 525; x_wconf 87' lang='grc' dir='ltr'><strong>σε</strong></span> <span class='ocrx_word' id='word_1_22' title='bbox 589 467 762 533; x_wconf 74' lang='grc' dir='ltr'><strong>εἷπον,</strong></span> <span class='ocrx_word' id='word_1_23' title='bbox 793 473 868 536; x_wconf 83' lang='grc' dir='ltr'><strong>ὡς</strong></span> <span class='ocrx_word' id='word_1_24' title='bbox 909 473 1078 545; x_wconf 72' lang='grc' dir='ltr'><strong>αὐτὴν</strong></span> <span class='ocrx_word' id='word_1_25' title='bbox 1105 475 1230 546; x_wconf 72' lang='grc' dir='ltr'><strong>ὃλην</strong></span> <span class='ocrx_word' id='word_1_26' title='bbox 1254 476 1351 547; x_wconf 82' lang='grc' dir='ltr'><strong>τὴν</strong></span> <span class='ocrx_word' id='word_1_27' title='bbox 1399 477 1576 549; x_wconf 75' lang='grc' dir='ltr'><strong>χαρὰν</strong></span> <span class='ocrx_word' id='word_1_28' title='bbox 1629 478 1929 550; x_wconf 75' lang='grc' dir='ltr'><strong>δεξαμένην</strong></span> 
     </span>
    </p>
   </div>
   <div class='ocr_carea' id='block_1_7' title="bbox 293 563 1926 642">
    <p class='ocr_par' dir='ltr' id='par_1_7' title="bbox 293 563 1926 642">
     <span class='ocr_line' id='line_1_7' title="bbox 293 563 1926 642; baseline 0.006 -29"><span class='ocrx_word' id='word_1_29' title='bbox 293 585 306 600; x_wconf 75' lang='grc' dir='ltr'><strong>ν</strong></span> <span class='ocrx_word' id='word_1_30' title='bbox 357 565 420 614; x_wconf 79' lang='grc' dir='ltr'><strong>ἐν</strong></span> <span class='ocrx_word' id='word_1_31' title='bbox 449 563 630 634; x_wconf 73' lang='grc' dir='ltr'><strong>μήτρᾳ</strong></span> <span class='ocrx_word' id='word_1_32' title='bbox 662 579 792 626; x_wconf 86' lang='grc' dir='ltr'><strong>σου,</strong></span> <span class='ocrx_word' id='word_1_33' title='bbox 848 565 940 616; x_wconf 76' lang='grc' dir='ltr'><strong>καὶ</strong></span> <span class='ocrx_word' id='word_1_34' title='bbox 975 565 1168 637; x_wconf 81' lang='grc' dir='ltr'><strong>στολὴν</strong></span> <span class='ocrx_word' id='word_1_35' title='bbox 1215 567 1382 631; x_wconf 78' lang='grc' dir='ltr'><strong>ὅντως</strong></span> <span class='ocrx_word' id='word_1_36' title='bbox 1422 569 1820 640; x_wconf 83' lang='grc' dir='ltr'><strong>χαριτωθεῖσαν</strong></span> <span class='ocrx_word' id='word_1_37' title='bbox 1859 575 1926 642; x_wconf 80' lang='grc' dir='ltr'><strong>τῇ</strong></span> 
     </span>
    </p>
   </div>
   <div class='ocr_carea' id='block_1_8' title="bbox 353 653 1928 738">
    <p class='ocr_par' dir='ltr' id='par_1_8' title="bbox 353 653 1928 738">
     <span class='ocr_line' id='line_1_8' title="bbox 353 653 1928 738; baseline 0.007 -33"><span class='ocrx_word' id='word_1_38' title='bbox 353 653 466 706; x_wconf 83' lang='grc' dir='ltr'><strong>τῶν</strong></span> <span class='ocrx_word' id='word_1_39' title='bbox 497 653 655 706; x_wconf 90' lang='grc' dir='ltr'><strong>θείων</strong></span> <span class='ocrx_word' id='word_1_40' title='bbox 709 655 1068 726; x_wconf 75' lang='grc' dir='ltr'><strong>χαρισμάτων</strong></span> <span class='ocrx_word' id='word_1_41' title='bbox 1119 657 1488 730; x_wconf 78' lang='grc' dir='ltr'><strong>λαμπρότητι.</strong></span> <span class='ocrx_word' id='word_1_42' title='bbox 1550 680 1570 713; x_wconf 73' lang='grc' dir='ltr'><strong>ι</strong></span> <span class='ocrx_word' id='word_1_43' title='bbox 1623 661 1680 714; x_wconf 89' lang='grc' dir='ltr'>Ὀ</span> <span class='ocrx_word' id='word_1_44' title='bbox 1723 661 1928 738; x_wconf 58' lang='grc' dir='ltr'><strong>ξύριος</strong></span> 
     </span>
    </p>
   </div>
   <div class='ocr_carea' id='block_1_9' title="bbox 354 745 1928 825">
    <p class='ocr_par' dir='ltr' id='par_1_9' title="bbox 354 745 1928 825">
     <span class='ocr_line' id='line_1_9' title="bbox 354 745 1928 825; baseline 0.008 -29"><span class='ocrx_word' id='word_1_45' title='bbox 354 747 498 814; x_wconf 75' lang='grc' dir='ltr'><strong>μετὰ</strong></span> <span class='ocrx_word' id='word_1_46' title='bbox 531 745 646 810; x_wconf 87' lang='grc' dir='ltr'><strong>σοῦ,</strong></span> <span class='ocrx_word' id='word_1_47' title='bbox 677 764 696 796; x_wconf 74' lang='grc' dir='ltr'><strong>ι</strong></span> <span class='ocrx_word' id='word_1_48' title='bbox 733 746 1155 818; x_wconf 74' lang='grc' dir='ltr'><strong>προσεφώνησα,</strong></span> <span class='ocrx_word' id='word_1_49' title='bbox 1177 749 1263 802; x_wconf 74' lang='grc' dir='ltr'><strong>ἵνα</strong></span> <span class='ocrx_word' id='word_1_50' title='bbox 1286 749 1382 820; x_wconf 79' lang='grc' dir='ltr'><strong>τὴν</strong></span> <span class='ocrx_word' id='word_1_51' title='bbox 1412 750 1661 815; x_wconf 77' lang='grc' dir='ltr'><strong>ἐξουσίαν</strong></span> <span class='ocrx_word' id='word_1_52' title='bbox 1685 753 1776 806; x_wconf 83' lang='grc' dir='ltr'><strong>τοῦ</strong></span> <span class='ocrx_word' id='word_1_53' title='bbox 1797 771 1928 825; x_wconf 86' lang='grc' dir='ltr'><strong>προ-</strong></span> 
     </span>
    </p>
   </div>
   <div class='ocr_carea' id='block_1_10' title="bbox 349 835 1927 917">
    <p class='ocr_par' dir='ltr' id='par_1_10' title="bbox 349 835 1927 917">
     <span class='ocr_line' id='line_1_10' title="bbox 349 835 1927 917; baseline 0.006 -29"><span class='ocrx_word' id='word_1_54' title='bbox 349 835 648 906; x_wconf 58' lang='grc' dir='ltr'><strong>δραμόντπ</strong></span> <span class='ocrx_word' id='word_1_55' title='bbox 707 839 766 891; x_wconf 83' lang='grc' dir='ltr'><strong>ἐν</strong></span> <span class='ocrx_word' id='word_1_56' title='bbox 816 839 902 891; x_wconf 74' lang='grc' dir='ltr'><strong>σοὶ</strong></span> <span class='ocrx_word' id='word_1_57' title='bbox 955 841 1344 911; x_wconf 83' lang='grc' dir='ltr'><strong>καταμηνύσω.</strong></span> <span class='ocrx_word' id='word_1_58' title='bbox 1408 861 1426 894; x_wconf 78' lang='grc' dir='ltr'><strong>ι</strong></span> <span class='ocrx_word' id='word_1_59' title='bbox 1461 843 1668 915; x_wconf 84' lang='grc' dir='ltr'><strong>Κύριος</strong></span> <span class='ocrx_word' id='word_1_60' title='bbox 1695 845 1803 917; x_wconf 75' lang='grc' dir='ltr'><strong>γὰρ</strong></span> <span class='ocrx_word' id='word_1_61' title='bbox 1833 847 1927 898; x_wconf 79' lang='grc' dir='ltr'><strong>καὶ</strong></span> 
     </span>
    </p>
   </div>
   <div class='ocr_carea' id='block_1_11' title="bbox 347 927 1926 1001">
    <p class='ocr_par' dir='ltr' id='par_1_11' title="bbox 347 927 1926 1001">
     <span class='ocr_line' id='line_1_11' title="bbox 347 927 1926 1001; baseline 0.007 -22"><span class='ocrx_word' id='word_1_62' title='bbox 347 927 482 990; x_wconf 71' lang='grc' dir='ltr'><strong>Θεὸς</strong></span> <span class='ocrx_word' id='word_1_63' title='bbox 513 927 888 998; x_wconf 77' lang='grc' dir='ltr'><strong>ὲξουσιαστὴς,</strong></span> <span class='ocrx_word' id='word_1_64' title='bbox 925 929 1110 1000; x_wconf 74' lang='grc' dir='ltr'><strong>ἅρχων</strong></span> <span class='ocrx_word' id='word_1_65' title='bbox 1135 932 1358 1001; x_wconf 74' lang='grc' dir='ltr'><strong>εἰρήνης</strong></span> <span class='ocrx_word' id='word_1_66' title='bbox 1387 951 1405 983; x_wconf 76' lang='grc' dir='ltr'><strong>ι</strong></span> <span class='ocrx_word' id='word_1_67' title='bbox 1433 934 1594 996; x_wconf 84' lang='grc' dir='ltr'><strong>αὑτός</strong></span> <span class='ocrx_word' id='word_1_68' title='bbox 1617 937 1752 1000; x_wconf 76' lang='grc' dir='ltr'><strong>ἐστι,</strong></span> <span class='ocrx_word' id='word_1_69' title='bbox 1793 955 1811 986; x_wconf 72' lang='grc' dir='ltr'><strong><em>ι</em></strong></span> <span class='ocrx_word' id='word_1_70' title='bbox 1831 937 1926 990; x_wconf 78' lang='grc' dir='ltr'><strong>καὶ</strong></span> 
     </span>
    </p>
   </div>
   <div class='ocr_carea' id='block_1_12' title="bbox 345 1019 1924 1097">
    <p class='ocr_par' dir='ltr' id='par_1_12' title="bbox 345 1019 1924 1097">
     <span class='ocr_line' id='line_1_12' title="bbox 345 1019 1924 1097; baseline 0.005 -26"><span class='ocrx_word' id='word_1_71' title='bbox 345 1019 442 1072; x_wconf 77' lang='grc' dir='ltr'><strong>τοῦ</strong></span> <span class='ocrx_word' id='word_1_72' title='bbox 475 1019 763 1087; x_wconf 79' lang='grc' dir='ltr'><strong>μέλλοντος</strong></span> <span class='ocrx_word' id='word_1_73' title='bbox 798 1021 992 1082; x_wconf 73' lang='grc' dir='ltr'><strong>αἰῶνος</strong></span> <span class='ocrx_word' id='word_1_74' title='bbox 1028 1022 1230 1092; x_wconf 80' lang='grc' dir='ltr'><strong>πατὴρ,</strong></span> <span class='ocrx_word' id='word_1_75' title='bbox 1263 1041 1280 1073; x_wconf 75' lang='grc' dir='ltr'><strong>ι</strong></span> <span class='ocrx_word' id='word_1_76' title='bbox 1329 1023 1423 1076; x_wconf 75' lang='grc' dir='ltr'><strong>καὶ</strong></span> <span class='ocrx_word' id='word_1_77' title='bbox 1457 1024 1550 1077; x_wconf 87' lang='grc' dir='ltr'><strong>σοῦ</strong></span> <span class='ocrx_word' id='word_1_78' title='bbox 1582 1025 1680 1095; x_wconf 84' lang='grc' dir='ltr'><strong>τῆς</strong></span> <span class='ocrx_word' id='word_1_79' title='bbox 1711 1027 1924 1097; x_wconf 83' lang='grc' dir='ltr'><strong>Παρθὲ-</strong></span> 
     </span>
    </p>
   </div>
   <div class='ocr_carea' id='block_1_13' title="bbox 343 1103 1917 1188">
    <p class='ocr_par' dir='ltr' id='par_1_13' title="bbox 343 1103 1917 1188">
     <span class='ocr_line' id='line_1_13' title="bbox 343 1103 1917 1188; baseline 0.004 -24"><span class='ocrx_word' id='word_1_80' title='bbox 343 1129 440 1164; x_wconf 85' lang='grc' dir='ltr'><strong>νου</strong></span> <span class='ocrx_word' id='word_1_81' title='bbox 465 1111 614 1173; x_wconf 73' lang='grc' dir='ltr'><strong>Υἱὸς,</strong></span> <span class='ocrx_word' id='word_1_82' title='bbox 637 1111 730 1162; x_wconf 72' lang='grc' dir='ltr'><strong>καὶ</strong></span> <span class='ocrx_word' id='word_1_83' title='bbox 759 1111 974 1163; x_wconf 77' lang='grc' dir='ltr'><strong>πάντων</strong></span> <span class='ocrx_word' id='word_1_84' title='bbox 997 1111 1208 1180; x_wconf 83' lang='grc' dir='ltr'><strong>Σωτήρ.</strong></span> <span class='ocrx_word' id='word_1_85' title='bbox 1239 1129 1258 1164; x_wconf 73' lang='grc' dir='ltr'><strong>ι</strong></span> <span class='ocrx_word' id='word_1_86' title='bbox 1292 1113 1350 1165; x_wconf 88' lang='grc' dir='ltr'>Ὀ</span> <span class='ocrx_word' id='word_1_87' title='bbox 1365 1103 1565 1184; x_wconf 78' lang='grc' dir='ltr'><strong>Κύριος</strong></span> <span class='ocrx_word' id='word_1_88' title='bbox 1595 1117 1731 1188; x_wconf 77' lang='grc' dir='ltr'><strong>μετὰ</strong></span> <span class='ocrx_word' id='word_1_89' title='bbox 1755 1118 1847 1170; x_wconf 87' lang='grc' dir='ltr'><strong>σοῦ</strong></span> <span class='ocrx_word' id='word_1_90' title='bbox 1869 1135 1882 1150; x_wconf 88' lang='grc'><strong>·</strong></span> <span class='ocrx_word' id='word_1_91' title='bbox 1899 1139 1917 1171; x_wconf 74' lang='grc' dir='ltr'><strong>ι</strong></span> 
     </span>
    </p>
   </div>
   <div class='ocr_carea' id='block_1_14' title="bbox 344 1201 1922 1276">
    <p class='ocr_par' dir='ltr' id='par_1_14' title="bbox 344 1201 1922 1276">
     <span class='ocr_line' id='line_1_14' title="bbox 344 1201 1922 1276; baseline 0.003 -23"><span class='ocrx_word' id='word_1_92' title='bbox 344 1201 380 1270; x_wconf 80' lang='grc' dir='ltr'><strong>ἡ</strong></span> <span class='ocrx_word' id='word_1_93' title='bbox 417 1201 576 1270; x_wconf 88' lang='grc' dir='ltr'><strong>χάρις</strong></span> <span class='ocrx_word' id='word_1_94' title='bbox 607 1201 702 1252; x_wconf 76' lang='grc' dir='ltr'><strong>καὶ</strong></span> <span class='ocrx_word' id='word_1_95' title='bbox 746 1203 778 1270; x_wconf 84' lang='grc' dir='ltr'><strong>ἡ</strong></span> <span class='ocrx_word' id='word_1_96' title='bbox 812 1201 1042 1270; x_wconf 86' lang='grc' dir='ltr'><strong>ἀλήθεια</strong></span> <span class='ocrx_word' id='word_1_97' title='bbox 1080 1203 1217 1272; x_wconf 83' lang='grc' dir='ltr'><strong>μετὰ</strong></span> <span class='ocrx_word' id='word_1_98' title='bbox 1249 1201 1374 1256; x_wconf 79' lang='grc' dir='ltr'><strong>σοῦ’</strong></span> <span class='ocrx_word' id='word_1_99' title='bbox 1427 1201 1640 1276; x_wconf 76' lang='grc' dir='ltr'><strong>Κύριος</strong></span> <span class='ocrx_word' id='word_1_100' title='bbox 1683 1207 1781 1275; x_wconf 82' lang='grc' dir='ltr'><strong>μὲν</strong></span> <span class='ocrx_word' id='word_1_101' title='bbox 1828 1211 1922 1262; x_wconf 76' lang='grc' dir='ltr'><strong>τοῦ</strong></span> 
     </span>
    </p>
   </div>
   <div class='ocr_carea' id='block_1_15' title="bbox 341 1294 1919 1372">
    <p class='ocr_par' dir='ltr' id='par_1_15' title="bbox 341 1294 1919 1372">
     <span class='ocr_line' id='line_1_15' title="bbox 341 1294 1919 1372; baseline 0.006 -27"><span class='ocrx_word' id='word_1_102' title='bbox 341 1295 534 1363; x_wconf 77' lang='grc' dir='ltr'><strong>νόμον,</strong></span> <span class='ocrx_word' id='word_1_103' title='bbox 563 1294 664 1362; x_wconf 78' lang='grc' dir='ltr'><strong>τῆς</strong></span> <span class='ocrx_word' id='word_1_104' title='bbox 688 1295 744 1346; x_wconf 78' lang='grc' dir='ltr'><strong>δὲ</strong></span> <span class='ocrx_word' id='word_1_105' title='bbox 761 1296 984 1365; x_wconf 87' lang='grc' dir='ltr'><strong>χάριτος</strong></span> <span class='ocrx_word' id='word_1_106' title='bbox 1013 1295 1214 1366; x_wconf 78' lang='grc' dir='ltr'><strong>πατὴρ,</strong></span> <span class='ocrx_word' id='word_1_107' title='bbox 1231 1297 1324 1349; x_wconf 79' lang='grc' dir='ltr'><strong>καὶ</strong></span> <span class='ocrx_word' id='word_1_108' title='bbox 1351 1297 1449 1368; x_wconf 86' lang='grc' dir='ltr'><strong>τῆς</strong></span> <span class='ocrx_word' id='word_1_109' title='bbox 1467 1298 1722 1366; x_wconf 80' lang='grc' dir='ltr'><strong>ἀληθείας</strong></span> <span class='ocrx_word' id='word_1_110' title='bbox 1749 1303 1919 1372; x_wconf 79' lang='grc' dir='ltr'><strong>πηγή.</strong></span> 
     </span>
    </p>
   </div>
   <div class='ocr_carea' id='block_1_16' title="bbox 348 1383 1924 1460">
    <p class='ocr_par' dir='ltr' id='par_1_16' title="bbox 348 1383 1924 1460">
     <span class='ocr_line' id='line_1_16' title="bbox 348 1383 1924 1460; baseline 0.005 -23"><span class='ocrx_word' id='word_1_111' title='bbox 348 1403 368 1437; x_wconf 74' lang='grc' dir='ltr'>ι</span> <span class='ocrx_word' id='word_1_112' title='bbox 393 1383 484 1455; x_wconf 82' lang='grc' dir='ltr'><strong>Μὴ</strong></span> <span class='ocrx_word' id='word_1_113' title='bbox 515 1384 704 1452; x_wconf 74' lang='grc' dir='ltr'><strong>φοϐοῦ,</strong></span> <span class='ocrx_word' id='word_1_114' title='bbox 725 1385 954 1454; x_wconf 82' lang='grc' dir='ltr'><strong>Μαριάμ</strong></span> <span class='ocrx_word' id='word_1_115' title='bbox 973 1401 986 1416; x_wconf 76' lang='grc' dir='ltr'><strong>ο</strong></span> <span class='ocrx_word' id='word_1_116' title='bbox 1015 1387 1044 1437; x_wconf 84' lang='grc' dir='ltr'>ὁ</span> <span class='ocrx_word' id='word_1_117' title='bbox 1063 1385 1267 1457; x_wconf 81' lang='grc' dir='ltr'><strong>Κύριος</strong></span> <span class='ocrx_word' id='word_1_118' title='bbox 1296 1387 1436 1454; x_wconf 85' lang='grc' dir='ltr'><strong>μετὰ</strong></span> <span class='ocrx_word' id='word_1_119' title='bbox 1461 1387 1578 1442; x_wconf 88' lang='grc' dir='ltr'><strong>σοῦ.</strong></span> <span class='ocrx_word' id='word_1_120' title='bbox 1599 1407 1618 1441; x_wconf 75' lang='grc' dir='ltr'><strong>ι</strong></span> <span class='ocrx_word' id='word_1_121' title='bbox 1663 1388 1722 1444; x_wconf 88' lang='lat'><strong>&#39;0</strong></span> <span class='ocrx_word' id='word_1_122' title='bbox 1744 1391 1924 1460; x_wconf 86' lang='grc' dir='ltr'><strong>πάσης</strong></span> 
     </span>
    </p>
   </div>
   <div class='ocr_carea' id='block_1_17' title="bbox 339 1475 1920 1550">
    <p class='ocr_par' dir='ltr' id='par_1_17' title="bbox 339 1475 1920 1550">
     <span class='ocr_line' id='line_1_17' title="bbox 339 1475 1920 1550; baseline 0.003 -21"><span class='ocrx_word' id='word_1_123' title='bbox 339 1477 573 1546; x_wconf 79' lang='grc' dir='ltr'><strong>κυρείας</strong></span> <span class='ocrx_word' id='word_1_124' title='bbox 589 1475 948 1546; x_wconf 81' lang='grc' dir='ltr'><strong>ὲξουσιάρχης</strong></span> <span class='ocrx_word' id='word_1_125' title='bbox 967 1493 981 1506; x_wconf 86' lang='grc'><strong>·</strong></span> <span class='ocrx_word' id='word_1_126' title='bbox 1017 1477 1046 1528; x_wconf 92' lang='lat'><strong>6</strong></span> <span class='ocrx_word' id='word_1_127' title='bbox 1068 1477 1158 1529; x_wconf 86' lang='grc' dir='ltr'><strong>τοῦ</strong></span> <span class='ocrx_word' id='word_1_128' title='bbox 1181 1478 1396 1548; x_wconf 82' lang='grc' dir='ltr'><strong>Πατρδς</strong></span> <span class='ocrx_word' id='word_1_129' title='bbox 1423 1479 1532 1532; x_wconf 86' lang='grc' dir='ltr'><strong>τῶν</strong></span> <span class='ocrx_word' id='word_1_130' title='bbox 1559 1480 1752 1550; x_wconf 81' lang='grc' dir='ltr'><strong>φώτων</strong></span> <span class='ocrx_word' id='word_1_131' title='bbox 1771 1481 1920 1545; x_wconf 84' lang='grc' dir='ltr'><strong>Υίδς,</strong></span> 
     </span>
    </p>
   </div>
   <div class='ocr_carea' id='block_1_18' title="bbox 338 1565 1920 1640">
    <p class='ocr_par' dir='ltr' id='par_1_18' title="bbox 338 1565 1920 1640">
     <span class='ocr_line' id='line_1_18' title="bbox 338 1565 1920 1640; baseline 0.001 -19"><span class='ocrx_word' id='word_1_132' title='bbox 338 1569 370 1621; x_wconf 89' lang='lat'><strong>6</strong></span> <span class='ocrx_word' id='word_1_133' title='bbox 406 1567 654 1637; x_wconf 83' lang='grc' dir='ltr'><strong>ὰνάρχως</strong></span> <span class='ocrx_word' id='word_1_134' title='bbox 681 1568 740 1633; x_wconf 75' lang='grc' dir='ltr'><strong>ἐξ</strong></span> <span class='ocrx_word' id='word_1_135' title='bbox 769 1565 934 1620; x_wconf 79' lang='grc' dir='ltr'><strong>αὑτοῦ</strong></span> <span class='ocrx_word' id='word_1_136' title='bbox 958 1568 1263 1638; x_wconf 76' lang='grc' dir='ltr'><strong>γεννηθεὶς,</strong></span> <span class='ocrx_word' id='word_1_137' title='bbox 1301 1569 1394 1621; x_wconf 75' lang='grc' dir='ltr'><strong>καὶ</strong></span> <span class='ocrx_word' id='word_1_138' title='bbox 1433 1569 1492 1621; x_wconf 81' lang='grc' dir='ltr'><strong>ἐν</strong></span> <span class='ocrx_word' id='word_1_139' title='bbox 1521 1570 1698 1640; x_wconf 83' lang='grc' dir='ltr'>χρόνῳ</span> <span class='ocrx_word' id='word_1_140' title='bbox 1733 1572 1797 1623; x_wconf 77' lang='grc' dir='ltr'><strong>ἐκ</strong></span> <span class='ocrx_word' id='word_1_141' title='bbox 1826 1570 1920 1624; x_wconf 83' lang='grc' dir='ltr'><strong>σοῦ</strong></span> 
     </span>
    </p>
   </div>
   <div class='ocr_carea' id='block_1_19' title="bbox 340 1657 1921 1729">
    <p class='ocr_par' dir='ltr' id='par_1_19' title="bbox 340 1657 1921 1729">
     <span class='ocr_line' id='line_1_19' title="bbox 340 1657 1921 1729; baseline 0.003 -19"><span class='ocrx_word' id='word_1_142' title='bbox 340 1657 680 1727; x_wconf 84' lang='grc' dir='ltr'><strong>σαρκωθείς·</strong></span> <span class='ocrx_word' id='word_1_143' title='bbox 729 1660 756 1710; x_wconf 82' lang='grc' dir='ltr'><strong><em>ὁ</em></strong></span> <span class='ocrx_word' id='word_1_144' title='bbox 784 1658 896 1712; x_wconf 80' lang='grc' dir='ltr'><strong>ἄνω</strong></span> <span class='ocrx_word' id='word_1_145' title='bbox 943 1659 1062 1721; x_wconf 83' lang='grc' dir='ltr'><strong>ὅλος</strong></span> <span class='ocrx_word' id='word_1_146' title='bbox 1090 1661 1188 1712; x_wconf 76' lang='grc' dir='ltr'><strong>σὺν</strong></span> <span class='ocrx_word' id='word_1_147' title='bbox 1229 1659 1378 1729; x_wconf 82' lang='grc' dir='ltr'><strong>αὐτῷ</strong></span> <span class='ocrx_word' id='word_1_148' title='bbox 1424 1661 1732 1728; x_wconf 83' lang='grc' dir='ltr'><strong>ὲγκόλπιος,</strong></span> <span class='ocrx_word' id='word_1_149' title='bbox 1768 1661 1921 1715; x_wconf 83' lang='grc' dir='ltr'><strong>κάτω</strong></span> 
     </span>
    </p>
   </div>
   <div class='ocr_carea' id='block_1_20' title="bbox 2032 479 3606 559">
    <p class='ocr_par' dir='ltr' id='par_1_20' title="bbox 2032 479 3606 559">
     <span class='ocr_line' id='line_1_20' title="bbox 2032 479 3606 559; baseline 0.011 -25"><span class='ocrx_word' id='word_1_150' title='bbox 2032 487 2084 535; x_wconf 90' lang='lat' dir='ltr'><strong>te</strong></span> <span class='ocrx_word' id='word_1_151' title='bbox 2105 479 2242 544; x_wconf 80' lang='lat' dir='ltr'><strong>dixi,</strong></span> <span class='ocrx_word' id='word_1_152' title='bbox 2269 482 2416 536; x_wconf 90' lang='lat' dir='ltr'><strong>velut</strong></span> <span class='ocrx_word' id='word_1_153' title='bbox 2453 498 2574 554; x_wconf 61' lang='lat' dir='ltr'><strong>quae</strong></span> <span class='ocrx_word' id='word_1_154' title='bbox 2598 484 2768 554; x_wconf 89' lang='lat' dir='ltr'><strong>ipsam</strong></span> <span class='ocrx_word' id='word_1_155' title='bbox 2801 493 2970 540; x_wconf 89' lang='lat' dir='ltr'><strong>totam</strong></span> <span class='ocrx_word' id='word_1_156' title='bbox 3010 489 3244 559; x_wconf 83' lang='lat' dir='ltr'><strong>gratiam</strong></span> <span class='ocrx_word' id='word_1_157' title='bbox 3287 499 3452 549; x_wconf 91' lang='lat' dir='ltr'><strong>utero</strong></span> <span class='ocrx_word' id='word_1_158' title='bbox 3477 509 3606 550; x_wconf 88' lang='lat' dir='ltr'><strong>sus-</strong></span> 
     </span>
    </p>
   </div>
   <div class='ocr_carea' id='block_1_21' title="bbox 2029 573 3606 650">
    <p class='ocr_par' dir='ltr' id='par_1_21' title="bbox 2029 573 3606 650">
     <span class='ocr_line' id='line_1_21' title="bbox 2029 573 3606 650; baseline 0.011 -25"><span class='ocrx_word' id='word_1_159' title='bbox 2029 573 2241 642; x_wconf 82' lang='lat' dir='ltr'><strong>ceperis</strong></span> <span class='ocrx_word' id='word_1_160' title='bbox 2266 612 2281 638; x_wconf 97' lang='lat'><strong>,</strong></span> <span class='ocrx_word' id='word_1_161' title='bbox 2320 575 2628 645; x_wconf 86' lang='lat' dir='ltr'><strong>stolamque</strong></span> <span class='ocrx_word' id='word_1_162' title='bbox 2693 577 3006 632; x_wconf 86' lang='lat' dir='ltr'><strong>divinorum</strong></span> <span class='ocrx_word' id='word_1_163' title='bbox 3059 581 3352 650; x_wconf 87' lang='lat' dir='ltr'><strong>splendore</strong></span> <span class='ocrx_word' id='word_1_164' title='bbox 3391 586 3606 643; x_wconf 88' lang='lat' dir='ltr'><strong>charis-</strong></span> 
     </span>
    </p>
   </div>
   <div class='ocr_carea' id='block_1_22' title="bbox 2027 656 3600 744">
    <p class='ocr_par' dir='ltr' id='par_1_22' title="bbox 2027 656 3600 744">
     <span class='ocr_line' id='line_1_22' title="bbox 2027 656 3600 744; baseline 0.013 -29"><span class='ocrx_word' id='word_1_165' title='bbox 2027 673 2234 718; x_wconf 87' lang='lat' dir='ltr'><strong>matum</strong></span> <span class='ocrx_word' id='word_1_166' title='bbox 2277 656 2403 720; x_wconf 73' lang='lat' dir='ltr'><strong>vere</strong></span> <span class='ocrx_word' id='word_1_167' title='bbox 2439 669 2740 737; x_wconf 72' lang='lat' dir='ltr'><strong>gratiosam</strong></span> <span class='ocrx_word' id='word_1_168' title='bbox 2791 671 2924 744; x_wconf 82' lang='grc'><strong>(75).</strong></span> <span class='ocrx_word' id='word_1_169' title='bbox 2977 675 3316 741; x_wconf 86' lang='lat' dir='ltr'><strong>Acclamavi,</strong></span> <span class='ocrx_word' id='word_1_170' title='bbox 3353 696 3374 729; x_wconf 83' lang='grc'><strong><em>‹</em></strong></span> <span class='ocrx_word' id='word_1_171' title='bbox 3415 679 3600 735; x_wconf 85' lang='lat' dir='ltr'><strong>Domi-</strong></span> 
     </span>
    </p>
   </div>
   <div class='ocr_carea' id='block_1_23' title="bbox 2029 757 3596 838">
    <p class='ocr_par' dir='ltr' id='par_1_23' title="bbox 2029 757 3596 838">
     <span class='ocr_line' id='line_1_23' title="bbox 2029 757 3596 838; baseline 0.013 -35"><span class='ocrx_word' id='word_1_172' title='bbox 2029 767 2134 804; x_wconf 88' lang='lat' dir='ltr'><strong>nus</strong></span> <span class='ocrx_word' id='word_1_173' title='bbox 2185 761 2386 820; x_wconf 85' lang='lat' dir='ltr'><strong>tecum,</strong></span> <span class='ocrx_word' id='word_1_174' title='bbox 2425 773 2444 808; x_wconf 84' lang='grc'>›</span> <span class='ocrx_word' id='word_1_175' title='bbox 2493 765 2550 810; x_wconf 83' lang='grc' dir='ltr'><strong>ιιι</strong></span> <span class='ocrx_word' id='word_1_176' title='bbox 2580 757 2702 827; x_wconf 86' lang='lat' dir='ltr'><strong>ejus</strong></span> <span class='ocrx_word' id='word_1_177' title='bbox 2739 763 3046 828; x_wconf 89' lang='lat' dir='ltr'><strong>potentiam</strong></span> <span class='ocrx_word' id='word_1_178' title='bbox 3082 765 3478 834; x_wconf 83' lang='lat' dir='ltr'><strong>signiﬁcarem,</strong></span> <span class='ocrx_word' id='word_1_179' title='bbox 3504 771 3596 838; x_wconf 86' lang='lat' dir='ltr'><strong>qui</strong></span> 
     </span>
    </p>
   </div>
   <div class='ocr_carea' id='block_1_24' title="bbox 2027 842 3600 922">
    <p class='ocr_par' dir='ltr' id='par_1_24' title="bbox 2027 842 3600 922">
     <span class='ocr_line' id='line_1_24' title="bbox 2027 842 3600 922; baseline 0.013 -27"><span class='ocrx_word' id='word_1_180' title='bbox 2027 842 2080 894; x_wconf 90' lang='lat' dir='ltr'><strong>in</strong></span> <span class='ocrx_word' id='word_1_181' title='bbox 2126 853 2176 898; x_wconf 86' lang='lat' dir='ltr'><strong>te</strong></span> <span class='ocrx_word' id='word_1_182' title='bbox 2223 850 2586 916; x_wconf 65' lang='lat' dir='ltr'><strong>praecucurrit</strong></span> <span class='ocrx_word' id='word_1_183' title='bbox 2633 851 2768 922; x_wconf 85' lang='lat'><strong>(76).</strong></span> <span class='ocrx_word' id='word_1_184' title='bbox 2805 853 2855 908; x_wconf 91' lang='lat' dir='ltr'><strong>ls</strong></span> <span class='ocrx_word' id='word_1_185' title='bbox 2898 856 3046 910; x_wconf 89' lang='lat' dir='ltr'><strong>enim</strong></span> <span class='ocrx_word' id='word_1_186' title='bbox 3095 855 3364 915; x_wconf 85' lang='lat' dir='ltr'><strong>Dominus</strong></span> <span class='ocrx_word' id='word_1_187' title='bbox 3417 869 3502 916; x_wconf 88' lang='lat' dir='ltr'><strong>cst</strong></span> <span class='ocrx_word' id='word_1_188' title='bbox 3547 871 3600 916; x_wconf 75' lang='lat' dir='ltr'><strong>et</strong></span> 
     </span>
    </p>
   </div>
   <div class='ocr_carea' id='block_1_25' title="bbox 2029 931 3596 1012">
    <p class='ocr_par' dir='ltr' id='par_1_25' title="bbox 2029 931 3596 1012">
     <span class='ocr_line' id='line_1_25' title="bbox 2029 931 3596 1012; baseline 0.016 -32"><span class='ocrx_word' id='word_1_189' title='bbox 2029 947 2048 980; x_wconf 89' lang='grc'><strong>‹</strong></span> <span class='ocrx_word' id='word_1_190' title='bbox 2087 931 2230 988; x_wconf 87' lang='lat' dir='ltr'><strong>Deus</strong></span> <span class='ocrx_word' id='word_1_191' title='bbox 2270 942 2484 1002; x_wconf 69' lang='lat' dir='ltr'><strong>patens,</strong></span> <span class='ocrx_word' id='word_1_192' title='bbox 2526 938 2783 1010; x_wconf 86' lang='lat' dir='ltr'><strong>princeps</strong></span> <span class='ocrx_word' id='word_1_193' title='bbox 2839 944 3013 1012; x_wconf 84' lang='lat' dir='ltr'><strong>pacis,</strong></span> <span class='ocrx_word' id='word_1_194' title='bbox 3073 953 3129 1001; x_wconf 90' lang='lat' dir='ltr'><strong>et</strong></span> <span class='ocrx_word' id='word_1_195' title='bbox 3181 949 3372 1003; x_wconf 85' lang='lat' dir='ltr'><strong>saeculi</strong></span> <span class='ocrx_word' id='word_1_196' title='bbox 3425 950 3596 1006; x_wconf 80' lang='lat' dir='ltr'><strong>futuri</strong></span> 
     </span>
    </p>
   </div>
   <div class='ocr_carea' id='block_1_26' title="bbox 2023 1027 3595 1102">
    <p class='ocr_par' dir='ltr' id='par_1_26' title="bbox 2023 1027 3595 1102">
     <span class='ocr_line' id='line_1_26' title="bbox 2023 1027 3595 1102; baseline 0.015 -29"><span class='ocrx_word' id='word_1_197' title='bbox 2023 1031 2200 1089; x_wconf 85' lang='lat' dir='ltr'><strong>pater,</strong></span> <span class='ocrx_word' id='word_1_198' title='bbox 2250 1042 2269 1076; x_wconf 74' lang='grc' dir='ltr'><strong>ι</strong></span> <span class='ocrx_word' id='word_1_199' title='bbox 2312 1032 2550 1097; x_wconf 86' lang='lat' dir='ltr'><strong>tuusque</strong></span> <span class='ocrx_word' id='word_1_200' title='bbox 2582 1027 2828 1102; x_wconf 80' lang='lat' dir='ltr'><strong>Virginis</strong></span> <span class='ocrx_word' id='word_1_201' title='bbox 2871 1034 3064 1102; x_wconf 88' lang='lat' dir='ltr'><strong>Filius,</strong></span> <span class='ocrx_word' id='word_1_202' title='bbox 3117 1047 3173 1092; x_wconf 90' lang='lat' dir='ltr'><strong>et</strong></span> <span class='ocrx_word' id='word_1_203' title='bbox 3209 1039 3595 1097; x_wconf 87' lang='lat' dir='ltr'><strong>universorum</strong></span> 
     </span>
    </p>
   </div>
   <div class='ocr_carea' id='block_1_27' title="bbox 2023 1109 3598 1199">
    <p class='ocr_par' dir='ltr' id='par_1_27' title="bbox 2023 1109 3598 1199">
     <span class='ocr_line' id='line_1_27' title="bbox 2023 1109 3598 1199; baseline 0.015 -33"><span class='ocrx_word' id='word_1_204' title='bbox 2023 1109 2297 1168; x_wconf 86' lang='lat' dir='ltr'><strong>Salvator.</strong></span> <span class='ocrx_word' id='word_1_205' title='bbox 2335 1134 2354 1167; x_wconf 77' lang='grc' dir='ltr'><strong>ι</strong></span> <span class='ocrx_word' id='word_1_206' title='bbox 2397 1116 2661 1176; x_wconf 86' lang='lat' dir='ltr'><strong>Dominus</strong></span> <span class='ocrx_word' id='word_1_207' title='bbox 2711 1129 2893 1178; x_wconf 87' lang='lat' dir='ltr'><strong>tecum</strong></span> <span class='ocrx_word' id='word_1_208' title='bbox 2933 1144 2945 1180; x_wconf 92' lang='lat'>:</span> <span class='ocrx_word' id='word_1_209' title='bbox 3006 1145 3026 1178; x_wconf 70' lang='grc' dir='ltr'><strong>ι</strong></span> <span class='ocrx_word' id='word_1_210' title='bbox 3077 1130 3256 1199; x_wconf 89' lang='lat' dir='ltr'><strong>gratia</strong></span> <span class='ocrx_word' id='word_1_211' title='bbox 3291 1139 3348 1186; x_wconf 88' lang='lat' dir='ltr'><strong>et</strong></span> <span class='ocrx_word' id='word_1_212' title='bbox 3391 1135 3598 1189; x_wconf 86' lang='lat' dir='ltr'><strong>veritas</strong></span> 
     </span>
    </p>
   </div>
   <div class='ocr_carea' id='block_1_28' title="bbox 2023 1206 3595 1290">
    <p class='ocr_par' dir='ltr' id='par_1_28' title="bbox 2023 1206 3595 1290">
     <span class='ocr_line' id='line_1_28' title="bbox 2023 1206 3595 1290; baseline 0.017 -34"><span class='ocrx_word' id='word_1_213' title='bbox 2023 1213 2200 1258; x_wconf 84' lang='lat' dir='ltr'><strong>tecum</strong></span> <span class='ocrx_word' id='word_1_214' title='bbox 2231 1224 2243 1259; x_wconf 95' lang='lat'><strong>:</strong></span> <span class='ocrx_word' id='word_1_215' title='bbox 2287 1206 2420 1276; x_wconf 82' lang='lat' dir='ltr'><strong>legis</strong></span> <span class='ocrx_word' id='word_1_216' title='bbox 2451 1210 2670 1278; x_wconf 87' lang='lat' dir='ltr'><strong>quidem</strong></span> <span class='ocrx_word' id='word_1_217' title='bbox 2703 1213 3002 1285; x_wconf 91' lang='lat' dir='ltr'><strong>Dominus;</strong></span> <span class='ocrx_word' id='word_1_218' title='bbox 3032 1221 3220 1286; x_wconf 64' lang='lat' dir='ltr'><strong>gratim</strong></span> <span class='ocrx_word' id='word_1_219' title='bbox 3245 1237 3378 1278; x_wconf 90' lang='lat' dir='ltr'><strong>vero</strong></span> <span class='ocrx_word' id='word_1_220' title='bbox 3408 1223 3595 1290; x_wconf 87' lang='lat' dir='ltr'><strong>Pater,</strong></span> 
     </span>
    </p>
   </div>
   <div class='ocr_carea' id='block_1_29' title="bbox 2021 1297 3597 1380">
    <p class='ocr_par' dir='ltr' id='par_1_29' title="bbox 2021 1297 3597 1380">
     <span class='ocr_line' id='line_1_29' title="bbox 2021 1297 3597 1380; baseline 0.018 -32"><span class='ocrx_word' id='word_1_221' title='bbox 2021 1311 2084 1349; x_wconf 90' lang='lat' dir='ltr'><strong>ac</strong></span> <span class='ocrx_word' id='word_1_222' title='bbox 2105 1297 2234 1360; x_wconf 66' lang='lat' dir='ltr'><strong>fons,</strong></span> <span class='ocrx_word' id='word_1_223' title='bbox 2261 1302 2534 1356; x_wconf 84' lang='lat' dir='ltr'><strong>veritatis.</strong></span> <span class='ocrx_word' id='word_1_224' title='bbox 2570 1322 2588 1354; x_wconf 85' lang='grc'><em>‹</em></span> <span class='ocrx_word' id='word_1_225' title='bbox 2622 1304 2700 1362; x_wconf 88' lang='lat' dir='ltr'><strong>Ne</strong></span> <span class='ocrx_word' id='word_1_226' title='bbox 2733 1309 2950 1373; x_wconf 89' lang='lat' dir='ltr'><strong>timeas,</strong></span> <span class='ocrx_word' id='word_1_227' title='bbox 2977 1311 3142 1367; x_wconf 83' lang='lat' dir='ltr'><strong>Maria</strong></span> <span class='ocrx_word' id='word_1_228' title='bbox 3171 1331 3184 1380; x_wconf 92' lang='lat'>;</span> <span class='ocrx_word' id='word_1_229' title='bbox 3219 1315 3482 1375; x_wconf 91' lang='lat' dir='ltr'><strong>Dominus</strong></span> <span class='ocrx_word' id='word_1_230' title='bbox 3515 1328 3597 1376; x_wconf 77' lang='lat' dir='ltr'><strong>te-</strong></span> 
     </span>
    </p>
   </div>
   <div class='ocr_carea' id='block_1_30' title="bbox 2021 1391 3594 1480">
    <p class='ocr_par' dir='ltr' id='par_1_30' title="bbox 2021 1391 3594 1480">
     <span class='ocr_line' id='line_1_30' title="bbox 2021 1391 3594 1480; baseline 0.018 -41"><span class='ocrx_word' id='word_1_231' title='bbox 2021 1401 2162 1441; x_wconf 90' lang='lat' dir='ltr'><strong>cum.</strong></span> <span class='ocrx_word' id='word_1_232' title='bbox 2206 1407 2224 1441; x_wconf 72' lang='grc'><strong>»</strong></span> <span class='ocrx_word' id='word_1_233' title='bbox 2258 1391 2331 1455; x_wconf 92' lang='lat' dir='ltr'><strong>ls,</strong></span> <span class='ocrx_word' id='word_1_234' title='bbox 2355 1391 2607 1462; x_wconf 89' lang='lat' dir='ltr'><strong>inquam,</strong></span> <span class='ocrx_word' id='word_1_235' title='bbox 2653 1399 2746 1466; x_wconf 89' lang='lat' dir='ltr'><strong>qui</strong></span> <span class='ocrx_word' id='word_1_236' title='bbox 2788 1403 2968 1456; x_wconf 90' lang='lat' dir='ltr'><strong>omnis</strong></span> <span class='ocrx_word' id='word_1_237' title='bbox 3005 1403 3398 1465; x_wconf 85' lang='lat' dir='ltr'><strong>dominationis</strong></span> <span class='ocrx_word' id='word_1_238' title='bbox 3439 1419 3594 1480; x_wconf 88' lang='lat' dir='ltr'><strong>pote-</strong></span> 
     </span>
    </p>
   </div>
   <div class='ocr_carea' id='block_1_31' title="bbox 2021 1483 3593 1572">
    <p class='ocr_par' dir='ltr' id='par_1_31' title="bbox 2021 1483 3593 1572">
     <span class='ocr_line' id='line_1_31' title="bbox 2021 1483 3593 1572; baseline 0.015 -39"><span class='ocrx_word' id='word_1_239' title='bbox 2021 1487 2218 1535; x_wconf 87' lang='lat' dir='ltr'><strong>statem</strong></span> <span class='ocrx_word' id='word_1_240' title='bbox 2253 1483 2414 1538; x_wconf 83' lang='lat' dir='ltr'><strong>habet</strong></span> <span class='ocrx_word' id='word_1_241' title='bbox 2443 1499 2459 1536; x_wconf 94' lang='lat'><strong>:</strong></span> <span class='ocrx_word' id='word_1_242' title='bbox 2504 1485 2686 1543; x_wconf 86' lang='lat' dir='ltr'><strong>Patris</strong></span> <span class='ocrx_word' id='word_1_243' title='bbox 2732 1491 3005 1548; x_wconf 88' lang='lat' dir='ltr'><strong>luminum</strong></span> <span class='ocrx_word' id='word_1_244' title='bbox 3046 1497 3242 1564; x_wconf 88' lang='lat' dir='ltr'><strong>Filius,</strong></span> <span class='ocrx_word' id='word_1_245' title='bbox 3279 1516 3345 1555; x_wconf 82' lang='lat' dir='ltr'><strong>ex</strong></span> <span class='ocrx_word' id='word_1_246' title='bbox 3375 1503 3497 1572; x_wconf 88' lang='lat' dir='ltr'><strong>ipso</strong></span> <span class='ocrx_word' id='word_1_247' title='bbox 3525 1505 3593 1559; x_wconf 83' lang='lat' dir='ltr'><strong>ab</strong></span> 
     </span>
    </p>
   </div>
   <div class='ocr_carea' id='block_1_32' title="bbox 2019 1572 3588 1650">
    <p class='ocr_par' dir='ltr' id='par_1_32' title="bbox 2019 1572 3588 1650">
     <span class='ocr_line' id='line_1_32' title="bbox 2019 1572 3588 1650; baseline 0.018 -31"><span class='ocrx_word' id='word_1_248' title='bbox 2019 1575 2226 1622; x_wconf 59' lang='lat' dir='ltr'><strong>aeterno</strong></span> <span class='ocrx_word' id='word_1_249' title='bbox 2263 1572 2506 1638; x_wconf 85' lang='lat' dir='ltr'><strong>genitus,</strong></span> <span class='ocrx_word' id='word_1_250' title='bbox 2535 1588 2601 1629; x_wconf 88' lang='lat' dir='ltr'><strong>ac</strong></span> <span class='ocrx_word' id='word_1_251' title='bbox 2633 1575 2692 1630; x_wconf 91' lang='lat' dir='ltr'><strong>in</strong></span> <span class='ocrx_word' id='word_1_252' title='bbox 2729 1585 2978 1650; x_wconf 88' lang='lat' dir='ltr'><strong>tempore</strong></span> <span class='ocrx_word' id='word_1_253' title='bbox 3007 1598 3076 1638; x_wconf 82' lang='lat' dir='ltr'><strong>ex</strong></span> <span class='ocrx_word' id='word_1_254' title='bbox 3116 1593 3168 1640; x_wconf 90' lang='lat' dir='ltr'><strong>te</strong></span> <span class='ocrx_word' id='word_1_255' title='bbox 3196 1601 3362 1645; x_wconf 84' lang='lat' dir='ltr'><strong>carne</strong></span> <span class='ocrx_word' id='word_1_256' title='bbox 3401 1601 3588 1648; x_wconf 83' lang='lat' dir='ltr'><strong>natus.</strong></span> 
     </span>
    </p>
   </div>
   <div class='ocr_carea' id='block_1_33' title="bbox 2018 1657 3592 1748">
    <p class='ocr_par' dir='ltr' id='par_1_33' title="bbox 2018 1657 3592 1748">
     <span class='ocr_line' id='line_1_33' title="bbox 2018 1657 3592 1748; baseline 0.017 -37"><span class='ocrx_word' id='word_1_257' title='bbox 2018 1657 2123 1722; x_wconf 86' lang='lat' dir='ltr'><strong>Qui</strong></span> <span class='ocrx_word' id='word_1_258' title='bbox 2154 1667 2304 1716; x_wconf 87' lang='lat' dir='ltr'><strong>totus</strong></span> <span class='ocrx_word' id='word_1_259' title='bbox 2327 1677 2568 1733; x_wconf 84' lang='lat' dir='ltr'><strong>superne</strong></span> <span class='ocrx_word' id='word_1_260' title='bbox 2595 1666 2650 1720; x_wconf 92' lang='lat' dir='ltr'><strong>in</strong></span> <span class='ocrx_word' id='word_1_261' title='bbox 2682 1668 2809 1723; x_wconf 89' lang='lat' dir='ltr'><strong>sinu</strong></span> <span class='ocrx_word' id='word_1_262' title='bbox 2847 1671 3051 1738; x_wconf 88' lang='lat' dir='ltr'><strong>Patris,</strong></span> <span class='ocrx_word' id='word_1_263' title='bbox 3089 1686 3352 1748; x_wconf 88' lang='lat' dir='ltr'><strong>totusque</strong></span> <span class='ocrx_word' id='word_1_264' title='bbox 3381 1682 3592 1739; x_wconf 81' lang='lat' dir='ltr'><strong>inferne</strong></span> 
     </span>
    </p>
   </div>
   <div class='ocr_carea' id='block_1_34' title="bbox 333 1739 1901 1829">
    <p class='ocr_par' dir='ltr' id='par_1_34' title="bbox 333 1749 1901 1822">
     <span class='ocr_line' id='line_1_34' title="bbox 333 1749 1901 1822; baseline 0.003 -20"><span class='ocrx_word' id='word_1_265' title='bbox 333 1749 458 1812; x_wconf 82' lang='grc' dir='ltr'><strong>ὅλος</strong></span> <span class='ocrx_word' id='word_1_266' title='bbox 497 1751 635 1819; x_wconf 81' lang='grc' dir='ltr'><strong>μετὰ</strong></span> <span class='ocrx_word' id='word_1_267' title='bbox 665 1749 758 1803; x_wconf 89' lang='grc' dir='ltr'><strong>σοῦ</strong></span> <span class='ocrx_word' id='word_1_268' title='bbox 787 1751 1130 1819; x_wconf 83' lang='grc' dir='ltr'><strong>ὲγγάστριος.</strong></span> <span class='ocrx_word' id='word_1_269' title='bbox 1161 1751 1332 1815; x_wconf 73' lang='grc' dir='ltr'><strong>Αὐτός</strong></span> <span class='ocrx_word' id='word_1_270' title='bbox 1361 1753 1479 1805; x_wconf 81' lang='grc' dir='ltr'><strong>ἐστι</strong></span> <span class='ocrx_word' id='word_1_271' title='bbox 1513 1752 1652 1822; x_wconf 80' lang='grc' dir='ltr'><strong>μετὰ</strong></span> <span class='ocrx_word' id='word_1_272' title='bbox 1679 1753 1795 1818; x_wconf 88' lang='grc' dir='ltr'><strong>σοῦ,</strong></span> <span class='ocrx_word' id='word_1_273' title='bbox 1821 1755 1901 1807; x_wconf 56' lang='grc' dir='ltr'><strong>κα*</strong></span> 
     </span>
    </p>
   </div>
   <div class='ocr_carea' id='block_1_35' title="bbox 2004 1739 3588 1829">
    <p class='ocr_par' dir='ltr' id='par_1_35' title="bbox 2019 1739 3588 1829">
     <span class='ocr_line' id='line_1_35' title="bbox 2019 1739 3588 1829; baseline 0.015 -25"><span class='ocrx_word' id='word_1_274' title='bbox 2019 1751 2072 1804; x_wconf 93' lang='lat' dir='ltr'><strong>in</strong></span> <span class='ocrx_word' id='word_1_275' title='bbox 2113 1759 2208 1807; x_wconf 89' lang='lat' dir='ltr'><strong>tuo</strong></span> <span class='ocrx_word' id='word_1_276' title='bbox 2241 1761 2401 1809; x_wconf 87' lang='lat' dir='ltr'><strong>utero</strong></span> <span class='ocrx_word' id='word_1_277' title='bbox 2453 1763 2560 1811; x_wconf 85' lang='lat' dir='ltr'><strong>est.</strong></span> <span class='ocrx_word' id='word_1_278' title='bbox 2611 1757 2708 1814; x_wconf 84' lang='lat' dir='ltr'><strong>ille</strong></span> <span class='ocrx_word' id='word_1_279' title='bbox 2763 1761 2883 1829; x_wconf 89' lang='lat' dir='ltr'><strong>ipse</strong></span> <span class='ocrx_word' id='word_1_280' title='bbox 2943 1771 3122 1820; x_wconf 88' lang='lat' dir='ltr'><strong>tecum</strong></span> <span class='ocrx_word' id='word_1_281' title='bbox 3169 1778 3226 1823; x_wconf 88' lang='lat' dir='ltr'><strong>et</strong></span> <span class='ocrx_word' id='word_1_282' title='bbox 3259 1739 3328 1824; x_wconf 77' lang='lat' dir='ltr'><strong>in</strong></span> <span class='ocrx_word' id='word_1_283' title='bbox 3384 1779 3440 1827; x_wconf 89' lang='lat' dir='ltr'><strong>te</strong></span> <span class='ocrx_word' id='word_1_284' title='bbox 3483 1784 3588 1829; x_wconf 88' lang='lat' dir='ltr'><strong>est.</strong></span> 
     </span>
    </p>
   </div>
   <div class='ocr_carea' id='block_1_36' title="bbox 332 1841 1913 1917">
    <p class='ocr_par' dir='ltr' id='par_1_36' title="bbox 332 1841 1913 1917">
     <span class='ocr_line' id='line_1_36' title="bbox 332 1841 1913 1917; baseline 0.003 -23"><span class='ocrx_word' id='word_1_285' title='bbox 332 1843 398 1894; x_wconf 79' lang='grc' dir='ltr'><strong>ἐν</strong></span> <span class='ocrx_word' id='word_1_286' title='bbox 427 1842 532 1895; x_wconf 84' lang='grc' dir='ltr'><strong>σοί.</strong></span> <span class='ocrx_word' id='word_1_287' title='bbox 583 1841 912 1912; x_wconf 78' lang='grc' dir='ltr'><strong>Προφθάσας</strong></span> <span class='ocrx_word' id='word_1_288' title='bbox 942 1842 1050 1913; x_wconf 77' lang='grc' dir='ltr'><strong>γὰρ</strong></span> <span class='ocrx_word' id='word_1_289' title='bbox 1095 1844 1426 1914; x_wconf 74' lang='grc' dir='ltr'><strong>εἰσεπήδησε</strong></span> <span class='ocrx_word' id='word_1_290' title='bbox 1450 1885 1464 1910; x_wconf 91' lang='grc'><strong>,</strong></span> <span class='ocrx_word' id='word_1_291' title='bbox 1531 1845 1626 1897; x_wconf 75' lang='grc' dir='ltr'><strong>καὶ</strong></span> <span class='ocrx_word' id='word_1_292' title='bbox 1682 1846 1782 1917; x_wconf 81' lang='grc' dir='ltr'><strong>τὴν</strong></span> <span class='ocrx_word' id='word_1_293' title='bbox 1815 1845 1913 1916; x_wconf 78' lang='grc' dir='ltr'><strong>σὴν</strong></span> 
     </span>
    </p>
   </div>
   <div class='ocr_carea' id='block_1_37' title="bbox 331 1932 1913 2006">
    <p class='ocr_par' dir='ltr' id='par_1_37' title="bbox 331 1932 1913 2006">
     <span class='ocr_line' id='line_1_37' title="bbox 331 1932 1913 2006; baseline 0.004 -22"><span class='ocrx_word' id='word_1_294' title='bbox 331 1933 506 1984; x_wconf 81' lang='grc' dir='ltr'>ὑπέδυ</span> <span class='ocrx_word' id='word_1_295' title='bbox 544 1932 726 2002; x_wconf 85' lang='grc' dir='ltr'><strong>νηδὺν,</strong></span> <span class='ocrx_word' id='word_1_296' title='bbox 786 1934 884 1985; x_wconf 68' lang='grc' dir='ltr'><strong>καὶ</strong></span> <span class='ocrx_word' id='word_1_297' title='bbox 936 1935 1158 2002; x_wconf 81' lang='grc' dir='ltr'><strong>γέγονεν</strong></span> <span class='ocrx_word' id='word_1_298' title='bbox 1185 1935 1242 1988; x_wconf 79' lang='grc' dir='ltr'><strong>ἐν</strong></span> <span class='ocrx_word' id='word_1_299' title='bbox 1284 1937 1368 1988; x_wconf 73' lang='grc' dir='ltr'><strong>σοὶ</strong></span> <span class='ocrx_word' id='word_1_300' title='bbox 1402 1937 1669 2006; x_wconf 75' lang='grc' dir='ltr'><strong>χωρητδς,</strong></span> <span class='ocrx_word' id='word_1_301' title='bbox 1717 1938 1746 1990; x_wconf 96' lang='lat'><strong>6</strong></span> <span class='ocrx_word' id='word_1_302' title='bbox 1770 1937 1913 1992; x_wconf 81' lang='grc' dir='ltr'><strong>κατὰ</strong></span> 
     </span>
    </p>
   </div>
   <div class='ocr_carea' id='block_1_38' title="bbox 331 2019 1912 2096">
    <p class='ocr_par' dir='ltr' id='par_1_38' title="bbox 331 2019 1912 2096">
     <span class='ocr_line' id='line_1_38' title="bbox 331 2019 1912 2096; baseline 0.003 -23"><span class='ocrx_word' id='word_1_303' title='bbox 331 2023 500 2090; x_wconf 77' lang='grc' dir='ltr'><strong>φύσιν</strong></span> <span class='ocrx_word' id='word_1_304' title='bbox 545 2023 850 2092; x_wconf 79' lang='grc' dir='ltr'><strong>ἀχὼρητος.</strong></span> <span class='ocrx_word' id='word_1_305' title='bbox 893 2041 912 2072; x_wconf 72' lang='grc' dir='ltr'><strong>ι</strong></span> <span class='ocrx_word' id='word_1_306' title='bbox 941 2024 1032 2091; x_wconf 83' lang='grc' dir='ltr'><strong>Μὴ</strong></span> <span class='ocrx_word' id='word_1_307' title='bbox 1061 2021 1252 2090; x_wconf 78' lang='grc' dir='ltr'><strong>φοϐοῦ,</strong></span> <span class='ocrx_word' id='word_1_308' title='bbox 1288 2024 1556 2094; x_wconf 84' lang='grc' dir='ltr'><strong>Μαριάμ·</strong></span> <span class='ocrx_word' id='word_1_309' title='bbox 1592 2019 1750 2096; x_wconf 81' lang='grc' dir='ltr'><strong>εὗρες</strong></span> <span class='ocrx_word' id='word_1_310' title='bbox 1803 2026 1912 2096; x_wconf 81' lang='grc' dir='ltr'><strong>γὰρ</strong></span> 
     </span>
    </p>
   </div>
   <div class='ocr_carea' id='block_1_39' title="bbox 330 2107 1910 2190">
    <p class='ocr_par' dir='ltr' id='par_1_39' title="bbox 330 2107 1910 2190">
     <span class='ocr_line' id='line_1_39' title="bbox 330 2107 1910 2190; baseline 0.001 -20"><span class='ocrx_word' id='word_1_311' title='bbox 330 2119 494 2188; x_wconf 82' lang='grc' dir='ltr'><strong>χάριν</strong></span> <span class='ocrx_word' id='word_1_312' title='bbox 519 2117 668 2188; x_wconf 72' lang='grc' dir='ltr'><strong>παρὰ</strong></span> <span class='ocrx_word' id='word_1_313' title='bbox 699 2117 776 2186; x_wconf 83' lang='grc' dir='ltr'><strong>τῷ</strong></span> <span class='ocrx_word' id='word_1_314' title='bbox 807 2107 945 2187; x_wconf 74' lang='grc' dir='ltr'><strong>Θεῷ.</strong></span> <span class='ocrx_word' id='word_1_315' title='bbox 975 2135 992 2167; x_wconf 76' lang='grc' dir='ltr'><strong>ι</strong></span> <span class='ocrx_word' id='word_1_316' title='bbox 1019 2118 1214 2186; x_wconf 82' lang='grc' dir='ltr'><strong>Χάριν,</strong></span> <span class='ocrx_word' id='word_1_317' title='bbox 1241 2117 1308 2187; x_wconf 83' lang='grc' dir='ltr'><strong>ἥν</strong></span> <span class='ocrx_word' id='word_1_318' title='bbox 1333 2118 1434 2171; x_wconf 84' lang='grc' dir='ltr'><strong>οὐκ</strong></span> <span class='ocrx_word' id='word_1_319' title='bbox 1467 2115 1685 2182; x_wconf 75' lang='grc' dir='ltr'><strong>ἐδέξατο</strong></span> <span class='ocrx_word' id='word_1_320' title='bbox 1701 2119 1910 2190; x_wconf 75' lang='grc' dir='ltr'><strong>Σάρρα,</strong></span> 
     </span>
    </p>
   </div>
   <div class='ocr_carea' id='block_1_40' title="bbox 327 2201 1904 2281">
    <p class='ocr_par' dir='ltr' id='par_1_40' title="bbox 327 2201 1904 2281">
     <span class='ocr_line' id='line_1_40' title="bbox 327 2201 1904 2281; baseline 0.001 -20"><span class='ocrx_word' id='word_1_321' title='bbox 327 2211 400 2281; x_wconf 70' lang='grc' dir='ltr'><strong>ἢν</strong></span> <span class='ocrx_word' id='word_1_322' title='bbox 435 2211 535 2262; x_wconf 82' lang='grc' dir='ltr'><strong>οὐκ</strong></span> <span class='ocrx_word' id='word_1_323' title='bbox 569 2209 708 2277; x_wconf 78' lang='grc' dir='ltr'><strong>ἔγνω</strong></span> <span class='ocrx_word' id='word_1_324' title='bbox 751 2208 1036 2271; x_wconf 78' lang='grc' dir='ltr'><strong>Ῥεϐέκκα,</strong></span> <span class='ocrx_word' id='word_1_325' title='bbox 1087 2209 1180 2262; x_wconf 79' lang='grc' dir='ltr'><strong>καὶ</strong></span> <span class='ocrx_word' id='word_1_326' title='bbox 1213 2201 1414 2280; x_wconf 82' lang='grc' dir='ltr'><strong>Ῥαχὴλ</strong></span> <span class='ocrx_word' id='word_1_327' title='bbox 1446 2209 1547 2262; x_wconf 81' lang='grc' dir='ltr'><strong>οὐκ</strong></span> <span class='ocrx_word' id='word_1_328' title='bbox 1583 2209 1904 2280; x_wconf 83' lang='grc' dir='ltr'><strong>ἐγνώρισεν.</strong></span> 
     </span>
    </p>
   </div>
   <div class='ocr_carea' id='block_1_41' title="bbox 334 2295 1910 2372">
    <p class='ocr_par' dir='ltr' id='par_1_41' title="bbox 334 2295 1910 2372">
     <span class='ocr_line' id='line_1_41' title="bbox 334 2295 1910 2372; baseline 0.001 -18"><span class='ocrx_word' id='word_1_329' title='bbox 334 2322 354 2354; x_wconf 79' lang='grc' dir='ltr'>ι</span> <span class='ocrx_word' id='word_1_330' title='bbox 398 2297 566 2372; x_wconf 77' lang='grc' dir='ltr'><strong>Εὗρες</strong></span> <span class='ocrx_word' id='word_1_331' title='bbox 611 2302 807 2371; x_wconf 85' lang='grc' dir='ltr'><strong>χάριν,</strong></span> <span class='ocrx_word' id='word_1_332' title='bbox 842 2319 860 2352; x_wconf 76' lang='grc' dir='ltr'><strong>ι</strong></span> <span class='ocrx_word' id='word_1_333' title='bbox 921 2295 990 2371; x_wconf 79' lang='grc' dir='ltr'><strong>ἧς</strong></span> <span class='ocrx_word' id='word_1_334' title='bbox 1045 2301 1078 2370; x_wconf 82' lang='grc' dir='ltr'><strong>ἡ</strong></span> <span class='ocrx_word' id='word_1_335' title='bbox 1141 2298 1469 2364; x_wconf 68' lang='grc' dir='ltr'><strong>ἐξάκουστος</strong></span> <span class='ocrx_word' id='word_1_336' title='bbox 1525 2300 1627 2354; x_wconf 80' lang='grc' dir='ltr'><strong>οὐκ</strong></span> <span class='ocrx_word' id='word_1_337' title='bbox 1679 2301 1910 2370; x_wconf 75' lang='grc' dir='ltr'><strong>ἠξίωται</strong></span> 
     </span>
    </p>
   </div>
   <div class='ocr_carea' id='block_1_42' title="bbox 331 2393 1908 2465">
    <p class='ocr_par' dir='ltr' id='par_1_42' title="bbox 331 2393 1908 2465">
     <span class='ocr_line' id='line_1_42' title="bbox 331 2393 1908 2465; baseline 0.001 -18"><span class='ocrx_word' id='word_1_338' title='bbox 331 2395 524 2458; x_wconf 82' lang='grc' dir='ltr'><strong>Ἀννα,</strong></span> <span class='ocrx_word' id='word_1_339' title='bbox 555 2394 678 2446; x_wconf 79' lang='grc' dir='ltr'><strong>οὗτε</strong></span> <span class='ocrx_word' id='word_1_340' title='bbox 705 2395 966 2456; x_wconf 84' lang='grc' dir='ltr'><strong>Φενάννα,</strong></span> <span class='ocrx_word' id='word_1_341' title='bbox 1000 2394 1033 2462; x_wconf 84' lang='grc' dir='ltr'><strong>ή</strong></span> <span class='ocrx_word' id='word_1_342' title='bbox 1063 2393 1269 2465; x_wconf 81' lang='grc' dir='ltr'><strong>ταύτης</strong></span> <span class='ocrx_word' id='word_1_343' title='bbox 1298 2393 1597 2456; x_wconf 83' lang='grc' dir='ltr'><strong>ἀντίθετος.</strong></span> <span class='ocrx_word' id='word_1_344' title='bbox 1631 2394 1820 2459; x_wconf 84' lang='grc' dir='ltr'><strong>Ὅσον,</strong></span> <span class='ocrx_word' id='word_1_345' title='bbox 1854 2396 1908 2448; x_wconf 78' lang='grc' dir='ltr'><strong>αἱ</strong></span> 
     </span>
    </p>
   </div>
   <div class='ocr_carea' id='block_1_43' title="bbox 327 2485 1908 2556">
    <p class='ocr_par' dir='ltr' id='par_1_43' title="bbox 327 2485 1908 2556">
     <span class='ocr_line' id='line_1_43' title="bbox 327 2485 1908 2556; baseline 0.001 -17"><span class='ocrx_word' id='word_1_346' title='bbox 327 2486 434 2556; x_wconf 80' lang='grc' dir='ltr'><strong>μὲν</strong></span> <span class='ocrx_word' id='word_1_347' title='bbox 458 2487 516 2553; x_wconf 74' lang='grc' dir='ltr'><strong>ἐξ</strong></span> <span class='ocrx_word' id='word_1_348' title='bbox 549 2487 790 2540; x_wconf 82' lang='grc' dir='ltr'><strong>ἀτέκνων</strong></span> <span class='ocrx_word' id='word_1_349' title='bbox 819 2487 1054 2556; x_wconf 78' lang='grc' dir='ltr'><strong>μητέρες</strong></span> <span class='ocrx_word' id='word_1_350' title='bbox 1085 2487 1386 2555; x_wconf 83' lang='grc' dir='ltr'><strong>πεφήνασι,</strong></span> <span class='ocrx_word' id='word_1_351' title='bbox 1434 2485 1908 2540; x_wconf 80' lang='grc' dir='ltr'><strong>συναποϐαλοῦσαι</strong></span> 
     </span>
    </p>
   </div>
   <div class='ocr_carea' id='block_1_44' title="bbox 320 2574 1906 2652">
    <p class='ocr_par' dir='ltr' id='par_1_44' title="bbox 320 2574 1906 2652">
     <span class='ocr_line' id='line_1_44' title="bbox 320 2574 1906 2652; baseline -0.001 -19"><span class='ocrx_word' id='word_1_352' title='bbox 320 2583 396 2652; x_wconf 83' lang='grc' dir='ltr'><strong>τῇ</strong></span> <span class='ocrx_word' id='word_1_353' title='bbox 431 2580 698 2651; x_wconf 73' lang='grc' dir='ltr'><strong>παρθενίᾳ</strong></span> <span class='ocrx_word' id='word_1_354' title='bbox 731 2579 830 2649; x_wconf 84' lang='grc' dir='ltr'><strong>τὴν</strong></span> <span class='ocrx_word' id='word_1_355' title='bbox 892 2579 1209 2649; x_wconf 86' lang='grc' dir='ltr'><strong>στείρωσιν·</strong></span> <span class='ocrx_word' id='word_1_356' title='bbox 1245 2579 1310 2632; x_wconf 76' lang='grc' dir='ltr'><strong>σὺ</strong></span> <span class='ocrx_word' id='word_1_357' title='bbox 1363 2577 1422 2631; x_wconf 80' lang='grc' dir='ltr'><strong>δὲ</strong></span> <span class='ocrx_word' id='word_1_358' title='bbox 1479 2577 1620 2649; x_wconf 78' lang='grc' dir='ltr'><strong>μετὰ</strong></span> <span class='ocrx_word' id='word_1_359' title='bbox 1647 2577 1741 2632; x_wconf 87' lang='grc' dir='ltr'><strong>τοῦ</strong></span> <span class='ocrx_word' id='word_1_360' title='bbox 1767 2574 1906 2632; x_wconf 79' lang='grc' dir='ltr'><strong>εἶναι</strong></span> 
     </span>
    </p>
   </div>
   <div class='ocr_carea' id='block_1_45' title="bbox 325 2669 1907 2744">
    <p class='ocr_par' dir='ltr' id='par_1_45' title="bbox 325 2669 1907 2744">
     <span class='ocr_line' id='line_1_45' title="bbox 325 2669 1907 2744; baseline 0 -18"><span class='ocrx_word' id='word_1_361' title='bbox 325 2673 536 2744; x_wconf 79' lang='grc' dir='ltr'><strong>μήτηρ,</strong></span> <span class='ocrx_word' id='word_1_362' title='bbox 570 2673 662 2725; x_wconf 76' lang='grc' dir='ltr'><strong>καὶ</strong></span> <span class='ocrx_word' id='word_1_363' title='bbox 705 2672 766 2724; x_wconf 82' lang='grc' dir='ltr'><strong>τὸ</strong></span> <span class='ocrx_word' id='word_1_364' title='bbox 795 2669 1153 2742; x_wconf 81' lang='grc' dir='ltr'><strong>παρθενεύειν</strong></span> <span class='ocrx_word' id='word_1_365' title='bbox 1183 2671 1548 2741; x_wconf 77' lang='grc' dir='ltr'><strong>ἀναφαίρετον</strong></span> <span class='ocrx_word' id='word_1_366' title='bbox 1581 2671 1744 2738; x_wconf 72' lang='grc' dir='ltr'><strong>ἕξεις.</strong></span> <span class='ocrx_word' id='word_1_367' title='bbox 1775 2669 1907 2744; x_wconf 79' lang='grc' dir='ltr'><strong>«Μὴ</strong></span> 
     </span>
    </p>
   </div>
   <div class='ocr_carea' id='block_1_46' title="bbox 320 2759 1905 2838">
    <p class='ocr_par' dir='ltr' id='par_1_46' title="bbox 320 2759 1905 2838">
     <span class='ocr_line' id='line_1_46' title="bbox 320 2759 1905 2838; baseline 0.003 -20"><span class='ocrx_word' id='word_1_368' title='bbox 320 2766 506 2820; x_wconf 83' lang='grc' dir='ltr'><strong>τοίνυν</strong></span> <span class='ocrx_word' id='word_1_369' title='bbox 532 2765 729 2834; x_wconf 72' lang='grc' dir='ltr'><strong>φοϐοῦο</strong></span> <span class='ocrx_word' id='word_1_370' title='bbox 771 2759 926 2837; x_wconf 73' lang='grc' dir='ltr'><strong>εὗρες</strong></span> <span class='ocrx_word' id='word_1_371' title='bbox 957 2765 1064 2836; x_wconf 83' lang='grc' dir='ltr'><strong>γὰρ</strong></span> <span class='ocrx_word' id='word_1_372' title='bbox 1098 2768 1255 2836; x_wconf 84' lang='grc' dir='ltr'><strong>χάριν</strong></span> <span class='ocrx_word' id='word_1_373' title='bbox 1281 2767 1430 2837; x_wconf 74' lang='grc' dir='ltr'><strong>παρὰ</strong></span> <span class='ocrx_word' id='word_1_374' title='bbox 1457 2765 1532 2835; x_wconf 82' lang='grc' dir='ltr'><strong>τῷ</strong></span> <span class='ocrx_word' id='word_1_375' title='bbox 1561 2765 1700 2838; x_wconf 82' lang='grc' dir='ltr'><strong>Θεῷ.</strong></span> <span class='ocrx_word' id='word_1_376' title='bbox 1733 2785 1752 2820; x_wconf 71' lang='grc' dir='ltr'><strong>ι</strong></span> <span class='ocrx_word' id='word_1_377' title='bbox 1789 2768 1905 2822; x_wconf 84' lang='grc' dir='ltr'><strong>Χά-</strong></span> 
     </span>
    </p>
   </div>
   <div class='ocr_carea' id='block_1_47' title="bbox 325 2851 1905 2930">
    <p class='ocr_par' dir='ltr' id='par_1_47' title="bbox 325 2851 1905 2930">
     <span class='ocr_line' id='line_1_47' title="bbox 325 2851 1905 2930; baseline 0.001 -20"><span class='ocrx_word' id='word_1_378' title='bbox 325 2875 436 2928; x_wconf 86' lang='grc' dir='ltr'><strong>ριν,</strong></span> <span class='ocrx_word' id='word_1_379' title='bbox 472 2859 538 2930; x_wconf 74' lang='grc' dir='ltr'><strong>ὴν</strong></span> <span class='ocrx_word' id='word_1_380' title='bbox 574 2859 747 2921; x_wconf 69' lang='grc' dir='ltr'><strong>οὐδεὶς</strong></span> <span class='ocrx_word' id='word_1_381' title='bbox 777 2851 904 2929; x_wconf 74' lang='grc' dir='ltr'><strong>εὗρε</strong></span> <span class='ocrx_word' id='word_1_382' title='bbox 924 2857 1034 2912; x_wconf 84' lang='grc' dir='ltr'><strong>τῶν</strong></span> <span class='ocrx_word' id='word_1_383' title='bbox 1069 2859 1162 2910; x_wconf 79' lang='grc' dir='ltr'><strong>ἀπ’</strong></span> <span class='ocrx_word' id='word_1_384' title='bbox 1203 2857 1418 2922; x_wconf 80' lang='grc' dir='ltr'><strong>αίῶνος,</strong></span> <span class='ocrx_word' id='word_1_385' title='bbox 1459 2859 1538 2923; x_wconf 84' lang='grc' dir='ltr'><strong>ὡς</strong></span> <span class='ocrx_word' id='word_1_386' title='bbox 1571 2859 1655 2914; x_wconf 92' lang='grc' dir='ltr'><strong>σύ.</strong></span> <span class='ocrx_word' id='word_1_387' title='bbox 1691 2860 1800 2913; x_wconf 78' lang='grc' dir='ltr'><strong>Καὶ</strong></span> <span class='ocrx_word' id='word_1_388' title='bbox 1821 2861 1905 2924; x_wconf 84' lang='grc' dir='ltr'><strong>τίς</strong></span> 
     </span>
    </p>
   </div>
   <div class='ocr_carea' id='block_1_48' title="bbox 321 2945 1903 3026">
    <p class='ocr_par' dir='ltr' id='par_1_48' title="bbox 321 2945 1903 3026">
     <span class='ocr_line' id='line_1_48' title="bbox 321 2945 1903 3026; baseline 0.001 -25"><span class='ocrx_word' id='word_1_389' title='bbox 321 2949 395 3001; x_wconf 82' lang='grc' dir='ltr'><strong>ἂν</strong></span> <span class='ocrx_word' id='word_1_390' title='bbox 428 2947 639 3014; x_wconf 86' lang='grc' dir='ltr'><strong>γένοιτο</strong></span> <span class='ocrx_word' id='word_1_391' title='bbox 669 2947 830 3018; x_wconf 84' lang='grc' dir='ltr'><strong>χάρις</strong></span> <span class='ocrx_word' id='word_1_392' title='bbox 857 2947 1082 3019; x_wconf 85' lang='grc' dir='ltr'><strong>τοιαύτη</strong></span> <span class='ocrx_word' id='word_1_393' title='bbox 1134 2945 1286 3018; x_wconf 72' lang='grc' dir='ltr'><strong>παρὰ</strong></span> <span class='ocrx_word' id='word_1_394' title='bbox 1339 2945 1477 3000; x_wconf 83' lang='grc' dir='ltr'><strong>Θεοῦ</strong></span> <span class='ocrx_word' id='word_1_395' title='bbox 1531 2948 1591 3001; x_wconf 75' lang='grc' dir='ltr'><strong>τὸ</strong></span> <span class='ocrx_word' id='word_1_396' title='bbox 1624 2947 1903 3026; x_wconf 74' lang='grc' dir='ltr'><strong>ἐξαίρετον</strong></span> 
     </span>
    </p>
   </div>
   <div class='ocr_carea' id='block_1_49' title="bbox 317 3037 574 3110">
    <p class='ocr_par' dir='ltr' id='par_1_49' title="bbox 317 3037 574 3110">
     <span class='ocr_line' id='line_1_49' title="bbox 317 3037 574 3110; baseline -0.004 -18"><span class='ocrx_word' id='word_1_397' title='bbox 317 3037 522 3110; x_wconf 75' lang='grc' dir='ltr'><strong>ἔχουσα</strong></span> <span class='ocrx_word' id='word_1_398' title='bbox 540 3039 574 3104; x_wconf 75' lang='grc'><strong>;’</strong></span> 
     </span>
    </p>
   </div>
   <div class='ocr_carea' id='block_1_50' title="bbox 400 3213 1900 3289">
    <p class='ocr_par' dir='ltr' id='par_1_50' title="bbox 400 3213 1900 3289">
     <span class='ocr_line' id='line_1_50' title="bbox 400 3213 1900 3289; baseline 0.002 -21"><span class='ocrx_word' id='word_1_399' title='bbox 400 3236 418 3268; x_wconf 76' lang='grc' dir='ltr'><strong>ι</strong></span> <span class='ocrx_word' id='word_1_400' title='bbox 447 3213 618 3289; x_wconf 77' lang='grc' dir='ltr'><strong>Εὗρες</strong></span> <span class='ocrx_word' id='word_1_401' title='bbox 644 3217 826 3272; x_wconf 88' lang='grc' dir='ltr'><strong>τοίνυν</strong></span> <span class='ocrx_word' id='word_1_402' title='bbox 849 3218 1008 3288; x_wconf 86' lang='grc' dir='ltr'><strong>χάριν</strong></span> <span class='ocrx_word' id='word_1_403' title='bbox 1037 3218 1190 3287; x_wconf 79' lang='grc' dir='ltr'><strong>παρὰ</strong></span> <span class='ocrx_word' id='word_1_404' title='bbox 1215 3217 1292 3287; x_wconf 81' lang='grc' dir='ltr'><strong>τῷ</strong></span> <span class='ocrx_word' id='word_1_405' title='bbox 1311 3217 1432 3288; x_wconf 85' lang='grc' dir='ltr'><strong>Θεῷ</strong></span> <span class='ocrx_word' id='word_1_406' title='bbox 1449 3232 1461 3246; x_wconf 90' lang='grc'>·</span> <span class='ocrx_word' id='word_1_407' title='bbox 1505 3219 1614 3272; x_wconf 81' lang='grc' dir='ltr'><strong>Καὶ</strong></span> <span class='ocrx_word' id='word_1_408' title='bbox 1647 3218 1754 3273; x_wconf 79' lang='grc' dir='ltr'><strong>ἰδοὺ</strong></span> <span class='ocrx_word' id='word_1_409' title='bbox 1775 3219 1900 3272; x_wconf 84' lang='grc' dir='ltr'><strong>συλ-</strong></span> 
     </span>
    </p>
   </div>
   <div class='ocr_carea' id='block_1_51' title="bbox 315 3307 1902 3380">
    <p class='ocr_par' dir='ltr' id='par_1_51' title="bbox 315 3307 1902 3380">
     <span class='ocr_line' id='line_1_51' title="bbox 315 3307 1902 3380; baseline 0.001 -17"><span class='ocrx_word' id='word_1_410' title='bbox 315 3309 470 3380; x_wconf 65' lang='grc' dir='ltr'><strong>λήψῃ</strong></span> <span class='ocrx_word' id='word_1_411' title='bbox 497 3311 554 3362; x_wconf 82' lang='grc' dir='ltr'><strong>ὲν</strong></span> <span class='ocrx_word' id='word_1_412' title='bbox 583 3309 806 3378; x_wconf 72' lang='grc' dir='ltr'><strong>γαστρὶ,</strong></span> <span class='ocrx_word' id='word_1_413' title='bbox 831 3309 925 3361; x_wconf 71' lang='grc' dir='ltr'><strong>καὶ</strong></span> <span class='ocrx_word' id='word_1_414' title='bbox 944 3307 1074 3380; x_wconf 80' lang='grc' dir='ltr'><strong>τέξῃ</strong></span> <span class='ocrx_word' id='word_1_415' title='bbox 1103 3308 1238 3372; x_wconf 83' lang='grc' dir='ltr'><strong>υἱὸν,</strong></span> <span class='ocrx_word' id='word_1_416' title='bbox 1257 3308 1354 3360; x_wconf 80' lang='grc' dir='ltr'><strong>καὶ</strong></span> <span class='ocrx_word' id='word_1_417' title='bbox 1373 3307 1628 3371; x_wconf 81' lang='grc' dir='ltr'><strong>καλέσεις</strong></span> <span class='ocrx_word' id='word_1_418' title='bbox 1649 3308 1710 3362; x_wconf 83' lang='grc' dir='ltr'><strong>τὸ</strong></span> <span class='ocrx_word' id='word_1_419' title='bbox 1729 3309 1902 3378; x_wconf 78' lang='grc' dir='ltr'><strong>ὄνομα</strong></span> 
     </span>
    </p>
   </div>
   <div class='ocr_carea' id='block_1_52' title="bbox 315 3395 1895 3471">
    <p class='ocr_par' dir='ltr' id='par_1_52' title="bbox 315 3395 1895 3471">
     <span class='ocr_line' id='line_1_52' title="bbox 315 3395 1895 3471; baseline 0.001 -21"><span class='ocrx_word' id='word_1_420' title='bbox 315 3397 488 3450; x_wconf 82' lang='grc' dir='ltr'><strong>αὐτοῦ</strong></span> <span class='ocrx_word' id='word_1_421' title='bbox 526 3396 753 3466; x_wconf 82' lang='grc' dir='ltr'><strong>Ἰησοῦν.</strong></span> <span class='ocrx_word' id='word_1_422' title='bbox 781 3417 800 3450; x_wconf 72' lang='grc' dir='ltr'><strong>ι</strong></span> <span class='ocrx_word' id='word_1_423' title='bbox 826 3397 1000 3450; x_wconf 61' lang='grc' dir='ltr'><strong>Βαὸαλ¹</strong></span> <span class='ocrx_word' id='word_1_424' title='bbox 1025 3395 1122 3449; x_wconf 89' lang='grc' dir='ltr'><strong>τοῦ</strong></span> <span class='ocrx_word' id='word_1_425' title='bbox 1155 3397 1436 3467; x_wconf 84' lang='grc' dir='ltr'><strong>θᾶύματος</strong></span> <span class='ocrx_word' id='word_1_426' title='bbox 1461 3397 1474 3449; x_wconf 90' lang='lat' dir='ltr'><strong>l</strong></span> <span class='ocrx_word' id='word_1_427' title='bbox 1511 3397 1736 3468; x_wconf 85' lang='grc' dir='ltr'><strong>Πρῶτον</strong></span> <span class='ocrx_word' id='word_1_428' title='bbox 1759 3399 1895 3471; x_wconf 75' lang='grc' dir='ltr'><strong>αὐτῇ</strong></span> 
     </span>
    </p>
   </div>
   <div class='ocr_carea' id='block_1_53' title="bbox 311 3483 1896 3557">
    <p class='ocr_par' dir='ltr' id='par_1_53' title="bbox 311 3483 1896 3557">
     <span class='ocr_line' id='line_1_53' title="bbox 311 3483 1896 3557; baseline 0.002 -17"><span class='ocrx_word' id='word_1_429' title='bbox 311 3488 380 3541; x_wconf 74' lang='grc' dir='ltr'><strong>τὸ</strong></span> <span class='ocrx_word' id='word_1_430' title='bbox 416 3485 518 3556; x_wconf 87' lang='grc' dir='ltr'><strong>τῆς</strong></span> <span class='ocrx_word' id='word_1_431' title='bbox 553 3487 786 3557; x_wconf 84' lang='grc' dir='ltr'><strong>ἀπορίας</strong></span> <span class='ocrx_word' id='word_1_432' title='bbox 805 3487 1110 3540; x_wconf 82' lang='grc' dir='ltr'><strong>ὲπελύσατο</strong></span> <span class='ocrx_word' id='word_1_433' title='bbox 1138 3487 1455 3557; x_wconf 81' lang='grc' dir='ltr'><strong>πρόσλημα,</strong></span> <span class='ocrx_word' id='word_1_434' title='bbox 1487 3483 1588 3540; x_wconf 79' lang='grc' dir='ltr'><strong>εἷθ’</strong></span> <span class='ocrx_word' id='word_1_435' title='bbox 1611 3487 1784 3552; x_wconf 83' lang='grc' dir='ltr'><strong>οὕτως</strong></span> <span class='ocrx_word' id='word_1_436' title='bbox 1805 3489 1896 3544; x_wconf 84' lang='grc' dir='ltr'><strong>τὸν</strong></span> 
     </span>
    </p>
   </div>
   <div class='ocr_carea' id='block_1_54' title="bbox 313 3575 1896 3649">
    <p class='ocr_par' dir='ltr' id='par_1_54' title="bbox 313 3575 1896 3649">
     <span class='ocr_line' id='line_1_54' title="bbox 313 3575 1896 3649; baseline 0.003 -20"><span class='ocrx_word' id='word_1_437' title='bbox 313 3578 418 3647; x_wconf 82' lang='grc' dir='ltr'><strong>τῆς</strong></span> <span class='ocrx_word' id='word_1_438' title='bbox 448 3575 744 3646; x_wconf 81' lang='grc' dir='ltr'><strong>ἑρμηνείας</strong></span> <span class='ocrx_word' id='word_1_439' title='bbox 778 3579 1142 3648; x_wconf 79' lang='grc' dir='ltr'><strong>συνεισήγαγε</strong></span> <span class='ocrx_word' id='word_1_440' title='bbox 1175 3577 1355 3646; x_wconf 88' lang='grc' dir='ltr'><strong>λόγον.</strong></span> <span class='ocrx_word' id='word_1_441' title='bbox 1389 3577 1498 3631; x_wconf 73' lang='grc' dir='ltr'><strong>Καὶ</strong></span> <span class='ocrx_word' id='word_1_442' title='bbox 1529 3579 1632 3649; x_wconf 85' lang='grc' dir='ltr'><strong>ὅρα</strong></span> <span class='ocrx_word' id='word_1_443' title='bbox 1665 3579 1808 3633; x_wconf 89' lang='grc' dir='ltr'><strong>πόσα</strong></span> <span class='ocrx_word' id='word_1_444' title='bbox 1836 3580 1896 3634; x_wconf 79' lang='grc' dir='ltr'><strong>ἑν</strong></span> 
     </span>
    </p>
   </div>
   <div class='ocr_carea' id='block_1_55' title="bbox 311 3667 1894 3741">
    <p class='ocr_par' dir='ltr' id='par_1_55' title="bbox 311 3667 1894 3741">
     <span class='ocr_line' id='line_1_55' title="bbox 311 3667 1894 3741; baseline 0.004 -23"><span class='ocrx_word' id='word_1_445' title='bbox 311 3667 484 3735; x_wconf 79' lang='grc' dir='ltr'><strong>ὀλίγῳ</strong></span> <span class='ocrx_word' id='word_1_446' title='bbox 511 3669 674 3720; x_wconf 83' lang='grc' dir='ltr'><strong>ποιεί.</strong></span> <span class='ocrx_word' id='word_1_447' title='bbox 719 3667 1092 3721; x_wconf 80' lang='grc' dir='ltr'><strong>Καταστέλλει</strong></span> <span class='ocrx_word' id='word_1_448' title='bbox 1119 3669 1210 3722; x_wconf 86' lang='grc' dir='ltr'><strong>τὸν</strong></span> <span class='ocrx_word' id='word_1_449' title='bbox 1256 3668 1442 3737; x_wconf 81' lang='grc' dir='ltr'><strong>φόϐον,</strong></span> <span class='ocrx_word' id='word_1_450' title='bbox 1465 3669 1772 3741; x_wconf 88' lang='grc' dir='ltr'><strong>προμηνύει</strong></span> <span class='ocrx_word' id='word_1_451' title='bbox 1796 3671 1894 3741; x_wconf 79' lang='grc' dir='ltr'><strong>τὴν</strong></span> 
     </span>
    </p>
   </div>
   <div class='ocr_carea' id='block_1_56' title="bbox 310 3751 1892 3832">
    <p class='ocr_par' dir='ltr' id='par_1_56' title="bbox 310 3751 1892 3832">
     <span class='ocr_line' id='line_1_56' title="bbox 310 3751 1892 3832; baseline 0.003 -21"><span class='ocrx_word' id='word_1_452' title='bbox 310 3759 498 3828; x_wconf 81' lang='grc' dir='ltr'><strong>χάριν,</strong></span> <span class='ocrx_word' id='word_1_453' title='bbox 531 3757 829 3829; x_wconf 80' lang='grc' dir='ltr'><strong>ἐρμηνεύει</strong></span> <span class='ocrx_word' id='word_1_454' title='bbox 867 3761 966 3828; x_wconf 83' lang='grc' dir='ltr'><strong>τὴν</strong></span> <span class='ocrx_word' id='word_1_455' title='bbox 999 3751 1218 3831; x_wconf 65' lang='grc' dir='ltr'><strong>ὀιύησιν,</strong></span> <span class='ocrx_word' id='word_1_456' title='bbox 1248 3761 1580 3832; x_wconf 84' lang='grc' dir='ltr'><strong>προφητεύει</strong></span> <span class='ocrx_word' id='word_1_457' title='bbox 1602 3761 1694 3814; x_wconf 83' lang='grc' dir='ltr'><strong>τὸν</strong></span> <span class='ocrx_word' id='word_1_458' title='bbox 1714 3761 1892 3828; x_wconf 84' lang='grc' dir='ltr'><strong>τόκον,</strong></span> 
     </span>
    </p>
   </div>
   <div class='ocr_carea' id='block_1_57' title="bbox 308 3851 1894 3924">
    <p class='ocr_par' dir='ltr' id='par_1_57' title="bbox 308 3851 1894 3924">
     <span class='ocr_line' id='line_1_57' title="bbox 308 3851 1894 3924; baseline 0.003 -20"><span class='ocrx_word' id='word_1_459' title='bbox 308 3851 753 3922; x_wconf 74' lang='grc' dir='ltr'><strong>ὁνοματογραφεί</strong></span> <span class='ocrx_word' id='word_1_460' title='bbox 771 3852 864 3905; x_wconf 85' lang='grc' dir='ltr'><strong>τοῦ</strong></span> <span class='ocrx_word' id='word_1_461' title='bbox 889 3853 1212 3923; x_wconf 80' lang='grc' dir='ltr'><strong>τικτομένου</strong></span> <span class='ocrx_word' id='word_1_462' title='bbox 1235 3851 1332 3923; x_wconf 85' lang='grc' dir='ltr'><strong>τὴν</strong></span> <span class='ocrx_word' id='word_1_463' title='bbox 1353 3853 1566 3923; x_wconf 83' lang='grc' dir='ltr'><strong>κλῆσιν.</strong></span> <span class='ocrx_word' id='word_1_464' title='bbox 1601 3853 1712 3924; x_wconf 83' lang='grc' dir='ltr'><strong>Οὐχ</strong></span> <span class='ocrx_word' id='word_1_465' title='bbox 1741 3853 1894 3908; x_wconf 77' lang='grc' dir='ltr'><strong>ἵστα-</strong></span> 
     </span>
    </p>
   </div>
   <div class='ocr_carea' id='block_1_58' title="bbox 309 3943 1892 4016">
    <p class='ocr_par' dir='ltr' id='par_1_58' title="bbox 309 3943 1892 4016">
     <span class='ocr_line' id='line_1_58' title="bbox 309 3943 1892 4016; baseline 0.004 -23"><span class='ocrx_word' id='word_1_466' title='bbox 309 3958 403 3994; x_wconf 84' lang='grc' dir='ltr'><strong>ται</strong></span> <span class='ocrx_word' id='word_1_467' title='bbox 441 3943 498 3994; x_wconf 81' lang='grc' dir='ltr'><strong>δὲ</strong></span> <span class='ocrx_word' id='word_1_468' title='bbox 547 3945 712 4014; x_wconf 82' lang='grc' dir='ltr'><strong>μέχρι</strong></span> <span class='ocrx_word' id='word_1_469' title='bbox 741 3944 945 3998; x_wconf 84' lang='grc' dir='ltr'><strong>τούτων</strong></span> <span class='ocrx_word' id='word_1_470' title='bbox 971 3947 1000 3998; x_wconf 88' lang='grc' dir='ltr'><strong>ό</strong></span> <span class='ocrx_word' id='word_1_471' title='bbox 1023 3945 1182 4013; x_wconf 82' lang='grc' dir='ltr'><strong>λόγος</strong></span> <span class='ocrx_word' id='word_1_472' title='bbox 1209 3945 1356 4016; x_wconf 75' lang='grc' dir='ltr'><strong>αὐτῷ</strong></span> <span class='ocrx_word' id='word_1_473' title='bbox 1378 3961 1390 3974; x_wconf 91' lang='grc'>·</span> <span class='ocrx_word' id='word_1_474' title='bbox 1420 3945 1534 3999; x_wconf 82' lang='grc' dir='ltr'><strong>ἀλλ’</strong></span> <span class='ocrx_word' id='word_1_475' title='bbox 1563 3945 1650 3998; x_wconf 79' lang='grc' dir='ltr'><strong>ἵνα</strong></span> <span class='ocrx_word' id='word_1_476' title='bbox 1696 3946 1790 4000; x_wconf 74' lang='grc' dir='ltr'><strong>καὶ</strong></span> <span class='ocrx_word' id='word_1_477' title='bbox 1829 3945 1892 3999; x_wconf 84' lang='grc' dir='ltr'><strong>τὸ</strong></span> 
     </span>
    </p>
   </div>
   <div class='ocr_carea' id='block_1_59' title="bbox 312 4032 1886 4107">
    <p class='ocr_par' dir='ltr' id='par_1_59' title="bbox 312 4032 1886 4107">
     <span class='ocr_line' id='line_1_59' title="bbox 312 4032 1886 4107; baseline 0.004 -24"><span class='ocrx_word' id='word_1_478' title='bbox 312 4032 548 4101; x_wconf 79' lang='grc' dir='ltr'><strong>μέγεθος</strong></span> <span class='ocrx_word' id='word_1_479' title='bbox 602 4035 702 4103; x_wconf 75' lang='grc' dir='ltr'><strong>τῆς</strong></span> <span class='ocrx_word' id='word_1_480' title='bbox 750 4035 998 4101; x_wconf 72' lang='grc' dir='ltr'><strong>ἔξουσίας</strong></span> <span class='ocrx_word' id='word_1_481' title='bbox 1054 4036 1398 4107; x_wconf 74' lang='grc' dir='ltr'><strong>παραδειχθῇ</strong></span> <span class='ocrx_word' id='word_1_482' title='bbox 1455 4039 1552 4089; x_wconf 87' lang='grc' dir='ltr'><strong>τοῦ</strong></span> <span class='ocrx_word' id='word_1_483' title='bbox 1585 4037 1886 4105; x_wconf 81' lang='grc' dir='ltr'><strong>κυήματος,</strong></span> 
     </span>
    </p>
   </div>
   <div class='ocr_carea' id='block_1_60' title="bbox 307 4119 1889 4195">
    <p class='ocr_par' dir='ltr' id='par_1_60' title="bbox 307 4119 1889 4195">
     <span class='ocr_line' id='line_1_60' title="bbox 307 4119 1889 4195; baseline 0.004 -23"><span class='ocrx_word' id='word_1_484' title='bbox 307 4123 590 4191; x_wconf 66' lang='grc' dir='ltr'><strong>ἐπήγαγεν</strong></span> <span class='ocrx_word' id='word_1_485' title='bbox 632 4124 835 4178; x_wconf 82' lang='grc' dir='ltr'><strong>αὐτίκα</strong></span> <span class='ocrx_word' id='word_1_486' title='bbox 859 4141 874 4156; x_wconf 80' lang='grc'>⁶</span> <span class='ocrx_word' id='word_1_487' title='bbox 935 4143 952 4175; x_wconf 82' lang='grc' dir='ltr'><strong>ι</strong></span> <span class='ocrx_word' id='word_1_488' title='bbox 987 4119 1158 4188; x_wconf 79' lang='grc' dir='ltr'><strong>Οὗτος</strong></span> <span class='ocrx_word' id='word_1_489' title='bbox 1189 4125 1342 4178; x_wconf 74' lang='grc' dir='ltr'><strong>ἔσται</strong></span> <span class='ocrx_word' id='word_1_490' title='bbox 1392 4126 1586 4195; x_wconf 82' lang='grc' dir='ltr'><strong>μέγας,</strong></span> <span class='ocrx_word' id='word_1_491' title='bbox 1641 4127 1734 4179; x_wconf 75' lang='grc' dir='ltr'><strong>καὶ</strong></span> <span class='ocrx_word' id='word_1_492' title='bbox 1761 4127 1889 4188; x_wconf 78' lang='grc' dir='ltr'><strong>Υίδς</strong></span> 
     </span>
    </p>
   </div>
   <div class='ocr_carea' id='block_1_61' title="bbox 317 4211 1888 4288">
    <p class='ocr_par' dir='ltr' id='par_1_61' title="bbox 317 4211 1888 4288">
     <span class='ocr_line' id='line_1_61' title="bbox 317 4211 1888 4288; baseline 0.004 -24"><span class='ocrx_word' id='word_1_493' title='bbox 317 4211 580 4282; x_wconf 77' lang='grc' dir='ltr'><strong>Ὑψίστου</strong></span> <span class='ocrx_word' id='word_1_494' title='bbox 645 4213 1012 4286; x_wconf 80' lang='grc' dir='ltr'><strong>κληθήσεται·</strong></span> <span class='ocrx_word' id='word_1_495' title='bbox 1053 4217 1149 4270; x_wconf 75' lang='grc' dir='ltr'><strong>καὶ</strong></span> <span class='ocrx_word' id='word_1_496' title='bbox 1205 4216 1368 4270; x_wconf 83' lang='grc' dir='ltr'><strong>δώσει</strong></span> <span class='ocrx_word' id='word_1_497' title='bbox 1423 4215 1572 4288; x_wconf 82' lang='grc' dir='ltr'><strong>αὐτῷ</strong></span> <span class='ocrx_word' id='word_1_498' title='bbox 1607 4217 1812 4286; x_wconf 85' lang='grc' dir='ltr'><strong>Κύριος</strong></span> <span class='ocrx_word' id='word_1_499' title='bbox 1859 4218 1888 4270; x_wconf 88' lang='lat'><strong>6</strong></span> 
     </span>
    </p>
   </div>
   <div class='ocr_carea' id='block_1_62' title="bbox 303 4303 1884 4378">
    <p class='ocr_par' dir='ltr' id='par_1_62' title="bbox 303 4303 1884 4378">
     <span class='ocr_line' id='line_1_62' title="bbox 303 4303 1884 4378; baseline 0.001 -20"><span class='ocrx_word' id='word_1_500' title='bbox 303 4303 438 4366; x_wconf 80' lang='grc' dir='ltr'><strong>Θεὸς</strong></span> <span class='ocrx_word' id='word_1_501' title='bbox 465 4305 556 4359; x_wconf 76' lang='grc' dir='ltr'><strong>τὸν</strong></span> <span class='ocrx_word' id='word_1_502' title='bbox 581 4305 772 4378; x_wconf 78' lang='grc' dir='ltr'><strong>θρόνον</strong></span> <span class='ocrx_word' id='word_1_503' title='bbox 799 4307 964 4360; x_wconf 72' lang='grc' dir='ltr'><strong>Δασὶδ</strong></span> <span class='ocrx_word' id='word_1_504' title='bbox 989 4307 1082 4362; x_wconf 85' lang='grc' dir='ltr'><strong>τοῦ</strong></span> <span class='ocrx_word' id='word_1_505' title='bbox 1119 4309 1326 4378; x_wconf 79' lang='grc' dir='ltr'><strong>πατρὸς</strong></span> <span class='ocrx_word' id='word_1_506' title='bbox 1359 4307 1548 4374; x_wconf 80' lang='grc' dir='ltr'><strong>αὑτοῦ,</strong></span> <span class='ocrx_word' id='word_1_507' title='bbox 1604 4311 1696 4362; x_wconf 79' lang='grc' dir='ltr'><strong>καὶ</strong></span> <span class='ocrx_word' id='word_1_508' title='bbox 1727 4307 1884 4378; x_wconf 86' lang='grc' dir='ltr'><strong>βασι-</strong></span> 
     </span>
    </p>
   </div>
   <div class='ocr_carea' id='block_1_63' title="bbox 383 4473 803 4540">
    <p class='ocr_par' dir='ltr' id='par_1_63' title="bbox 383 4473 803 4540">
     <span class='ocr_line' id='line_1_63' title="bbox 383 4473 803 4540; baseline -0.002 -11"><span class='ocrx_word' id='word_1_509' title='bbox 383 4473 566 4531; x_wconf 69' lang='grc' dir='ltr'><strong>ίῑιυε.</strong></span> <span class='ocrx_word' id='word_1_510' title='bbox 609 4491 647 4540; x_wconf 84' lang='grc' dir='ltr'><strong>ι,</strong></span> <span class='ocrx_word' id='word_1_511' title='bbox 709 4474 803 4529; x_wconf 79' lang='grc'><strong>51.</strong></span> 
     </span>
    </p>
   </div>
   <div class='ocr_carea' id='block_1_64' title="bbox 2013 1842 3588 1929">
    <p class='ocr_par' dir='ltr' id='par_1_64' title="bbox 2013 1842 3588 1929">
     <span class='ocr_line' id='line_1_64' title="bbox 2013 1842 3588 1929; baseline 0.015 -33"><span class='ocrx_word' id='word_1_512' title='bbox 2013 1842 2420 1916; x_wconf 70' lang='lat' dir='ltr'><strong>Prmoccupans</strong></span> <span class='ocrx_word' id='word_1_513' title='bbox 2459 1850 2606 1904; x_wconf 87' lang='lat' dir='ltr'><strong>enim</strong></span> <span class='ocrx_word' id='word_1_514' title='bbox 2669 1853 2892 1922; x_wconf 87' lang='lat' dir='ltr'><strong>insiliit,</strong></span> <span class='ocrx_word' id='word_1_515' title='bbox 2961 1871 3030 1912; x_wconf 85' lang='lat' dir='ltr'><strong>ac</strong></span> <span class='ocrx_word' id='word_1_516' title='bbox 3087 1859 3378 1929; x_wconf 86' lang='lat' dir='ltr'><strong>ingressus</strong></span> <span class='ocrx_word' id='word_1_517' title='bbox 3434 1871 3588 1920; x_wconf 88' lang='lat' dir='ltr'><strong>tuum</strong></span> 
     </span>
    </p>
   </div>
   <div class='ocr_carea' id='block_1_65' title="bbox 2013 1939 3590 2027">
    <p class='ocr_par' dir='ltr' id='par_1_65' title="bbox 2013 1939 3590 2027">
     <span class='ocr_line' id='line_1_65' title="bbox 2013 1939 3590 2027; baseline 0.013 -37"><span class='ocrx_word' id='word_1_518' title='bbox 2013 1946 2254 2002; x_wconf 86' lang='lat' dir='ltr'><strong>uterum,</strong></span> <span class='ocrx_word' id='word_1_519' title='bbox 2290 1939 2346 1992; x_wconf 89' lang='lat' dir='ltr'><strong>in</strong></span> <span class='ocrx_word' id='word_1_520' title='bbox 2389 1947 2445 1995; x_wconf 88' lang='lat' dir='ltr'><strong>te</strong></span> <span class='ocrx_word' id='word_1_521' title='bbox 2493 1943 2676 1997; x_wconf 87' lang='lat' dir='ltr'><strong>locum</strong></span> <span class='ocrx_word' id='word_1_522' title='bbox 2707 1947 2802 2015; x_wconf 90' lang='lat' dir='ltr'><strong>qui</strong></span> <span class='ocrx_word' id='word_1_523' title='bbox 2839 1958 3066 2015; x_wconf 81' lang='lat' dir='ltr'><strong>caperet</strong></span> <span class='ocrx_word' id='word_1_524' title='bbox 3097 1951 3333 2018; x_wconf 75' lang='lat' dir='ltr'><strong>invenit,</strong></span> <span class='ocrx_word' id='word_1_525' title='bbox 3367 1957 3464 2026; x_wconf 92' lang='lat' dir='ltr'><strong>qui</strong></span> <span class='ocrx_word' id='word_1_526' title='bbox 3493 1973 3590 2027; x_wconf 88' lang='lat' dir='ltr'><strong>per</strong></span> 
     </span>
    </p>
   </div>
   <div class='ocr_carea' id='block_1_66' title="bbox 2013 2031 3583 2114">
    <p class='ocr_par' dir='ltr' id='par_1_66' title="bbox 2013 2031 3583 2114">
     <span class='ocr_line' id='line_1_66' title="bbox 2013 2031 3583 2114; baseline 0.015 -32"><span class='ocrx_word' id='word_1_527' title='bbox 2013 2037 2267 2083; x_wconf 86' lang='lat' dir='ltr'><strong>naturam</strong></span> <span class='ocrx_word' id='word_1_528' title='bbox 2301 2031 2426 2086; x_wconf 81' lang='lat' dir='ltr'><strong>loco</strong></span> <span class='ocrx_word' id='word_1_529' title='bbox 2445 2033 2566 2104; x_wconf 88' lang='lat' dir='ltr'><strong>capi</strong></span> <span class='ocrx_word' id='word_1_530' title='bbox 2601 2051 2710 2090; x_wconf 88' lang='lat' dir='ltr'><strong>non</strong></span> <span class='ocrx_word' id='word_1_531' title='bbox 2735 2045 2945 2106; x_wconf 89' lang='lat' dir='ltr'><strong>potest.</strong></span> <span class='ocrx_word' id='word_1_532' title='bbox 2989 2059 3007 2093; x_wconf 77' lang='grc' dir='ltr'><strong>ι</strong></span> <span class='ocrx_word' id='word_1_533' title='bbox 3037 2041 3117 2098; x_wconf 91' lang='lat' dir='ltr'><strong>Ne</strong></span> <span class='ocrx_word' id='word_1_534' title='bbox 3140 2045 3357 2112; x_wconf 88' lang='lat' dir='ltr'><strong>timeas,</strong></span> <span class='ocrx_word' id='word_1_535' title='bbox 3395 2048 3583 2114; x_wconf 78' lang='lat' dir='ltr'><strong>Maria,</strong></span> 
     </span>
    </p>
   </div>
   <div class='ocr_carea' id='block_1_67' title="bbox 2012 2119 3587 2205">
    <p class='ocr_par' dir='ltr' id='par_1_67' title="bbox 2012 2119 3587 2205">
     <span class='ocr_line' id='line_1_67' title="bbox 2012 2119 3587 2205; baseline 0.017 -35"><span class='ocrx_word' id='word_1_536' title='bbox 2012 2119 2274 2175; x_wconf 84' lang='lat' dir='ltr'><strong>invenisti</strong></span> <span class='ocrx_word' id='word_1_537' title='bbox 2325 2124 2470 2178; x_wconf 91' lang='lat' dir='ltr'><strong>enim</strong></span> <span class='ocrx_word' id='word_1_538' title='bbox 2521 2125 2754 2195; x_wconf 77' lang='lat' dir='ltr'><strong>gratiam</strong></span> <span class='ocrx_word' id='word_1_539' title='bbox 2799 2131 2946 2199; x_wconf 90' lang='lat' dir='ltr'><strong>apud</strong></span> <span class='ocrx_word' id='word_1_540' title='bbox 2979 2131 3172 2190; x_wconf 89' lang='lat' dir='ltr'><strong>Deum.</strong></span> <span class='ocrx_word' id='word_1_541' title='bbox 3207 2155 3226 2189; x_wconf 85' lang='grc'><strong>›</strong></span> <span class='ocrx_word' id='word_1_542' title='bbox 3261 2137 3473 2205; x_wconf 87' lang='lat' dir='ltr'><strong>Gratia,</strong></span> <span class='ocrx_word' id='word_1_543' title='bbox 3499 2143 3587 2196; x_wconf 85' lang='lat' dir='ltr'><strong>in-</strong></span> 
     </span>
    </p>
   </div>
   <div class='ocr_carea' id='block_1_68' title="bbox 2009 2214 3586 2300">
    <p class='ocr_par' dir='ltr' id='par_1_68' title="bbox 2009 2214 3586 2300">
     <span class='ocr_line' id='line_1_68' title="bbox 2009 2214 3586 2300; baseline 0.015 -37"><span class='ocrx_word' id='word_1_544' title='bbox 2009 2225 2200 2281; x_wconf 76' lang='lat' dir='ltr'><strong>quam,</strong></span> <span class='ocrx_word' id='word_1_545' title='bbox 2234 2228 2401 2282; x_wconf 88' lang='lat' dir='ltr'><strong>quam</strong></span> <span class='ocrx_word' id='word_1_546' title='bbox 2439 2214 2574 2271; x_wconf 79' lang='lat' dir='ltr'><strong>Sara</strong></span> <span class='ocrx_word' id='word_1_547' title='bbox 2603 2234 2710 2273; x_wconf 92' lang='lat' dir='ltr'><strong>non</strong></span> <span class='ocrx_word' id='word_1_548' title='bbox 2747 2223 2996 2292; x_wconf 85' lang='lat' dir='ltr'><strong>accepit,</strong></span> <span class='ocrx_word' id='word_1_549' title='bbox 3032 2241 3196 2294; x_wconf 89' lang='lat' dir='ltr'><strong>quam</strong></span> <span class='ocrx_word' id='word_1_550' title='bbox 3229 2245 3336 2284; x_wconf 89' lang='lat' dir='ltr'><strong>non</strong></span> <span class='ocrx_word' id='word_1_551' title='bbox 3377 2245 3586 2300; x_wconf 85' lang='lat' dir='ltr'><strong>cogno-</strong></span> 
     </span>
    </p>
   </div>
   <div class='ocr_carea' id='block_1_69' title="bbox 2009 2303 3584 2378">
    <p class='ocr_par' dir='ltr' id='par_1_69' title="bbox 2009 2303 3584 2378">
     <span class='ocr_line' id='line_1_69' title="bbox 2009 2303 3584 2378; baseline 0.013 -21"><span class='ocrx_word' id='word_1_552' title='bbox 2009 2303 2088 2357; x_wconf 88' lang='lat' dir='ltr'><strong>vit</strong></span> <span class='ocrx_word' id='word_1_553' title='bbox 2143 2304 2416 2374; x_wconf 77' lang='lat' dir='ltr'><strong>Rebecca,</strong></span> <span class='ocrx_word' id='word_1_554' title='bbox 2469 2323 2634 2376; x_wconf 88' lang='lat' dir='ltr'><strong>quam</strong></span> <span class='ocrx_word' id='word_1_555' title='bbox 2687 2309 2894 2366; x_wconf 84' lang='lat' dir='ltr'><strong>Rachel</strong></span> <span class='ocrx_word' id='word_1_556' title='bbox 2951 2317 3213 2371; x_wconf 87' lang='lat' dir='ltr'><strong>nescivit.</strong></span> <span class='ocrx_word' id='word_1_557' title='bbox 3253 2336 3273 2370; x_wconf 76' lang='grc' dir='ltr'><strong>ι</strong></span> <span class='ocrx_word' id='word_1_558' title='bbox 3320 2320 3584 2378; x_wconf 85' lang='lat' dir='ltr'><strong>Invenisti</strong></span> 
     </span>
    </p>
   </div>
   <div class='ocr_carea' id='block_1_70' title="bbox 2011 2395 3583 2481">
    <p class='ocr_par' dir='ltr' id='par_1_70' title="bbox 2011 2395 3583 2481">
     <span class='ocr_line' id='line_1_70' title="bbox 2011 2395 3583 2481; baseline 0.013 -36"><span class='ocrx_word' id='word_1_559' title='bbox 2011 2395 2266 2462; x_wconf 78' lang='lat' dir='ltr'><strong>gratiam,</strong></span> <span class='ocrx_word' id='word_1_560' title='bbox 2313 2413 2332 2446; x_wconf 75' lang='grc' dir='ltr'><strong>ι</strong></span> <span class='ocrx_word' id='word_1_561' title='bbox 2383 2412 2550 2466; x_wconf 90' lang='lat' dir='ltr'><strong>quam</strong></span> <span class='ocrx_word' id='word_1_562' title='bbox 2589 2413 2691 2453; x_wconf 90' lang='lat' dir='ltr'><strong>nec</strong></span> <span class='ocrx_word' id='word_1_563' title='bbox 2733 2400 2972 2457; x_wconf 87' lang='lat' dir='ltr'><strong>celebris</strong></span> <span class='ocrx_word' id='word_1_564' title='bbox 3001 2404 3094 2458; x_wconf 88' lang='lat' dir='ltr'><strong>illa</strong></span> <span class='ocrx_word' id='word_1_565' title='bbox 3123 2407 3305 2473; x_wconf 76' lang='lat' dir='ltr'><strong>Anna,</strong></span> <span class='ocrx_word' id='word_1_566' title='bbox 3335 2425 3436 2464; x_wconf 86' lang='lat' dir='ltr'><strong>nec</strong></span> <span class='ocrx_word' id='word_1_567' title='bbox 3462 2413 3583 2481; x_wconf 90' lang='lat' dir='ltr'><strong>ejus</strong></span> 
     </span>
    </p>
   </div>
   <div class='ocr_carea' id='block_1_71' title="bbox 2009 2483 3584 2563">
    <p class='ocr_par' dir='ltr' id='par_1_71' title="bbox 2009 2483 3584 2563">
     <span class='ocr_line' id='line_1_71' title="bbox 2009 2483 3584 2563; baseline 0.013 -27"><span class='ocrx_word' id='word_1_568' title='bbox 2009 2483 2328 2540; x_wconf 88' lang='lat' dir='ltr'><strong>adversaria</strong></span> <span class='ocrx_word' id='word_1_569' title='bbox 2364 2487 2660 2544; x_wconf 83' lang='lat' dir='ltr'><strong>Phenenna</strong></span> <span class='ocrx_word' id='word_1_570' title='bbox 2701 2495 2968 2563; x_wconf 89' lang='lat' dir='ltr'><strong>consequi</strong></span> <span class='ocrx_word' id='word_1_571' title='bbox 3023 2499 3244 2554; x_wconf 87' lang='lat' dir='ltr'><strong>meruit.</strong></span> <span class='ocrx_word' id='word_1_572' title='bbox 3311 2501 3447 2554; x_wconf 83' lang='lat' dir='ltr'><strong>Nam</strong></span> <span class='ocrx_word' id='word_1_573' title='bbox 3501 2503 3584 2557; x_wconf 74' lang='lat' dir='ltr'><strong>ha:</strong></span> 
     </span>
    </p>
   </div>
   <div class='ocr_carea' id='block_1_72' title="bbox 2007 2574 3584 2664">
    <p class='ocr_par' dir='ltr' id='par_1_72' title="bbox 2007 2574 3584 2664">
     <span class='ocr_line' id='line_1_72' title="bbox 2007 2574 3584 2664; baseline 0.014 -37"><span class='ocrx_word' id='word_1_574' title='bbox 2007 2574 2250 2644; x_wconf 90' lang='lat' dir='ltr'><strong>quidem,</strong></span> <span class='ocrx_word' id='word_1_575' title='bbox 2281 2591 2346 2632; x_wconf 79' lang='lat' dir='ltr'><strong>ex</strong></span> <span class='ocrx_word' id='word_1_576' title='bbox 2383 2581 2674 2636; x_wconf 87' lang='lat' dir='ltr'><strong>sterilibus</strong></span> <span class='ocrx_word' id='word_1_577' title='bbox 2717 2581 2876 2638; x_wconf 69' lang='lat' dir='ltr'><strong>factm</strong></span> <span class='ocrx_word' id='word_1_578' title='bbox 2923 2595 3062 2641; x_wconf 90' lang='lat' dir='ltr'><strong>sunt</strong></span> <span class='ocrx_word' id='word_1_579' title='bbox 3099 2599 3325 2657; x_wconf 70' lang='lat' dir='ltr'><strong>matres,</strong></span> <span class='ocrx_word' id='word_1_580' title='bbox 3355 2593 3584 2664; x_wconf 85' lang='lat' dir='ltr'><strong>virgini-</strong></span> 
     </span>
    </p>
   </div>
   <div class='ocr_carea' id='block_1_73' title="bbox 2009 2671 3584 2748">
    <p class='ocr_par' dir='ltr' id='par_1_73' title="bbox 2009 2671 3584 2748">
     <span class='ocr_line' id='line_1_73' title="bbox 2009 2671 3584 2748; baseline 0.014 -30"><span class='ocrx_word' id='word_1_581' title='bbox 2009 2671 2120 2722; x_wconf 84' lang='lat' dir='ltr'><strong>tate</strong></span> <span class='ocrx_word' id='word_1_582' title='bbox 2150 2682 2254 2722; x_wconf 92' lang='lat' dir='ltr'><strong>una</strong></span> <span class='ocrx_word' id='word_1_583' title='bbox 2278 2684 2402 2723; x_wconf 89' lang='lat' dir='ltr'><strong>cum</strong></span> <span class='ocrx_word' id='word_1_584' title='bbox 2426 2671 2667 2728; x_wconf 85' lang='lat' dir='ltr'><strong>orbitate</strong></span> <span class='ocrx_word' id='word_1_585' title='bbox 2699 2676 2910 2730; x_wconf 89' lang='lat' dir='ltr'><strong>amissa</strong></span> <span class='ocrx_word' id='word_1_586' title='bbox 2941 2695 2954 2730; x_wconf 90' lang='lat'><strong>:</strong></span> <span class='ocrx_word' id='word_1_587' title='bbox 2993 2685 3050 2732; x_wconf 91' lang='lat' dir='ltr'><strong>tu</strong></span> <span class='ocrx_word' id='word_1_588' title='bbox 3085 2689 3295 2748; x_wconf 87' lang='lat' dir='ltr'><strong>autem,</strong></span> <span class='ocrx_word' id='word_1_589' title='bbox 3323 2691 3382 2736; x_wconf 90' lang='lat' dir='ltr'><strong>ut</strong></span> <span class='ocrx_word' id='word_1_590' title='bbox 3405 2695 3584 2741; x_wconf 87' lang='lat' dir='ltr'><strong>mater</strong></span> 
     </span>
    </p>
   </div>
   <div class='ocr_carea' id='block_1_74' title="bbox 2007 2753 3582 2836">
    <p class='ocr_par' dir='ltr' id='par_1_74' title="bbox 2007 2753 3582 2836">
     <span class='ocr_line' id='line_1_74' title="bbox 2007 2753 3582 2836; baseline 0.013 -26"><span class='ocrx_word' id='word_1_591' title='bbox 2007 2753 2110 2819; x_wconf 87' lang='lat' dir='ltr'><strong>sis,</strong></span> <span class='ocrx_word' id='word_1_592' title='bbox 2137 2756 2452 2827; x_wconf 83' lang='lat' dir='ltr'><strong>virginitate</strong></span> <span class='ocrx_word' id='word_1_593' title='bbox 2481 2767 2666 2816; x_wconf 88' lang='lat' dir='ltr'><strong>tamen</strong></span> <span class='ocrx_word' id='word_1_594' title='bbox 2699 2761 2906 2819; x_wconf 86' lang='lat' dir='ltr'><strong>frueris</strong></span> <span class='ocrx_word' id='word_1_595' title='bbox 2949 2779 3170 2836; x_wconf 87' lang='lat' dir='ltr'><strong>semper</strong></span> <span class='ocrx_word' id='word_1_596' title='bbox 3209 2769 3403 2826; x_wconf 74' lang='lat' dir='ltr'><strong>illmsa.</strong></span> <span class='ocrx_word' id='word_1_597' title='bbox 3441 2792 3461 2824; x_wconf 75' lang='grc' dir='ltr'><strong>ι</strong></span> <span class='ocrx_word' id='word_1_598' title='bbox 3505 2776 3582 2831; x_wconf 89' lang='lat' dir='ltr'><strong>Ne</strong></span> 
     </span>
    </p>
   </div>
   <div class='ocr_carea' id='block_1_75' title="bbox 2006 2841 3576 2927">
    <p class='ocr_par' dir='ltr' id='par_1_75' title="bbox 2006 2841 3576 2927">
     <span class='ocr_line' id='line_1_75' title="bbox 2006 2841 3576 2927; baseline 0.012 -31"><span class='ocrx_word' id='word_1_599' title='bbox 2006 2841 2200 2899; x_wconf 89' lang='lat' dir='ltr'><strong>timeas</strong></span> <span class='ocrx_word' id='word_1_600' title='bbox 2235 2859 2390 2916; x_wconf 87' lang='lat' dir='ltr'><strong>ergo,</strong></span> <span class='ocrx_word' id='word_1_601' title='bbox 2413 2847 2676 2904; x_wconf 88' lang='lat' dir='ltr'><strong>invenisti</strong></span> <span class='ocrx_word' id='word_1_602' title='bbox 2698 2853 2848 2907; x_wconf 90' lang='lat' dir='ltr'><strong>enim</strong></span> <span class='ocrx_word' id='word_1_603' title='bbox 2874 2853 3106 2922; x_wconf 79' lang='lat' dir='ltr'><strong>gratiam</strong></span> <span class='ocrx_word' id='word_1_604' title='bbox 3149 2860 3296 2927; x_wconf 89' lang='lat' dir='ltr'><strong>apud</strong></span> <span class='ocrx_word' id='word_1_605' title='bbox 3336 2861 3526 2921; x_wconf 89' lang='lat' dir='ltr'><strong>Deum.</strong></span> <span class='ocrx_word' id='word_1_606' title='bbox 3557 2887 3576 2915; x_wconf 76' lang='grc' dir='ltr'><strong>ι</strong></span> 
     </span>
    </p>
   </div>
   <div class='ocr_carea' id='block_1_76' title="bbox 2005 2933 3581 3016">
    <p class='ocr_par' dir='ltr' id='par_1_76' title="bbox 2005 2933 3581 3016">
     <span class='ocr_line' id='line_1_76' title="bbox 2005 2933 3581 3016; baseline 0.015 -29"><span class='ocrx_word' id='word_1_607' title='bbox 2005 2933 2252 2990; x_wconf 88' lang='lat' dir='ltr'><strong>Gratiam</strong></span> <span class='ocrx_word' id='word_1_608' title='bbox 2292 2937 2576 3008; x_wconf 86' lang='lat' dir='ltr'><strong>invenisti,</strong></span> <span class='ocrx_word' id='word_1_609' title='bbox 2611 2956 2777 3011; x_wconf 90' lang='lat' dir='ltr'><strong>quam</strong></span> <span class='ocrx_word' id='word_1_610' title='bbox 2830 2944 3020 3000; x_wconf 91' lang='lat' dir='ltr'><strong>nullus</strong></span> <span class='ocrx_word' id='word_1_611' title='bbox 3072 2961 3102 3000; x_wconf 89' lang='lat' dir='ltr'><strong>a</strong></span> <span class='ocrx_word' id='word_1_612' title='bbox 3153 2952 3380 3016; x_wconf 66' lang='lat' dir='ltr'><strong>saeculo,</strong></span> <span class='ocrx_word' id='word_1_613' title='bbox 3434 2956 3581 3011; x_wconf 87' lang='lat' dir='ltr'><strong>sicut</strong></span> 
     </span>
    </p>
   </div>
   <div class='ocr_carea' id='block_1_77' title="bbox 2005 3025 3580 3116">
    <p class='ocr_par' dir='ltr' id='par_1_77' title="bbox 2005 3025 3580 3116">
     <span class='ocr_line' id='line_1_77' title="bbox 2005 3025 3580 3116; baseline 0.014 -38"><span class='ocrx_word' id='word_1_614' title='bbox 2005 3033 2087 3091; x_wconf 88' lang='lat' dir='ltr'><strong>tu,</strong></span> <span class='ocrx_word' id='word_1_615' title='bbox 2125 3025 2359 3086; x_wconf 78' lang='lat' dir='ltr'><strong>invenit.</strong></span> <span class='ocrx_word' id='word_1_616' title='bbox 2383 3027 2518 3096; x_wconf 74' lang='lat' dir='ltr'><strong>Quae</strong></span> <span class='ocrx_word' id='word_1_617' title='bbox 2550 3031 2700 3088; x_wconf 87' lang='lat' dir='ltr'><strong>enim</strong></span> <span class='ocrx_word' id='word_1_618' title='bbox 2717 3031 2996 3104; x_wconf 81' lang='lat' dir='ltr'><strong>ejusmodi</strong></span> <span class='ocrx_word' id='word_1_619' title='bbox 3026 3049 3058 3090; x_wconf 91' lang='lat' dir='ltr'><strong>a</strong></span> <span class='ocrx_word' id='word_1_620' title='bbox 3084 3034 3196 3093; x_wconf 88' lang='lat' dir='ltr'><strong>Deo</strong></span> <span class='ocrx_word' id='word_1_621' title='bbox 3225 3042 3426 3098; x_wconf 82' lang='lat' dir='ltr'><strong>eximia</strong></span> <span class='ocrx_word' id='word_1_622' title='bbox 3455 3061 3580 3116; x_wconf 85' lang='lat' dir='ltr'><strong>gra-</strong></span> 
     </span>
    </p>
   </div>
   <div class='ocr_carea' id='block_1_78' title="bbox 2003 3115 2218 3174">
    <p class='ocr_par' dir='ltr' id='par_1_78' title="bbox 2003 3115 2218 3174">
     <span class='ocr_line' id='line_1_78' title="bbox 2003 3115 2218 3174; baseline 0.005 -3"><span class='ocrx_word' id='word_1_623' title='bbox 2003 3115 2079 3172; x_wconf 87' lang='lat' dir='ltr'><strong>tia</strong></span> <span class='ocrx_word' id='word_1_624' title='bbox 2103 3118 2172 3174; x_wconf 93' lang='lat' dir='ltr'><strong>sit</strong></span> <span class='ocrx_word' id='word_1_625' title='bbox 2194 3118 2218 3172; x_wconf 79' lang='lat'><strong>?</strong></span> 
     </span>
    </p>
   </div>
   <div class='ocr_carea' id='block_1_79' title="bbox 2079 3211 3579 3294">
    <p class='ocr_par' dir='ltr' id='par_1_79' title="bbox 2079 3211 3579 3294">
     <span class='ocr_line' id='line_1_79' title="bbox 2079 3211 3579 3294; baseline 0.014 -31"><span class='ocrx_word' id='word_1_626' title='bbox 2079 3229 2100 3263; x_wconf 75' lang='grc' dir='ltr'><strong>ι</strong></span> <span class='ocrx_word' id='word_1_627' title='bbox 2136 3211 2398 3270; x_wconf 89' lang='lat' dir='ltr'><strong>Invenisti</strong></span> <span class='ocrx_word' id='word_1_628' title='bbox 2429 3215 2615 3285; x_wconf 86' lang='lat' dir='ltr'><strong>itaque</strong></span> <span class='ocrx_word' id='word_1_629' title='bbox 2651 3219 2886 3290; x_wconf 84' lang='lat' dir='ltr'><strong>gratiam</strong></span> <span class='ocrx_word' id='word_1_630' title='bbox 2919 3222 3064 3294; x_wconf 87' lang='lat' dir='ltr'><strong>apud</strong></span> <span class='ocrx_word' id='word_1_631' title='bbox 3100 3223 3267 3280; x_wconf 89' lang='lat' dir='ltr'><strong>Deum</strong></span> <span class='ocrx_word' id='word_1_632' title='bbox 3303 3246 3316 3281; x_wconf 92' lang='lat'><strong>:</strong></span> <span class='ocrx_word' id='word_1_633' title='bbox 3361 3225 3426 3281; x_wconf 87' lang='lat' dir='ltr'><strong>Et</strong></span> <span class='ocrx_word' id='word_1_634' title='bbox 3451 3241 3579 3283; x_wconf 89' lang='lat' dir='ltr'><strong>ecce</strong></span> 
     </span>
    </p>
   </div>
   <div class='ocr_carea' id='block_1_80' title="bbox 2001 3302 3577 3382">
    <p class='ocr_par' dir='ltr' id='par_1_80' title="bbox 2001 3302 3577 3382">
     <span class='ocr_line' id='line_1_80' title="bbox 2001 3302 3577 3382; baseline 0.014 -28"><span class='ocrx_word' id='word_1_635' title='bbox 2001 3302 2284 3372; x_wconf 89' lang='lat' dir='ltr'><strong>concipies</strong></span> <span class='ocrx_word' id='word_1_636' title='bbox 2325 3305 2380 3358; x_wconf 90' lang='lat' dir='ltr'><strong>in</strong></span> <span class='ocrx_word' id='word_1_637' title='bbox 2433 3315 2616 3374; x_wconf 89' lang='lat' dir='ltr'><strong>utero,</strong></span> <span class='ocrx_word' id='word_1_638' title='bbox 2646 3316 2700 3362; x_wconf 89' lang='lat' dir='ltr'><strong>et</strong></span> <span class='ocrx_word' id='word_1_639' title='bbox 2763 3312 2947 3379; x_wconf 90' lang='lat' dir='ltr'><strong>paries</strong></span> <span class='ocrx_word' id='word_1_640' title='bbox 3015 3315 3214 3382; x_wconf 88' lang='lat' dir='ltr'><strong>tilium,</strong></span> <span class='ocrx_word' id='word_1_641' title='bbox 3251 3319 3577 3376; x_wconf 75' lang='lat' dir='ltr'><strong>etvecabis</strong></span> 
     </span>
    </p>
   </div>
   <div class='ocr_carea' id='block_1_81' title="bbox 1997 3394 3576 3472">
    <p class='ocr_par' dir='ltr' id='par_1_81' title="bbox 1997 3394 3576 3472">
     <span class='ocr_line' id='line_1_81' title="bbox 1997 3394 3576 3472; baseline 0.013 -26"><span class='ocrx_word' id='word_1_642' title='bbox 1997 3407 2202 3449; x_wconf 92' lang='lat' dir='ltr'><strong>nomen</strong></span> <span class='ocrx_word' id='word_1_643' title='bbox 2235 3394 2356 3464; x_wconf 87' lang='lat' dir='ltr'><strong>ejus</strong></span> <span class='ocrx_word' id='word_1_644' title='bbox 2383 3394 2570 3453; x_wconf 82' lang='lat' dir='ltr'><strong>.lesum</strong></span> <span class='ocrx_word' id='word_1_645' title='bbox 2613 3399 2658 3454; x_wconf 72' lang='grc' dir='ltr'><strong>τ.</strong></span> <span class='ocrx_word' id='word_1_646' title='bbox 2699 3418 2718 3452; x_wconf 71' lang='grc' dir='ltr'><strong>ι</strong></span> <span class='ocrx_word' id='word_1_647' title='bbox 2759 3402 2918 3472; x_wconf 83' lang='lat' dir='ltr'><strong>Papae</strong></span> <span class='ocrx_word' id='word_1_648' title='bbox 2964 3407 3337 3465; x_wconf 89' lang='lat' dir='ltr'><strong>miraculum!</strong></span> <span class='ocrx_word' id='word_1_649' title='bbox 3383 3409 3576 3467; x_wconf 70' lang='lat' dir='ltr'><strong>Prima:</strong></span> 
     </span>
    </p>
   </div>
   <div class='ocr_carea' id='block_1_82' title="bbox 1995 3485 3576 3560">
    <p class='ocr_par' dir='ltr' id='par_1_82' title="bbox 1995 3485 3576 3560">
     <span class='ocr_line' id='line_1_82' title="bbox 1995 3485 3576 3560; baseline 0.013 -23"><span class='ocrx_word' id='word_1_650' title='bbox 1995 3485 2046 3538; x_wconf 91' lang='lat' dir='ltr'><strong>ei</strong></span> <span class='ocrx_word' id='word_1_651' title='bbox 2081 3487 2416 3554; x_wconf 72' lang='lat' dir='ltr'><strong>quaestionis</strong></span> <span class='ocrx_word' id='word_1_652' title='bbox 2462 3487 2696 3545; x_wconf 89' lang='lat' dir='ltr'><strong>dubium</strong></span> <span class='ocrx_word' id='word_1_653' title='bbox 2747 3493 2937 3560; x_wconf 90' lang='lat' dir='ltr'><strong>solvit,</strong></span> <span class='ocrx_word' id='word_1_654' title='bbox 2975 3501 3090 3550; x_wconf 90' lang='lat' dir='ltr'><strong>tum</strong></span> <span class='ocrx_word' id='word_1_655' title='bbox 3123 3513 3256 3554; x_wconf 86' lang='lat' dir='ltr'><strong>vero</strong></span> <span class='ocrx_word' id='word_1_656' title='bbox 3300 3508 3576 3558; x_wconf 87' lang='lat' dir='ltr'><strong>sermonis</strong></span> 
     </span>
    </p>
   </div>
   <div class='ocr_carea' id='block_1_83' title="bbox 1996 3577 3574 3664">
    <p class='ocr_par' dir='ltr' id='par_1_83' title="bbox 1996 3577 3574 3664">
     <span class='ocr_line' id='line_1_83' title="bbox 1996 3577 3574 3664; baseline 0.011 -32"><span class='ocrx_word' id='word_1_657' title='bbox 1996 3577 2400 3646; x_wconf 86' lang='lat' dir='ltr'><strong>expositionem</strong></span> <span class='ocrx_word' id='word_1_658' title='bbox 2433 3579 2661 3649; x_wconf 89' lang='lat' dir='ltr'><strong>adjecit.</strong></span> <span class='ocrx_word' id='word_1_659' title='bbox 2716 3583 2795 3638; x_wconf 85' lang='lat' dir='ltr'><strong>Ac</strong></span> <span class='ocrx_word' id='word_1_660' title='bbox 2843 3584 2970 3641; x_wconf 90' lang='lat' dir='ltr'><strong>vide</strong></span> <span class='ocrx_word' id='word_1_661' title='bbox 3011 3596 3221 3658; x_wconf 87' lang='lat' dir='ltr'><strong>quanta</strong></span> <span class='ocrx_word' id='word_1_662' title='bbox 3249 3590 3402 3646; x_wconf 88' lang='lat' dir='ltr'><strong>brevi</strong></span> <span class='ocrx_word' id='word_1_663' title='bbox 3448 3611 3574 3664; x_wconf 52' lang='lat' dir='ltr'><strong>per-</strong></span> 
     </span>
    </p>
   </div>
   <div class='ocr_carea' id='block_1_84' title="bbox 1995 3667 3576 3750">
    <p class='ocr_par' dir='ltr' id='par_1_84' title="bbox 1995 3667 3576 3750">
     <span class='ocr_line' id='line_1_84' title="bbox 1995 3667 3576 3750; baseline 0.011 -28"><span class='ocrx_word' id='word_1_664' title='bbox 1995 3677 2142 3737; x_wconf 84' lang='lat' dir='ltr'><strong>agat.</strong></span> <span class='ocrx_word' id='word_1_665' title='bbox 2193 3667 2354 3724; x_wconf 89' lang='lat' dir='ltr'><strong>Pellit</strong></span> <span class='ocrx_word' id='word_1_666' title='bbox 2417 3671 2706 3738; x_wconf 88' lang='lat' dir='ltr'><strong>timorem,</strong></span> <span class='ocrx_word' id='word_1_667' title='bbox 2777 3679 3106 3745; x_wconf 69' lang='lat' dir='ltr'><strong>praenuntiat</strong></span> <span class='ocrx_word' id='word_1_668' title='bbox 3154 3682 3421 3750; x_wconf 85' lang='lat' dir='ltr'><strong>gratiam,</strong></span> <span class='ocrx_word' id='word_1_669' title='bbox 3477 3685 3576 3739; x_wconf 57' lang='lat' dir='ltr'><strong>dem</strong></span> 
     </span>
    </p>
   </div>
   <div class='ocr_carea' id='block_1_85' title="bbox 1995 3761 3572 3838">
    <p class='ocr_par' dir='ltr' id='par_1_85' title="bbox 1995 3761 3572 3838">
     <span class='ocr_line' id='line_1_85' title="bbox 1995 3761 3572 3838; baseline 0.012 -25"><span class='ocrx_word' id='word_1_670' title='bbox 1995 3761 2170 3814; x_wconf 86' lang='lat' dir='ltr'><strong>clarat</strong></span> <span class='ocrx_word' id='word_1_671' title='bbox 2199 3771 2552 3833; x_wconf 84' lang='lat' dir='ltr'><strong>conceptum,</strong></span> <span class='ocrx_word' id='word_1_672' title='bbox 2600 3775 2820 3834; x_wconf 89' lang='lat' dir='ltr'><strong>partum</strong></span> <span class='ocrx_word' id='word_1_673' title='bbox 2853 3771 3221 3838; x_wconf 87' lang='lat' dir='ltr'><strong>vaticinatur,</strong></span> <span class='ocrx_word' id='word_1_674' title='bbox 3272 3775 3572 3832; x_wconf 74' lang='lat' dir='ltr'><strong>nasciturm</strong></span> 
     </span>
    </p>
   </div>
   <div class='ocr_carea' id='block_1_86' title="bbox 1995 3852 3571 3923">
    <p class='ocr_par' dir='ltr' id='par_1_86' title="bbox 1995 3852 3571 3923">
     <span class='ocr_line' id='line_1_86' title="bbox 1995 3852 3571 3923; baseline 0.01 -19"><span class='ocrx_word' id='word_1_675' title='bbox 1995 3852 2167 3920; x_wconf 89' lang='lat' dir='ltr'><strong>prolis</strong></span> <span class='ocrx_word' id='word_1_676' title='bbox 2196 3867 2396 3906; x_wconf 89' lang='lat' dir='ltr'><strong>nomen</strong></span> <span class='ocrx_word' id='word_1_677' title='bbox 2432 3856 2764 3923; x_wconf 65' lang='lat' dir='ltr'><strong>praescribit.</strong></span> <span class='ocrx_word' id='word_1_678' title='bbox 2803 3857 2916 3913; x_wconf 91' lang='lat' dir='ltr'><strong>Nec</strong></span> <span class='ocrx_word' id='word_1_679' title='bbox 2955 3875 3090 3916; x_wconf 87' lang='lat' dir='ltr'><strong>vero</strong></span> <span class='ocrx_word' id='word_1_680' title='bbox 3125 3860 3287 3918; x_wconf 82' lang='lat' dir='ltr'><strong>tinem</strong></span> <span class='ocrx_word' id='word_1_681' title='bbox 3331 3864 3422 3918; x_wconf 87' lang='lat' dir='ltr'><strong>hic</strong></span> <span class='ocrx_word' id='word_1_682' title='bbox 3449 3883 3571 3919; x_wconf 84' lang='lat' dir='ltr'><strong>vcr-</strong></span> 
     </span>
    </p>
   </div>
   <div class='ocr_carea' id='block_1_87' title="bbox 1998 3942 3569 4024">
    <p class='ocr_par' dir='ltr' id='par_1_87' title="bbox 1998 3942 3569 4024">
     <span class='ocr_line' id='line_1_87' title="bbox 1998 3942 3569 4024; baseline 0.009 -28"><span class='ocrx_word' id='word_1_683' title='bbox 1998 3943 2196 3996; x_wconf 89' lang='lat' dir='ltr'><strong>borum</strong></span> <span class='ocrx_word' id='word_1_684' title='bbox 2228 3942 2400 4010; x_wconf 83' lang='lat' dir='ltr'><strong>facit;</strong></span> <span class='ocrx_word' id='word_1_685' title='bbox 2443 3946 2540 3998; x_wconf 88' lang='lat' dir='ltr'><strong>sed</strong></span> <span class='ocrx_word' id='word_1_686' title='bbox 2577 3954 2635 4000; x_wconf 85' lang='lat' dir='ltr'><strong>ut</strong></span> <span class='ocrx_word' id='word_1_687' title='bbox 2681 3948 3002 4016; x_wconf 88' lang='lat' dir='ltr'><strong>magnitudo</strong></span> <span class='ocrx_word' id='word_1_688' title='bbox 3047 3967 3270 4022; x_wconf 89' lang='lat' dir='ltr'><strong>quoque</strong></span> <span class='ocrx_word' id='word_1_689' title='bbox 3311 3957 3569 4024; x_wconf 80' lang='lat' dir='ltr'><strong>potentiae</strong></span> 
     </span>
    </p>
   </div>
   <div class='ocr_carea' id='block_1_88' title="bbox 1995 4033 3567 4111">
    <p class='ocr_par' dir='ltr' id='par_1_88' title="bbox 1995 4033 3567 4111">
     <span class='ocr_line' id='line_1_88' title="bbox 1995 4033 3567 4111; baseline 0.007 -23"><span class='ocrx_word' id='word_1_690' title='bbox 1995 4033 2226 4090; x_wconf 82' lang='lat' dir='ltr'><strong>infantis</strong></span> <span class='ocrx_word' id='word_1_691' title='bbox 2261 4036 2619 4104; x_wconf 89' lang='lat' dir='ltr'><strong>ostendatur,</strong></span> <span class='ocrx_word' id='word_1_692' title='bbox 2669 4039 2858 4092; x_wconf 84' lang='lat' dir='ltr'><strong>statim</strong></span> <span class='ocrx_word' id='word_1_693' title='bbox 2922 4041 3189 4097; x_wconf 87' lang='lat' dir='ltr'><strong>addidit:</strong></span> <span class='ocrx_word' id='word_1_694' title='bbox 3233 4063 3250 4096; x_wconf 75' lang='grc' dir='ltr'><strong>ι</strong></span> <span class='ocrx_word' id='word_1_695' title='bbox 3307 4047 3410 4101; x_wconf 84' lang='lat' dir='ltr'><strong>Hie</strong></span> <span class='ocrx_word' id='word_1_696' title='bbox 3459 4049 3567 4111; x_wconf 80' lang='lat' dir='ltr'><strong>erit</strong></span> 
     </span>
    </p>
   </div>
   <div class='ocr_carea' id='block_1_89' title="bbox 1997 4124 3566 4192">
    <p class='ocr_par' dir='ltr' id='par_1_89' title="bbox 1997 4124 3566 4192">
     <span class='ocr_line' id='line_1_89' title="bbox 1997 4124 3566 4192; baseline 0.01 -18"><span class='ocrx_word' id='word_1_697' title='bbox 1997 4136 2252 4192; x_wconf 86' lang='lat' dir='ltr'><strong>magnus,</strong></span> <span class='ocrx_word' id='word_1_698' title='bbox 2323 4132 2378 4178; x_wconf 93' lang='lat' dir='ltr'><strong>et</strong></span> <span class='ocrx_word' id='word_1_699' title='bbox 2439 4124 2615 4180; x_wconf 87' lang='lat' dir='ltr'><strong>Filius</strong></span> <span class='ocrx_word' id='word_1_700' title='bbox 2655 4126 2924 4184; x_wconf 84' lang='lat' dir='ltr'><strong>Altissimi</strong></span> <span class='ocrx_word' id='word_1_701' title='bbox 2956 4133 3262 4186; x_wconf 86' lang='lat' dir='ltr'><strong>vocabitur.</strong></span> <span class='ocrx_word' id='word_1_702' title='bbox 3315 4133 3382 4187; x_wconf 86' lang='lat' dir='ltr'><strong>Et</strong></span> <span class='ocrx_word' id='word_1_703' title='bbox 3412 4136 3566 4189; x_wconf 76' lang='lat' dir='ltr'><strong>dabit</strong></span> 
     </span>
    </p>
   </div>
   <div class='ocr_carea' id='block_1_90' title="bbox 1992 4212 3564 4293">
    <p class='ocr_par' dir='ltr' id='par_1_90' title="bbox 1992 4212 3564 4293">
     <span class='ocr_line' id='line_1_90' title="bbox 1992 4212 3564 4293; baseline 0.009 -25"><span class='ocrx_word' id='word_1_704' title='bbox 1992 4213 2041 4268; x_wconf 85' lang='lat' dir='ltr'><strong>ei</strong></span> <span class='ocrx_word' id='word_1_705' title='bbox 2071 4212 2338 4270; x_wconf 90' lang='lat' dir='ltr'><strong>Dominus</strong></span> <span class='ocrx_word' id='word_1_706' title='bbox 2369 4215 2512 4270; x_wconf 88' lang='lat' dir='ltr'><strong>Deus</strong></span> <span class='ocrx_word' id='word_1_707' title='bbox 2554 4217 2742 4272; x_wconf 88' lang='lat' dir='ltr'><strong>sedem</strong></span> <span class='ocrx_word' id='word_1_708' title='bbox 2782 4218 2950 4274; x_wconf 84' lang='lat' dir='ltr'><strong>David</strong></span> <span class='ocrx_word' id='word_1_709' title='bbox 3002 4224 3174 4292; x_wconf 88' lang='lat' dir='ltr'><strong>patris</strong></span> <span class='ocrx_word' id='word_1_710' title='bbox 3213 4224 3355 4293; x_wconf 90' lang='lat' dir='ltr'><strong>ejus,</strong></span> <span class='ocrx_word' id='word_1_711' title='bbox 3393 4236 3448 4280; x_wconf 92' lang='lat' dir='ltr'><strong>et</strong></span> <span class='ocrx_word' id='word_1_712' title='bbox 3478 4243 3564 4281; x_wconf 88' lang='lat' dir='ltr'><strong>re-</strong></span> 
     </span>
    </p>
   </div>
   <div class='ocr_carea' id='block_1_91' title="bbox 1991 4307 3560 4390">
    <p class='ocr_par' dir='ltr' id='par_1_91' title="bbox 1991 4307 3560 4390">
     <span class='ocr_line' id='line_1_91' title="bbox 1991 4307 3560 4390; baseline 0.007 -29"><span class='ocrx_word' id='word_1_713' title='bbox 1991 4307 2180 4378; x_wconf 86' lang='lat' dir='ltr'><strong>gnabit</strong></span> <span class='ocrx_word' id='word_1_714' title='bbox 2209 4323 2378 4380; x_wconf 87' lang='lat' dir='ltr'><strong>super</strong></span> <span class='ocrx_word' id='word_1_715' title='bbox 2406 4308 2630 4364; x_wconf 91' lang='lat' dir='ltr'><strong>domum</strong></span> <span class='ocrx_word' id='word_1_716' title='bbox 2679 4309 2852 4369; x_wconf 82' lang='lat' dir='ltr'><strong>Jacob</strong></span> <span class='ocrx_word' id='word_1_717' title='bbox 2887 4315 2945 4368; x_wconf 92' lang='lat' dir='ltr'><strong>in</strong></span> <span class='ocrx_word' id='word_1_718' title='bbox 2995 4323 3292 4382; x_wconf 63' lang='lat' dir='ltr'><strong>aeternum,</strong></span> <span class='ocrx_word' id='word_1_719' title='bbox 3321 4325 3374 4373; x_wconf 81' lang='lat' dir='ltr'><strong>et</strong></span> <span class='ocrx_word' id='word_1_720' title='bbox 3406 4319 3560 4390; x_wconf 79' lang='lat' dir='ltr'><strong>regni</strong></span> 
     </span>
    </p>
   </div>
   <div class='ocr_carea' id='block_1_92' title="bbox 1587 4679 2243 4742">
    <p class='ocr_par' dir='ltr' id='par_1_92' title="bbox 1587 4679 2243 4742">
     <span class='ocr_line' id='line_1_92' title="bbox 1587 4679 2243 4742; baseline 0.008 -7"><span class='ocrx_word' id='word_1_721' title='bbox 1587 4679 1977 4741; x_wconf 83' lang='lat' dir='ltr'><strong>COMBEFISII</strong></span> <span class='ocrx_word' id='word_1_722' title='bbox 2007 4683 2243 4742; x_wconf 69' lang='lat' dir='ltr'><strong>NOTAE.</strong></span> 
     </span>
    </p>
   </div>
   <div class='ocr_carea' id='block_1_93' title="bbox 375 4813 3558 4901">
    <p class='ocr_par' dir='ltr' id='par_1_93' title="bbox 375 4813 3558 4901">
     <span class='ocr_line' id='line_1_93' title="bbox 375 4813 3558 4901; baseline 0.007 -36"><span class='ocrx_word' id='word_1_723' title='bbox 375 4813 488 4884; x_wconf 81' lang='lat'><strong>(75)</strong></span> <span class='ocrx_word' id='word_1_724' title='bbox 525 4813 834 4901; x_wconf 67' lang='lat' dir='ltr'><strong>Stolamque</strong></span> <span class='ocrx_word' id='word_1_725' title='bbox 889 4831 1019 4901; x_wconf 38' lang='lat' dir='ltr'><strong>rere.</strong></span> <span class='ocrx_word' id='word_1_726' title='bbox 1047 4819 1370 4901; x_wconf 44' lang='lat' dir='ltr'><strong>gratiosa-nt,</strong></span> <span class='ocrx_word' id='word_1_727' title='bbox 1404 4826 1510 4901; x_wconf 67' lang='lat' dir='ltr'><strong>etc.</strong></span> <span class='ocrx_word' id='word_1_728' title='bbox 1543 4819 1652 4900; x_wconf 78' lang='lat' dir='ltr'><strong>_Kat‘t</strong></span> <span class='ocrx_word' id='word_1_729' title='bbox 1683 4819 1876 4901; x_wconf 75' lang='grc' dir='ltr'><strong>στρλὴν</strong></span> <span class='ocrx_word' id='word_1_730' title='bbox 1908 4825 1951 4880; x_wconf 86' lang='lat' dir='ltr'><strong>D</strong></span> <span class='ocrx_word' id='word_1_731' title='bbox 1981 4822 2234 4901; x_wconf 69' lang='lat' dir='ltr'><strong>gratiosae</strong></span> <span class='ocrx_word' id='word_1_732' title='bbox 2255 4837 2464 4901; x_wconf 74' lang='lat' dir='ltr'><strong>nomen</strong></span> <span class='ocrx_word' id='word_1_733' title='bbox 2496 4821 2711 4901; x_wconf 79' lang='lat' dir='ltr'><strong>habeat,</strong></span> <span class='ocrx_word' id='word_1_734' title='bbox 2738 4829 3080 4901; x_wconf 80' lang='lat' dir='ltr'><strong>signiticatur</strong></span> <span class='ocrx_word' id='word_1_735' title='bbox 3104 4821 3289 4901; x_wconf 51' lang='lat' dir='ltr'><strong>Maria“.</strong></span> <span class='ocrx_word' id='word_1_736' title='bbox 3319 4839 3558 4901; x_wconf 77' lang='lat' dir='ltr'><strong>corpus;</strong></span> 
     </span>
    </p>
   </div>
   <div class='ocr_carea' id='block_1_94' title="bbox 296 4885 1874 4959">
    <p class='ocr_par' dir='ltr' id='par_1_94' title="bbox 296 4885 1874 4959">
     <span class='ocr_line' id='line_1_94' title="bbox 296 4885 1874 4959; baseline 0.003 -21"><span class='ocrx_word' id='word_1_737' title='bbox 296 4885 468 4959; x_wconf 33' lang='grc' dir='ltr'><strong>όντωις</strong></span> <span class='ocrx_word' id='word_1_738' title='bbox 492 4885 934 4959; x_wconf 46' lang='grc' dir='ltr'><strong>χαριτωθεῖσανε</strong></span> <span class='ocrx_word' id='word_1_739' title='bbox 964 4885 1186 4959; x_wconf 75' lang='lat' dir='ltr'><strong>Videtur</strong></span> <span class='ocrx_word' id='word_1_740' title='bbox 1219 4889 1554 4959; x_wconf 85' lang='lat' dir='ltr'><strong>subintelligi</strong></span> <span class='ocrx_word' id='word_1_741' title='bbox 1587 4885 1874 4959; x_wconf 74' lang='lat' dir='ltr'><strong>repetitum</strong></span> 
     </span>
    </p>
   </div>
   <div class='ocr_carea' id='block_1_95' title="bbox 295 4953 1874 5026">
    <p class='ocr_par' dir='ltr' id='par_1_95' title="bbox 295 4953 1874 5026">
     <span class='ocr_line' id='line_1_95' title="bbox 295 4953 1874 5026; baseline 0.005 -20"><span class='ocrx_word' id='word_1_742' title='bbox 295 4955 382 5013; x_wconf 79' lang='grc' dir='ltr'><strong>τὸ,</strong></span> <span class='ocrx_word' id='word_1_743' title='bbox 427 4953 747 5026; x_wconf 60' lang='grc' dir='ltr'><strong>δεξαμένην,</strong></span> <span class='ocrx_word' id='word_1_744' title='bbox 790 4963 848 5008; x_wconf 86' lang='grc' dir='ltr'><strong>ιιι</strong></span> <span class='ocrx_word' id='word_1_745' title='bbox 895 4957 1236 5026; x_wconf 79' lang='lat' dir='ltr'><strong>significetur</strong></span> <span class='ocrx_word' id='word_1_746' title='bbox 1287 4953 1874 5025; x_wconf 63' lang='lat' dir='ltr'><strong>ChriSti&#39;hunianitas,</strong></span> 
     </span>
    </p>
   </div>
   <div class='ocr_carea' id='block_1_96' title="bbox 295 5024 1876 5099">
    <p class='ocr_par' dir='ltr' id='par_1_96' title="bbox 295 5024 1876 5099">
     <span class='ocr_line' id='line_1_96' title="bbox 295 5024 1876 5099; baseline 0.005 -23"><span class='ocrx_word' id='word_1_747' title='bbox 295 5025 557 5093; x_wconf 85' lang='lat' dir='ltr'><strong>gaudium</strong></span> <span class='ocrx_word' id='word_1_748' title='bbox 596 5024 732 5099; x_wconf 83' lang='lat' dir='ltr'><strong>illud</strong></span> <span class='ocrx_word' id='word_1_749' title='bbox 767 5024 1082 5099; x_wconf 67' lang='lat' dir='ltr'><strong>universum</strong></span> <span class='ocrx_word' id='word_1_750' title='bbox 1109 5066 1124 5091; x_wconf 96' lang='lat'><strong>,</strong></span> <span class='ocrx_word' id='word_1_751' title='bbox 1157 5042 1320 5099; x_wconf 87' lang='lat' dir='ltr'><strong>quam</strong></span> <span class='ocrx_word' id='word_1_752' title='bbox 1348 5031 1544 5083; x_wconf 84' lang='lat' dir='ltr'><strong>stolam</strong></span> <span class='ocrx_word' id='word_1_753' title='bbox 1586 5043 1713 5084; x_wconf 79' lang='lat' dir='ltr'><strong>vere</strong></span> <span class='ocrx_word' id='word_1_754' title='bbox 1748 5024 1876 5099; x_wconf 86' lang='lat' dir='ltr'><strong>gra-</strong></span> 
     </span>
    </p>
   </div>
   <div class='ocr_carea' id='block_1_97' title="bbox 297 5095 1876 5167">
    <p class='ocr_par' dir='ltr' id='par_1_97' title="bbox 297 5095 1876 5167">
     <span class='ocr_line' id='line_1_97' title="bbox 297 5095 1876 5167; baseline 0.006 -22"><span class='ocrx_word' id='word_1_755' title='bbox 297 5099 500 5146; x_wconf 84' lang='lat' dir='ltr'><strong>tiosam</strong></span> <span class='ocrx_word' id='word_1_756' title='bbox 523 5101 591 5167; x_wconf 72' lang='lat' dir='ltr'><strong>et</strong></span> <span class='ocrx_word' id='word_1_757' title='bbox 606 5095 823 5167; x_wconf 84' lang='lat' dir='ltr'><strong>plenam</strong></span> <span class='ocrx_word' id='word_1_758' title='bbox 845 5096 1019 5165; x_wconf 88' lang='lat' dir='ltr'><strong>gratia</strong></span> <span class='ocrx_word' id='word_1_759' title='bbox 1049 5095 1248 5152; x_wconf 77' lang='lat' dir='ltr'><strong>eximio</strong></span> <span class='ocrx_word' id='word_1_760' title='bbox 1269 5097 1536 5153; x_wconf 89' lang='lat' dir='ltr'><strong>donorum</strong></span> <span class='ocrx_word' id='word_1_761' title='bbox 1565 5095 1876 5167; x_wconf 73' lang='lat' dir='ltr'><strong>splendore,</strong></span> 
     </span>
    </p>
   </div>
   <div class='ocr_carea' id='block_1_98' title="bbox 295 5163 1874 5237">
    <p class='ocr_par' dir='ltr' id='par_1_98' title="bbox 295 5163 1874 5237">
     <span class='ocr_line' id='line_1_98' title="bbox 295 5163 1874 5237; baseline 0.006 -24"><span class='ocrx_word' id='word_1_762' title='bbox 295 5168 540 5231; x_wconf 81' lang='lat' dir='ltr'><strong>gratiosa</strong></span> <span class='ocrx_word' id='word_1_763' title='bbox 574 5163 1036 5237; x_wconf 62' lang='lat' dir='ltr'><strong>Maria_et&#39;_plena</strong></span> <span class='ocrx_word' id='word_1_764' title='bbox 1073 5169 1268 5236; x_wconf 87' lang='lat' dir='ltr'><strong>gratia,</strong></span> <span class='ocrx_word' id='word_1_765' title='bbox 1298 5180 1454 5223; x_wconf 88' lang='lat' dir='ltr'><strong>utero</strong></span> <span class='ocrx_word' id='word_1_766' title='bbox 1484 5163 1748 5237; x_wconf 79' lang='lat' dir='ltr'><strong>suscepit.</strong></span> <span class='ocrx_word' id='word_1_767' title='bbox 1783 5163 1874 5224; x_wconf 87' lang='lat' dir='ltr'><strong>Sic</strong></span> 
     </span>
    </p>
   </div>
   <div class='ocr_carea' id='block_1_99' title="bbox 294 5233 1873 5308">
    <p class='ocr_par' dir='ltr' id='par_1_99' title="bbox 294 5233 1873 5308">
     <span class='ocr_line' id='line_1_99' title="bbox 294 5233 1873 5308; baseline 0.006 -27"><span class='ocrx_word' id='word_1_768' title='bbox 294 5247 452 5308; x_wconf 69' lang='lat' dir='ltr'><strong>enim</strong></span> <span class='ocrx_word' id='word_1_769' title='bbox 498 5246 714 5308; x_wconf 79' lang='lat' dir='ltr'><strong>auctor,</strong></span> <span class='ocrx_word' id='word_1_770' title='bbox 736 5233 951 5308; x_wconf 60' lang='lat' dir='ltr'><strong>Christi</strong></span> <span class='ocrx_word' id='word_1_771' title='bbox 1011 5233 1303 5308; x_wconf 72' lang='lat' dir='ltr'><strong>humanam</strong></span> <span class='ocrx_word' id='word_1_772' title='bbox 1358 5247 1614 5308; x_wconf 84' lang='lat' dir='ltr'><strong>naturam</strong></span> <span class='ocrx_word' id='word_1_773' title='bbox 1644 5233 1873 5308; x_wconf 79' lang='lat' dir='ltr'><strong>passim,</strong></span> 
     </span>
    </p>
   </div>
   <div class='ocr_carea' id='block_1_100' title="bbox 297 5302 1874 5378">
    <p class='ocr_par' dir='ltr' id='par_1_100' title="bbox 297 5302 1874 5378">
     <span class='ocr_line' id='line_1_100' title="bbox 297 5302 1874 5378; baseline 0.006 -24"><span class='ocrx_word' id='word_1_774' title='bbox 297 5302 531 5378; x_wconf 79' lang='lat' dir='ltr'><strong>Paulina</strong></span> <span class='ocrx_word' id='word_1_775' title='bbox 566 5305 774 5371; x_wconf 89' lang='lat' dir='ltr'><strong>phrasi,</strong></span> <span class='ocrx_word' id='word_1_776' title='bbox 809 5305 973 5378; x_wconf 85' lang='lat' dir='ltr'><strong>vestis</strong></span> <span class='ocrx_word' id='word_1_777' title='bbox 1007 5310 1226 5362; x_wconf 86' lang='lat' dir='ltr'><strong>nomine</strong></span> <span class='ocrx_word' id='word_1_778' title='bbox 1274 5307 1546 5378; x_wconf 81' lang='lat' dir='ltr'><strong>designat.</strong></span> <span class='ocrx_word' id='word_1_779' title='bbox 1601 5302 1874 5378; x_wconf 79' lang='lat' dir='ltr'><strong>Interpres</strong></span> 
     </span>
    </p>
   </div>
   <div class='ocr_carea' id='block_1_101' title="bbox 293 5371 1873 5448">
    <p class='ocr_par' dir='ltr' id='par_1_101' title="bbox 293 5371 1873 5448">
     <span class='ocr_line' id='line_1_101' title="bbox 293 5371 1873 5448; baseline 0.006 -25"><span class='ocrx_word' id='word_1_780' title='bbox 293 5373 444 5425; x_wconf 83' lang='lat' dir='ltr'><strong>male</strong></span> <span class='ocrx_word' id='word_1_781' title='bbox 469 5371 538 5425; x_wconf 77' lang='lat' dir='ltr'><strong>de</strong></span> <span class='ocrx_word' id='word_1_782' title='bbox 580 5388 682 5428; x_wconf 87' lang='lat' dir='ltr'><strong>suo</strong></span> <span class='ocrx_word' id='word_1_783' title='bbox 708 5377 956 5443; x_wconf 81' lang='lat' dir='ltr'><strong>exponit,</strong></span> <span class='ocrx_word' id='word_1_784' title='bbox 986 5384 1039 5448; x_wconf 76' lang='lat' dir='ltr'><strong>et</strong></span> <span class='ocrx_word' id='word_1_785' title='bbox 1074 5378 1354 5448; x_wconf 84' lang='lat' dir='ltr'><strong>restringit</strong></span> <span class='ocrx_word' id='word_1_786' title='bbox 1383 5371 1450 5432; x_wconf 62' lang='lat' dir='ltr'><strong>a&#39;d</strong></span> <span class='ocrx_word' id='word_1_787' title='bbox 1491 5381 1658 5448; x_wconf 84' lang='lat' dir='ltr'><strong>alium</strong></span> <span class='ocrx_word' id='word_1_788' title='bbox 1691 5371 1873 5432; x_wconf 62' lang='lat' dir='ltr'><strong>et&#39;ab-</strong></span> 
     </span>
    </p>
   </div>
   <div class='ocr_carea' id='block_1_102' title="bbox 295 5447 1873 5518">
    <p class='ocr_par' dir='ltr' id='par_1_102' title="bbox 295 5447 1873 5518">
     <span class='ocr_line' id='line_1_102' title="bbox 295 5447 1873 5518; baseline 0.004 -24"><span class='ocrx_word' id='word_1_789' title='bbox 295 5455 774 5518; x_wconf 50' lang='lat' dir='ltr'><strong>SUlttltlljellStlltl,</strong></span> <span class='ocrx_word' id='word_1_790' title='bbox 810 5457 868 5497; x_wconf 92' lang='lat' dir='ltr'><strong>ut</strong></span> <span class='ocrx_word' id='word_1_791' title='bbox 902 5447 1041 5518; x_wconf 83' lang='lat' dir='ltr'><strong>stola</strong></span> <span class='ocrx_word' id='word_1_792' title='bbox 1079 5447 1424 5518; x_wconf 18' lang='lat' dir='ltr'><strong>illaisitipsa</strong></span> <span class='ocrx_word' id='word_1_793' title='bbox 1452 5447 1550 5518; x_wconf 86' lang='grc' dir='ltr'><strong>τῆς</strong></span> <span class='ocrx_word' id='word_1_794' title='bbox 1570 5447 1873 5518; x_wconf 79' lang='grc' dir='ltr'><strong>δεξαμένης</strong></span> 
     </span>
    </p>
   </div>
   <div class='ocr_carea' id='block_1_103' title="bbox 294 5511 1872 5588">
    <p class='ocr_par' dir='ltr' id='par_1_103' title="bbox 294 5511 1872 5588">
     <span class='ocr_line' id='line_1_103' title="bbox 294 5511 1872 5588; baseline 0.006 -27"><span class='ocrx_word' id='word_1_795' title='bbox 294 5511 470 5588; x_wconf 67' lang='grc' dir='ltr'><strong>αυτὴν</strong></span> <span class='ocrx_word' id='word_1_796' title='bbox 507 5511 633 5580; x_wconf 78' lang='grc' dir='ltr'><strong>ὃλην</strong></span> <span class='ocrx_word' id='word_1_797' title='bbox 689 5514 790 5582; x_wconf 80' lang='grc' dir='ltr'><strong>τὴν</strong></span> <span class='ocrx_word' id='word_1_798' title='bbox 852 5516 1044 5584; x_wconf 85' lang='grc' dir='ltr'><strong>χαράν,</strong></span> <span class='ocrx_word' id='word_1_799' title='bbox 1080 5528 1134 5571; x_wconf 87' lang='lat' dir='ltr'><strong>et</strong></span> <span class='ocrx_word' id='word_1_800' title='bbox 1183 5511 1366 5572; x_wconf 68' lang='lat' dir='ltr'><strong>Maria:</strong></span> <span class='ocrx_word' id='word_1_801' title='bbox 1419 5511 1558 5573; x_wconf 78' lang='lat' dir='ltr'><strong>stola</strong></span> <span class='ocrx_word' id='word_1_802' title='bbox 1591 5535 1603 5570; x_wconf 92' lang='lat'>:</span> <span class='ocrx_word' id='word_1_803' title='bbox 1635 5511 1872 5588; x_wconf 51' lang='lat' dir='ltr'><strong>Et&#39;quo&#39;d</strong></span> 
     </span>
    </p>
   </div>
   <div class='ocr_carea' id='block_1_104' title="bbox 295 5581 1872 5651">
    <p class='ocr_par' dir='ltr' id='par_1_104' title="bbox 295 5581 1872 5651">
     <span class='ocr_line' id='line_1_104' title="bbox 295 5581 1872 5651; baseline 0.006 -18"><span class='ocrx_word' id='word_1_804' title='bbox 295 5581 558 5651; x_wconf 76' lang='lat' dir='ltr'><strong>st_oia_tua</strong></span> <span class='ocrx_word' id='word_1_805' title='bbox 582 5597 695 5635; x_wconf 77' lang='lat' dir='ltr'><strong>rere</strong></span> <span class='ocrx_word' id='word_1_806' title='bbox 717 5581 786 5635; x_wconf 76' lang='lat' dir='ltr'><strong>sit</strong></span> <span class='ocrx_word' id='word_1_807' title='bbox 812 5581 1068 5651; x_wconf 65' lang='lat' dir='ltr'><strong>gratiosa,</strong></span> <span class='ocrx_word' id='word_1_808' title='bbox 1101 5597 1208 5642; x_wconf 82' lang='lat' dir='ltr'><strong>etc.</strong></span> <span class='ocrx_word' id='word_1_809' title='bbox 1253 5587 1343 5641; x_wconf 76' lang='lat' dir='ltr'><strong>Sic</strong></span> <span class='ocrx_word' id='word_1_810' title='bbox 1403 5589 1550 5643; x_wconf 86' lang='lat' dir='ltr'><strong>enim</strong></span> <span class='ocrx_word' id='word_1_811' title='bbox 1596 5581 1757 5643; x_wconf 58' lang='lat' dir='ltr'><strong>stola&#39;</strong></span> <span class='ocrx_word' id='word_1_812' title='bbox 1783 5590 1872 5642; x_wconf 87' lang='lat' dir='ltr'><strong>illa</strong></span> 
     </span>
    </p>
   </div>
   <div class='ocr_carea' id='block_1_105' title="bbox 1979 4893 3558 4970">
    <p class='ocr_par' dir='ltr' id='par_1_105' title="bbox 1979 4893 3558 4970">
     <span class='ocr_line' id='line_1_105' title="bbox 1979 4893 3558 4970; baseline 0.006 -26"><span class='ocrx_word' id='word_1_813' title='bbox 1979 4893 2126 4970; x_wconf 82' lang='lat' dir='ltr'><strong>quod</strong></span> <span class='ocrx_word' id='word_1_814' title='bbox 2187 4893 2556 4970; x_wconf 35' lang='lat' dir='ltr'><strong>solu‘m_ips_i,</strong></span> <span class='ocrx_word' id='word_1_815' title='bbox 2610 4896 2666 4970; x_wconf 82' lang='lat' dir='ltr'><strong>id</strong></span> <span class='ocrx_word' id='word_1_816' title='bbox 2717 4893 3031 4953; x_wconf 61' lang='lat' dir='ltr'><strong>est&#39;animae</strong></span> <span class='ocrx_word' id='word_1_817' title='bbox 3077 4899 3219 4968; x_wconf 89' lang='lat' dir='ltr'><strong>ejus,</strong></span> <span class='ocrx_word' id='word_1_818' title='bbox 3259 4914 3323 4954; x_wconf 91' lang='lat' dir='ltr'><strong>ac</strong></span> <span class='ocrx_word' id='word_1_819' title='bbox 3361 4893 3558 4970; x_wconf 67' lang='lat' dir='ltr'><strong>po&#39;tiori</strong></span> 
     </span>
    </p>
   </div>
   <div class='ocr_carea' id='block_1_106' title="bbox 1979 4961 3561 5038">
    <p class='ocr_par' dir='ltr' id='par_1_106' title="bbox 1979 4961 3561 5038">
     <span class='ocr_line' id='line_1_106' title="bbox 1979 4961 3561 5038; baseline 0.008 -24"><span class='ocrx_word' id='word_1_820' title='bbox 1979 4961 2154 5038; x_wconf 83' lang='lat' dir='ltr'><strong>ipsius</strong></span> <span class='ocrx_word' id='word_1_821' title='bbox 2185 4961 2346 5032; x_wconf 87' lang='lat' dir='ltr'><strong>parti,</strong></span> <span class='ocrx_word' id='word_1_822' title='bbox 2375 4961 2537 5018; x_wconf 80' lang='lat' dir='ltr'><strong>fuerit</strong></span> <span class='ocrx_word' id='word_1_823' title='bbox 2563 4967 2705 5020; x_wconf 89' lang='lat' dir='ltr'><strong>stola</strong></span> <span class='ocrx_word' id='word_1_824' title='bbox 2735 4976 2789 5021; x_wconf 89' lang='lat' dir='ltr'><strong>et</strong></span> <span class='ocrx_word' id='word_1_825' title='bbox 2817 4971 3023 5038; x_wconf 82' lang='lat' dir='ltr'><strong>vestis:</strong></span> <span class='ocrx_word' id='word_1_826' title='bbox 3059 4961 3154 5038; x_wconf 76' lang='lat' dir='ltr'><strong>qui</strong></span> <span class='ocrx_word' id='word_1_827' title='bbox 3181 4961 3332 5022; x_wconf 81' lang='lat' dir='ltr'><strong>certe</strong></span> <span class='ocrx_word' id='word_1_828' title='bbox 3361 4961 3561 5027; x_wconf 75' lang='lat' dir='ltr'><strong>sensus</strong></span> 
     </span>
    </p>
   </div>
   <div class='ocr_carea' id='block_1_107' title="bbox 1980 5033 3560 5107">
    <p class='ocr_par' dir='ltr' id='par_1_107' title="bbox 1980 5033 3560 5107">
     <span class='ocr_line' id='line_1_107' title="bbox 1980 5033 3560 5107; baseline 0.008 -23"><span class='ocrx_word' id='word_1_829' title='bbox 1980 5033 2225 5107; x_wconf 80' lang='lat' dir='ltr'><strong>absonus</strong></span> <span class='ocrx_word' id='word_1_830' title='bbox 2255 5041 2370 5097; x_wconf 91' lang='lat' dir='ltr'><strong>est;</strong></span> <span class='ocrx_word' id='word_1_831' title='bbox 2395 5048 2651 5107; x_wconf 62' lang='lat' dir='ltr'><strong>cumineo</strong></span> <span class='ocrx_word' id='word_1_832' title='bbox 2676 5037 3007 5093; x_wconf 87' lang='lat' dir='ltr'><strong>charismata</strong></span> <span class='ocrx_word' id='word_1_833' title='bbox 3037 5033 3260 5107; x_wconf 76' lang='lat' dir='ltr'><strong>proprie</strong></span> <span class='ocrx_word' id='word_1_834' title='bbox 3299 5040 3412 5094; x_wconf 81' lang='lat' dir='ltr'><strong>sint</strong></span> <span class='ocrx_word' id='word_1_835' title='bbox 3433 5057 3560 5096; x_wconf 86' lang='lat' dir='ltr'><strong>cor-</strong></span> 
     </span>
    </p>
   </div>
   <div class='ocr_carea' id='block_1_108' title="bbox 1979 5103 3561 5180">
    <p class='ocr_par' dir='ltr' id='par_1_108' title="bbox 1979 5103 3561 5180">
     <span class='ocr_line' id='line_1_108' title="bbox 1979 5103 3561 5180; baseline 0.006 -26"><span class='ocrx_word' id='word_1_836' title='bbox 1979 5103 2175 5180; x_wconf 44' lang='lat' dir='ltr'><strong>poris,</strong></span> <span class='ocrx_word' id='word_1_837' title='bbox 2194 5117 2294 5156; x_wconf 90' lang='lat' dir='ltr'><strong>nec</strong></span> <span class='ocrx_word' id='word_1_838' title='bbox 2331 5116 2362 5154; x_wconf 86' lang='lat' dir='ltr'><strong>a</strong></span> <span class='ocrx_word' id='word_1_839' title='bbox 2391 5105 2743 5180; x_wconf 73' lang='lat' dir='ltr'><strong>charisntatis</strong></span> <span class='ocrx_word' id='word_1_840' title='bbox 2774 5103 3053 5176; x_wconf 61' lang='lat' dir='ltr'><strong>corporis;</strong></span> <span class='ocrx_word' id='word_1_841' title='bbox 3081 5103 3230 5164; x_wconf 81' lang='lat' dir='ltr'><strong>velut</strong></span> <span class='ocrx_word' id='word_1_842' title='bbox 3258 5108 3428 5172; x_wconf 79' lang='grc' dir='ltr'><strong>ὅντως</strong></span> <span class='ocrx_word' id='word_1_843' title='bbox 3465 5129 3561 5180; x_wconf 83' lang='grc' dir='ltr'><strong>χα-</strong></span> 
     </span>
    </p>
   </div>
   <div class='ocr_carea' id='block_1_109' title="bbox 1983 5171 3558 5248">
    <p class='ocr_par' dir='ltr' id='par_1_109' title="bbox 1983 5171 3558 5248">
     <span class='ocr_line' id='line_1_109' title="bbox 1983 5171 3558 5248; baseline 0.009 -26"><span class='ocrx_word' id='word_1_844' title='bbox 1983 5171 2324 5248; x_wconf 71' lang='grc' dir='ltr'><strong>ριτωθὲντος,</strong></span> <span class='ocrx_word' id='word_1_845' title='bbox 2348 5181 2422 5248; x_wconf 32' lang='grc' dir='ltr'><strong>,οι</strong></span> <span class='ocrx_word' id='word_1_846' title='bbox 2458 5174 2525 5228; x_wconf 88' lang='lat' dir='ltr'><strong>iis</strong></span> <span class='ocrx_word' id='word_1_847' title='bbox 2550 5171 2892 5248; x_wconf 60' lang='lat' dir='ltr'><strong>excellenter</strong></span> <span class='ocrx_word' id='word_1_848' title='bbox 2934 5171 3185 5248; x_wconf 82' lang='lat' dir='ltr'><strong>gratiosi,</strong></span> <span class='ocrx_word' id='word_1_849' title='bbox 3235 5180 3354 5248; x_wconf 90' lang='lat' dir='ltr'><strong>ipsa</strong></span> <span class='ocrx_word' id='word_1_850' title='bbox 3391 5171 3558 5236; x_wconf 54' lang='lat' dir='ltr'><strong>Mai-ia</strong></span> 
     </span>
    </p>
   </div>
   <div class='ocr_carea' id='block_1_110' title="bbox 1979 5241 3559 5324">
    <p class='ocr_par' dir='ltr' id='par_1_110' title="bbox 1979 5241 3559 5324">
     <span class='ocr_line' id='line_1_110' title="bbox 1979 5241 3559 5324; baseline 0.008 -30"><span class='ocrx_word' id='word_1_851' title='bbox 1979 5241 2211 5311; x_wconf 87' lang='lat' dir='ltr'><strong>ejusque</strong></span> <span class='ocrx_word' id='word_1_852' title='bbox 2271 5242 2490 5323; x_wconf 81' lang='lat' dir='ltr'><strong>anima,</strong></span> <span class='ocrx_word' id='word_1_853' title='bbox 2547 5245 2600 5298; x_wconf 88' lang='lat' dir='ltr'><strong>id</strong></span> <span class='ocrx_word' id='word_1_854' title='bbox 2659 5247 2839 5324; x_wconf 80' lang='lat' dir='ltr'><strong>trahat</strong></span> <span class='ocrx_word' id='word_1_855' title='bbox 2877 5241 3178 5324; x_wconf 64' lang='lat' dir='ltr'><strong>hominis,</strong></span> <span class='ocrx_word' id='word_1_856' title='bbox 3222 5241 3342 5324; x_wconf 62' lang='lat' dir='ltr'><strong>sed</strong></span> <span class='ocrx_word' id='word_1_857' title='bbox 3373 5252 3559 5324; x_wconf 71' lang='lat' dir='ltr'><strong>potius</strong></span> 
     </span>
    </p>
   </div>
   <div class='ocr_carea' id='block_1_111' title="bbox 1979 5315 3484 5386">
    <p class='ocr_par' dir='ltr' id='par_1_111' title="bbox 1979 5315 3484 5386">
     <span class='ocr_line' id='line_1_111' title="bbox 1979 5315 3484 5386; baseline 0.007 -23"><span class='ocrx_word' id='word_1_858' title='bbox 1979 5325 2010 5364; x_wconf 94' lang='lat' dir='ltr'><strong>e</strong></span> <span class='ocrx_word' id='word_1_859' title='bbox 2044 5323 2256 5386; x_wconf 66' lang='lat' dir='ltr'><strong>contra,</strong></span> <span class='ocrx_word' id='word_1_860' title='bbox 2293 5321 2365 5386; x_wconf 77' lang='lat' dir='ltr'><strong>ut</strong></span> <span class='ocrx_word' id='word_1_861' title='bbox 2393 5315 2446 5366; x_wconf 90' lang='lat' dir='ltr'><strong>in</strong></span> <span class='ocrx_word' id='word_1_862' title='bbox 2479 5318 2842 5383; x_wconf 84' lang='lat' dir='ltr'><strong>sequentibus</strong></span> <span class='ocrx_word' id='word_1_863' title='bbox 2873 5319 2991 5386; x_wconf 86' lang='lat' dir='ltr'><strong>ipse</strong></span> <span class='ocrx_word' id='word_1_864' title='bbox 3023 5329 3214 5373; x_wconf 88' lang='lat' dir='ltr'><strong>auctor</strong></span> <span class='ocrx_word' id='word_1_865' title='bbox 3242 5315 3484 5374; x_wconf 77' lang='lat' dir='ltr'><strong>deducit.</strong></span> 
     </span>
    </p>
   </div>
   <div class='ocr_carea' id='block_1_112' title="bbox 2051 5381 3558 5459">
    <p class='ocr_par' dir='ltr' id='par_1_112' title="bbox 2051 5381 3558 5459">
     <span class='ocr_line' id='line_1_112' title="bbox 2051 5381 3558 5459; baseline 0.009 -28"><span class='ocrx_word' id='word_1_866' title='bbox 2051 5382 2167 5459; x_wconf 51' lang='lat' dir='ltr'><strong>fili)</strong></span> <span class='ocrx_word' id='word_1_867' title='bbox 2201 5381 2304 5459; x_wconf 66' lang='lat' dir='ltr'><strong>Qui</strong></span> <span class='ocrx_word' id='word_1_868' title='bbox 2349 5383 2404 5435; x_wconf 84' lang='lat' dir='ltr'><strong>in</strong></span> <span class='ocrx_word' id='word_1_869' title='bbox 2432 5393 2479 5437; x_wconf 83' lang='lat' dir='ltr'><strong>te</strong></span> <span class='ocrx_word' id='word_1_870' title='bbox 2509 5381 3022 5459; x_wconf 30' lang='lat' dir='ltr'><strong>Rr‘wcucurrftfl‘oﬁ</strong></span> <span class='ocrx_word' id='word_1_871' title='bbox 3062 5389 3470 5459; x_wconf 83' lang='grc' dir='ltr'><strong>προδραμόντος</strong></span> <span class='ocrx_word' id='word_1_872' title='bbox 3500 5393 3558 5444; x_wconf 85' lang='grc' dir='ltr'><strong>ὲν</strong></span> 
     </span>
    </p>
   </div>
   <div class='ocr_carea' id='block_1_113' title="bbox 1981 5451 3557 5522">
    <p class='ocr_par' dir='ltr' id='par_1_113' title="bbox 1981 5451 3557 5522">
     <span class='ocr_line' id='line_1_113' title="bbox 1981 5451 3557 5522; baseline 0.007 -20"><span class='ocrx_word' id='word_1_873' title='bbox 1981 5451 2085 5505; x_wconf 82' lang='lat' dir='ltr'><strong>ooi.</strong></span> <span class='ocrx_word' id='word_1_874' title='bbox 2116 5451 2466 5522; x_wconf 59' lang='lat' dir='ltr'><strong>Signiﬁcatu;</strong></span> <span class='ocrx_word' id='word_1_875' title='bbox 2513 5453 2671 5510; x_wconf 85' lang='lat' dir='ltr'><strong>Verbi</strong></span> <span class='ocrx_word' id='word_1_876' title='bbox 2696 5459 2748 5510; x_wconf 90' lang='lat' dir='ltr'><strong>in</strong></span> <span class='ocrx_word' id='word_1_877' title='bbox 2784 5455 2976 5522; x_wconf 88' lang='lat' dir='ltr'><strong>Maria,</strong></span> <span class='ocrx_word' id='word_1_878' title='bbox 3018 5451 3144 5512; x_wconf 73' lang='lat' dir='ltr'><strong>ante</strong></span> <span class='ocrx_word' id='word_1_879' title='bbox 3169 5451 3557 5514; x_wconf 76' lang='lat' dir='ltr'><strong>salutationem</strong></span> 
     </span>
    </p>
   </div>
   <div class='ocr_carea' id='block_1_114' title="bbox 1979 5521 3554 5598">
    <p class='ocr_par' dir='ltr' id='par_1_114' title="bbox 1979 5521 3554 5598">
     <span class='ocr_line' id='line_1_114' title="bbox 1979 5521 3554 5598; baseline 0.008 -26"><span class='ocrx_word' id='word_1_880' title='bbox 1979 5523 2304 5598; x_wconf 60' lang='lat' dir='ltr'><strong>angelicam,</strong></span> <span class='ocrx_word' id='word_1_881' title='bbox 2339 5531 2394 5575; x_wconf 87' lang='lat' dir='ltr'><strong>et</strong></span> <span class='ocrx_word' id='word_1_882' title='bbox 2418 5521 2540 5598; x_wconf 80' lang='lat' dir='ltr'><strong>ejus</strong></span> <span class='ocrx_word' id='word_1_883' title='bbox 2565 5527 2617 5578; x_wconf 93' lang='lat' dir='ltr'><strong>in</strong></span> <span class='ocrx_word' id='word_1_884' title='bbox 2645 5527 2762 5596; x_wconf 90' lang='lat' dir='ltr'><strong>ipsa</strong></span> <span class='ocrx_word' id='word_1_885' title='bbox 2787 5529 3187 5593; x_wconf 85' lang='lat' dir='ltr'><strong>incarnatione,</strong></span> <span class='ocrx_word' id='word_1_886' title='bbox 3214 5530 3504 5598; x_wconf 67' lang='lat' dir='ltr'><strong>praesentia</strong></span> <span class='ocrx_word' id='word_1_887' title='bbox 3539 5548 3554 5584; x_wconf 90' lang='lat'><strong>:</strong></span> 
     </span>
    </p>
   </div>
   <div class='ocr_carea' id='block_1_115' title="bbox 1979 5589 3555 5670">
    <p class='ocr_par' dir='ltr' id='par_1_115' title="bbox 1979 5589 3555 5670">
     <span class='ocr_line' id='line_1_115' title="bbox 1979 5589 3555 5670; baseline 0.01 -28"><span class='ocrx_word' id='word_1_888' title='bbox 1979 5599 2038 5670; x_wconf 78' lang='lat' dir='ltr'><strong>ut</strong></span> <span class='ocrx_word' id='word_1_889' title='bbox 2063 5589 2154 5670; x_wconf 82' lang='lat' dir='ltr'><strong>Dei</strong></span> <span class='ocrx_word' id='word_1_890' title='bbox 2192 5589 2386 5670; x_wconf 61' lang='lat' dir='ltr'><strong>Filius,</strong></span> <span class='ocrx_word' id='word_1_891' title='bbox 2422 5589 2526 5648; x_wconf 79' lang='lat' dir='ltr'><strong>sibi</strong></span> <span class='ocrx_word' id='word_1_892' title='bbox 2561 5589 2764 5670; x_wconf 72' lang='lat' dir='ltr'><strong>ipsein</strong></span> <span class='ocrx_word' id='word_1_893' title='bbox 2797 5612 2860 5652; x_wconf 88' lang='lat' dir='ltr'><strong>ea</strong></span> <span class='ocrx_word' id='word_1_894' title='bbox 2897 5600 3061 5653; x_wconf 78' lang='lat' dir='ltr'><strong>fuerit</strong></span> <span class='ocrx_word' id='word_1_895' title='bbox 3091 5589 3422 5670; x_wconf 68' lang='lat' dir='ltr'><strong>prteéursor.</strong></span> <span class='ocrx_word' id='word_1_896' title='bbox 3459 5597 3555 5657; x_wconf 80' lang='lat' dir='ltr'><strong>Je-</strong></span> 
     </span>
    </p>
   </div>
   <div class='ocr_carea' id='block_1_116' title="bbox 297 5649 2943 5745">
    <p class='ocr_par' dir='ltr' id='par_1_116' title="bbox 297 5649 2943 5745">
     <span class='ocr_line' id='line_1_116' title="bbox 297 5649 2943 5745; baseline 0.008 -42"><span class='ocrx_word' id='word_1_897' title='bbox 297 5649 696 5704; x_wconf 79' lang='lat' dir='ltr'><strong>charismatum</strong></span> <span class='ocrx_word' id='word_1_898' title='bbox 731 5649 1019 5720; x_wconf 85' lang='lat' dir='ltr'><strong>splendore</strong></span> <span class='ocrx_word' id='word_1_899' title='bbox 1056 5649 1317 5726; x_wconf 82' lang='lat' dir='ltr'><strong>gratiosa,</strong></span> <span class='ocrx_word' id='word_1_900' title='bbox 1349 5670 1400 5714; x_wconf 90' lang='lat' dir='ltr'><strong>et</strong></span> <span class='ocrx_word' id='word_1_901' title='bbox 1431 5676 1458 5713; x_wconf 90' lang='lat' dir='ltr'><strong>a</strong></span> <span class='ocrx_word' id='word_1_902' title='bbox 1489 5676 1596 5730; x_wconf 90' lang='lat' dir='ltr'><strong>qua</strong></span> <span class='ocrx_word' id='word_1_903' title='bbox 1648 5658 1818 5714; x_wconf 78' lang='lat' dir='ltr'><strong>Maria</strong></span> <span class='ocrx_word' id='word_1_904' title='bbox 1849 5697 1864 5725; x_wconf 93' lang='lat'><strong>,</strong></span> <span class='ocrx_word' id='word_1_905' title='bbox 1971 5659 2163 5745; x_wconf 82' lang='lat' dir='ltr'><strong>junius</strong></span> <span class='ocrx_word' id='word_1_906' title='bbox 2191 5649 2462 5730; x_wconf 79' lang='lat' dir='ltr'><strong>interpres</strong></span> <span class='ocrx_word' id='word_1_907' title='bbox 2497 5680 2510 5718; x_wconf 89' lang='lat'><strong>:</strong></span> <span class='ocrx_word' id='word_1_908' title='bbox 2552 5649 2664 5734; x_wconf 63' lang='lat' dir='ltr'><strong>Qui</strong></span> <span class='ocrx_word' id='word_1_909' title='bbox 2689 5649 2822 5723; x_wconf 12' lang='lat' dir='ltr'><strong>inite</strong></span> <span class='ocrx_word' id='word_1_910' title='bbox 2843 5649 2943 5724; x_wconf 56' lang='lat' dir='ltr'><strong>est:</strong></span> 
     </span>
    </p>
   </div>
   <div class='ocr_carea' id='block_1_117' title="bbox 607 5743 1366 5812">
    <p class='ocr_par' dir='ltr' id='par_1_117' title="bbox 607 5743 1366 5812">
     <span class='ocr_line' id='line_1_117' title="bbox 607 5743 1366 5812; baseline 0.013 -10"><span class='ocrx_word' id='word_1_911' title='bbox 607 5743 876 5805; x_wconf 70' lang='lat' dir='ltr'><strong>Pa&#39;mOL.</strong></span> <span class='ocrx_word' id='word_1_912' title='bbox 920 5749 1032 5810; x_wconf 75' lang='lat' dir='ltr'><strong>Gtt.</strong></span> <span class='ocrx_word' id='word_1_913' title='bbox 1073 5750 1320 5812; x_wconf 76' lang='lat' dir='ltr'><strong>XCVII.</strong></span> <span class='ocrx_word' id='word_1_914' title='bbox 1357 5775 1366 5782; x_wconf 91' lang='grc'><strong>·</strong></span> 
     </span>
    </p>
   </div>
   <div class='ocr_carea' id='block_1_118' title="bbox 3007 5759 3080 5822">
    <p class='ocr_par' dir='ltr' id='par_1_118' title="bbox 3007 5759 3080 5822">
     <span class='ocr_line' id='line_1_118' title="bbox 3007 5759 3080 5822; baseline 0.014 -1"><span class='ocrx_word' id='word_1_915' title='bbox 3007 5759 3080 5822; x_wconf 77' lang='grc'><strong>29</strong></span> 
     </span>
    </p>
   </div>
  </div>
