4032 6138
520 348 624 424 907

1712 362 1769 423 S.
1803 352 2132 422 ANDREE
2172 358 2591 425 CRETENSIS

3681 360 3785 434 908

518 475 639 544 ejus
674 488 784 527 non
816 474 919 527 erit
954 472 1077 527 ﬁnis
1111 482 1158 527 ε.
1200 494 1216 525 ι
1250 470 1418 527 Vides
1446 473 1693 542 qualiter
1728 475 1941 544 Virgini
1967 474 2086 529 ade-

2191 475 2373 529 λεύσει
2415 477 2505 527 ἐπὶ
2526 477 2615 530 τὸν
2635 471 2783 530 οἷκον
2823 476 3016 531 Ἰακὼὸ
3040 479 3120 541 εῑς
3148 478 3277 542 τοὺς
3307 476 3535 543 αἰῶνας,
3564 480 3664 532 καὶ
3687 483 3788 550 τῆς

518 566 680 620 tuerit
712 564 953 619 metum?
983 564 1148 620 Vides
1183 576 1389 635 quanta
1432 566 1555 635 ejus
1597 568 1845 621 animum
1890 568 2095 623 ﬁducia

517 656 772 710 auxerit?
803 655 1017 711 Vocaus
1046 657 1194 711 enim
1239 656 1512 713 Altissimi
1558 657 1788 724 Filium,
1838 674 1902 714 ac
1931 659 2094 714 Davi-

513 747 636 801 dem
677 748 971 802 nominans
1006 749 1171 819 pueri
1225 757 1463 818 patrem,
1517 750 1706 805 statim
1765 758 1936 804 totam
1972 749 2094 821 ejus

511 847 751 892 mentem
772 840 971 903 erexit,
1002 842 1481 910 (litetnadmodum
1512 842 1836 897 declaratur
1855 857 2094 912 sequen-

511 930 683 985 tibus.
715 928 853 985 Ῡιάος
881 942 1066 987 autem
1103 931 1348 1001 Virginis
1396 935 1768 1004 prudentiam.
1824 932 1894 988 Ut
1945 935 2092 990 enim

511 1021 629 1077 bene
682 1024 910 1089 audivit,
953 1040 1345 1096 summamque
1401 1028 1602 1082 divinat
1660 1028 1967 1083 voluntatis
2027 1042 2094 1082 ac

510 1112 721 1167 decreti
778 1114 1223 1172 immobilitatem
1260 1121 1561 1188 cognovit,
1620 1137 1638 1170 ι
1689 1119 1781 1174 Ait
1814 1120 1882 1175 ad
1928 1135 2093 1190 ange-

513 1203 672 1257 lum:
717 1206 1005 1279 Quomodo
1066 1209 1158 1262 liet
1214 1210 1387 1275 istud,
1449 1213 1713 1280 quoniam
1764 1212 1943 1267 virum
1983 1228 2091 1267 non

511 1310 788 1365 cognosco
813 1299 880 1351 h?
909 1319 927 1350 ι
960 1297 1094 1354 Rem
1127 1301 1261 1355 mihi
1291 1317 1512 1365 novam,
1548 1303 1749 1373 inquit,
1784 1304 2087 1374 polliceris.

514 1385 590 1439 Ea
643 1389 773 1442 mibi
820 1392 1149 1456 annuntias.
1189 1408 1313 1463 quae
1344 1404 1611 1463 superant
1648 1405 1924 1451 naturam.
1975 1396 2090 1450 Nu-

517 1478 665 1546 ptias
689 1494 788 1548 ego
841 1482 1022 1537 nullas
1074 1492 1304 1553 experta
1355 1500 1478 1539 sum
1511 1503 1523 1537 :
1561 1486 1900 1556 desponsata
1940 1487 2087 1542 enim

511 1584 659 1635 sum,
691 1581 747 1623 at
778 1571 1003 1628 minime
1038 1574 1161 1629 viro
1213 1577 1412 1632 collata
1458 1577 1594 1647 (77).
1646 1578 1922 1645 Sponsum
1964 1588 2089 1633 tan-

510 1670 653 1729 tum,
690 1677 802 1717 non
839 1664 1017 1719 virum
1064 1664 1370 1736 losepbum
1424 1682 1719 1739 cognosco.
1781 1668 2090 1724 Contuber-

512 1755 656 1808 nalis
689 1770 909 1823 procus,
952 1766 1008 1809 at
1042 1772 1150 1810 non
1186 1757 1379 1812 eodem
1408 1773 1621 1814 mecum
1652 1759 1846 1815 cubili.
1890 1759 2087 1816 Uterus

511 1845 749 1914 genitale
774 1861 961 1902 semen
996 1847 1201 1910 nescit,
1232 1848 1329 1903 sed
1362 1857 1447 1904 est
1477 1849 1721 1906 incultus
1750 1850 1837 1922 (‘).
1881 1870 1900 1903 ι
1943 1851 2089 1918 Quo-

512 1937 678 1990 modo
707 1937 812 1998 erit
847 1936 1019 2004 istud,
1053 1939 1317 2007 quoniam
1348 1940 1532 1995 virum
1566 1955 1672 1995 non
1721 1942 2036 2012 cognosco?
2064 1964 2087 2013 ι

511 2024 651 2080 Num
680 2027 855 2093 enim,
895 2028 1094 2098 inquit,
1126 2045 1216 2086 me
1241 2030 1414 2087 solam
1457 2041 1660 2087 natura
1694 2043 1925 2090 matrem
1970 2038 2092 2092 sine

511 2117 723 2189 nuptiis
776 2119 1102 2174 exhibebit?
1129 2120 1215 2175 An
1260 2122 1381 2177 sola
1423 2136 1527 2191 ego
1571 2131 1774 2193 praeter
1811 2134 2087 2192 naturam,

511 2209 855 2280 incognitum
895 2219 1112 2265 naturae
1149 2220 1346 2281 partus
1375 2213 1597 2268 modum
1638 2213 1941 2269 inducam?
1972 2217 2089 2272 Non

510 2309 640 2353 sunt
678 2307 918 2370 peractae
959 2302 1207 2371 nuptiae:
1254 2317 1365 2358 non
1414 2319 1536 2359 sum
1585 2315 1812 2374 experta
1862 2308 2037 2362 virum
2073 2324 2087 2375 ;

509 2404 612 2444 nec
653 2391 799 2445 enim
846 2392 1082 2462 cognovi
1114 2390 1438 2464 Josephum.
1481 2390 2088 2468 Custodem'cogﬁovi,

506 2491 619 2531 non
650 2480 828 2533 virum
866 2497 880 2533 :
914 2497 933 2532 ι
980 2479 1269 2547 Quontodo
1295 2497 1429 2553 ergo
1464 2483 1557 2539 ﬁet
1596 2484 1794 2541 istud?
1829 2504 1850 2537 ι

580 2566 897 2639 Respondet
934 2572 1190 2641 protinus
1241 2573 1489 2639 Gabriel,
1535 2584 1588 2631 et
1636 2577 2090 2649 interrogationis

509 2659 849 2726 crassitiem,
901 2663 1192 2718 contrariae
1231 2667 1617 2735 responsionis
1647 2668 1956 2724 subtilitate
1993 2686 2092 2726 ex~

509 2755 725 2813 tenuat,
773 2748 1010 2806 dicens:
1065 2752 1232 2818 Quid,
1261 2769 1295 2809 ο
1327 2754 1670 2822 beatissima,
1730 2758 1849 2815 haec
1901 2759 2093 2818 dicis?

509 2839 651 2905 Quid
697 2841 829 2896 talia
861 2841 1045 2900 fundis
1078 2846 1281 2902 verba?
1316 2846 1551 2904 leitus
1581 2864 1685 2921 ego
1730 2851 1954 2919 adveni,
1992 2870 2091 2910 no-

514 2948 643 2985 vum
685 2933 783 2988 tibi
836 2937 1220 3006 conceptionis
1277 2936 1498 2994 modum
1556 2943 1910 2999 annuntians.
1968 2945 2088 3000 Non

510 3033 768 3079 terrenus
806 3025 910 3079 tibi
967 3026 1181 3096 loquor.
1227 3026 1374 3094 Dixi,
1416 3049 1436 3082 ι
1481 3021 1751 3090 Dominus
1796 3042 2023 3091 tecum:
2065 3056 2082 3089 ι

2203 567 2480 636 βασιῗιείας
2506 560 2794 623 αὐτοῦόὺκ
2828 569 2981 624 ἔσται
3013 569 3188 634 τέλος.
3227 589 3246 622 ι
3284 568 3436 635 Εἶδες
3495 572 3647 635 ὅπως
3686 571 3787 643 τῆς

2201 657 2481 728 Παρθένου
2514 659 2879 728 παρυφείλετο
2910 661 3001 714 τὸν
3021 660 3221 729 φόϐον;
3254 659 3407 726 Εἶδες
3428 664 3510 727 εἰς
3542 665 3674 717 ὅσον
3690 665 3791 718 αὒ-

2197 748 2299 818 τῆς
2331 738 2429 819 ἑὴν
2448 751 2625 821 ψυχὴν
2657 750 3109 824 παρεθάρῤυνενς
3137 752 3264 807 Υἱὸν
3287 753 3397 824 γὰρ
3420 754 3596 806 εἰπὼν
3630 753 3791 823 Ὑψί-

2200 860 2349 910 στου,
2393 845 2490 897 καὶ
2519 845 2734 915 πατέρα
2764 844 2857 899 τοῦ
2886 845 3289 917 τεχθησσμέιιου
3318 848 3411 900 τὸν
3470 847 3638 901 Δαὸὶδ
3671 848 3792 902 ὀνο·

2201 934 2401 1004 μάσας,
2437 934 2749 1006 ἐπτέρωσεν
2770 936 2942 1006 αὐτῆς
2986 936 3106 991 ὅλον
3136 939 3476 1008 παραχρῆμα
3499 936 3590 990 τὸν
3638 936 3787 1000 νοῦν,

2197 1025 2272 1088 ὼς
2319 1026 2469 1094 δηλοί
2495 1026 2564 1080 τὰ
2618 1026 2876 1099 ἑπόμενα.
2931 1029 3041 1081 Καὶ
3087 1027 3189 1098 ὅρα
3234 1028 3333 1098 τῆς
3369 1028 3650 1099 Παρθένου
3688 1029 3791 1100 τὴν

2198 1118 2537 1181 σύνεσιν.Ὠς
2569 1118 2679 1190 γὰρ
2707 1119 2882 1173 ταῦτα
2919 1118 3172 1187 ἐπύθετο,
3208 1120 3302 1174 καὶ
3329 1120 3428 1190 τῆς
3457 1121 3583 1173 καθ’
3617 1121 3788 1191 ὑπερ-

2194 1210 2326 1279 οχὴν
2360 1208 2452 1263 τοῦ
2509 1209 2655 1265 θείου
2687 1211 2990 1282 θελήματος
3038 1212 3287 1279 ἐξουσίας
3328 1211 3470 1280 ἔγνω
3513 1212 3577 1265 τὸ
3623 1212 3790 1281 ἄτρε-

2195 1317 2352 1365 πτον,
2413 1320 2433 1352 ι
2466 1302 2611 1372 Ἔφη
2665 1302 2803 1373 πρὸς
2856 1304 2947 1357 τὸν
3003 1303 3270 1373 ἄγγελον·
3333 1303 3464 1368 Πῶς
3494 1303 3652 1357 ἔσται
3698 1321 3789 1374 μοι

2192 1390 2349 1445 τοῦτο
2373 1434 2388 1459 ,
2441 1393 2565 1446 ἐπεὶ
2595 1392 2767 1464 ἄνδρα
2792 1395 2854 1447 οὐ
2879 1396 3168 1464 γινώσκω;
3202 1412 3226 1449 ›
3266 1394 3409 1447 Ξένα
3450 1411 3566 1464 μοι,
3593 1396 3789 1465 φησιν,

2193 1482 2451 1555 ὑπισχνῇ,
2474 1485 2875 1556 ὑπερϐαίνοντα
2899 1486 2999 1557 τὴν
3027 1486 3191 1556 φύσιν
3215 1485 3550 1558 ἐπαγγέλλῃ.
3590 1487 3790 1540 ’Δπει-

2193 1591 2283 1643 ρος
2305 1576 2559 1646 τυγχάνω
2592 1577 2806 1649 γάμουο
2847 1579 3261 1651 μεμνήστευμαι
3294 1578 3424 1649 γὰρ,
3459 1578 3577 1632 ἀλλ’
3605 1579 3670 1633 οὐ
3700 1596 3790 1632 νε·

2190 1663 2555 1737 νύμφευμαι.)
2588 1668 2892 1737 Μνηστῆρα
2944 1670 3130 1739 μόνον,
3188 1669 3306 1725 ἀλλ’
3335 1670 3440 1722 οὐκ
3484 1668 3656 1739 ἄνδρα
3694 1670 3788 1723 τὸν

2202 1755 2399 1827 Ἰωσὴφ
2428 1758 2748 1829 ἐπίσταμαι.
2780 1761 3035 1824 Σύνοικος
3061 1763 3089 1812 ὁ
3120 1762 3399 1831 μνήστωρ,
3426 1760 3542 1815 ἀλλ’
3575 1761 3636 1813 οὐ
3660 1760 3788 1814 06v-

2191 1862 2364 1910 ευνος.
2398 1849 2672 1919 "Acr-copo;
2701 1852 2987 1922 ήγαστὴρ,
3019 1852 3135 1905 ἀλλ’
3174 1853 3276 1905 οὐκ
3300 1852 3591 1923 ἀρόσιμος.
3628 1856 3787 1919 ιΙΙῶς

2188 1924 2343 1992 ἔσται
2377 1956 2466 2010 μοι
2493 1940 2673 2005 τοῦτο,
2713 1944 2838 1996 ἐπεὶ
2859 1944 3028 2013 ἄνδρα
3058 1946 3120 1999 οὐ
3154 1946 3440 2014 γινώσκοις
3475 1966 3494 1999 ι
3543 1949 3639 2019 Μὴ
3675 1949 3783 2019 γὰρ

2190 2029 2292 2099 ἐμὲ
2320 2031 2489 2102 μόνην
2524 2036 2555 2103 ἡ
2583 2034 2766 2103 φύσις,
2803 2038 2959 2103 φησὶ,
3010 2039 3225 2108 μητέρα
3251 2039 3413 2103 δείξει
3458 2041 3644 2110 γάμου
3674 2059 3783 2110 χω·-

2191 2119 2309 2189 ρίς;
2345 2120 2432 2192 Μὴ
2460 2122 2595 2192 μόνη
2650 2126 2799 2194 παρὰ
2829 2125 2927 2196 τὴν
2956 2126 3117 2193 φύσιν
3161 2128 3274 2197 ἐγὼ
3324 2129 3485 2200 ξένην
3516 2134 3584 2201 τῇ
3621 2132 3783 2200 φύσει

2190 2212 2447 2284 γέννησιν
2499 2217 2833 2284 συνεισάξως
2881 2220 2957 2272 οὐ
2987 2219 3196 2291 προέϐη
3254 2223 3455 2291 γάμος,
3493 2225 3555 2276 οὐ
3586 2227 3783 2295 πεῖραν

2188 2299 2350 2368 ἔσχον
2410 2302 2624 2371 ἀνδρός.
2686 2305 2758 2358 Οὐ
2808 2307 2916 2378 γὰρ
2965 2308 3141 2377 ἔγνων
3163 2310 3256 2364 τὸν
3302 2312 3543 2383 Ίωσήφ’
3577 2315 3779 2383 Φύλαξ,

2188 2390 2292 2443 οὐκ
2318 2391 2461 2463 ἀνὴρ
2481 2393 2788 2469 ἐγνωρίσθη
2825 2416 2943 2468 μοι,
2991 2420 3010 2451 ι
3036 2401 3146 2455 Καὶ
3184 2402 3493 2466 πῶςκεσται
3544 2424 3639 2477 μοι
3662 2408 3782 2461 τοῦ-

2189 2498 2334 2549 το;›

2276 2575 2661 2646 Ἀποκρίνεται
2684 2581 2824 2652 ταχὺ
2848 2581 3114 2654 Γαϐριὴλ,
3140 2586 3237 2640 καὶ
3265 2585 3328 2639 τὸ
3355 2589 3501 2659 παχὺ
3528 2591 3628 2660 τῆς
3649 2593 3779 2645 πεύ-

2192 2676 2330 2722 σεως
2358 2661 2437 2733 τῷ
2487 2662 2612 2733 ὕψει
2644 2666 2745 2736 τῆς
2796 2670 3173 2742 ἀντιφράσεως
3238 2675 3629 2744 ἁπολεπτύνει,
3686 2685 3778 2737 καί

2191 2767 2355 2822 φησι’
2391 2754 2456 2807 Τί
2502 2756 2726 2813 τοιαῦτα
2758 2759 2962 2830 λέγεις,
3008 2758 3053 2818 ὧ
3086 2767 3385 2837 πανολὸία;
3437 2773 3505 2824 Ti
3552 2773 3779 2829 τοιαῦτα

2191 2845 2472 2920 προϐάλλῃ
2504 2851 2762 2922 ρήματα;
2803 2855 2944 2925 Ἐγὼ
2969 2858 3263 2930 οὐρανόθεν
3292 2858 3480 2933 ἦλθον,
3531 2868 3778 2936 κομίζων

2191 2957 2278 2994 σοι
2330 2943 2389 2996 τὺ
2418 2948 2786 3020 καινοπρεπὲς
2839 2952 2939 3023 τῆς
2974 2954 3312 3027 συλλήψεως.
3371 2960 3486 3013 Οὐκ
3538 2963 3648 3016 ἀπὸ
3675 2965 3776 3034 γῆς

2192 3035 2352 3102 φωνῶ
2385 3054 2487 3101 σοι,
2530 3059 2550 3091 ι
2594 3042 2652 3095 '0
2679 3043 2887 3116 Κύριος
2922 3047 3059 3115 μετὰ
3085 3048 3202 3117 σοῦ,
3234 3070 3252 3102 ι
3317 3052 3520 3107 εἰπών·
3556 3044 3653 3109 παὶ
3688 3061 3775 3119 σὺ,

510 3122 566 3166 ιιι
602 3129 728 3169 vero
761 3133 775 3169 :
813 3132 832 3166 ι
880 3116 1172 3182 Quomodo
1201 3119 1294 3174 ﬁet
1352 3121 1521 3189 istud,
1565 3143 1584 3177 ι
1615 3140 1714 3180 ceu
1753 3129 2086 3199 ambigendo

2196 3146 2213 3178 I
2241 3129 2364 3192 Πῶς
2393 3129 2548 3184 ἔσται
2580 3151 2671 3203 μοι
2713 3136 2915 3206 τοῦτος
2954 3157 2973 3190 ι
3012 3138 3335 3212 διαπορεῖς;
3382 3144 3525 3213 Ἐγὼ
3544 3147 3637 3200 τὸν
3679 3116 3775 3221 τὴν

507 3207 784 3274 opponis?
814 3206 967 3263 llunc
1001 3210 1099 3265 tibi
1129 3226 1230 3281 ego
1262 3215 1552 3283 annuntio,
1601 3218 1695 3286 qui
1742 3233 1919 3273 meam
1953 3237 2088 3291 prae-

510 3295 754 3350 sentiam
797 3310 901 3352 suo
928 3297 984 3352 in
1045 3308 1194 3354 tuum
1235 3310 1451 3357 uterum
1510 3304 1712 3375 illapsu
1772 3313 2082 3380 occuparit.

508 3384 594 3440 'l'u
633 3402 761 3441 vero
787 3389 927 3451 mihi
948 3388 1015 3445 de
1052 3392 1194 3460 viro,
1243 3408 1311 3449 ao
1345 3410 1444 3450 ceu
1486 3403 1706 3453 terreno
1732 3409 1889 3469 partu
1917 3402 2086 3459 disse-

504 3476 605 3541 t-is,
641 3476 877 3547 nisque:
930 3496 949 3532 ι
996 3478 1287 3545 Quomodo
1335 3482 1426 3536 ﬁet
1471 3482 1658 3538 istud?
1716 3505 1735 3539 ι
1797 3486 2084 3553 Quomodo

506 3566 646 3619 lict?
697 3566 887 3638 Cogita
948 3569 1225 3638 quomodo
1291 3572 1443 3643 virga
1488 3572 1733 3630 ﬂoruit:
1804 3581 2083 3646 quomodo

502 3668 684 3727 petra,
715 3667 771 3714 et
802 3675 912 3730 quo
944 3659 1055 3716 feta
1100 3677 1201 3717 ceu
1245 3673 1427 3733 partu,
1457 3680 1661 3734 aquam
1693 3668 1864 3723 edidit
1891 3687 1904 3723 :
1946 3685 2082 3740 quo-

502 3751 666 3806 modo
700 3753 846 3823 ignis
880 3755 1001 3810 rubi
1048 3755 1277 3810 arbusta
1322 3757 1587 3825 pervasit,
1631 3772 1732 3813 nec
1771 3769 1954 3817 tamen
1988 3779 2079 3818 ru-

500 3842 629 3896 bum
674 3846 1004 3901 combussit.
1043 3845 1175 3912 Quze
1208 3846 1319 3901 illis
1372 3846 1577 3904 habeas
1618 3847 1804 3916 tidem,
1837 3867 1906 3907 ne
1943 3854 2077 3911 mibi

500 3946 619 3983 cam
652 3930 1024 4001 abrogaveris.
1060 3931 1164 4001 Qui
1200 3935 1347 3989 enim
1373 3934 1489 3991 bwc
1512 3936 1718 4007 illaque
1748 3939 1902 4010 facit,
1935 3958 2079 4000 unus

2188 3218 2329 3291 ἐμὴν
2377 3225 2767 3293 προφθάσαντα
2810 3230 3115 3302 παρουσίαν
3151 3235 3231 3297 εἰς
3285 3235 3384 3306 τὴν
3434 3241 3535 3308 σὴν
3569 3218 3775 3295 κοιλίαν

2185 3312 2612 3385 εὐαγγελίζομαι
2641 3334 2746 3382 σοι,
2783 3321 2880 3373 καὶ
2916 3322 2980 3374 σὺ
3021 3323 3150 3393 περὶ
3179 3325 3371 3396 ἀνδρὸς
3398 3327 3627 3401 διαλέγῃ
3661 3349 3772 3401 μοι.

2185 3404 2408 3474 καὶτῆς
2445 3407 2598 3460 κάτω
2652 3410 2983 3481 γεννήσεως,
3045 3414 3141 3468 καὶ
3194 3415 3398 3484 λέγεις,
3452 3421 3575 3484 πῶς
3624 3423 3771 3479 ἔσται

2187 3509 2268 3545 σοι
2290 3511 2304 3561 ;
2333 3512 2351 3545 ι
2392 3496 2697 3568 Ἐννόησον,
2727 3499 2845 3564 πῶς
2879 3502 2911 3571 ἡ
2937 3501 3132 3572 ῥάϐδος
3152 3503 3419 3578 ἐξήνθησε
3438 3524 3452 3538 °
3479 3510 3600 3575 sub;
3624 3514 3658 3582 ἡ
3681 3516 3771 3566 πέ·

2181 3602 2288 3656 τρα
2314 3586 2376 3639 τὸ
2397 3586 2543 3660 ὕδωρ
2568 3590 2825 3655 ἁπέτεκε,
2862 3593 3029 3648 πόθεν
3057 3597 3490 3669 ὲγκυμονήσασα
3514 3619 3530 3634 ·
3564 3606 3687 3669 πῶς
3715 3607 3769 3660 τὸ

2181 3678 2280 3745 τῆς
2311 3678 2478 3748 βάτου
2502 3683 2614 3753 πῦρ
2645 3683 2975 3754 ὐπεισῆλθεν
3011 3691 3069 3741 ὲν
3107 3692 3173 3762 τῇ
3207 3690 3417 3762 θάμνῳ,
3454 3696 3534 3767 μὴ
3567 3698 3768 3765 φλέξαν

2182 3768 2376 3840 αὐτὴν.
2408 3771 2472 3826 El
2494 3771 2707 3837 τούτοις
2739 3775 2813 3846 μὴ
2846 3777 3125 3845 ἀπιστεῖς,
3176 3782 3315 3853 μηδὲ
3363 3785 3490 3855 ἐμοὶ
3521 3788 3746 3843 ἀπίστει

2193 3858 2251 3913 '0
2285 3862 2394 3934 γὰρ
2419 3863 2594 3919 ταῦτα
2627 3867 2857 3921 κάκεῖνα
2894 3869 3085 3935 ποιῶν,
3118 3867 3201 3937 εἷς
3226 3876 3396 3937 ἐστιν.
3420 3877 3449 3929 ὀ
3482 3880 3543 3930 ὲν
3569 3882 3766 3953 γαστρὲ

2181 3964 2274 4003 σου
2304 3952 2621 4022 φερόμενος.
2654 3953 2802 4027 Ξένῳ
2827 3957 3006 4012 τοίνυν
3030 3961 3183 4033 παρὰ
3214 3963 3314 4034 τὴν
3345 3965 3511 4033 φύσιν
3557 3952 3763 4041 θεσμῷ,

499 4024 614 4092 ipse
647 4034 751 4090 est,
783 4041 944 4095 quem
974 4036 1030 4081 tu
1064 4035 1222 4083 utero
1252 4036 1533 4100 gestatura
1559 4029 1659 4085 sis.
1700 4028 1849 4086 Nova
1886 4033 2078 4104 itaque

2190 4043 2270 4095 τοῦ
2293 4044 2353 4096 ὲν
2381 4044 2466 4097 σοὶ
2494 4024 2784 4117 κυηθέντος
2824 4051 3031 4122 γενήσῃ
3052 4024 3410 4128 Οθχ
3432 4058 3512 4122 ὼς
3551 4024 3763 4115 Ἐλίοὲξ

495 4127 694 4182 praeter
733 4124 986 4172 naturam
1035 4119 1153 4190 lege
1189 4129 1472 4192 conceptae
1519 4123 1695 4193 prolis
1729 4135 1906 4182 mater
1936 4130 2072 4185 eris.

2190 4136 2293 4202 δετ,
2310 4140 2409 4210 οὐχ
2435 4140 2510 4204 ὡς
2530 4142 2696 4196 Ἀννα
2720 4145 2752 4214 ἡ
2783 4143 2844 4198 σὲ
2858 4119 3114 4203 cenatica.
3146 4119 3513 4221 ’Exeivatnyip
3539 4156 3761 4224 ἑνσπερ·

497 4209 611 4263 ann
646 4211 789 4264 sicut
819 4209 1103 4266 Elisabeth
1155 4228 1254 4268 nec
1296 4222 1357 4268 ut
1383 4216 1550 4282 _Anna
1580 4230 1707 4286 quae
1746 4225 1798 4271 te
1833 4219 2071 4289 peperit.

418 4322 447 4361 τε
497 4302 605 4355 Illae
637 4302 783 4357 enim
812 4302 954 4357 virili
988 4301 1226 4372 perfusa:
1253 4305 1467 4361 semine
1496 4315 1702 4365 matres
1733 4307 1890 4364 facta:
1920 4322 2072 4381 sunt,

2178 4230 2436 4300 μαθεῑσαι
2462 4234 2719 4302 γεγόνασι
2753 4238 3022 4308 μητέρες,
3056 4241 3125 4295 σὺ
3178 4240 3236 4295 δὲ
3279 4242 3545 4315 ἄνανδρος
3570 4246 3758 4300 παιδο-

2175 4326 2425 4396 ποιήσεις
2451 4327 2544 4380 τὸν
2581 4329 2821 4400 ἄσπορον
2862 4331 3262 4390 εἰσοικισθέντα
3289 4351 3393 4390 σοι.
3446 4338 3561 4392 Καὶ
3593 4341 3644 4392 εἰ
3669 4339 3758 4393 τὸν

495 4400 552 4444 ιιι
585 4401 769 4446 autem
806 4393 1049 4459 sineviri
1081 4409 1252 4462 opera
1288 4409 1413 4450 eum
1436 4411 1498 4451 es
1525 4397 1764 4462 editura,
1802 4400 1892 4469 qui
1921 4404 2073 4457 nullo

2190 4393 2376 4485 τρόπον
2404 4393 2744 4492 ὲπιξητοίης,
2779 4423 2874 4476 καὶ
2906 4423 3094 4479 τοῦτόν
3128 4441 3210 4480 σοι
3235 4427 3376 4493 λέξω
3404 4429 3626 4498 σαφῶς,

494 4482 754 4549 przejacto
804 4483 1014 4537 semine
1060 4483 1113 4536 in
1152 4493 1203 4539 te
1244 4484 1533 4539 habitavit.
1585 4485 1680 4540 Sin
1727 4503 1859 4545 vero
1904 4492 2069 4546 etiam
2106 4493 2152 4552 D

493 4573 714 4627 modum
746 4573 1003 4644 ambigis,
1043 4574 1189 4628 hunc
1230 4590 1453 4645 quoque
1489 4576 1586 4631 tibi
1621 4586 1808 4648 aperte
1833 4581 2032 4637 dicant.

569 4685 587 4718 ι
646 4665 888 4736 Spiritus
929 4675 1160 4722 sanctus
1205 4668 1563 4737 superveniet
1604 4668 1659 4724 in
1708 4678 1784 4736 te,
1816 4681 1870 4728 et
1895 4675 2071 4732 virtus

492 4757 1140 4814 Altissimiobumbrabit
1182 4760 1278 4813 tibi
1310 4761 1355 4818 ί.
1400 4778 1418 4811 ι
1455 4760 1574 4814 Non
1606 4762 1752 4817 enim
1777 4780 1841 4819 ex
1876 4767 2070 4822 volun-

2253 4698 2271 4731 ι
2306 4680 2530 4753 Πνεῦμα
2567 4685 2723 4754 ἆγιον
2753 4688 3105 4746 ἐπελεύσεται
3141 4695 3233 4749 ιπι
3267 4695 3349 4759 σὲ,
3380 4695 3479 4749 καὶ
3527 4696 3752 4768 δύναμις

2189 4772 2445 4842 Ὑψίστου
2476 4777 2787 4834 ἐπισκιάσει
2810 4798 2890 4835 σε.
2925 4802 2946 4834 ι
2976 4785 3049 4837 Οὐ
3074 4784 3182 4856 γὰρ
3199 4786 3263 4839 ὲκ
3280 4785 3590 4858 θελήματος
3620 4805 3750 4858 σαρ-

489 4857 601 4901 tate
629 4846 756 4911 viri,
786 4861 886 4902 nec
913 4863 982 4902 ex
1007 4849 1297 4904 voluntate
1348 4851 1557 4914 carnis,
1590 4867 1753 4923 quem
1798 4858 2069 4913 annuntio

2190 4863 2268 4927 ιδς
2292 4865 2321 4917 ὁ
2342 4867 2660 4938 τικτόμενος
2695 4870 2872 4927 ἔσται’
2898 4874 2973 4928 Οὐ
3014 4846 3323 4946 μεσιτεύσει
3367 4846 3753 4951 σαρκὸς-ἡδονὴ

489 4938 808 4994 nasciturus
845 4948 949 4994 est.
990 4939 1144 4995 Nulla
1189 4940 1430 4997 carnalis
1462 4943 1715 5014 voluptas
1756 4948 1934 5016 partui
1976 4951 2057 5006 illi

2190 4955 2391 5027 νῙητρὸς
2435 4958 2573 5015 Θεοῦ
2614 4965 2853 5036 τοκετῷ⁶
2883 4965 2991 5021 τῶν
3014 4938 3135 5042 ’γὰρ
3181 4970 3283 5042 τῆς
3344 4938 3567 5041 φύσεως

566 5102 588 5139 ε
631 5097 763 5155 Luc.
788 5114 823 5161 I,
858 5094 949 5159 5'2,
981 5094 1068 5149 53.
1146 5097 1171 5136 ιι
1199 5097 1331 5152 ibid.
1359 5098 1448 5153 54.
1533 5099 1548 5139 ί
1587 5098 1718 5154 ibid.
1746 5100 1836 5156 55.

590 5277 653 5346 (ο)
687 5275 903 5335 Clarius
930 5275 1048 5331 sic:
1092 5273 1427 5346 Infecnndus
1458 5275 1669 5345 quidem
1706 5275 1837 5329 mihi
1875 5286 2083 5345 uterus,
2118 5279 2210 5333 sed
2245 5282 2385 5334 enim
2420 5296 2522 5337 non
2553 5283 2756 5345 cultus.

1780 5434 2167 5495 COMBEFISII
2197 5439 2432 5499 NOTAE.

558 5554 666 5625 ('77)
705 5552 1033 5620 Desponsam
1068 5554 1207 5625 enim
1247 5570 1385 5616 sum,
1418 5562 1474 5625 at
1505 5554 1720 5607 minime
1748 5555 1862 5625 tu'ro
1896 5553 2060 5608 collo-

2167 5573 2439 5632 consensu
2473 5562 2526 5614 in
2553 5562 2824 5632 copulam,
2861 5580 3022 5632 quem
3055 5576 3177 5623 vota
3201 5570 3428 5626 castitas
3454 5572 3750 5631 videbatur

490 5641 547 5709 ςξτ
571 5622 624 5674 ὶι.
656 5624 1106 5709 Μεμνήσςεευμκι,
1127 5622 1242 5676 ἀλλ’
1265 5626 1325 5676 οὐ
1355 5624 1750 5691 νενύμιρευμαι.
1777 5624 2060 5705 Sic'etiam

2190 5631 2459 5709 «cludere
2509 5632 2562 5709 in
2620 5622 2986 5702 Maria,'stare
3018 5639 3249 5709 possint,
3272 5622 3748 5704 ’ὲιᾱτώξίἆῖἱὶὶ

492 5691 850 5760 llivrnnyznus
881 5691 1066 5744 Matth.
1105 5710 1142 5755 I,
1172 5703 1339 5774 negat
1396 5703 1721 5751 uxorem,et
1768 5694 2062 5774 coniugem
2167 5716 2347 5770 opera:
2390 5702 2571 5756 fuerit.

491 5776 588 5829 pro
620 5776 819 5826 sponsa
871 5765 1112 5831 exponit.
1169 5762 1306 5816 Nunt
1342 5771 1523 5816 autent
1552 5778 1680 5817 vero
1711 5764 1912 5829 nuptim
1944 5764 2064 5819 sine
