4032 6138
1960 234 1985 241 ι.

535 336 648 401 νιι

1724 332 1789 391 S.
1831 333 1930 390 AN
1942 330 2159 391 DREr‘E
2198 328 2623 391 CBE’I‘ENSIS

3696 331 3804 398 91?.

544 458 709 517 atque
755 442 957 499 alacris
1014 441 1157 496 facta
1206 445 1375 501 esset.
1429 436 1671 507 jucunda
1706 447 1840 502 tota,
1880 437 2104 506 ipsaque

2210 439 2423 507 γέγονε.
2458 438 2568 490 Kal.
2598 431 2711 490 οἷον
2740 435 2989 507 ήΓραςρὴ
3023 435 3113 491 τὸν
3141 438 3303 492 Δαδὶδ
3333 440 3664 511 ύπογράρει,
3697 463 3805 514 χε..

543 539 725 609 specie
754 535 1153 605 gratiosissima
1191 531 1304 600 (8|)
1350 529 1562 584 reddita
1594 539 1697 583 est.
1738 529 1814 582 Ac
1840 529 2107 598 quemad-

542 630 761 683 modum
790 626 1075 693 Scriptura
1109 621 1371 676 Davidem
1416 628 1835 686 commemorat,
1865 619 2109 689 gratiosa

437 705 443 710 ’
540 721 724 774 animo
764 715 1142 786 jucundaque,
1174 720 1412 777 venusto
1449 694 1666 782 quoque
1705 711 1901 766 obtutu
1951 724 2110 780 appa-

535 811 648 863 ruit
676 825 689 861 :
722 808 869 860 velut
900 804 1158 859 nimirum
1185 802 1489 872 impensius
1514 802 1785 857 delectata
1818 801 2106 863 miraculo,

531 910 587 954 et
620 899 953 955 salutatione
987 896 1188 965 placite
1215 901 1464 964 accepta.
1503 892 1712 949 ltevera
1750 893 1894 948 enim
1923 892 2106 961 gaudii

530 989 924 1048 inenarrabilis
962 989 1159 1057 plenus
1188 999 1372 1040 sermo
1408 995 1547 1039 erat.
1591 983 1898 1037 Admodum
1946 981 2108 1037 facile

528 1100 596 1138 ac
636 1083 797 1152 plane
854 1080 1149 1151 perspicue
1199 1076 1419 1131 Gabriel
1475 1077 1670 1146 virgini
1723 1074 2001 1145 persuasit
2048 1081 2106 1128 ut

466 1215 471 1219 .
532 1177 711 1229 libens
752 1172 1082 1226 miraculum
1130 1169 1574 1238 amplecteretur,
1625 1168 1924 1236 subjuncto
1967 1166 2105 1220 illo:

538 1285 555 1316 ι
592 1262 709 1317 Non
741 1263 849 1318 erit
883 1261 1222 1331 impossibile
1255 1261 1401 1332 apud
1441 1262 1607 1313 Deum
1639 1274 1801 1315 omne
1820 1259 2099 1314 verbum.»

529 1357 673 1422 Quid
710 1358 882 1425 igitur
912 1356 988 1408 ait
1019 1354 1380 1425 evangelicus
1414 1350 1634 1407 sermo?
1672 1369 1689 1402 ‹
1732 1351 1882 1405 Dixit
1921 1358 2104 1405 autem

528 1447 700 1501 Maria
736 1464 750 1499 :
784 1445 923 1501 Ecce
954 1445 1158 1499 ancilla
1219 1443 1462 1507 Domini,
1509 1442 1603 1497 ﬁat
1635 1443 1768 1497 mihi
1798 1440 2105 1496 secundum

530 1540 755 1592 verbum
791 1547 945 1590 tuum
977 1543 1038 1589 "‘.
1065 1555 1083 1587 ι
1124 1533 1383 1589 Vidistin’
1424 1533 1814 1603 prudentiam?
1844 1530 2102 1586 Vidistin’

528 1630 717 1701 gravis
766 1627 1054 1682 modestia:
1104 1626 1487 1681 excellentiam
1537 1625 1692 1694 (82)?
1746 1624 2103 1692 Posteaquam

525 1724 675 1778 enim
713 1722 782 1777 de
815 1721 987 1791 prolis
1022 1718 1403 1787 conceptione,
1450 1716 1632 1786 deque
1676 1715 1772 1770 (ilii
1818 1715 2106 1770 nativitate

2214 532 2403 602 ρίεσσα
2430 530 2527 598 τὴν
2553 529 2731 600 ψυχὴν
2766 529 2907 600 μετὰ
2934 528 3168 593 κάλλους
3196 530 3495 601 ὀφθαλμῶν
3524 533 3799 606 ἀνεφάνη,

2210 624 2304 677 ἅτε
2348 624 2578 693 ἡσθεῖσα
2617 624 2696 695 τῷ
2761 624 3024 694 θαύματι.
3059 626 3156 677 καὶ
3180 625 3273 679 τὸν
3307 627 3601 697 ἀσπασμὸν
3628 629 3803 699 ἀσμε-

2209 716 2424 768 νίσασα.
2463 717 2573 768 Καὶ
2605 716 2715 787 γὰρ
2756 716 2822 785 ἦν
2852 718 3027 786 χαρᾶς
3063 718 3345 787 ἀφράστου
3373 719 3574 789 μεστὸν
3610 721 3673 772 τὸ
3705 722 3802 775 λα-

2190 806 2492 876 -λούμενον,
2520 807 2792 877 Εὑμαρῶς
2818 808 2965 877 μάλα
2994 810 3090 861 καὶ
3112 808 3230 862 λίαν
3262 810 3450 880 σαφῶς
3491 813 3521 865 6
3555 812 3804 885 Γαϐριὴλ

2209 896 2306 964 τὴν
2340 894 2612 965 Παρθένον
2645 896 2979 966 παρέπεισεν
3017 897 3313 967 ἀσμενίσαι
3355 899 3417 952 τὸ
3460 899 3674 971 θαῦμα,
3706 905 3806 955 ἐπ-

2209 987 2431 1057 αγαγὼν
2464 988 2544 1051 τὸ,
2578 1008 2596 1041 ι
2630 991 2742 1043 Οὐκ
2782 989 3107 1061 ἀδυνατήσει
3139 990 3290 1061 παρὰ
3317 991 3397 1063 τῷ
3418 991 3537 1062 Θεῷ
3563 996 3674 1047 πᾶν
3702 994 3802 1064 ῥῆ-

2212 1097 2309 1149 μα.
2337 1098 2354 1131 ι
2388 1081 2453 1133 Τί
2477 1076 2569 1133 οὖν
2595 1098 2732 1152 φησι
2756 1081 2819 1134 τὸ
2840 1081 3176 1152 Εὐαγγέλιον
3196 1100 3210 1149 ;
3234 1102 3253 1134 ι
3290 1080 3429 1136 Εἷπε
3458 1085 3518 1137 δὲ
3539 1086 3795 1155 Μαριάμ·

2221 1172 2354 1224 Ἰδοὺ
2392 1173 2424 1242 ή
2471 1171 2632 1242 δούλη
2669 1171 2897 1243 Κυρίου,
2954 1173 3169 1239 γένοιτό
3214 1191 3307 1243 μοι
3362 1176 3509 1228 κατὰ
3539 1176 3604 1228 τὸ
3649 1176 3803 1246 ῥῆμά

2210 1281 2327 1317 σου.
2359 1281 2378 1314 ι
2436 1262 2592 1327 Εἶδες
2652 1264 2911 1329 σύνεσιν;
2966 1262 3121 1330 Ιειῐδες
3172 1267 3515 1336 καταστολῆς
3560 1269 3799 1337 κοσμίας

2209 1354 2552 1426 ὑπερϐολήν;
2610 1354 2861 1411 Ἐπειδὰν
2900 1355 3041 1423 ἔγνω
3091 1355 3340 1425 μαθοῦσα
3365 1356 3461 1409 τοῦ
3490 1358 3656 1410 τόκου
3702 1357 3797 1428 τὴν

2210 1446 2496 1516 σύλληψιν,
2531 1445 2626 1500 τοῦ
2669 1445 2893 1499 τοκετοῦ
2938 1448 3038 1516 τὴν
3073 1448 3348 1519 γέννησιν,
3403 1449 3491 1510 τίς
3525 1449 3622 1501 καὶ
3654 1451 3799 1511 τινος

2207 1538 2358 1590 ἔσται
2382 1539 2516 1604 υίὸς,
2546 1538 2640 1591 καὶ
2670 1539 2820 1601 ὅστις
2858 1537 3221 1607 κληθήσεται,
3275 1539 3367 1592 καὶ
3405 1538 3549 1601 τίνος
3603 1537 3797 1609 θρόνου

2205 1630 2468 1700 διάδοχος,
2504 1629 2667 1685 τίνων
2693 1647 2752 1682 τε
2786 1629 3118 1701 βασιλεύσει,
3154 1631 3327 1695 τέλος,
3362 1631 3465 1684 οὐκ
3488 1631 3595 1696 ἔξω
3646 1632 3799 1701 βασι-

2207 1721 2358 1783 λείας
2382 1723 2410 1774 ὁ
2441 1721 2862 1792 τεχθησόμενος,
2911 1722 3325 1793 ἀντιχαροποιὸν
3348 1721 3535 1791 ἀφῆκε
3568 1724 3758 1792 φωνήν
3776 1741 3787 1753 ·

526 1816 722 1870 edocta
769 1813 1161 1881 cognovisset,
1218 1810 1495 1881 quisnam,
1532 1809 1781 1879 inquam,
1840 1817 1894 1863 et
1944 1808 2104 1876 cujus

2212 1832 2231 1864 ι
2278 1812 2408 1865 Ἰδοὺ
2434 1815 2466 1882 ή
2491 1812 2653 1885 δούλη
2705 1815 2938 1885 Κυρίου,
2998 1792 3208 1882 γένοιτό
3238 1830 3331 1883 μοι
3360 1814 3506 1868 κατὰ
3555 1813 3618 1866 τδ
3647 1816 3798 1885 ῥῆμα

527 1907 678 1961 ﬁlius
707 1904 929 1958 futurus
948 1910 1124 1965 esset,
1161 1917 1339 1971 quove
1367 1908 1520 1955 esset
1550 1899 1774 1953 nomine
1815 1898 2102 1968 appellan-

525 1998 653 2062 dus,
681 2005 735 2050 rt
765 1995 925 2065 cujus
955 2009 1323 2051 successurus
1368 1992 1592 2057 throno,
1645 2004 1712 2043 ac
1750 1990 1805 2043 in
1851 2003 1962 2059 quo
2017 2003 2104 2043 re-

525 2099 819 2161 gnaturus,
863 2102 930 2142 ac
962 2087 1200 2156 denique
1235 2084 1352 2139 fore
1399 2084 1449 2139 ei
1504 2089 1776 2136 assertum
1847 2094 2099 2148 regnum,

523 2181 706 2253 gaudii
750 2181 969 2251 plenam
1005 2192 1193 2234 vocem
1227 2175 1472 2231 vicissim
1522 2172 1808 2247 respondit
1847 2188 1860 2225 :
1893 2189 1912 2223 ι
1962 2170 2104 2225 Ecce

523 2275 752 2328 ancilla
807 2271 1063 2336 Domini,
1145 2269 1237 2323 ﬁat
1293 2267 1429 2321 mihi
1507 2265 1811 2321 secundum
1874 2265 2101 2317 verbum

522 2370 701 2417 tuum.
738 2380 757 2413 ι
796 2358 956 2413 Velut
979 2358 1242 2413 nimirum
1291 2357 1473 2428 palam
1505 2355 1653 2410 dicat
1686 2370 1702 2409 :
1738 2352 1937 2407 Parata
1956 2367 2101 2415 sum,

520 2469 625 2509 nec
652 2460 733 2509 est
764 2452 1066 2522 quidquam
1096 2450 1242 2519 quod
1280 2449 1563 2519 impediat.
1598 2449 1695 2502 Est
1738 2448 1958 2503 animus
1988 2446 2104 2500 ala-

426 2610 436 2623 .
521 2547 655 2609 eris,
689 2552 876 2598 venter
910 2551 1279 2611 opportunus,
1318 2540 1521 2610 quippe
1561 2539 1805 2593 intactus
1850 2544 1958 2603 est,
2001 2550 2102 2591 suo

522 2637 736 2704 integer
756 2642 1010 2688 servatus
1030 2631 1338 2686 Conditori.
1361 2648 1380 2681 ι
1414 2630 1555 2684 Ecce
1576 2630 1775 2686 ancilla
1805 2627 2023 2683 Domini
2051 2646 2096 2680 ε»

523 2727 591 2782 ad
640 2724 1005 2780 oliediendum
1043 2723 1248 2785 facilis,
1293 2725 1358 2775 at:
1394 2721 1726 2789 obsequium
1767 2719 1982 2787 sedula,
2035 2718 2100 2773 ad

525 2815 933 2885 susceptionem
967 2820 1184 2883 parata.
1231 2829 1249 2862 ι
1302 2811 1417 2865 Fiat
1463 2811 1597 2865 mihi
1645 2811 1947 2866 secundum
1980 2826 2105 2864 ver-

523 2912 653 2966 lium
684 2898 860 2963 tuum.
910 2926 931 2958 θ
974 2905 1272 2977 Postquam
1299 2905 1446 2959 enim
1483 2906 1693 2971 omnia,
1726 2904 1928 2974 inquit,
1962 2904 2103 2959 bene

502 2996 795 3056 'hactcnus
824 3006 1091 3067 quantum
1127 3002 1355 3065 .poterat
1417 2994 1534 3049 ﬁeri
1588 2994 1889 3059 nuntiasti,
1922 3002 2100 3048 totum

523 3092 667 3162 quod
701 3090 931 3160 geritur,
962 3088 1160 3158 gaudio
1195 3086 1419 3156 plenum
1468 3092 1554 3140 est
1597 3099 1662 3140 ac
1693 3100 1948 3156 suprema
1979 3086 2100 3155 glo-

2206 1918 2319 1956 σου.
2355 1922 2373 1955 ι
2419 1904 2625 1956 Ἐκεῖνο
2673 1902 2863 1971 σαφῶς
2900 1903 3165 1971 λέγουσα’
3207 1902 3360 1967 Ἰδοὺ,
3417 1905 3616 1974 ἑτοίμη
3664 1905 3797 1976 πρό-

2204 2011 2423 2065 κειμαι,
2479 1995 2574 2048 καὶ¹
2625 1993 2865 2049 κωλύσον
2894 1996 3070 2051 οὐδέν.
3112 1996 3178 2049 Ἠ
3222 1995 3369 2067 ψυχὴ
3400 1997 3709 2068 πρόθυμος,
3763 1999 3795 2067 ή

2201 2085 2416 2155 γαστὴρ
2457 2083 2750 2157 εὔκαιρος
2794 2087 3075 2155 ἀνέπαφος
3105 2085 3234 2157 γὰρ,
3273 2088 3422 2158 μόνῳ
3475 2088 3793 2157 τηρουμένη

2202 2173 2279 2244 τῷ
2310 2174 2603 2227 Πλάσαντι.
2642 2193 2660 2225 t
2708 2174 2841 2228 Ἰδοὺ
2868 2177 2900 2245 ή
2927 2175 3090 2247 δούλη
3142 2176 3381 2247 Κυρίου·
3420 2194 3438 2226 ι
3507 2176 3649 2245 πρὸς
3698 2177 3796 2228 ύπ-

2209 2266 2381 2336 ακοὴν
2408 2265 2692 2337 εὐπειθὴς,
2708 2265 2843 2337 πρὸς
2860 2265 3108 2320 δουλείαν
3137 2267 3400 2336 εὐτρυνὴς
3419 2267 3484 2330 ",
3510 2267 3649 2338 πῶς
3666 2267 3797 2319 6:9-

2203 2357 2363 2428 δοχὴν
2413 2357 2630 2428 ἑτοίμη.
2673 2358 2933 2412 «Γένοιτό
2969 2376 3062 2429 μοι
3114 2359 3256 2412 κατὰ
3310 2360 3372 2412 τὸ
3415 2360 3572 2430 ῥῆμά
3620 2377 3737 2413 σου.
3771 2379 3788 2410 ι

2216 2447 2435 2518 Ἐπειδὴ
2485 2448 2594 2518 γὰρ
2628 2448 2830 2513 πάντα,
2883 2450 3038 2519 φησὶ,
3087 2449 3163 2512 ὼς
3196 2445 3309 2503 οἷόν
3337 2466 3397 2502 τε
3428 2445 3522 2520 ἦν,
3576 2449 3638 2502 εὖ

2202 2540 2341 2604 τέως
2369 2539 2735 2611 ἀπήγγειλας,
2770 2539 2890 2594 ὅλον
2917 2540 2975 2593 τὸ
3004 2540 3330 2612 τελούμενον
3356 2542 3534 2612 χαρᾶς
3582 2542 3679 2594 καὶ
3706 2541 3790 2593 δό-

2205 2632 2304 2705 ξης
2325 2636 2425 2704 τῆς
2449 2633 2710 2687 ἀνωτάτω
2739 2632 3121 2703 πεπλήρωται.
3180 2653 3199 2683 ί
3253 2633 3387 2687 Ἰδοὺ
3420 2635 3453 2703 ἠ
3481 2632 3648 2703 δούλη
3676 2635 3788 2686 Κυ-

2209 2724 2344 2794 ρίου,
2401 2721 2609 2790 γένοιτό
2663 2739 2753 2793 μοι
2787 2724 2930 2776 κατὰ
2973 2724 3036 2776 τὸ
3087 2724 3239 2794 ῥῆμά
3279 2740 3395 2778 σου.
3438 2743 3455 2776 ι
3500 2721 3645 2791 Εὖγε
3693 2723 3791 2792 τῆς

2204 2816 2483 2887 ἀφράστου
2524 2814 2866 2886 οἱκονομίαςῑ
2898 2811 3038 2884 Ιίὖγε
3061 2816 3158 2884 τῆς
3186 2816 3442 2886 χάριτοςῑ
3492 2816 3791 2886 Ὑπέρευγε

2203 2908 2304 2976 τῆς
2339 2908 2577 2977 ἀνάρχου
2625 2909 2719 2960 καὶ
2763 2907 2958 2978 βουλῆς
2997 2908 3093 2961 καὶ
3143 2908 3531 2979 προγνώσεως.
3583 2909 3793 2971 Ὄντως

2206 2997 2435 3069 Πνεῦμα
2483 2997 2640 3065 ἆγιον
2681 2996 2926 3069 ὲνῴκησε
2967 3000 3034 3069 τῇ
3078 2998 3358 3069 Παρθένῳ,
3411 2998 3510 3052 καὶ
3563 2997 3793 3067 δύναμις

2222 3088 2475 3158 Ὑψίστου
2507 3088 2834 3142 ἐπεσκίασεν
2856 3089 3048 3159 αὐτὴν,
3080 3090 3220 3143 κατὰ
3242 3090 3340 3159 τὴν
3368 3089 3792 3160 προωρισμὲνην

524 3186 626 3239 ria.
669 3201 688 3234 ι
735 3182 881 3237 Ecce
923 3180 1123 3235 ancilla
1175 3178 1413 3243 Domini,
1470 3176 1563 3232 ﬁat
1609 3178 1747 3232 mihi
1796 3179 2099 3234 secundum

2211 3179 2405 3250 βουλὴν
2433 3178 2526 3233 τοῦ
2555 3178 2714 3245 Θεοῦ,
2746 3181 2840 3234 καὶ
2868 3182 3197 3252 πρόγνωσιν.

523 3278 753 3332 verbum
806 3281 982 3328 tuum.
1021 3291 1040 3324 ι
1082 3272 1229 3343 Euge
1298 3270 1773 3341 dispensationem
1826 3271 2253 3326 admirabilem!
2306 3272 2455 3345 Euge
2504 3275 2735 3345 gratiam
2809 3275 3055 3327 tantam!
3134 3270 3310 3341 Supra
3361 3272 3586 3326 modum
3656 3287 3791 3341 euge

524 3379 789 3425 :ctcruu-m
824 3369 960 3423 illud
1009 3368 1332 3431 consilium,
1375 3381 1439 3421 ac
1478 3368 1922 3437 praescientiaml
1964 3365 2104 3422 Vere
2147 3367 2384 3438 Spiritus
2459 3378 2686 3425 sanctus
2742 3368 2802 3431 in
2867 3367 3093 3438 Virgine
3154 3368 3450 3436 habitavit,
3506 3384 3571 3423 ac
3619 3369 3792 3423 virtus

524 3461 815 3525 Altisjzni,
871 3461 1027 3531 juxta
1084 3462 1413 3531 praeﬁnitum
1447 3459 1543 3514 Dei
1577 3460 1898 3523 consilium,
1961 3461 2477 3531 prazscientiamque
2506 3463 2557 3516 ei
2594 3462 2967 3517 obumbravit.

601 3579 619 3609 ι
660 3558 722 3611 Et
756 3557 1017 3612 discessit
1048 3557 1273 3627 angelus
1306 3557 1389 3621 ab
1447 3571 1532 3620 ea,
1575 3576 1593 3607 ο
1657 3558 1836 3625 inquit
1897 3567 1947 3610 ιι.
2000 3555 2105 3612 Ubi
2184 3622 2203 3631 ν

524 3653 785 3708 nimirum
813 3651 1119 3720 iujunctum
1153 3647 1525 3704 ministerium
1568 3649 1926 3718 implevisset.
1979 3649 2102 3703 Dis-

523 3746 691 3799 cessit.
719 3742 789 3797 ab
822 3756 885 3797 ea
915 3741 1162 3811 angelus,
1199 3738 1466 3794 Dominus
1502 3746 1688 3796 tamen
1760 3743 1830 3796 ab
1869 3757 1934 3796 ea
1987 3758 2098 3797 non

528 3833 775 3887 recessit.
827 3830 922 3885 Ille
966 3831 1113 3883 enim
1155 3831 1409 3900 quamvis
1451 3838 1610 3886 vacet
1646 3846 1902 3902 corpore,
1952 3840 2099 3887 atIa-o

524 3940 650 3978 mon
706 3923 1159 3992 circumscriptus
1214 3933 1297 3977 est
1336 3938 1401 3976 ac
1450 3923 1762 3979 deﬁnitus:
1818 3925 1910 3980 hic
1946 3940 2099 3989 vero,

522 4031 838 4085 quanquam
888 4017 939 4068 in
976 4030 1225 4085 corpore,
1259 4024 1314 4068 et
1350 4014 1588 4087 Virginis
1639 4016 1889 4072 inclusus
1921 4026 2101 4083 utero,

525 4110 1036 4179 incircumscriptus
1090 4115 1197 4163 cst.
1250 4108 1326 4161 Ac
1382 4109 1474 4164 ille
1527 4109 1776 4178 quidem,
1830 4124 1954 4164 eum
2008 4110 2102 4179 qui

522 4211 668 4256 esset
700 4209 987 4264 venturus,
1012 4211 1340 4270 conceptum
1377 4217 1440 4255 ex
1481 4199 1707 4270 Virgine
1736 4210 1962 4270 propter
1994 4200 2099 4254 hu-

443 4323 471 4353 .
519 4309 736 4346 mauam
769 4294 870 4348 viri
929 4293 1165 4348 salutem
1224 4295 1649 4363 praenuntiavit;
1703 4293 1793 4348 hic
1825 4308 1953 4347 vero
1992 4309 2094 4347 no-

519 4392 689 4436 stram
733 4392 1074 4454 assumptam
1106 4384 1474 4439 substantiam
1523 4385 1578 4439 in
1611 4386 1792 4456 seipse
1822 4384 2093 4439 reforma-

590 4571 627 4598 ω
657 4561 787 4614 Luc.
830 4576 868 4624 l,
901 4558 991 4613 53.
1070 4558 1248 4613 llibid.

2286 3576 2307 3607 ‹
2338 3557 2446 3610 Καὶ
2474 3556 2714 3626 ἀπῆλθεν
2747 3555 2845 3611 ἀπ’
2875 3555 3050 3624 αὐτῆς
3078 3555 3106 3606 6
3151 3554 3381 3623 ἄγγελος
3404 3594 3420 3617 ,
3448 3572 3467 3604 ι
3528 3554 3684 3623 φησί.
3722 3555 3794 3607 Τὸ

2211 3648 2499 3702 κελευσθὲν
2549 3649 2697 3717 αὐτῷ
2742 3647 2899 3718 δῆλον
2943 3647 3348 3718 ἀποπληρώσας
3393 3646 3788 3719 λειτούργημα.

2221 3742 2488 3812 Ἀπῆλθεν
2522 3742 2618 3795 ἀπ’
2647 3742 2820 3811 αὐτῆς
2846 3743 2874 3793 6
2917 3739 3183 3810 ἄγγελος,
3214 3741 3329 3794 ἀλλ’
3359 3740 3458 3792 οὐκ
3501 3742 3717 3807 ἀπέστη
3766 3741 3792 3789 ὀ

2208 3833 2431 3907 Κύριος·
2467 3834 2527 3885 Ὀ
2561 3833 2659 3903 μὲν
2689 3832 2796 3901 γὰρ
2822 3833 3295 3909 ἐμπερῐγραπτος,
3333 3831 3439 3883 κᾶν
3466 3829 3787 3899 ἀσώματος

2200 3928 2230 3980 6
2257 3926 2313 3979 δὲ
2343 3925 2776 3998 ἁπερίγραπτος,
2811 3923 2912 3977 κᾶν
2942 3926 2999 3978 ὲν
3026 3924 3240 3994 σώματι
3274 3923 3369 3977 καὶ
3420 3923 3624 3992 γαστρὶ
3648 3922 3790 3990 Παρ-

2205 4017 2363 4071 θένου
2416 4016 2783 4088 χωρούμενος.
2832 4018 2942 4069 Καὶ
2970 4018 2999 4070 ὁ
3029 4017 3150 4084 μὲν,
3190 4017 3282 4069 τὸν
3313 4017 3611 4086 ἐρχόμενον
3659 4031 3788 4085 προσ

2209 4110 2568 4178 κατήγγειλεν
2626 4108 2718 4161 ἐπὶ
2750 4108 2992 4178 σωτηρίᾳ
3021 4107 3130 4160 τῶν
3183 4106 3488 4176 ἀνθρώπων
3530 4108 3598 4159 ἐκ
3638 4107 3786 4175 Παρ-

2206 4202 2361 4256 θένου
2401 4200 2877 4273 κυοφορούμενον·
2923 4203 2952 4254 6
2988 4201 3065 4267 δὲ,
3121 4201 3220 4270 τὴν
3272 4199 3549 4271 ἡμετέραν
3602 4198 3785 4250 οὐσίαν

2202 4267 2616 4358 humanm-Ei;
2641 4267 2834 4349 ἑαυτὸν
2873 4267 3564 4365 ἀνεμόρφωσεν,“ἁποδοὺς
3588 4294 3655 4361 τῇ
3686 4290 3785 4359 φύ-

2203 4401 2285 4437 σει
2303 4385 2364 4438 τὸ
2386 4387 2506 4438 κατ’
2527 4385 2731 4450 εἰκόνα,
2749 4385 2842 4440 καὶ
2862 4384 2924 4437 τὸ
2951 4383 3166 4454 πρῶτον
3188 4383 3426 4453 ἀξίωμα,
3443 4382 3471 4435 δ
3486 4383 3554 4437 δι’
3584 4386 3782 4451 ἀπροσι

1794 4671 2031 4729 ἺΑΒΙιΕ
2071 4674 2472 4731 LECTIONES.

626 4776 667 4807 ³⁷
711 4773 871 4828 Forte
901 4771 1152 4843 ὀτρυνής.

1818 4872 2207 4930 COMBEFISII
2241 4874 2475 4933 NOTAE.

591 4985 708 5106 (8ὶέ
734 4985 983 5034 Iucunda
1028 4986 1172 5059 tota,-
1198 4988 1417 5054 ipsaque
1483 4985 1651 5052 specie
1677 4985 2096 5039 granoumma.

520 5056 657 5123 Ὅλη
714 5051 952 5121 υμήρης.
976 5047 1244 5123 iubemus
1266 5041 1774 5123 circumloqunnur,
1807 5048 1866 5123 ut
1893 5053 2097 5119 reprae-

519 5113 1259 5187 sentemus"amplitudinem
1286 5153 1301 5176 ,
1336 5127 1441 5184 qua
1470 5113 1687 5187 videtur
1721 5117 1914 5187 auctor
1950 5113 2098 5187 acci-

519 5212 665 5266 pere.
697 5189 884 5246 Fuerit
920 5180 1065 5242 enim
1093 5180 1424 5266 θυμήρηςέῑ
1445 5180 2096 5266 χαρίεσσαῌηιι-οό-εθψιίῖ

522 5247 638 5327 tor,
667 5280 773 5318 non
826 5270 1035 5312 tantum
1088 5247 1207 5326 quin
1227 5247 1548 5327 "placeat'e't
1580 5252 1651 5304 sit
1702 5248 1967 5327 gratiosa,
1997 5247 2090 5301 sed

519 5319 683 5390 etiam
715 5348 835 5402 qua:
857 5329 927 5383 sit
956 5319 1536 5402 perfusajucunditate
1587 5329 1836 5402 etﬂaaquo
1883 5319 2087 5402 animo,

523 5388 664 5459 unde
701 5388 754 5457 εἰ
783 5388 993 5454 morum
1040 5388 1282 5454 suavitas
1307 5404 1417 5457 est,
1462 5401 1517 5447 et
1546 5389 1716 5464 gratia
1745 5388 1995 5464 qugeilam
2023 5388 2089 5464 ad

521 5475 696 5543 ipsum
726 5486 927 5543 corpus
948 5482 1194 5543 manans,
1218 5465 1366 5543 v_elu_t_
1393 5465 1574 5543 imago
1599 5460 1878 5543 interioris
1904 5460 2090 5543 gratia}

518 5528 573 5597 εἰ
608 5528 910 5595 venustatis
933 5539 1126 5599 animi,
1159 5528 1216 5589 ut
1247 5536 1302 5589 in
1334 5528 2003 5607 liav_ide,_quen_i_refert.‘
2023 5596 2047 5607 η

589 5613 703 5678 (8'2)
738 5610 928 5662 Gravis
980 5597 1250 5660 modestia:
1305 5597 1691 5678 excellentiam.
1720 5597 2089 5678 ¹Ιςα-εαιξτολῆς

519 5667 751 5735 resuta:
787 5679 1112 5746 ὑπερϐολήν.
1149 5678 1238 5729 Sic
1258 5686 1306 5727 et
1342 5673 1663 5746 Ambrosius
1684 5671 1885 5739 altique
1907 5667 2090 5746 Mariae

528 5739 973 5799 nouiilitatciu'ea
1002 5739 1358 5814 respnmione
1396 5741 1761 5810 depracdicant
1788 5756 1800 5790 :
1827 5754 1947 5807 qua:
1982 5739 2093 5793 ele-

734 4977 983 5034 Iucunda
1028 4986 1161 5037 tota,
1198 4974 1417 5045 ipsaque
1477 4969 1651 5045 specie
1677 4967 2096 5039 gratiosissima.
2130 4968 2176 5024 ι)
2205 4978 2291 5045 cta
2349 4980 2530 5045 mater
2552 4973 2823 5045 ancillam
2883 4989 2943 5029 se
2975 4973 3145 5045 dicat,
3189 4989 3288 5029 nec
3331 4982 3483 5029 tanto
3513 4978 3776 5045 promisso

2201 5039 2342 5113 elata
2370 5042 2462 5096 sit.
2499 5042 2781 5099 Ridiculus
2812 5052 2962 5099 certe
2994 5044 3274 5113 Hopperus
3308 5063 3321 5098 :
3368 5039 3524 5101 Vides
3553 5049 3775 5102 amictus

2198 5112 2421 5182 modesti
2448 5114 2856 5167 excellentiam?
2903 5112 3226 5182 Quanquam
3289 5116 3435 5169 enim
3488 5115 3574 5180 τὸ,
3609 5135 3774 5171 κατα-

2199 5179 2379 5254 στολὴ,
2418 5195 2472 5237 et
2521 5183 2789 5254 Hesychio
2836 5192 2892 5239 et
2946 5179 3126 5238 Suidae
3166 5184 3400 5240 amictus
3448 5179 3772 5254 exponatur,

2200 5250 2356 5331 haud
2399 5262 2579 5307 tamen
2632 5250 2698 5307 ea
2735 5253 3123 5331 hieexppsitio
3153 5256 3434 5331 congruit,
3497 5250 3594 5331 sed
3648 5258 3772 5331 alia,

2194 5324 2348 5388 juxta
2386 5338 2547 5390 quam
2574 5324 3054 5387 καταστέλλεσθαι,
3078 5332 3164 5383 est
3186 5325 3335 5380 velut
3365 5340 3487 5381 sese
3510 5326 3564 5379 in
3597 5327 3773 5393 seipse

2197 5394 2547 5454 contrahere.
2599 5404 2758 5462 atque
2796 5397 2932 5450 adeo
2984 5394 3053 5449 ad
3107 5396 3434 5451 modestiam
3468 5411 3529 5450 se
3552 5412 3770 5462 compo-

2196 5474 2351 5526 nere,
2385 5477 2449 5516 ac
2484 5465 2727 5518 modeste
2753 5480 2964 5533 sapere,
2993 5480 3086 5519 seu
3116 5465 3389 5519 humiliari
3417 5507 3431 5530 ,
3463 5465 3772 5520 Christiana

2198 5536 2369 5602 magis
2397 5542 2452 5586 et
2480 5534 2850 5593 ecclesiastica
2885 5551 3036 5596 voce,
3070 5550 3233 5604 quam
3269 5534 3633 5591 Ciceroniana
3661 5551 3676 5597 ;
3715 5540 3772 5584 ut

2197 5609 2251 5673 et
2286 5619 2371 5656 res
2423 5607 2585 5670 plane
2638 5605 2949 5658 Christiana
2979 5613 3081 5665 est,
3142 5620 3241 5661 nec
3292 5606 3428 5661 satis
3463 5613 3618 5673 nota,
3665 5606 3773 5656 nisi

2197 5672 2512 5729 Christiano
2535 5682 2588 5729 et
2619 5673 2824 5730 Christi
2859 5673 3149 5746 discipulo.

3432 5748 3461 5758 ι
