4032 6138
380 310 485 377 9‘31

991 317 1077 378 IN
1110 314 1765 381 CIRCUMCISIONEM
1805 317 2083 379 DOMINI
2131 317 2228 377 ET
2267 317 2351 381 IN
2377 319 2439 382 S.
2475 318 2846 383 BASILIUM

3514 320 3616 384 922

383 443 550 492 ακτος
598 427 791 496 γέγονε
865 432 1005 501 μετά
1067 433 1169 500 τῆς
1222 433 1484 503 πρότερον
1523 431 1837 502 ὀνομασίας,
1893 448 1918 484 ⁸ι

2021 435 2162 497 icit,
2196 443 2387 491 octava
2444 435 2858 505 perfectionem.
2921 434 3384 494 Circumcisionls
3419 435 3618 506 religio

381 519 544 592 ὀγδόῃ
573 518 667 571 τοῦ
707 518 940 591 βρέφους
986 521 1313 576 ὲπιδοθεϊσα.
1362 522 1472 575 Καὶ
1517 522 1619 575 οὐκ
1665 521 1943 583 ἀσκόπως.

380 612 635 677 Εἱδώλοις
662 616 772 686 γὰρ
804 616 911 669 ἀπὸ
931 616 1085 688 Θαρὰ
1111 616 1317 683 πατρὸς
1363 614 1614 688 Ἀϐραὰμ
1649 612 1948 683 μελλούσης

376 701 478 770 τῆς
522 701 735 769 φύσεως
790 702 1221 774 καταφύρεσθαι,
1267 702 1376 755 ἔδει
1422 701 1517 754 ἀπ’
1559 697 1813 767 Ἀϐραὰμ
1857 697 1947 750 διὰ

377 791 670 860 σφραγῖδος
699 792 776 862 τῷ
804 794 1014 867 Κτίστῃ
1045 793 1172 848 λαὸν
1204 791 1581 863 ἀφορίζεσθαι,
1617 791 1811 861 μέχρις
1843 786 1944 840 αὐ-

371 882 467 935 τοῦ
509 884 830 954 παρουσίας,
864 881 935 958 ἧς
970 885 1180 957 ἀνάγκη
1220 884 1358 955 πρὸς
1393 880 1787 951 ἀνακαινισμδν
1818 879 1945 944 δεη-

373 976 534 1046 θῆναι
556 976 650 1030 τὸν
674 977 979 1047 ἄνθρωπον.
1014 977 1077 1030 Ἥ
1103 975 1372 1047 περιτομὴ
1397 974 1718 1042 περίττωμα
1743 967 1944 1039 σαρκὸς

368 1068 688 1127 ἀπιιὸἀλλει,
721 1069 818 1122 καὶ
846 1068 1027 1123 δίδωσι
1057 1067 1332 1139 σφραγίδα
1360 1064 1612 1134 ὀγδοάδος
1636 1063 1736 1133 τῆς
1765 1062 1845 1124 εἰς
1874 1058 1944 1113 τά

374 1157 658 1227 μέλλοντα.
690 1159 754 1212 Ἠ
784 1160 1055 1230 περιτομὴ
1083 1158 1260 1230 δηλοῖ.
1292 1158 1373 1211 ὅτι
1405 1152 1644 1228 Χριστοῦ
1672 1149 1944 1224 παρουσία

364 1248 574 1319 ταύτην
597 1250 923 1314 ἀπωθεῖται,
953 1251 1048 1303 καὶ
1062 1248 1161 1320 τὴν
1185 1248 1275 1302 διὰ
1301 1246 1617 1316 Πνεύματος
1644 1243 1944 1313 ἀναγέννη-

368 1355 456 1392 σιν
483 1338 665 1393 δώσει.
692 1338 1226 1410 Διέἱδωλολατρείαν
1253 1339 1287 1409 ή
1315 1340 1414 1408 τῆς
1443 1334 1746 1408 περιτομῆς
1771 1350 1943 1402 σφρα-

363 1430 460 1496 γὶς
492 1429 630 1498 πρὸς
662 1427 942 1498 διορισμὸν
970 1427 1103 1481 λαοῦ
1138 1427 1283 1480 θείου
1318 1427 1550 1490 δίδοται,
1574 1425 1671 1479 καὶ
1701 1424 1767 1477 δι’
1788 1424 1944 1478 εἰδω-

362 1520 631 1591 λομανίας
657 1520 954 1575 κατάλυσιν
977 1520 1140 1574 πάλιν
1166 1520 1462 1574 πέπαυται.
1488 1518 1571 1572 Τὰ
1599 1516 1803 1573 παλαιά
1830 1519 1941 1581 τοῖς

363 1611 511 1673 νέοις
553 1610 844 1681 σύμϐολον.
871 1611 1096 1679 Ὄγδοος
1138 1611 1247 1682 γὰρ
1286 1610 1395 1664 ἀπὸ
1431 1610 1601 1681 ’Δδάμ
1639 1610 1669 1663 ὁ
1706 1609 1941 1680 Χριστὸς

361 1700 681 1771 νομοθέτης.
714 1700 933 1772 Ἐπειδὴ
960 1701 1132 1771 ’Δδάμ
1162 1700 1325 1764 αὐτὸς
1352 1700 1515 1772 νόμον
1542 1700 1760 1766 ἐδέξατο
1789 1699 1941 1771 πρῶ-

2046 525 2362 581 introducta
2412 535 2496 583 est
2521 542 2648 583 cum
2710 530 2885 599 prima
2943 529 3182 584 nominis
3239 527 3612 596 impositioue,

2047 624 2238 670 octava
2276 618 2365 673 die
2409 617 2608 673 infanti
2659 618 2884 674 indicta.
2947 618 3060 675 Nec
3115 620 3415 674 immerito.
3477 614 3613 671 Nam

2045 708 2173 776 quia
2206 707 2452 763 futurum
2500 718 2619 765 erat
2652 716 2713 763 ut
2745 724 2775 763 a
2806 710 3153 781 temporibus
3202 707 3400 762 Therae
3431 707 3613 777 patris

2043 798 2299 865 Abrahae,
2327 815 2502 869 genus
2554 801 2853 856 humanum
2909 801 3074 856 idolis
3108 800 3609 861 contaminaretur,

2042 888 2229 944 debuit
2295 891 2364 945 ab
2431 891 2552 960 ipso
2623 892 2895 946 Abraham
2978 891 3093 961 (90)
3157 891 3392 960 populus
3449 888 3615 943 Crea-

2040 980 2149 1038 tori
2188 983 2479 1053 peculiaris
2508 998 2606 1053 per
2626 983 2894 1054 ejusmodi
2926 983 3266 1054 signaculum
3321 982 3386 1036 ad
3435 997 3613 1051 usque

2041 1073 2165 1141 ejus
2190 1074 2503 1139 adventum,
2557 1089 2719 1145 quem
2755 1074 2918 1129 homo
2950 1073 3329 1130 necessarium
3386 1073 3612 1127 haberet

2041 1162 2110 1218 ad
2141 1163 2225 1218 sui
2261 1163 2742 1228 instaurationem,
2799 1163 3036 1219 secerni.
3094 1162 3456 1217 Circumcisio
3482 1177 3610 1216 car-

2041 1253 2129 1308 nis
2157 1253 2491 1324 superﬂuum
2537 1262 2788 1325 amputat
2830 1269 2895 1309 ac
2949 1253 3144 1308 futura:
3205 1252 3260 1307 in
3322 1261 3606 1322 posterum

2041 1349 2248 1398 octavae
2270 1343 2611 1414 signaculum
2642 1344 2862 1399 tribuit.
2914 1343 3283 1400 Circumcisio
3309 1342 3513 1399 Christi
3546 1357 3607 1398 sc

2041 1431 2281 1489 adventu
2342 1434 2798 1498 submovendam,
2853 1436 3449 1506 regenerationemque
3506 1449 3608 1504 per

2040 1519 2308 1591 Spiritum
2333 1524 2739 1581 concedendam
2770 1525 3034 1581 ostendit.
3098 1526 3266 1579 Datur
3300 1524 3607 1578 Circumcic

2041 1616 2215 1672 sionis
2265 1616 2615 1686 signaculum
2640 1625 2863 1688 propter
2894 1617 3267 1673 idololatriam
3293 1617 3357 1671 ad
3393 1616 3607 1672 disere-

2040 1707 2243 1762 tionem
2298 1707 2486 1777 populi
2536 1706 2652 1774 Dei,
2697 1722 3033 1777 rursumque
3092 1707 3158 1761 ad
3185 1708 3457 1773 idolorum
3508 1706 3606 1762 de-

358 1769 455 1852 τος
479 1807 493 1822 ·
533 1793 628 1844 καὶ
664 1790 788 1844 Νῶε
829 1769 1124 1862 δεύτερος)
1159 1792 1255 1849 καὶ
1281 1769 1535 1862 Ἀδραάμ
1571 1792 1755 1862 τρίτος
1786 1806 1801 1822 ·
1838 1769 1918 1844 ita

2037 1769 2387 1853 struendum.
2423 1769 2680 1852 insanum
2754 1769 2986 1862 cultum,
3060 1769 3251 1851 eadem
3333 1795 3602 1849 aboletur.

358 1883 604 1950 Μωῦσῆς
628 1883 885 1954 τέταρτος
903 1899 918 1914 ο
943 1884 1039 1937 καὶ
1060 1883 1227 1937 Δαόὶδ
1242 1885 1323 1948 εἰς
1346 1883 1450 1948 τὰς
1470 1883 1600 1956 περὶ
1620 1886 1639 1906 ⁴
1658 1882 1935 1938 Βασιλέων

357 1977 453 2028 καὶ
481 1976 878 2046 Σκηνοπηγίων
929 1968 1275 2044 δοξολογίας,
1320 1975 1572 2042 πέμπτος
1612 1960 1931 2046 νομοθέτης.

356 2067 470 2120 Καὶ
492 2066 725 2138 Ἔσδρας
757 2067 896 2137 μετά
923 2066 1021 2138 τὴν
1046 2067 1430 2138 αἰχμαλωσίαν
1450 2068 1552 2137 τὴν
1578 2068 1644 2121 ἐκ
1672 2066 1933 2122 Βαὸυλῶ-

354 2173 473 2222 νος,
504 2157 844 2230 δευτερωτὴς
874 2157 969 2213 τοῦ
1003 2158 1169 2229 νόμου
1202 2158 1298 2212 καὶ
1330 2158 1470 2212 ἐθῶν
1498 2176 1660 2213 τινων
1688 2159 1933 2229 παραδό-

353 2267 457 2320 της
481 2291 498 2312 ,
558 2248 716 2313 ἕκτος
779 2250 1146 2318 ἀναφαίνεται
1173 2251 1431 2320 Ἰωάννης
1489 2251 1520 2304 6
1580 2250 1887 2322 Βαπτιστὴς
1910 2289 1926 2317 υ

352 2342 649 2413 κηρύσσων
704 2344 986 2414 βάπτισμα
1034 2343 1321 2414 μετανοίας
1360 2343 1438 2414 τῷ
1477 2343 1730 2414 λαῷ,καὶ
1777 2342 1928 2396 ὕδατι

350 2432 654 2503 καθαίρων,
685 2431 913 2503 ἕϐδομος
945 2432 1264 2502 νομοθέτης.
1294 2432 1502 2505 Ἰησοῦς
1534 2433 1797 2504 Χριστὸς,
1831 2431 1928 2501 ὃγ-

348 2522 495 2585 δοος.
545 2523 678 2593 Περὶ
723 2517 785 2576 οὗ
838 2523 1078 2592 μεγάλου
1122 2522 1416 2593 νομοθέτου
1464 2524 1706 2593 Μωῢσῆς
1753 2523 1921 2591 λέγει-

356 2636 377 2669 (
420 2616 717 2686 Προφήτην
748 2615 878 2685 ύμῖν
909 2615 1203 2683 ἀναστήσει
1241 2614 1448 2684 Κύριος
1479 2615 1509 2666 δ
1540 2614 1675 2678 Θεὸς
1712 2615 1778 2668 ὲκ
1812 2613 1925 2667 τῶν

345 2705 595 2775 ἀδελφῶν
631 2706 786 2775 ὑμῶν
819 2706 896 2768 ὡς
926 2705 1055 2777 ἐμὲ,
1092 2703 1259 2759 αὐτοῦ
1302 2705 1602 2759 ἀκούσεσθε
1625 2718 1641 2738 ο
1676 2707 1827 2759 πᾶσα
1864 2705 1922 2759 δὲ

340 2798 493 2869 ψυχὴ
544 2798 668 2868 ἥτις
734 2798 837 2853 οὐκ
877 2796 1101 2851 ἀκούσει
1145 2798 1424 2867 προφήτου
1468 2797 1698 2859 ἐκείνου,
1743 2796 1922 2861 ἐξολο-

342 2889 725 2959 θρευθήσεται.
772 2907 793 2940 ι
833 2887 1067 2950 Δυνατὺς
1110 2886 1270 2957 μόνος
1306 2886 1404 2953 ὢν,
1449 2887 1543 2941 καὶ
1583 2888 1653 2942 τὰ
1692 2882 1761 2941 δι’
1788 2886 1918 2958 ἐμοῦ

340 2978 776 3050 νομοθετηθέντα
808 2979 939 3049 παρ’
959 2976 1122 3032 αὑτοῦ
1153 2978 1415 3050 πληροῦν.
1445 2978 1642 3043 πολλοῦ
1671 2979 1918 3049 πνεύμα-

2034 1886 2233 1944 Vetera
2278 1886 2440 1943 novis
2490 1888 2741 1959 symbolo
2804 1894 2956 1944 sunt.
3027 1885 3243 1957 Quippe
3267 1894 3499 1941 octavus
3532 1883 3604 1940 ab

2030 1977 2241 2033 Adamo
2271 1974 2527 2034 Christus
2553 1977 2827 2048 legislator
2876 1978 3074 2051 surgit.
3102 1975 3235 2031 Nam
3267 1975 3439 2030 Adam
3484 1974 3603 2046 ipso

2032 2069 2247 2139 primus
2305 2069 2475 2140 legem
2524 2070 2741 2139 accepit
2792 2087 2808 2126 :
2862 2076 2979 2122 tum
3036 2068 3150 2123 Noe
3234 2066 3513 2121 secundus
3581 2080 3598 2119 :

2030 2159 2228 2216 tertius
2256 2173 2387 2215 vero
2425 2158 2697 2213 Abraham
2732 2178 2745 2214 :
2779 2174 2844 2213 ac
2897 2158 3108 2231 Moyses
3140 2167 3394 2229 quartus.
3425 2155 3602 2224 Quin-

2028 2257 2119 2308 tus
2146 2251 2430 2323 legislator
2480 2250 2672 2316 David,
2732 2251 2882 2320 quod
2912 2257 3124 2322 spectat
3182 2249 3253 2305 ad
3304 2249 3518 2323 Regum
3543 2258 3599 2304 et

2029 2342 2493 2414 Scenopegiarum
2559 2341 2902 2401 laudationes
2976 2341 3117 2414 (9|).
3171 2341 3398 2406 Esdras,
3472 2349 3598 2411 post

2024 2431 2418 2502 Bahylonicam
2456 2431 2853 2502 captivitatem,
2903 2429 3144 2486 secundo
3173 2429 3372 2484 ordine
3418 2429 3594 2499 legem

2024 2538 2313 2591 moresque
2341 2523 2639 2580 nonnullos
2663 2522 2907 2593 tradens,
2934 2530 3119 2582 sextus
3146 2521 3313 2581 venit.
3358 2517 3597 2581 Joannes

2023 2611 2270 2682 Baptista
2319 2613 2630 2681 praedicans
2681 2615 2884 2686 populo
2960 2615 3295 2685 baptismum
3326 2615 3596 2684 poeniten-

2023 2701 2133 2765 tiae,
2167 2711 2221 2756 et
2251 2716 2394 2771 aqua
2425 2704 2723 2769 mundana,
2754 2706 3027 2775 septimus
3073 2706 3254 2776 palam
3310 2706 3595 2776 legislator

2020 2795 2349 2851 ostenditur.
2361 2795 2523 2854 Jesus
2535 2797 2790 2854 Christus
2813 2805 3063 2853 octavus.
3082 2797 3155 2853 De
3171 2813 3280 2867 quo
3298 2812 3495 2868 magno
3516 2798 3595 2852 le-

2018 2887 2278 2957 gislatore
2322 2890 2432 2960 (92)
2467 2889 2546 2944 ait
2590 2889 2805 2962 Moyses
2835 2909 2849 2946 ι
2880 2909 2900 2942 ι
2927 2888 3256 2960 Prophetam
3304 2888 3594 2944 suscitabit

2022 2980 2181 3036 vobis
2220 2979 2486 3038 Dominus
2517 2980 2663 3037 Deus
2686 2982 2754 3038 de
2789 2980 3055 3038 fratribus
3089 2983 3288 3037 vestris
3310 2984 3455 3037 sicut
3472 2996 3591 3047 me;

334 3087 436 3132 τος
469 3068 841 3139 πλησθήσεται
871 3069 1144 3140 χρισθεὶς,
1175 3071 1270 3130 καὶ
1298 3069 1649 3139 νομοθετήσει
1680 3063 1770 3122 οἷα
1802 3067 1917 3122 Κύ-

2024 3067 2202 3138 ipsum
2253 3070 2512 3127 audietis.
2556 3070 2751 3127 Omnis
2799 3082 2982 3128 autem
3034 3073 3221 3128 anima
3280 3089 3402 3144 qua:
3477 3088 3589 3129 non

340 3178 462 3232 ριος
499 3161 592 3215 καὶ
627 3161 998 3232 Δημιουργδς,
1037 3163 1087 3218 εί
1125 3163 1221 3216 καὶ
1260 3162 1319 3229 ὲξ
1358 3160 1534 3232 ὑμῶν,
1574 3160 1696 3216 θεῖά
1729 3176 1789 3214 τε
1828 3160 1920 3215 καὶ

415 3284 440 3311 ³
475 3275 628 3328 Deut.
648 3289 803 3340 xvm,
839 3254 1023 3333 15.19.

2022 3161 2259 3217 audierit
2290 3162 2610 3233 prophetam
2643 3162 2819 3232 illum,
2839 3165 3295 3220 exterminabitur
3325 3174 3404 3220 ι.»
3427 3165 3475 3220 Is
3494 3181 3613 3246 so-I

410 3389 476 3462 (‘)
544 3391 706 3448 Refer
739 3389 808 3446 ad
870 3388 1016 3448 Psal.
1046 3402 1159 3459 Liv,
1188 3389 1242 3453 1,
1260 3383 1624 3444 etalearal.
1652 3400 1837 3463 xr|;et
1868 3393 1914 3446 ll
1951 3392 2134 3449 Paral.
2169 3410 2266 3461 vn,
2295 3394 2359 3462 6;
2392 3402 2444 3452 et
2464 3412 2582 3465 rm,
2621 3399 2707 3454 N.

1630 3508 2018 3566 COMBEFISII
2050 3510 2285 3569 ΝΟΤλΕ.

408 3630 522 3701 (90)
560 3629 745 3684 Debuit
770 3630 834 3684 ab
864 3631 977 3694 ipso
1000 3631 1288 3696 Abraham,
1324 3639 1434 3687 etc.
1472 3630 1623 3685 lianc
1651 3644 1752 3696 ego
1777 3639 1901 3695 post

331 3700 624 3770 Clirysost.
651 3701 800 3754 hom.
818 3700 902 3770 κιο
930 3702 984 3755 in
1006 3701 1131 3757 Gen.
1154 3703 1389 3770 aliisque
1422 3703 1580 3765 locis,
1609 3702 1900 3770 maximam

329 3785 402 3852 ac
428 3769 685 3852 primam,
719 3784 783 3851 ac
807 3769 920 3852 fere
948 3771 1190 3852 unicam,
1215 3769 1482 3852 rationem
1521 3770 1761 3823 arbitror
1783 3769 1902 3824 latas

330 3838 474 3907 legis
494 3838 985 3904 Circumcisionis;
1018 3839 1155 3893 adeo
1186 3849 1243 3892 ut
1268 3855 1331 3894 ea
1365 3840 1417 3893 in
1442 3841 1657 3893 deserto
1679 3853 1903 3894 cessan-

331 3918 410 3971 te,
435 3923 503 3978 ac
553 3908 643 3978 Dei
678 3909 883 3978 popqu
915 3909 1029 3977 ipsa
1060 3908 1261 3963 deserti
1293 3924 1446 3978 mora
1478 3925 1507 3962 a
1550 3907 1775 3978 reliquis
1807 3923 1904 3976 po-

325 3977 478 4046 pulis
501 3977 919 4046 satisdiscreto,
939 3979 1088 4046 nulla
1123 3979 1280 4046 culpa
1312 3977 1708 4039 lsraelitarum,
1737 3977 1909 4032 inter-

330 4045 505 4116 inissa
532 4047 607 4116 sit
628 4045 697 4100 40
725 4046 906 4101 annis.
947 4045 1103 4112 Quod
1133 4045 1278 4100 enim
1310 4048 1583 4101 incertum
1606 4055 1752 4100 esset
1779 4061 1908 4116 pro-

330 4114 599 4169 fectionis
622 4124 859 4184 tempus,
882 4116 1030 4170 haud
1060 4118 1200 4171 satis
1221 4124 1588 4181 excusasset,
1621 4129 1750 4169 cum
1783 4114 1908 4184 pos-

327 4194 454 4240 sent
485 4183 804 4241 circumcisi
835 4186 1012 4254 pueri,
1070 4186 1446 4254 molliuscule,
1473 4200 1540 4239 ac
1590 4185 1746 4254 nullo
1785 4183 1907 4241 fere

324 4253 572 4323 graviori
629 4252 902 4320 periculo,
956 4255 1011 4308 in
1045 4255 1312 4324 plaustris
1356 4253 1584 4311 deferri.
1618 4252 1731 4308 Nec
1760 4253 1905 4324 enim

327 4331 488 4393 tanta
515 4324 698 4377 omnis
737 4324 952 4391 generis
982 4323 1278 4393 hominum
1310 4339 1683 4393 pecorumque
1714 4323 1906 4378 multi-

327 4392 465 4445 tudo
497 4399 607 4462 tam
646 4393 955 4447 maturabat
976 4392 1282 4462 iter;quam
1301 4394 1470 4449 Jacob
1495 4392 1904 4462 excusationem

325 4460 645 4529 praetendit,
667 4470 728 4514 ut
759 4478 823 4516 ne
856 4463 1011 4516 fratri
1038 4460 1178 4517 Esau
1207 4477 1393 4518 comes
1420 4464 1734 4518 accederet.
1767 4460 1903 4517 Gen.

324 4528 534 4600 sxxii].
563 4528 715 4600 Unde
739 4544 966 4587 sanctus
994 4531 1207 4595 doctor,
1244 4547 1305 4586 ιιι
1339 4548 1394 4600 p.
1429 4549 1485 4600 q.
1516 4532 1603 4596 70,
1631 4547 1685 4586 c.
1716 4532 1770 4596 4,
1796 4546 1905 4586 non

322 4599 568 4667 quiescit
618 4599 674 4653 in
723 4600 811 4654 illa
847 4603 1084 4669 ratione,
1116 4604 1263 4655 velut
1313 4599 1540 4669 oxuuiuo
1589 4601 1905 4666 sufficienti,

323 4670 423 4723 sed
456 4669 596 4721 hanc
635 4672 822 4723 statim
868 4686 967 4725 ceu
1003 4685 1068 4723 ex
1098 4671 1349 4726 Damasc.
1377 4672 1473 4726 lib.
1507 4686 1561 4724 ιν
1609 4670 1767 4725 Fidei
1805 4671 1907 4725 ad-

318 4738 544 4808 iungit.
588 4737 663 4790 Ita
698 4753 833 4807 ergo
862 4740 1153 4808 Chrysost.
1208 4740 1354 4794 hom.
1397 4740 1489 4794 illa
1527 4739 1599 4808 40
1633 4740 1689 4794 in
1725 4739 1852 4808 Gen.
1885 4754 1905 4792 :

322 4753 530 4859 ,llnglt.
588 4753 663 4790 Ita
698 4753 833 4807 ergo
862 4753 1153 4808 Lnrysost.
1209 4753 1354 4794 hom.
1397 4753 1489 4794 Illa
1527 4753 1599 4793 40
1633 4756 1689 4794 ιη
1725 4753 1852 4793 ben.
1885 4754 1905 4792 :

322 4807 434 4880 Ούδ
465 4825 493 4858 ν
524 4806 710 4880 ἕτερον
748 4808 943 4880 ὲκ-τῆς
973 4809 1279 4880 περιτομῆς
1311 4808 1502 4878 ὄφελος
1522 4804 1615 4880 ἦν,
1662 4809 1696 4880 ἢ
1747 4807 1908 4880 τοῦτο

324 4877 513 4946 μόνον,
546 4877 610 4928 τὸ
639 4877 726 4946 διὰ
756 4876 852 4928 τοῦ
888 4880 1117 4944 σημείου
1140 4876 1330 4931 τούτου
1357 4876 1908 4946 γνωρίμους”αύτοὺς

320 4941 488 5017 εῖναι,
527 4946 624 4997 καὶ
644 4945 753 5017 τῷν
783 4941 988 5017 λοιπῶν
1010 4941 1558 5017 ὲθνῶνκεχωρίσθαιξ
1585 4946 1719 5013 Quae
1748 4946 1901 5017 plura

322 5015 399 5067 ibi
436 5014 823 5099 prosequitur.
864 5015 1143 5099 Videuelus
1172 5014 1377 5099 suis";
1427 5018 1489 5099 in_
1513 5014 1766 5099 Syuopsi.
1798 5014 1904 5099 ριιί

320 5098 457 5154 vero
488 5084 814 5154 ιισὺθιειαιι
834 5096 1115 5151 peccatum
1147 5086 1436 5154 originale.
1477 5084 1615 5140 bene
1662 5084 1804 5140 idem
1839 5085 1898 5138 Ι).

320 5153 428 5225 T_h.
460 5164 656 5221 ιιιιτεει.
686 5153 895 5225 illam,
926 5156 1097 5209 solum
1123 5224 1129 5225 ί
1152 5153 1290 5225 signi
1332 5158 1595 5225 rationem
1630 5156 1902 5225 tribuens,

320 5221 964 5301 ejusqueremissionem
989 5221 1274 5301 ascribeiis
1306 5224 1408 5279 soli
1441 5224 1586 5288 fidei,
1618 5223 1903 5301 cujusilla

322 5292 673 5360 signaculum
705 5303 853 5346 esset
885 5310 898 5345 :
934 5302 995 5346 ut
1047 5293 1112 5347 ad
1143 5309 1418 5348 summum
1456 5302 1604 5349 esset
1637 5293 1901 5357 conditio,

320 5362 444 5435 sine
465 5376 583 5435 qua
604 5360 749 5415 Deus
784 5362 841 5415 in
875 5360 1079 5435 familia
1106 5363 1358 5435 Abrahae,
1389 5371 1442 5435 et
1474 5363 1756 5435 Israelitis,
1780 5378 1905 5427 par-

325 5431 473 5484 vulis
492 5430 591 5499 qud
614 5439 833 5497 possent
859 5432 1198 5497 circumcidi,
1226 5430 1332 5486 nisi
1354 5433 1899 5495 circumcidereutur,

323 5512 409 5551 ac~
430 5500 512 5552 sic
569 5498 730 5572 fidem
782 5499 1170 5570 profiterentur
1200 5503 1357 5572 cujus
1414 5503 1506 5555 illa
1556 5502 1899 5572 signaculum

320 5575 497 5638 esset,
527 5567 671 5637 orig.
712 5567 995 5637 peccatum
1046 5587 1151 5624 non
1187 5567 1483 5625 remitterel
1513 5590 1528 5638 ;
1558 5567 1902 5625 sai-ramento

322 5637 705 5709 legisuatnra:
729 5639 841 5705 jam
877 5639 981 5692 illis
1012 5640 1213 5700 inutili,
1258 5642 1403 5695 velut
1440 5637 1521 5694 iui
1569 5655 1783 5709 poenam
1819 5641 1902 5693 iu-

324 5706 652 5761 obedicnlize
683 5710 1277 5778 paruntum,quomodo
1317 5706 1586 5766 sententia
1607 5709 1900 5780 Augustini

2006 3640 2061 3689 et
2091 3633 2285 3690 Innoc.
2341 3634 2432 3698 lll,
2462 3650 2588 3692 cum
2639 3635 2863 3692 Patrum
2913 3637 3147 3693 aliorum
3187 3637 3480 3702 sententia,
3521 3649 3581 3692 ut

2009 3717 2239 3773 magnus
2262 3713 2345 3758 est
2369 3706 2423 3759 in
2448 3706 2807 3761 conciliandis
2850 3706 3106 3762 Pati-ibus
3128 3722 3283 3762 meus
3304 3705 3546 3762 Thomas
3566 3748 3583 3773 ,

2005 3773 2289 3843 conciliari
2312 3785 2487 3842 potest
2514 3776 2736 3831 :daudo
2754 3783 2927 3831 totum
2956 3793 3019 3830 ac
3048 3776 3206 3843 nihil,
3232 3787 3583 3832 sacramento

2006 3841 2086 3895 illi
2124 3841 2178 3912 in
2203 3841 2474 3911 ejusmodi
2524 3847 2764 3912 negotio,
2816 3845 2913 3901 sed
2939 3847 3045 3900 alia
3092 3856 3146 3902 et
3193 3841 3297 3898 alia
3326 3846 3582 3900 ratione:

2048 3925 2126 3980 ua
2145 3911 2213 3964 de
2243 3927 2304 3965 re
2332 3913 2444 3967 illic
2475 3915 2816 3977 scholastici,
2842 3915 2999 3969 nobis
3041 3917 3154 3971 haec
3175 3915 3373 3980 obiter,
3416 3924 3469 3969 et
3520 3917 3586 3969 ad

2063 3979 2242 4034 udreaa
2263 3981 2502 4047 aliquam
2538 3983 2987 4038 elucidntionem.

2083 4048 2195 4118 (9|)
2227 4050 2311 4102 Ad
2358 4049 2552 4119 Regum
2618 4061 2668 4105 et
2723 4050 3166 4119 Sccuopegiarum
3223 4052 3582 4105 laudationes.

2010 4117 2362 4190 Esplicamus
2392 4117 2696 4190 interjectis
2724 4117 2907 4175 verbis
2934 4117 3246 4190 :‘Profanas
3278 4136 3582 4190 sacrasque.

2008 4184 2154 4241 Nihil
2184 4189 2330 4242 enim
2367 4188 2517 4243 aliud
2532 4184 2756 4244 videtur
2776 4191 2917 4244 velle
2942 4184 3212 4251 Andreas,
3245 4204 3408 4257 quam
3432 4184 3583 4243 com-

2008 4257 2262 4327 posuisse
2304 4257 2561 4314 Davidem
2629 4259 2918 4326 utriusque
2976 4259 3193 4327 generis
3243 4260 3483 4317 cantica.
3521 4270 3588 4312 re

2008 4326 2157 4380 velut
2191 4326 2306 4400 lege
2332 4327 2624 4400 tradidisse
2656 4326 3057 4400 frequentanda
3086 4330 3199 4400 :Ade
3222 4329 3401 4385 sacris
3425 4328 3587 4382 habe-

2009 4411 2132 4450 mus
2181 4397 2327 4450 clare
2359 4396 2404 4450 Il
2445 4396 2625 4453 Paral.
2661 4396 2767 4460 vn,
2794 4396 2867 4453 6:
2923 4397 3233 4453 Sacerdotes
3265 4407 3440 4452 autem
3471 4407 3584 4452 sta-

2010 4464 2138 4537 b_ant
2168 4466 2222 4520 in
2257 4466 2437 4537 amciis
2485 4469 2597 4523 suis
2628 4485 2647 4523 :
2680 4468 2877 4523 Levita:
2922 4469 2980 4522 in
3025 4467 3584 4537 organispcarminum

2007 4533 2224 4589 Domini
2253 4533 2371 4605 qua:
2408 4536 2532 4605 fecit
2583 4538 2756 4592 David
2789 4553 2882 4593 rea:
2927 4537 2996 4591 ad
3036 4533 3366 4591 laudandum
3394 4535 3553 4591 Domi
3566 4565 3584 4577 -

2009 4621 2135 4676 num
2161 4621 2180 4669 ,'
2206 4606 2524 4676 clariusque
2552 4622 2670 4672 \‘lll,
2697 4608 2796 4662 M:
2832 4607 2900 4661 Et
2925 4607 3201 4676 constituil
3218 4607 3380 4676 juxta
3404 4606 3584 4673 dispo-

2007 4674 2253 4746 sitionem
2284 4675 2452 4746 Daoid
2477 4678 2645 4744 patris
2675 4678 2758 4731 sui
2780 4674 3309 4746 ofﬁciasacerdotum
3343 4677 3406 4746 in,
3429 4676 3586 4728 mini-

2005 4744 2208 4816 steriis,
2231 4751 2336 4799 etc.
2375 4745 2447 4800 De
2478 4747 2756 4816 profanis,
2779 4744 2834 4802 et
2856 4745 3060 4816 quibus
3095 4747 3302 4816 regium
3326 4745 3541 4801 culmen
3566 4763 3581 4809 ;

2005 4812 2086 4885 sic
2123 4814 2243 4885 viro
2267 4812 2493 4885 sancto;
2525 4817 2608 4870 vel
2642 4817 2697 4870 in
2733 4812 2896 4870 Saule
2923 4814 3036 4885 jam
3070 4812 3326 4884 reprobo,
3358 4829 3584 4869 venera-

2006 4882 2145 4955 tioni
2193 4883 2436 4937 habitum
2464 4886 2791 4955 ;_regiaque
2835 4882 3000 4949 facta,
3044 4882 3374 4955 prosecutus
3403 4886 3503 4955 sit
3529 4890 3584 4955 et

2007 4902 2145 4935 ιιυηι
2195 4902 2480 4948 uanuum;
2533 4902 2680 4955 regia
2724 4902 2791 4940 ue
2835 4902 3000 4949 racia,
3044 4902 3374 4955 prosecutus
3429 4902 3584 4937 suet

2006 4951 2128 5006 aliis
2168 4952 2545 5022 prosequenda
2600 4902 2904 5019 tralliderit,
2937 4969 3025 5010 res
3070 4964 3155 5010 est
3194 4953 3503 5017 obscurior,
3536 4953 3584 5022 si

2005 5022 2311 5093 praesertim
2343 5021 2450 5075 alia
2485 5025 2714 5078 velimus
2749 5039 2913 5093 quam
2955 5039 3077 5093 quae
3107 5024 3156 5078 id
3186 5023 3405 5093 generis
3439 5021 3583 5093 insi-

2008 5089 2139 5163 nuat
2188 5089 2496 5163 Scriptura,
2547 5094 2604 5147 in
2646 5089 2878 5149 canticis
2913 5089 3022 5149 illis
3049 5089 3254 5163 quibus
3287 5090 3584 5147 deliuichat

2005 5157 2248 5232 furorem
2281 5157 2504 5232 Saulis;
2556 5178 2952 5232 nonnunquam
2988 5157 3126 5218 forte
3163 5163 3416 5218 maritate
3450 5175 3582 5215 voce

2003 5230 2253 5303 organis,
2276 5245 2342 5303 ac
2367 5231 2563 5303 priora
2584 5230 2766 5303 Saulis
2791 5230 2941 5302 gesta
2974 5234 3201 5298 nobilia,
3227 5242 3578 5303 personante,

2004 5305 2060 5373 _et
2091 5313 2210 5373 quae
2240 5300 2504 5373 habemus
2552 5301 2604 5373 in
2636 5300 2815 5357 libris
2844 5305 3180 5373 psalmorum
3229 5300 3483 5373 scripta,_
3512 5301 3580 5353 dc

2004 5367 2177 5439 ipsius
2203 5371 2506 5439 prresertim
2535 5370 2781 5426 victor.is
2817 5367 2976 5439 {quae
3010 5379 3215 5432 tamen.
3254 5381 3312 5425 ut
3343 5367 3580 5424 maxime

2004 5437 2058 5491 in
2092 5436 2370 5493 Christum
2419 5440 2612 5503 relata,
2675 5436 2909 5497 maxime
2940 5458 3094 5498 sacra
3148 5450 3298 5502 sunt,
3335 5450 3388 5494 et
3415 5454 3578 5495 sacro

2003 5505 2365 5588 usu_i.,__divina
2393 5509 2446 5564 in
2494 5513 2575 5564 eis
2617 5511 2857 5577 laudata,
2889 5527 2998 5582 qua
3031 5510 3432 5575 misericordia,
3471 5524 3577 5579 qua

1999 5585 2241 5645 justitia,
2269 5585 2376 5632 etc.

2074 5645 2184 5713 (92)
2228 5645 2303 5701 De
2334 5652 2435 5717 quo
2473 5665 2660 5717 magno
2685 5649 3001 5719 Iegislatore.
3028 5649 3437 5707 Formalissime
3461 5652 3569 5705 An~

2007 5714 2167 5772 d:cas
2196 5735 2209 5772 :
2245 5729 2305 5774 ut
2334 5714 2485 5774 enim
2509 5714 2790 5790 legislator
2811 5763 2826 5791 ,
2858 5732 2912 5778 et
2944 5723 2997 5777 in
3042 5723 3161 5793 ipsa
3199 5722 3564 5799 lcgislatioue.
