4032 6138
428 4938 437 4997 ἐ

460 303 567 375 923

1647 310 1708 371 S.
1748 312 2079 373 ANDBEzE
2124 313 2551 375 CRETENSIS

3625 314 3731 379 936

451 422 542 475 tus
565 431 785 491 potens,
819 433 879 480 ut
912 441 1034 497 qua:
1091 424 1258 482 etiam
1290 441 1318 479 a
1346 441 1434 482 me
1467 428 1682 483 sancita
1725 437 1878 493 sunt,
1910 446 1939 489 a
1971 445 2033 486 se

2158 431 2318 501 ιοερά.
2353 429 2465 483 Καὶ
2507 428 2616 497 γὰρ
2659 427 2997 492 σασθατίσας
3034 429 3094 484 ἐν
3128 430 3196 500 τῇ
3240 427 3412 484 αὑτοῦ
3455 430 3627 502 σαρκὶ
3666 432 3738 486 τὰ

453 509 573 580 ipse
620 513 868 584 impleat.
936 518 1112 572 Multo
1133 519 1333 587 spiritu
1386 521 1455 575 ab
1481 520 1745 579 unctione
1792 521 2033 591 implen-

452 601 558 657 d'us
587 614 706 668 cst;
739 619 805 661 ac
852 615 1112 678 tanquam
1162 608 1430 666 Dominus
1462 619 1516 666 et
1569 609 1823 676 Greater,
1853 627 2032 682 quan-

451 708 619 761 quam
676 705 760 750 est
834 713 901 753 ex
932 707 1097 769 gente
1155 708 1361 764 vestra,
1413 702 1599 756 divina
1648 712 1704 759 ct
1760 703 2033 773 spiritalia

455 786 905 854 praescripturus.
939 789 1152 847 Etenim
1193 792 1285 848 ubi
1329 809 1452 862 quae
1481 801 1613 848 sunt
1652 795 1790 866 legis
1818 796 1876 850 in
1908 810 2033 850 car-

453 888 524 926 ne
552 874 676 941 ejus
703 876 1181 935 saltbatizaverint
1206 880 1526 955 fuerintque
1553 894 1846 948 evacuate,
1883 894 2035 942 octa—

2130 521 2226 576 τοῦ
2251 521 2441 592 νόμου,
2464 524 2530 593 τῇ
2557 520 2790 593 ὀγδοάτῃ
2817 520 3175 592 ἀναστασίμῳ
3199 522 3408 594 ἡμέρᾳ,
3432 519 3737 592 νομοθετης

2131 614 2258 669 ὅλου
2295 613 2392 668 τοῦ
2434 614 2687 686 κόσμου,
2707 608 2798 667 οἷα
2835 614 2991 679 Θεὸς,
3027 613 3124 668 καὶ
3163 614 3225 667 οὐ
3274 614 3435 684 μόνον
3461 614 3760 681 Ἰουδαίων,

2133 706 2272 760 ἀλλά
2297 706 2396 758 καὶ
2419 705 2611 772 ὲθνῶν,
2637 707 2955 778 γενήσεται,
2988 705 3160 777 χρίων
3182 707 3281 760 καὶ
3303 705 3534 759 τελειῶν
3558 706 3738 760 ἀπαν-

2134 812 2235 859 τας
2264 797 2323 849 ἐν
2351 794 2634 866 Πνεύματι
2666 795 2831 868 ἁγίῳ,
2860 798 2959 850 καὶ
2984 796 3175 866 οἰκείῳ
3202 796 3435 866 ὀνόματι
3467 796 3734 867 χριστοὺς

2144 886 2460 942 ἀποκαλῶν.
2501 887 2615 943 Καὶ
2659 889 2952 960 περιτεμεῖ
2993 886 3233 958 σαρκικὰ
3275 888 3601 958 φρονήματα
3644 889 3743 941 καὶ

453 979 522 1018 va
578 970 1008 1027 resurrectionis
1064 973 1175 1038 die,
1210 977 1403 1032 mundi
1437 980 1633 1043 totius,
1665 988 1727 1034 ut
1749 983 1842 1052 qui
1884 979 2036 1035 Deus

2158 979 2370 1049 ἐμπαθῆ
2386 1020 2401 1045 ,
2428 980 2525 1033 καὶ
2550 980 3123 1051 προσαναζωπυρήσει
3151 980 3239 1033 ἔπ’
3255 978 3445 1052 ἔργοις
3471 980 3707 1048 ἀγαθοῖς
3723 1020 3739 1046 ,

455 1058 549 1122 sit,
584 1074 649 1111 ac
679 1076 786 1116 non
839 1063 1155 1122 Iuda-orum
1183 1077 1395 1127 tantum
1435 1070 1531 1126 sed
1568 1081 1622 1128 et
1649 1073 1914 1144 gentium,
1946 1072 2036 1127 fu-

2158 1074 2239 1126 tui
2271 1071 2505 1143 πράξεσι
2536 1071 2814 1144 βασιλείας
2842 1071 3122 1143 οὐρανῶνο
3150 1071 3227 1136 ὡς
3256 1072 3479 1143 ἀληθῶς
3509 1091 3529 1125 ι
3569 1075 3742 1143 μεγά-

456 1156 618 1207 turus
658 1151 942 1223 legislator
974 1167 1082 1225 est,
1145 1162 1239 1232 qui
1273 1177 1471 1220 omnes
1523 1174 1694 1234 ungat
1742 1166 2039 1236 initietque

2158 1172 2242 1237 ’.ης
2259 1164 2455 1235 βουλῆς
2493 1167 2594 1234 τῆς
2622 1163 2718 1217 τοῦ
2748 1163 2965 1234 Πατρὸς
2994 1162 3290 1231 Ἄγγελος,
3325 1162 3461 1226 Θεὸς
3495 1163 3740 1233 ἰσχυρὸς,

461 1240 672 1310 Spiritu
731 1256 951 1313 sancto,
976 1265 1153 1322 exque
1181 1255 1405 1324 proprio
1449 1259 1673 1311 nomine
1706 1267 1908 1312 unctos
1937 1257 2037 1312 de-

2158 1254 2527 1327 ὲξουσιαστὴς,
2571 1255 2756 1327 ἄρχων
2796 1252 3270 1325 είρήνηςίΠατὴρ
3308 1252 3406 1307 τοῦ
3451 1252 3745 1323 μέλλοντος

463 1336 735 1392 nominet.
807 1337 1072 1399 Carnales
1124 1345 1255 1399 item
1311 1361 1377 1401 ac
1431 1348 1664 1405 vitiosas
1725 1349 2045 1407 affectiones
2148 1347 2367 1410 αἰῶνος·
2402 1364 2421 1398 ι

463 1428 901 1488 eircumcisurus
952 1443 1061 1499 est,
1092 1451 1156 1492 ac
1213 1440 1364 1494 velut
1393 1449 1748 1498 recreaturus
1791 1443 1861 1500 ad
1890 1444 2037 1501 bona
2076 1457 2271 1514 opera,
2314 1447 2369 1495 et
2439 1440 2702 1495 actiones
2749 1438 2905 1509 regni
2973 1434 3560 1506 cmlorum,tanquam
3616 1446 3747 1491 vere

470 1535 491 1568 ι
518 1522 695 1591 magni
720 1525 940 1579 consilii
996 1526 1181 1585 Patris
1251 1533 1504 1604 angelus,
1540 1532 1682 1592 Deus
1718 1537 1902 1601 fortis,
1926 1548 2149 1609 potens,
2184 1534 2443 1605 princeps
2498 1532 2675 1602 pacis,
2714 1539 2874 1601 pater
2896 1528 3075 1584 futuri
3109 1524 3296 1582 saeculi
3329 1538 3380 1582 ι.

482 1608 492 1627 ⁸
539 1609 617 1664 Ac
648 1611 692 1668 si
723 1613 837 1669 haec
865 1616 1004 1673 bene
1063 1620 1288 1685 habent.
1316 1623 1428 1681 diei
1461 1624 1605 1683 festo
1662 1608 2034 1699 gratulemur,

2211 1628 2324 1680 Καὶ
2366 1627 2416 1679 εί
2456 1622 2632 1678 ταῦτα
2672 1622 2786 1693 ἔχει
2830 1620 3043 1686 καλῶς,
3083 1618 3275 1682 δεῦτε,
3317 1619 3385 1689 τῇ
3433 1615 3748 1688 πανηγύρει

468 1703 848 1776 maioremque
896 1710 1019 1780 ejus
1073 1713 1277 1771 laetitia
1310 1718 1623 1775 claritatem
1664 1724 2041 1793 ostendamus,

467 1794 875 1854 solemnitatem
903 1802 1238 1861 solemnitati
1266 1808 1638 1877 conferentes,
1689 1828 1754 1869 ac
1810 1815 1903 1870 Dei
1935 1833 2049 1873 ma-

472 1883 800 1976 uiiestantes
840 1906 1111 1950 servum:
1165 1900 1412 1968 quando,
1480 1910 1541 1957 ut
1596 1905 1673 1959 ait
1734 1905 2046 1976 Scriptura,

479 1992 499 2027 ι
534 1974 822 2034 Iustorum
866 1984 1064 2041 animai
1103 1987 1158 2043 in
1195 2005 1360 2045 manu
1401 1990 1532 2049 Dei:
1592 2013 1611 2047 ι
1649 1974 2047 2067 quippeetiam

474 2076 605 2162 sunt
629 2068 721 2126 Dei
743 2086 955 2131 omnes.
977 2075 1085 2132 Alii
1117 2080 1481 2139 nihilominus
1510 2087 1635 2143 aliis
1662 2097 1794 2145 sunt
1822 2091 2050 2162 propino

473 2158 723 2229 quiores,
770 2164 917 2233 quod
969 2167 1213 2225 divinam
1263 2172 1586 2245 imaginem,
1623 2158 2053 2249 ntajoriisimili-

478 2251 711 2319 tudine,
758 2269 1027 2327 quantum
1066 2270 1154 2318 est
1188 2272 1460 2321 creaturas
1505 2283 1859 2335 concessum,
1917 2290 2052 2344 pure

2152 1715 2677 1789 προσχαριούμεθα.
2707 1715 2804 1769 καὶ
2839 1715 3026 1786 μεῖζον
3058 1712 3233 1782 αὐτῆς
3264 1710 3326 1764 τὸ
3359 1709 3591 1781 φαιδρὸν
3622 1711 3749 1763 ἑπι-

2150 1809 2438 1876 δείξωμεν,
2479 1807 2792 1879 πανήγυριν
2829 1808 2897 1877 τῇ
2944 1804 3255 1875 πανηγύρει
3300 1802 3746 1872 προσάπτοντες,

2152 1903 2251 1958 καὶ
2282 1899 2420 1955 Θεοῦ
2457 1898 2549 1954 τδν
2574 1898 2765 1953 δοῦλον
2796 1896 3205 1969 γνωρίζοντες’
3237 1897 3420 1965 είπερ,
3448 1893 3525 1957 ὡς
3558 1893 3624 1946 τὸ
3639 1891 3749 1945 Δό-

2153 1993 2272 2064 γιὸν
2298 2010 2485 2065 φησι,ι
2521 1991 2711 2064 Ψυχαὶ
2736 1989 2962 2046 δικαίων
2986 1991 3045 2043 ὲν
3068 1987 3214 2060 χειρὶ
3237 1986 3377 2041 Θεοῦ
3402 2003 3417 2018 ·
3451 2004 3473 2038 ι
3500 1986 3628 2039 ἐπεὶ
3653 1983 3751 2038 καὶ

2154 2082 2292 2137 Θεοῦ
2324 2082 2547 2145 πάντες.
2574 2082 2688 2136 Καὶ
2716 2084 2766 2135 oi
2803 2080 2926 2152 μὲν,
2956 2080 3067 2133 τῶν
3092 2079 3272 2134 ἀλλων
3300 2076 3593 2148 ὲγγύτεροι
3612 2117 3627 2141 ,
3660 2076 3755 2134 διὰ

2155 2172 2219 2228 τὸ
2253 2173 2515 2245 καθαρῶς
2543 2176 2610 2244 τῇ
2648 2171 2771 2244 θείᾳ
2802 2171 3140 2243 ὁμοιωθῆναι
3179 2170 3388 2237 eludat,
3422 2169 3487 2223 τδ
3522 2169 3754 2223 δυνατὸν

2155 2264 2297 2335 ἔχον.
2319 2265 2417 2328 Τίς
2449 2263 2544 2318 οῦν
2574 2265 2604 2318 ὁ
2634 2262 3096 2335 εὐφημούμενος;
3131 2259 3417 2324 Βασίλειός
3470 2261 3645 2313 ἐστιν.
3686 2259 3751 2313 Ἦ

1946 2369 2055 2424 ηεξ.
2155 2359 2266 2412 τῶν
2305 2356 2516 2429 ἀρετῶν
2554 2357 2750 2429 βάσιςο
2790 2356 2855 2411 τὸ
2899 2356 3012 2410 τῶν
3056 2354 3449 2410 Καππαδοκῶν
3488 2352 3751 2426 ἔρεισμα,

478 2437 607 2528 lius.
642 2437 796 2496 Basis
834 2441 927 2497 illa
972 2453 1027 2500 et
1073 2448 1435 2505 sedimentum
1457 2454 1727 2510 virtutum
1775 2456 1913 2528 (95),
1947 2460 2055 2514 ful-

477 2527 775 2585 cimentum
833 2534 1243 2605 Cappadocum,
1299 2544 1562 2614 orbisque
1615 2527 1877 2605 universi
1929 2552 2055 2606 illu-

477 2616 613 2671 stris
650 2620 909 2688 gloriatio
947 2642 960 2677 :
992 2627 1088 2695 qui
1150 2628 1412 2689 Ecclesia:
1443 2635 1559 2705 (94)
1597 2635 2054 2699 decentissimum

479 2706 672 2761 docuit
717 2718 924 2765 statum
969 2724 1025 2770 et
1074 2719 1353 2786 ordinem,
1409 2741 1521 2794 quo
1547 2728 1819 2786 hactenus
1851 2745 2057 2791 nostrae

480 2796 723 2852 ﬁdelium
779 2800 1040 2860 Ecclesia:
1093 2809 1515 2871 confirmantur.
1563 2817 1893 2889 Quanquam
1927 2840 2057 2880 vero

2159 2448 2253 2502 καὶ
2296 2449 2476 2520 πάσης
2510 2450 2612 2520 τῆς
2649 2447 2981 2519 οἰκουμένης
3014 2446 3079 2501 τὸ
3117 2445 3422 2517 περιφανὲς
3459 2444 3750 2515 καύχημα.

2174 2539 2232 2595 '0
2271 2540 2570 2605 παιδεύσας
2605 2539 2936 2610 Ἑκκλησίας
2979 2538 3171 2593 στάσιν
3211 2538 3310 2590 καὶ
3346 2536 3506 2603 τάξιν
3546 2537 3752 2607 εὐπρε-

2160 2632 2464 2702 πεστάτην,
2500 2632 2568 2685 δι’
2589 2631 2649 2685 ὃν
2680 2632 2737 2685 αί
2783 2632 2948 2701 μέχρι
2986 2629 3085 2685 νῦν
3118 2629 3444 2701 Ἐκκλησίαι
3482 2628 3594 2682 τῶν
3626 2629 3752 2685 καθ’

2161 2724 2311 2794 ἡμᾶς
2354 2725 2561 2778 πιστῶν
2603 2722 2990 2795 κρατύνονται.
3031 2722 3097 2777 Εί
3141 2722 3239 2777 καὶ
3278 2721 3498 2783 πολλοῖς
3538 2720 3755 2792 ἑτέροις

2161 2804 2415 2884 νομίμοις
2464 2815 2732 2887 πρότερον
2779 2815 2877 2869 καὶ
2929 2813 3161 2886 ὕστερον
3212 2811 3755 2884 μυσταγωγούμεναι

480 2891 671 2947 multis
703 2895 831 2951 aliis
860 2896 977 2952 sive
1023 2900 1201 2969 prius,
1245 2904 1362 2960 sive
1404 2915 1531 2979 post
1576 2909 1753 2979 ipsum
1791 2916 2054 2974 canonice

2163 2905 2551 2975 γνωρίζονται,
2584 2906 2735 2977 ὅμως
2766 2905 2866 2975 τῆς
2896 2903 2993 2959 ἀπ’
3016 2902 3186 2959 αὐτοῦ
3219 2904 3642 2971 καταστάσεως,
3675 2905 3756 2969 είς

483 2981 905 3052 instituentibus
946 2991 1177 3049 edoctus
1239 2978 1496 3063 constet;
1549 2978 1915 3063 nihilominus
1969 3017 2054 3064 ta-

2161 2997 2347 3051 καινόν
2374 3015 2428 3051 τι
2463 2997 2683 3070 θαῦμα,
2720 2998 2930 3053 ἅπασαι
2962 2996 3063 3069 τὴν
3095 2997 3250 3064 τάξιν
3281 2996 3482 3067 ἐπίσης
3513 2997 3757 3067 ἐνηρμό-

482 3090 627 3143 men,
656 3094 778 3149 quas
830 3081 879 3137 is
925 3086 1328 3144 constitutione
1378 3091 1675 3162 disposuit,
1718 3113 1817 3153 ceu
1849 3115 2054 3157 novum

480 3166 613 3233 quid
667 3168 735 3223 ad
788 3170 1117 3227 miraculum
1161 3175 1436 3233 universae
1489 3194 1555 3235 ex
1587 3196 1746 3252 aequo
1777 3185 1887 3240 sibi
1923 3201 2059 3241 con-

486 3273 681 3325 gruum
713 3260 1048 3318 asciverunt.
1082 3264 1197 3321 Hoc
1230 3268 1335 3323 sibi
1376 3279 1431 3327 ct
1461 3288 1626 3341 quam
1663 3275 1932 3332 hodierna
1967 3278 2057 3336 die

480 3346 717 3404 colimus
742 3351 1114 3411 celebritatem
1151 3356 1405 3429 deposcit
1434 3381 1451 3430 ;
1487 3370 1546 3417 ιιι
1578 3366 1699 3421 viro
1726 3368 1930 3425 eximio
1964 3385 2058 3427 as-

484 3446 705 3531 sumpto
750 3443 976 3511 comite,
1015 3446 1139 3515 ejus
1188 3465 1351 3520 quem
1416 3452 1623 3512 honore
1676 3464 2056 3531 prosequitur,

482 3527 661 3584 videri
690 3534 864 3601 possit
894 3536 1105 3595 honore
1141 3540 1326 3612 digna.
1359 3545 1437 3599 Ac
1472 3563 1605 3601 vero
1631 3527 1909 3618 dicamus,
1942 3527 2055 3611 non

483 3619 530 3673 si
562 3637 668 3690 qua
702 3634 834 3680 sunt
878 3637 1093 3697 nostra,
1126 3632 1222 3687 sed
1267 3650 1389 3704 qua:
1421 3646 1836 3696 antecessorum
1871 3660 1939 3700 ac
1971 3647 2061 3701 vi-

484 3730 669 3770 rorum
706 3733 832 3772 cum
880 3722 1077 3790 primis
1129 3725 1533 3797 theologorum,
1586 3730 1895 3805 iisdemque
1937 3739 2060 3795 viro

480 3805 689 3877 inclyto
742 3811 1014 3877 moribus.
1077 3830 1313 3884 quorum
1364 3819 1539 3876 etiam
1595 3838 1904 3895 sermones,
1937 3831 2060 3901 ejus

481 3896 577 3965 qui
607 3897 864 3955 laudatur
918 3905 1115 3960 merita
1167 3918 1497 3980 exaequent:
1546 3923 1715 3985 atque
1756 3918 1848 3975 ubi
1880 3896 2059 3978 modi-

479 4004 633 4055 cum,
692 3994 959 4053 solemnis
1007 3998 1115 4054 diei
1159 4000 1389 4060 delicias
1437 4020 1693 4066 sermone
1744 4019 2056 4084 captantes,

480 4084 714 4151 gemime
739 4088 1050 4145 celebritati
1081 4096 1509 4164 expenderimus
1536 4100 1809 4171 debitum,
1840 4121 2056 4165 sermo-

482 4174 572 4232 nis
609 4192 836 4233 cursum
890 4182 1178 4249 sistamus,
1225 4186 1417 4245 divina
1453 4206 1557 4248 nos
1585 4194 1639 4247 in
1680 4198 1939 4255 omnibus
1964 4215 2058 4254 ro-

2160 3104 2342 3143 σαντο.
2367 3089 2539 3144 Τοῦτο
2568 3090 2626 3144 δὲ
2659 3089 2754 3143 καὶ
2785 3092 2819 3161 ἠ
2855 3089 3021 3161 ἑορτὴ
3053 3092 3121 3161 τῇ
3155 3089 3332 3162 ταύτῃ
3367 3088 3645 3159 βούλεται,
3677 3087 3757 3151 ὡς

2158 3181 2387 3253 συνέκδη
2396 3199 2495 3253 μον
2516 3182 2607 3236 τδν
2629 3182 2798 3253 ἄνδρα
2824 3181 3125 3253 λαϐομένη,
3148 3181 3250 3251 τῆς
3279 3181 3410 3253 παρ’
3428 3181 3633 3251 ἑαυτῆς
3658 3178 3756 3234 τοῦ

2156 3273 2479 3346 τιμηθέντος
2510 3274 2611 3345 τῆς
2641 3277 2810 3346 τιμῆς
2842 3275 2928 3346 εἴη
2966 3274 3116 3341 ἀξία.
3147 3275 3258 3329 Καὶ
3296 3273 3365 3345 δὴ
3404 3272 3656 3344 λέξωμεν
3686 3271 3758 3326 τὰ

2157 3366 2260 3420 ὅσα
2295 3367 2396 3421 οὐκ
2430 3366 2490 3431 ἐξ
2522 3365 2705 3439 ἡμῶν,
2733 3366 2846 3419 τῶν
2882 3365 2989 3436 πρὸ
3023 3364 3183 3436 ἡμῶν
3217 3365 3298 3433 δὲ,
3334 3366 3430 3419 καὶ
3462 3365 3573 3418 τῶν
3605 3363 3757 3434 αὐτῷ

2161 3456 2577 3527 συνηθεστάτων
2613 3456 2761 3527 μάλα
2800 3456 3069 3527 θεολόγων
3102 3456 3338 3528 ἀνδρῶν,
3378 3450 3455 3511 ὧν
3495 3457 3594 3511 καὶ
3632 3455 3756 3510 κατ’

2157 3551 2318 3619 ἀξίαν
2356 3551 2437 3623 τῷ
2480 3551 2865 3623 ἐπαινουμένῳ
2909 3553 2959 3605 οί
3005 3552 3158 3620 λόγοι
3205 3551 3595 3623 παρισοῦνται.
3644 3552 3759 3605 Καὶ

2162 3646 2359 3719 μικρὸν
2395 3645 2475 3715 τῷ
2515 3645 2661 3718 λόγῳ
2696 3649 2764 3718 τῇ
2805 3647 2968 3718 ιορτῇ
3014 3648 3593 3718 συνεντρυφήσαντες,
3630 3648 3758 3709 ταῖς

2159 3737 2281 3789 κατ’
2307 3736 2511 3805 ἀμφοῖν
2547 3735 2765 3807 ἑορταῖς
2797 3735 2860 3790 τδ
2897 3735 3057 3808 χρέος
3094 3736 3489 3807 ἀποδώσωμεν,
3530 3736 3632 3790 καὶ
3663 3736 3759 3790 τδν

2157 3825 2254 3883 τοῦ
2279 3825 2436 3895 λόγου
2461 3826 2663 3899 δρόμον
2685 3827 2966 3899 λήξωμεν,
2994 3826 3132 3882 Θεοῦ
3159 3827 3230 3882 τὰ
3254 3828 3435 3882 πάντα
3461 3829 3597 3898 ἡμῖν
3622 3828 3758 3897 ἀγα-

2160 3918 2344 3989 θότητι
2391 3919 2757 3990 ἐνισχύοντος,
2804 3921 2864 3974 ιν
2905 3918 3123 3984 τούτοις
3167 3919 3248 3991 τῷ
3298 3920 3756 3992 προσφερόμενοι.

2162 4011 2454 4083 ’Ἄνθρωπε
2494 4010 2594 4065 τοῦ
2639 4010 2776 4065 Θεοῦ
2819 4011 2916 4066 καὶ
2956 4012 3115 4067 πιστὶ
3155 4011 3436 4084 θεράπων,
3473 4012 3573 4066 καὶ
3612 4012 3759 4066 οἰκο-

2158 4102 2289 4173 νόμε
2328 4103 2437 4157 τῶν
2472 4102 2567 4156 τοῦ
2609 4101 2747 4157 Θεοῦ
2791 4102 3146 4175 μυστηρίων,
3182 4120 3203 4154 ι
3253 4103 3351 4157 καὶ
3391 4102 3525 4173 ἄνερ
3563 4102 3757 4157 ἐπιθυ-

2162 4192 2305 4264 μιῶν
2332 4194 2444 4248 τῶν
2472 4193 2570 4247 τοῦ
2605 4194 2937 4265 πνεύματος.
2975 4210 2996 4245 ι
3031 4192 3192 4248 Οὓτω
3221 4194 3332 4264 γάρ
3360 4195 3395 4263 ἡ
3428 4194 3627 4265 Γραφὴ
3657 4210 3758 4247 κα-

480 4266 713 4324 boraute
760 4270 1028 4339 bonitate,
1080 4277 1266 4334 verbis
1317 4281 1659 4349 ejuscemodi
1688 4295 1883 4345 sancto
1917 4304 2054 4346 con-

2158 4285 2240 4340 λεῖ
2262 4287 2391 4350 τοὺς
2413 4285 2811 4353 διαῦεὸηκότας
2838 4284 2935 4340 καὶ
2961 4283 3205 4356 ὑψηλοὺς
3232 4285 3328 4339 καὶ
3358 4286 3624 4356 ὑπεράνω
3647 4283 3757 4338 τῶν

482 4361 657 4428 gressi
685 4378 701 4415 :
735 4361 910 4419 Homo
936 4364 1056 4433 Dei,
1084 4375 1140 4423 et
1168 4368 1345 4427 ildelis
1373 4371 1601 4443 famule,
1639 4390 1705 4433 ac
1728 4393 2054 4437 sacramen-

483 4462 664 4508 torum
706 4453 800 4515 Dei
847 4467 903 4513 et
929 4458 1306 4529 dispensator,
1350 4482 1369 4519 ι
1415 4465 1609 4537 virque
1653 4468 2057 4529 desideriorum

481 4544 737 4611 spiritus.
779 4564 797 4597 ι
853 4546 932 4600 lta
979 4549 1125 4603 enim
1182 4559 1340 4607 vocat
1385 4553 1673 4624 Scriptura
1703 4556 1856 4613 viros
1883 4561 2060 4615 subli-

483 4646 623 4700 mes,
655 4641 708 4689 et
737 4636 831 4706 qui
865 4653 951 4693 res
980 4640 1164 4698 oculis
1196 4643 1480 4713 subiectas
1534 4647 1648 4703 illis
1677 4646 1858 4705 ell‘ccti
1887 4664 2054 4723 supe-

484 4725 663 4781 riores
712 4732 1047 4802 transgressi
1096 4733 1226 4791 sint.
1260 4734 1369 4793 Sed
1421 4745 1479 4795 et
1528 4738 1693 4796 deum
1744 4740 2057 4802 Pharaonis

551 4854 591 4926 ει-
615 4886 720 4943 lsa.
749 4905 828 4954 ιι,
873 4889 930 4945 6.

2159 4347 2455 4448 ὁρωμένων
2478 4393 2494 4411 ο
2527 4347 2678 4433 καλῶ
2710 4377 2767 4432 δέ
2791 4347 2862 4431 *σε
2896 4376 2988 4433 καὶ
3010 4347 3142 4433 ’θεὸν
3174 4347 3399 4450 «ίιαραὼ,
3431 4347 3533 4431 καὶ
3567 4347 3771 4447 πάσηςΙ
3806 4398 3813 4402 ’

2164 4472 2543 4542 Αἰγυπτιακῆς
2573 4471 2670 4524 καὶ
2703 4468 3090 4542 ἀντικειμένης
3122 4469 3412 4541 δυνάμεως
3436 4486 3451 4500 ⁸
3486 4470 3586 4524 καὶ

2163 4561 2275 4630 λον,
2306 4564 2402 4619 καὶ
2433 4564 2716 4635 ἑδραίωμα
2750 4562 2853 4634 τῆς
2883 4562 3237 4632 Ἑκκλησίας,
3269 4563 3367 4616 καὶ
3395 4562 3613 4634 θέλημα
3642 4561 3779 4689 1(υοὶ

2169 4655 2285 4689 n'nn
2351 4658 2443 4689 νηὶ
2481 4660 2667 4689 νημαι-α
2681 4673 2744 4689 Α-
2779 4659 2837 4689 ὲ..
2868 4656 3056 4689 ..ΛΑ-η.-.
3085 4657 3245 4689 Ἅλυι...
3275 4656 3424 4689 γ,-..·;.-
3450 4656 3719 4689 1-30.“..-

2167 4655 2285 4728 ρίου
2307 4696 2322 4723 ,
2351 4658 2449 4712 καὶ
2480 4660 2747 4730 φωστῆρα
2779 4659 2837 4712 ὲν
2867 4656 3058 4729 κόσμῳ
3085 4657 3245 4726 λόγον
3274 4656 3424 4729 ζωῆς
3450 4656 3755 4728 ἐπέχοντα,

2164 4748 2262 4802 καὶ
2301 4747 2542 4813 πίστεως
2582 4748 2845 4820 ἔρεισμα,
2881 4748 2979 4807 καὶ
3025 4748 3347 4820 Πνεῦματος
3388 4748 3756 4818 καταγώγιον.

1756 5016 2145 5075 COMBEFISII
2172 5020 2404 5080 ΝΟΤιΕ.
2438 5080 2449 5091 ,

479 5116 545 5159 ac
575 5101 806 5177 __populo
839 5117 948 5158 non
983 5100 1196 5177 ferente
1243 5100 1335 5158 Dei
1382 5105 1436 5159 in
1484 5106 1771 5176 majestate
1802 5109 2057 5177 pluribus

480 5170 909 5246 audi're’vocem,
946 5182 999 5228 et
1028 5170 1363 5246 deprecante
1394 5170 1730 5246 loquentem,
1759 5170 1935 5235 novus
1968 5182 2059 5236 hic

484 5243 787 5312 legislator,
817 5242 911 5313 qui
943 5242 1107 5298 esset
1138 5244 1274 5313 legis
1311 5247 1446 5318 scita
1467 5242 1782 5318 absolutius
1814 5250 2061 5318 publica-

482 5321 662 5386 turus,
696 5328 1007 5386 novamque
1034 5327 1243 5386 amoris
1265 5323 1320 5369 et
1347 5315 1639 5378 libertatis,
1672 5332 1771 5386 pro
1794 5315 2061 5375 s'everiori

481 5383 575 5457 illa
603 5391 659 5438 et
697 5382 933 5457 timoris,
956 5383 1270 5457 sanciturus
1298 5386 1490 5457 legem,
1527 5382 1835 5457 promissus
1855 5398 1954 5452 est.
2002 5402 2063 5447 ut

483 5453 627 5508 scite
660 5460 849 5508 noster
881 5453 1000 5509 Cai.
1044 5452 1112 5507 ad
1150 5469 1275 5509 eum
1311 5452 1488 5511 lo'cum
1524 5452 1745 5513 Denter.
1777 5474 1886 5514 xvn
1915 5499 1930 5514 .

475 5580 502 5593 ,ί
554 5521 671 5593 (οξ)
702 5522 862 5593 Basis
913 5523 1015 5576 illa
1056 5534 1105 5578 et
1163 5524 1513 5581 sedimentum
1544 5528 1822 5584 virtutum.
1867 5530 1931 5583 'H
1955 5529 2067 5583 τῶν

484 5591 698 5667 ξρεεᾷξν
721 5592 898 5667 βάσις,
927 5596 1203 5667 Accepita
1230 5609 1424 5667 sancto
1449 5597 1701 5667 Epltrazm
1731 5598 1785 5653 in
1815 5602 2069 5657 encomio

485 5654 701 5741 ρξιςῇιίἰ,
721 5654 831 5741 ubi
851 5654 1088 5741 Vossius
1109 5664 1268 5721 aliter
1291 5654 1671 5741 reddit,'jitxta
1703 5654 1868 5741 aliam
1901 5654 2068 5741 hujus

475 5729 640 5810 vocis
661 5729 1132 5803 signiﬁcationem,
1165 5750 1362 5807 nempe
1394 5753 1406 5789 :
1441 5729 1658 5795 Crestus
1684 5740 1936 5796 virtutum
1962 5729 1994 5796 ς’
2015 5748 2068 5797 ct

2162 5114 2615 5187 sicireddendum
2649 5115 2859 5187 colligit
2889 5115 3047 5171 exiis
3084 5129 3213 5187 qua:
3249 5114 3364 5187 illic
3393 5122 3706 5187 sequuntur
3734 5131 3751 5167 :

2163 5184 2270 5249 Qui
2307 5185 2360 5240 in
2398 5203 2558 5240 carne
2590 5184 2860 5257 gradiens
2884 5226 2900 5252 ,
2959 5184 3151 5257 spiritu
3198 5184 3497 5257 incedebat.
3553 5184 3755 5242 Nostra

2164 5257 2381 5322 planior
2407 5255 2686 5324 expositio
2742 5259 2919 5320 magis
2969 5255 3204 5311 Andreas
3252 5256 3487 5320 videtur,
3547 5271 3615 5311 ex
3669 5272 3757 5313 se-

2163 5326 2352 5398 quenti
2379 5327 2567 5398 statim
2594 5326 2793 5397 elogio.
2827 5325 3039 5398 Tuan
3075 5326 3462 5380 Καππαδόκων
3496 5327 3753 5398 ἔρεισμα.

2164 5394 2235 5467 Ut
2264 5396 2607 5467 signiﬁcetur
2634 5394 2883 5467 virtutis,
2909 5396 2965 5451 in
2994 5411 3081 5459 eo,
3101 5405 3164 5467 ct
3195 5410 3296 5467 per
3329 5412 3454 5451 eum
3487 5394 3757 5451 constan-

2080 5500 2085 5505 -
2170 5466 2269 5527 tia,
2299 5466 2621 5535 metaphora
2660 5466 2751 5519 illa
2788 5479 2819 5519 a
2842 5466 3166 5535 structuris.

2243 5534 2353 5607 (9t)
2387 5534 2493 5604 Qui
2528 5535 2802 5608 Ecclesiae.
2838 5534 3071 5608 Videtur
3120 5537 3395 5608 praecipue
3425 5534 3756 5608 Dasilianos

2169 5603 2419 5680 canones
2446 5610 2511 5661 ad
2553 5606 2996 5680 Amphilochium
3026 5603 3322 5680 respicere,
3342 5605 3547 5678 quibus
3577 5603 3755 5663 Graeci

2172 5676 2473 5746 plurimum
2504 5675 3006 5746 semperdctulcrc.
3118 5675 3137 5680 '
3363 5675 3376 5678 -
3476 5698 3479 5701 .
