4032 6138
348 347 458 414 9⁵35

1053 348 1136 408 IN
1171 350 1837 414 CIRCUMCISIONEM
1879 351 2155 412 DOMINI
2195 352 2289 410 ET
2323 351 2404 412 IN
2447 351 2506 412 S.
2545 349 2939 412 BASILIUM.

3509 337 3614 406 928

351 461 461 513 Και
503 457 560 512 τί
601 456 668 510 ἂν
709 457 889 521 πάσας
933 459 1358 531 ἀπαριθμοίμην
1393 461 1496 526 τὰς
1541 463 1916 534 προσηγορίας

2044 439 2358 532 appellabo,
2417 463 2698 531 totiusque
2735 459 3071 530 Egyptiaca:
3099 471 3165 512 ac
3212 455 3462 510 adversm
3499 453 3618 508 vir-

353 547 481 612 ὅσας
511 548 544 618 ή
575 545 741 616 ἀρετή
773 563 857 599 σοι
887 548 1190 619 πεποίηκε,
1225 549 1362 620 ἄλλη
1393 567 1478 612 τις
1508 551 1675 621 ἄλλην
1703 551 1938 606 οἰκειοῦ-

349 639 450 696 adv
479 655 538 692 τε
571 639 666 692 καὶ
697 638 1116 708 προσάγουσαν;
1151 641 1300 712 Πλὴν
1332 643 1468 712 ἡγοῦ
1489 685 1504 709 ,
1543 662 1561 694 ι
1602 643 1898 698 κατευοδοῦ
1919 687 1934 708 ,

345 734 444 786 καὶ
485 731 760 803 βασίλευε,
804 752 822 784 ι
863 733 958 786 καὶ
1003 733 1262 804 ποίμαινε
1305 737 1488 808 ἡμᾶς·
1531 730 1592 790 οὗ
1636 739 1741 801 πᾶς
1785 739 1936 808 ἥκων

345 823 454 880 ὑπὸ
485 823 584 887 τὰς
623 823 902 892 πτέρυγας
935 824 1303 892 ἀναπαύεται,
1337 826 1432 882 καὶ
1463 823 1526 882 οὗ
1558 823 1802 899 διψῶμεν
1835 829 1934 898 τῆς

343 915 554 984 φωνῆς,
595 914 796 984 μᾶλλον
831 915 863 984 ἢ
904 915 1090 986 πηγῆς
1129 917 1230 987 τῆς
1271 919 1668 990 καθαρωτάτης
1703 921 1753 972 οί
1793 920 1934 990 δίψει

341 1009 666 1079 κάμνοντες,
695 1003 740 1062 ὧ
779 1007 900 1061 θεία
943 1009 1038 1061 καὶ
1087 1009 1208 1082 ιερὰ
1251 1009 1462 1080 κεφαλή
1496 1013 1509 1066 ι
1552 1012 1658 1068 Τὸν
1689 1013 1779 1066 ἐπὶ
1823 1011 1932 1065 τῶν

339 1101 542 1174 χειρῶν
572 1102 780 1175 Κυρίου
815 1101 1304 1173 ὲζωγραφημένον,
1337 1104 1428 1160 τὸν
1459 1103 1670 1172 ἄζυγα,
1703 1104 1796 1157 τὸν
1827 1105 1931 1158 ἁκ-

339 1194 576 1264 τήμονα,
605 1193 696 1246 τὸν
721 1194 986 1264 ἄσαρκον,
1015 1193 1216 1266 μικροῦ
1247 1195 1350 1258 δεῖ,
1377 1195 1472 1248 καὶ
1501 1195 1771 1265 ἁναίμονα
1795 1212 1808 1230 ο
1838 1195 1929 1249 τὸν

335 1286 398 1338 ὲν
425 1285 606 1353 λόγοις
639 1287 780 1355 μετὰ
813 1285 904 1338 τὸν
931 1285 1095 1354 λόγον
1119 1301 1136 1318 ο
1167 1285 1258 1340 τὸν
1290 1287 1348 1340 ἐν
1375 1287 1690 1353 φιλοσόφοις
1724 1285 1889 1356 σοφὸν
1909 1325 1924 1349 ,
1981 1357 1986 1362 _

333 1377 432 1430 τὸν
462 1377 520 1430 ἐν
549 1379 842 1448 κοσμικοϊς
871 1377 1266 1448 ὑπερκόσμιον.
1291 1377 1573 1430 Σιωπᾱίται
1601 1376 1670 1430 τὰ
1705 1376 1925 1440 παλαιὰ,

333 1470 440 1522 ὅσα
483 1467 627 1530 τινὲς
665 1469 780 1532 τοῖς
827 1467 993 1532 θείοις
1021 1468 1220 1536 Λόγοις
1263 1469 1570 1539 ὲνίδρυσαν.
1615 1469 1817 1522 Beata:
1861 1467 1930 1521 τὰ

2041 555 2178 610 tutis
2211 571 2223 606 :
2256 555 2573 608 columnam
2610 553 2764 618 item,
2799 561 2854 607 et
2893 553 3299 605 lirmamentum
3329 545 3618 609 Ecclesiae,

2038 659 2203 716 atque
2232 647 2576 700 voluntatem
2617 643 2862 705 Domini,
2899 643 3285 709 luminareque
3323 641 3377 692 in
3409 638 3620 692 mundo

2037 739 2186 810 quod
2235 739 2524 794 contineat
2575 743 2742 806 atque
2786 733 3046 806 praeferat
3091 731 3322 787 verbum
3359 729 3508 793 vitae,
3552 741 3618 784 ac

2034 829 2160 884 ﬁdei
2219 828 2484 891 fulcrum,
2549 833 2604 881 et
2665 825 2962 895 hospitium
3018 823 3283 892 Spiritus.
3340 820 3614 886 Quorsum

2033 937 2165 976 vero
2215 935 2408 976 omnes
2461 920 2650 974 titulos
2699 929 3021 972 recenseam
3069 929 3212 984 quos
3257 911 3358 966 tibi
3415 911 3614 974 virtus,

2035 1012 2142 1066 alio
2169 1012 2336 1065 alimu
2371 1009 2706 1064 conciliante
2740 1021 2804 1060 ac
2851 1004 3170 1064 inducente,
3215 999 3455 1070 adjecit?
3499 999 3618 1054 Ca:-

2033 1112 2208 1159 terum
2267 1103 2423 1173 praei,
2483 1121 2502 1153 ‹
2540 1115 2806 1170 prospere
2856 1095 3110 1168 procede,
3144 1103 3198 1148 et
3245 1107 3456 1160 regna:
3496 1110 3516 1142 ι
3557 1099 3616 1144 ιιι

2031 1210 2132 1250 nos
2171 1209 2360 1265 pasce,
2408 1195 2510 1250 sub
2539 1193 2700 1262 cujus
2742 1191 2849 1244 alis
2903 1187 3203 1258 requiescit
3231 1183 3484 1255 quisquis
3522 1197 3616 1237 ac-

2030 1287 2210 1354 cedit;
2262 1296 2318 1341 et
2368 1285 2530 1354 cujus
2579 1284 2684 1353 ipsi
2741 1297 2952 1344 vocem,
2989 1282 3082 1351 qui
3123 1280 3218 1335 siti
3267 1279 3610 1341 laboramus,

2026 1391 2197 1446 supra
2235 1375 2405 1430 fontis
2455 1375 2882 1445 limpidissimas
2908 1387 3082 1442 aquas
3115 1371 3356 1426 sitimus.
3389 1369 3433 1421 0
3465 1367 3612 1422 divi-

2029 1483 2160 1523 num
2195 1483 2532 1538 sacrumque
2571 1467 2770 1537 capuli
2821 1463 3008 1518 Dicam
3042 1464 3318 1533 depictum
3353 1463 3407 1514 in
3439 1461 3614 1514 maui-

335 1559 434 1613 νέα
453 1573 468 1587 ⁸
499 1560 594 1612 καὶ
621 1554 776 1623 οὗτος
803 1557 1022 1630 ἄριστος
1049 1560 1180 1631 ἡμῖν
1205 1560 1262 1612 ὲν
1287 1559 1488 1630 λόγοις.
1515 1558 1574 1624 ὃς
1599 1559 1666 1614 ἂν
1687 1560 1756 1614 τὰ
1782 1561 1918 1612 ὲκείη

2027 1559 2132 1614 bus
2163 1558 2408 1623 Domini,
2469 1559 2742 1620 caelibem,
2797 1560 3058 1628 inopem;
3119 1569 3310 1624 parum
3352 1553 3506 1606 abest
3553 1557 3612 1604 ut

331 1665 430 1702 νου
481 1649 724 1719 μάλιστα
763 1649 1022 1720 τυγχάνει
1065 1649 1374 1718 γινώσκων,
1412 1653 1504 1705 καὶ
1543 1651 1631 1705 διὰ
1674 1651 1918 1721 γλώσσης

2025 1666 2097 1706 ne
2127 1651 2314 1706 carnis
2372 1660 2654 1719 expertem
2723 1649 2838 1720 (95)
2868 1656 2923 1704 et
2957 1646 3286 1716 sanguinis.
3319 1643 3423 1710 Qui
3470 1641 3606 1698 scri-

331 1739 540 1806 φέρων,
565 1743 658 1793 καὶ⁵
685 1741 978 1804 συνετίζων
999 1739 1098 1805 τὰς
1123 1743 1314 1805 ἀκοάς.
1335 1743 1540 1812 Ἤρεσε
1563 1743 1671 1814 γὰρ
1697 1737 1778 1807 εἷς
1804 1743 1918 1796 ἀντὶ

2029 1743 2136 1813 ptis
2193 1744 2528 1813 eloquioque
2579 1741 2870 1812 proximus
2901 1741 2970 1795 ab
3013 1739 3304 1810 Scriptura
3335 1745 3388 1793 et
3419 1737 3610 1792 divino

239 1871 254 1884 .
329 1831 554 1882 πάντων
577 1835 688 1895 τοῖς
721 1832 1162 1903 σπουδαιοτέροις
1197 1835 1278 1896 είς
1307 1835 1611 1898 παίδευσιν,
1637 1828 1682 1904 ᾧ
1710 1835 1778 1889 τὰ
1802 1835 1918 1889 δευ-

2023 1835 2246 1906 eloquio
2305 1837 2423 1904 sis;
2487 1835 2795 1905 sapientem
2851 1834 2996 1888 inter
3029 1847 3126 1888 eos
3173 1833 3263 1902 qui
3299 1829 3606 1900 philosophi

327 1923 518 1992 πρεία
551 1924 690 1992 μετὰ
717 1925 844 1988 τοὺς
873 1925 1212 1989 ἀποστόλους
1237 1928 1266 1980 ό
1292 1927 1485 1997 χρόνος
1512 1927 1698 1981 δίδωσι
1732 1929 1914 1998 μόνον.

2027 1927 2274 1983 studium
2344 1928 2637 1999 sapientiae
2705 1926 3064 1997 proﬁtentur,
3127 1925 3412 1980 cwlestem
3463 1923 3610 1978 inter

327 2018 632 2074 mundana.
691 2019 1010 2075 Traduntur
1042 2021 1268 2102 silentio
1314 2031 1524 2090 vetera,
1595 2023 1642 2078 si
1715 2039 1823 2094 qua
1889 2023 2242 2080 illustrandis
2289 2025 2599 2094 Srripturis
2655 2024 2726 2079 ab
2779 2023 2904 2079 aliis
2957 2022 3160 2091 scripta
3213 2030 3380 2084 sunt;
3464 2033 3608 2072 nova

328 2111 616 2182 praeconio
665 2113 1040 2180 Celebrantur,
1093 2116 1252 2185 isque
1281 2116 1444 2172 nobis
1495 2117 1740 2188 optimus
1799 2118 2020 2174 videtur
2080 2127 2138 2173 et
2204 2121 2444 2190 scriptor
2475 2131 2530 2174 et
2613 2127 2826 2186 orator,
2908 2119 2954 2174 si
2999 2118 3128 2186 quis
3173 2115 3412 2170 maxime
3487 2129 3608 2182 quae

337 2217 460 2260 sunt
483 2207 604 2274 ejus
633 2208 808 2272 novit,
837 2217 892 2262 et
923 2211 1108 2280 lingua
1145 2211 1391 2280 praefert,
1417 2212 1760 2282 instillatque
1827 2213 2152 2270 erudiendis
2219 2216 2472 2270 auribus.
2525 2213 2682 2268 U'nus
2733 2213 2880 2268 enim
2949 2213 3074 2266 vice
3118 2211 3386 2274 omnium,
3455 2208 3606 2261 velut

323 2296 650 2354 'erudiendis
688 2299 882 2367 forma,
925 2303 1070 2358 seria
1102 2305 1274 2373 magis
1300 2307 1645 2361 sectantibus
1675 2307 1903 2376 placuit;
1946 2309 2036 2362 cui
2107 2307 2206 2362 uni
2261 2319 2385 2378 post
2435 2309 2738 2378 apostolos,
2809 2304 3086 2360 secundas
3137 2310 3324 2372 partes
3385 2307 3600 2368 tempus

329 2389 607 2445 Concedit.

415 2481 582 2533 Ἀλλὰ
625 2481 802 2534 πάντα
846 2481 933 2536 διὰ
987 2481 1154 2552 μέσου
1202 2486 1544 2553 καταλιπὼν,
1587 2489 1684 2542 τοῦ
1729 2489 1918 2551 τέλους

327 2573 472 2628 κατὰ
503 2575 744 2628 Μωῦσέα
773 2575 1173 2630 κα¹ιΒασιλείου
1209 2579 1696 2651 ἐπιμνησθήσομαι
1734 2583 1916 2650 μόνον.

2093 2486 2290 2540 Verum
2355 2485 2700 2540 intermediis
2774 2483 3033 2538 omnibus
3100 2478 3355 2542 oniissis,
3428 2477 3604 2532 solius

2015 2575 2208 2631 Basilii
2279 2575 2402 2630 linis
2439 2575 2764 2636 meminero,
2817 2588 2979 2642 quam
3047 2569 3223 2641 Moysi
3263 2567 3459 2622 similis
3511 2567 3606 2618 ha-

339 2664 548 2732 Ἀφῆκε
595 2663 696 2734 μὲν
723 2664 815 2718 τὸν
847 2665 963 2735 βίον
996 2667 1292 2739 ἑκάτεροςσ
1337 2672 1679 2740 μνημόσυνον
1717 2673 1775 2726 δὲ
1815 2673 1918 2742 τῆς

2020 2669 2139 2725 buit
2165 2668 2301 2737 (96).
2329 2667 2597 2736 Equidem
2640 2665 2801 2720 ambo
2849 2663 3192 2732 reliquerunt
3222 2659 3427 2713 vitam:
3473 2673 3606 2710 neu-

331 2755 470 2820 ιδίας
499 2757 628 2826 περὶ
653 2757 754 2828 τὴν
783 2757 962 2827 σάρκα
993 2759 1256 2829 σχέσεως,
1283 2763 1344 2814 οὐ
1366 2761 1596 2834 θάτερος
1627 2765 1808 2818 αὐτῶν
1835 2766 1913 2837 τῷ

327 2845 432 2920 βίῳ
457 2847 736 2906 κατέλιπε.
762 2847 898 2901 Οὔτε
925 2850 1034 2921 γὰρ
1061 2851 1342 2915 Μωῦσὲως
1367 2854 1535 2922 τάφος
1565 2856 1912 2928 εὑρίσκεται,

323 2934 454 2988 οὔτε
503 2931 656 3000 οὗτος
713 2939 1002 3010 περιουσίᾳ
1049 2939 1158 2992 τινὶ
1208 2941 1364 3013 ὑλικῇ
1416 2943 1729 3016 ὑπεχὼσῦη.
1773 2945 1914 3000 Ἀλλ’

322 3025 464 3096 ὁμοῦ
497 3027 742 3098 παρῆλθε
763 3029 854 3082 τὸν
877 3028 1012 3099 βίον,
1039 3033 1429 3103 συμπαρῆλθεν
1451 3034 1598 3106 αὐτῴ
1621 3036 1689 3088 τὰ
1713 3036 1910 3100 πάντα,

321 3119 397 3172 δι’
419 3112 494 3170 ὧν
515 3121 544 3171 ὁ
569 3119 682 3189 βίος
706 3119 814 3172 τῶν
838 3119 1144 3190 ἀνθρώπων
1165 3121 1279 3192 ἔχει
1305 3123 1405 3194 τὴν
1431 3125 1640 3180 στάσιν.
1659 3127 1747 3190 Ὠς
1779 3127 1914 3198 μηδὲ

325 3211 532 3281 εὑρέθη
554 3211 646 3264 τοῦ
669 3211 862 3280 ἀνδρὸς
885 3211 1072 3266 ὑλικὸν
1093 3215 1438 3286 μνημόσυνον
1456 3219 1518 3270 ὲκ
1538 3218 1638 3287 τῆς
1657 3217 1764 3272 τῶν
1780 3220 1888 3272 ἀπο
1901 3249 1916 3258 -

2023 2767 2106 2813 ter
2158 2765 2364 2818 tamen,
2399 2771 2512 2811 sua:
2548 2755 2616 2810 ad
2663 2771 2893 2809 carnem
2922 2753 3236 2808 aﬂ'ectionis
3276 2767 3605 2805 monumen-

2021 2855 2135 2902 tum
2163 2849 2288 2901 vitaz
2341 2845 2582 2916 reliquit.
2639 2843 2774 2898 Nam
2831 2859 3010 2913 neque
3059 2841 3261 2912 Moysis
3290 2841 3602 2910 sepulcrum

2019 2943 2316 3004 invenitur,
2359 2955 2536 3009 neque
2571 2941 2659 2993 hic
2699 2937 3010 2993 substantia
3047 2935 3156 2989 ulla
3187 2944 3408 2988 terrena
3437 2933 3606 2986 obru-

2019 3043 2112 3091 tus
2148 3042 2253 3090 est.
2302 3033 2518 3104 Quippe
2576 3031 2689 3088 vita
2729 3029 3032 3086 excedente
3085 3043 3194 3083 una
3243 3032 3603 3082 excesserunt

2019 3128 2475 3196 transieruutque
2520 3124 2706 3179 omnia
2752 3121 2955 3192 quibus
3005 3121 3244 3174 humana
3273 3117 3384 3171 vita
3415 3116 3606 3170 consi-

2024 3221 2141 3276 stit.
2201 3219 2382 3286 Quare
2433 3217 2660 3280 minime
2698 3215 2982 3270 inventum
3039 3221 3124 3268 est
3175 3220 3456 3266 terrenum
3499 3207 3600 3264 viri

322 3303 1034 3374 λειφθέντωνπεριουσίας,
1060 3306 1442 3376 καταχωννύον
1465 3308 1632 3362 αὑτοῦ
1657 3310 1756 3380 τὴν
1781 3308 1917 3380 πρὸς

2021 3313 2088 3368 de
2126 3312 2436 3368 substantia
2481 3309 2672 3364 relicta
2721 3311 3162 3366 monumentum,
3199 3303 3346 3374 quod
3380 3301 3502 3370 ejus
3532 3299 3602 3354 ad

322 3395 388 3447 τδ
417 3395 664 3462 κρεῖττον
691 3393 980 3463 ὑπόληψιν,
1007 3395 1200 3466 ὥσπερ
1227 3397 1321 3450 ἐπὶ
1343 3397 1440 3450 τοῦ
1471 3398 1749 3462 Μωῦσὲως
1773 3401 1804 3468 ή
1837 3401 1917 3451 ίσ-

322 3483 486 3556 τορία
528 3488 802 3556 μαρτυρεῖ
832 3485 1086 3554 λέγουσα,
1123 3488 1206 3540 δτι
1236 3506 1254 3539 t
1281 3489 1393 3558 Οὐχ
1415 3489 1614 3562 εὑρέθη
1636 3490 1800 3543 αὑτοῦ
1822 3492 1918 3544 τά·

323 3593 464 3646 φος,
507 3576 612 3638 ἓως
653 3575 754 3644 τῆς
797 3577 1039 3646 σήμερον
1077 3577 1314 3648 ἡμέρας.
1365 3597 1383 3628 ι
1433 3579 1496 3632 Ei
1540 3577 1634 3632 οὖν
1673 3579 1916 3644 τοιοῦτος

323 3672 464 3738 ἡμῖν
492 3667 598 3721 ὑπὸ
626 3667 722 3721 τοῦ
753 3667 912 3737 λόγου
943 3669 1318 3724 ἀναδέδεικται
1344 3672 1373 3722 ὁ
1407 3673 1578 3742 μέγας
1607 3672 1916 3736 Βασίλειος,

321 3759 472 3818 ὥστε
505 3759 580 3830 μὴ
611 3759 802 3830 πόρρω
830 3760 938 3810 τῶν
963 3761 1138 3815 ἁγίων
1165 3757 1304 3815 εἶναι
1335 3763 1521 3830 αὑτὸν,
1550 3764 1640 3820 δια
1667 3764 1761 3820 τοῦ
1795 3765 1914 3835 βίου

325 3851 470 3922 πρὸς
506 3851 737 3906 ἕκαστον
771 3851 880 3905 τῶν
918 3853 1170 3924 μεγάλων
1208 3855 1648 3926 παρατιθέμενον
1675 3874 1690 3888 ο
1733 3857 1912 3922 καλῶς

323 3945 464 4013 ἡμῖν
497 3945 530 4014 ή
570 3942 862 3996 ἀκολουθία
897 3943 1006 3998 τῶν
1040 3945 1244 4016 ἑορτῶν
1277 3946 1369 3999 ἐπὶ
1405 3945 1594 4002 τοῦτον
1628 3947 1783 4014 ἄγειν
1817 3948 1912 4001 νῦν

307 4035 432 4114 ⁸τὴν
459 4036 766 4090 ἐνεστῶσαν
797 4037 1125 4109 πανήγυριν.
1157 4037 1320 4093 Ἀλλὰ
1348 4037 1437 4094 διὰ
1464 4037 1574 4094 τῶν
1601 4040 1720 4094 ἐκεῖ
1747 4057 1912 4109 κεχασ

401 4211 430 4252 h
489 4209 646 4266 Deut.
679 4227 864 4276 xxxiv,
892 4213 942 4272 ϐ.

2021 3403 2076 3458 id
2101 3403 2248 3474 quod
2282 3403 2478 3456 melius
2511 3409 2616 3462 est,
2647 3397 2991 3470 propositum
3015 3396 3293 3460 obrueret,
3336 3391 3605 3464 quemad-

2023 3495 2245 3550 modum
2279 3495 2334 3548 in
2369 3493 2554 3565 Moyse
2584 3491 2815 3546 historia
2861 3489 2949 3544 his
2985 3488 3173 3542 verbis
3204 3493 3468 3544 testatum
3504 3484 3604 3538 ha-

2021 3587 2113 3641 bet
2145 3603 2158 3639 :
2197 3603 2216 3636 ‹
2249 3583 2314 3637 Ει
2346 3599 2453 3637 non
2487 3589 2572 3637 est
2599 3581 2887 3636 inventum
2917 3579 3236 3652 sepulcrum
3269 3575 3389 3644 ejus
3427 3591 3601 3646 usque

2019 3677 2074 3732 in
2105 3684 2426 3747 praesentem
2477 3675 2622 3729 diem
2649 3673 2702 3728 ι).
2759 3691 2778 3726 i
2817 3671 2920 3726 Ubi
2973 3686 3105 3742 ergo
3151 3683 3409 3740 magnum
3443 3667 3600 3722 Basi-

2017 3770 2152 3824 lium
2205 3769 2458 3824 oratione
2510 3765 2674 3822 talem
2705 3763 3074 3829 ostendimus,
3107 3763 3202 3833 qui
3229 3760 3434 3816 collata
3470 3773 3596 3814 cum

2020 3857 2236 3930 magnis
2287 3856 2602 3928 quibusque
2663 3853 2794 3920 vita,
2849 3852 2994 3908 haud
3047 3850 3242 3922 procul
3299 3865 3330 3904 a
3394 3849 3600 3930 sanctis

2021 3921 2202 4016 absit;
2255 3921 2397 4002 bene
2441 3921 2605 4001 nobis
2657 3921 3248 3999 festivitatumiseries
3301 3921 3597 3998 instanteui

2019 4039 2292 4096 hodierna
2327 4037 2416 4093 die
2463 4035 2844 4093 celebritatem
2877 4032 2946 4088 ad
2978 4047 3103 4087 eum
3135 4033 3370 4088 reducit.
3403 4031 3596 4088 Enim-

1624 4353 2010 4414 COMBEFISII
2043 4353 2272 4412 Nom.
2424 4431 2436 4438 ,

395 4439 514 4516 ’(95)
547 4442 752 4516 ξαν-αφ
791 4443 958 4510 abest,
991 4451 1050 4498 ut
1083 4460 1146 4498 ne
1175 4448 1354 4500 carnis
1383 4456 1643 4516 expertem
1675 4456 1726 4501 et
1781 4463 1910 4516 san-
1943 4449 1988 4507 ι)
2017 4447 2382 4512 infoderetur,
2435 4445 2700 4516 reliquit;
2733 4443 2801 4501 de
2856 4458 2968 4516 quo
3033 4443 3324 4516 Possidius
3374 4442 3427 4497 in
3463 4441 3598 4516 ejus

323 4514 526 4586 guinis.
561 4513 666 4566 Τὸν
702 4513 964 4587 ἐσαρκον,
1001 4516 1200 4587 μικροῦ
1229 4517 1329 4578 δεῖ,
1361 4513 1458 4569 καῖ
1484 4517 1774 4587 ἀναίμονα.
1805 4515 1913 4568 Ex-

325 4582 584 4652 itu-essum
615 4599 680 4636 ex
705 4582 868 4652 Gre'g.
911 4582 1064 4639 Orat.
1097 4582 1168 4639 20
1195 4605 1208 4640 :
1245 4587 1320 4640 υύ
1355 4587 1490 4641 πολὺ
1521 4588 1577 4640 δὲ
1603 4582 1798 4649 εἰπεῖν,
1819 4589 1915 4639 καὶ

323 4659 608 4722 ἀσαρκος·
641 4667 704 4706 ex
724 4669 834 4726 quo
856 4661 910 4708 et
937 4655 1134 4726 nostri,
1163 4657 1215 4710 in
1243 4657 1430 4710 multis
1459 4658 1658 4710 malam
1681 4663 1915 4726 puncta-

325 4727 563 4796 tionem,
614 4725 977 4796 correximus.
1026 4723 1166 4796 sunt
1206 4735 1354 4780 certe
1391 4727 1504 4780 haec
1556 4723 1776 4796 aliaque
1810 4725 1912 4780 viri

325 4793 470 4848 tanti
507 4792 768 4864 illustria,
801 4809 867 4846 ac
919 4795 971 4846 in
1009 4795 1200 4863 primis
1245 4809 1366 4864 qum
1411 4792 1798 4852 statitn'addit
1847 4797 1916 4850 de

326 4864 454 4930 t'jlls
489 4863 738 4933 proxima
769 4877 796 4916 a
843 4878 999 4918 sacra
1036 4863 1373 4933 eloquentia,
1407 4881 1472 4920 ac
1517 4875 1642 4921 vere
1672 4867 1756 4920 vix
1783 4865 1916 4918 divi-

327 4935 542 5004 niorem
575 4931 841 5004 hactenus
873 4931 1432 5004 liabuerit'Ecclesia,
1481 4936 1684 5004 quibus
1715 4937 1912 4990 saltem

325 5006 452 5070 ipse
491 5002 772 5073 loquitur;
819 5003 964 5056 haud
1011 5004 1156 5057 enim
1207 5005 1438 5073 perinde
1481 5002 1674 5070 fuerit,
1710 5005 1913 5073 inejus

327 5073 538 5138 ubique
571 5071 984 5136 interpretibus,
1017 5071 1228 5128 audire}
1613 5099 1618 5132 -,

403 5141 664 5212 (96)rQuo
693 5141 861 5212 Moysi
911 5143 1104 5212 similis
1156 5143 1362 5212 Itqbuit.
1409 5141 1518 5196 Τοῦ
1547 5143 1738 5207 τέλους
1770 5144 1914 5199 κατὰ

323 5205 592 5284 Μῴῦσέαῖ
625 5205 858 5282 Egregia
891 5213 948 5266 in
981 5211 1184 5283 Moysis
1213 5205 1528 5284 ignoratum
1563 5205 1908 5284 sepulcrum;

327 5281 693 5354 insignisque
723 5281 791 5354 in
826 5281 1172 5354 episcopatu,
1232 5281 1578 5354 paupertatis
1609 5281 1822 5346 Basilii,
1852 5301 1911 5340 re

327 5351 630 5425 annuaque
655 5393 669 5416 ,
693 5351 990 5425 allegorica
1021 5351 1604 5425 ceiebratio.‘\'idetur
1635 5355 1910 5425 respicere

325 5421 464 5497 illud
494 5422 748 5493 Gregorii
798 5423 978 5497 citati,
1010 5439 1118 5492 quo
1173 5423 1356 5480 Basilii
1409 5421 1766 5497 dxcqstavet
1797 5425 1910 5494 ipse

327 5491 643 5552 celebrans,
670 5507 838 5562 unum
857 5493 905 5546 ei
933 5491 1156 5562 corpus,
1186 5503 1240 5548 et
1271 5491 1582 5550 necessaria
1617 5491 1909 5549 indumen-

327 5569 389 5636 ta
425 5563 739 5636 r_elinquit._
773 5561 899 5614 Fuit
938 5561 1047 5636 non
1109 5564 1381 5636 absimilis
1435 5581 1670 5636 magnus
1701 5573 1757 5619 et
1792 5567 1910 5632 ipse

324 5629 656 5704 Latinorum
710 5633 908 5686 doctor
947 5634 1305 5704 Augustinus,
1339 5636 1424 5688 cui
1457 5629 1666 5704 abici-ta
1728 5629 1907 5690 omnis

327 5701 668 5764 substantia,
701 5703 1012 5756 testamenti
1036 5701 1304 5757 condendi
1335 5701 1647 5759 facultatem
1680 5707 1904 5770 ademit;

327 5783 510 5846 eoque
573 5785 676 5824 nec
724 5773 1200 5852 scpulu'um,rpto
1259 5791 1488 5846 magnus
1547 5777 1638 5832 illc
1690 5775 1906 5836 animus

2010 4517 2160 4571 Vita.
2209 4517 2286 4571 Ac
2314 4532 2517 4588 ineque
2557 4513 3065 4588 inostrumjoann
3103 4513 3408 4588 Baptistam
3445 4513 3510 4566 de
3542 4517 3600 4588 la

2015 4589 2190 4648 Nuza,
2224 4594 2278 4642 et
2312 4585 2490 4655 ipsum
2565 4587 2709 4640 inter
2763 4585 2864 4641 aevi
2891 4585 3068 4640 nostri
3097 4585 3412 4654 episcopos,
3441 4587 3594 4642 verbi

2018 4661 2114 4715 Dei
2167 4671 2468 4728 preconum
2531 4671 2598 4712 ac
2663 4655 3287 4728 Praedicatorum,_vere
3338 4667 3594 4728 magnum

2015 4723 2380 4802 magistrum_,
2419 4727 2560 4802 dono
2586 4724 3310 4802 _sapienliregtintellectus,
3337 4723 3393 4802 i_n
3423 4728 3596 4802 sacris

2013 4791 2276 4868 prticipue
2327 4795 2624 4868 Scripturis
2681 4791 3278 4868 exponen'disysancti
3332 4791 3594 4868 Ludovici
3669 4845 3673 4854 ,

2019 4865 2307 4924 Βενενίαηάι
2340 4865 2459 4938 ejus
2512 4869 2756 4938 magistri
2812 4866 3134 4938 testimonio,
3181 4865 3598 4938 eximiepraidi-
3669 4883 3674 4888 ·

2017 4950 2164 5002 tum;
2191 4953 2324 4994 vere
2355 4935 2410 4993 et
2433 4935 2638 5008 ipsum,
2665 4953 2774 4991 non
2803 4937 3012 5008 relicto
3037 4935 3320 5008 sepulcro,
3355 4937 3466 4988 alta
3505 4936 3604 5002 illa

2013 5017 2342 5080 paupertate
2391 5005 2500 5078 qua
2535 5009 2606 5062 ad
2629 5007 2904 5080 proprium
2924 5077 2934 5080 _
2955 5021 3120 5075 usque
3149 5005 3364 5068 lectum,
3385 5014 3610 5080 sanct_o-.

2013 5075 2526 5148 rum—episcoporum
2579 5075 2875 5148 cernulatori
2917 5077 2970 5148 in
3009 5091 3266 5148 pauperes
3334 5075 3594 5146 erogavit,

2015 5157 2073 5204 ut
2105 5145 2349 5218 nupera
2381 5149 2569 5218 obitus
2598 5147 2738 5218 pejus
2799 5147 2996 5201 relatio
3023 5146 3079 5200 in
3124 5145 3366 5218 capitulo
3399 5145 3608 5210 nostro,

2011 5216 2204 5290 gener:
2230 5219 2389 5274 Rom.
2427 5217 2916 5290 1629defunctutu;
2939 5230 3036 5286 pro
3062 5229 3182 5290 mea
3213 5216 3268 5268 in
3300 5225 3604 5290 utrumque

2013 5285 2390 5360 illum,rquem
2449 5287 2869 5360 utrumquepvir
2901 5285 3088 5340 tantus
3115 5285 3448 5360 illustravit:
3485 5287 3596 5360 pri.-

2011 5375 2182 5421 mum,
2203 5355 2448 5427 inquam,
2469 5355 2948 5428 augustissimum,
2971 5355 3598 5428 etcui_suli_Deo._omnia

2011 5425 2404 5498 subiiciantur,
2438 5425 2824 5498 successorum
2865 5425 3157 5498 apostolici
3185 5425 3454 5498 culminis
3467 5425 3594 5498 epi-

2011 5495 2334 5569 scoporum,
2368 5513 2431 5554 ac
2463 5513 2624 5569 quem
2679 5495 2943 5569 proﬁteor
2977 5495 3278 5569 humilem,
3301 5495 3594 5569 peculiari-

2011 5579 2095 5624 ter
2117 5563 2185 5624 ἐι
2221 5563 2398 5636 ipsum
2429 5587 2444 5634 ;
2471 5563 2564 5623 sed
2612 5563 2795 5620 tamen
2856 5565 3130 5626 subsidio,
3157 5563 3410 5636 ordinem
3443 5563 3598 5620 Praa—.

2009 5641 2342 5703 dicaturum,
2375 5639 2756 5704 observantia,
2801 5643 2986 5692 tacere
3024 5635 3252 5690 omnino
3283 5636 3592 5700 debuerim,

2009 5711 2096 5764 sin
2127 5711 2332 5774 minus,
2364 5709 2495 5778 quid
2547 5709 2726 5766 outnis
2761 5717 2907 5764 rctro
2970 5716 3100 5762 tetas
3161 5705 3346 5774 faciet,
3411 5705 3596 5778 dignis

2010 5781 2201 5850 elogiis
2221 5781 2501 5836 celebrare
2537 5781 2742 5851 possim
