4032 6138
441 303 548 367 927

1632 296 1686 356 S.
1721 293 2052 354 ANDREE
2090 288 2515 352 CRETENSIS

3597 282 3702 348 923

437 417 570 458 vero
603 403 768 458 fuerit
813 419 1116 476 congruum
1151 411 1210 458 ιιι
1233 405 1509 459 memoria:
1539 405 2012 469 commendemus,

2118 402 2388 472 ρισμένων
2410 401 2626 472 ἐκείνῳ,
2652 400 2951 471 προσάγειν
2972 397 3182 471 πρέπον
3203 397 3268 453 ἂν
3289 397 3374 468 εἴη
3395 399 3464 468 τῇ
3491 398 3706 468 μνήμῃ.

438 511 539 564 per
574 511 638 551 ea
683 512 803 564 qua:
845 498 954 551 illic
987 511 1055 551 ac
1107 497 1160 550 in
1202 495 1360 548 emiis
1392 495 1592 548 donata
1645 505 1794 550 sunt.
1835 495 1901 551 Ut
1943 513 2012 552 ne

439 597 620 642 autem
682 604 790 658 pra-
825 590 1092 644 orationis
1146 591 1394 645 exilitate
1431 592 1761 646 miraculum
1797 593 1849 646 in
1878 609 2012 646 con-

439 685 702 744 templum
757 677 936 739 abeat,
1004 677 1462 748 laudantiumque
1521 681 1812 735 conatibus
1865 681 2012 735 illius

437 767 581 838 apud
611 783 806 823 omnes
855 769 1126 824 obtinenti
1181 772 1428 836 opinioni
1478 772 1732 826 nonnihil
1759 773 2008 838 decedat,

437 863 660 922 przestat
721 867 777 910 ιιι
835 857 938 927 ipsi
1005 859 1057 911 in
1091 861 1252 915 nobis
1307 861 1723 914 admirationem
1789 861 2013 918 silentio

435 957 756 1013 augeamus.
794 963 958 1014 quant
997 955 1056 1000 ut
1099 947 1316 1002 laudem
1373 965 1634 1004 sermone
1671 953 2008 1006 ntittuamus.

435 1036 540 1104 Qui
593 1037 738 1091 enim
795 1038 1044 1108 pluribus
1100 1040 1594 1108 impraesentiarum
1667 1040 1886 1095 beatum
1959 1049 2014 1096 te

433 1131 765 1193 dixerimus.
800 1145 832 1184 0
866 1139 1020 1200 pater
1066 1130 1274 1185 Basili?
1305 1130 1403 1195 Te,
1463 1132 1708 1200 inquam.
1755 1132 1846 1202 qui
1898 1148 2016 1188 scr-

434 1221 616 1277 ntonis
671 1221 864 1276 aculeo
920 1237 1165 1276 errorem
1218 1222 1476 1277 vulneres
1529 1223 1872 1292 altigasque;
1916 1223 2012 1293 qui

433 1313 584 1367 velut
617 1312 736 1380 apis
771 1311 1078 1379 prudenter
1103 1313 1348 1379 ittcedas,
1384 1318 1730 1384 morerisque
1765 1317 1818 1370 in
1853 1328 2012 1386 prato

431 1399 850 1469 Scripturarnm
915 1401 1182 1458 divinitus
1263 1405 1677 1474 inspiratarum,
1759 1423 1824 1462 ac
1885 1409 2016 1464 inde

433 1493 788 1560 propheticos
822 1493 983 1550 ﬂores
1023 1505 1078 1549 et
1119 1497 1486 1566 apostolicum
1528 1514 1709 1554 rorem
1741 1501 2011 1572 colligas;

431 1583 528 1652 qui
569 1585 834 1638 virtutum
867 1589 1134 1656 symbolis
1161 1589 1422 1644 assiduus
1453 1591 1716 1658 insideas,
1745 1593 2014 1649 divinam-

433 1689 542 1744 que
579 1691 643 1730 ex
679 1678 760 1732 eis
789 1679 1056 1734 conﬁc’as
1093 1681 1363 1751 propolim
1400 1681 1548 1754 (97);
1581 1684 1674 1754 qui
1710 1685 1816 1739 mel
1842 1685 2013 1740 incul-

2125 493 2215 557 Ὠς
2249 493 2314 546 ἂν
2357 495 2418 547 ού
2457 495 2524 564 τῇ
2565 494 2867 565 μικροφυῖᾳ
2903 489 3000 545 τοῦ
3041 491 3200 559 λόγου
3243 486 3706 558 συγκαθαιρεθείη

2109 585 2171 639 τὸ
2205 585 2412 656 θαῦμα,
2445 586 2542 651 καὶ
2577 588 2676 656 τῆς
2709 587 2767 638 ἐν
2797 585 3015 654 ἑκάστῳ
3051 582 3148 637 νῦν
3184 583 3312 651 περὶ
3349 579 3515 634 αὑτοῦ
3551 579 3708 649 δόξης

2110 677 2320 743 γένοιτό
2346 694 2450 741 τις,
2477 677 2568 730 διὰ
2592 676 2701 729 τῶν
2725 677 2972 730 ἐπαινεῖν
2993 672 3446 746 ἐπιχειρούντων,
3471 671 3708 724 ἐλάττω-

2113 786 2226 834 σις,
2266 772 2512 840 κρεῖττον
2555 769 2623 822 ἂν
2663 769 2757 822 ἐπὶ
2793 768 2896 837 τῆς
2931 767 3142 838 σιωπῆς
3179 765 3380 836 μᾶλλον
3420 763 3610 830 αὔξειν
3651 765 3712 819 έν

2113 861 2323 924 ἑαυτοῖς
2363 861 2423 913 τὸ
2457 859 2664 929 θαῦμα,
2703 858 2736 930 ἢ
2775 859 2865 912 διὰ
2907 856 3002 912 τοῦ
3043 857 3206 927 λόγου
3242 856 3714 928 κατασμικρύνειν

2111 951 2203 1004 τὸν
2229 951 2472 1005 ἔπαινον.
2499 951 2624 1014 Πῶς
2653 951 2760 1020 γὰρ
2787 950 3108 1012 ὲπειπόντες
3136 950 3234 1002 καὶ
3257 948 3354 1002 νῦν
3379 965 3438 1004 σε
3472 949 3714 1020 μακαρία

2114 1059 2318 1110 σωμεν,
2345 1043 2526 1113 πάτερ
2545 1041 2834 1108 Baianas;
2869 1041 2926 1095 '0
2951 1040 3028 1112 τῷ
3055 1039 3269 1110 κέντρῳ
3293 1038 3392 1095 τοῦ
3417 1039 3578 1107 λόγου
3607 1040 3713 1110 τὴν

2115 1133 2324 1204 πλάνην
2352 1133 2557 1188 νύττων
2587 1135 2684 1188 καὶ
2717 1132 3042 1187 ἀπελαύνων
3065 1144 3080 1160 ³
3118 1135 3146 1185 ὁ
3179 1131 3433 1202 ἀπαίρων
3465 1130 3713 1195 συνετῶς

2113 1219 2230 1291 ἅμα
2273 1223 2396 1284 ταῖς
2441 1221 2754 1294 μελίτταις,
2797 1222 2892 1300 καὶ
2939 1221 3155 1292 σκηνῶν
3191 1223 3272 1284 εἰς
3313 1221 3557 1292 λειμῶνα
3599 1221 3712 1274 τῶν

2076 1321 2084 1328 '
2115 1311 2492 1366 θεοπνεύστων
2513 1313 2748 1384 Γραφῶν
2763 1353 2778 1379 ,
2800 1312 3058 1366 κάκεῖθεν
3078 1311 3387 1381 ὰνθολογῶν
3410 1312 3548 1383 ἄνθη
3575 1329 3713 1384 προ·

2115 1399 2352 1470 φητικὰ,
2397 1400 2588 1472 δρόσον
2631 1401 3023 1472 ἀποστολικήν.
3059 1399 3121 1462 'Q
3161 1402 3249 1455 dei.
3293 1401 3558 1466 ὲνιζάνων
3596 1405 3714 1465 τοῖς

2117 1505 2180 1542 συ
2189 1489 2408 1560 μϐόλοις
2431 1491 2540 1544 τῶν
2565 1491 2798 1564 ἀρετῶν,
2826 1494 2920 1552 καὶ
2941 1492 3003 1558 ἐξ
3025 1492 3212 1547 αὐτῶν.
3229 1493 3326 1564 τὴν
3349 1493 3502 1547 θείαν
3527 1493 3716 1548 ποιού-

2116 1595 2277 1647 μενος
2317 1581 2603 1652 πρόπολιν.
2638 1582 2696 1636 '0
2731 1583 2792 1636 τὸ
2832 1583 2952 1654 μέλι
2990 1571 3090 1658 τῆς
3131 1585 3436 1655 ἀμωμήτου
3474 1585 3716 1648 πίστεως

2117 1672 2294 1740 σοφῶς
2325 1673 2704 1743 ἐργασάμενος
2735 1676 2794 1732 ὲν
2825 1674 3104 1745 ΙΙνεύματι
3139 1675 3308 1746 ἁγίῳ,
3343 1677 3372 1729 ὁ
3403 1674 3512 1730 τῶν
3545 1693 3717 1748 πονη-

434 1776 574 1835 patae
617 1767 742 1820 fidei
794 1768 848 1821 in
889 1745 1327 1838 Spiritu-saneto
1378 1745 1658 1843 sapienter
1716 1775 2008 1843 elTecet-is;

2120 1763 2230 1833 ρῶν
2259 1764 2488 1834 σφηκῶν
2515 1768 2880 1836 καταφρονεῖν
2908 1765 3198 1829 διδάσκων,
3229 1767 3324 1831 καὶ
3353 1765 3558 1836 πτῆσιν
3585 1783 3716 1821 ποι-

433 1858 532 1926 qui
567 1859 740 1914 malas
790 1875 983 1928 vespas
1012 1866 1349 1934 contemptui
1385 1866 1610 1932 habere,
1641 1885 1706 1924 ac
1737 1872 1922 1928 volatu
1956 1873 2012 1928 in

433 1948 634 2002 coelum
667 1949 1003 2006 contendere
1029 1954 1228 2007 doceas
1257 1971 1270 2020 ;
1301 1957 1394 2024 qui
1429 1957 1575 2012 sicut
1607 1959 1776 2015 David
1808 1963 2016 2018 clama-

434 2037 830 2105 veristhuam
855 2041 1036 2097 dulcia
1072 2043 1327 2102 faucibus
1367 2047 1506 2102 meis
1541 2049 1762 2122 eloquia
1803 2063 1895 2108 tua
1927 2065 2007 2122 ο.»

435 2125 666 2183 Domine
685 2132 698 2184 l
1125 2143 1133 2150 ‘
1605 2180 1610 2184 .

511 2219 628 2274 Una
681 2231 882 2289 tecum,
929 2241 961 2280 ο
1001 2227 1172 2284 ﬁdelis
1221 2231 1777 2310 Basili,_dcsiderium
1810 2253 2015 2294 acuen-

436 2325 540 2378 tes,
577 2313 680 2366 lteti
711 2317 924 2384 pariter
967 2320 1311 2390 plausintus,
1354 2329 1491 2382 nihil
1528 2331 1628 2384 tibi
1665 2347 1694 2384 a
1733 2333 1893 2388 nobis
1933 2331 2016 2386 af-

436 2401 713 2489 ferentes;
765 2409 969 2486 quippe
1021 2419 1378 2472 temerarium
1427 2431 1565 2476 est:
1620 2422 1716 2477 sed
1754 2423 2018 2480 laudatio-

435 2511 560 2550 nem
609 2513 638 2551 a
691 2501 1038 2560 dulcissimis
1089 2492 1309 2562 Inrtrntn
1370 2511 1596 2566 landum
1656 2516 2014 2584 prmconibus

436 2587 748 2653 collectam,
783 2591 949 2648 haece
1000 2597 1166 2651 vitam
1205 2598 1401 2654 ferenti
1447 2603 1774 2658 celebritate
1802 2616 2015 2662 octavae

435 2675 542 2728 diei
575 2678 1035 2738 Circumcisionis
1065 2689 1469 2756 congessimus,
1509 2707 1752 2762 congrua
1789 2695 1857 2748 ad
1891 2713 2018 2751 can-

436 2767 602 2821 ticum
633 2785 755 2825 cum
789 2775 1048 2830 omnibus
1081 2779 1424 2834 celebrantes
1475 2785 1762 2840 memoria.
1801 2785 2013 2841 Etenim

438 2868 630 2914 octava
681 2862 1144 2923 Ctreutncisiouis
1190 2868 1278 2924 die
1329 2870 1496 2925 vitam
1530 2872 1702 2927 solvis
1743 2876 2013 2944 eutigras-

437 2967 568 3019 que,
610 2953 702 3008 ubi
733 2971 906 3010 annos
937 2972 1131 3014 omnes
1170 2957 1283 3014 Deo
1315 2962 1620 3017 servisses:
1666 2963 1720 3016 in
1751 2964 1829 3018 eis
1861 2982 2012 3035 vero,

2114 1855 2293 1908 εἴσοαι
2329 1857 2411 1920 εἱς
2449 1855 2614 1910 αὐτὸν
2649 1856 2741 1910 τὸν
2777 1857 3029 1928 οὐρανόν.
3068 1857 3126 1919 '0
3163 1855 3367 1931 βοήσας
3399 1857 3478 1922 ὡς
3509 1857 3716 1924 Aemo,

2120 1969 2139 2000 ι
2164 1947 2250 2016 Ὠς
2277 1948 2485 2017 γλυκέα
2523 1947 2602 2024 τῷ
2627 1948 2864 2020 λάρυγγί
2894 1965 3002 2020 μου
3029 1947 3100 2008 τὰ
3127 1948 3287 2018 λόγιά
3313 1966 3432 2017 σου,
3463 1968 3484 2004 ι
3511 1949 3720 2021 Κύριεζ

2185 2229 2296 2294 Σοὶ,
2323 2229 2479 2288 πιστὲ
2506 2229 2750 2286 Βασίλειε
2771 2271 2785 2295 ,
2819 2231 2912 2290 τὸν
2946 2230 3112 2292 πόθον
3149 2229 3718 2304 συμπαραθήγοντες,

2112 2323 2204 2376 τὸν
2229 2325 2360 2394 ἡδὺν
2391 2323 2904 2394 συνεκρουσάμεθαο
2923 2323 3106 2388 οὐκαὲξ
3128 2324 3284 2394 ἡμῶν
3316 2341 3371 2378 τι
3407 2325 3496 2378 σοὶ
3527 2342 3710 2396 προσ-

2113 2415 2362 2478 οίσαντες
2405 2433 2419 2450 ο
2472 2415 2745 2488 τολμηρὸν
2801 2415 2910 2488 γὰρ
2936 2433 2950 2446 ·
3009 2415 3124 2469 ἀλλ’
3181 2417 3249 2470 ἐκ
3305 2416 3416 2470 τῶν
3477 2417 3719 2487 ἡδίστων

2114 2509 2417 2559 ἐπαινετῶν
2448 2507 2638 2561 τοῦτον
2667 2508 3052 2578 ὲρανισάμενοι
3073 2548 3088 2570 ,
3123 2507 3180 2558 ὲν
3207 2506 3387 2578 ταύτῃ
3413 2507 3716 2580 συνηθροί-

2116 2613 2288 2667 σαμεν
2313 2599 2378 2667 τῇ
2411 2597 2686 2668 φερεσϐίῳ
2718 2595 3026 2666 πανηγύρει
3047 2595 3148 2665 τῆς
3167 2595 3516 2668 όκταημέρου
3546 2597 3718 2668 Περι-

2115 2691 2288 2759 τομῆς
2329 2687 2398 2742 τὰ
2431 2688 2650 2742 ἐοικότα
2681 2687 2818 2760 προς
2865 2686 3035 2758 ὕμνον
3071 2690 3138 2758 τῇ
3181 2689 3376 2762 μνήμῃ
3417 2689 3718 2758 συνεορτά-

2117 2777 2300 2842 ζοντες
2315 2795 2330 2810 ·
2353 2778 2686 2850 ὀκταημέρῳ
2709 2778 2820 2848 γὰρ
2841 2778 3114 2848 περιτομῇ
3145 2761 3436 2840 καταλύεις
3457 2777 3550 2832 τὸν
3573 2777 3714 2844 βίον.

2116 2869 2299 2933 ὅπλοις
2343 2869 2387 2902 ³ο
2423 2870 2524 2938 μὲν
2568 2868 2784 2939 χρόνοις
2813 2867 3110 2932 δουλεύσας
3146 2867 3306 2938 Θεῷ,
3345 2867 3492 2922 ὀκτὼ
3546 2868 3605 2922 δὲ
3654 2872 3718 2923 ὲν

2115 2959 2254 3024 ὅλοις
2293 2959 2440 3014 ἔτεσι
2470 2961 2560 3014 τὸν
2589 2959 2690 3030 τῆς
2735 2960 2886 3030 ἱερᾶς
2923 2977 3016 3013 σου
3064 2959 3333 3029 καθέδρας
3366 2959 3554 3022 ίθύνας
3587 2959 3718 3031 θρὸο

437 3053 565 3098 octo
609 3045 882 3102 duntaxat
931 3057 1041 3104 tua:
1081 3052 1228 3106 sedis
1257 3053 1516 3108 thronum
1568 3056 1885 3114 moderatus
1923 3074 2012 3114 es-

2117 3069 2228 3108 νον.
2269 3047 2440 3116 Οὗτος
2477 3053 2591 3114 τοῖς
2631 3049 2822 3105 ἔπεσιν
2870 3051 2900 3104 ὁ
2947 3049 3124 3122 μέγας
3160 3049 3466 3121 Γρηγόριος
3509 3051 3717 3103 ἐννοεῖν

437 3149 549 3192 ses.
583 3135 695 3190 Hoc
717 3153 946 3209 magnus
969 3141 1131 3195 docet
1161 3141 1482 3212 Gregorius,
1519 3145 1609 3200 ubi
1640 3145 2012 3206 desideratum

438 3225 690 3281 versibus
748 3228 1051 3298 proscribit
1095 3230 1207 3300 (98)
1261 3233 1634 3304 cogitandum.
1693 3235 2014 3311 Gregorius,

437 3317 686 3386 inquam,
757 3318 919 3389 cujus
973 3323 1174 3380 studiis
1240 3325 1468 3400 irrigata
1522 3331 1682 3387 nobis
1735 3333 2014 3404 theologia

441 3410 711 3467 illustrius
765 3414 1134 3483 splendescit;
1190 3426 1353 3490 teque
1404 3422 1643 3494 theologi
1676 3436 1828 3489 nota,
1863 3427 2015 3481 velut

439 3499 530 3566 qui
573 3501 734 3555 ambo
789 3500 930 3558 idem
981 3505 1207 3574 spiretis
1261 3515 1316 3562 et
1345 3509 1412 3563 ad
1473 3510 1616 3567 idem
1674 3515 2012 3584 respiciatis,

441 3586 687 3658 insignit.
721 3587 866 3646 Sane
896 3607 1005 3646 una
1039 3593 1098 3648 in
1151 3599 1608 3667 utroque.anima
1641 3600 1858 3659 duobus
1889 3620 2016 3660 cor-

437 3679 666 3746 poribus
719 3681 962 3737 ferendis
1015 3683 1322 3741 dicebatur.
1374 3688 1506 3745 Post
1558 3691 1706 3764 hunc
1784 3711 2014 3766 quoque

438 3767 736 3838 Gregorius
761 3771 1067 3842 Nyssenus,
1109 3787 1164 3831 et
1198 3778 1320 3848 ipse
1351 3779 1669 3836 divinorum
1701 3783 2006 3856 interpres,

439 3873 503 3914 ac
538 3861 624 3912 vix
655 3862 954 3932 quidquam
987 3865 1086 3920 tibi
1121 3867 1300 3938 gloria
1336 3871 1532 3942 impar,
1566 3882 1626 3928 ιιι
1657 3891 1834 3945 neque
1863 3877 2018 3933 deest

439 3948 646 4018 aliquid
681 3951 748 4006 ad
779 3954 1240 4025 prapinquitatem
1273 3970 1503 4017 naturae.
1537 3962 1622 4018 Ad
1655 3964 1757 4020 bos
1797 3967 2012 4021 accedit

439 4039 834 4114 Ephraam.qui
905 4046 1114 4116 Spiritu
1173 4049 1366 4107 divino
1421 4067 1624 4110 arcana
1673 4055 2009 4126 iudiciorum

437 4129 536 4186 Dei
583 4134 822 4191 lidelium
855 4140 1122 4198 cordibus
1151 4157 1248 4198 cett
1284 4147 1538 4214 putandis
1572 4146 1836 4202 infundit.
1869 4147 2010 4203 lluic

440 4224 776 4283 revelatiene
805 4229 1134 4298 innotescis,
1181 4235 1343 4306 isque
1389 4243 1443 4292 te
1467 4237 1844 4294 nescientibus
1871 4254 2010 4310 pra:-

2119 3147 2288 3214 ήμᾶς,
2323 3147 2390 3216 τῇ
2421 3143 2696 3216 έπιθυμίφ
2726 3159 2822 3198 σου
2855 3144 3154 3215 προγραφῇ
3186 3141 3520 3198 ἐκδιδάσκει.
3566 3142 3709 3214 Παρ⁹

2117 3232 2179 3290 οὗ
2197 3238 2230 3306 ἠ
2261 3235 2507 3304 θεολογία
2530 3236 2664 3307 ἡμῖν
2693 3234 3040 3306 έπαρδομένη
3055 3233 3493 3306 καταστράπτει,
3525 3233 3622 3288 καί
3650 3251 3715 3288 σε

2116 3327 2190 3393 ῶς
2222 3327 2468 3396 θεολόγον
2503 3325 2944 3398 διασημαίνεται,
2982 3326 3058 3389 ῶς
3087 3325 3148 3378 τὸ
3183 3323 3243 3378 ἓν
3288 3325 3552 3390 πνέοντες
3572 3367 3588 3390 ,
3617 3325 3719 3380 καὶ

2117 3417 2254 3487 πρὸς
2284 3417 2346 3470 τὺ
2371 3415 2430 3469 ἓν
2461 3415 2768 3486 βλέποντες.
2795 3415 2910 3469 Μία
2945 3413 3045 3486 μὲν
3082 3417 3140 3468 ὲν
3169 3415 3508 3486 ἀμφοτέροις
3535 3415 3717 3470 ἐδόκει

2115 3509 2283 3582 ψυχὴ,
2316 3509 2412 3564 δύο
2439 3509 2666 3580 σώματα
2700 3509 2960 3578 φέρουσα.
2995 3507 3264 3572 Συναῦθις
3292 3508 3389 3561 καὶ
3409 3507 3719 3579 Γρηγόριος

2116 3601 2146 3654 ὁ
2172 3600 2491 3667 Νυσσαέων,
2519 3601 2613 3654 καὶ
2642 3584 2804 3663 αὐτὸς
2821 3599 2932 3654 τῶν
2961 3599 3122 3654 θείων
3151 3598 3422 3670 ἐξηγητής
3447 3615 3463 3630 ο
3487 3600 3562 3669 μὴ
3589 3617 3719 3653 τοσ-

2115 3693 2275 3748 οῦτον
2320 3693 2420 3764 τῆς
2456 3693 2606 3764 παρὰ
2651 3691 2745 3746 σοῦ
2771 3691 2944 3762 ,δόξης
2984 3691 3438 3762 ἀπολειπόμενος,
3471 3691 3547 3756 ὡς
3591 3691 3717 3746 οὐδὲ

2116 3767 2184 3856 τῇ
2213 3787 2350 3856 πρὸς
2367 3783 2527 3854 φύσιν
2555 3783 2836 3855 ἐγγύτητι.
2866 3783 2972 3836 Σὺν
2994 3775 3077 3846 οἷς
3107 3783 3202 3836 καὶ
3233 3780 3497 3854 Ἐφραῒμ,
3516 3785 3545 3836 ὁ
3579 3782 3716 3854 θείῳ

2117 3875 2400 3946 Πνεύματι
2446 3875 2516 3928 τὰ
2543 3875 2834 3946 ἀπόρρητα
2857 3871 2966 3926 τῶν
3003 3871 3164 3927 θείων
3195 3873 3480 3942 χριμάτων
3505 3890 3718 3945 καταρ·

2117 3967 2313 4032 δεύσας
2332 3969 2453 4030 ταῖς
2471 3965 2718 4036 καρδίαις
2747 3963 2856 4018 τῶν
2877 3964 3110 4018 πιστῶν.
3142 3965 3240 4027 "O;
3275 3979 3334 4016 σε
3362 3963 3460 4018 καὶ
3480 3963 3549 4016 δι’
3572 3964 3716 4016 ἀπο-

2119 4040 2403 4127 καλύψεως
2430 4054 2709 4127 γνωρίζει,
2734 4055 2829 4109 καὶ
2851 4057 2964 4118 τοῖς
2999 4053 3390 4124 ἀγνοουμένοις
3420 4053 3714 4126 κηρύττει.

2128 4149 2220 4214 Ὦς
2247 4149 2356 4220 γάρ
2385 4166 2444 4202 σε
2476 4148 2596 4202 θεῖα
2618 4148 2870 4220 νοήματα
2898 4147 3302 4218 προκείμενον,
3343 4148 3410 4218 τῇ
3444 4145 3542 4204 τοῦ
3574 4145 3716 4200 Θεοῦ

2129 4239 2425 4311 Ἐκκλησία
2457 4239 2694 4310 φανῆναι
2727 4225 3146 4310 προτρέπεται(

439 4314 603 4370 conio
650 4321 910 4375 ostendit.
971 4321 1136 4381 Velut
1209 4328 1356 4383 enim
1405 4329 1751 4400 exponendis
1804 4329 2012 4386 divinis
2049 4324 2235 4387 sensis
2277 4331 2629 4404 prepositum
2689 4327 2831 4403 (99),
2882 4325 2980 4384 Dei
3037 4334 3093 4386 to
3159 4325 3427 4385 Ecclesia:
3492 4325 3720 4405 conspi-

441 4420 606 4460 cuum
639 4409 758 4464 ﬁeri
791 4413 1136 4478 adhortatur.

517 4574 542 4604 ο
577 4565 722 4622 Psal.
752 4585 945 4637 can,
981 4572 1106 4628 103.

1730 4711 1969 4772 VARUS
2001 4711 2413 4772 LECTIONES.
2435 4703 2440 4709 ’

516 4797 563 4830 ³⁸
579 4795 745 4854 Forte
777 4799 940 4864 ὅλοις.

1743 4923 2135 4982 COMBEFISII
2165 4923 2400 4982 ΝΟΤΔΕ.

511 5012 624 5084 (97)
677 5011 973 5092 Propolim.
1011 5013 1070 5072 in
1103 5029 1269 5087 apum
1333 5017 1598 5092 operibus
1643 5020 1850 5076 dicitur
1907 5031 2020 5076 ter-
2053 5025 2100 5084 ι)
2199 5021 2418 5092 Qctoitis
2476 5021 2634 5077 annis
2661 5020 2846 5092 populi
2867 5035 2922 5076 es
2953 5019 3271 5076 moderatus
3307 5020 3539 5076 habenas

442 5084 587 5140 tium
610 5099 752 5140 certe
775 5084 1212 5160 fundamentum,
1234 5103 1300 5160 ex
1315 5084 1605 5160 crassiore
1631 5093 2024 5160 tenacioreque

443 5161 713 5228 constans
742 5158 966 5228 materia
1004 5157 1209 5228 frigori
1251 5157 1577 5228 iniuriaeque
1606 5177 1800 5218 omnes
1834 5157 2022 5218 aditus

445 5225 764 5300 obstructis,
789 5225 1426 5300 [avosque'stabiliens
1450 5225 1590 5286 Plin.
1611 5247 1671 5292 tt.
1696 5247 1746 5286 c.
1777 5233 1838 5300 '7;
1860 5232 2028 5296 idem,

447 5297 486 5350 1.
520 5309 670 5362 xxw,
705 5311 755 5352 c.
843 5315 860 5353 :
887 5297 1082 5374 Rapidi
1108 5297 1283 5366 ferunt
1325 5299 1546 5369 t'nfoliis
1589 5297 1908 5372 guttam,“
1929 5319 2034 5374 qua

450 5380 574 5438 apes
593 5367 866 5438 propolim
900 5368 1128 5438 faciunt.

525 5435 750 5525 (98)!)in
776 5435 1493 5525 ’tt‘ert'deratuntproscribit;
1541 5441 1621 5512 Τῇ
1645 5441 1922 5525 ἐπιθυμίη)
1938 5459 2034 5496 σου

2202 5089 2560 5148 ΟΙινίειίοοιω.

2131 5162 2237 5249 Ero
2295 5163 2450 5249 focis
2521 5161 2674 5219 illius
2741 5160 3112 5233 explicatione
3179 5159 3406 5217 videndi
3475 5160 3713 5234 interpr.

2133 5233 2513 5372 03:99.}.Velut
2537 5302 2678 5358 enim
2719 5301 3045 5372 exponendis
3067 5300 3262 5356 divinis
3283 5301 3452 5356 sensit
3470 5302 3718 5369 proposi-

2085 5413 2090 5418 -
2139 5384 2274 5428 tum.
2310 5373 2570 5428 Mendosa
2626 5373 2809 5428 littera
2845 5383 2940 5426 aut
3001 5373 3216 5435 mutila,
3249 5387 3352 5426 nec
3383 5372 3545 5427 nobis
3577 5372 3718 5426 faci-

2143 5460 2266 5499 mus
2317 5445 2481 5499 satis.
2511 5441 2741 5498 Fuerint
2765 5441 2954 5496 forsan
2988 5441 3106 5496 haec
3140 5441 3330 5496 Basilii
3351 5442 3404 5496 in
3437 5441 3718 5508 Ephrem,

408 5535 415 5543 -
453 5509 774 5584 προγραφῇ.
800 5506 1012 5584 Nempe
1041 5506 1324 5584 epitapbio
1353 5513 1474 5584 illo,
1497 5506 1779 5584 (ιιιόίιοιιιι
1811 5506 1864 5584 in
1895 5506 2036 5568 ima-
2140 5529 2304 5584 quem
2360 5514 2526 5568 nimia
2576 5513 2906 5584 humilitate
2935 5513 3040 5568 sub
3064 5512 3331 5584 monachi
3365 5506 3556 5584 habitu
3584 5506 3713 5567 dei-i4

456 5575 603 5642 ginc,
627 5575 697 5652 ob
725 5575 920 5632 oculos
949 5575 1322 5652 desideratum
1349 5575 1549 5652 ponit';
1587 5582 1676 5638 ubi
1699 5591 1783 5638 cst
1808 5583 1900 5640 ille
1919 5599 2038 5640 vcr-

462 5657 579 5706 sus,
607 5643 670 5716 ad
707 5661 866 5716 quem
903 5657 1094 5702 auctor
1122 5651 1340 5706 ailudit.

575 5788 582 5795 ἱ
625 5711 890 5780 Ὀκταετῆ
915 5718 1062 5771 λαοῐο
1089 5719 1212 5791 Cri;
1225 5737 1377 5790 ρονος
1407 5720 1528 5792 ἠνία
1548 5721 1730 5787 τείνας

2143 5581 2484 5650 ιεεοειιιειη,
2522 5583 2589 5638 ad
2625 5581 2884 5638 Ecclesiae
2935 5581 3314 5652 magisterium
3369 5582 3454 5652 vir
3525 5583 3719 5637 beatus

2146 5654 2464 5724 impulerit;
2501 5655 2550 5710 si
2599 5653 2907 5724 praesertim
2934 5693 2949 5724 ,
2982 5663 3041 5724 ut
3071 5652 3235 5724 habet
3289 5651 3718 5724 _Atnpltilucltius

2156 5733 2210 5780 et
2232 5721 2622 5797 Mcnologinm,
2658 5723 2726 5779 ad
2753 5723 3126 5782 sacerdotium
3149 5721 3365 5794 adegit:
3405 5736 3519 5794 quo
3543 5723 3718 5793 gradu
