4032 6138
416 322 524 393 θῖθ

1045 325 1128 396 ΙΝ
1161 336 1821 403 CIRCUMCISIONEM
1849 343 2126 404 DOMINI
2162 344 2257 409 ET
2296 348 2380 410 IN
2418 351 2477 411 3.
2521 353 2913 418 BASILIUM.

3564 366 3673 429 930

502 441 661 496 Ἀλλᾶ
708 438 805 497 σὺν
840 443 1020 509 αὐτοῖς
1062 450 1175 511 τοῖς
1221 449 1386 514 θείοις
1426 453 1760 520 ἐπαινέταις,
1813 456 1980 527 πάτερ

2165 461 2481 532 Enimvero,
2528 465 2697 522 Basili
2754 479 2932 538 pater,
2978 473 3072 542 qui
3122 488 3245 530 cum
3283 475 3419 546 ipsis
3464 476 3670 536 divinis

419 531 684 597 Βασίλειε,
715 534 771 586 ὲν
792 537 1151 606 πατριαρχῶν
1187 540 1578 596 συναπολαύων
1598 548 1825 615 σκηναῖς
1856 547 1993 602 ἀπο-

418 621 621 674 στόλων
652 638 712 674 τε
752 623 849 675 καὶ
885 626 1181 695 προφητῶν
1225 632 1674 699 μυσταγωγίαις,
1720 634 1814 687 καὶ
1851 653 1991 706 μαρ-

414 709 595 776 τύρων
624 713 1038 783 στεφηφορίαις,
1079 715 1175 768 καὶ
1232 718 1483 788 μοναχῶν
1524 722 1785 792 χορείαις,
1833 722 1992 779 θείων

411 816 472 852 τε
505 801 776 872 ἱεραρχῶν
806 804 900 856 καὶ
930 805 1148 860 πάντων
1185 806 1409 862 δικαίων
1449 812 1897 883 ἀγαθοτρυφίαις,
1921 816 1991 871 τὰ

412 890 553 962 ὑπὲρ
573 894 734 964 ἡμῶν
777 896 1068 966 μνήσθητι,
1112 902 1528 972 συνεπαγείρων
1567 906 1646 969 είς
1691 908 1991 977 πρεσϐείαν

411 983 620 1048 πάντας
653 985 988 1056 ὀμοσκήνους
1038 1005 1156 1054 σου,
1196 991 1290 1044 τοῦ
1325 992 1716 1050 καθικετεῦσαι
1758 998 1989 1054 πάντοτε

415 1074 535 1143 μὲν,
565 1076 657 1128 καὶ
688 1075 784 1131 νῦν
812 1078 869 1130 δὲ
902 1079 993 1133 τὸν
1027 1082 1204 1134 κοινὸν
1237 1085 1515 1155 Δεσπότην
1542 1087 1683 1159 ὑπὲρ
1716 1089 1814 1159 τῆς
1850 1092 1988 1145 πάν-

407 1178 516 1215 των
562 1165 837 1235 σωτηρίας
862 1167 1241 1237 Χριστιανῶν·
1283 1172 1506 1242 βασιλέα
1544 1179 1888 1247 καταρτίζων
1929 1182 1988 1234 ἐν

409 1252 724 1326 δικαιοσύνῃ
777 1260 871 1311 καὶ
916 1259 1234 1328 θεοσεϐείᾳ,
1266 1264 1332 1316 ἶν’
1376 1265 1490 1336 ἔχοι
1528 1267 1665 1321 Θεὸν
1698 1269 1988 1342 σύμμαχον

404 1345 572 1400 αὑτοῦ
609 1351 721 1411 τοῖς
751 1350 985 1420 νοήμασι
1009 1392 1024 1416 ,
1054 1353 1146 1406 τὸν
1179 1356 1459 1428 ἀδιάδοχον
1491 1359 1741 1428 βασιλέα,
1769 1364 1903 1434 παρ’
1925 1362 1986 1420 οὗ

403 1436 725 1503 δεσπόζεται
773 1440 1019 1496 ἄνωθεν*
1074 1445 1341 1514 ἄρχοντάς
1378 1465 1439 1500 τε
1480 1451 1573 1503 καὶ
1608 1454 1888 1523 ἡγεμόνας
1929 1456 1988 1511 ἐν

403 1527 659 1602 εὐσεϐείᾳ
684 1530 922 1586 διέποιτο
957 1535 1254 1604 ὑπηκόους,
1289 1541 1508 1612 στρατῷ
1536 1547 1982 1617 συμμαχόμενος,

405 1619 618 1672 καὶτὸν
663 1622 850 1677 λοιπὸν
892 1625 1022 1679 λαὸν
1068 1629 1126 1680 ὲν
1157 1630 1382 1701 ὁμονοίᾳ
1421 1635 1488 1703 τῇ
1532 1634 1669 1705 πρὸς
1706 1637 1804 1707 τὴν
1834 1637 1985 1693 θείαν

404 1709 609 1778 πίστιν,
625 1715 720 1767 καὶ
739 1717 804 1786 τῇ
825 1719 958 1787 προς
972 1718 1234 1790 ἀλλήλους
1249 1723 1438 1793 εἰρήνῃ
1457 1723 1765 1794 διακρατῶν
1783 1744 1795 1756 ’
1815 1729 1983 1800 χρίων

401 1803 682 1874 ἀρχιερεῖς
715 1808 772 1859 ὲν
807 1806 1079 1880 θεολογία,
1113 1811 1292 1874 καλῶς
1320 1813 1591 1886 κυδερνᾷν
1625 1816 1722 1887 τὴν
1749 1820 1814 1873 ὲκ
1846 1820 1982 1874 Θεοῦ
2014 1802 2056 1858 Β

401 1892 496 1943 καὶ
524 1894 676 1961 παρὰ
741 1894 836 1946 σοῦ
904 1897 1087 1965 σοφῶς
1131 1899 1594 1972 πεπαιδευμένην,
1642 1906 1738 1959 καὶ
1802 1909 1984 1975 αὐτοῖς

400 1982 854 2052 ἐμπιστευθεῖσαν
919 1989 1265 2060 Ἐκκλησίαν.
1336 1992 1525 2062 Ἰερεῖς
1600 1997 1659 2049 ὲν
1723 1998 1982 2072 εὐλαϐείᾳ

396 2071 692 2144 διατηρῶν,
725 2077 873 2140 ὅπως
899 2077 1209 2150 θεαρέστως
1248 2080 1511 2151 βιοῦντες,
1559 2087 1657 2140 καὶ
1691 2089 1782 2143 τὸν
1812 2071 1982 2161 ὕμνον

397 2162 638 2230 ἐπαξίως
660 2166 740 2233 τῷ
774 2184 833 2219 σε
872 2169 988 2222 νυνί
1016 2185 1076 2222 τε
1117 2171 1547 2247 προσλαϐομένῳ
1586 2178 1682 2233 καὶ
1723 2180 1980 2250 στέψαντι

397 2257 494 2308 καὶ
552 2257 718 2310 παντὶ
777 2257 857 2329 τῷ
909 2258 1087 2332 πιστῷ
1145 2262 1304 2334 δήμῳ
1368 2268 1643 2339 περιφανῆ
1697 2271 1932 2339 δείξαντι
1961 2314 1977 2341 ,

397 2347 656 2416 ποιμένα,
685 2349 779 2402 καὶ
809 2351 872 2422 δὴ
913 2352 1217 2424 πλέξωμεν.
1266 2359 1363 2420 Ὃς
1388 2359 1456 2412 δι’
1488 2363 1636 2432 ἡμᾶς
1661 2364 1980 2437 ὲπτώχευσε

397 2435 653 2503 πλούσιος
680 2438 775 2505 ὢν,
817 2444 881 2495 ἐκ
911 2444 1149 2514 γαστρὸς
1186 2449 1468 2516 προελθὼν
1511 2435 1874 2530 σαρκοφόρος,
1903 2461 1980 2527 ὡς

396 2522 539 2580 οἶδεν
573 2530 756 2594 αὐτός.
795 2531 852 2585 Ὀ
884 2533 997 2587 ἀνω
1036 2535 1114 2606 τῷ
1147 2537 1322 2606 Πατρὶ
1358 2522 1848 2617 συγκαθεζόμενος,
1884 2522 1979 2607 καλ.

394 2619 457 2671 δν
496 2621 741 2694 σπηλαίῳ
779 2640 838 2677 τε
890 2627 1226 2698 τικτόμενος,
1261 2632 1356 2686 καὶ
1403 2634 1463 2687 ἐν
1507 2637 1683 2711 φάτνῃ
1731 2658 1980 2714 σπαργα-

392 2710 677 2783 νούμενος.
727 2716 785 2770 Ὁ
829 2719 934 2773 ὑπὸ
980 2722 1229 2791 ἀγγέλων
1269 2710 1694 2800 ἀνυμνούμενος,
1739 2710 1978 2792 καὶ-ὕπὸ

391 2803 671 2871 ποιμένων
698 2804 1130 2880 θαυμαζόμενος.
1171 2814 1228 2869 Ὀ
1256 2820 1322 2888 τῇ
1342 2819 1591 2893 παρούσῃ
1614 2823 1774 2897 ὀγδόῃ
1794 2829 1977 2901 ἡμέρᾳ

393 2897 881 2967 περιτεμνόμενος,
916 2902 1012 2955 καὶ
1048 2903 1230 2976 Ἰησοῦ
1258 2913 1634 2982 προσηγορίαν
1661 2897 1973 2988 δεχόμενος.

405 2982 466 3036 ’0
493 2984 768 3057 καθάρσια
793 2993 1121 3065 προσφέρων
1144 3035 1159 3058 ,
1193 2998 1285 3050 καὶ
1327 3000 1431 3054 ὑπὸ
1464 3003 1693 3074 Συμεὼν
1723 2982 1825 3061 καὶ
1852 2982 1977 3063 Ἀν-

389 3090 491 3144 νης
512 3077 1067 3194 ἀνθομολογούμενος,
1092 3088 1184 3140 καὶ
1211 3088 1316 3142 ὑπὸ
1338 3092 1544 3160 Μάγων
1565 3095 1865 3194 δορυφορού
1875 3119 1972 3171 με·
1999 3136 2042 3194 c

388 3182 500 3229 νος.
550 3167 607 3221 ’0
632 3169 849 3238 φεύγων
890 3177 970 3237 εἰς
997 3176 1290 3245 Αἴγυπτον,
1321 3184 1415 3237 καὶ
1447 3202 1467 3236 ι
1503 3185 1664 3240 σείων
1689 3167 1971 3261 τὰνχειρο-

390 3255 590 3326 ποίητα
612 3260 911 3327 Αἰγύπτου.
968 3281 988 3314 ι
1045 3263 1102 3317 '0
1135 3266 1234 3337 τὴν
1275 3269 1489 3323 τελείαν
1526 3273 1719 3344 ἀνδρὸς
1758 3255 1972 3345 ἠλικίαν

386 3344 699 3418 δεχόμενος,
754 3352 850 3406 καὶ
900 3355 1005 3409 ὑπὸ
1026 3356 1215 3410 δούλου
1283 3358 1719 3433 βαπτιζόμενος,
1759 3344 1853 3421 καὶ
1893 3370 1973 3442 τῷ

389 3435 544 3491 ὕδατι
577 3439 811 3509 βυθίζων
837 3444 935 3514 τὴν
964 3445 1059 3500 τοῦ
1096 3448 1306 3520 κόσμου
1347 3452 1644 3525 ἁμαρτίαν.
1695 3457 1752 3511 '0
1780 3435 1972 3531 κόσμῷ

389 3532 815 3602 φανερούμενος,
866 3537 962 3591 καὶ
1003 3540 1106 3593 ὑπὸ
1168 3542 1436 3598 Ἰουδαίων
1495 3549 1845 3618 μισούμενος,
1890 3548 1973 3616 οἷς

386 3620 484 3673 καὶ
527 3621 598 3675 τὰ
639 3622 763 3689 ξένα
789 3626 1252 3702 ἐθαυματούργει.
1295 3634 1494 3700 Τέλος,
1544 3639 1972 3711 παραδιδόμενος

386 3711 486 3764 καὶ
533 3714 976 3786 σταυρούμενος,
1026 3718 1146 3775 εἶτα
1194 3723 1292 3776 καὶ
1338 3724 1697 3797 ϐαπτόμενος,
1750 3731 1837 3784 ἵνα
1879 3732 1971 3787 τὸν

387 3802 521 3874 ᾅδην
549 3806 978 3875 αἰχμαλωτίσας,
1007 3812 1070 3864 τὸ
1101 3814 1202 3883 τῆς
1241 3816 1596 3882 ἀναστάσεως
1621 3824 1733 3884 τοῖς
1771 3824 1830 3876 ἐν
1866 3824 1968 3897 ᾄδῃ

385 3898 770 3971 περιαστράψῃ
793 3901 1142 3972 ἐπάγγελμα.
1175 3907 1273 3969 Ὃς
1291 3907 1387 3962 καὶ
1412 3909 1614 3983 ἀνέστη
1643 3914 1967 3986 τριήμερος,

383 3982 508 4047 δούς
545 4002 636 4055 μοι
661 3988 761 4060 τὴν
796 3989 1058 4061 δευτέραν
1103 3993 1331 4063 ὀγδοάδα
1355 3982 1629 4072 ¹τιμᾶσθαι
1666 3982 1769 4074 τῆς
1782 3982 1972 4068 deum;

384 4075 767 4145 ἀναπαύσεως,
809 4082 891 4144 εἰς
908 4084 1008 4154 τὴν
1043 4085 1345 4154 μέλλουσαν
1375 4089 1605 4159 ὀγδοάδα
1633 4093 1732 4163 τῆς
1756 4094 1971 4160 τελείας

382 4165 479 4219 τοῦ
513 4168 719 4239 κόσμου
746 4171 1174 4245 ἀπολυτρώσεως
1200 4177 1457 4247 ἄγουσαν.
1476 4181 1639 4235 Ὅθεν
1665 4186 1759 4238 καὶ
1789 4184 1970 4258 μαθη-

382 4260 507 4322 ταῖς
536 4259 850 4330 ἐμφανίζει,
888 4266 984 4319 καὶ
1032 4265 1339 4337 βλεπόντων
1370 4270 1550 4327 αὐτῶν
1591 4274 1673 4337 εἰς
1705 4275 1970 4344 οὐρανοὺς

381 4350 624 4418 αἴρεται,
658 4352 719 4405 τὸ
748 4355 870 4407 κατ’
907 4356 1009 4427 ἐμὲ
1043 4360 1302 4414 ταπεινὸν
1328 4361 1552 4432 ἀνυψῶν
1572 4380 1586 4394 ’
1620 4365 1715 4419 καὶ
1743 4361 1826 4430 εἷς
1858 4369 1970 4421 Κύ-

2094 553 2440 620 praeconibus
2466 557 2908 625 patriarcharum
2961 561 3237 620 delicicris
3265 566 3665 634 tabernaculis,

2092 645 2586 716 apostolorumqne
2637 659 2691 705 et
2741 654 3139 721 prophetarum
3190 657 3369 713 sacris
3400 659 3668 716 initiatio-

2092 734 2276 800 nibus,
2320 745 2738 810 martyrumque
2768 745 3015 811 coronis,
3051 756 3103 801 et
3144 747 3328 805 choris
3364 754 3664 808 monacho-

2091 838 2236 889 rum,
2292 827 2720 901 divinorumque
2793 836 3115 904 praesuluni,
3189 846 3356 908 atque
3418 843 3664 899 omnium

2086 914 2364 982 justorum
2420 920 2828 991 voluptatibus,
2863 914 3041 982 nostri
3094 931 3425 996 recordare,
3473 934 3665 991 Omnes

2089 1004 2286 1060 iisdem
2337 1016 2518 1063 tecum
2573 1013 2945 1071 tabernaculis
2995 1033 3370 1089 congregans,
3422 1030 3481 1078 ut
3517 1041 3664 1080 sem-

2089 1107 2186 1162 per
2232 1110 2298 1149 ac
2357 1098 2520 1153 modo
2566 1100 2619 1153 in
2667 1103 2884 1170 primis,
2938 1109 3220 1161 communi
3278 1110 3504 1165 Domino
3566 1129 3665 1182 pro

2089 1185 2268 1242 salute
2337 1188 2779 1246 Christianorum
2868 1196 3253 1253 universorum
3308 1204 3659 1271 supplicent:

2089 1276 2477 1344 imperatorem
2512 1283 2568 1335 in
2604 1283 2816 1349 iustitia
2848 1292 2903 1339 et
2935 1286 3193 1355 religiosa
3237 1289 3446 1358 pietate
3472 1292 3660 1361 dispo-

2089 1377 2267 1430 ncns,
2322 1373 2379 1420 ut
2436 1368 2601 1423 Deum
2661 1370 2880 1440 habeat,
2957 1375 3344 1445 imperatorem
3400 1381 3553 1435 illum
3605 1393 3661 1437 et

2088 1469 2305 1526 regem,
2342 1459 2430 1513 cui
2476 1461 2661 1516 nullus
2703 1465 2972 1533 succedit,
3009 1482 3038 1520 a
3073 1484 3183 1537 quo
3238 1472 3377 1525 caelo
3428 1475 3657 1542 regitur,

2085 1544 2206 1615 ejus
2263 1549 2570 1617 adiutorem
2627 1555 2903 1618 consiliis,
2942 1558 3331 1631 principesque
3378 1578 3442 1618 ac
3487 1566 3659 1623 duces

2085 1641 2139 1687 et
2164 1635 2447 1703 subjectos
2484 1641 2683 1708 pietate
2712 1655 2864 1713 regat
2893 1663 2908 1710 ;
2959 1653 3224 1704 exercitui
3256 1655 3556 1719 auxilians,
3593 1672 3658 1711 ac

2083 1725 2348 1793 populum
2404 1730 2681 1800 reliquum
2733 1734 2788 1788 in
2826 1737 3013 1791 divina
3049 1744 3379 1798 concordem
3437 1748 3561 1811 title,
3593 1765 3657 1804 ac

2085 1829 2219 1883 pace
2249 1825 2439 1873 mutua
2473 1824 2795 1881 continens:
2835 1844 3047 1898 ungens
3076 1834 3364 1901 pontiﬁces
3400 1836 3452 1890 in
3507 1839 3662 1894 theo-

2084 1905 2249 1975 logia,
2282 1918 2340 1962 ut
2374 1908 2679 1968 Ecclesiam
2713 1933 2777 1971 ex
2804 1917 2912 1973 Deo
2936 1922 3157 1991 tuisque
3197 1931 3656 1998 przeeeplionibus

2083 1996 2362 2065 sapienter
2402 1999 2733 2069 institutam,
2791 2007 2985 2078 eisque
3036 2012 3326 2080 creditam,
3364 1996 3533 2085 probe
3564 2036 3658 2089 gu-

2082 2084 2334 2143 bernent.
2389 2092 2721 2151 Sacerdotes
2763 2097 2817 2152 in
2849 2102 3055 2169 pietate
3104 2119 3416 2164 reverentes
3463 2123 3654 2166 custo-

2082 2173 2261 2242 diens,
2298 2185 2359 2231 ut
2407 2181 2608 2248 placite
2662 2183 2774 2239 Deo
2829 2189 3097 2255 viventes,
3145 2195 3309 2248 etiam
3363 2198 3410 2251 ei
3469 2201 3656 2266 quite

2082 2278 2233 2321 nunc
2282 2271 2590 2340 assumpsit
2662 2278 3086 2347 coronavitque,
3142 2298 3204 2335 ae
3254 2288 3348 2339 toti
3411 2288 3652 2343 ﬁdelium

2081 2356 2286 2425 pepulo
2336 2360 2667 2428 praeclarum
2694 2373 2997 2434 pastorem
3033 2370 3305 2435 exhibuit,
3341 2373 3502 2443 digne
3537 2391 3683 2433 0m-.

2084 2461 2182 2503 nes
2207 2449 2485 2504 canticum
2518 2452 2940 2520 concinnemus.
2975 2458 3059 2521 Ei,
3109 2462 3360 2531 inquam,
3403 2466 3494 2533 qui
3528 2483 3650 2522 cum

2077 2545 2227 2592 esset
2293 2537 2468 2607 dives,
2529 2552 2750 2613 propter
2805 2562 2905 2602 nos
2955 2546 3136 2605 factus
3184 2561 3267 2607 est
3308 2570 3532 2624 pauper,
3584 2573 3652 2612 ex

2079 2636 2238 2684 utero
2280 2644 2405 2685 cum
2451 2647 2618 2688 carne
2676 2650 3024 2705 progressus,
3061 2657 3171 2710 qua
3223 2643 3339 2711 ipse
3369 2646 3523 2700 novit
3559 2663 3651 2699 ra-

2078 2718 2246 2775 tione.
2278 2720 2380 2787 Qui
2413 2722 2467 2776 in
2525 2725 2685 2780 caelis
2724 2714 3176 2793 considet‘l’atri,
3219 2741 3272 2787 et
3304 2737 3555 2791 nascitur
3594 2739 3650 2793 in

2077 2812 2362 2879 spelunca,
2393 2824 2559 2884 atque
2599 2816 2654 2871 in
2688 2820 2921 2890 praesepi
2967 2825 3163 2890 pannis
3199 2824 3514 2881 involvitur.
3547 2830 3648 2884 Cui

2078 2904 2258 2972 angeli
2303 2906 2629 2973 concinunt,
2683 2918 2738 2964 et
2788 2926 2948 2980 quem
2998 2923 3249 2983 pastores
3282 2918 3649 2975 admiratione

2078 3004 2508 3065 prosequuntur.
2559 2998 2663 3064 Qui
2716 2999 2885 3057 haece
2934 3011 3126 3058 octava
3156 3005 3244 3059 die
3281 3008 3646 3065 circumcisus

2076 3094 2184 3149 est,
2225 3094 2276 3140 et
2304 3084 2435 3142 Jesu
2466 3089 2890 3159 appellationem
2927 3097 3156 3164 accepit.
3213 3096 3315 3163 Qui
3350 3098 3506 3155 olIert
3540 3103 3650 3170 pia-

2073 3180 2294 3236 culares
2337 3180 2574 3247 hostias,
2622 3194 2676 3240 et
2710 3184 2798 3239 cui
2855 3185 3079 3242 Simeon
3116 3197 3170 3241 et
3199 3191 3354 3244 Anna
3402 3193 3645 3247 vicissim

2071 3268 2425 3332 conﬁtentur,
2476 3287 2541 3326 ac
2578 3272 2719 3344 Magi
2775 3276 3040 3331 satellitio
3091 3278 3489 3347 obsequuntur.
3541 3280 3646 3348 Qui

2071 3360 2213 3430 fugit
2243 3362 2297 3416 in
2328 3362 2648 3432 Egyptum,
2684 3373 2739 3419 et
2774 3384 2793 3416 ι
2837 3367 3091 3421 concutit
3122 3371 3439 3425 ntanul'acta
3476 3370 3648 3444 Egy-

2070 3450 2174 3521 pti.
2217 3469 2235 3501 ι
2270 3450 2372 3517 Qui
2408 3460 2687 3522 assumpta
2733 3462 2896 3529 aelate
2952 3456 3222 3524 perfecta,
3278 3459 3588 3528 baptizatur
3616 3478 3646 3515 a

2071 3556 2253 3605 servo,
2299 3541 2599 3612 mundique
2647 3534 2943 3614 peccatum'
2983 3547 3286 3618 submergit
3337 3566 3501 3620 aqua.
3537 3552 3644 3619 Qun

2070 3633 2278 3688 mundo
2334 3633 2743 3699 manifestatus,
2817 3636 2945 3691 odio
3006 3638 3075 3691 ab
3128 3636 3331 3694 Iudaeis
3392 3642 3644 3706 habetur,

2070 3726 2274 3796 quibus
2299 3733 2353 3782 et
2382 3743 2519 3783 nova
2559 3728 2823 3783 miracula
2873 3732 3227 3798 operabatur.
3266 3731 3478 3803 Quique
3525 3743 3648 3789 tau-

2070 3817 2193 3873 dem
2221 3816 2456 3873 traditus
2504 3825 2559 3873 et
2611 3818 2761 3872 cruci
2816 3817 3030 3885 allixus,
3081 3823 3429 3891 postmodum
3479 3825 3643 3879 etiam

2071 3910 2322 3979 sepultus
2359 3918 2465 3974 est,
2497 3919 2560 3964 ut
2610 3909 2888 3979 captivato
2947 3910 3187 3976 inferno,
3220 3916 3645 3973 resurrectionis

2071 3998 2420 4053 annuntiatio
2451 3997 2667 4055 inferno
2700 3999 3071 4056 illucesceret.
3126 4001 3230 4067 Qui
3264 4005 3429 4058 etiam
3458 4021 3640 4062 resur.

2071 4088 2213 4143 rexit
2250 4086 2341 4143 die
2367 4089 2554 4151 tertia,
2589 4086 2714 4141 data
2750 4088 2883 4141 mihi
2916 4088 3109 4154 altera,
3148 4106 3273 4145 vere
3304 4094 3395 4147 illa
3431 4097 3646 4168 requie-

2072 4176 2240 4232 tionis
2269 4183 2483 4243 octava,
2516 4191 2683 4246 quam
2733 4176 2945 4231 honore
2998 4192 3382 4247 prosequerer,
3410 4182 3650 4237 ducente

2071 4269 2136 4323 ad
2215 4267 2457 4322 futuram
2505 4275 2898 4321 consummata:
2976 4267 3369 4336 redemptionis
3454 4276 3643 4328 mundi

2070 4371 2341 4414 oetavam.
2397 4357 2767 4425 Quamobrem
2800 4357 2966 4413 etiam
3018 4359 3370 4416 manifestius
3419 4374 3644 4432 apparet

385 4459 503 4511 ρ.ος
530 4444 585 4495 ὲν
615 4444 707 4498 δύο
736 4446 928 4515 φύσεσι
951 4451 1298 4522 γνωρίζεται,
1322 4454 1398 4524 τῷ
1421 4457 1598 4527 Πατρὶ
1625 4459 1721 4512 καὶ
1745 4458 1821 4529 τῷ
1842 4457 1972 4532 θείῷ

2078 4450 2381 4520 discipulis,
2436 4456 2493 4503 et
2543 4448 2678 4518 ipsis
2719 4450 3076 4504 cernentibus
3125 4452 3180 4504 in
3214 4453 3415 4507 emtum
3443 4455 3642 4518 elatus,

382 4533 667 4603 ιινεύματι
712 4540 1323 4613 συμπρὸσκυνούμενος.
1371 4545 1431 4599 Ὀ
1468 4546 1567 4611 τὰς
1595 4548 1690 4602 δύο
1719 4550 1967 4622 θελήσεις

383 4625 587 4696 ὁμοίως
630 4628 727 4681 καὶ
760 4631 1043 4702 ἐνεργείας
1078 4634 1282 4706 φέρων,
1337 4637 1396 4691 '0
1435 4640 1731 4696 κάντεῦθεν
1763 4643 1966 4713 ληπτὸς

385 4717 482 4771 καὶ
518 4719 897 4789 ἀπερίληττος,
946 4725 1193 4795 γραπτὸς
1241 4728 1337 4781 καὶ
1379 4731 1826 4802 ἀπερίγραπτος·
1876 4734 1968 4787 τό-

386 4823 512 4868 ποις
556 4807 600 4838 ³¹
629 4808 722 4861 καὶ
760 4810 1132 4883 εἰκονίσμασιν
1175 4817 1307 4887 ήμῖν
1350 4821 1840 4892 προγραφόμενος,
1872 4822 1968 4876 καὶ

388 4901 447 4951 ὲν
470 4898 672 4964 αὐτοῖς,
692 4900 769 4964 ὡς
789 4900 877 4955 διὰ
911 4903 1076 4973 μέσον
1107 4905 1308 4976 σαρκὸς
1339 4910 1433 4963 καὶ
1458 4911 1789 4982 πνεύματος,
1806 4932 1969 4986 προσ.

388 4989 741 5060 κυνούμενος.
811 4992 938 5055 Τοῖς
992 4995 1213 5061 οἰκείοις
1286 4998 1560 5067 θεολόγοις
1638 5003 1731 5056 καὶ
1801 5007 1968 5062 πᾶσιν

385 5079 565 5146 ἁγίοις
618 5079 1047 5151 ἐκτυπούμενος.
1112 5085 1403 5141 Κοινωνῶν
1451 5089 1587 5160 ἡμῖν
1625 5091 1711 5160 ἐφ’
1761 5093 1966 5148 ἅπασιν

389 5171 627 5241 ὁμοίως·
677 5172 904 5242 καὶγὰρ
934 5175 1001 5244 τῇ
1047 5175 1301 5231 ἐντεῦθεν
1341 5182 1715 5253 προσκυνήσει
1750 5183 1828 5253 τῷ
1867 5186 1969 5256 ἀρ-

2073 4541 2335 4596 humilem
2411 4547 2662 4592 naturam
2747 4539 2989 4594 hominis
3057 4556 3279 4595 sursum
3349 4544 3640 4609 subvehit,

2073 4646 2325 4700 unusque
2383 4630 2648 4685 Dominus
2703 4629 2757 4684 in
2822 4629 3037 4686 duabus
3091 4633 3346 4702 cognitus
3406 4637 3641 4699 naturis,

2070 4738 2196 4778 cum
2230 4722 2394 4776 Patre
2422 4728 2478 4777 et
2520 4719 2731 4790 Spiritu
2762 4729 2957 4775 saneto
2981 4722 3188 4791 pariter
3215 4723 3500 4779 adoratur.
3537 4725 3641 4791 Qui

2073 4814 2207 4868 duas
2239 4825 2394 4883 aeque
2448 4811 2760 4868 voluntates
2800 4819 2965 4881 atque
3011 4815 3364 4882 operationcs
3422 4816 3642 4880 habent,

2073 4919 2251 4975 eoque
2297 4888 2841 4972 comprehensibilis'
2875 4903 2947 4958 sit
2994 4911 3050 4957 et
3122 4904 3642 4975 incomprehensus.

2074 4997 2287 5067 Quique
2325 4995 2470 5065 pingi
2519 5010 2581 5049 ac
2639 4995 2881 5050 describi
2919 4995 3112 5063 possit,
3163 4996 3344 5066 sitque
3369 4997 3645 5052 nihilomi-

2075 5103 2179 5142 nus
2210 5086 2755 5154 incircumscriptus:
2787 5100 2948 5154 quem
2980 5085 3168 5156 liguris
3199 5086 3643 5157 imaginibusque

2073 5176 2508 5251 proscribamus,
2556 5184 2722 5244 atque
2772 5174 2826 5227 in
2859 5174 2961 5240 eis,
3002 5183 3061 5227 ut
3093 5174 3242 5229 velut
3273 5175 3450 5230 media
3478 5189 3646 5230 carne

1660 5276 1898 5376 VARI/ﬁ
1933 5316 2340 5377 LECTIONES.

456 5402 500 5436 ³¹
522 5400 668 5472 Lege
710 5401 919 5461 τύποις.

1662 5495 2053 5554 COMBEFISII
2076 5498 2309 5554 NOTAE.

388 5585 656 5662 deinceps
688 5621 734 5662 .__
757 5585 1005 5662 velut__ex
1063 5585 1244 5641 oliicio
1263 5627 1290 5662 _,
1327 5597 1382 5643 et
1410 5590 1686 5662 secundas
1710 5607 1739 5644 a
1764 5592 1962 5662 primis

391 5656 505 5710 illis
567 5655 1018 5733 praedicatoribus
1076 5667 1131 5733 et
1189 5659 1464 5733 episcopis
1497 5668 1693 5733 partes
1741 5655 1960 5733 gerens,

390 5738 711 5796 quanquam
737 5725 886 5778 nulla
915 5728 1136 5796 propria
1181 5725 1428 5800 subjecta
1460 5725 1634 5800 plebe,
1664 5725 1775 5803 qua
1808 5731 1874 5789 de
1907 5725 1967 5789 re

2069 5592 2137 5647 ad
2159 5590 2631 5659 Amphilochium,
2698 5590 3070 5662 praedicaret:
3120 5607 3245 5646 nam
3278 5592 3502 5660 Basilio,
3549 5593 3642 5662 qni

2073 5663 2335 5717 assiduus
2395 5663 2656 5737 populum
2712 5662 2953 5737 pomifer
2997 5664 3233 5737 doceret,
3290 5665 3495 5737 ubique
3527 5667 3644 5722 cla-

2074 5733 2356 5802 rissimus,
2381 5735 2568 5790 minus
2599 5733 2835 5804 quadrat
2869 5733 3180 5790 exhortatio
3210 5733 3342 5791 haec.
