4032 6138
301 345 408 420 93in

1312 357 1397 418 IN
1437 357 2279 423 TRANSFIGURATIONEM
2317 353 2620 424 DOMINI-

3481 369 3586 437 934

291 488 460 542 τητα,
485 470 564 533 εἰς
605 467 668 540 ἦν
695 467 880 540 μικρῷ
915 465 1155 540 πρόσθεν
1211 471 1642 546 μυστικώτερον,
1670 475 1765 528 καὶ
1791 476 1888 529 νῦν

1994 485 2082 531 cat
2121 476 2185 543 ῖς
2250 477 2564 544 Enimvero,
2627 471 2758 547 quid
2841 475 3090 535 facturus
3144 479 3321 546 ducti,
3379 485 3584 555 quidve

295 561 707 632 ἐμφανέστερον
743 559 832 614 διὰ
881 561 978 632 τῆς
1012 565 1494 636 μεταμορφώσεως
1535 565 1724 634 αὐτοῦ,
1753 586 1884 638 μετ-

296 651 646 721 εστοιχείωσε
703 652 804 723 τὴν
837 652 1152 707 ἀκούσασαν
1195 654 1360 725 φύσιν
1383 697 1396 722 ,
1430 677 1448 708 r
1479 658 1558 728 Γῆ
1586 654 1654 726 εἱ,
1693 661 1788 713 καὶ
1811 662 1892 725 είς

296 745 406 812 γῆν
432 743 735 815 ἀπελεύσῃ.
777 761 795 794 ι
835 743 1008 796 Τοῦτο
1039 744 1220 798 τοίνυν
1253 745 1588 816 ἑορτάζομεν
1623 751 1886 821 σήμερον,

296 835 401 905 τὴν
432 835 532 904 τῆς
559 834 776 903 φύσεως
811 833 1030 899 θέωσιν,
1065 835 1166 907 τὴν
1188 837 1268 900 είς
1295 837 1358 890 τὺ
1387 841 1638 909 κρεῖττον
1666 840 1892 894 ἀλλοίως

300 935 408 984 σιν,
443 909 544 990 τὴν
571 921 666 974 ἐπὶ
691 921 760 976 τὰ
781 923 921 993 ὑπὲρ
950 923 1114 992 φύσιν
1146 925 1256 981 τῶν
1278 928 1417 982 κατὰ
1442 928 1604 996 φύσιν
1634 929 1892 986 ἔκστασιν

299 1011 398 1064 καὶ
430 1011 715 1067 ἀνάϐασιν.
748 1014 875 1076 Πῶς
909 1015 1004 1068 καὶ
1029 1015 1194 1070 πόθεν
1234 1018 1334 1086 τῆς
1358 1016 1500 1071 οὕτω
1529 1019 1771 1090 μεγάλης
1797 1021 1892 1074 καὶ

301 1104 618 1176 ὑπερφυοῦς
653 1106 880 1178 χάριτος
931 1110 1012 1172 είς
1061 1109 1210 1179 ἡμᾶς
1252 1109 1584 1182 προῖούσης;
1639 1111 1894 1181 ’Υπερνι-

299 1199 490 1268 κὼσης
531 1199 608 1269 τῷ
637 1198 780 1270 λόγῳ
822 1201 1024 1273 δηλαδὴ
1069 1205 1131 1256 τὸ
1171 1203 1515 1276 ἀνθρώπινον
1574 1204 1675 1275 τῆς
1713 1207 1892 1260 πάντα

299 1289 426 1343 νοῦν
459 1291 556 1344 καὶ
591 1291 752 1360 λόγον
791 1293 1140 1365 ἀσυγκρίτως
1185 1295 1742 1368 ὑπεραναὸεόηκυίας
1770 1295 1894 1350 θεό-

298 1399 464 1452 τητος
484 1400 499 1414 ·
518 1385 615 1436 καὶ
635 1385 840 1454 κυρίως
861 1386 1020 1439 τοῦτο
1041 1387 1304 1458 ποιούσης
1321 1387 1382 1441 τὸ
1411 1388 1726 1460 χριόμενον,
1751 1387 1894 1444 κατά

297 1476 402 1545 τὴν
440 1477 654 1548 ἀπλανῆ
688 1479 784 1531 καὶ
820 1479 1213 1534 ἀναπόδεικτον
1237 1481 1333 1536 τοῦ
1371 1483 1680 1554 μυστηρίου
1716 1483 1896 1554 παρά·

298 1564 469 1630 δοσιν,
501 1566 639 1637 ὅπερ
659 1567 792 1620 αὐτὸ
827 1566 888 1620 τὸ
916 1568 1069 1636 χρίον
1109 1569 1226 1622 ἐστὶ
1257 1571 1353 1624 καὶ
1395 1571 1758 1642 ὀνομάζεται·
1793 1573 1890 1644 μό-

297 1673 402 1726 νης
435 1658 534 1728 τῆς
567 1659 830 1730 ἀκινήτου
861 1659 1148 1730 διαφορᾶς,
1179 1663 1442 1724 ἀκινήτου
1485 1663 1895 1736 φυλαττομένης

297 1749 380 1818 τῷ
415 1752 724 1823 μυστηρίῳ,
751 1751 838 1807 διὰ
867 1753 966 1824 τὴν
993 1749 1302 1825 ἀσύγχυτον
1323 1757 1533 1822 ἕνωσιν,
1562 1757 1682 1811 καθ’
1711 1759 1775 1828 ἢν
1797 1759 1890 1812 καὶ

2004 567 2313 625 dncturns?
2343 568 2572 639 Nempe,
2617 580 2673 624 ιιι
2709 585 2876 639 supra
2911 573 3091 640 fulgur
3123 573 3414 629 micantem
3446 578 3588 636 divi-

1993 663 2185 718 nitatis
2239 679 2352 717 sua:
2409 663 2640 733 gloriam
2677 671 2731 718 et
2781 663 3136 734 splendorem
3195 667 3490 723 ostendat:
3525 671 3584 724 in

1993 771 2158 826 quam
2223 755 2390 826 paulo
2483 755 2744 825 superius
2815 771 3022 811 arcana
3091 759 3268 828 magis
3329 761 3582 826 ratione,

1993 851 2157 906 modo
2193 861 2376 904 autem
2421 865 2522 905 sua
2571 849 2924 906 manifestius
2961 853 3450 923 transﬁguratione
3485 871 3587 910 na-

1993 945 2176 993 turam
2251 941 2668 1004 transmutavit,
2740 955 2862 1010 quae
2939 943 3189 997 audierat
3259 945 3580 1014 quondam:

2000 1047 2019 1082 ‹
2059 1029 2232 1085 Terra
2283 1045 2366 1096 es,
2428 1041 2482 1084 et
2533 1031 2586 1084 in
2629 1039 2834 1086 terram
2869 1033 3164 1088 reverteris
3195 1036 3240 1088 ε.
3281 1053 3300 1086 ι
3340 1035 3458 1091 Hoc
3488 1037 3590 1108 igi-

1995 1126 2082 1173 tur
2124 1119 2388 1175 hodierna
2418 1119 2508 1174 die
2543 1119 2700 1176 festis
2746 1123 2965 1191 gaudiis
3000 1124 3368 1182 celebramus.
3408 1126 3587 1182 Nimi-

1997 1227 2118 1265 rum
2161 1222 2375 1267 naturae
2403 1211 2833 1282 deiﬁcationem,
2880 1217 3241 1271 mulationem
3275 1219 3329 1272 in
3361 1221 3582 1285 melius,

1995 1305 2334 1359 naturalium
2369 1306 2424 1359 in
2459 1303 2514 1359 id
2549 1305 2696 1374 quod
2730 1315 2930 1362 natura
2961 1309 3222 1378 superius
3249 1320 3357 1373 est,
3389 1325 3584 1368 exces-

1995 1412 2116 1451 sum
2147 1407 2202 1450 et
2238 1411 2556 1452 ascensum.
2631 1397 2737 1464 Qui
2775 1415 2906 1455 vero
2951 1415 3018 1454 ac
3053 1401 3198 1456 unde
3233 1408 3346 1455 tam
3387 1418 3584 1474 magna

1995 1499 2052 1546 et
2081 1491 2350 1546 mirabilis
2411 1491 2802 1563 excellensque
2831 1493 2885 1546 in
2924 1507 3026 1548 nos
3063 1495 3238 1563 gratia
3269 1493 3588 1562 processit?

1996 1579 2166 1638 Plane
2205 1581 2520 1645 divinitate,
2552 1597 2676 1653 qua
2715 1591 2950 1638 mentem
2984 1599 3204 1639 omnem
3238 1598 3591 1639 sermonemo.

1999 1687 2128 1742 que,
2165 1687 2229 1726 ac
2267 1673 2538 1726 rationem
2610 1674 3032 1743 incomparabili
3091 1689 3323 1730 excessu
3384 1689 3582 1744 super-

2003 1761 2252 1831 greditur
2283 1781 2296 1817 :
2341 1761 2610 1818 Sermone
2656 1763 2751 1817 illo
2775 1770 2832 1818 et
2859 1761 3061 1830 Verbo,
3095 1766 3243 1834 quod
3283 1767 3583 1822 humanum

297 1841 396 1896 τοῦ
443 1843 756 1916 κρείττονος
801 1847 832 1915 ὴ
871 1845 1179 1918 ἐκνίκησις.
1216 1849 1284 1900 Ἢ
1319 1847 1380 1901 τό
1435 1866 1500 1916 γε
1557 1847 1889 1920 κυριώτερον

1998 1861 2078 1906 est
2127 1851 2460 1907 immensum
2511 1852 2802 1918 vincente;
2859 1867 2923 1907 ac
2963 1852 3205 1910 faciente
3249 1865 3310 1910 ut
3339 1859 3580 1927 proprie,

296 1937 498 1996 εἰπεῖν,
553 1939 586 2008 ἡ
630 1937 1002 2010 ἀνεκλάλητος
1068 1939 1292 2004 θέωσις,
1351 1941 1629 2006 ἀπόδειξιν
1685 1941 1893 2012 ταύτην

299 2030 508 2100 ἑαυτῆς
539 2032 922 2102 ἀληθεστάτην
964 2033 1340 2104 παρεχομένη,
1381 2036 1481 2105 τὴν
1520 2037 1893 2108 ὑποστατικὴν

295 2121 410 2174 τῶν
435 2123 799 2177 συνελθόντων
845 2125 1074 2191 ἑνότητα
1107 2129 1202 2179 καὶ
1236 2128 1566 2197 ταυτότητα,
1617 2127 1684 2198 ἣν
1719 2129 1890 2200 ὑπερ-

298 2215 454 2282 φυῶς
483 2215 645 2285 ἴσμεν
673 2219 1048 2289 γεγενημένην
1080 2220 1138 2286 ἐξ
1164 2219 1336 2288 αὐτῆς
1363 2219 1541 2290 ἄκρας
1563 2221 1892 2292 συμπήξεως

295 2305 396 2359 τοῦ
431 2309 736 2379 μυστηρίου
757 2325 770 2339 ·
802 2310 946 2378 λέγω
978 2310 1044 2382 δὴ
1071 2311 1197 2364 ὅσον
1225 2310 1362 2381 πρὸς
1393 2312 1540 2380 ἡμᾶς
1568 2311 1768 2365 τείνει·
1799 2312 1896 2366 καὶ

297 2397 399 2468 τὴν
428 2398 578 2451 κάτω
612 2399 706 2452 καὶ
760 2400 828 2453 δι’
856 2401 1006 2471 ἡμᾶς
1062 2401 1550 2473 ἀκραιφνεστάτην
1579 2401 1674 2454 τοῦ
1713 2402 1892 2472 Λόγου

299 2489 554 2544 σύνθεσιν
587 2493 682 2545 καὶ
731 2493 1017 2559 οὐσίωσιν,
1053 2493 1148 2548 καὶ
1183 2492 1282 2565 τὴν
1333 2493 1595 2566 δευτέραν
1631 2496 1894 2566 γέννησιν

295 2583 400 2652 τὴν
431 2583 496 2634 ὲκ
531 2583 810 2652 Παρθένου
851 2585 1098 2655 Μητρὸς,
1130 2585 1225 2639 καὶ
1249 2585 1525 2656 ἀπάτορα.
1553 2588 1718 2642 Ὅθεν
1746 2589 1892 2644 κατά

295 2673 398 2744 τὴν
431 2673 638 2744 ἀψευδῆ
697 2675 804 2727 τῶν
855 2675 1125 2745 θεολόγων
1164 2679 1574 2747 μυσταγωγίαν,
1605 2679 1794 2750 ὥσπερ
1831 2679 1888 2747 ἐξ

295 2765 530 2819 ἀεννάου
563 2768 766 2838 πηγῆς,
805 2769 926 2821 κατ’
961 2768 1334 2840 ἁπειρόδωρον
1366 2770 1525 2841 χάριν
1551 2771 1650 2841 τῆς
1675 2771 1890 2842 ἀκηρά-

295 2875 394 2912 του
433 2857 707 2926 θεὼσεως,
737 2861 817 2923 εἰς
841 2859 990 2930 ἡμᾶς
1027 2859 1088 2913 τὸ
1114 2860 1258 2931 μέγα
1297 2862 1514 2934 πρόεισι
1544 2862 1740 2934 δῶρον.

1995 1943 2300 1998 secundum
2334 1958 2524 1998 veram
2556 1953 2610 1998 et
2657 1944 3208 2001 indemonstrabilem
3245 1951 3580 2004 sacramenti

1994 2036 2266 2090 rationem
2301 2035 2397 2106 (5),
2437 2036 2488 2090 id
2543 2036 2690 2106 quod
2731 2037 2982 2106 ungitur,
3017 2035 3258 2108 idipsum
3293 2039 3438 2104 quod
3471 2057 3578 2095 un-

1995 2123 2076 2192 git
2101 2125 2172 2179 sit
2203 2138 2268 2178 ac
2315 2123 2578 2178 dicatur:
2635 2135 2695 2179 ut
2726 2127 2847 2180 sola
2901 2127 3199 2183 immobilis
3248 2128 3582 2196 differentia,

1995 2205 2297 2271 immobilis
2347 2230 2411 2270 ac
2451 2217 2602 2270 salva
2653 2225 2871 2272 constet
2926 2207 3302 2292 sacramento,
3359 2232 3588 2292 propter-

1992 2306 2342 2362 inconfusam
2412 2307 2696 2362 unionem.
2755 2307 2864 2364 Pro
2915 2287 3078 2380 cujus
3115 2313 3281 2365 etiam
3343 2315 3579 2380 ratione,

1992 2408 2078 2455 est
2110 2401 2344 2469 potioris
2369 2401 2626 2464 victoria,
2661 2400 2766 2466 vel,
2804 2411 2862 2454 ut
2891 2403 3119 2472 proprie
3152 2405 3328 2473 magis
3363 2405 3578 2475 loquar,

1992 2489 2272 2544 deificatio
2315 2488 2662 2544 ineﬂ‘abilis:
2729 2504 2896 2558 quam
2951 2491 3297 2546 verissimam
3347 2508 3591 2549 cont-UH
3642 2475 3652 2484 ’

1992 2581 2233 2634 rentium
2281 2581 2414 2635 unio
2451 2579 2802 2650 hypostatica
2835 2595 2900 2635 ac
2953 2581 3240 2648 idcntitas,
3270 2599 3435 2653 quam
3466 2594 3590 2640 sta-

1997 2673 2094 2726 tim
2127 2687 2157 2725 a
2195 2674 2372 2742 prima
2403 2673 2740 2727 sacramenti
2787 2673 3089 2727 coalitione
3123 2675 3382 2730 novimus
3413 2678 3582 2731 mira-

1995 2763 2183 2820 biliter
2229 2763 2453 2830 factam,
2488 2763 2745 2818 exhibeat
2763 2763 3100 2833 probetque;
3134 2766 3306 2834 quod,
3331 2766 3579 2836 inquam,

1993 2859 2062 2913 ad
2111 2873 2215 2913 nos
2280 2858 2520 2922 attinet;
2605 2857 2810 2926 illaque
2835 2857 3060 2911 humilis
3093 2857 3582 2928 sincerissimaque

261 2949 468 3028 ’νειὼί
525 2961 752 3023 propter
803 2969 906 3009 nos
941 2955 1302 3024 compositio,
1365 2970 1430 3010 ac
1475 2956 1895 3020 substantiatio,
1935 2953 2289 3024 secundaque
2341 2967 2405 3007 ex
2440 2949 2614 3006 Matre
2649 2949 2897 3021 Virgine,
2940 2957 2996 3006 et
3025 2953 3144 3007 sine
3215 2959 3370 3022 patre
3434 2953 3582 3006 nati-

295 3049 468 3104 vitas.
505 3047 682 3112 Unde,
711 3056 770 3102 ut
827 3047 996 3104 habet
1039 3065 1170 3105 vera
1227 3050 1610 3121 theologorum
1669 3051 1944 3114 doctrina,
1985 3049 2136 3105 velut
2167 3063 2233 3105 ex
2270 3047 2388 3119 jugi
2421 3046 2593 3112 fonte,
2636 3059 2897 3116 magnum
2947 3045 3083 3100 iHUd
3117 3045 3320 3100 donum
3389 3048 3444 3102 in
3475 3062 3586 3108 n08.

295 3143 573 3211 procedit,
622 3139 784 3198 aﬂine
809 3144 1094 3198 immensae
1139 3142 1218 3196 illi
1250 3143 1444 3214 gratiae
1473 3142 1732 3215 perfectae
1761 3143 2158 3199 deificationis.

371 3258 542 3312 Τοῦτο
587 3257 962 3329 θαυμάζουσιν
999 3259 1253 3328 ἄγγελοι·
1307 3260 1466 3314 τοῦτο
1503 3261 1874 3330 δοξολογοῦσιν
1899 3251 1944 3310 C

295 3352 630 3424 ἀρχάγγελοι
651 3369 664 3382 ·
693 3353 868 3424 τούτῳ
907 3354 1058 3406 πᾶσα
1088 3353 1200 3408 τῶν
1231 3353 1620 3425 ὑπερκοσμίων
1649 3355 1682 3426 ὴ
1719 3354 1886 3426 νοητὴ

235 3431 244 3438 ⁵
295 3445 660 3516 διακόσμησις
714 3445 892 3508 ἁΰλως
931 3445 1256 3514 ἐστιωμὲνη,
1319 3447 1616 3514 τεκμήριον
1659 3445 1886 3516 ἐναργέ-

299 3537 494 3592 στατόν
519 3554 577 3590 τε
611 3537 708 3591 καὶ
732 3537 1130 3606 ἀψευδέστατον
1161 3537 1372 3590 τίὼται
1419 3537 1518 3607 τῆς
1567 3537 1706 3608 ὑπὲρ
1737 3539 1886 3608 ἡμᾶς

294 3630 396 3683 τοῦ
449 3630 624 3697 Λόγου
683 3631 1132 3700 φιλανθρωπίας·
1176 3623 1244 3701 ἦς
1296 3627 1357 3682 τὸ
1407 3614 1638 3699 ἄπειρον
1695 3629 1886 3683 καὶτὸ

295 3722 554 3791 ἀόριστον
582 3722 820 3790 πέλαγος
851 3722 992 3776 ἑλεῖν
1017 3719 1356 3775 ἀδυνατοῦσα
1407 3723 1474 3791 τῇ
1535 3719 1756 3790 θεωρίᾳ,
1787 3720 1885 3790 τὴν

295 3814 682 3884 ἀκαταληψίαν
710 3815 810 3885 τῆς
855 3815 1132 3884 θεότητος,
1165 3814 1342 3884 ἀρχὴν
1368 3815 1606 3866 ποιεῖται
1637 3811 1884 3882 μείζονος

297 3907 538 3980 θεωρίας
589 3908 685 3962 καὶ
729 3907 1068 3972 ἀναϐάσεως.
1101 3906 1272 3960 Τοῦτο
1327 3907 1422 3960 καὶ
1463 3905 1617 3960 αὐτοὶ
1657 3907 1752 3960 νῦν
1798 3905 1884 3970 ἐξ·

295 4003 492 4069 υμνεῖν
529 3999 832 4070 βουλόμεθα
874 3999 996 4070 μὲν,
1027 3999 1088 4052 οὐ
1128 3997 1407 4069 δυνάμεθα
1441 3997 1497 4050 δὲ
1539 3997 1664 4050 ὅσον
1711 3999 1880 4064 ἄξιον.

299 4091 427 4156 Πῶς
455 4094 592 4162 rip;
634 4093 768 4146 ὅπου
795 4109 860 4160 γε
891 4091 952 4144 τὸ
989 4092 1098 4146 πᾶν
1134 4091 1234 4160 τῆς
1269 4091 1558 4162 ὑμνήσεως
1588 4089 1683 4143 καὶ
1713 4090 1882 4158 ἀγγέ-

297 4181 414 4245 λοις
445 4183 756 4250 ἀνέφικτον,
779 4185 890 4246 τοῖς
918 4182 1148 4254 θεωροῖς
1177 4181 1276 4254 τῆς
1301 4179 1526 4250 πρώτης
1564 4181 1886 4253 λαμπρότη-

295 4292 412 4340 τος,
439 4276 536 4330 καὶ
557 4276 686 4345 περὶ
713 4275 882 4345 αὐτὴν
910 4273 1273 4336 ἀδιαλείπτως
1297 4273 1582 4344 χορεύουσι
1603 4272 1702 4344 τὴν
1731 4273 1886 4342 βασι-

295 4369 417 4421 λίδα
449 4368 559 4422 τῶν
609 4367 746 4422 ὅλων
787 4368 1048 4438 θεότητα.
1103 4367 1196 4435 Μὴ
1243 4366 1324 4420 ὄτι
1353 4382 1418 4434 γε
1450 4365 1578 4430 τοῖς
1614 4365 1884 4434 δεσμίοις

294 4457 409 4524 τῆς
439 4458 572 4529 γῆς,
603 4459 632 4511 ὅ
665 4475 830 4529 φησιν
863 4459 892 4510 ό
925 4458 1068 4521 θεῖος
1107 4455 1410 4528 Ἱερεμίας,
1442 4458 1535 4510 καὶ
1562 4451 1643 4519 οἷς
1669 4458 1698 4510 ό
1719 4456 1884 4526 ζόφος

295 4545 455 4612 οὗτος
512 4549 820 4620 ἐπιπροσθῇ
882 4547 976 4602 τοῦ
1039 4546 1318 4619 μοχθηροῦ
1356 4547 1451 4601 καὶ
1496 4546 1754 4602 ταπεινοῦ
1787 4549 1883 4602 καὶ

375 4729 398 4766 ί
433 4728 869 4795 Matth.xvu,2.
974 4737 1000 4778 ι
1027 4727 1164 4784 Gen.
1227 4743 1310 4793 tu,
1353 4727 1441 4782 19.

2050 3258 2164 3314 Hoc
2199 3258 2378 3328 angeli
2401 3258 2783 3314 admirantur:
2819 3258 2924 3314 hoc
2971 3259 3280 3330 glorificant
3345 3261 3592 3318 art-hand.

1986 3352 2094 3422 geli
2124 3368 2137 3406 :
2169 3351 2273 3406 hoc
2306 3351 2453 3404 velut
2485 3350 2647 3419 epulo
2680 3349 2921 3407 universi
2962 3353 3438 3421 supercmlestium
3463 3357 3588 3422 spi~

1987 3442 2178 3498 ritales
2203 3441 2433 3496 ordines
2476 3441 2799 3511 spiritaliter
2825 3441 3169 3508 deliciantes,
3195 3447 3584 3516 perspicuissia

1987 3551 2136 3590 mum
2166 3549 2231 3590 ac
2263 3535 2618 3590 verissimum
2648 3534 2844 3589 divinae
2880 3535 2934 3588 in
2965 3551 3068 3591 nos
3127 3534 3295 3592 Verbi
3339 3555 3580 3608 propen-

1987 3625 2161 3682 siouis
2219 3633 2602 3696 argumentum
2691 3634 2924 3696 ponunt,
3017 3627 3176 3697 cujus
3245 3628 3574 3684 immensum

1987 3719 2263 3788 nullisque
2318 3719 2566 3774 clausum
2623 3718 2818 3788 spatiis
2855 3717 3104 3790 pelagus,
3152 3735 3275 3774 cum
3304 3729 3576 3790 nequeant

1987 3809 2414 3880 contemplanda
2459 3824 2674 3879 capere,
2727 3809 3032 3866 divinitatis
3064 3811 3578 3880 incomprehensio—

1987 3918 2112 3958 nem
2153 3902 2378 3972 majoris
2419 3900 2909 3971 contemplationis
2947 3915 3328 3974 ascensusque
3355 3905 3575 3959 initium

1987 3995 2231 4049 faciunt.
2300 3994 2418 4048 Hoc
2474 4001 2530 4047 et
2587 3993 2694 4064 ipsi
2759 3993 3262 4062 impraesentiarnm
3317 3997 3574 4052 volumus

1987 4087 2208 4158 quidem
2239 4085 2461 4158 hymnis
2491 4083 2748 4156 prosequi
2790 4101 2856 4140 ac
2887 4085 3190 4152 celebrare,
3225 4095 3280 4140 at
3309 4102 3417 4142 non
3443 4081 3578 4158 pos?

1985 4197 2179 4238 sumus
2210 4188 2474 4251 quantum
2509 4194 2597 4235 res
2629 4179 2792 4250 petit.
2851 4178 2954 4245 Qui
2982 4179 3174 4234 enim?
3215 4181 3434 4249 quando
3469 4195 3583 4236 nec:

1985 4273 2216 4342 angelis,
2241 4271 2408 4341 primi
2443 4269 2592 4326 illius
2635 4269 2946 4340 splendoris
2976 4269 3570 4339 speculatoribus,qui-

1983 4381 2090 4436 que
2115 4357 2344 4435 jugiter'
2369 4363 2580 4418 circum
2612 4361 2788 4432 ipsam
2820 4361 3069 4431 reginam
3100 4360 3348 4415 omnium
3384 4359 3569 4416 Deita-

1983 4465 2092 4512 tem
2143 4456 2346 4512 choros
2399 4461 2614 4523 agunt,
2671 4467 3002 4508 concessum
3059 4459 3144 4510 est
3213 4459 3273 4508 ut
3327 4466 3392 4506 ex
3453 4458 3571 4504 toto

1981 4547 2340 4606 celebrarint.
2389 4544 2631 4602 Tantum
2667 4545 2822 4602 abest
2849 4553 2910 4600 ut
2939 4544 3354 4602 sitconcessum
3380 4541 3589 4630 uinctis“

1570 4867 1962 4926 COMBEFISII
1985 4867 2216 4926 NOTAE.

375 4963 452 5032 (4)
483 4961 548 5016 Ut
577 4963 808 5032 proprie.
838 4962 1126 5018 secundum
1159 4969 1413 5032 veramet
1442 4959 1894 5015 indemonstrabi-
1926 4965 1970 5020 D
1998 4963 2198 5032 dogma
2223 4957 2974 5032 sequentibusperstringit;
3013 4957 3337 5032 acutissime
3397 4947 3582 5028 expli-l

297 5030 993 5098 Ιεηι,“οιο.Ἀναπόδεικτον
1020 5033 1340 5103 παράδοσιν.
1394 5030 1564 5085 Plane
1605 5031 1890 5103 indemonf

299 5105 551 5164 strabilis
608 5104 939 5159 sacramenti
1001 5099 1251 5169 traditio,
1305 5103 1360 5156 in
1406 5115 1516 5171 quo
1586 5109 1698 5154 tota
1755 5099 1888 5155 facti

298 5180 448 5232 ratio
483 5177 556 5230 sit
614 5175 862 5244 potentia
913 5173 1209 5244 facientis;
1245 5188 1310 5228 ex
1339 5187 1448 5242 qua
1480 5173 1756 5226 excellens
1793 5172 1887 5244 illa

297 5243 629 5302 divinitatis
653 5244 908 5309 victoria,
939 5259 1052 5298 non
1081 5243 1422 5300 demutantis
1446 5255 1474 5295 a
1500 5257 1598 5295 sua
1629 5243 1886 5312 preprie-

299 5325 420 5372 tate
451 5327 708 5371 naturam
742 5315 832 5369 cui
862 5317 917 5369 in
952 5313 1134 5370 Verbo
1175 5313 1388 5378 unitur,
1419 5312 1512 5368 sed
1549 5313 1882 5367 immensum

299 5389 370 5442 ad
401 5404 461 5442 se
495 5396 549 5442 et
591 5402 690 5441 sua
753 5385 1043 5447 trahentis,
1103 5379 1392 5454 Verbaque
1455 5383 1888 5454 apprOpriantis,

301 5467 365 5513 ut
390 5458 502 5526 jam
555 5473 664 5511 non
695 5471 790 5512 sua
823 5456 918 5523 sit,
951 5455 1044 5513 sed
1105 5453 1504 5524 Verbi,’eoque
1527 5456 1707 5522 ipsum
1725 5453 1886 5526 idem

301 5521 554 5598 proprie,
591 5527 740 5603 quod
769 5521 909 5603 ipsa,
940 5540 1258 5596 quanquam
1284 5527 1335 5578 in
1378 5521 1684 5579 concreto:
1721 5521 1886 5603 petis,

301 5593 557 5666 inquam,
592 5593 904 5654 substantia
944 5593 998 5652 et
1025 5593 1246 5666 natura,
1277 5609 1404 5666 non,
1441 5593 1886 5666 lantum__habi-

301 5663 500 5725 tudine
547 5677 604 5722 et
659 5667 862 5738 σχέσει,
913 5681 1018 5736 qua
1073 5673 1130 5720 et
1193 5665 1594 5738 ipsi_di_cimur
1650 5663 1724 5716 dii
1789 5678 1882 5732 per

301 5741 593 5812 gratiam_:
633 5735 1014 5812 quoiLtantum
1057 5737 1254 5812 nititur
1304 5735 1554 5788 Andreas
1605 5743 1878 5812 astruere,

299 5805 414 5868 non
431 5805 741 5883 quidquam
766 5805 1122 5878 Eutychianis
1145 5805 1349 5874 favere,
1372 5819 1606 5875 quorum
1627 5805 1880 5858 insanum

1995 5029 2118 5088 cat—:1
2175 5029 2448 5087 catholica
2502 5029 2757 5093 veritate,
2803 5031 2944 5084 utin
2977 5044 3042 5084 eo
3078 5029 3402 5091 habeamus,
3459 5045 3578 5098 non,

1997 5105 2174 5158 solum
2210 5101 2473 5157 ﬂosculos
2497 5099 2588 5168 qui
2621 5109 2892 5167 recreent,
2951 5101 3046 5154 sed
3075 5107 3130 5153 et
3161 5099 3571 5154 maturissimos

1995 5173 2286 5228 divinioris
2311 5171 2598 5240 theologia:
2627 5170 2966 5238 fructus,‘qui
2998 5177 3229 5238 pascant
3263 5169 3386 5222 :vix
3420 5178 3572 5240 certe

2035 5243 2304 5300 redierint
2341 5238 2690 5312 medit'atoria
2727 5241 2871 5312 fit-apt
2905 5240 3244 5312 οίκονομίας,
3287 5249 3342 5291 ιιι
3375 5238 3571 5312 paucis

2015 5316 2153 5370 ineis
2217 5319 2392 5366 totum
2423 5311 2535 5365 fere
2567 5311 2777 5380 grande
2804 5307 2952 5364 illud
2985 5307 3423 5380 sacramentum,
3446 5307 3572 5361 elle-

1988 5394 2248 5454 ctumque
2286 5381 2429 5454 ejus
2472 5381 2528 5434 iu
2577 5378 2788 5454 nobis,
2851 5381 2938 5433 vir
3003 5381 3248 5454 apprime
3283 5378 3571 5446 theologus

1987 5449 2372 5525 expresserit}
2399 5452 2518 5525 ipse
2551 5451 2718 5525 satis
2733 5464 3032 5520 expressus
3055 5459 3108 5525 et
3137 5449 3322 5525 clarus
3345 5488 3357 5508 ,
3389 5457 3580 5525 quau—‘5

1985 5518 2150 5598 quam
2187 5595 2199 5598 _
2221 5518 2492 5598 profunde
2551 5518 2901 5598 Theologus._
2955 5520 3119 5598 modo
3149 5518 3335 5572 versio
3375 5518 3580 5598 nostra;

1986 5589 2124 5650 nihil
2151 5589 2274 5662 ejus
2305 5589 2844 5662 claritattoﬂ‘ccerit.
2879 5589 3580 5662 Ιμοηελοι·-ιιοιιιυιοιιιιιιὲο,ἴ

1987 5681 2152 5735 quam
2180 5656 2306 5720 'l'ere
2341 5675 2502 5718 voces
2521 5661 2750 5733 singulae
2779 5656 3056 5733 peterent,
3097 5659 3328 5714 alterius
3353 5656 3584 5726 videtur,

1988 5735 2251 5794 instituti.
