4032 6138
510 329 622 396 935

1688 331 1750 391 S.
1791 328 2118 391 ANDREAE
2153 324 2571 388 CBETENSIS

3650 328 3761 391 9%

503 460 679 516 term,
717 445 862 517 quod
891 451 1047 501 vocat
1070 442 1374 509 Jeremias;
1405 449 1459 497 et
1497 442 1699 512 quibus
1722 443 1902 515 caligo
1960 445 2072 498 haec

2176 443 2324 496 κάτω
2350 441 2627 513 βρίθοντος
2659 437 2909 510 σώματος
2926 452 2939 467 ’
2968 437 3058 507 ὑφ’
3079 430 3140 492 οὗ
3173 438 3453 504 πολλάκις,
3474 442 3596 495 οὐδὲ
3621 446 3760 516 ἀμυ-

500 541 690 596 miseri
731 538 982 604 vilisque,
1022 542 1189 603 atque
1219 534 1481 587 deorsum
1515 532 1755 602 pondere
1791 534 2062 590 trahentis

499 629 746 702 corporis
768 629 841 684 sit
866 627 1119 695 imposita
1148 642 1160 678 :
1196 625 1407 680 ratione
1428 624 1587 694 cujus
1614 624 1761 678 haud
1794 640 1918 680 raro
1963 641 2065 681 nec

499 723 788 777 obscuram
820 718 1104 772 beatorum
1140 715 1357 768 illarum
1390 722 1446 770 et
1478 715 1852 785 spiritualium
1881 730 2062 770 rerum

499 810 732 882 Speciem
771 807 1058 862 admittere
1097 821 1390 877 possumus
1428 822 1493 862 ac
1517 808 1820 876 percipere,
1867 807 2065 862 vitiosa

426 954 431 957 .
497 903 564 957 ad
603 918 690 957 res
723 900 901 954 oculis
930 896 1210 966 subjectas
1243 897 1532 954 affectione
1558 898 1723 953 tuenti
1748 897 2065 952 dominante

496 1010 561 1047 ae
604 998 870 1057 teut-nte;
923 990 1126 1060 quique
1167 990 1291 1044 ideo
1326 989 1409 1044 vel
1448 989 1514 1043 ad
1558 1002 1873 1057 supremum
1919 987 2066 1043 desi-

498 1082 740 1137 derabile
767 1082 942 1136 simus
987 1081 1230 1150 appetitu
1257 1074 1483 1134 delecti.
1546 1079 1813 1135 Caeterum
1854 1079 1981 1149 quia
2010 1086 2066 1134 et

503 1175 611 1229 Deo
648 1181 931 1243 acceptum
960 1182 1065 1235 est,
1091 1174 1236 1241 quod
1268 1187 1367 1242 pro
1419 1171 1643 1226 virtutis
1676 1173 1934 1227 facultate
1959 1181 2064 1235 est,

500 1280 815 1336 quanquam
854 1266 1079 1317 omnino
1122 1278 1347 1318 necesse
1384 1263 1455 1318 sit
1516 1271 1575 1318 ut
1607 1272 1827 1334 pr0pter
1883 1278 2068 1319 sacra-

502 1360 668 1412 menti
730 1356 1150 1410 inenarrabilem
1215 1356 1745 1425 imperspectamqne
1793 1356 2065 1411 excellent.

503 1449 656 1510 tiam,
672 1448 849 1518 longis
871 1454 991 1516 post
1018 1447 1319 1501 intervallis
1343 1455 1625 1515 sequatur,
1643 1445 2068 1516 haudquaquam

502 1540 667 1593 fuerit
693 1538 939 1593 timidius
962 1537 1314 1591 detrectanda
1338 1538 1656 1606 aggressio;
1683 1554 1784 1593 nec
1803 1545 2072 1592 cunctan-

500 1630 656 1693 dum,
683 1638 743 1685 ut
775 1645 844 1684 ne
876 1645 976 1699 pro
1003 1629 1210 1682 viribus
1250 1643 1503 1683 sermone
1531 1629 1886 1695 bonoremus,
1925 1628 2070 1697 quod

2167 532 2298 604 δράν
2323 550 2446 585 τινα
2476 529 2778 599 φαντασίαν
2803 530 2910 582 τῶν
2941 530 3228 600 μακαρίων
3259 530 3349 584 καὶ
3384 532 3594 602 νοητῶν
3625 533 3752 587 θεα-

2173 625 2359 695 μάτων
2413 623 2758 690 εἰσδέξασθαι
2809 623 3264 694 συγχωρούμεθα,
3296 627 3363 696 τῇ
3411 627 3755 699 προσπαθεία

2167 716 2276 769 τῶν
2307 716 2601 787 ὁρωμένων
2626 714 2988 786 κρατούμενοι
3018 716 3120 786 τὴν
3161 716 3427 783 διάνοιαν,
3457 717 3756 771 κάντεῦθεν

2171 808 2298 877 περὶ
2331 808 2390 860 τὸ
2432 806 2661 875 ἔσχατον
2684 806 2931 874 ὀρεκτὸν,
2962 801 3424 874 δυσόρεκτονκαὶ
3457 808 3556 878 τὴν
3578 808 3761 876 δρεξι·

2170 898 2408 967 ἔχοντες.
2443 896 2591 966 Πλὴν
2620 896 2735 949 ἀλλ’
2759 896 2950 966 ἐπειδὴ
2979 898 3072 949 καὶ
3097 895 3215 967 Θεῷ
3242 896 3396 965 φίλον
3417 898 3480 950 τὸ
3504 899 3644 951 κατὰ
3667 894 3765 950 δῦ-

2172 1006 2357 1059 ναμιν,
2408 989 2458 1041 εί
2488 989 2584 1041 καὶ
2633 988 2732 1057 τῆς
2777 988 2936 1052 ἀξίας
2966 988 3183 1058 ἀνάγκη
3231 990 3385 1042 πᾶσα
3413 989 3645 1044 κατόπιν
3674 990 3763 1041 ἐ).-

2171 1077 2305 1143 θεῖν,
2337 1077 2426 1130 διὰ
2452 1078 2512 1130 τὸ
2536 1078 2914 1147 ἁνέκφραστον
2940 1077 3032 1130 τοῦ
3053 1077 3357 1149 μυστηρίου
3390 1080 3484 1131 καὶ
3512 1079 3756 1152 ἀθεώρη-

2170 1185 2286 1234 τον,
2317 1169 2417 1222 οὐκ
2445 1154 2940 1223 ἀποδειλιατέονῖν
2969 1172 3052 1240 εἴη
3086 1171 3221 1241 πρὸς
3269 1169 3366 1241 τὴν
3399 1173 3721 1243 ἐγχείρησιν
3748 1218 3765 1241 ,

2171 1260 2293 1313 οὐδὲ
2321 1259 2416 1311 τοῦ
2444 1260 2581 1330 πρὸς
2611 1259 2837 1331 δύναμιν
2881 1261 3049 1330 τιμᾴν
3078 1261 3158 1330 τῷ
3197 1261 3343 1331 λόγῳ
3373 1264 3435 1316 τὸ
3461 1265 3763 1334 ὑπεραῖρον

2172 1350 2283 1403 τῶν
2314 1351 2512 1419 λόγων,
2540 1352 2897 1422 ἀποκνητέον.
2945 1356 3019 1407 υῦ
3046 1354 3155 1426 γὰρ
3187 1354 3413 1423 εὔλογον
3438 1355 3563 1407 οὐδὲ
3591 1358 3766 1409 ὅσιον.

2186 1441 2340 1494 Ἐπεὶ
2367 1442 2459 1495 καὶ
2486 1441 2646 1495 τοῦτο
2674 1442 2844 1507 δεῖξαι
2871 1441 2948 1513 τῷ
2993 1443 3136 1514 λόγῳ
3167 1445 3391 1508 σκοπὸς,
3427 1444 3569 1514 ὑπὲρ
3601 1445 3761 1511 λόγον

2174 1529 2313 1587 εἶναι
2335 1534 2396 1586 τὸ
2420 1533 2860 1604 εὐφημούμενον.
2897 1535 3061 1588 Ὥστε
3088 1536 3188 1605 τὴν
3214 1535 3504 1590 ἀσθένειαν
3548 1538 3578 1589 ὁ
3604 1536 3763 1602 λόγος

2174 1623 2274 1695 τὴν
2323 1623 2542 1687 ἐαυτοῦ,
2588 1628 2655 1695 τῇ
2706 1624 2842 1695 πρὸς
2873 1624 2935 1677 τὸ
2975 1626 3286 1697 τιμώμενον
3335 1628 3622 1699 συγκρίσει
3659 1627 3762 1679 δειο

500 1737 782 1776 sermones
802 1721 1023 1790 vimque
1047 1734 1267 1775 onmem
1295 1719 1513 1774 dicendi
1545 1728 1859 1788 exsuperat.
1903 1718 2071 1775 Plane

2176 1715 2330 1779 κνὺς,
2365 1716 2427 1768 τὸ
2456 1716 2789 1785 ζητούμενον
2824 1715 2957 1786 ἔχει.
3003 1718 3115 1771 Καὶ
3158 1718 3435 1789 ἡττηθεὶς,
3491 1736 3765 1791 στεφανω-

501 1815 646 1868 enim
681 1827 781 1868 nec
816 1813 1080 1866 eratione
1136 1812 1324 1873 fuerit,
1382 1825 1559 1879 neque
1613 1819 1887 1865 sanctum.
1940 1808 2072 1863 Nam

2181 1806 2299 1878 θείη
2326 1806 2572 1871 δικαίως,
2594 1808 2927 1878 ἀριστεύσας
2959 1807 3212 1879 νομίμως
3240 1808 3307 1862 δι’
3327 1802 3402 1864 ὧν
3428 1809 3704 1881 ἐνίκησεν.

501 1911 555 1955 et
589 1902 703 1969 ipsa
732 1902 809 1956 rei
840 1902 1002 1970 hujus
1042 1900 1315 1969 probatio,
1350 1899 1666 1969 propositus
1710 1907 1796 1954 est
1824 1899 2061 1955 oratiOni
2100 1912 2339 1966 scopus;
2370 1913 2584 1967 nempe,
2615 1897 2671 1952 id
2708 1899 2870 1966 cujus
2911 1899 3229 1967 praedicatio
3260 1901 3589 1966 assumitur,
3650 1901 3760 1955 vim

502 1994 721 2048 dicendi
747 2008 1026 2063 superare.
1052 1992 1416 2059 Quamobrem
1447 1992 1537 2046 ubi
1561 1992 1850 2061 suamipsa
1892 1991 2069 2045 oratio
2109 1989 2562 2052 imbecillitatem,
2616 1989 2910 2043 collatione
2974 1989 3041 2042 ad
3075 2005 3185 2045 rem
3255 2005 3379 2063 qua:
3454 1992 3764 2047 honoratur

502 2085 824 2151 ostenderit,
877 2087 1142 2139 intentum
1208 2085 1369 2140 linem
1432 2085 1689 2152 obtinuit,
1738 2087 2047 2154 meritaque
2117 2093 2402 2155 superata,
2433 2084 2692 2139 coronari
2723 2082 3004 2140 habuerit.
3044 2083 3328 2154 Tanquam
3399 2085 3475 2139 ita
3537 2087 3772 2141 vincen-

502 2180 595 2243 do,
624 2193 738 2233 rem
777 2177 1018 2247 legitime
1057 2176 1355 2245 debitaque
1393 2175 1718 2232 fortitudine
1751 2178 2007 2247 gesserit.

574 2268 772 2325 Verum
803 2265 1164 2339 procedamus
1205 2268 1271 2321 ad
1313 2268 1364 2321 id
1399 2268 1545 2337 quod
1581 2269 1683 2322 fuit
1712 2270 2077 2339 propositum,

501 2375 597 2415 seu
627 2360 808 2429 potius
845 2360 1054 2415 alacres
1084 2358 1139 2412 in
1184 2368 1428 2413 montem
1480 2359 1864 2414 ascendamus.
1895 2358 2084 2425 Quano

426 2450 431 2453 ’
502 2452 596 2504 diu
643 2450 790 2503 enim
833 2449 887 2503 in
929 2450 1199 2504 sermonis
1262 2450 1412 2503 velut
1474 2451 1609 2519 pede
1643 2458 1696 2505 et
1751 2450 1864 2504 ima
1926 2458 2081 2520 parte

502 2540 721 2603 morati,
754 2548 1084 2608 praeeuntem
1113 2546 1368 2594 ascensni
1418 2540 1673 2595 decorem
1722 2540 2079 2608 admiramur,

500 2632 707 2701 quibus
741 2632 903 2685 liceat
933 2646 1038 2684 una
1070 2647 1194 2685 cum
1243 2633 1313 2686 iis
1360 2632 1677 2695 ascendere,
1713 2648 1852 2701 quos
1889 2632 2081 2689 Sermo

2265 2265 2407 2320 Ἀλλ’
2433 2241 2526 2318 ἐπὶ
2549 2263 2611 2318 τδ
2652 2264 3015 2335 προκείμενον
3042 2265 3257 2335 δίιομεν,
3313 2264 3515 2335 μᾶλλον
3540 2264 3597 2318 δέ
3633 2283 3765 2337 προσ

2183 2356 2371 2427 θύμως
2402 2357 2497 2409 ἐπὶ
2526 2355 2586 2408 τὸ
2620 2355 2745 2425 ὅρος
2768 2357 3030 2427 ἀνίωμεν.
3065 2358 3247 2427 Μέχρι
3277 2359 3387 2429 γὰρ
3416 2358 3561 2420 τίνος
3588 2359 3765 2411 ἐνδια-

2182 2448 2457 2518 τρίϐοντες
2484 2450 2548 2518 τῇ
2581 2448 2831 2518 ὑπωρείᾳ
2857 2446 2949 2500 τοῦ
2999 2447 3181 2516 λόγου,
3215 2447 3274 2501 τὸ
3307 2448 3411 2520 πρὸ
3439 2451 3540 2518 τῆς
3572 2449 3760 2502 ἀνόδιυ

2182 2538 2375 2607 κάλλος
2396 2535 2767 2608 θαυμάζομεν,
2798 2536 2916 2601 ἐξὸν
2947 2539 3043 2592 καὶ
3083 2540 3394 2593 συνανιὲναι
3435 2544 3551 2604 τοῖς
3589 2543 3759 2613 ἐπαρ·

2174 2628 2320 2715 θεῖσι
2347 2628 2426 2698 τῷ
2453 2629 2615 2700 λόγῳ,
2645 2630 2740 2683 καὶ
2772 2628 2879 2683 τῶν
2907 2630 3167 2700 μειζόνων
3190 2630 3508 2702 ἀξιωθῆναι.
3540 2633 3637 2687 καὶ
3693 2636 3761 2702 τῇ

504 2721 871 2791 subvexit”),
902 2736 965 2775 ae
997 2721 1200 2791 majora
1226 2721 1487 2790 consequi
1519 2722 1773 2791 nubeque
1802 2722 2072 2786 illustrari,

2183 2719 2382 2793 νεφέλῃ
2405 2719 2870 2791 καταυγασθῆναι,
2905 2720 3630 2793 κὰντεῦθενιάμαυρωθῆναι
3659 2723 3762 2786 τὰς

504 2829 675 2882 eaque
715 2813 834 2866 luce
878 2813 1055 2866 visum
1095 2812 1423 2875 obtundere,
1462 2824 1627 2882 atque
1672 2821 1786 2867 tum
1833 2829 1865 2868 a
1919 2814 2085 2870 rebus

2182 2808 2352 2878 ὄψεις,
2378 2810 2472 2862 καὶ
2494 2810 2603 2862 τῶν
2647 2810 2942 2880 ὁρωμένων
2987 2812 3243 2882 ἐκστῆναι
3291 2814 3386 2866 καὶ
3426 2814 3760 2884 νοουμένων,

504 2905 701 2968 oculis,
726 2913 840 2956 tum
889 2903 1057 2957 menti
1085 2903 1350 2973 subjectis
1396 2918 1682 2959 excessum
1734 2906 1867 2974 pati,
1926 2905 2072 2959 insu-

2180 2902 2273 2955 καὶ
2296 2900 2375 2954 ἔτι
2404 2901 2480 2972 τῷ
2510 2900 2834 2972 ὑπερέχοντι
2855 2902 2947 2955 τοῦ
2988 2903 3164 2972 φωτὸς
3214 2904 3489 2976 μυηθῆναι
3518 2906 3588 2958 τὰ
3619 2907 3764 2976 ὑπὲρ

506 3013 709 3069 perque
738 2997 1093 3066 exsuperanti
1123 2997 1354 3063 lumine,
1401 3012 1523 3066 quae
1576 2996 1854 3052 hominem
1919 3012 2072 3067 supe-

2177 2992 2493 3064 ἄνθρωπον,
2533 2991 2642 3046 τῶν
2686 2992 2887 3048 ὑλικῶν
2920 2994 3177 3048 ἁπάντων
3223 2994 3469 3065 δηλονότι
3494 2997 3764 3070 πρότερον

506 3097 651 3153 rant,
702 3088 798 3144 ubi
853 3087 1110 3141 nimirum
1168 3086 1236 3140 ab
1302 3087 1451 3141 omni
1507 3103 1687 3143 rerum
1744 3088 1797 3143 in
1851 3089 2072 3143 materia

2176 3082 2665 3154 καθαρεύσαντας;
2733 3084 2884 3151 Ἐξὸν
2917 3084 2974 3139 δὲ
3009 3085 3197 3141 λοιπὸν
3226 3086 3318 3140 ἐπὶ
3364 3091 3480 3150 τοῖς
3530 3092 3765 3162 εἰρημέ-

504 3178 830 3247 contagione
858 3175 1123 3232 fuerimus
1145 3176 1448 3240 emundati,
1477 3178 1704 3233 dicere?
1731 3176 1877 3244 Quin
1906 3176 2071 3234 etiam

2176 3192 2308 3239 νοις,
2340 3174 2437 3229 καὶ
2466 3176 2566 3245 τῆς
2612 3174 2888 3248 μακαρίας
2925 3177 3144 3247 ἐκείνης
3172 3179 3379 3250 φωνῆς,
3414 3180 3514 3250 τῆς
3550 3181 3764 3235 ἄνωθεν

503 3271 570 3322 ad
604 3269 905 3324 haecliceat
938 3275 993 3322 et
1047 3268 1260 3323 beatam
1313 3268 1461 3323 illam
1527 3268 1757 3324 missam
1809 3269 1878 3325 de
1935 3272 2072 3326 coelo

2176 3266 2328 3337 παρὰ
2359 3266 2453 3319 τοῦ
2486 3265 2698 3336 Πατρὺς
2744 3267 3054 3338 φερομένης
3093 3269 3327 3334 ἐπαΐειν,
3370 3270 3763 3343 μαρτυρούσης

502 3362 759 3431 deinceps
798 3361 987 3415 audire
1024 3375 1241 3425 vocem,
1298 3359 1459 3430 cujus
1515 3362 1703 3417 veraci
1752 3362 2077 3417 testimonio

504 3448 688 3504 Deitas
725 3450 1010 3519 unigenito
1041 3448 1325 3517 aﬂ‘eratur,
1359 3449 1712 3520 dilucideque
1774 3466 2077 3520 repraesen-

501 3549 649 3593 tetur
670 3541 733 3594 ac
760 3541 917 3595 nobis
953 3539 1265 3593 declaretur
1319 3540 1643 3596 substantiae
1663 3541 1926 3595 identitas
1953 3556 2075 3595 cum

502 3641 821 3704 generante.
854 3631 924 3688 Ut
951 3633 1138 3703 itaque
1168 3633 1271 3687 hoc
1312 3633 1475 3688 fuerit
1500 3673 1514 3697 ,
1547 3648 1668 3703 agn,
1700 3644 1963 3703 quantum
1992 3648 2077 3689 res

503 3726 727 3795 patitur,
764 3724 1031 3779 sacratius
1060 3723 1329 3779 edocente
1359 3723 1584 3793 Spiritu,
1613 3739 1724 3794 quo
1750 3724 1868 3780 solo
1890 3725 2078 3793 utique

505 3815 710 3884 majora
746 3830 932 3880 sensu,
975 3822 1155 3870 mente
1182 3816 1563 3885 perspicimus,
1598 3832 1721 3885 quae
1753 3816 1941 3870 multis
1992 3816 2079 3870 in-

506 3905 857 3975 aspectabilia
888 3914 1015 3959 sunt
1044 3906 1502 3976 contemplemur,
1531 3907 1762 3976 ejusque
1813 3905 2080 3977 aﬂulgen-

502 3996 578 4048 tia
613 3995 853 4062 luminis,
921 3996 990 4052 iis
1051 4010 1170 4066 qua:
1226 3997 1458 4067 mystice
1479 3998 1531 4051 in
1593 3996 1872 4052 Dominiea
1926 4010 2079 4068 geSIa

502 4085 986 4155 transliguratione
1048 4095 1329 4157 ponuntur
1381 4088 1825 4159 contemplandis
1854 4088 2078 4144 deiicie-

503 4193 645 4232 mur.
682 4176 760 4231 Eo
803 4178 968 4241 enim,
1000 4188 1059 4233 ut
1088 4180 1349 4243 arbitror,
1377 4185 1432 4233 et
1462 4180 1577 4250 ipse
1639 4179 2080 4250 transﬁguratio-

504 4269 590 4324 uis
617 4284 818 4339 scapus
851 4268 1102 4339 respicit,
1143 4283 1244 4325 nec
1277 4270 1383 4323 alia
1427 4280 1828 4325 sacramentum
1870 4272 2080 4326 ratione

2176 3358 2423 3429 ἀψευδῶς
2447 3357 2525 3427 τῷ
2545 3359 2843 3426 Μονογενεῖ
2868 3359 2967 3429 τὴν
2998 3358 3250 3430 θεότητα.
3279 3363 3371 3415 καί⁵
3399 3380 3569 3433 παρισ
3580 3363 3725 3436 τὼση
3734 3383 3759 3429 ς

2178 3452 2311 3521 ἡμῖν
2350 3450 2599 3521 ἐναργῶς
2626 3450 2765 3522 πρὸς
2798 3451 2888 3503 τὸν
2930 3454 3270 3523 γεννήσαντα
3311 3456 3409 3525 τὴν
3438 3457 3541 3525 τῆς
3572 3458 3766 3521 οὐσίας

2176 3542 2502 3611 ταυτότητα.
2549 3542 2645 3595 Ἶν’
2690 3539 2784 3596 οὖν
2829 3542 2992 3596 τοῦτο
3025 3545 3269 3613 γένηται,
3305 3547 3440 3619 φέρε
3491 3548 3766 3603 καθ’ὄσιν

2178 3632 2474 3701 ἐνδέχεται,
2506 3636 2572 3703 τῇ
2609 3634 2970 3705 μυσταγωγίᾳ
2990 3634 3084 3687 τοῦ
3120 3635 3436 3706 Πνεύματος
3471 3641 3764 3711 σκοπήσω-

2181 3739 2280 3793 μεν
2312 3723 2378 3776 τὰ
2422 3725 2536 3786 τοῖς
2578 3724 2795 3788 πολλοῖς
2847 3724 3138 3795 ἀθεώρητα
3160 3742 3176 3758 “
3207 3720 3251 3796 ᾧ
3286 3727 3351 3799 δὴ
3385 3730 3481 3782 καὶ
3518 3731 3670 3801 μόνῳ
3697 3733 3764 3784 τὰ

2179 3815 2319 3889 ὑπὲρ
2342 3814 2441 3885 τὴν
2465 3815 2717 3885 αἴσθησιν
2745 3818 2780 3887 ἠ
2807 3816 3017 3872 διάνοια
3050 3818 3238 3890 βλέπει
3256 3835 3269 3849 ο
3299 3820 3394 3874 καὶ
3424 3821 3605 3895 τούτῳ
3631 3839 3765 3893 rgu-

2180 3906 2443 3975 φήσωμεν
2489 3905 2598 3957 τῶν
2632 3906 2774 3960 κατὰ
2811 3908 2913 3977 τὴν
2967 3910 3395 3980 μεταμόρφωσιν
3421 3910 3519 3965 τοῦ
3551 3914 3762 3983 κυρίου

2179 3995 2562 4066 γεγενημένων
2578 3998 2646 4050 τὰ
2668 3998 2906 4068 μυστικὰ
2936 3998 3297 4071 θεωρήματα.
3329 4002 3419 4064 Ὠς
3448 4004 3559 4073 γὰρ
3581 4003 3759 4072 ἔγωγε

2179 4082 2356 4157 οἴμαι,
2392 4089 2529 4159 πρὸς
2557 4088 2717 4142 τοῦτο
2741 4089 2928 4160 βλέπει
2962 4092 3057 4144 καὶ
3081 4092 3181 4162 τῆς
3213 4093 3702 4167 μεταμορφώσεως
3728 4096 3759 4147 6

2182 4180 2403 4247 σκοπὸς,
2437 4182 2531 4235 καὶ
2560 4180 2751 4235 τοῦτον
2784 4180 3072 4252 ὑμνεῖσθαι
3108 4185 3234 4254 παρ’
3262 4186 3294 4253 ἡ
3305 4184 3422 4253 μῶν
3441 4184 3536 4249 τὸν
3558 4185 3760 4254 τρόπον

2179 4273 2240 4325 τὸ
2298 4274 2598 4344 μυστήριον
2652 4271 2919 4343 βούλεται.
2952 4272 3240 4341 ⁵Βούλεαιιαι
3302 4275 3413 4346 γὰρ
3475 4277 3760 4338 συνιέντας

503 4360 710 4412 nostris
755 4356 925 4425 exigit
977 4356 1235 4414 laudibus
1291 4357 1583 4413 celebrari.
1624 4356 1765 4412 Petit
1819 4359 1964 4414 enim
2022 4369 2072 4412 ut

2178 4363 2329 4432 ἡμᾶς
2347 4361 2443 4416 τοῦ
2480 4362 2677 4433 βάθους
2703 4365 2814 4417 τῶν
2845 4364 2967 4418 κατ’
3014 4364 3148 4418 αὐτὸ
3185 4368 3615 4437 πεπραγμένων,
3664 4368 3759 4420 καὶ

500 4458 781 4517 gestorum
814 4446 869 4500 in
896 4461 961 4501 eo
989 4446 1364 4514 profunditate
1395 4447 1669 4502 intellecta
1696 4446 1795 4514 (5),
1824 4448 2072 4502 scientia-

2182 4454 2489 4526 εἰρημένων
2520 4460 2585 4527 τῇ
2607 4454 2830 4525 γνώσει,
2878 4457 3319 4529 δραστικωτέραν
3348 4459 3758 4515 ἐπισπάσασθαι

503 4552 612 4607 que
645 4537 947 4602 dictorum,
976 4535 1337 4592 elﬁcaciorem
1401 4536 1658 4607 gratiam,
1711 4545 1909 4606 quaeet
1958 4538 2072 4603 ipsa

2177 4544 2276 4613 τὴν
2305 4544 2487 4615 χάριν,
2541 4546 2772 4616 μιμήσει
2800 4546 2895 4599 τοῦ
2954 4548 3508 4619 μεταμορφωθέντος,
3563 4550 3662 4603 καὶ
3697 4551 3757 4602 ἐν

506 4628 559 4681 in
628 4626 788 4682 nobis
851 4626 1102 4682 mirabile
1154 4627 1260 4683 hoc
1313 4641 1627 4696 novumque
1675 4636 2072 4683 sacramentum

2177 4636 2311 4706 ἡμῖν
2356 4637 2541 4700 αὐτοῖς
2566 4637 2896 4708 ἐνεργοῦσαν
2924 4636 2987 4693 τδ
3035 4638 3347 4711 θαυμαστὸν
3376 4641 3441 4714 δὴ
3464 4641 3627 4695 τοῦτο
3663 4640 3756 4694 καὶ

503 4726 783 4787 operetur,
819 4718 943 4788 ejus
999 4719 1098 4790 qui
1150 4718 1571 4789 transfiguratus
1630 4726 1715 4773 est
1775 4718 2078 4775 imitatione

503 4814 868 4871 attrahamus.

576 4905 717 4973 Quid
763 4920 893 4977 ergo
933 4904 1009 4959 ait
1055 4903 1371 4975 evangelica
1416 4905 1701 4960 narratio?
1755 4900 1888 4960 Nam
1946 4915 2078 4977 puto

2177 4728 2329 4796 ξένον
2360 4729 2682 4799 μυστήριον.

2254 4909 2320 4962 Τί
2351 4905 2444 4963 οὗν
2465 4910 2526 4964 τὸ
2541 4910 2871 4980 Εὑαγγέλιον
2892 4929 2906 4979 ;
2925 4911 3104 4966 Καλὸν
3128 4914 3261 4985 γὰρ,
3284 4910 3464 4986 οἶμαι,
3485 4913 3588 4985 τὴν
3617 4931 3753 4984 κρη-

1747 5076 2137 5138 COMBEFISII
2165 5080 2397 5136 NOTE.

577 5175 651 5247 (4)
673 5173 1023 5247 ρηοείεεγηιο
1042 5172 1283 5247 subjecit.
1308 5175 1494 5247 Grrzeca
1516 5170 1856 5247 augustiora.
1873 5172 2078 5247 Συναν-

2174 5175 2354 5227 nicam
2388 5173 2954 5247 Transﬂgurationem
3005 5179 3305 5247 omniaque
3347 5177 3609 5245 adjuncta
3648 5198 3663 5234 :
3698 5191 3758 5234 ut

506 5241 646 5328 ιέναι
675 5241 789 5327 τοῖς
819 5241 1176 5330 ὑπεραρθεῖσι
1200 5246 1278 5315 τῷ
1304 5246 1448 5313 λόγῳ
1474 5258 1486 5271 ’
1531 5242 1889 5330 amplissima.
1931 5242 2072 5322 illius

2176 5259 2283 5330 non
2306 5315 2316 5325 _
2342 5248 2558 5330 possint
2587 5241 2730 5314 pcne
2762 5246 3052 5330 comportat
3079 5249 3182 5301 viri
3219 5241 3445 5317 mystica
3476 5250 3757 5330 theologia

507 5318 660 5370 vocis
718 5313 1131 5391 signiﬁcatione
1165 5330 1190 5391 ;_
1218 5313 1414 5391 potest
1454 5313 1830 5391 cuine-ctiam
1859 5313 1926 5365 de
1959 5313 2045 5391 ips

505 5400 692 5438 eorum
723 5379 932 5439 ratione
966 5382 1059 5451 qui
1107 5379 1372 5439 sublimes
1420 5382 1550 5438 elati
1604 5379 1888 5443 dicuntur,
1932 5382 2079 5435 acci-

542 5456 579 5507 i.
607 5463 712 5507 etc.

505 5472 828 5587 p"(§;ci’etit
895 5523 1033 5576 enim
1058 5534 1134 5584 ut,
1183 5533 1291 5577 etc.
1345 5521 1443 5575 Vix
1501 5527 1634 5588 puto
1688 5519 1834 5573 alius
1877 5518 2077 5586 majori

505 5589 823 5661 doctrinaet
852 5592 1117 5647 felicitate
1145 5605 1471 5661 prosecutus
1499 5591 1733 5644 l'ueritel
1758 5598 2075 5661 exsecutus,

508 5661 651 5730 quod
698 5660 789 5713 hic
827 5662 1070 5730 designat
1106 5659 1372 5723 Andreas,
1414 5659 2073 5730 quamnostcriitrAtlta-

512 5727 687 5788 nasio,
737 5744 861 5784 vere
907 5727 1210 5797 Maximus;
1237 5733 1353 5788 suis
1388 5727 1497 5785 illis
1530 5728 1782 5799 θεωρίαις
1805 5729 1857 5783 iu
1886 5727 2069 5782 Domi-

1231 5311 1429 5385 potcst'
1454 5312 1830 5388 _cn_im__etiam
1859 5311 1926 5365 de
1959 5312 2076 5388 ipsa
2115 5319 2148 5349 ἠ
2174 5311 2526 5388 admirabiles
2565 5311 2692 5388 non
2758 5311 3120 5388 sib’immutuo
3172 5311 3294 5372 esse
3351 5332 3564 5388 tnagnz
3610 5311 3755 5382 Iuli,

2179 5386 2390 5451 totique
2439 5385 2679 5457 gratius,
2707 5388 2987 5456 geminato
3045 5387 3281 5457 fulgore,
3308 5385 3473 5453 quam
3508 5390 3753 5443 solitarii

2174 5465 2422 5521 possent,
2462 5453 2730 5524 al'l'ulgere
2791 5457 3050 5510 Ecclesia:
3084 5475 3098 5511 :
3135 5453 3472 5526 'qttauquam
3502 5459 3752 5521 interim,

2174 5532 2229 5597 et
2264 5540 2328 5576 ac
2355 5529 2623 5597 pauculos
2666 5541 2907 5589 menses,
2951 5525 3185 5582 Andreae
3213 5525 3325 5588 fax,
3357 5526 3510 5580 velut
3531 5531 3757 5597 obteget

2177 5592 2360 5647 lumen
2396 5592 2635 5665 Maximi,
2669 5598 2940 5665 pauloque
2969 5598 3203 5665 tardius,
3238 5608 3560 5665 exspectata
3612 5592 3761 5655 disi-

2178 5673 2453 5733 strataque
2477 5664 2739 5733 editione,
2772 5668 2908 5721 oriri
2938 5668 3108 5723 sinat.
3340 5664 3388 5688 γ’
