4032 6138
408 295 512 360 937

1390 287 1475 351 ΙΝ
1496 285 2342 352 TRANSFIGURATIONEM
2381 283 2684 343 DOMINI.
2727 360 2739 373 .

3562 284 3665 348 93E

410 407 539 462 πίδα
564 406 664 478 τῆς
697 405 995 471 ἐποπτείας
1026 406 1058 479 ἢ
1109 407 1341 478 εὐωχίας
1365 447 1379 472 ,
1417 409 1451 481 ἢ
1483 409 1584 462 οὐκ
1613 406 1728 462 οἴδα
1765 409 1793 461 ὅ
1817 426 1870 462 τι
1894 409 1989 461 καὶ

2102 402 2497 473 praestiterit,ut
2522 399 2646 454 inde
2677 397 2839 469 hujus
2871 396 2987 453 sive
3015 395 3376 468 inspectionis
3405 399 3518 457 sive
3539 417 3673 457 cor:-

384 493 517 568 ’χρὴ
542 495 746 565 λέγειν,
763 493 841 566 τῷ
859 495 1080 568 μεγέθει
1102 498 1200 569 τῆς
1230 499 1473 569 χάριτος,
1499 501 1593 552 καὶ
1615 499 1866 568 γλῶσσαν
1898 501 1991 552 καὶ

410 586 650 641 διάνοιαν
683 584 1085 657 ἐκνικώμενος,
1128 587 1342 642 ἐνθένδε
1390 591 1740 664 ποιήσασθαι.
1802 592 1859 645 Ὀ
1892 593 1992 661 μὲν

409 674 504 731 οὖν
540 678 818 742 λιατθαίος
842 678 931 732 τὸν
959 681 1164 751 Κύριον
1196 684 1406 750 εἰσάγει
1444 687 1557 748 τοῖς
1588 685 1858 757 μαθηταῖς
1890 685 1993 753 φά-

413 787 611 824 σκοντα
641 770 845 837 οὕτως·
891 791 909 824 ι
958 774 1131 845 Ἀμὴν
1158 773 1303 843 λέγω
1334 776 1516 846 νυὺμῖν,
1557 776 1664 830 εἰσί
1707 794 1851 840 τινες
1882 777 1993 831 τῶν

411 855 515 915 ὧδε
543 861 817 925 ἑστώτων,
851 865 1046 928 οἵτινες
1070 866 1131 918 ού
1164 865 1239 937 μὴ
1267 866 1557 934 γεύσονται
1602 867 1858 932 θανάτου,
1884 866 1994 933 ἕως

411 953 477 1007 ἂν
511 953 661 1008 ἴδωσι
714 938 804 1008 τὸν
853 956 982 1009 Υἰδν
1012 955 1106 1011 τοῦ
1163 957 1454 1029 ἀνθρώπου
1490 960 1785 1029 ἐρχόμενον
1834 961 1894 1013 ἐν
1924 963 1991 1032 τῇ

412 1045 663 1118 βασιλείᾳ
689 1046 874 1101 αὑτοῦ.
919 1049 1029 1102 Καὶ
1058 1047 1177 1119 μεθ’
1211 1049 1424 1120 ἡμέρας
1470 1049 1531 1116 ἐξ
1570 1052 1993 1123 παραλαμϐάνει

408 1137 441 1188 ὁ
480 1136 688 1208 Ἰησοῦς
726 1137 817 1190 τὸν
846 1137 1075 1209 Πέτρον,
1125 1139 1222 1191 καὶ
1249 1139 1553 1207 Ἰάκωϐον,
1602 1141 1697 1194 καὶ
1737 1141 1995 1213 Ἰωάννην

409 1227 503 1281 τὸν
529 1229 756 1297 ἀδελφὸν
789 1229 975 1296 αὑτοῦ,
1026 1230 1122 1282 καὶ
1178 1231 1439 1301 ἀναφέρει
1493 1232 1693 1296 αὐτοὺς
1737 1234 1819 1296 εἰς
1868 1233 1993 1304 ὅρος

412 1318 618 1390 ὑψηλὸν
645 1322 765 1374 κατ’
792 1320 951 1384 ἰδίαν,
984 1322 1078 1374 κοιλ⁸
1116 1323 1517 1393 μετεμορφώθη
1553 1323 1864 1394 ἔμπροσθεν
1898 1324 1994 1377 αὒ-

409 1411 541 1465 τῶν.
571 1411 681 1464 Καὶ
700 1411 942 1483 ἔλαμψεν
970 1413 1031 1465 τὸ
1061 1413 1352 1484 πρόσωπον
1378 1413 1545 1467 αὐτοῦ
1564 1416 1641 1480 ὡς
1672 1419 1698 1470 ὁ
1727 1415 1898 1487 ἥλιος,
1927 1418 1997 1471 τὰ

410 1501 468 1555 δὲ
499 1503 690 1572 ἱμάτια
729 1502 895 1557 αὐτοῦ
927 1503 1143 1572 ἐγένετο
1171 1504 1359 1571 λευκὰ,
1390 1506 1471 1570 ὡς
1499 1507 1561 1560 τὸ
1598 1508 1733 1577 φῶς.
1775 1527 1792 1560 ι
1834 1509 1944 1562 Καὶ⁸
1967 1510 1996 1561 ὁ

411 1593 637 1663 Μάρκος
656 1594 713 1646 δέ
734 1594 823 1646 διὰ
842 1592 951 1648 τῶν
980 1594 1161 1648 αὐτῶν
1194 1594 1338 1666 ῐησιν
1357 1596 1434 1660 ὠς
1465 1597 1534 1650 τά
1556 1598 1724 1653 πολλὰ
1742 1599 1818 1669 τῷ
1841 1600 1994 1653 Ματ-

2091 493 2242 559 vivii,
2277 503 2370 546 aut
2410 492 2596 547 nescio
2649 506 2758 561 quo
2819 490 3049 545 debeam
3109 492 3332 547 nomine
3393 495 3672 564 appellare
3748 496 3751 499 ’

2093 585 2196 656 (sic
2222 593 2275 639 et
2307 585 2544 654 linguam
2571 593 2627 639 et
2657 590 2896 638 mentem
2929 593 3156 654 superat
3208 585 3402 655 gratia?
3457 587 3670 656 magni--

2093 673 2269 743 tudo),
2291 672 2626 742 crepidinem
2657 687 2722 726 ac
2749 673 3165 728 fundamentum
3189 675 3499 743 jaciamus.
3534 676 3674 730 Mat-

2092 766 2267 820 thacus
2319 779 2449 833 ergo
2513 766 2595 820 sic
2650 764 2945 820 Dominum
3001 767 3312 836 loquentem
3388 767 3676 839 discipulis

2092 855 2344 910 inducit:
2381 875 2399 907 σ
2446 855 2616 910 Amen
2648 856 2776 910 dico
2806 858 2983 923 vobis,
3024 866 3154 913 sunt
3175 858 3395 928 quidam
3467 860 3536 915 de
3587 862 3679 915 hic

2092 946 2393 1010 stantibus,
2429 945 2523 1014 qui
2571 959 2683 999 non
2725 948 3025 1016 gustabunt
3077 956 3349 1016 mortem,
3383 950 3560 1006 donec
3596 953 3674 1005 vi~

2093 1035 2257 1091 deant
2292 1034 2489 1090 Filium
2533 1036 2773 1092 hominis
2828 1038 3135 1093 venientem
3213 1040 3267 1094 in
3332 1056 3501 1114 regno
3555 1059 3677 1099 sun.

2093 1129 2162 1183 Et
2195 1137 2318 1199 post
2346 1128 2463 1184 dies
2489 1143 2583 1184 sex
2614 1130 2849 1185 assumit
2890 1127 3054 1187 Jesus
3104 1131 3351 1202 Petrum,
3413 1144 3470 1191 et
3515 1134 3675 1192 Jaco-

2094 1220 2245 1285 bum,
2270 1228 2324 1275 ct
2346 1216 2609 1274 Joannem
2632 1219 2863 1276 fratrem
2883 1223 3025 1292 ejus,
3044 1225 3268 1279 etducit
3296 1228 3421 1283 illos
3445 1228 3498 1282 in
3524 1245 3681 1283 mon-

2089 1316 2203 1364 tem
2230 1312 2512 1367 excelsum
2546 1325 2796 1366 seorsum
2828 1327 2841 1364 :
2902 1320 2956 1368 et
2993 1314 3416 1394 transfiguratus
3442 1330 3526 1374 est
3555 1328 3681 1373 ante

2094 1416 2189 1457 eos
2217 1441 2230 1455 .
2254 1402 2316 1456 Et
2343 1402 2680 1472 resplenduit
2717 1405 2889 1461 facies
2912 1407 3033 1475 ejus
3056 1408 3198 1463 sicut
3219 1409 3301 1464 sol
3326 1427 3340 1463 :
3381 1417 3682 1467 restimeu-
3744 1446 3753 1454 -

2098 1504 2150 1549 ta
2175 1506 2354 1551 autem
2391 1497 2510 1567 ejus
2542 1496 2682 1552 facta
2712 1506 2840 1554 sunt
2867 1500 3122 1566 candida,
3152 1503 3300 1557 sicut
3350 1503 3535 1560 lumen
3563 1503 3612 1560 ιι.
3654 1526 3673 1557 ι

2098 1584 2202 1641 Sed
2230 1597 2282 1641 et
2324 1586 2540 1643 Marcus
2570 1589 2765 1644 iisdem
2803 1590 2916 1644 fere
2936 1597 3099 1660 atque
3123 1590 3407 1650 Matthaaus
3433 1596 3678 1667 vestigii:

404 1683 552 1754 θαίῳ
578 1698 592 1712 ·
629 1686 723 1745 καὶ
764 1687 975 1756 ῥήμασι
1024 1686 1121 1739 καὶ
1167 1687 1401 1758 νοήμασι
1454 1687 1554 1759 τὴν
1599 1691 1736 1758 πρὸς
1786 1691 1995 1743 ἐκεῖνον

2102 1677 2367 1747 graditur,
2390 1678 2686 1748 quamdam
2720 1694 2844 1732 cum
2867 1695 2933 1734 eo
2959 1690 3013 1735 et
3037 1681 3223 1738 verbis
3251 1691 3305 1737 et
3328 1685 3511 1740 sensis
3536 1689 3681 1740 velut

413 1775 660 1845 στέργων
706 1776 1002 1841 οἰκείωσιν,
1061 1776 1138 1840 ὡς
1169 1778 1262 1830 καὶ
1303 1777 1381 1848 τῷ
1406 1778 1555 1849 αύτῷ
1583 1779 1859 1851 Πνεύματι
1894 1781 1992 1853 τὴν

2105 1765 2368 1821 aﬂ‘ectans
2429 1767 2921 1833 necessitudinem,
2984 1770 3132 1824 velut
3197 1772 3389 1828 eodem
3472 1773 3680 1844 Spiritu

409 1862 589 1933 ψυχὴν
646 1864 1043 1935 ἐμπνεόμενος,
1088 1865 1186 1918 καὶ
1226 1864 1568 1935 τυπούμενος
1600 1867 1702 1937 τὴν
1736 1867 1997 1923 διάνοιαν.

410 1955 473 2008 Ei
508 1956 564 2009 δὲ
594 1956 691 2009 καὶ
722 1956 917 2027 μικρόν
940 1974 993 2010 τι
1018 1956 1355 2012 διαλλάττειν
1384 1957 1507 2012 καθ’
1543 1957 1601 2011 ἐν
1638 1958 1701 2029 δὴ
1731 1959 1934 2012 τούτων
1964 1959 1997 2030 ἢ

411 2047 537 2101 κατ’
592 2049 883 2119 ἀμφότερα
916 2048 1143 2113 δόξειεν,
1185 2049 1300 2102 ἀλλ’
1352 2051 1456 2104 οὐκ
1507 2051 1842 2123 ἐναντιότης,
1876 2052 2000 2106 οὐδὲ

416 2138 566 2208 μάχη
601 2139 762 2192 τοῦτο
805 2140 944 2209 πρὸς
994 2141 1238 2205 ἐκεῖνον,
1273 2139 1306 2211 ἥ
1346 2142 1473 2206 τοὺς
1514 2142 1710 2207 ἄλλους
1755 2144 1928 2197 ἐστίν·
1963 2144 1996 2214 ἢ

412 2230 525 2300 γὰρ
558 2229 730 2302 ἑτέρῳ
755 2233 942 2303 τρόπῳ
963 2233 1109 2287 κατὰ
1150 2233 1251 2304 τὴν
1295 2235 1496 2304 φράσιν
1532 2235 1781 2305 άψευδῶς
1802 2238 1872 2290 τά
1904 2253 2000 2289 πε.

414 2322 712 2391 πραγμένα
767 2323 1055 2393 δηλοῦντες
1110 2325 1237 2397 (ἵνα
1287 2327 1522 2380 συνελὼν
1574 2329 1924 2400 φιλοσοφήσω
1946 2347 1995 2391 τι

412 2417 545 2487 περὶ
572 2417 872 2489 τούτων)ἢ
907 2419 974 2473 τὰ
1026 2421 1339 2492 παρειμένα
1391 2423 1528 2493 πρὸς
1571 2423 1726 2479 τοῦδε
1769 2425 1930 2493 τυχὸν
1961 2423 1995 2495 ἢ

416 2505 570 2559 τοῦδε
598 2505 708 2561 τῶν
740 2509 1165 2578 εὐαγγελιστῶν,
1190 2513 1397 2576 ἐκεῖνος
1421 2513 1455 2583 ἢ
1486 2507 1662 2578 οὗτος,
1691 2514 1723 2584 ἢ
1750 2515 1843 2567 καὶ
1874 2514 1997 2568 τού-

418 2613 528 2652 των
573 2598 706 2651 ἔνιοι
769 2601 1180 2671 παραδιδόντες,
1231 2603 1517 2672 διαφωνεῖν
1565 2605 1836 2670 δοκοῦσιν,
1876 2603 1997 2660 οὐδὲ

418 2692 561 2745 κατὰ
593 2692 786 2763 μικρὸν
813 2693 1066 2763 ἀλλήλοις
1090 2696 1575 2764 άντεπεξάγοντες.
1627 2698 1714 2761 Ὠς
1736 2697 1857 2752 οὔτε
1882 2717 1997 2753 κοι-

415 2781 524 2847 νῶς
549 2783 677 2852 ἑξῆς
709 2784 972 2848 ἅπαντες,
997 2784 1121 2839 οὔτε
1158 2787 1265 2857 ἰδίᾳ
1307 2788 1417 2840 τῶν
1447 2790 1732 2862 τεσσάρων
1760 2792 1881 2845 οὐδὲ
1914 2789 1996 2857 εἷς

414 2877 664 2947 γέγραφε
700 2878 897 2942 πάντα,
926 2879 1026 2932 ὅσα
1058 2882 1201 2934 κατὰ
1233 2884 1331 2951 τὴν
1362 2883 1644 2954 ἄφραστον
1682 2886 1996 2956 οἰκονομίαν

414 2968 560 3037 μετὰ
580 2966 839 3035 σαρκὸςὸ
865 2969 1039 3037 Λόγος
1066 2972 1386 3041 πεποίηκεν,
1433 2974 1461 3026 ὁ
1497 2973 1788 3043 λεγόμενος
1837 2975 1993 3045 σὰρξ,

414 3060 511 3112 καὶ
564 3059 639 3131 μὴ
683 3058 858 3113 λιπὼν
890 3060 951 3114 τὸ
973 3056 1114 3114 εἶναι
1144 3062 1277 3126 Θεός
1304 3080 1318 3094 ·
1350 3065 1528 3118 καίτοι
1571 3081 1635 3134 γε
1678 3068 1881 3120 σκοπὸν
1899 3068 1996 3121 ἕνα

413 3149 516 3220 τὴν
545 3149 803 3220 ἀλήθειαν
831 3152 880 3204 οἰ
901 3150 1168 3223 τέσσαρες
1200 3153 1438 3223 ἔχοντες,
1466 3157 1562 3209 καὶ
1593 3158 1671 3209 τι
1693 3157 1812 3211 ὅλον
1838 3158 1999 3212 δυνά-

416 3260 513 3312 μει
550 3243 639 3297 διὰ
664 3242 758 3298 τοῦ
810 3244 1014 3316 μέρους
1065 3244 1474 3317 πριληπτικῶς
1528 3250 1996 3329 συνεκφαίνοντες.

417 3330 525 3390 Οἷα
548 3334 808 3399 πολλάκις
830 3337 1043 3405 γίνεται
1059 3336 1150 3391 διὰ
1166 3338 1265 3408 τὴν
1283 3339 1420 3408 πρὸς
1444 3338 1648 3412 ἄλληλά
1673 3341 1780 3395 τῶν
1800 3342 1998 3411 λογίων

416 3427 512 3480 τοῦ
546 3427 867 3498 Πνεύματος
898 3430 1221 3500 συμφωνίαν
1243 3433 1336 3484 καὶ
1367 3432 1654 3503 ἁρμονίαν,
1690 3436 1785 3488 καὶ
1814 3429 1901 3489 οἷα
1925 3437 2002 3498 ὡς

417 3521 479 3573 ὲν
506 3520 587 3574 ἐνὶ
620 3519 835 3590 σώματι
858 3522 1036 3592 μελῶν
1058 3522 1236 3593 δίκην,
1264 3524 1350 3593 ἐφ’
1381 3526 1632 3597 ἁρμογήν
1661 3544 1718 3581 τε
1754 3529 1849 3582 καὶ
1875 3529 2001 3583 σύν-

416 3609 572 3664 θεσιν
601 3611 662 3664 τὸ
694 3614 917 3683 συνεχὲς
968 3613 1256 3670 ἀδιάλυτον
1303 3616 1604 3689 φέρουσαν.
1634 3619 1921 3690 Μαρτυρεῖ
1946 3621 2002 3674 δὲ

417 3705 487 3774 τῇ
517 3702 751 3776 ἀληθείᾳ
775 3705 884 3759 τῶν
906 3707 1237 3777 λεγομένων,
1266 3709 1326 3762 οὐ
1356 3709 1424 3762 τά
1460 3710 1605 3775 ἰδίως
1632 3712 1762 3781 παρ’
1794 3715 2000 3779 αὐτοῖς,

419 3792 454 3861 ἢ
478 3793 610 3863 παρ’
635 3793 799 3858 ἐνίοις
831 3794 1011 3848 αὐτῶν
1045 3797 1412 3867 εὑρισκόμενα
1449 3798 1631 3869 μόνον,
1668 3799 1808 3852 ἀλλὰ
1847 3801 1943 3854 καὶ
1974 3803 2004 3854 ὁ

421 3883 630 3954 ὑψηλὸς
677 3884 957 3956 Ἰωάννης,
1010 3888 1136 3941 κατ’
1184 3888 1316 3941 αὐτὸ
1343 3888 1407 3960 δὴ
1436 3889 1530 3955 τοῦ
1581 3890 1915 3959 Εὐαγγελίου
1943 3891 2004 3944 τὸ

422 3972 597 4044 πέρας
621 3976 909 4045 γενόμενος
931 3993 945 4007 ο
978 3993 999 4028 ι
1048 3978 1203 4031 Ἔστι
1231 3978 1288 4030 δέ
1312 3982 1404 4033 καὶ
1434 3980 1567 4034 ἄλλα
1591 3980 1784 4046 πολλὰ,
1812 3983 1999 4053 φησὶν.

418 4064 455 4119 ἃ
480 4067 741 4136 ἐποίησεν
772 4069 802 4119 ὁ
845 4068 1074 4138 Ἰησοῦς,
1128 4070 1286 4124 ἅτινα
1317 4072 1414 4126 ἐὰν
1448 4073 1728 4145 γράφηται
1771 4073 1895 4126 καθ’
1922 4073 2001 4137 ἓν,

420 4158 544 4212 οὐδέ
569 4160 734 4214 αὐτὸν
766 4157 922 4232 οἶμαι
951 4162 1043 4216 τὸν
1066 4164 1270 4234 κόσμον
1300 4164 1548 4236 χωρῆσαι
1578 4167 1649 4221 τά
1681 4166 2004 4239 γραφόμενα

352 4275 361 4280 -
423 4249 628 4319 βιϐλία.
664 4271 682 4303 ι
721 4253 804 4306 Τά
832 4256 972 4308 αὐτά
1003 4255 1060 4308 δὲ
1101 4257 1197 4309 καὶ
1232 4257 1364 4328 περὶ
1410 4257 1517 4312 τοῦ»
1540 4259 1730 4313 Λουκᾶ
1758 4259 1999 4324 λέξεται,

419 4342 481 4406 ὂς
508 4359 574 4413 γε
601 4343 665 4415 δὴ
694 4347 796 4415 τῆς
824 4348 1307 4418 μεταμορφώσεως
1336 4349 1437 4420 τὴν
1460 4354 1622 4422 χάριν
1647 4351 2004 4423 ἐκδιηγούμε-

2025 3117 2068 3175 C

2100 1856 2320 1911 amante
2350 1856 2617 1922 animum,
2644 1871 2708 1911 ac
2748 1864 2986 1913 mentem
3015 1857 3314 1916 formante.
3357 1861 3514 1928 Quod
3550 1882 3681 1921 vero

2102 1948 2353 2004 nonnihil
2380 1949 2437 2003 in
2468 1964 2579 2004 uno
2601 1965 2667 2005 ex
2696 1948 2860 2004 dictis
2885 1951 2966 2005 vel
2993 1959 3228 2023 utroque
3251 1955 3469 2012 differre
3504 1958 3685 2013 videa-

2102 2049 2211 2105 tur,
2237 2040 2382 2095 haud
2415 2051 2596 2096 tamen
2635 2057 2700 2096 ea
2722 2045 3112 2110 contrarietas,
3156 2054 3216 2100 ut
3258 2062 3504 2117 pugnare
3552 2066 3680 2106 cum

2102 2134 2197 2188 illo
2228 2141 2323 2187 aut
2356 2133 2482 2190 aliis
2515 2136 2755 2205 putanda
2801 2137 2893 2191 sit.
2937 2137 3061 2192 Ideo
3102 2140 3272 2203 enim,
3302 2151 3361 2195 ul
3397 2143 3590 2212 paucis
3617 2150 3684 2198 de

2102 2224 2188 2280 his
2224 2226 2431 2296 aliquid
2462 2227 2837 2297 philosopher,
2882 2229 3141 2284 videntur
3167 2232 3478 2298 dissonum,
3511 2252 3685 2303 quau-

2100 2332 2269 2387 quatn
2310 2334 2382 2374 ne
2420 2319 2705 2373 minimum
2736 2319 2867 2390 quid
2921 2322 3025 2376 sibi
3058 2336 3388 2394 repugnent,
3440 2328 3528 2381 vel
3557 2324 3685 2398 quia
3720 2344 3723 2347 ί

2100 2400 2429 2479 alio‘modo,
2456 2412 2602 2482 quod
2636 2423 2847 2483 spectat
2891 2418 2959 2466 ad
3010 2415 3255 2485 phrasin)
3309 2426 3363 2472 et
3414 2420 3685 2475 elocutio-

2100 2516 2410 2572 neni,.quae
2439 2518 2568 2558 rere
2600 2511 2752 2575 gesta
2788 2513 2918 2559 sunt
2948 2507 3226 2575 explicent
3254 2527 3271 2576 ;
3308 2510 3394 2564 vel
3427 2512 3558 2580 quia
3594 2513 3685 2566 hie

2099 2593 2279 2659 illeve,
2307 2602 2407 2650 aut
2428 2595 2590 2651 etiam
2613 2596 2783 2666 aliqui
2815 2595 2947 2651 huic
2979 2595 3123 2652 forte
3155 2598 3302 2653 illive
3330 2603 3686 2672 evangelista:

2098 2687 2304 2741 omissa
2336 2687 2579 2743 tradant.
2631 2686 2800 2754 Quasi
2845 2704 3028 2759 neque
3084 2707 3194 2745 una
3229 2707 3446 2758 omnes,
3509 2709 3690 2765 neque

2100 2778 2459 2849 peculiariter
2487 2779 2684 2849 aliquis
2709 2795 2896 2835 eorum
2921 2792 3159 2851 quatuor
3188 2784 3478 2854 scripserit
3499 2788 3687 2839 omnia

2099 2884 2438 2941 quaecunque
2496 2870 2629 2927 fecit
2692 2870 2954 2941 Verbum,
3020 2889 3126 2945 quo
3183 2883 3429 2948 tempore
3493 2882 3689 2933 huma-

2099 2978 2223 3018 nam
2259 2965 2493 3020 salutem
2560 2964 2820 3021 ineffabili
2857 2975 3200 3024 sacramento
3264 2968 3320 3025 in
3358 2985 3527 3026 carne
3571 2973 3690 3027 dis-

2099 3058 2367 3126 pensavit.
2412 3056 2677 3122 Verbum,
2719 3058 2965 3129 inquam,
2999 3061 3147 3130 quod
3179 3062 3387 3117 dictum
3415 3076 3497 3119 est
3537 3081 3687 3127 caro,

2107 3164 2420 3221 quanquam
2452 3166 2572 3205 esse
2604 3149 2749 3207 Deus
2779 3152 3007 3207 minime
3063 3153 3244 3208 desit:
3306 3156 3524 3211 tametsi
3582 3173 3689 3211 una

2108 3242 2244 3312 ipsis
2278 3248 2521 3311 quatuor
2549 3241 2773 3308 veritas,
2815 3257 3020 3314 scopus
3060 3245 3342 3314 proposita
3393 3247 3486 3310 sit,
3531 3254 3586 3300 et
3634 3260 3691 3299 ut

2109 3348 2322 3388 summa
2387 3340 2583 3401 totum,
2679 3333 2884 3389 virtute
2920 3351 2987 3390 ex
3044 3344 3203 3406 parte
3273 3338 3441 3393 simul
3506 3339 3697 3394 declau

2108 3436 2271 3493 rent;
2306 3423 2452 3496 quod
2494 3441 2601 3480 non
2640 3440 2767 3482 raro
2805 3442 2872 3482 ex
2907 3438 3097 3483 mutua
3139 3430 3487 3501 eloquiorum
3524 3432 3692 3503 Spiri-

2108 3524 2197 3574 tus
2232 3518 2598 3575 consensione
2630 3528 2796 3590 atque
2838 3520 3149 3589 harmonia,
3206 3530 3260 3577 et
3303 3539 3443 3594 qum,
3512 3526 3693 3580 instar

2110 3608 2481 3663 membrorum
2542 3609 2598 3663 in
2657 3624 2913 3680 corpore,
2965 3611 3314 3667 insolubilem
3373 3629 3719 3686 compagem

2109 3698 2676 3771 compositionemth
2707 3704 2952 3758 continui
2983 3702 3177 3768 faciat,
3219 3704 3442 3759 accidit.
3496 3702 3689 3771 Porro,

2108 3804 2296 3844 eorum
2332 3805 2453 3861 qum
2488 3791 2637 3845 dicta
2688 3802 2818 3847 sunt
2865 3793 3089 3848 veritati
3147 3794 3542 3865 suffragantur,
3581 3813 3692 3851 non

2109 3887 2320 3935 tantum
2344 3897 2465 3952 quae
2485 3884 2786 3952 peculiaria
2822 3886 2965 3954 apud
2996 3900 3111 3952 eos,
3148 3888 3232 3943 vel
3258 3903 3448 3944 eorum
3480 3890 3696 3961 aliquos
3790 3960 3796 3967 .

2110 3983 2434 4037 occurrunt,
2472 3971 2566 4026 sed
2602 3973 2765 4027 etiam
2824 3973 3082 4029 sublimis
3143 3975 3235 4030 ille
3290 3974 3554 4045 Joannes,
3598 3981 3691 4033 ubi

2111 4064 2177 4117 ad
2213 4062 2395 4133 ipsum
2439 4062 2718 4134 Evangelii
2755 4064 2920 4118 finem
2953 4066 3073 4117 ait:
3115 4084 3133 4115 ι
3193 4064 3334 4120 Sunt
3393 4079 3578 4123 autem
3642 4084 3696 4122 et

2111 4155 2217 4209 alia
2245 4155 2413 4208 multa
2449 4169 2573 4225 qua:
2608 4154 2741 4209 fecit
2764 4154 2947 4223 Jesus,
2976 4172 3100 4226 qua:
3139 4157 3186 4211 si
3224 4158 3541 4213 scribantur
3598 4177 3696 4231 per

2112 4248 2351 4320 singula,
2379 4262 2481 4303 nec
2517 4248 2698 4317 ipsum
2741 4248 2980 4303 arbitror
3011 4250 3279 4304 mundum
3313 4265 3511 4320 capere
3532 4267 3695 4322 posse

2111 4355 2230 4407 eos,
2284 4341 2376 4412 qui
2415 4341 2699 4396 scribendi
2736 4351 2892 4406 sunt,
2927 4340 3100 4397 libros
3140 4342 3157 4382 ί
3196 4383 3208 4397 .
3247 4361 3267 4394 ι
3322 4341 3562 4412 ldipsum
3628 4345 3695 4398 de

421 4451 513 4498 νος
559 4436 758 4505 φησίν·
795 4457 815 4489 ‹
861 4440 1108 4507 Ἐγένετο
1131 4440 1187 4493 δὲ
1220 4442 1360 4511 μετὰ
1392 4447 1520 4506 τοὺς
1546 4443 1741 4511 λόγους
1778 4443 1999 4508 τούτους

2112 4433 2255 4488 Luca
2291 4434 2614 4499 dixerimus,
2649 4433 2745 4504 qui
2776 4448 2909 4489 sane
2935 4447 3202 4490 enarratis
3231 4436 3465 4506 gratiam
3516 4446 3696 4490 trans-

418 4525 556 4579 ὼσεὶ
583 4529 789 4599 ἡμέραι
822 4531 1004 4584 ὀκτώ·
1052 4534 1146 4586 καὶ
1186 4533 1521 4602 παραλαϐὼν
1560 4536 1589 4588 ό
1642 4535 1852 4607 Ἰησοῦς
1897 4536 2004 4589 Πέ-

420 4633 573 4687 τρον,
605 4621 701 4672 καὶ
744 4619 1025 4690 Ἰάκωϐον,
1057 4622 1152 4675 καὶ
1194 4624 1474 4694 Ἰωάννην,
1501 4624 1668 4694 ἀνέϐη
1697 4612 1776 4687 εἰς
1797 4625 1859 4678 τὸ
1883 4625 2008 4696 ὅρος

423 4708 848 4778 προσεύξασθαι.
872 4730 966 4761 ι-
990 4730 1009 4763 t
1034 4712 1304 4780 Ἐγένετο,
1332 4716 1486 4784 φησὶ,
1511 4717 1650 4785 μετὰ
1669 4718 1796 4779 τοὺς
1814 4716 2009 4785 λόγους

426 4800 650 4862 τούτους
678 4800 813 4854 ὡσεὶ
839 4802 1046 4872 ἡμέραι
1076 4804 1242 4858 ὀκτώ.
1283 4824 1301 4857 ι
1329 4805 1394 4857 Τί
1423 4821 1554 4859 ποτε
1577 4806 1731 4876 δρᾷς,
1759 4802 1804 4860 ὦ
1832 4802 2008 4877 μύστα

424 4894 532 4948 τῶν
566 4896 930 4968 άπορῤήτωνς
957 4897 1023 4948 Τί
1046 4895 1247 4964 λέγεις,
1277 4915 1298 4950 ι
1328 4890 1586 4965 Ἐγένετο
1613 4898 1755 4967 μετὰ
1772 4899 1899 4962 τοὺς
1922 4898 2008 4952 λό-

422 5001 553 5054 γους
568 4986 794 5050 τούτους
813 4987 944 5042 ὼοεὶ
966 4989 1174 5060 ἡμέραι
1193 4988 1374 5055 ὀκτὼ;
1402 5009 1420 5042 ι
1443 4991 1554 5047 Καὶ
1586 4990 1638 5043 τί
1664 4991 1732 5044 ἂν
1755 4991 2005 5062 ποιήσαι-

426 5093 549 5148 μεν,
568 5078 665 5132 τοῦ
680 5079 912 5151 Μάρκου
945 5081 1040 5133 καὶ
1065 5079 1161 5133 τοῦ
1194 5079 1480 5135 Mareotico
1502 5080 1569 5133 δι’
1593 5081 1711 5145 ἐνὸς
1737 5082 2006 5153 στόματος

424 5164 541 5222 οἷον
577 5169 831 5240 ἀλληλοις
875 5171 1388 5243 συμφθεγγομένων
1418 5174 1512 5225 καὶ
1557 5171 1785 5226 τοιαῦτα
1821 5172 2007 5242 λεγόν-

422 5276 561 5313 των·
603 5279 621 5313 ι
652 5261 762 5314 Καὶ
789 5261 908 5331 μεθ’
937 5263 1151 5332 ἡμέρας
1178 5262 1256 5329 ἒξ,
1293 5263 1712 5334 παραλαμϐάνει
1736 5267 1764 5317 ὁ
1798 5265 2007 5337 Ἰησοῦς

422 5353 516 5407 τὸν
539 5355 766 5425 Πέτρον,
801 5356 894 5409 καὶ
935 5357 1211 5421 Ἰάκωϐον,
1244 5360 1337 5412 καί
1372 5358 1626 5430 Ἰωάννην
1651 5360 1747 5412 τὸν
1779 5359 2006 5428 ἀδελφὸν

426 5445 625 5499 αὑτοῦ·
662 5447 756 5499 καὶ
788 5448 1063 5520 ἀναφέρει
1093 5451 1291 5513 αὐτοὺς
1347 5452 1426 5517 εἰς
1479 5452 1604 5523 ὅρος
1652 5451 1855 5520 ὑψηλὸν
1883 5453 2005 5506 κατ’

426 5536 587 5606 ἰδίαν,
619 5538 714 5591 καὶ
765 5539 1163 5610 μετεμορφώθη
1212 5541 1521 5624 ἔμπροσθεν
1550 5544 1728 5597 αὐτῶν
1760 5561 1777 5610 ;
1816 5563 1832 5594 ι
1867 5536 2006 5611 Ναὶ,

2108 4525 2472 4595 figurationis,
2498 4525 2574 4579 ita
2603 4525 2680 4578 ait
2714 4542 2728 4578 :
2768 4545 2787 4576 ‹
2827 4523 3055 4582 Factum
3103 4534 3187 4582 est
3219 4535 3400 4581 autem
3424 4537 3546 4597 pust
3579 4529 3695 4581 hace

2107 4619 2290 4685 verba,
2311 4617 2425 4672 fere
2458 4617 2577 4672 dies
2607 4624 2769 4672 octo:
2800 4618 3209 4689 assumptisque
3236 4615 3398 4673 Jesus
3428 4617 3612 4684 Petro,
3639 4629 3693 4674 ct

2103 4709 2335 4777 Jacobu,
2375 4721 2431 4765 et
2461 4710 2671 4766 Juanne
2692 4751 2706 4776 ,
2739 4713 2991 4767 ascendit
3031 4712 3085 4766 in
3114 4721 3357 4768 montem
3391 4720 3685 4789 utorarelj.

2105 4803 2335 4860 Factum
2370 4815 2493 4872 est,
2543 4807 2762 4877 inquit,
2802 4817 2926 4877 post
2984 4806 3100 4863 haec
3151 4806 3355 4873 verba,
3412 4808 3524 4863 fere
3569 4807 3688 4862 dira

2107 4908 2254 4956 octo.
2295 4919 2312 4953 ι
2348 4899 2617 4966 Quidnam
2671 4916 2801 4956 vero
2845 4901 2984 4971 agis,
3011 4916 3044 4955 ο
3071 4908 3249 4972 mysta
3307 4915 3637 4955 arcanorum
3670 4901 3692 4955 ἲ

2103 4986 2247 5054 Quid
2287 4996 2391 5055 ais,
2435 5012 2453 5037 ι
2491 4989 2715 5049 Factum
2751 4996 2836 5044 est
2861 5000 2982 5060 post
3018 4989 3180 5045 verba
3236 4990 3350 5044 haec
3379 5030 3394 5052 ,
3431 4991 3544 5044 fere
3571 4990 3690 5044 dies

2104 5082 2266 5136 octo?
2305 5101 2323 5133 ι
2356 5081 2499 5146 Quid
2533 5083 2815 5139 enimvero
2844 5082 3180 5139 fecerimus?
3218 5097 3343 5138 cum
3397 5082 3613 5139 Marcus
3639 5093 3693 5136 rt

2104 5171 2410 5236 Matthmus,
2443 5172 2591 5227 velut
2651 5186 2759 5226 uno
2793 5186 2889 5227 ore
2947 5176 3151 5242 pariter
3206 5174 3583 5243 pronuntient,
3627 5189 3691 5225 ac

2109 5263 2273 5318 verba
2305 5263 2579 5334 ejusmodi
2615 5263 2803 5318 dicant
2833 5281 2846 5316 :
2882 5282 2901 5314 ι
2933 5262 2999 5317 Et
3026 5276 3149 5334 post
3176 5279 3270 5320 sex
3301 5265 3420 5321 dies
3460 5268 3693 5321 assumit

2107 5353 2266 5409 Jesus
2325 5354 2564 5419 l’ctrum,
2605 5364 2659 5409 et
2709 5353 2996 5421 Jacobum,
3030 5364 3083 5411 et
3139 5355 3404 5411 Joannem
3468 5355 3689 5412 fratrem

2112 5446 2268 5512 ejus:
2295 5457 2351 5502 et
2376 5448 2531 5502 ducit
2566 5447 2690 5502 illos
2740 5448 2794 5502 in
2826 5456 3068 5502 lllUllleill
3100 5450 3380 5505 excelsum
3410 5465 3687 5515 seorsum,

2117 5555 2169 5601 et
2222 5542 2649 5628 transfiguratus
2681 5549 2766 5597 est
2800 5558 2983 5598 coram
3038 5544 3194 5615 ipsis.
3245 5563 3265 5597 ι
3301 5541 3380 5599 Ita
3420 5543 3580 5615 plane
3612 5544 3689 5597 ait

497 5721 530 5754 ιι
588 5713 785 5770 Matth.
826 5731 938 5781 xvi,
990 5715 1095 5781 28;
1160 5732 1294 5781 ινιτ,
1329 5718 1379 5780 l,
1411 5719 1465 5773 2.
1551 5718 1897 5788 ι]ουη.ικι,
1942 5721 1999 5775 QE

2117 5722 2128 5771 i
2179 5722 2311 5777 Luc.
2350 5737 2425 5790 ις,
2484 5724 2574 5790 28,
2608 5722 2698 5777 99.

752 5810 1025 5869 ΡΑτιιοι..
1058 5812 1173 5871 Gn.
1208 5810 1445 5873 XCVII.

1302 5974 1337 5991 ό

3337 5814 3408 5879 3')
