4032 6138
425 289 529 356 939

1607 299 1668 359 S.
1699 301 2029 363 ANDRE/E
2068 305 2486 369 CRETENSIS

3567 306 3674 372 945

423 424 616 480 beatus
646 419 843 491 Lucas.
886 417 1031 475 Nihil
1060 420 1228 495 magis
1257 437 1446 486 unum,
1496 426 1735 497 magisve
1786 443 1983 500 cogna-

2098 415 2262 485 φησιν
2306 418 2334 469 6
2355 416 2627 488 μακάριος
2651 416 2886 480 Λουκᾶς.
2921 415 3037 471 Οὐκ
3061 415 3206 471 ἔστιν
3229 416 3383 471 οὐδὲν
3416 418 3527 472 τῶν
3549 421 3675 491 ἐμοί

423 523 539 572 tum
589 522 644 569 et
678 514 747 574 ad
786 516 926 571 idem
963 516 1149 579 fuerit,
1197 528 1358 586 quam
1396 515 1542 585 quod
1584 518 1718 573 mihi
1778 520 1995 592 illisque

424 609 527 671 fuit
559 609 789 664 dictum.
857 606 1021 661 Plane
1058 606 1203 663 enim
1244 616 1585 683 consonant,
1634 611 2009 682 eamdemque.

423 707 528 758 vim
569 711 624 759 et
649 702 808 757 nobis
842 710 897 755 et
927 701 1033 758 illis
1072 701 1216 755 dicta
1256 700 1581 757 habuerim.
1633 703 1845 761 Etenim
1889 709 1990 775 illi,

420 795 622 850 omissa
660 794 751 849 die
785 810 892 862 qua
922 792 1165 848 Verbum
1221 808 1340 847 rem
1379 794 1529 849 brevi
1575 795 1815 871 futuram
1860 813 1965 869 apo

419 887 685 943 stolorum
720 885 949 955 collegio
1004 885 1371 955 praedixisset,
1406 887 1652 956 itemque
1683 887 1829 942 diem
1881 905 1992 958 qua

416 981 557 1037 idem
576 980 752 1050 ipsum
779 989 1172 1049 praenarratum
1198 992 1335 1047 opus
1358 978 1678 1034 mirabiliter
1694 979 1988 1038 elIecisset:

415 1076 533 1131 dies
558 1073 922 1137 intermedios
950 1089 981 1127 a
1010 1073 1209 1143 primo,
1242 1072 1490 1142 inquam,
1519 1075 1583 1127 ad
1616 1073 1890 1136 ultimum,
1913 1081 1996 1135 at-

414 1182 520 1238 que
556 1166 692 1220 adeo
734 1165 802 1221 ab
835 1180 947 1220 uno
986 1165 1050 1216 ad
1086 1171 1339 1219 octavum
1377 1178 1472 1219 sex
1505 1164 1684 1234 palam
1718 1165 1993 1220 exsisten-

417 1271 497 1314 tes
533 1264 861 1313 numerant.
889 1253 962 1310 lis
1007 1269 1172 1325 porro
1210 1254 1256 1315 si
1286 1252 1425 1310 duos
1489 1254 1611 1308 illos
1647 1254 1990 1333 adjunxeris,
2078 1308 2082 1314 _

415 1350 746 1419 initiumque
768 1345 1003 1403 etﬁnem
1039 1343 1218 1400 medio
1247 1346 1617 1409 conserueris,
1653 1346 1792 1399 citra
1862 1360 1995 1399 con-

416 1442 737 1501 troversiam
818 1437 1107 1512 quaesitum
1184 1437 1481 1503 habueris,
1560 1447 1994 1507 nostrorumque

415 1549 727 1591 sermonum
758 1540 1001 1588 mutuam
1028 1531 1455 1589 consensionem
1484 1531 1856 1601 perspexeris,
1880 1530 1995 1585 sole

413 1624 751 1695 splendidius
798 1623 1096 1699 puriusque
1149 1621 1421 1681 emicante
1474 1622 1707 1681 veritate
1736 1620 1993 1681 decorem

414 1719 658 1773 unitatis.

483 1914 620 1981 Quia
662 1914 942 1969 enimvero
993 1911 1292 1980 Scripturte
1332 1909 1489 1965 vobis
1539 1909 1883 1979 majestatem
1918 1922 1984 1963 ac
2048 1916 2059 1926 ’

412 2006 868 2068 concinnitatem.
913 2003 1071 2073 juxta
1124 2001 1285 2056 Luca:
1343 2001 1679 2069 doctrinam,
1733 2002 1984 2055 oratione

410 2099 680 2171 descripsi
714 2116 726 2152 :
762 2112 859 2171 age
895 2096 1054 2168 plane
1106 2094 1404 2165 penetralis
1438 2093 1729 2148 audentius
1778 2093 1979 2164 adytis,

411 2192 576 2246 etiam
612 2200 853 2261 relegam
905 2187 1146 2259 abditam
1185 2185 1237 2265 i_u
1276 2184 1561 2255 Scriptura
1611 2186 1981 2255 spiritualium

348 2327 354 2333 .
410 2295 700 2337 sensorum
757 2284 1142 2345 venustatem;
1171 2289 1291 2331 eam
1341 2275 1569 2345 perinde
1600 2276 1792 2344 utique
1832 2273 1980 2344 quod

409 2380 565 2445 paret
623 2369 845 2428 luminis
886 2368 1188 2439 ‘splendore
1251 2374 1628 2436 superantem,
1682 2375 1847 2436 atque
1892 2381 1981 2421 res

408 2462 675 2533 Spiritalis
703 2476 816 2517 rem
848 2458 1157 2531 subjectam
1190 2458 1385 2521 oculis,
1422 2457 1626 2512 latente
1663 2456 1982 2514 sinceritate

406 2564 459 2609 et
491 2552 819 2610 sumeientia
847 2551 1018 2605 vincit
1045 2548 1145 2620 (6).
1166 2548 1432 2602 Caeterum
1463 2562 1560 2603 vos
1591 2548 1723 2601 mihi
1757 2548 1929 2617 prius,
1948 2563 1982 2602 ο

407 2645 568 2698 amici
602 2656 921 2699 sermonum
954 2649 1163 2710 mystae,
1202 2639 1407 2708 quique
1436 2653 1649 2693 mecum
1689 2653 1811 2707 quae
1838 2638 1981 2697 bona

407 2747 538 2793 sunt
565 2734 913 2806 pulchraque
943 2732 1236 2793 adamatis,
1260 2731 1470 2802 Spiritu
1503 2730 1599 2783 illo
1627 2730 1721 2797 qui
1754 2731 1981 2787 mundat

405 2845 471 2884 ae
529 2826 804 2882 illuminat
874 2824 1080 2888 omnia,
1147 2820 1452 2892 audituque
1508 2830 1563 2875 et
1626 2821 1980 2894 intelligentia

405 2918 747 2977 mundamini
775 2936 789 2976 :
833 2930 944 2986 quo
993 2914 1192 2970 Sermo
1221 2914 1313 2968 ille
1336 2913 1493 2968 vobis
1529 2922 1821 2985 cognatus,
1854 2923 1977 2969 tan-

404 3027 568 3084 quam
602 2986 932 3066 necessariis
958 2996 1072 3061 suis
1096 3004 1464 3072 colloquatur,
1495 3017 1559 3057 ac
1582 3001 1981 3058 initiationibus

402 3119 541 3176 quas
569 3116 731 3158 nemo
760 3096 1008 3156 docuerit
1038 3094 1140 3163 ('7),
1174 3092 1809 3192 perfectioraexhibeat.
1828 3090 1978 3192 .Quitl
2006 3134 2048 3192 ϐ

401 3210 536 3265 ergo
565 3206 760 3251 sumus
813 3188 1033 3260 dicturi,
1089 3183 1331 3240 fratres?
1362 3181 1517 3259 Quod
1552 3198 1681 3238 vero
1706 3183 1840 3237 illud
1873 3181 1980 3253 spi-

403 3286 563 3340 ritale
613 3279 1102 3339 instructissimum
1162 3290 1479 3331 sermonum
1549 3274 1861 3330 convivium
1914 3288 1979 3327 ac

344 3437 347 3439 ε
402 3371 803 3446 spectaculum,
842 3368 910 3422 ad
955 3382 1076 3438 quae
1119 3381 1220 3423 vos
1269 3365 1431 3420 hodie
1475 3366 1792 3427 invitamus,
1827 3378 1979 3433 qum-

400 3479 510 3534 que
537 3461 789 3532 adjutore
840 3457 1048 3529 Spiritu
1093 3456 1375 3511 incessere
1409 3468 1473 3508 ac
1504 3453 1658 3508 adire
1688 3452 1977 3507 volumus?

473 3570 765 3627 Senarium
832 3568 1025 3624 dicunt
1091 3564 1226 3621 artis
1283 3562 1463 3634 periti,
1523 3562 1666 3616 inter
1715 3577 1977 3621 numeros

398 3669 624 3722 denario
680 3660 1141 3734 comprehensos,
1196 3656 1373 3711 solum
1431 3653 1772 3725 perfectum;
1827 3655 1976 3713 velut

397 3755 661 3811 nimirum
700 3751 794 3823 qui
830 3766 897 3805 ex
932 3749 1049 3803 suis
1074 3750 1188 3819 ipse
1228 3745 1474 3816 partibus
1520 3745 1892 3801 consumatur
1923 3753 1977 3805 et

398 3842 761 3912 compleatur.
789 3839 968 3908 Atque
1004 3856 1022 3889 ι
1050 3836 1322 3900 Christus,
1362 3833 1453 3889 Dei
1480 3835 1745 3904 sapientia
1777 3843 1831 3889 et
1866 3836 1975 3891 vir-

286 3946 291 3949 ‘
349 3981 354 3985 .
398 3944 489 3991 tus
530 3935 579 3999 ιι,
621 3951 640 3984 ι
671 3930 909 3987 Verbum
938 3929 1070 3982 illud
1103 3928 1349 3981 bonitate
1393 3925 1594 3995 majus,
1641 3945 1659 3977 ι
1692 3924 1975 3984 Filiusille

399 4026 715 4099 unigenitus
749 4022 841 4091 qui
873 4022 1036 4075 estin
1074 4020 1196 4075 sinu
1233 4017 1415 4073 Patris
1449 4015 1468 4055 1
1508 4034 1523 4084 ;
1567 4036 1585 4068 ι
1623 4033 1715 4072 sex
1750 4020 1971 4088 quidem

395 4119 608 4173 dierum
663 4114 843 4186 spatio
892 4111 1195 4166 fabrit-atur
1221 4118 1277 4167 et
1307 4119 1460 4165 creat
1488 4111 1756 4183 quidquid
1784 4129 1969 4167 rerum

392 4217 477 4265 est
533 4208 710 4264 oculis
753 4205 1063 4275 subjectum
1101 4223 1113 4255 :
1151 4202 1218 4256 ad
1267 4202 1382 4258 haec
1411 4218 1540 4258 vero
1584 4204 1964 4269 ethominem,

392 4301 487 4372 qui
516 4298 888 4359 itnntatet'iata
955 4296 1136 4349 anima
1165 4296 1525 4366 materiaque,
1577 4296 1683 4350 hoc
1718 4304 1820 4359 est,
1848 4311 1971 4349 cor-

394 4410 523 4465 pore
544 4392 829 4449 consistat.
858 4388 965 4443 Sed
994 4394 1045 4442 et
1082 4387 1368 4443 charitatis
1407 4403 1512 4458 qua
1533 4387 1736 4453 bonum
1761 4389 1971 4451 nullum

2093 521 2153 557 τε
2193 507 2465 570 κάκείνοις
2509 508 2820 580 εἰρημένων
2856 509 2992 582 πρός
3020 526 3072 562 τι
3107 508 3215 562 τῶν
3246 510 3467 564 πάντων
3501 511 3674 566 ένοει-

2093 598 2346 670 δέστερον
2391 599 2424 669 ἢ
2462 602 2911 672 συγγενέστερον.
2939 601 3217 671 Σύμφωνα
3251 603 3360 674 γάρ
3395 606 3566 671 ὲστιν,
3598 606 3675 670 ὡς

2093 689 2328 761 ἀληθῶς,
2354 692 2450 745 καὶ
2476 693 2854 762 ταυτοδύναμα
2879 693 2948 747 τά
2980 695 3110 765 παρ’
3136 695 3292 767 ἡμῶν
3314 713 3373 748 τε
3404 698 3675 752 κάκείνων

2093 780 2530 851 λεγόμενα.’Καὶ
2585 786 2694 855 γὰρ
2746 785 2946 838 ἐκεῖνοι
2981 787 3082 856 τὴν
3115 786 3330 858 ἡμέραν
3385 791 3673 859 παρέντες,

2093 870 2218 922 καθ’
2245 871 2313 942 ἡν
2356 873 2419 926 τὸ
2464 873 2657 945 μέλλον
2688 875 2790 927 οὐκ
2842 878 2923 939 εἰς
2953 878 3172 947 μακρὰν
3206 878 3311 930 ὑπὸ
3364 879 3460 932 τοῦ
3496 882 3674 947 Λόγου
3726 910 3734 915 -

2094 962 2658 1033 τελεσθήσεσθαιτοϊς
2680 967 3005 1031 ἀποστόλοις
3041 972 3192 1040 κοινῇ
3234 972 3672 1041 προηγόρευται·

2094 1054 2355 1125 κάκείνην
2377 1050 2554 1120 αὖθις,
2570 1059 2626 1110 ὲν
2703 1058 2764 1111 τὸ
2788 1060 3103 1129 προρρηθὲν
3125 1062 3152 1112 6
3168 1061 3329 1128 λόγος
3357 1063 3678 1133 παραδόξως

2094 1145 2464 1216 ἐξείργασται,
2482 1149 2582 1212 τὰς
2608 1149 2814 1219 μεταξὺ
2831 1151 3079 1217 τῶνδύο,
3103 1155 3201 1221 τῆς
3234 1155 3481 1225 πρώτης,
3508 1158 3674 1225 φημὶ,

2096 1238 2311 1307 καὶτῆς
2347 1238 2685 1305 τελευταίας,
2728 1241 2930 1311 μᾶλλον
2957 1243 3014 1296 δὲ
3046 1247 3146 1315 τῆς
3174 1247 3304 1316 μιᾶς
3332 1247 3428 1299 καὶ
3459 1248 3674 1318 ὀγδόης,

2096 1329 2390 1400 ἀριθμοῦσι
2414 1332 2699 1402 προδήλως
2731 1336 2789 1402 ἓξ
2812 1337 3209 1407 τυγχανούσας.
3255 1338 3354 1402 Δίς
3380 1343 3427 1393 εί
3453 1343 3552 1404 τὰς
3580 1343 3677 1395 δύο

2099 1423 2414 1493 συνάψειας,
2445 1424 2547 1495 τὴν
2571 1426 2747 1497 ἀρχὴν
2778 1429 2869 1481 καὶ
2897 1430 2957 1483 τὸ
2981 1431 3139 1495 τέλος
3167 1435 3233 1503 τῇ
3267 1435 3527 1505 μεσότητι
3548 1453 3677 1491 συν-

2096 1512 2371 1582 αρμόζων,
2404 1514 2465 1567 τὸ
2488 1515 2820 1587 ζητούμενον
2844 1519 3239 1591 ἀναντίρρητον
3262 1522 3426 1589 ἕξεις,
3454 1525 3548 1578 καὶ
3573 1525 3676 1597 τὴν

2095 1602 2232 1671 πρὸς
2256 1604 2463 1676 ἄλληλα
2491 1605 2599 1658 τῶν
2644 1608 2930 1680 ἡμετέρων
2959 1609 3135 1680 λόγων
3186 1615 3508 1684 συμφωνίαν
3537 1633 3676 1671 κατ-

2099 1691 2246 1756 ίδοις,
2274 1694 2390 1745 ’τοῦ
2415 1695 2569 1765 ἡλίου
2599 1696 2983 1769 λαμπρότερόν
3032 1719 3092 1754 τε
3143 1705 3235 1755 καὶ
3284 1705 3675 1777 καθαριῦτερςν

2021 1803 2062 1856 Β
2087 1781 2184 1852 τῆς
2207 1782 2463 1854 ἀληθείας
2483 1787 2544 1839 τὸ
2575 1788 2774 1842 ὲνιαῖον
2801 1791 3239 1853 ἀποστίλϐουσαν
3274 1796 3492 1877 κάλλος.

2168 1895 2306 1948 Ἀλλ’
2346 1898 2535 1970 ἐπειδὴ
2589 1899 2684 1954 τοῦ
2724 1901 2901 1969 Λόγου
2944 1904 3046 1974 τὴν
3086 1907 3425 1978 φαινομένην
3472 1909 3672 1981 εὐπρέ-

2084 2003 2249 2040 πειαν
2278 1990 2372 2045 καὶ
2403 1993 2770 2062 εὐαρμοστίαν
2796 1996 2923 2064 ὑμῖν
2948 1994 3026 2066 τῷ
3054 1995 3198 2068 λόγῳ
3218 1998 3508 2069 διέγραψα,
3529 2005 3673 2057 κατὰ

2083 2079 2181 2149 τὴν
2215 2080 2309 2134 τοῦ
2357 2083 2544 2137 Λουκᾶ
2575 2085 2929 2141 διδασκαλίαν
2956 2103 2968 2115 ·
3007 2089 3140 2161 φέρε
3174 2090 3237 2160 δὴ
3275 2094 3370 2144 καὶ
3406 2093 3516 2144 τῶν
3542 2094 3673 2146 ἀδύ-

2082 2188 2193 2255 των
2236 2175 2680 2245 κατατολμήσας,
2730 2177 2839 2232 τῶν
2872 2180 3347 2251 ἐγκεκρυμμένων
3381 2183 3458 2253 τῷ
3508 2187 3673 2255 Λόγῳ

2085 2253 2364 2331 μυστικῶν
2388 2263 2679 2334 θεαμάτων
2695 2268 2990 2339 ὲκκαλύψω
3016 2269 3113 2340 τὴν
3140 2272 3393 2339 ἀγλαΐαν,
3415 2275 3671 2328 τοσοῦτον

2084 2354 2554 2426 ὑπερλάμπουσαν
2599 2360 2692 2412 τοῦ
2730 2363 3084 2431 φαινομένου.
3116 2363 3238 2418 ὅσον
3290 2365 3352 2417 τὸ
3376 2365 3672 2437 νοούμενον

2082 2446 2180 2500 τοῦ
2208 2450 2535 2520 φαινομένου
2561 2456 3039 2527 κρυφιωδέστερόν
3059 2474 3118 2509 τε
3139 2459 3234 2511 καὶ
3254 2440 3667 2530 διαρκέστερον.
3738 2467 3743 2471 ’

2083 2538 2195 2591 Καί
2236 2558 2326 2610 μοι
2360 2542 2677 2614 καθήρασθε
2725 2546 3013 2619 πρότερον,
3065 2542 3110 2601 ὦ
3138 2549 3280 2618 iptio:
3329 2551 3531 2620 μύσται
3572 2552 3668 2604 τοῦ

2082 2627 2257 2697 Λόγου
2302 2630 2400 2682 καὶ
2458 2635 2790 2702 συνερασταὶ
2834 2635 2943 2688 τῶν
2980 2637 3186 2701 καλῶν,
3227 2638 3325 2693 καὶ
3369 2640 3542 2712 ἀκοὴν
3572 2641 3670 2694 καὶ

2081 2720 2344 2785 διάνοιαν,
2369 2722 2446 2793 τῷ
2475 2724 2650 2778 πάντα
2680 2725 2996 2797 καθαίροντι
3036 2729 3131 2782 καὶ
3163 2731 3455 2798 φωτίζοντι
3490 2732 3667 2785 Πνεῦ-

2085 2830 2244 2883 ματι’
2272 2814 2337 2867 ἵν’
2361 2814 2437 2877 ὠς
2459 2816 2684 2879 οἰκείοις
2715 2817 2845 2886 ὑμῖν
2875 2819 2904 2870 ό
2926 2818 3099 2887 Λόγος
3125 2822 3381 2890 συμφυὴς
3406 2822 3666 2895 ὁμιλήσῃ.

2082 2908 2175 2961 καὶ¹
2196 2910 2316 2971 ταῖς
2340 2908 2649 2972 ἀδιδάκτοις
2669 2926 2740 2978 μυ
2750 2911 3083 2979 σταγωγίαις
3105 2912 3451 2989 ἀναδείξῃ,τά
3472 2913 3670 2968 τελεώ-

2081 3015 2235 3068 τερα.
2273 2998 2339 3050 Τί
2363 2994 2457 3052 οὖν
2486 3016 2690 3070 φαμεν,
2739 3001 2994 3071 ἀδελφοίς
3026 3003 3135 3055 Καὶ
3160 3003 3244 3068 τίς
3276 3005 3309 3075 ἡ
3352 3004 3518 3076 νοητὴ
3556 3006 3668 3058 τῶν

2082 3090 2256 3158 λόγων
2295 3090 2589 3143 πανδαισία
2623 3093 2717 3145 καὶ
2741 3092 2975 3161 θεωρία,
3007 3095 3093 3164 ἐφ’
3128 3089 3214 3159 οἷς
3247 3096 3391 3164 ὑμᾶς
3421 3114 3670 3166 προσκα-

2082 3178 2321 3251 λούμεθα
2348 3182 2607 3252 σήμερον,
2651 3181 2746 3237 καὶ
2793 3177 2876 3247 οἷς
2907 3182 3209 3239 ἐπιϐαίνειν
3237 3186 3496 3257 ἀξιοῦμεν
3524 3189 3666 3258 μετὰ

2079 3270 2173 3325 τοῦ
2201 3271 2341 3327 Πνεύ
2350 3289 2523 3344 ματος
2543 3289 2558 3338 ς
2816 3267 2825 3274 ’

2149 3559 2252 3615 Τὸν
2282 3559 2340 3627 ἓξ
2362 3560 2597 3632 ἀριθμόν
2645 3581 2809 3633 φασιν
2839 3564 2888 3616 οἱ
2919 3564 3047 3635 περὶ
3085 3564 3258 3618 ταῦτα
3291 3566 3467 3633 σοφοὶ,
3499 3565 3666 3635 μόνον

2076 3651 2183 3705 τῶν
2204 3653 2351 3716 ἐντὸς
2374 3653 2595 3716 δεκάδος
2616 3655 2819 3708 τέλειον
2839 3651 2999 3719 εἶναι,
3025 3656 3120 3711 ἆτε
3139 3658 3203 3728 δὴ
3223 3660 3288 3712 ὲκ
3316 3659 3427 3712 τῶν
3445 3659 3664 3712 οἰκείων

2078 3745 2473 3815 συνιστάμενόν
2499 3762 2557 3798 τε
2588 3747 2684 3799 καὶ
2726 3748 3241 3819 συμπληρούμενον.
3275 3768 3296 3801 ι
3329 3751 3570 3820 Χριστὸς
3601 3749 3661 3803 δὲ

2074 3836 2103 3888 ό
2130 3835 2223 3889 τοῦ
2261 3837 2396 3890 Θεοῦ
2434 3838 2596 3907 σοφία
2628 3839 2723 3891 καὶ
2752 3838 2987 3910 δύναμις
3007 3879 3021 3901 ,
3065 3859 3084 3892 ι
3115 3842 3144 3893 6
3191 3842 3540 3912 ὑπεράγαθος
3564 3843 3662 3896 Λόο

2075 3942 2191 3994 γος,
2228 3948 2245 3980 ι
2288 3932 2315 3982 6
2375 3930 2671 4001 μονογενὴς
2718 3930 2846 3995 Υἱὸς
2894 3934 2921 3984 6
2959 3932 3036 3985 ὢν
3065 3932 3144 3995 είς
3192 3932 3284 3986 τὸν
3335 3933 3537 3988 κόλπον
3560 3934 3659 3987 τοῦ

2075 4022 2289 4092 Πατρός
2313 4063 2326 4086 ,
2360 4041 2377 4073 ι
2400 4022 2457 4087 ἒξ
2497 4024 2594 4091 μὲν
2624 4023 2860 4094 ἡμέραις
2893 4024 3224 4096 δημιουργεῖ
3253 4027 3362 4078 πᾶν
3384 4026 3446 4078 τὸ
3470 4026 3659 4094 φαινό-

2078 4130 2261 4182 μενον,
2285 4114 2363 4165 ἐτι
2387 4112 2441 4165 δὲ
2471 4113 2564 4165 καὶ
2589 4112 2682 4165 τὸν
2720 4112 3025 4182 ἄνθρωπον,
3050 4114 3142 4166 τὸν
3169 4113 3229 4178 ἐξ
3257 4115 3422 4167 ἀΰλου
3453 4114 3655 4185 ψυχῆς.

2075 4204 2171 4261 καὶ
2194 4203 2292 4273 τῆς
2334 4201 2466 4273 ὕλης
2490 4203 2582 4256 τοῦ
2616 4201 2868 4272 σώματος
2900 4204 3313 4274 συνιστάμενον.
3351 4204 3447 4267 Ἐξ
3476 4204 3531 4257 δὲ
3561 4204 3657 4261 καὶ

2071 4278 2171 4364 τῆς
2206 4295 2448 4363 ἀγάπης,
2476 4289 2541 4365 ἦς
2580 4293 2733 4345 οὐδὲν
2754 4292 2862 4347 τῶν
2888 4293 3074 4347 καλῶν
3126 4296 3278 4347 ἐστιν
3322 4294 3655 4367 ὑψηλότερον

2073 4387 2195 4442 οὐδὲ
2231 4389 2556 4450 ἰσοστάσιον,
2591 4387 2990 4459 ἀπαριθμεῖται
3024 4387 3093 4440 τὰ
3130 4386 3249 4455 είδη
3304 4388 3528 4456 σαφῶςο
3569 4386 3655 4455 ἐφ’

392 4483 684 4541 sublimius
723 4481 927 4537 adeove
960 4478 1287 4548 pretiosum,
1326 4493 1418 4532 sex
1448 4479 1734 4548 perspicue
1757 4479 1970 4547 species

2084 4475 2155 4542 οἷς
2178 4482 2234 4533 ὲν
2266 4479 2443 4551 ἑαυτῷ
2464 4479 2784 4549 ἀναδέχεται
2813 4480 2912 4549 τὴν
2940 4480 3020 4542 εἰς
3047 4480 3171 4542 τοὺς
3210 4480 3505 4550 δεομένους
3532 4481 3654 4548 φιλο

395 4585 774 4638 recensentur,
808 4573 1087 4641 inquibus
1113 4570 1410 4625 exhibitatn
1447 4570 1501 4623 in
1531 4586 1734 4641 egenos
1769 4570 1964 4624 huma-

393 4671 641 4734 nitatem,
669 4669 801 4724 utin
842 4666 1082 4734 seipsutn
1114 4660 1381 4717 Dominus
1408 4663 1602 4733 recipit
1628 4677 1690 4716 ac
1749 4663 1965 4733 probat.

393 4759 462 4817 lis
494 4761 637 4816 enim
665 4761 759 4829 qui
812 4755 1198 4813 misericordes
1245 4752 1486 4819 fuerunt,
1525 4753 1963 4810 misericordiam

392 4861 491 4918 pro
562 4842 938 4900 misericordia
976 4876 979 4879 »
1012 4843 1161 4911 justa
1240 4842 1397 4897 lance
1473 4857 1745 4913 reponens
1770 4884 1785 4910 ,
1823 4859 1964 4914 prte-

464 5026 493 5065 ιι
533 5029 546 5077 l
588 5025 715 5079 Cor.
751 5041 797 5085 ι,
828 5023 917 5076 ‘25.
1002 5018 1208 5077 l.loan.
1253 5040 1289 5086 l,
1330 5023 1413 5079 l8.

2074 4571 2407 4641 ανθρωπίαν.
2443 4570 2567 4633 Τοῖς
2608 4571 2716 4641 γὰρ
2755 4571 3047 4641 ὲλεὴμοσιν
3081 4570 3547 4624 ἀντιταλαντεύων
3575 4567 3653 4639 τῷ

2074 4661 2210 4733 ἐλέῳ
2237 4661 2326 4715 τὸν
2348 4660 2494 4714 ἔλεον
2514 4699 2529 4724 ,
2575 4660 2669 4713 καὶ
2706 4660 2766 4713 τὸ
2794 4661 2931 4731 γέρα
2959 4644 3140 4730 νέμων
3167 4659 3241 4722 ὡς
3271 4660 3652 4731 μεγαλόδωρος

2070 4752 2174 4823 τῆς
2206 4752 2386 4807 ὲκεῖθε
2414 4750 2833 4822 μακαριότητος,
2867 4753 3003 4820 φησὶ
3032 4751 3166 4823 πρὸς
3200 4750 3523 4822 αὐτοὺςλὴδη
3551 4750 3651 4818 τῆς

2071 4844 2249 4911 δεξιᾶς
2284 4843 2529 4906 στάσεως
2559 4838 2927 4913 ἠξιωμένους·
2966 4840 3189 4909 (Δεῦτε,
3217 4844 3268 4896 ot
3290 4841 3647 4913 εὐλογημένοι

1700 5169 2092 5226 (ΣΟΜΒΕΗδίι
2122 5167 2334 5224 NOTAE
2347 5211 2360 5226 .

460 5275 783 5349 (ﬁrmante
820 5272 1125 5349 siliceritgte
1161 5282 1218 5349 et.
1240 5266 1554 5349 sufﬁcienti!
1583 5266 1779 5347 urincit.
1802 5266 1959 5349 Epp.-

386 5334 752 5418 φιωδέστερόν
799 5359 860 5418 τε
903 5342 998 5418 καὶ
1028 5334 1450 5418 διαρκέστέρονι..
1503 5334 1752 5418 Ιξτὶιηιιιη
1802 5335 1960 5418 ιιιυξε,

388 5403 493 5474 ἧος.
541 5426 624 5470 est
660 5403 1018 5479 'thrologica,
1050 5403 1182 5465 utet
1211 5403 1452 5479 Dionysii
1492 5406 1574 5467 τὸ,
1606 5404 1861 5475 κρύφιον.
1893 5403 1964 5479 Ut

2084 5403 2477 5479 ιυσταςξωγίας.

2059 5262 2262 5334 quivis_
2278 5259 2436 5334 facile
2464 5260 2787 5334 adverterit.

2132 5331 2792 5404 (7)1nitiotilouibusquas
2817 5347 2987 5404 uento
3002 5331 3270 5404 docuerit;
3293 5329 3641 5404 ’ᾼδιδᾴκτους

2559 5397 2775 5456 Scitum
2857 5401 3183 5471 epithetum.
3229 5397 3391 5459 Velut
3438 5399 3639 5459 dicat:

389 5469 495 5542 non
523 5469 700 5542 soium
734 5469 1015 5553 significat
1065 5482 1141 5535 rei
1177 5478 1323 5532 velut
1351 5469 1807 5556 'obscurt‘tatein.
1867 5472 1961 5527 sed
2030 5469 2375 5556 ~l_)iseiplinis
2424 5487 2733 5556 quasnam].
2777 5469 2965 5556 homo,
3026 5470 3120 5526 sed
3161 5469 3415 5556 Deumet
3450 5472 3641 5556 unctio

387 5538 575 5610 etiam
607 5555 729 5622 eius
757 5538 1113 5622 eininentiam
1172 5550 1404 5622 indicet,
1452 5560 1561 5622 qua
1606 5544 1806 5598 habent
1844 5559 1964 5622 esse
2061 5538 2257 5622 doceat
2290 5557 2355 5597 ac
2380 5538 2616 5622 vere'eSt
2642 5543 2736 5611 qui
2758 5540 3216 5622 minimum‘quod
3249 5543 3415 5622 homo
3441 5538 3644 5622 decue.

390 5627 463 5678 ita
496 5615 786 5677 obscuram
821 5621 1122 5675 elevatione
1145 5634 1207 5671 ae
1240 5618 1583 5687 perfectione
1621 5629 1844 5687 :_quare
1880 5615 1957 5668 illi

390 5698 581 5750 altera,
612 5692 757 5741 velut
781 5691 1167 5759 explicationis
1197 5684 1393 5759 gratia.
1427 5688 1563 5759 scite
1594 5684 1909 5759 adiungitur
1940 5702 1952 5736 :

392 5755 871 5816 ttudilatissintuni
904 5760 1173 5812 Andream
1212 5763 1263 5810 in
1304 5756 1562 5826 Dionysio
1589 5764 1639 5807 et
1668 5755 1950 5824 Gregorio,

2066 5618 2138 5671 rit
2175 5635 2187 5669 :
2219 5614 2362 5668 Deus
2418 5615 2536 5684 ipse
2560 5610 2672 5667 'est
2711 5615 2802 5683 qui
2859 5618 3007 5666 docet
3035 5610 3295 5666 hominem
3324 5612 3602 5666 trientis»:

2066 5704 2128 5744 ac
2164 5686 2217 5740 in
2246 5684 2440 5755 primis
2462 5684 2610 5760 illam
2634 5693 2963 5741 sanctarum.
3590 5708 3597 5717 .

2278 5764 2302 5784 .
2684 5788 2689 5797 ο
