4032 6138
492 284 612 389 νει

1499 319 1580 380 IN
1610 297 2456 408 TRANSFIGURATiONEM
2496 325 2801 386 DOMINI.

3663 333 3772 397 942

515 424 603 491 τοῦ
638 431 855 505 Πατρός
894 448 1019 501 μου,
1056 429 1505 502 κληρονομήσατε
1544 432 1642 502 τὴν
1679 433 2088 504 ἡτοιμασμένην

2202 435 2414 505 miaque
2502 432 2763 491 caelestis
2829 435 2976 493 illius
3060 437 3419 494 beatitudinis
3510 427 3776 514 tanquam

510 528 639 598 ὑμῖν
697 522 976 596 βασιλείαν
1008 524 1114 577 ἀπὸ
1153 523 1465 593 καταϐολῆς
1521 522 1751 593 κόσμου.
1797 523 2090 576 Ἐπείνασα

511 620 640 689 γὰρ,
669 618 763 671 καὶ
787 615 1024 670 ἐδώκατέ
1060 633 1147 686 μοι
1189 617 1382 685 φαγεῖν
1403 632 1416 645 ·
1470 615 1721 686 ἐδίψησα,
1779 615 1872 669 καὶ
1904 615 2090 668 ἐποτί-

514 709 641 764 σατέ
677 724 776 778 με⁸
811 706 959 774 ξένος
1002 706 1174 777 ήμην,
1207 706 1300 759 καὶ
1338 706 1675 776 συνηγάγετέ
1704 724 1807 777 με·
1862 707 2088 776 γυμνὸς,

511 800 607 853 καὶ
661 797 1018 869 περιεϐάλετέ
1077 813 1188 868 με’
1224 797 1525 868 ἠσθένησα,
1585 798 1680 850 καὶ
1711 795 2092 867 ἐπεσκέψασθὲ

514 910 580 962 με
606 907 618 918 ·
647 892 703 944 ὲν
736 890 955 961 φυλακῇ
978 890 1149 960 ἥμην,
1183 890 1279 943 καὶ
1324 889 1518 960 ἧλθετε
1562 890 1700 959 πρός
1744 906 1830 960 με.
1866 909 1885 940 ι
1940 887 2094 942 Ἐπεὶ

511 979 605 1037 οὖν
633 982 871 1037 τοσαῦτα
896 983 990 1035 καὶ
1022 980 1247 1035 τοιαῦτα
1275 982 1374 1049 τῆς
1409 981 1633 1052 ἀγάπης
1656 981 1723 1034 τὰ
1748 981 1886 1050 εἴδη,
1921 980 2094 1035 καθά-

512 1093 620 1147 περ
641 1077 698 1128 ἐν
720 1073 1071 1141 Εῦαγγελίοις
1107 1070 1246 1142 αύτή
1282 1070 1382 1143 βοᾷ
1429 1071 1691 1142 καθαρῶς
1736 1074 1769 1144 ἡ
1801 1071 2090 1143 ’Λλήθεια⁸

511 1167 599 1221 διὰ
625 1166 681 1220 δὲ
705 1165 805 1236 τῆς
832 1166 912 1229 είς
931 1165 1022 1218 τὸν
1057 1163 1288 1234 πλησίον
1318 1163 1560 1233 ἀγάπης,
1584 1164 1617 1235 ἡ
1646 1164 1725 1226 εἰς
1753 1163 1885 1216 Θεὸν
1907 1164 2094 1233 ἀγάπη

512 1258 870 1330 κρατύνεται·
896 1257 963 1310 δι’
986 1258 1052 1328 ἣν
1069 1258 1161 1310 καὶ
1182 1255 1282 1326 τῆς
1301 1251 1667 1326 ἐλπιζομένης
1692 1255 2096 1327 μακαριότητος

512 1352 662 1418 ἄξιος
699 1333 1100 1414 ἀναδείκνυται,
1127 1350 1156 1402 ό
1186 1348 1321 1418 πρὸς
1351 1347 1523 1417 αὐτὴν
1562 1348 1804 1419 γνησίως
1838 1364 2096 1400 συντετα-

516 1444 684 1515 μένην
711 1442 852 1513 ἔχων
883 1440 981 1513 τὴν
1034 1437 1245 1511 δρεξιν·
1303 1457 1322 1490 ι
1368 1438 1456 1491 Ἐν
1488 1438 1545 1491 δὲ
1571 1440 1690 1501 ταῖς
1722 1438 1844 1491 δυσὶ
1872 1437 2097 1500 ταύταις

514 1533 758 1594 ἐντολαῖς
786 1533 908 1594 ὅλος
953 1533 983 1583 ό
1020 1530 1184 1600 νόμος
1219 1528 1317 1583 καὶ
1369 1530 1419 1581 οἱ
1456 1528 1756 1598 προφῆται,
1795 1545 1813 1578 δ
1846 1527 2097 1597 καθάπερ

514 1629 571 1679 ἐν
601 1623 956 1692 Εὐαγγελίοις
1002 1624 1031 1675 ὁ
1063 1622 1224 1689 λόγος
1282 1619 1619 1683 συντίθεται,
1655 1619 1930 1689 κρέμαται
1952 1635 1968 1650 ο
2009 1612 2103 1671 ἐν-’

511 1717 702 1770 τεῦθεν
745 1715 924 1785 δῆλον,
973 1714 1047 1777 ὠς
1079 1715 1113 1783 ἡ
1167 1713 1355 1783 ἀγάπη
1409 1713 1642 1783 πρᾶγμά
1674 1712 1823 1763 ἐστιν
1875 1708 2118 1777 ἀγαθῶν

514 1809 770 1862 ἁπάντων
806 1805 1304 1876 περιεκτικώτατον
1331 1844 1347 1869 ,
1386 1805 1478 1857 καὶ
1510 1805 1813 1873 ἀκρότατον
1854 1802 1961 1855 τῶν
2000 1802 2096 1880 ’διὰ
2129 1788 2170 1842 Β

512 1900 614 1970 τῆς
644 1898 802 1967 ἁγίας
833 1897 1058 1969 Γραφῆς
1110 1895 1554 1967 φανερουμένων,
1614 1894 1709 1947 καὶ
1760 1893 1912 1946 οὐδέν
1953 1895 2099 1947 ἐστιν

513 1994 717 2064 ἀρετῆς
746 1986 886 2053 εἶδος
916 2029 931 2055 ,
963 1989 1032 2042 δι’
1064 1982 1131 2059 ἦς
1173 1987 1460 2060 ἄνθρωπος
1511 1985 1810 2040 οἰκειοῦται
1849 1983 1928 2056 τῷ
1980 1984 2099 2055 Θεῷ

514 2085 612 2137 καὶ
647 2081 1014 2143 συνάπτεται,
1052 2078 1149 2131 καὶ
1186 2077 1287 2147 τῆς
1337 2078 1449 2130 ἄνω
1501 2075 1659 2146 δόξης
1692 2078 1787 2129 καὶ
1823 2075 2102 2146 βασιλείας

512 2177 862 2246 κληρονομεῖ,
915 2172 944 2226 ὃ
1002 2171 1078 2243 μὴ
1130 2170 1231 2238 τῆς
1258 2170 1480 2239 ἀγάπης
1514 2168 1832 2240 ἐξήρτηται,
1886 2168 1979 2220 καὶ
2006 2161 2101 2221 ὑπ’

514 2270 683 2339 αὐτῆς
712 2265 1119 2338 περιείληπται,
1166 2263 1392 2333 ἀρρήτῳ
1419 2259 1563 2330 λόγῳ
1619 2260 1978 2330 συνεχόμενον
2007 2257 2102 2312 καὶ

511 2356 950 2431 φρουρούμενον.
988 2354 1155 2407 Ὅθεν
1182 2354 1276 2406 καὶ
1305 2352 1405 2423 τὴν
1428 2351 1627 2423 ἄκραν,
1659 2351 1738 2413 ὡς
1787 2353 1846 2403 ἐν
1889 2349 2102 2420 ἀνθρώ-

517 2464 660 2511 ποις,
693 2444 1015 2515 τελειότητά
1065 2460 1126 2496 τε
1170 2443 1266 2496 καὶ
1297 2441 1651 2511 καθαρότητα
1700 2440 1800 2508 τῆς
1828 2439 1970 2493 κατά
2000 2440 2101 2509 τίςν

517 2541 715 2608 πρᾶξιν
754 2536 1100 2607 φιλοσοφίας,
1130 2528 1199 2605 ἦς
1230 2533 1384 2596 τέλος
1422 2528 1561 2586 εἷναί
1621 2548 1752 2599 φασι
1788 2531 1849 2583 τὸ
1874 2531 2098 2599 ἀγαθὸν,

515 2634 655 2702 ὅπερ
678 2631 827 2684 ἐστὶν
857 2628 1020 2690 αὐτὸς
1059 2628 1089 2680 ὁ
1133 2626 1286 2691 Θεὸς,
1332 2625 1468 2695 μόνη
1492 2623 1690 2687 τελέως
1734 2623 1768 2693 ἡ
1796 2623 1984 2697 ἀγάπη
2010 2623 2099 2676 διὰ

516 2722 618 2791 τῆς
649 2720 832 2784 ἑξάδος
864 2718 973 2771 τῶν
1036 2716 1253 2770 οἰκείων
1309 2715 1494 2787 μερῶν
1521 2713 1927 2785 κατορθωθεῖσα
1971 2730 2101 2768 συν-ι

521 2813 702 2883 ίστησι
722 2828 738 2844 ο
776 2811 895 2882 μεθ’
926 2810 994 2882 ἣν
1027 2810 1121 2877 καῖι
1144 2808 1511 2880 διαφερόντως
1541 2806 1660 2877 Θεῷ
1709 2806 1970 2860 συνάπτει
2007 2807 2099 2861 τὸν

518 2905 825 2977 ἄνθρωπον,
863 2903 964 2973 τῆς
995 2902 1275 2970 θεολογίας
1301 2901 1360 2954 τὸ
1390 2900 1501 2973 πῦρ
1530 2900 1931 2970 ἁναφλέγουσα.

604 3170 742 3223 Ἀλλ’
777 3169 900 3222 ὅτου
920 3166 1081 3238 χάριν
1103 3164 1320 3237 εἴρηται
1343 3164 1550 3229 ταῦτα;
1579 3165 1750 3237 Φημὶ,
1781 3166 1862 3220 ὅτι
1896 3169 1944 3221 εἰ
1970 3168 2097 3237 μέλ·
2122 3132 2173 3197 c

518 3267 601 3319 λοι
632 3282 714 3327 τις
745 3263 837 3316 ἐπὶ
872 3260 967 3314 τοῦ
996 3261 1155 3330 ὄρους
1179 3258 1279 3329 τῆς
1304 3257 1516 3328 ὑψηλῆς
1546 3256 1799 3328 θεωρίας,
1821 3257 1896 3322 ὡς
1926 3259 2100 3329 μαθη-

518 3359 618 3429 τὴς
659 3356 738 3426 τῷ
790 3353 933 3423 λόγῳ
986 3348 1519 3421 συνεπαρθήσεσθαι,
1576 3349 1676 3418 τῆς
1729 3366 1788 3402 τε
1828 3348 2100 3419 βασιλείας

520 3450 740 3519 ἐκείνης
758 3446 858 3519 τὴν
878 3443 1174 3516 ἀπρόσιτον
1196 3440 1424 3510 ὄψεσθαι
1455 3439 1633 3505 δόξαν,
1661 3441 1755 3493 καὶ
1778 3440 1875 3510 τῆς
1897 3441 2101 3511 ὁρατῆς

521 3538 686 3595 αὐτοῦ
720 3538 813 3591 καὶ
841 3535 1037 3606 νοητῆς
1067 3533 1386 3600 θεοφανείας
1412 3530 1846 3602 ἀξιωθήσεσθαι·
1879 3532 2100 3587 ἐπειδὰν

521 3632 731 3701 ἀκούσῃ
758 3627 996 3701 Χριστοῦ
1026 3621 1568 3697 προαναφωνοῦντος,
1598 3623 1700 3676 οὐκ
1749 3623 1828 3686 είς
1885 3624 2100 3695 μακράν

522 3721 688 3777 αὑτοῦ
716 3720 814 3787 τὴν
841 3717 1118 3789 βασιλείαν
1151 3714 1471 3769 ἐλεύσεσθαι
1505 3713 1703 3786 (τοῦτο
1734 3713 1842 3783 γὰρ
1867 3715 1900 3785 ἡ
1938 3731 2097 3784 μετα.

527 3817 831 3889 μόρφωσις,
857 3811 978 3867 καθ’
1023 3811 1094 3882 ἢν
1140 3810 1170 3862 ὁ
1218 3807 1600 3871 ἀναλλοίωτος,
1644 3805 1787 3877 ὑπὲρ
1816 3805 1909 3859 τὸν
1949 3805 2100 3877 ἥλιον

525 3909 734 3979 ἔλαμψε
755 3905 816 3959 τὸ
845 3904 985 3974 ὺπέρ
1016 3902 1161 3974 ἡμᾶς
1180 3902 1273 3954 καὶ
1294 3896 1630 3970 ἡμέτερον),
1660 3897 1848 3968 θρέψει
1880 3897 1978 3969 μὲν
2007 3898 2101 3952 καί⁸

525 4000 739 4055 ποτίσει
768 3997 1003 4069 Χριστὸν
1039 3992 1311 4048 πεινῶντα
1332 3992 1429 4045 καὶ
1458 3990 1700 4058 διψῶντα
1742 3989 1840 4060 τὴν
1884 3991 2101 4043 πάντων

526 4095 823 4165 σωτηρίαν.
858 4092 929 4144 Ἦ
976 4091 1071 4143 καὶ
1123 4087 1337 4151 ἄλλωςο
1381 4084 1471 4139 διά
1528 4083 1637 4136 τῶν
1675 4081 1966 4152 δεομένων,
2011 4081 2101 4134 τὸν

523 4186 689 4238 πᾶσιν
716 4178 1118 4235 είσοικισθέντα
1151 4178 1264 4238 τοῖς
1285 4172 1543 4228 λαϐοῦσιν
1571 4172 1735 4226 αὑτὸν
1763 4171 1852 4225 διὰ
1884 4172 1982 4242 τῆς
2013 4171 2102 4224 πί-

528 4290 730 4338 στεωςο
801 4269 1097 4339 συναγάγοι
1144 4269 1201 4322 δὲ
1241 4268 1287 4299 ³¹
1330 4264 1704 4331 ξινιτεύοντα,
1767 4263 1979 4317 ἐνδύσει
2043 4263 2101 4317 δὲ

523 4365 960 4437 γυμνητεύοντα,
983 4358 1386 4432 θεραπεύσειδέ
1409 4356 1764 4423 ἀσθενοῦντα,
1788 4355 1883 4410 καὶ
1913 4357 1971 4409 ὲν
2001 4373 2103 4426 φυ-
2155 4430 2160 4435 ν

2195 526 2523 598 magniﬁcus
2576 529 2632 583 in
2677 527 2843 586 donis
2903 529 3244 587 distribuens
3299 533 3380 588 sic
3421 532 3533 602 iam
3592 534 3768 606 dignis

2197 614 2403 672 habitis
2458 616 2551 687 qui
2615 624 2826 672 starent
2866 632 2907 697 .a
2963 617 3220 685 dextris,
3280 621 3361 675 ait
3410 639 3424 676 :
3483 640 3505 675 ε
3559 622 3770 694 Venite.

2194 706 2469 762 benedicti
2519 706 2705 762 Patris
2738 708 2867 775 mei,
2899 709 3176 779 possidete
3222 718 3471 780 paratum
3497 714 3652 772 vobis
3688 732 3775 773 re-

2196 814 2362 870 gnum
2398 813 2429 853 a
2488 799 2886 856 constitutione
2948 801 3162 882 mundi.
3209 799 3450 882 Esurivi
3490 808 3664 872 enim,
3721 818 3776 863 et

2197 890 2435 947 dedistis
2479 892 2614 947 mihi
2659 879 3248 963 ntanducarefsitivi,
3278 907 3332 951 et
3368 879 3604 957 dedistis
3639 900 3771 953 mihi

2197 984 2417 1050 bibere;
2467 984 2671 1054 hospes
2703 1000 2879 1051 erant,
2914 991 2968 1040 et
3007 985 3308 1058 collegistis
3345 1003 3467 1054 me;
3496 990 3699 1055 nudus,
3722 1000 3777 1046 et

2199 1074 2569 1145 coopernistis
2624 1091 2740 1144 me;
2771 1076 2826 1131 in
2860 1091 3084 1132 carcere
3130 1093 3302 1143 eram,
3338 1087 3393 1135 et
3436 1081 3672 1137 venistis
3709 1083 3774 1136 ad

2198 1178 2284 1218 me
2312 1173 2370 1217 τι.
2405 1183 2424 1217 ›
2448 1163 2593 1218 Cum
2626 1166 2795 1234 igitur
2820 1173 2901 1220 tot
2929 1167 3040 1222 sint
3066 1181 3129 1221 ac
3153 1167 3291 1224 tales
3315 1168 3605 1226 eharitatis
3630 1174 3779 1228 velut

2198 1256 2431 1324 species,
2462 1254 2925 1324 quemadmodum
2963 1257 3081 1326 ipsa
3124 1258 3178 1312 in
3211 1244 3524 1331 Evangeliis
3564 1260 3777 1316 Veritas

2201 1346 2492 1403 manifeste
2537 1348 2779 1416 clamat,
2850 1349 3119 1406 charitate
3158 1359 3340 1407 autem
3369 1354 3421 1407 in
3466 1354 3776 1424 proximum

2198 1438 2444 1494 cbaritas
2493 1439 2549 1494 in
2602 1437 2772 1495 Deum
2821 1440 3070 1496 ﬁrmetur
3106 1481 3121 1507 ,
3179 1458 3287 1513 qua
3322 1444 3484 1512 etiam
3551 1461 3676 1502 vere
3715 1462 3777 1500 ac

2201 1527 2413 1584 sincere
2488 1536 2810 1583 contentum
2859 1531 2915 1584 in
2977 1547 3096 1586 eam
3158 1532 3494 1589 desiderium
3544 1536 3775 1602 habens,

2201 1628 2436 1688 sperata:
2483 1619 2843 1674 beatitudinis
2895 1620 3096 1690 dignus
3154 1625 3494 1691 ostenditur;
3542 1641 3780 1698 cumque

2207 1730 2225 1761 ι
2264 1708 2325 1764 1η
2364 1710 2580 1766 duobus
2612 1710 2699 1766 his
2735 1711 3008 1767 mandatis
3042 1713 3300 1770 universa
3350 1715 3436 1770 lex
3468 1717 3699 1786 pendeat
3727 1731 3781 1775 et

2201 1802 2498 1872 prophetre,
2525 1811 2555 1839 ιι
2587 1822 2605 1856 ι
2643 1803 3103 1873 quemadmodum
3137 1806 3421 1877 Scriptura
3448 1808 3502 1864 in
3535 1807 3778 1883 Evange-

2202 1892 2294 1947 liis
2316 1892 2507 1946 statuit
2535 1908 2547 1943 :
2580 1892 2708 1947 hinc
2747 1892 2925 1963 palam
2956 1894 3273 1965 conficitur,
3306 1912 3431 1953 esse
3454 1899 3775 1958 charitatem

2202 1998 2313 2052 prae
2356 1983 2615 2040 omnibus
2644 1985 2699 2038 in
2764 1982 3049 2056 Scriptura
3098 1989 3376 2057 expressis
3427 1990 3608 2058 bonis,
3665 2008 3778 2049 rem

2202 2077 2456 2131 maximae
2494 2062 2890 2148 complexionis
2944 2086 3109 2148 atque
3155 2095 3493 2152 supremam,
3527 2098 3627 2137 nec
3657 2098 3782 2139 esse
3844 2082 3857 2091 ’

2203 2167 2373 2221 ullum
2404 2166 2626 2222 virtutis
2665 2184 2837 2238 genus
2861 2184 2968 2240 quo
2986 2168 3491 2228 homoconcilietur
3512 2188 3578 2230 ac
3599 2177 3779 2231 colla:-

2205 2265 2321 2312 reat
2382 2257 2512 2325 Deo,
2546 2258 2890 2329 gloriamque
2929 2261 3209 2316 caelestem
3242 2272 3296 2317 et
3335 2279 3563 2334 regnum
3600 2269 3782 2337 possi-
3884 2259 3890 2264 ’

2202 2350 2348 2413 deat,
2404 2350 2552 2420 quod
2607 2365 2717 2405 non
2773 2350 3006 2422 pendeat
3038 2366 3067 2405 a
3093 2351 3390 2415 eharitate,
3426 2364 3592 2426 atque
3622 2358 3689 2413 ab
3715 2373 3778 2412 ea

2202 2456 2403 2496 arcana
2433 2439 2668 2511 quadam
2715 2443 2931 2497 ratione
2979 2443 3464 2512 comprehensum,
3516 2461 3582 2501 ac
3630 2449 3781 2503 velut

2205 2532 2458 2604 praesidio
2477 2535 2813 2589 custoditum
2832 2534 3118 2590 habeatur.
3138 2535 3323 2602 Quare
3343 2537 3509 2592 etiam
3534 2538 3779 2594 charitas

2205 2625 2350 2689 sola,
2377 2639 2605 2680 suarum
2638 2625 2876 2695 partium
2904 2625 3122 2680 senario
3147 2624 3388 2695 perfecte
3413 2635 3590 2697 gesta,
3622 2645 3780 2682 sum~

2202 2730 2345 2770 mam
2386 2715 2561 2780 illam,
2591 2714 2775 2784 qualis
2806 2722 2985 2784 potest
3032 2729 3156 2770 esse
3187 2715 3450 2785 hominis,
3489 2718 3783 2787 perfectio-

2202 2821 2327 2861 nem
2357 2821 2422 2862 ac
2446 2805 2768 2861 munditiem
2797 2806 3086 2861 constituit
3111 2806 3473 2879 philosophia:
3498 2811 3693 2880 positae
3724 2811 3781 2866 in

2198 2898 2438 2964 actione,
2505 2896 2669 2967 cujus
2730 2898 2888 2952 linem
2950 2897 3141 2953 dicunt
3197 2914 3322 2955 esse
3369 2900 3597 2965 bonum,
3635 2904 3782 2975 quod

2200 2987 2343 3042 Dens
2365 2986 2483 3055 ipse
2512 2993 2596 3040 est
2638 3002 2651 3038 :
2684 2980 2810 3056 post
2833 3000 2996 3058 quam
3022 2988 3212 3054 etiam,
3245 2989 3558 3046 accendens
3585 3006 3783 3061 nempe

2202 3077 2489 3147 theologiae
2519 3076 2728 3147 ignem,
2770 3077 2985 3148 egregie
3019 3077 3300 3134 hominem
3330 3079 3621 3152 conjungit
3648 3082 3778 3138 Deo.

2272 3165 2563 3220 Enimvero
2611 3180 2876 3235 quorsum
2936 3166 3053 3221 haec
3104 3167 3255 3221 dicta
3291 3169 3777 3232 sunt?Nimirum.

2201 3259 2329 3328 quia
2382 3259 2429 3314 si
2481 3259 2607 3329 quis
2659 3274 2768 3313 una
2793 3273 2918 3313 cum
2952 3255 3133 3314 Verbo
3162 3267 3425 3331 tanquam
3470 3260 3776 3333 discipulus

2202 3350 2257 3403 in
2287 3359 2528 3404 montem
2558 3349 2814 3405 sublimis
2854 3352 3338 3423 contemplationis
3391 3353 3782 3411 subvehendus

2201 3449 2306 3507 est,
2335 3441 2599 3512 regnique
2621 3442 2772 3497 illius
2816 3442 3254 3499 inaecessibilem
3311 3457 3638 3516 aspecturus
3664 3450 3784 3519 glo-

2200 3535 2363 3599 riam,
2414 3540 2580 3604 atque
2618 3522 2839 3593 visibil‘i
2892 3530 3334 3606 intellig-ibilique
3364 3537 3783 3611 Deiapparilio-

2202 3641 2271 3681 ne
2300 3625 2711 3693 honestandus;
2762 3634 3060 3698 postquam
3106 3628 3394 3685 Christum
3431 3633 3780 3705 praeloquen-

2200 3723 2311 3771 tem
2343 3716 2607 3783 audierit,
2644 3716 2758 3774 fore
2783 3729 2969 3774 utnon
2992 3720 3166 3776 multo
3183 3731 3307 3790 post
3341 3723 3523 3777 veniat
3552 3739 3779 3795 regnum

2203 3806 2411 3876 ipsius;
2463 3808 2517 3862 id
2546 3809 2692 3863 enim
2721 3818 2807 3866 est
2850 3810 3290 3881 transtiguratio,
3340 3829 3450 3883 quo
3478 3814 3526 3870 is
3559 3816 3652 3885 qui
3694 3816 3782 3870 in-

2203 3898 2486 3956 variabilis
2510 3907 2616 3964 est,
2655 3916 2818 3969 quam
2839 3916 2938 3971 pro
2956 3903 3114 3960 nobis
3135 3913 3495 3976 nostramque
3522 3917 3778 3967 naturam

2206 3990 2422 4058 induit,
2478 3991 2760 4048 illustrius
2817 3992 2935 4048 sole
2991 3993 3321 4050 illuminavit
3380 4015 3393 4050 :
3455 3997 3779 4067 ejusmodi,

2204 4082 2447 4154 inquam,
2479 4081 2763 4137 Christum
2808 4082 3165 4149 esurientem,
3217 4086 3493 4141 sitientem
3547 4089 3778 4144 salutem

2203 4179 2470 4244 omnium,
2562 4176 2775 4248 paverit
2831 4184 2886 4232 et
2945 4180 3240 4248 potaverit.
3292 4179 3399 4235 Aut
3447 4182 3615 4237 etiam
3677 4186 3784 4238 alio

2206 4270 2509 4335 intellectu,
2564 4270 2634 4323 ita
2690 4269 2971 4325 Christum
3030 4270 3084 4324 in
3130 4271 3386 4327 omnibus
3435 4274 3777 4331 habitantem

2205 4363 2299 4433 qui
2334 4362 2514 4433 ipsum
2557 4361 2662 4417 fide
2698 4374 3087 4432 susceperunt,
3119 4379 3215 4436 per
3236 4379 3438 4435 egenos
3482 4365 3737 4422 habuerit
3766 4408 3780 4429 ,

521 4459 662 4530 λακῇ
687 4454 1085 4527 καθειργμένον
1108 4453 1168 4507 ού
1201 4450 1530 4535 παρόψεται,
1563 4449 1714 4519 πόθῳ
1750 4448 1843 4503 τοῦ
1876 4449 2099 4519 εὐεργε-

2206 4454 2487 4526 collegerit
2536 4468 2668 4510 vero
2702 4448 2978 4524 hospitem
3015 4493 3031 4520 ,
3067 4456 3273 4510 nudum
3312 4456 3573 4525 induerit,
3625 4458 3779 4513 infir-

521 4551 634 4604 τείν
682 4547 929 4619 σφοδρῶς
984 4546 1372 4616 ἐπειγόμενος’
1430 4542 1524 4595 καὶ
1571 4540 1660 4595 διά
1692 4541 1790 4613 τὴν
1811 4541 2103 4610 ἐπαινετὴν

2203 4561 2354 4601 mum
2395 4546 2697 4613 curaverit,
2754 4546 3039 4601 detentum
3068 4546 3124 4602 in
3158 4562 3384 4604 carcere
3423 4565 3534 4605 non
3564 4565 3778 4621 spreve-

524 4642 631 4694 τῶν
679 4638 862 4694 καλῶν
912 4636 1244 4706 ἀπληστίαν,
1298 4634 1359 4689 ού
1414 4635 1575 4705 μέχρι
1604 4634 1713 4687 τῶν
1761 4635 2106 4706 φαινομένων

526 4733 785 4802 στήσεται
808 4748 822 4763 ’
857 4730 976 4782 ούδέ
1007 4731 1072 4799 τῇ
1104 4728 1234 4800 περὶ
1265 4727 1333 4781 τά
1362 4726 1468 4792 ἔξω
1508 4726 1893 4797 ’φιλοφροσύνῃ
1942 4744 2102 4798 περι-

524 4825 763 4895 ορίσεται
811 4821 910 4892 τὴν
941 4823 1020 4884 εἰς
1050 4822 1139 4874 τὸν
1167 4820 1552 4890 φιλάνθρωπον
1597 4817 1875 4886 Δεσπότην
1917 4817 2104 4887 φιλανέε

524 4911 773 4983 θρωπίαν
794 4927 807 4941 ⁸
856 4909 1002 4966 οὕτω
1030 4910 1138 4979 γάρ
1172 4908 1362 4981 θαρρῶ
1400 4908 1602 4976 λέγειν,
1636 4907 1966 4961 ἀποσκοπῶν
2018 4910 2098 4971 είς

525 5003 604 5068 τὸ,
634 5021 653 5054 ι
699 5003 814 5072 Ἐφ’
835 5002 959 5055 ὅσον
982 5001 1064 5055 ἐνὶ
1088 4999 1294 5054 τούτων
1323 4997 1433 5051 τῶν
1458 4998 1756 5069 ἐλαχίστων
1782 5000 2095 5068 ἐποιήσατε,

525 5095 647 5164 ιμοὶ
678 5096 1008 5164 ἐποιήσατεο
1050 5109 1068 5144 ι
1115 5091 1254 5145 ἀλλά
1303 5092 1398 5145 καὶ
1428 5089 1692 5161 ἐνδοτέρω
1732 5090 1971 5161 χωρήσει
2003 5089 2098 5145 τοῦ

526 5186 881 5257 φαινομένου,
923 5184 1018 5238 καὶ
1060 5184 1166 5237 τῶν
1195 5183 1445 5255 ψυχικῶν
1479 5181 1818 5254 παθημάτων
1846 5183 2101 5252 φροντίδα

527 5280 811 5350 ποιήσεται
837 5316 853 5342 ,
889 5277 983 5330 καὶ
1037 5276 1277 5348 ἰατρείαν
1310 5275 1588 5346 ἐπινοήσει
1616 5276 1715 5347 τὴν
1744 5274 2059 5347 πρέπουσαν
2082 5289 2097 5304 ⁸

523 5370 619 5423 mi.
653 5390 670 5422 ι
702 5366 1117 5439 κατασκηνώσει
1143 5367 1242 5438 μὲν
1271 5369 1350 5431 είς
1377 5367 1539 5422 τόπον
1558 5367 1719 5440 χλόης
1754 5389 1773 5420 δ
1809 5369 2101 5439 θρέμματα

525 5459 718 5528 λογικά
748 5461 843 5514 καὶ
867 5459 1146 5530 ά-ρτιπαγῆ
1167 5458 1302 5530 πρὸς
1325 5458 1629 5525 εὐσέϐειαν,
1659 5478 1679 5512 ι
1706 5461 1800 5514 ἐπὶ
1826 5461 1883 5514 δέ
1911 5461 2103 5523 ὓδατος

596 5585 633 5606 ⁸·
660 5574 852 5655 Matth.
889 5592 1011 5643 xxv,
1041 5576 1235 5633 31-56.
1314 5587 1342 5614 η
1372 5575 1563 5631 Matth.
1592 5591 1723 5641 χχιι,
1766 5575 1884 5630 40.’

2201 4637 2289 4703 rit,
2374 4635 2758 4692 vehementius
2828 4635 3130 4707 instigante
3204 4638 3481 4695 desiderio
3518 4641 3781 4701 ,faciendi

2202 4730 2373 4794 bene;
2407 4742 2472 4782 ac
2496 4742 2670 4797 neque
2710 4727 2764 4781 in
2796 4727 2869 4783 iis
2900 4743 3023 4798 quae
3065 4729 3426 4798 aSpectabilia
3457 4742 3609 4797 sunt,
3642 4747 3780 4801 pro-

2204 4826 2326 4888 pter
2379 4816 2708 4870 landabilem
2760 4815 3028 4872 bonorum
3086 4817 3453 4885 insatietatem
3512 4821 3778 4885 steterit,

2219 4922 2396 4992 neqpe
2425 4922 2579 4962 suam
2610 4908 2665 4961 in
2709 4908 3000 4979 benignum
3034 4906 3325 4964 Dominum
3353 4918 3575 4979 totaque
3606 4912 3784 4967 homi-

2209 5017 2340 5056 num
2390 5016 2563 5071 genus
2602 5000 2970 5070 propensione
3029 5012 3331 5066 amantem,
3384 5003 3776 5081 humanitatem

2209 5091 2546 5163 benignitate
2598 5098 2651 5146 et
2689 5092 3068 5147 benevolentia
3132 5092 3187 5148 in
3229 5093 3282 5147 id
3311 5094 3457 5163 quod
3487 5100 3772 5151 externum

2211 5190 2408 5256 paret,
2457 5182 2733 5237 diﬂinierit
2781 5198 2845 5237 ac
2905 5185 3245 5240 aretaverit:
3299 5186 3460 5268 plane
3512 5189 3656 5242 enim
3691 5189 3781 5244 sic

2208 5276 2416 5332 audens
2464 5274 2610 5338 dico,
2658 5274 2724 5329 ad
2756 5274 2886 5329 illud
2917 5276 3215 5347 respiciens
3244 5277 3388 5348 quod
3417 5278 3622 5334 dictum
3656 5291 3734 5335 es:
3763 5296 3774 5329 :

2214 5387 2232 5419 ι
2272 5365 2521 5434 Quandiu
2546 5365 2754 5421 fecistis
2797 5367 2890 5421 uni
2924 5382 2991 5422 ex
3046 5367 3133 5425 his
3172 5368 3450 5436 minimis,
3484 5371 3619 5425 mihi
3652 5370 3782 5427 feci-
3828 5443 3839 5448 _

2226 5459 2324 5514 Stis
2355 5464 2379 5492 ο
2419 5472 2432 5509 :
2475 5476 2494 5509 ›
2548 5456 2681 5527 quin
2740 5459 3046 5528 penetrabit
3074 5458 3139 5514 ad
3186 5459 3448 5516 interiora
3482 5460 3603 5531 ejus
3633 5465 3779 5533 quod

1977 5583 2001 5609 ο
2031 5574 2224 5629 Matth.
2245 5583 2368 5640 xxv,
2404 5573 2496 5628 40.

1708 5681 1716 5687 ’
1815 5692 1898 5749 VA
1908 5690 2046 5746 κω]
2080 5689 2368 5748 LECTlON
2378 5690 2481 5746 ES.

596 5850 599 5851 ν
634 5784 675 5818 ⁸³
704 5781 868 5838 Forte
904 5784 1021 5848 μέν.
