4032 6138
319 348 425 414 943

1506 342 1565 402 S.
1610 340 1950 427 ANDREXE.
1977 340 2398 404 CRETENSIS

3476 339 3585 405 9U.

315 465 558 531 videtur,
610 460 1037 531 morborumque
1085 471 1149 512 ac
1187 454 1537 511 affectionem
1575 458 1885 511 animarum

1992 456 2352 519 ἀναπαύσεως
2389 475 2407 507 ι
2453 454 2592 509 αὐτὰ
2637 454 2949 527 διαθρέψειε
2970 472 2983 486 ·
3037 456 3132 511 καὶ
3164 455 3257 512 τὸν
3291 459 3393 529 μὲν
3425 460 3590 532 ὶκδησ

295 559 609 616 'babiturus
671 565 756 612 est
789 569 1002 618 curam,
1041 566 1105 607 ac
1163 563 1463 619 congruam
1506 548 1587 603 eis
1618 548 1885 603 medelam

316 650 731 722 excogitaturus
761 664 775 701 :
807 661 872 702 ac
910 657 1113 716 pecora
1139 642 1359 712 quidem
1384 643 1604 697 ratione
1632 638 1884 710 przedita,

316 753 619 809 recensque
679 743 964 807 compacta
1018 734 1401 801 formataque
1457 733 1523 789 ad
1591 734 1886 803 pietatem,

320 851 339 885 ι
376 834 429 888 in
458 832 580 887 loco
600 843 821 900 pascuae
847 829 1175 894 collocabit;
1209 824 1467 882 educabit
1556 842 1687 881 vero
1719 843 1889 896 super

316 939 511 995 aquam
539 921 859 980 refectionis
885 925 986 985 P3;
1009 933 1029 969 ι
1059 929 1225 992 atque
1267 919 1612 991 peregrinum
1643 926 1696 975 et
1722 935 1889 974 exsu-

313 1016 513 1072 lantem
543 1030 573 1070 a
608 1014 807 1087 patria,
845 1028 911 1069 ac
958 1014 1014 1067 in
1059 1014 1238 1070 aliena
1277 1021 1423 1068 terra
1483 1013 1885 1080 demorantem,

316 1111 627 1180 factumque
671 1124 903 1180 vagum,
951 1110 1073 1179 ejus
1104 1122 1132 1162 a
1165 1110 1337 1178 patria
1393 1107 1540 1171 velut
1584 1106 1888 1162 absentiam

312 1208 365 1253 et
420 1198 917 1271 peregrinationem
989 1197 1279 1256 reveritus,
1345 1196 1439 1267 qui
1497 1197 1672 1251 nostri
1721 1209 1891 1249 causa

316 1300 540 1359 peregre
599 1289 922 1344 demoratus
944 1294 1031 1342 est
1069 1300 1134 1340 ac
1182 1285 1359 1340 factus
1393 1285 1618 1355 hospes,
1646 1284 1700 1338 in
1734 1299 1886 1337 suam

313 1379 431 1448 ipse
498 1378 742 1444 domum,
774 1392 1120 1447 quaecunque
1170 1375 1392 1431 tandem
1426 1375 1518 1430 illa
1571 1376 1661 1441 sit,
1713 1375 1890 1431 libens

313 1471 568 1539 inducet;
620 1487 649 1526 a
702 1479 920 1528 terrena
946 1470 1166 1541 quidem
1208 1485 1272 1525 ac
1312 1468 1534 1524 dividua
1578 1470 1689 1523 vita
1715 1467 1892 1522 abdu-

311 1579 444 1620 cens
473 1565 573 1636 (8),
607 1563 674 1618 ad
722 1564 874 1619 illum
934 1578 1066 1619 vero
1110 1561 1393 1617 individue
1417 1576 1585 1615 unum
1622 1575 1687 1615 ac
1723 1560 1889 1615 caele-

312 1664 449 1713 stem
479 1653 799 1713 sanctorum
835 1656 1021 1711 laetum
1045 1662 1376 1710 conventum
1411 1655 1650 1720 migrare
1678 1653 1889 1709 faciens

310 1765 375 1807 ac
403 1748 768 1813 transferens,
797 1749 891 1803 ubi
916 1747 1146 1810 Paulus,
1169 1755 1224 1801 et
1248 1747 1339 1816 qui
1370 1747 1564 1802 timent
1594 1745 1888 1807 Dominum

1995 548 2243 618 μήσαντα
2264 550 2362 617 τῆς
2393 547 2602 611 οίκείας
2660 549 2941 621 πατρίδος,
2976 550 3072 604 καὶ
3124 550 3219 604 ἐπὶ
3275 549 3436 624 ξένης
3482 555 3587 624 γῆς

1980 640 2356 711 διατρίϐοντα,
2383 642 2477 695 καὶ
2508 643 2713 715 ἀλήτην
2738 643 3031 715 γενόμενον
3050 644 3152 715 τὴν
3180 644 3446 711 ξενιτείαν
3472 646 3585 717 (33)

1992 733 2313 787 αίδεσθέντα
2341 733 2434 788 τοῦ
2462 734 2528 788 δι’
2559 737 2706 805 ἡμᾶς
2742 735 3171 803 ξενιτεύσαντος,
3200 739 3294 790 ιὶπ⁴δ⁸
3324 740 3422 812 τὴν
3449 739 3588 793 ἰδίαν

1981 823 2198 888 ἑστίαν,
2245 824 2370 893 ἥτις
2418 824 2551 879 ποτέ
2590 829 2760 890 ἐστιν,
2809 827 3060 898 ἀσμένως
3108 832 3584 901 χειραγωγήσειεο

1992 915 2094 984 τῆς
2121 915 2225 985 μὲν
2260 918 2460 988 γηῖνης
2494 918 2589 972 καὶ
2633 920 2896 991 μεριστῆς
2941 921 3262 993 ἀποστήσας
3294 922 3463 995 ζωῆς,
3491 928 3586 983 ἐπὶ

1990 1006 2166 1078 δὲτὴν
2201 1010 2412 1062 ἑνιαίαν
2463 1010 2558 1062 καὶ
2589 1010 2843 1073 οὐράνιον
2899 1015 3221 1083 μετοικίσας
3254 1015 3366 1072 τῶν
3407 1019 3585 1087 ἁγίων

1993 1101 2325 1171 πανήγυριν,
2378 1102 2507 1155 ἔνθα
2558 1103 2775 1157 Παύλου
2834 1108 2928 1160 καὶ
2954 1109 3062 1162 τῶν
3113 1110 3468 1182 φοϐουμένων
3488 1112 3583 1167 τὸν

1992 1191 2199 1263 Κύριον
2223 1193 2340 1246 ἐστὶ
2357 1193 2425 1247 τὸ
2441 1194 2763 1264 πολίτευμα⁵
2785 1198 2922 1252 ἀλλὰ
2944 1201 3037 1254 καὶ
3060 1201 3219 1254 ἄλλον
3253 1204 3588 1276 ἀπογυμνω-

1993 1283 2154 1339 θέντα
2193 1284 2295 1354 τῆς
2337 1287 2617 1357 πατρικῆς
2666 1290 2857 1354 οὐσίας
2893 1290 3188 1363 θεώμενος,
3218 1295 3320 1364 τῆς
3345 1313 3405 1349 τε
3441 1298 3587 1351 κατά

1992 1375 2317 1447 προαίρεσιν
2349 1379 2352 1383 ’
2383 1377 2699 1452 ἀφθαρσίας
2756 1380 2854 1450 τὴν
2914 1385 3110 1452 στολὴν
3170 1386 3542 1456 ὲκδυσάμενον
3568 1427 3583 1452 ,

1992 1465 2224 1536 ἐλεήσας
2250 1467 2352 1537 τὴν
2382 1468 2688 1538 γύμνωσιν,
2718 1470 2929 1524 ἐνδύσει
2961 1472 3148 1537 πάλιν,
3174 1475 3265 1528 τὸν
3290 1477 3431 1530 κατὰ
3452 1477 3586 1532 Θεὸν

1992 1558 2088 1629 καὶ
2139 1558 2414 1628 μακάριον
2467 1559 2859 1631 εἰσηγούμενος
2906 1563 3042 1633 βίον.
3095 1565 3160 1617 Τί
3188 1566 3243 1618 δὲ
3290 1566 3380 1622 τὸν
3420 1568 3584 1621 ἀσθεε

1992 1652 2188 1706 νοῦντα
2221 1656 2289 1725 τῇ
2324 1654 2527 1718 πίστει,
2570 1656 2663 1708 καὶ
2700 1658 2828 1727 περὶ
2858 1656 2957 1728 τὴν
2995 1659 3270 1729 διάκρισιν
3297 1662 3406 1715 τῶν
3436 1681 3585 1732 πρα-

1993 1744 2166 1799 κτέων
2196 1746 2569 1817 νηπιάζουσαν
2598 1746 2679 1801 ἔτι
2714 1748 3084 1818 τὴνδιάνοιαν
3122 1752 3402 1823 φέροντα;
3432 1752 3584 1828 *Αρα

310 1847 714 1898 conversantur
742 1849 767 1879 τ
803 1859 817 1895 :
855 1839 949 1895 sed
989 1846 1043 1893 et
1077 1837 1247 1892 alium
1292 1838 1487 1893 videns
1518 1848 1747 1907 paterna
1782 1854 1885 1892 nu—

1991 1839 2434 1910 παραδραμεῖται
2470 1844 2626 1913 σιγῇς
2655 1843 2924 1912 οὐμενοῦν
2946 1859 2959 1874 ⁸
2993 1844 3109 1898 ἀλλ’
3133 1846 3226 1899 ἐπὶ
3250 1847 3350 1917 τὴν
3383 1849 3584 1902 ποθου-

288 1932 499 1987 -datum
524 1932 851 1994 subSIantia,
877 1945 940 1985 ac
963 1929 1399 2000 incorruptionis
1422 1929 1605 1984 tunica
1638 1944 1760 1999 quae
1791 1938 1873 1984 est

311 2026 369 2081 in
405 2026 686 2082 voluntate
719 2030 944 2078 exutum
984 2027 1032 2090 ⁸,
1063 2021 1333 2078 nuditatis
1378 2024 1642 2078 misertus
1692 2021 1885 2078 induet

310 2117 530 2179 iterum,
568 2114 773 2169 docens
803 2114 1017 2168 beatam
1041 2113 1259 2168 vivendi
1292 2113 1561 2168 rationem
1585 2122 1640 2168 et
1676 2128 1884 2169 secun-

311 2205 440 2261 dtun
475 2204 664 2260 Deum.
699 2203 839 2270 Quid
903 2218 1034 2258 vero
1088 2203 1366 2258 infirmum
1416 2203 1470 2257 in
1506 2202 1609 2259 fide
1636 2204 1656 2241 ί
1701 2203 1882 2258 dicam

310 2305 472 2371 atque
534 2280 713 2350 adhuc
768 2295 1032 2365 puerilem
1091 2296 1341 2351 animum
1401 2295 1694 2360 ferentem,
1732 2295 1878 2366 quod

309 2402 523 2462 spectat
560 2390 629 2447 ad
667 2389 1002 2461 agendorum
1046 2391 1452 2448 discernentem
1491 2389 1887 2461 prudentiam?

310 2484 446 2539 Num
477 2484 615 2541 vero
636 2493 722 2541 est
750 2483 971 2540 silentio
994 2484 1377 2555 praeteriturus
1401 2484 1425 2538 ?
1451 2481 1884 2554 Haudquaquam

310 2579 474 2649 plane
512 2597 526 2634 :
560 2579 655 2634 sed
719 2577 786 2633 ad
835 2577 1205 2633 desideratam
1261 2578 1555 2633 sanitatem
1611 2575 1889 2646 finemque

310 2669 593 2739 proprium
631 2682 796 2737 quam
853 2668 1122 2723 citissime
1148 2677 1513 2722 revocaturus
1543 2675 1625 2722 est
1661 2686 1674 2722 :
1713 2668 1888 2738 partis

310 2761 501 2817 aliena:
524 2774 552 2813 a
580 2761 799 2814 ratione
821 2759 970 2814 vitiis
1003 2773 1067 2813 ac
1090 2758 1610 2828 perturbationibus
1634 2774 1889 2816 sermone

308 2855 553 2909 veritatis
579 2852 798 2927 fugatis,
832 2851 1160 2921 rationeque
1206 2851 1372 2907 insita
1406 2850 1473 2905 ad
1507 2866 1668 2907 suum
1712 2852 1888 2921 ipsius

309 2948 615 3001 instaurata
647 2945 978 3017 principium
1014 2963 1027 3000 ι
1063 2958 1128 3001 ac
1173 2945 1300 3014 biga
1342 2945 1519 3014 partis
1553 2944 1748 2999 animae
1793 2959 1891 3015 pas

311 3040 500 3106 tibilis,
547 3040 650 3106 ira,
690 3038 952 3110 inquam,
983 3044 1038 3093 et
1091 3036 1412 3106 cupiditate,
1455 3052 1517 3091 ex
1556 3037 1768 3092 ratione
1800 3052 1887 3091 ra-

306 3133 441 3187 tioni
497 3132 815 3202 composita,
873 3128 1247 3198 subnexisque
1312 3128 1507 3199 pennis
1532 3128 1600 3183 ad
1661 3143 1725 3184 ea
1765 3143 1886 3198 qum

1989 1933 2158 2004 μένην
2216 1934 2430 2002 ὑγίειαν
2460 1975 2474 1999 ,
2511 1935 2699 1989 καὶτὸ
2742 1937 2941 1990 οίκεῖον
2973 1936 3130 2002 τέλος
3182 1939 3582 2014 ἀνακαλέσεται

1987 2026 2236 2096 τάχιστα,
2260 2027 2337 2097 τῷ
2364 2029 2508 2098 λόγῳ
2540 2029 2638 2096 τῆς
2666 2027 2926 2098 ἀληθείας
2951 2029 3019 2082 τὰ
3052 2030 3200 2101 πάθη
3232 2033 3583 2102 φυγαδεύσας

1985 2119 2086 2189 τῆς
2114 2120 2363 2188 ἀλογίας,
2418 2122 2514 2176 καὶ
2540 2123 2634 2176 τὸν
2666 2123 2908 2195 ἔμφυτον
2962 2124 3124 2194 λόγον
3170 2126 3265 2178 ἐπὶ
3295 2127 3396 2197 τὴν
3438 2128 3582 2183 ἰδίαν

1982 2213 2449 2283 ἀποκαταστήσας
2497 2214 2672 2284 ἀρχήν
2699 2232 2711 2245 ·
2772 2215 2943 2285 θυμὸν
2984 2217 3078 2270 καὶ
3110 2215 3430 2287 ἐπιθυμίαν,
3480 2220 3579 2273 τοῦ

1988 2302 2293 2374 παθητικοῦ
2350 2305 2447 2374 τῆς
2477 2307 2657 2377 ψυχῆς
2712 2308 2911 2380 μέρους
2956 2310 3055 2381 τὴν
3116 2309 3405 2385 ξυνωρίδα,
3434 2312 3582 2366 κατὰ

1986 2392 2144 2461 λόγον
2172 2395 2455 2461 ὑποδείξας
2506 2396 2584 2467 τῷ
2620 2397 2784 2469 λόγῳ,
2837 2399 2932 2453 καὶ
2970 2401 3055 2469 ἐφ’
3083 2401 3120 2456 ἂ
3149 2402 3233 2455 δεῖ
3285 2402 3582 2474 πτερώσας

1988 2485 2082 2539 καὶ
2115 2487 2471 2551 ἀνακαινίσας
2514 2488 2593 2558 τῷ
2620 2488 2912 2560 πνεύματι.
2939 2492 3063 2545 Ἐπὶ
3097 2492 3153 2546 δὲ
3188 2493 3424 2563 τούτοις,
3477 2494 3579 2551 καὶ

1988 2575 2081 2629 τὸν
2111 2576 2513 2648 καθειργμένον
2547 2580 2645 2649 μὲν
2698 2581 2775 2651 τῷ
2814 2583 2962 2653 ζόφῳ
3004 2583 3108 2654 τῆς
3140 2585 3387 2653 ἀγνοίας,
3446 2588 3576 2642 ἰδεῖν

1989 2666 2044 2719 δὲ
2079 2668 2140 2720 τὸ
2174 2669 2289 2736 φῶς
2329 2670 2425 2740 τῆς
2469 2671 2746 2737 ἀπλανοῦς
2794 2674 3052 2742 γνώσεως
3095 2677 3462 2748 κωλυόμενον,
3494 2680 3576 2751 τῷ

1992 2759 2262 2828 σκοπεινῷ
2288 2760 2474 2831 χωρίῳ
2503 2761 2644 2815 κατά
2677 2764 2935 2833 πρόνοιαν
2967 2766 3217 2833 ἐπιστὰς,
3266 2768 3457 2839 ὥσπερ
3485 2770 3578 2824 διά

1987 2864 2134 2911 τινος
2156 2850 2391 2918 ἀγγέλου
2421 2853 2517 2904 τοῦ
2546 2853 2874 2918 φωτίζοντος
2903 2855 3000 2927 τὴν
3024 2856 3266 2911 διάνοιαν
3295 2858 3477 2926 λόγου,
3503 2861 3575 2914 τά

1988 2940 2085 3007 τῆς
2115 2941 2338 3008 ἀγνοίας
2362 2942 2667 3013 διαρρήξας
2686 2944 2883 3015 δεσμὰ.
2908 2948 3001 3000 ἐπὶ
3030 2947 3091 2999 τὸ
3119 2948 3232 3016 φῶς
3267 2950 3575 3019 προαγάγοι

1988 3026 2053 3082 ἂν
2075 3032 2173 3100 τῆς
2194 3034 2335 3086 κατά
2370 3034 2604 3104 Χριστὸν
2638 3035 2955 3104 ἐλευθερίας
2982 3040 3076 3091 καὶ
3108 3040 3404 3106 πολιτείας,
3432 3043 3574 3112 μήτε

1990 3118 2142 3190 ζυγῷ
2168 3121 2415 3185 δουλείας
2438 3123 2628 3176 λοιπὸν
2653 3125 2992 3195 ἐνεχόμενον,
3037 3129 3176 3198 μήτε
3208 3130 3345 3200 πρὸς
3374 3131 3443 3184 τὰ
3475 3132 3573 3185 οὗ·

306 3230 545 3294 oportet,
604 3236 671 3277 ac
701 3219 905 3291 spiritu
966 3226 1231 3273 renovata
1259 3226 1305 3271 υ.
1366 3216 1447 3271 Ad
1500 3218 1615 3271 haec
1670 3226 1883 3282 autem,-

1989 3214 2150 3285 ράνισι
2172 3214 2367 3295 κάλλη⁹
2381 3215 2618 3285 βαδίζειν
2648 3220 2715 3289 τῇ
2748 3216 2961 3289 διανοίᾳ
2990 3221 3116 3272 κατ’
3162 3219 3414 3285 ἐξουσίαν
3455 3223 3573 3296 εἰρ-

306 3316 473 3371 etiam
504 3330 666 3386 quem
725 3312 874 3367 velut
911 3324 1134 3366 carcere
1177 3310 1504 3379 ignorantiae
1533 3309 1710 3380 caligo
1741 3310 1883 3364 deti-

1991 3309 2245 3379 γόμενον.

308 3413 420 3470 net,
472 3420 537 3460 ac
576 3418 677 3459 nec
736 3416 879 3457 vera:
908 3400 1156 3457 scientia:
1186 3400 1375 3454 lumen
1412 3399 1626 3475 ’videre
1699 3401 1940 3468 sinitur,
1985 3401 2342 3456 tenebricoso
2392 3415 2489 3469 per
2521 3401 2931 3469 providentiam
2964 3416 3031 3456 ac
3081 3416 3271 3457 curam
3311 3404 3431 3459 loco
3464 3405 3569 3459 imo

305 3501 547 3564 mineus,
608 3511 863 3552 sermone
910 3496 1004 3566 qui
1069 3493 1344 3548 illuminet
1394 3493 1665 3556 animum,
1728 3496 1879 3549 velut
1920 3495 2116 3565 angelo
2143 3494 2386 3563 quodam
2420 3492 2788 3563 infringcute,

2873 3493 3153 3564 disruptis
3244 3494 3571 3564 ignorantia:
3622 3492 3626 3495 ⁷

308 3590 541 3649 vinculis
599 3590 666 3644 ad
699 3589 883 3644 lumen
945 3600 1090 3641 verae
1131 3585 1186 3639 in
1243 3583 1471 3638 Christo
1508 3585 1782 3640 libertatis
1821 3602 1885 3641 ac
1958 3588 2083 3641 vita:
2137 3587 2490 3656 provexerit;
2541 3593 2600 3637 ut
2633 3585 2677 3640 is
2723 3599 2907 3653 neque
2963 3584 3073 3653 jan.
3110 3593 3362 3640 teneatur
3437 3590 3570 3660 jugo

306 3686 615 3752 serviltllis.
679 3700 744 3740 ac
798 3699 980 3755 neque
1028 3688 1314 3746 arceatur,
1360 3687 1421 3734 ut
1449 3695 1520 3735 ne
1573 3680 1710 3735 liber
1752 3697 1815 3737 ac
1859 3699 1960 3753 pro
2000 3683 2213 3738 arbitrii
2260 3681 2519 3738 facultate
2565 3682 2795 3752 pulchra
2849 3682 2974 3737 οωιί
3011 3683 3301 3741 incesserit
3359 3701 3424 3742 ac
3483 3688 3570 3742 lu-

307 3781 518 3838 strarit.

382 3871 546 3926 Plane
595 3882 751 3934 vero,
787 3881 1037 3939 congrua
1091 3867 1308 3923 ratione
1342 3874 1398 3921 et
1433 3865 1599 3920 modo
1627 3864 1887 3920 universa

308 3962 445 4026 haec,
480 3976 545 4015 ac
592 3960 639 4017 si
672 3976 780 4031 qua
812 3958 1083 4030 ejusmodi
1127 3967 1276 4022 sunt,
1324 3958 1600 4013 cbaritate
1642 3959 1883 4012 lucernae

307 4060 487 4110 instar
546 4054 733 4109 animo
790 4053 1074 4118 illucente,
1105 4050 1312 4121 duplici
1372 4049 1628 4106 exhibeat
1658 4056 1875 4119 oportet

306 4144 543 4199 ratione.
597 4141 755 4209 Quod
821 4142 967 4197 enim
1004 4142 1257 4212 duplices
1308 4141 1507 4203 simus,
1563 4156 1630 4196 ex
1695 4140 1882 4194 anima

306 4235 597 4294 constituti
646 4243 702 4291 et
764 4250 1031 4306 corpore,
1065 4235 1270 4306 duplex
1336 4236 1505 4290 etiam
1539 4234 1708 4289 fuerit
1735 4248 1882 4289 cura:

308 4330 450 4384 ratio
489 4346 502 4381 :
536 4342 644 4398 qua
675 4336 730 4383 et
757 4327 871 4397 ipsi
897 4341 1094 4383 omnes
1131 4327 1469 4397 indigemus,
1516 4325 1666 4380 velut
1703 4325 1883 4380 homi-

309 4435 445 4487 nes;
491 4434 825 4491 quanquam
876 4418 1236 4475 nihilominus
1301 4418 1396 4474 ille
1460 4417 1736 4488 amplius,
1794 4419 1885 4474 hic

338 4571 417 4613 ραι
438 4562 583 4617 Psal.
615 4579 749 4626 xxii,
802 4562 866 4624 2;
892 4555 972 4612 lsa
998 4573 1146 4626 xL,tt.
1226 4549 1230 4553 ’

1383 4572 1405 4599 ι’
1445 4560 1680 4632 Philipp.
1714 4575 1799 4627 ιιι,
1846 4560 1936 4616 20.
2015 4566 2036 4593 ⁵
2063 4557 2198 4612 Luc.
2229 4573 2320 4620 xv,
2358 4554 2442 4609 2‘3.

2061 3865 2168 3917 Kal
2200 3862 2378 3916 πάντα
2411 3859 2718 3918 ταῦτα,κα“ι
2751 3860 2817 3915 τὰ
2842 3861 3067 3914 τοιαῦτα
3092 3861 3238 3914 κατά
3260 3863 3351 3916 τὸν
3383 3864 3569 3920 εἰκότα

1986 3956 2143 4026 λόγον
2180 3956 2274 4009 καὶ
2306 3956 2525 4027 τρόπον,
2559 3954 2662 4007 ὑπὸ
2690 3953 2790 4017 τῆς
2817 3956 3040 4025 ἀγάπης
3090 3954 3186 4025 τὴν
3222 3956 3401 4027 ψυχὴν
3432 3973 3569 4027 φρυ-

1985 4047 2386 4118 κτωρούμενος,
2416 4047 2611 4107 διττῶς
2655 4043 3009 4110 ἐπιδείξεται.
3047 4043 3159 4097 Καὶ
3204 4044 3314 4115 γὰρ
3361 4044 3566 4097 διπλῶν

1983 4142 2153 4195 ὄντων
2182 4141 2359 4211 ἡμῶν,
2392 4142 2458 4194 ἐκ
2492 4139 2668 4209 ψυχῆς
2696 4154 2756 4190 τε
2786 4138 2883 4191 καὶ
2920 4136 3198 4208 σώματος,
3223 4136 3447 4190 διπλοῦν
3474 4139 3568 4190 καὶ

1983 4234 2082 4304 τῆς
2113 4232 2434 4303 ἐπιμελείας
2461 4232 2521 4285 τὸ
2547 4226 2710 4296 εἶδος,
2731 4224 2801 4300 ἦς
2820 4230 2921 4284 καὶ
2942 4229 3098 4283 αὐτοὶ
3123 4229 3327 4293 πάντες
3356 4229 3453 4283 ἄνθ
3465 4246 3569 4299 ρω-

1982 4343 2072 4381 ποι
2130 4324 2426 4396 χρῄζομεν,
2475 4327 2523 4378 εί
2566 4325 2659 4377 καὶ
2708 4324 2738 4374 ὁ
2786 4323 2883 4392 μὲν
2923 4323 3019 4375 ἐπὶ
3066 4322 3271 4386 πλεῖον,
3326 4322 3355 4374 ό
3394 4321 3451 4375 δὲ
3479 4321 3565 4374 ἐπ’

1986 4419 2229 4484 ἔλαττον,
2268 4416 2373 4480 ἓως
2415 4415 2519 4470 ὑπὸ
2552 4414 2763 4486 τροπὴν
2810 4415 2943 4484 ἡμῖν
2978 4415 3012 4484 ἡ
3064 4413 3421 4484 προαίρεσις,
3473 4413 3565 4465 καὶ

2548 4556 2563 4590 ι
2600 4551 2763 4607 Rom.
2790 4567 2880 4607 xiv
2915 4552 2965 4605 ι.
3040 4554 3069 4583 υ
3099 4548 3305 4620 Eplies.
3345 4564 3421 4615 tv,
3470 4546 3559 4608 25.

1601 4696 1831 4754 VARl/E
1867 4692 2276 4752 LECTiONES.

444 4790 486 4821 ³³
525 4789 685 4845 Forte
711 4789 1002 4853 αἰδεσθείς.

1634 4897 2034 4955 COMBEFISH
2061 4896 2296 4955 NOTAE.

381 5004 468 5100 .(8)
510 5030 586 5084 Αε
613 5029 831 5100 dicm)!“
857 4986 972 5082 ιτῖια.
1006 5026 1291 5100 ᾳὺᾷᾳτεηεο
1318 5027 1428 5080 Καὶ
1453 5025 1718 5100 μεριστῆς
1733 5026 1886 5100 -ᾁποο
1920 5028 1965 5084 D
1994 5026 2248 5100 superius
2278 5021 2400 5100 ἀντὶ
2419 5021 2511 5076 τοῦ
2548 5021 3143 5100 alascpévumlegimus
3172 5016 3476 5100 αἰδεσθεὶςκ
3506 5025 3562 5069 ut

304 5096 509 5174 στήσας
543 5101 708 5174 ζωῆς.
748 5098 927 5174 Vitam
988 5097 1292 5174 dividuam,
1343 5096 1879 5174 seu_’__scp:irabilem,

300 5166 532 5242 opponit
551 5173 616 5242 τῇ
645 5166 850 5242 ἒνιαίῳο
874 5166 1225 5242 πανηγύρει,
1273 5169 1398 5242 ιειιιο
1443 5167 1523 5242 illi
1559 5177 1879 5242 sanctorum

303 5232 834 5307 contemni/velut
890 5232 1173 5294 individua
1222 5237 1316 5292 uni
1362 5252 1427 5292 ac
1472 5236 1827 5307 inseparabili
1864 5256 1875 5289 :

303 5327 571 5388 nusqnam
612 5306 841 5375 scisso,
896 5309 991 5388 \'cl_
1026 5309 1194 5388 ipsoa
1220 5308 1431 5388 seipse,
1477 5306 1881 5388 dissidentibus

304 5376 746 5453 p;irtib:is,‘quas
798 5397 904 5435 una
946 5376 1272 5453 clia'ritasin
1307 5376 1544 5453 idipsum
1591 5376 1881 5453 inv_i_olabi-

304 5448 432 5524 liter
456 5448 735 5524 astringit,
782 5466 940 5524 neca
969 5453 1096 5513 Deo,
1130 5451 1223 5524 qui
1257 5449 1434 5519 ipsum
1459 5448 1611 5524 illud
1638 5449 1878 5524 idipsuin

304 5523 378 5575 sit
399 5526 455 5594 in
480 5539 590 5593 quo
625 5517 734 5578 tam
771 5523 995 5594 feliciter
1022 5517 1420 5594 astringantur.
1459 5517 1648 5594 Potest
1695 5518 1879 5594 haberi

305 5606 372 5663 ex
409 5588 512 5645 hac
552 5595 808 5648 autithcsi
866 5593 997 5663 quid
1052 5588 1310 5663 vereﬁsit
1335 5590 1430 5663 te,
1454 5591 1705 5663 ὲγνιαῖοςη
1731 5588 1877 5663 quod

308 5657 443 5731 Lex,
474 5662 656 5731 minus
681 5672 805 5731 apte
828 5657 1099 5720 reddunt.
1137 5660 1583 5731 aliquisrblclius
1611 5658 1794 5731 S_uid.,
1817 5657 1878 5710 τὸ

308 5729 508 5799 huic?
534 5744 547 5757 '
596 5730 656 5781 τὸ
691 5728 998 5799 μοναδικόν.
1053 5728 1250 5785 Habuit
1291 5728 1435 5784 forte
1479 5741 1588 5782 vel.
1645 5728 1777 5799 Leu.
1811 5742 1877 5781 ex

308 5810 416 5866 quo
436 5796 564 5863 alia,
596 5795 729 5851 umis
756 5801 945 5868 aliquis
974 5818 990 5853 :
1022 5803 1165 5870 quod
1191 5809 1273 5854 est
1305 5800 1443 5854 satis
1475 5808 1681 5869 aptum.
1709 5795 1878 5851 Paulo

1991 5086 2198 5150 referat
2224 5093 2596 5165 colligentem.
2631 5093 2722 5165 qui
2765 5086 3201 5165 exAChrvistiprc
3253 5086 3416 5165 nobis
3463 5086 3562 5165 lin-

1987 5154 2486 5235 spitisrevcrentia,
2519 5154 2791 5235 hospitem
2823 5160 3050 5235 fratrem
3074 5154 3128 5214 in
3150 5161 3373 5214 domum
3403 5154 3562 5209 indu-

1984 5232 2124 5291 cat‘.
2166 5236 2341 5296 illam,
2390 5234 2656 5307 inquam,
2692 5232 2748 5285 in
2786 5232 2957 5293 ,cmlis
2990 5272 3004 5296 ,
3060 5246 3167 5298 qua
3195 5241 3321 5307 vere
3371 5239 3565 5307 omnes

1986 5306 2230 5374 hospites
2279 5296 2495 5368 sumus,
2530 5296 2651 5376 nisi
2684 5312 2947 5370 quantum
2980 5296 3559 5376 _convers_atioue_jani

1986 5365 2131 5431 velut
2160 5376 2363 5429 mundo
2380 5365 2723 5428 excessimus
2750 5389 2765 5426 :
2792 5387 2901 5441 quo
2922 5371 3085 5426 etiam
3117 5368 3278 5441 modo
3324 5365 3563 5441 explicat

1985 5448 2196 5516 reliqua
2250 5461 2417 5502 sensu
2466 5444 2736 5516 mystico,
2781 5436 2889 5516 non
2925 5436 3424 5516 exclusolitteraii,
3454 5451 3563 5505 quo

1983 5505 2146 5571 etiam
2175 5518 2469 5571 doceamur
2501 5505 2692 5568 c'uram
2725 5511 2926 5568 habere
2958 5505 3559 5580 corporuin__fratrum,

1984 5602 2092 5641 non
2127 5595 2339 5640 tantum
2383 5584 2692 5638 animorum
2721 5598 2885 5651 :qua,
2923 5577 3125 5651 inquit,
3152 5577 3362 5651 duplici
3401 5588 3557 5651 cura.

1982 5657 2073 5724 qui
2103 5672 2170 5710 ex
2192 5656 2376 5710 anima
2405 5652 2694 5724 constituti
2724 5644 2901 5724 simus
2921 5644 3254 5724 etfcurpore‘,
3282 5647 3375 5700 ml.
3404 5644 3561 5724 αὐτοὶ,

1984 5714 2187 5789 πάντες
2221 5724 2496 5796 ἄνθρωποι
2523 5722 2826 5795 χρῄζομεν·
2875 5720 2994 5797 Ipsi
3018 5714 3181 5797 etiam
3209 5733 3388 5797 omnes
3406 5714 3561 5797 relict

1980 5788 2211 5851 homines
2246 5788 2451 5865 egému‘s
2488 5788 2847 5865 :quanquam
2896 5793 3017 5861 plus
3054 5791 3166 5856 alii,
3219 5788 3312 5842 alii
3352 5788 3555 5841 minus.
