4032 6138
456 363 562 428 915

1442 359 1524 420 IN
1564 357 2405 421 TRANSFIGURATIONEM
2430 356 2729 419 DOMlNI.

3616 349 3721 415 9‘6

458 482 589 551 παρ’
644 477 847 547 ἑαυτῆς
907 476 941 548 ἡ
994 475 1095 546 ὕλη
1167 475 1324 547 φέρει
1397 475 1462 528 τὸ
1502 475 1740 532 ἄτακτον
1812 479 1906 531 κοιλ¹
1947 481 2041 532 ἀνο

2148 478 2369 543 minus;
2438 475 2686 546 quandiu
2772 473 3035 528 nimirum
3089 469 3346 527 voluntas
3406 470 3719 528 mulatione

456 572 697 643 ὠμαλον,
726 570 758 642 ἦ
789 570 885 623 καὶ
904 572 1023 633 ταῖς
1049 568 1251 635 ἔξωθεν
1269 570 1559 639 ὲπηρείαις
1587 569 2036 641 καὶδυσχερειαις

458 666 759 718 ἁλίσκεται.
795 662 887 716 Διὸ
939 664 1032 715 καὶ
1079 661 1320 731 μάλιστα
1351 660 1749 732 φιλανθρώπως
1783 661 2036 732 ἀλλήλαις

458 752 742 824 χρηστέον,
772 752 859 804 ἵνα
886 752 980 804 καὶ
1008 750 1186 813 ἄλλως
1223 749 1428 821 μᾶλλον
1459 750 1686 814 ἑαυτοὺς
1730 750 2037 822 εὐεργετῶ-

460 859 583 913 μεν.
614 843 689 895 Τὸ
727 842 834 911 γὰρ
860 841 1207 912 εὐεργέτημα
1239 838 1424 909 μεῖζον
1455 839 1650 892 ἑαυτοῦ
1680 840 1834 910 παρά
1858 839 1936 910 τῷ
1976 836 2035 894 εὗ

412 948 423 955 ’
457 936 686 988 παθόντι
715 933 1032 1004 γενόμενον,
1065 933 1160 985 ἐπὶ
1203 932 1293 985 τὸν
1332 926 1629 1001 εὐεργέτην
1656 930 2038 1002 δαψιλέστερον

458 1026 852 1079 ἀντεπάνεισι·
901 1025 998 1078 καὶ
1054 1022 1228 1084 οὕτως
1274 1025 1331 1076 ἐν
1382 1024 1462 1091 τῷ
1518 1022 1927 1093 εὐεργετεῖσθαι
1978 1022 2040 1076 τὸ

460 1120 767 1190 εὐεργετεῖν
797 1116 1287 1187 ἀντιπεριέσταται.
1318 1116 1506 1186 Τούτῳ
1533 1114 1591 1169 δὲ
1624 1114 1906 1186 προδήλως
1946 1116 2041 1169 καὶ

463 1213 714 1281 μιμεῖται
742 1210 876 1263 Θεὸν
910 1208 1199 1277 ἄνθρωπος
1226 1225 1240 1240 υ
1286 1209 1319 1278 ἠ
1360 1207 1418 1260 δὲ
1453 1208 1704 1275 μίμησις,
1728 1207 2003 1271 οἰκείωσις
2023 1223 2037 1238 ⁸

463 1303 496 1370 ἡ
519 1301 574 1354 δὲ
604 1300 903 1363 οἰκείωσις,
934 1299 1257 1369 ἐξομοίωσις
1277 1315 1289 1326 ·
1314 1299 1347 1368 ἡ
1379 1298 1457 1363 δὲ,
1484 1301 1596 1351 τῶν
1626 1297 1850 1365 ἀγαθῶν
1875 1298 2043 1369 ἀκρό-

461 1409 643 1446 τατον.
702 1392 864 1462 Ὁρᾷς
915 1394 1015 1461 τῆς
1068 1378 1480 1459 φιλανθρωπίας
1530 1388 1758 1457 πηλίκος
1808 1390 1961 1442 ἐστὶν
2015 1392 2043 1444 ὁ

462 1483 711 1554 καρπός;
761 1482 918 1536 Οὕτω
965 1482 1022 1536 δὲ
1073 1484 1169 1536 καὶ
1213 1480 1440 1550 διάητῆς
1495 1482 1813 1544 αὐτοτελοῦς
1858 1481 2043 1546 ἑξάδος

461 1574 572 1627 τῶν
599 1573 849 1638 ἐντολῶν,
880 1572 1045 1642 φόϐον
1075 1572 1292 1626 ἅπαντα
1327 1571 1673 1643 δουλοπρεπῆ
1706 1574 2044 1644 παρωσάμε-

463 1684 573 1730 νος,
622 1667 760 1735 μετά
805 1664 906 1734 τῆς
950 1663 1130 1733 κακῆς
1182 1662 1288 1717 τῶν
1344 1663 1533 1717 παθῶν
1576 1664 1907 1734 ἀχθηδόνος,
1948 1665 2043 1717 καὶ

465 1757 657 1810 ἑαυτὸν
687 1756 1040 1827 ἀνακαθήρας
1068 1751 1279 1820 ὡς-οἷόν
1306 1773 1387 1820 τε,
1422 1756 1517 1808 καὶ
1544 1758 1602 1809 ὲν
1626 1759 1691 1825 τῇ
1733 1759 1920 1829 ἀγάπῃ
1952 1775 2043 1810 τε-

462 1849 735 1911 λειωθεὶς,
782 1846 946 1902 ἆθλον
997 1850 1201 1920 ἀρετῆς
1256 1853 1553 1920 κομιεῖται,
1612 1851 1789 1923 [καὶ]
1840 1854 1938 1922 τῆς
1984 1855 2042 1905 ὲν

465 1943 739 2010 πνεύματι
791 1944 1028 2012 φυσικῆς
1081 1942 1317 2011 θεωρίας
1366 1942 1464 2012 τὴν
1501 1942 1800 1997 ἄπταιστον
1843 1945 2045 2013 γνῶσιν

366 2112 373 2123 ⁸
463 2035 572 2089 τῶν
603 2035 709 2087 ὑπὸ
740 2035 786 2066 ³⁸
817 2034 1008 2106 χρόνον
1035 2034 1131 2086 καὶ
1159 2034 1346 2104 φύσιν,
1377 2035 1473 2088 καὶ
1507 2036 1598 2089 τὸν
1632 2039 1689 2090 ὲν
1723 2035 1783 2101 ἒξ
1811 2038 2046 2109 ἡμέραις

465 2128 775 2182 ὑποστάντα
804 2127 1031 2197 κόσμον,
1073 2127 1165 2181 τὸν
1196 2126 1380 2180 ὑλικὸν
1425 2128 1522 2182 καὶ
1550 2127 1846 2199 ὁρώμενον,
1877 2130 2046 2186 τύπον

464 2216 624 2281 εἰδὼς
650 2215 746 2271 τοῦ
776 2217 1180 2287 ἀναϐεϐηκότος
1203 2218 1304 2289 τὴν
1341 2218 1618 2288 αἴσθησιν,
1651 2218 1839 2290 ὄψεται
1867 2221 2046 2286 καλῶς

465 2307 553 2361 διὰ
589 2308 684 2360 τοῦ
712 2309 993 2378 ὁρωμένου
1024 2308 1115 2362 τὸν
1156 2308 1231 2380 μὴ
1257 2308 1557 2380 ὁρώμενον,
1589 2312 2045 2383 μεταῤῥυθμίζων

466 2402 803 2472 ἐναρμονίως
834 2402 928 2456 ἐπὶ
956 2403 1055 2473 τὴν
1080 2400 1278 2473 νοητὴν
1310 2401 1406 2456 καὶ
1434 2402 1753 2471 πολύφωτον
1778 2402 2047 2478 ὡραιότη-

466 2509 534 2547 τα
555 2493 625 2546 τὰ
649 2493 823 2564 κάλλη
860 2494 969 2548 τῶν
1001 2495 1371 2567 φαινομένων.
1412 2494 1524 2550 Καὶ
1552 2494 1695 2551 οὕτω
1722 2496 1819 2570 τὴν
1847 2499 2042 2566 κτίσιν,

466 2584 561 2637 ὲπὶ
592 2585 683 2638 τὸν
737 2586 938 2655 ἑαυτῆς
985 2586 1160 2641 αῐτιον
1211 2587 1325 2653 ’ἐξει
1377 2589 1825 2660 χειραγωγοῦσαν
1878 2590 2044 2646 αὑτοῦ

466 2676 564 2747 τὴν
589 2676 848 2732 διάνοιαν.
870 2678 1035 2731 Ὥστε
1054 2679 1503 2751 διὀἀμφοτέρων,
1529 2682 1783 2752 πράξεως
1809 2682 1874 2754 δὴ
1902 2683 2047 2751 λέγω

468 2769 560 2821 καὶ
592 2767 848 2840 θεωρίας,
894 2770 1032 2840 μετά
1065 2772 1164 2842 τὴν
1206 2774 1266 2825 ὲν
1304 2774 1508 2842 ἀμφοῖν
1556 2773 1891 2844 τελειότητα,
1946 2775 2046 2845 τὴν

468 2860 556 2913 διὰ
601 2861 698 2930 τῆς
730 2861 916 2927 ἑξάδος
955 2862 1064 2915 τῶν
1110 2863 1271 2919 θείων
1304 2864 1558 2932 ἐντολῶν,
1596 2866 1691 2919 καὶ
1724 2867 1904 2937 μέντοι
1953 2870 2045 2922 καὶ

470 2949 574 3003 τῶν
611 2952 835 3022 ἡμερῶν
865 2952 1223 3025 δηλουμένην,
1255 2955 1313 3007 ὲν
1353 2952 1435 3019 οἷς
1465 2958 1493 3009 ὁ
1520 2957 1796 3027 ὁρώμενος
1827 2960 2040 3029 ὑπέστη

465 3043 691 3110 κόσμος,
738 3044 1030 3113 δυνήσεται
1088 3046 1344 3117 καθαρῶς
1401 3049 1665 3114 συνιέναι,
1720 3049 1776 3103 τί
1838 3053 1899 3104 τὸ
1947 3054 2045 3122 τῆς

2140 570 2423 635 subditur,
2488 574 2715 639 ipsaque
2776 581 2805 620 a
2876 582 2935 621 se
2970 566 3201 621 materia
3250 564 3718 620 inordinationem

2140 673 2204 713 ac
2261 659 2690 715 inconstantiam
2745 656 2973 711 adducit
3002 655 3079 727 (9)
3119 656 3206 709 vel
3251 655 3418 710 etiam
3472 655 3720 709 externis

2141 749 2367 818 injuriis
2401 749 2784 816 molestiisque
2838 746 3213 815 intercipitur.
3248 744 3430 811 Quare
3498 754 3725 814 praestat

2140 842 2365 896 omnino
2431 849 2493 894 ut
2537 851 2647 894 tota
2691 838 3036 893 humanitate
3097 836 3337 891 invicem
3386 846 3717 901 eoutamnr,

2142 948 2251 1003 quo
2280 940 2336 988 et
2367 932 2573 1002 alioqui
2610 932 2716 1001 ipsi
2753 930 2914 985 nobis
2961 928 3291 985 beneﬁcium
3325 930 3503 997 majus
3532 927 3723 983 confe-

2146 1041 2356 1080 ramus.
2399 1023 2736 1079 Beneﬁcium
2768 1021 2974 1092 quippe
3036 1021 3223 1090 seipso
3266 1020 3490 1074 auctius
3523 1018 3659 1073 redit
3692 1035 3722 1071 a
3812 1070 3821 1079 ,

2143 1115 2481 1172 beneficiato.
2504 1114 2573 1169 ad
2604 1112 2911 1169 beneﬁcum
2950 1131 2963 1167 :
3001 1123 3168 1183 atque
3201 1112 3341 1168 adeo
3387 1112 3442 1166 in
3467 1109 3722 1165 beneficii

2144 1206 2467 1276 acceptione
2518 1204 2766 1273 quaedam
2822 1203 3110 1272 reciproca
3179 1200 3430 1256 beneﬁcii
3498 1198 3722 1254 collatio

2143 1308 2246 1353 est.
2319 1295 2396 1351 Eo
2457 1294 2947 1365 enim-perspicue
3008 1293 3174 1349 homo
3210 1291 3377 1347 Deum
3445 1291 3717 1346 imitatur.

2145 1389 2383 1444 imitatio
2420 1396 2627 1453 autem,
2662 1387 2979 1443 conciliatio
3014 1394 3098 1442 est
3123 1402 3140 1453 ;
3163 1384 3486 1443 conciliatio
3510 1392 3718 1449 autem,

2146 1483 2477 1538 assimilatio
2508 1490 2564 1537 et
2587 1480 2878 1551 expressio
2913 1497 2926 1533 :
2956 1494 3131 1550 eaque
3150 1493 3469 1549 supremum
3494 1478 3722 1542 bonum,

2150 1575 2345 1631 Viden‘
2402 1584 2640 1645 quantus
2698 1575 2772 1630 sit
2810 1573 3175 1629 humanitatis
3234 1582 3291 1627 et
3323 1570 3726 1626 misericordiae

2145 1667 2401 1723 fructus?
2440 1666 2532 1720 Sic
2598 1680 2726 1720 vero
2770 1666 2958 1729 etiam,
2992 1666 3182 1737 scipso
3218 1662 3468 1735 perfecto
3499 1648 3726 1717 manda—

2147 1766 2327 1814 torum
2364 1757 2608 1821 senario,
2636 1764 2783 1811 metu
2818 1756 2967 1811 omni
2993 1756 3185 1811 servili
3209 1770 3319 1810 una
3367 1769 3495 1810 cum
3522 1755 3722 1809 vitiosa

2148 1851 2623 1923 perturbationum
2685 1849 2937 1905 molestia
2994 1848 3248 1919 depulso,
3293 1849 3493 1919 suique
3559 1862 3724 1919 quam

2148 1952 2331 2015 potest
2360 1942 2548 1999 haberi
2586 1942 2851 2011 maxima,
2873 1942 3268 1997 emundatione
3288 1955 3352 1995 ac
3371 1956 3727 1995 consumma-

2149 2045 2201 2089 ta
2237 2035 2552 2099 charitate,
2585 2033 2809 2088 virtutis
2842 2049 2905 2088 ac
2936 2032 3211 2087 naturalis
3264 2032 3319 2086 in
3361 2032 3562 2102 spiritu
3593 2046 3727 2087 con-

2148 2125 2525 2196 templationis
2558 2123 2674 2196 (l0)
2708 2123 3037 2180 inoffensam
3072 2138 3256 2179 rerum
3317 2137 3483 2193 supra
3507 2131 3726 2193 tempus

2147 2228 2517 2287 naturamque
2577 2217 2889 2287 positarum
2945 2215 3259 2279 scientiam,
3317 2217 3606 2284 praemium
3641 2229 3725 2267 re-

2148 2309 2450 2379 portaverit
2483 2323 2500 2360 :
2533 2297 2839 2379 vidensque
2869 2308 3134 2364 mundum
3171 2309 3369 2363 diebus
3412 2307 3564 2363 senis
3594 2323 3728 2363 con-

2147 2402 2363 2467 ditum,
2413 2402 2596 2468 illum,
2638 2400 2886 2472 inquam,
2913 2402 2967 2455 in
2999 2402 3251 2469 materia,
3292 2413 3347 2458 et
3371 2403 3549 2459 oculis
3592 2403 3726 2463 sub-

2143 2497 2382 2569 jectum;
2448 2496 2639 2551 mundi
2678 2502 2879 2567 ‘snpra
2933 2509 3207 2551 sensum;
3243 2495 3441 2551 clevati
3497 2494 3727 2567 ﬁguram

2146 2590 2349 2661 probe,
2403 2589 2548 2660 quod
2614 2588 2755 2658 fugit
2795 2588 2992 2643 oculos
3048 2602 3152 2642 nec
3199 2587 3476 2658 aspectari
3507 2593 3725 2657 potest;

2132 2672 2329 2741 rerum
2375 2681 2679 2737 visibilium
2729 2687 2959 2735 ornatus
2993 2679 3047 2733 in
3081 2679 3391 2749 spiritalem
3438 2679 3730 2748 multoque

2147 2777 2354 2830 lumine
2413 2776 2679 2828 illustrem
2706 2773 2959 2827 decorem
3014 2770 3289 2827 concinna
3340 2770 3732 2825 accommoda-

2153 2869 2305 2921 tione
2352 2867 2717 2932 transferens,
2778 2879 2846 2919 eo
2881 2864 3028 2935 quod
3080 2878 3441 2934 corporeum-
3474 2863 3732 2934 subiacet

2149 2960 2352 3022 oculis,
2382 2959 2699 3029 perspiciet.
2733 2956 2936 3027 Sicque
2985 2955 3229 3010 futurum
3254 2962 3340 3011 est
3372 2964 3433 3010 ut
3476 2965 3731 3011 creatura

2150 3054 2396 3107 animum
2453 3052 2575 3121 ejus
2609 3051 2665 3105 in
2733 3065 2893 3105 suum
2969 3048 3146 3119 ipsius
3198 3049 3347 3103 velut
3391 3049 3733 3104 manuducat

466 3132 658 3203 ὀγδόης
695 3134 1010 3204 μυστήριον.
1055 3137 1119 3189 "0
1146 3135 1233 3188 διὰ
1263 3137 1362 3204 τῆς
1393 3137 1486 3191 τοῦ
1522 3139 1708 3192 Λουκᾶ
1751 3156 2045 3209 μυσταγω-

2151 3144 2505 3214 principium.
2544 3140 2912 3209 Quamobrem
2935 3147 3190 3210 utroque,
3211 3142 3449 3208 actione,
3478 3140 3727 3211 inquam,

466 3223 616 3289 γεας,
652 3223 729 3287 ὣς
775 3227 839 3292 γέ
888 3242 978 3296 μοι
1026 3226 1300 3295 φαίνεται,
1346 3230 1897 3300 παραγυμνούμενον,
1947 3233 2047 3286 ἴδοι

466 3328 551 3374 τις
582 3312 649 3367 ἂν
674 3313 781 3365 τῶν
828 3314 1179 3391 θεωρητικῶν
1214 3333 1274 3367 τε
1316 3319 1410 3369 καὶ
1444 3316 1558 3370 ἄνω
1610 3319 1920 3388 βεϐηκότων
1947 3323 2049 3391 τὴν

472 3400 746 3471 αἰσθησιν.
797 3403 874 3456 Τό
918 3405 976 3457 δὲ
1016 3406 1310 3476 λεγόμενον
1355 3408 1450 3481 καὶ
1498 3407 1753 3475 γνώσεως
1791 3410 2047 3481 ἀληθοῦς,

473 3493 579 3557 ἔξω
627 3495 830 3566 σαρκὸς
876 3497 972 3550 καὶ
1015 3498 1222 3569 κόσμου
1267 3499 1576 3570 γενόμενοι,
1612 3500 1733 3554 καθ’
1777 3503 1903 3557 ὅσον
1954 3506 2053 3571 ἑφ-

473 3585 624 3638 ικτὸν
665 3586 920 3653 ἐνταῦθα,
946 3589 1013 3641 τὰ
1040 3591 1139 3658 τῆς
1170 3590 1473 3660 μελλούσης
1505 3593 1893 3658 καταστάσεως
1915 3597 2052 3668 εἴδη,

471 3676 530 3742 ἐξ
578 3670 654 3730 ὧν
710 3679 1108 3752 ἐπειράθησαν,
1166 3681 1610 3753 διδαχθήσονται.
1672 3686 1832 3739 Ἀλλά
1883 3687 2055 3741 ταῦτα

473 3769 594 3839 μὲν,
625 3771 750 3823 ὅσον
767 3774 1300 3844 προοδοποιῆσασθαι
1333 3780 1398 3847 τῇ
1427 3776 1699 3851 μελλούσῃ
1725 3782 1836 3843 τοῖς
1863 3780 2054 3850 διορα-

469 3864 790 3932 τικωτέροις
812 3865 905 3918 ἐπὶ
937 3866 1031 3919 τοῦ
1068 3866 1229 3938 ὅρους
1274 3869 1762 3939 φανερωθήσεσθαι
1805 3871 1931 3942 δόξῃ
1960 3874 2054 3927 καὶ

468 3952 677 4023 χάριτι.
709 3956 839 4007 Ὅτε
869 3956 926 4009 δὲ
956 3957 1034 4027 τῷ
1084 3959 1260 4028 Ἰησοῦ
1293 3960 1733 4024 συνανελοόντες,
1782 3962 1913 4015 εῐσω
1954 3966 2053 4033 τῆς

469 4043 700 4112 νεφέλης
720 4046 984 4114 γένοιντο,
1003 4048 1123 4101 τότε
1149 4050 1332 4121 πολλῷ
1356 4052 1697 4123 τρανὼτερόν
1723 4069 1781 4105 τε
1804 4056 1898 4106 καὶ
1915 4054 2054 4124 seu-

468 4134 711 4205 λότερον,
740 4136 831 4189 διὰ
852 4138 961 4191 τῶν
989 4139 1393 4195 λευκανθέντων
1427 4142 1559 4196 ὡσεὶ
1599 4143 1752 4212 χιὼν,
1788 4145 1884 4196 καὶ
1914 4144 2051 4215 λαμ-

466 4224 686 4293 φάντων
732 4227 808 4292 ὡς
850 4228 911 4282 τὸ
964 4230 1082 4300 φῶς
1134 4231 1365 4301 ἱματίων
1422 4232 1516 4286 τοῦ
1574 4234 1772 4301 Λόγου,
1818 4236 1915 4304 τῆς
1947 4253 2048 4305 μυ-

471 4321 666 4389 στικῆς
732 4321 839 4374 τῶν
916 4325 1335 4395 προειρημένων
1406 4325 1534 4389 θέας
1607 4326 2006 4399 ἀξιωθήσονται
2036 4370 2050 4396 ,

468 4409 732 4476 εἰξάντων
765 4412 866 4483 ήδη
893 4413 1004 4468 τῶν
1035 4416 1323 4485 συμϐόλων
1355 4418 1424 4487 τῇ
1458 4417 1710 4488 ἀληθείᾳ.

2154 3245 2209 3288 et
2237 3234 2730 3303 contemplatione,
2791 3243 2918 3302 post
2987 3232 3244 3302 adeptam
3285 3232 3339 3286 in
3372 3232 3458 3287 eis
3492 3232 3727 3302 positam

2158 3325 2592 3394 perfectionem,
2652 3324 2801 3379 illam
2857 3324 3121 3378 nimirum
3181 3332 3298 3378 tum
3359 3339 3481 3394 qua:
3510 3323 3732 3379 senario

2156 3417 2470 3471 divinorum
2525 3415 2938 3480 mandatorum,
3020 3423 3133 3469 tum
3189 3431 3312 3483 quae
3369 3416 3732 3472 nihilominus

2152 3509 2348 3564 diebus
2385 3507 2554 3572 senis,
2584 3508 2784 3577 quibus
2815 3506 3057 3562 mundus
3097 3506 3518 3574 fuitconditns,
3549 3507 3729 3576 signi-

2154 3596 2371 3659 ﬁcatur,
2404 3596 2682 3665 quodnam
2740 3594 2814 3649 sit
2847 3592 3074 3650 Octava:
3134 3606 3573 3659 sacramentum,
3606 3610 3733 3665 per-

2154 3689 2345 3758 spicue
2380 3686 2744 3742 intellexerit.
2785 3684 2967 3755 Atque
3002 3682 3079 3752 id,
3108 3699 3226 3739 mea
3256 3683 3477 3754 quidem
3510 3694 3735 3739 senten-

2155 3783 2253 3845 tia,
2311 3778 2549 3850 spiritali
2606 3778 2770 3832 Luca:
2805 3777 3059 3833 doctrina
3114 3777 3315 3833 viderit
3363 3775 3731 3837 declaratum,

2156 3873 2249 3943 qui
2280 3871 2361 3926 sic
2382 3870 2848 3939 contemplativus
2880 3885 2944 3924 ac
2994 3884 3162 3925 sensu
3189 3870 3445 3940 superior
3471 3868 3731 3925 evaserit.

2157 3963 2289 4017 Dico
2322 3969 2528 4027 autem,
2585 3976 2861 4030 verusque
2896 3969 2981 4016 est
3016 3962 3289 4016 sermonis
3342 3976 3565 4024 sensus,
3617 3959 3737 4014 fore

2154 4061 2237 4120 ut,
2280 4060 2548 4121 quantum
2612 4052 2826 4105 mortali
2893 4050 3000 4105 vita
3070 4051 3184 4105 fieri
3236 4059 3439 4121 potest,
3494 4064 3730 4119 θοι-ρ)ιό

2152 4144 2469 4213 mundoque
2526 4141 2877 4203 cxcedeutes,
2933 4141 3046 4210 jam
3106 4155 3171 4194 ea
3202 4155 3325 4210 quas
3365 4139 3536 4194 futuri
3575 4139 3728 4195 illius

2156 4244 2335 4291 status
2383 4242 2531 4295 sunt,
2584 4248 2649 4287 ex
2688 4233 2756 4287 iis
2801 4246 3033 4301 quorum
3084 4231 3281 4286 fecere.
3311 4231 3616 4301 periculum
3644 4246 3739 4303 gu-

2162 4337 2422 4396 stumque
2497 4331 2888 4395 perceperunt,
2958 4323 3289 4379 doceantur.
3358 4321 3560 4379 Verum
3623 4324 3738 4379 lure

2159 4419 2387 4491 quidem
2455 4424 2515 4472 ut
2571 4425 2783 4470 tantum
2843 4423 3108 4486 prxeant,
3169 4430 3234 4470 ac
3282 4416 3428 4471 velut
3486 4415 3741 4470 muniant

469 4501 616 4557 viam
672 4504 980 4562 manifesta:
1004 4508 1058 4561 in
1088 4518 1273 4564 monte
1312 4510 1811 4579 perspicacioribus
1866 4511 2041 4567 oculis
2079 4513 2269 4583 gloriae
2305 4520 2360 4564 et
2402 4508 2611 4579 gratias.
2646 4505 2747 4562 Ubi
2781 4518 2964 4562 autem
3019 4525 3123 4562 una
3166 4522 3290 4562 cum
3335 4506 3468 4562 Jesu
3541 4522 3740 4562 ascen—

469 4596 687 4663 dentes,
725 4596 867 4652 intra
896 4599 1096 4654 nubem
1124 4602 1518 4667 constiterint,
1564 4611 1693 4658 tunc
1718 4605 1876 4674 longe
1898 4604 2105 4660 clarius
2131 4604 2537 4672 sublimiusque
2564 4601 2797 4656 vestium
2830 4598 2991 4655 Verbi
3030 4599 3241 4668 fulgore
3270 4598 3447 4655 instar
3480 4600 3734 4655 luminis,

471 4692 763 4764 mysticam
821 4694 1176 4765 praefatorum
1238 4698 1502 4755 visionem
1564 4701 1843 4771 accepturi
1894 4712 2045 4767 sunt,
2084 4717 2208 4757 cum
2238 4701 2349 4770 iam
2383 4698 2633 4770 symbola
2668 4697 2881 4752 veritati
2913 4695 3314 4751 concesserint.

726 4782 731 4789 ’
1756 4814 1986 4870 vanus
2022 4813 2431 4872 LECTIONES.

576 4898 621 4929 "‘
640 4897 783 4969 Lege
811 4900 977 4973 ὑπέρ.

1796 4996 2191 5054 COMBEFISII
2220 4997 2454 5054 NOTAE.

543 5086 621 5156 (9)
654 5084 882 5158 Ipsaque
904 5107 936 5142 α
962 5106 1017 5143 se
1051 5089 1275 5143 materia
1297 5088 1744 5145 inordinationem
1778 5108 1841 5144 ac
1863 5093 2045 5147 incan-

473 5161 729 5229 stantiam
770 5158 1010 5229 adducit.
1060 5161 1222 5229 Φέρει
1271 5159 1400 5229 παρ’
1442 5160 1647 5227 ἑαυτῆς
1709 5161 1770 5212 τὸ
1806 5163 2043 5216 ἄτακτον

470 5228 568 5281 καὶ
605 5227 917 5298 ἀνώμαλον.
942 5227 1289 5301 _Yerba'sunt
1340 5227 1695 5301 Gregorii,in
1732 5248 1851 5301 quae
1877 5235 2040 5287 etiam

470 5307 880 5354 commentatur
940 5299 1231 5365 Maximus,
1296 5308 1464 5365 orat.,
1499 5299 1554 5354 ni
1619 5299 1803 5369 fallor,
1840 5301 1925 5369 l6,
1968 5302 2047 5357 De

471 5383 653 5443 emere
694 5384 1009 5443 pauperum,
1041 5372 1471 5443 inquaunoster
1518 5371 1789 5443 Andreas,
1826 5374 1880 5428 in
1907 5389 2047 5443 pra:-

472 5439 682 5512 latione
702 5441 996 5512 clraritatis
1054 5440 1355 5497 virtutibus
1399 5443 1545 5505 aliis,
1578 5442 1807 5512 ejusque
1837 5439 2050 5512 in'pro-

472 5509 681 5561 simum
698 5511 1091 5585 cognatissirna
1118 5523 1358 5585 utraque
1382 5509 1792 5585 misericordia,
1812 5509 2050 5585 Spir'itali

472 5581 865 5654 a_e_c_orporali,
910 5596 1143 5650 quarum
1186 5581 1277 5635 illa
1313 5584 1494 5651 potior
1518 5583 1611 5654 sit,
1646 5581 2054 5654 eoque’magis

470 5648 714 5722 debita;
733 5665 844 5704 non
881 5648 1095 5718 parum,
1139 5648 1467 5722 quanquam
1494 5653 1605 5706 alio
1631 5648 1799 5721 scopo
1824 5648 2055 5722 suisq'ue

473 5717 728 5793 plurimis
761 5735 825 5793 ac
854 5717 924 5775 iis
948 5717 1258 5793 illustribus
1323 5717 1577 5793 adjectis,
1634 5717 1887 5779 currulem
1914 5717 2052 5781 Gre-

473 5788 690 5858 gorium
716 5791 966 5845 imitatus
1000 5792 1269 5846 videatur.

2227 5092 2341 5164 (l0)
2404 5092 2653 5164 Virtutis,
2692 5109 2756 5146 ac
2790 5092 3057 5164 nqturalis
3088 5094 3144 5146 in
3171 5093 3365 5160 spiritu
3410 5094 3739 5161 contempla—

2167 5161 2349 5225 tionis,
2383 5170 2492 5219 etc.
2527 5161 2943 5218 Nonnulla-fuit
2986 5171 3315 5230 punctorum
3349 5164 3603 5228 mutatio,
3633 5164 3735 5219 ad-

2149 5232 2297 5300 jecta
2327 5233 2492 5287 etiam
2528 5234 2795 5302 particula
2828 5233 2943 5287 καί.
2973 5234 3067 5299 Τὸ,
3097 5233 3227 5294 ὑπό,
3253 5233 3574 5287 mutandum
3604 5233 3735 5288 duxi

2152 5305 2208 5358 iu
2242 5304 2404 5373 ὑπέρ,
2438 5305 2582 5372 quod
2615 5304 2844 5374 margini
2878 5305 3113 5373 ascripsi
3141 5344 3155 5367 ,
3190 5310 3248 5357 ut
3277 5304 3449 5374 velit,
3506 5304 3734 5368 virtute.

2151 5388 2275 5443 qua:
2308 5374 2578 5444 foperibus
2606 5373 2896 5428 charitatis
2917 5382 2971 5427 et
3015 5373 3412 5444 misericordia:
3437 5373 3733 5444 explicatis

2155 5443 2427 5510 przeeipue
2469 5455 2784 5507 exercetur,
2819 5458 3118 5512 rerumque
3147 5443 3484 5498 naturalium
3515 5443 3738 5512 Spirita-

2157 5514 2282 5567 liori
2304 5514 2795 5584 contemplatione,
2839 5528 2937 5568 ceu
2990 5513 3194 5581 duplici
3248 5514 3469 5569 senario
3523 5527 3737 5584 praapa-

2158 5590 2316 5637 rante
2345 5583 2411 5638 ad
2438 5585 2638 5639 montis
2685 5599 2999 5648 accessum,
3056 5584 3378 5639 inoffensam
3427 5583 3737 5653 comparari

2162 5654 2469 5725 divinorum
2495 5662 2551 5708 et
2578 5655 2915 5725 spiritalium
2944 5654 3342 5724 cognitionem,
3362 5653 3520 5725 longe
3553 5664 3734 5725 tamen

2164 5740 2226 5779 ea
2256 5723 2624 5785 infcriorcm,‘
2658 5738 2780 5795 quae
2829 5723 3063 5777 habt-tur
3087 5725 3142 5778 in
3166 5726 3287 5794 ipso
3313 5723 3520 5792 monte,
3557 5723 3742 5780 Verbo

2160 5795 2494 5865 peculiarius
2519 5796 2884 5859 illuminante,
2927 5804 3032 5850 etc.
