4016 6130
318 359 426 426 947

328 577 462 630 stes,
516 568 722 638 quibus
755 576 809 623 et
854 568 1158 639 obtegitur,
1198 576 1253 623 et
1283 569 1564 641 detegitur
1592 587 1656 626 ac
1684 572 1894 627 revela-

319 667 430 713 tur.
450 654 611 724 Quod
637 672 689 713 et
707 656 960 714 videatur
982 658 1262 716 mirabile.
1289 660 1408 715 Una
1432 660 1653 731 quidem
1679 664 1896 718 ratione

317 751 607 822 anagogim‘
658 764 723 805 ac
768 765 971 807 sensus
1017 750 1315 821 spiritalis,
1369 762 1430 807 ut
1474 755 1697 824 quidem
1757 754 1893 808 mihi

313 843 548 907 videtur,
582 841 725 897 dicta
751 841 966 899 iactare
1009 842 1316 899 Salvatoris
1351 859 1448 914 per
1482 845 1608 900 vitae
1658 846 1763 901 hoc
1791 862 1893 901 sae-

312 936 440 989 culo
488 934 777 990 instituta:
833 934 1196 1003 curriculum,
1254 934 1415 1002 Vitae,
1446 936 1693 1006 inquam,
1742 935 1893 991 illius

311 1027 655 1082 intemerata:
690 1041 754 1082 ac
812 1027 1226 1095 immaculatae;
1275 1028 1425 1094 vita),
1457 1028 1642 1083 carnis
1670 1027 1893 1098 dispen-

313 1119 528 1174 satione
558 1118 766 1174 mundo
797 1120 979 1189 palam
1007 1120 1289 1186 exhibitat,
1320 1128 1578 1176 caeterum
1606 1135 1715 1175 non
1739 1134 1893 1174 com-

311 1207 597 1275 prehensa:
618 1223 634 1273 ;
658 1208 783 1262 vitae
807 1208 877 1261 ab
901 1208 1050 1261 omni
1072 1208 1301 1263 omnino
1321 1215 1375 1262 et
1397 1206 1537 1262 citra
1556 1205 1717 1259 ullam
1736 1200 1889 1259 coin-

307 1300 650 1371 parationem
682 1299 890 1353 malitia
918 1299 1126 1368 liberae,
1153 1315 1382 1371 qumque
1408 1300 1573 1354 totius
1599 1297 1887 1352 munditiei

304 1401 360 1447 et
382 1391 698 1447 sanctitatis
708 1405 874 1446 causa
902 1389 1027 1454 fuit,
1051 1400 1104 1444 et
1126 1391 1406 1461 exemplar
1422 1390 1663 1444 humano
1679 1389 1886 1460 generi.

305 1484 481 1549 Quam
505 1483 552 1538 is
574 1484 666 1552 qui
692 1497 856 1551 supra
887 1482 1251 1537 substantiam
1263 1489 1382 1546 est,
1403 1495 1532 1537 vero
1555 1481 1621 1536 ad
1644 1480 1897 1537 substan-

304 1574 439 1628 tiam
495 1588 743 1637 accessu,
781 1586 949 1643 supra
1002 1572 1369 1627 substantiam
1394 1572 1790 1628 substantiatus
1826 1586 1890 1626 ac

305 1666 668 1721 substantiam
691 1663 941 1729 indutus,
970 1663 1134 1720 nobis
1161 1673 1476 1733 nostraeque
1505 1663 1701 1719 salutis
1723 1678 1888 1718 causa

304 1758 360 1810 in
392 1770 561 1811 carne
608 1754 750 1810 vixit
793 1774 806 1810 :
860 1769 984 1827 qua:
1010 1762 1065 1811 et
1114 1754 1235 1825 ipsa
1272 1755 1472 1810 eximie
1504 1755 1556 1809 in
1587 1764 1772 1811 monte
1803 1771 1879 1811 re

1493 370 1554 431 S.
1586 369 1913 431 ANDRE/E
1951 370 2377 433 CRETENSIS

386 473 565 532 Porro
594 475 797 533 fuerint
823 476 1087 549 spiritalis
1108 478 1587 549 contemplationis
1624 479 1782 535 Verbi
1820 497 1902 535 ve-
1932 489 1977 542 Α

3469 363 3574 431 6&8

2085 482 2300 553 Ἱμάτια
2331 481 2388 536 δὲ
2413 479 2507 535 τοῦ
2538 479 2712 550 Λόγου
2744 477 2885 535 κατά
2912 479 3011 552 τὴν
3034 479 3093 533 ὲν
3124 468 3410 551 ,πνεύματι
3439 476 3578 533 θεω-

1998 574 2121 644 ρίαν
2151 570 2261 628 εἷεν
2292 575 2378 640 ἂν,
2404 573 2498 643 ὑφ’
2525 566 2599 628 ὧν
2646 572 3058 644 περιστέλλεται
3097 575 3190 625 καὶ
3221 571 3288 626 δι’
3312 565 3389 625 ὧν
3413 574 3580 625 ἔκκα-

1994 663 2279 718 λύπτεται.
2326 666 2393 716 Ὃ
2435 664 2529 717 καὶ
2575 662 2878 733 παράδοξόν
2921 678 3060 726 πως.
3103 662 3241 717 Καθ’
3268 661 3327 716 ῑν
3359 662 3460 734 μὶν
3492 658 3575 716 εἴ·

1993 755 2081 820 δος
2119 755 2433 825 ἀναγωγῆς,
2472 753 2548 820 ὥς
2582 755 2647 823 γέ
2695 772 2785 826 μοι
2812 754 2982 819 δοκεῖ,
3033 754 3102 807 τά
3148 753 3290 807 κατά
3336 753 3430 807 τὸν
3460 753 3577 824 βίον

1994 849 2203 901 ἐκεῖνον
2246 844 2515 920 εἰρημένα
2551 846 2628 918 τῷ
2659 846 2872 917 Σωτῆρι
2919 845 3016 899 καὶ
3060 845 3449 916 πεπραγμένα,
3481 845 3577 898 τὸν

1995 940 2261 1011 ἄχραντόν
2290 956 2347 992 τε
2387 938 2483 994 καὶ
2510 938 2847 1010 ἀκηλίδωτον
2870 954 2884 968 ·
2925 939 3016 991 τὸν
3040 938 3120 1009 τῷ
3143 938 3335 1006 κόσμῳ
3360 936 3448 990 διὰ
3473 936 3578 1005 τῆς

1993 1033 2133 1088 κατά
2161 1031 2260 1104 τὴν
2302 1032 2482 1103 σάρκα
2531 1032 2848 1102 οἰκονομίας
2881 1030 3321 1102 προφαινόμενον
3361 1028 3480 1099 μὲν,
3512 1028 3577 1080 οὐ

1993 1124 2548 1195 καταλαμϐανόμενον
2608 1123 2665 1177 δέ
2695 1139 2710 1152 ·
2764 1121 2857 1176 τὸν
2913 1123 3098 1191 πάσης
3158 1121 3256 1192 μὲν
3308 1120 3576 1189 πονηρίας

1991 1217 2339 1287 ἀσυγκρίτως
2393 1214 2718 1285 ἐλεύθερον,
2755 1214 2939 1284 πάσης
2980 1213 3038 1266 δὲ
3096 1212 3468 1283 καθαρότητός
3514 1229 3577 1265 τε

1993 1309 2088 1363 καὶ
2120 1309 2408 1380 ἁγιότητος
2449 1306 2624 1360 αίτιον
2652 1305 2813 1378 ἡμῶν
2844 1305 2938 1359 καὶ
2976 1305 3344 1376 ὑπογραμμὸν
3382 1308 3449 1375 τῇ
3482 1304 3578 1373 φύ-

1994 1417 2074 1453 σει
2101 1399 2415 1469 γενόμενον.
2456 1400 2552 1451 ὀν
2584 1400 2611 1451 6
2657 1397 2983 1469 ὑπερούσιος
3016 1391 3096 1460 ἐίς
3132 1397 3322 1450 οὐσίαν
3355 1395 3575 1467 ἀληθῶς

1990 1491 2182 1555 ἐλθὼν,
2241 1493 2337 1545 καὶ
2402 1490 2544 1563 ὑπὲρ
2590 1490 2781 1545 οὐσίαν
2841 1489 3162 1552 οὐσιωθεὶς,
3223 1488 3312 1542 διὰ
3369 1488 3574 1560 σαρκὸς

1989 1587 2121 1655 ἡμῖν
2150 1583 2555 1637 πεπολίτευται.
2602 1584 2698 1646 Ὃς
2729 1581 2795 1652 δὴ
2839 1584 2934 1635 καὶ
2975 1580 3428 1653 ὑπερϐαλλόντως
3478 1579 3574 1632 ἐπὶ

1990 1676 2082 1730 τοῦ
2133 1677 2297 1747 ὅρους,
2334 1674 2699 1748 ἐξήστραψεν.
2749 1675 2824 1729 Οὐ
2876 1673 2998 1727 τότε
3035 1672 3331 1745 γενόμενος
3373 1669 3571 1725 ἑαυτοῦ

1990 1769 2372 1841 διαυγέστερος
2419 1769 2451 1839 ἢ
2504 1767 2836 1839 ὑψηλότερος
2859 1779 2875 1795 ⁶
2907 1766 3091 1835 ἄπαγε
3118 1785 3133 1796 ο
3163 1764 3278 1820 ἀλλ’
3308 1765 3446 1834 ὅπερ
3476 1763 3572 1816 καὶ

305 1846 607 1918 splenduit.
626 1843 745 1900 Non
765 1825 913 1902 velut
951 1846 1005 1901 id
1038 1846 1305 1916 temporis
1336 1846 1540 1901 clarior
1568 1847 1884 1920 sublimior-

1990 1825 2254 1932 πρότερον
2283 1825 2294 1841 Ι
2440 1825 2566 1925 ’τοῖς
2602 1825 2958 1930 ’τελουμένοις
3007 1825 3119 1911 vtth
3171 1825 3431 1928 μαθητῶν
3477 1856 3573 1910 καὶ

302 1955 412 2009 que
427 1954 488 1993 se
516 1938 636 2007 ipsa
660 1938 900 1993 evaserit
940 1955 953 1991 :
986 1936 1133 1992 absit
1163 1936 1306 2003 hoc;
1336 1935 1432 1992 sed
1456 1952 1620 2008 quam
1654 1935 1885 2007 perfecti

303 2045 372 2085 ac
402 2029 729 2087 sublimiora
789 2030 941 2085 docti
970 2030 1256 2101 discipuli,
1291 2029 1424 2099 quid
1470 2038 1524 2084 et
1554 2031 1709 2101 prius
1737 2040 1887 2086 esset

306 2123 543 2178 veritate
593 2122 705 2177 sint
767 2123 1150 2195 contemplati.
1211 2121 1366 2177 Dicta
1415 2136 1544 2193 ergo
1596 2134 1881 2194 gestaque,

296 2215 512 2285 quibus
562 2215 677 2269 vita
733 2215 827 2270 illa
897 2216 1263 2278 constitisset.
1324 2214 1655 2285 quibuscum
1715 2216 1882 2271 etiam

303 2307 577 2361 immensa
617 2306 787 2362 Verbi
822 2306 877 2361 in
911 2321 1012 2362 nos
1063 2305 1497 2376 dispensationis
1533 2304 1885 2376 profunditas

212 2384 215 2387 ’
301 2397 639 2463 ostenditur,
676 2413 785 2453 non
823 2398 1099 2454 immerito
1136 2396 1288 2452 velut
1340 2396 1649 2454 Salvatoris
1691 2407 1874 2454 vestes

302 2489 600 2545 habuerint
647 2490 873 2560 accipit.
912 2488 1020 2544 Seu
1043 2490 1290 2547 vestibus
1326 2489 1602 2560 ejusmodi
1653 2497 1886 2556 utraque

307 2581 399 2635 illa
431 2581 675 2652 Spiritus
709 2572 1102 2637 emundatione
1137 2580 1316 2638 instar
1342 2581 1569 2637 luminis
1600 2580 1883 2653 fulgentia,

303 2672 375 2726 ob
400 2672 775 2728 omnimodam
808 2671 1139 2726 munditiam
1165 2687 1556 2744 summamque
1577 2672 1884 2727 claritatem

302 2765 456 2821 velut
491 2772 625 2836 typo
666 2761 1075 2832 repraesentari.

377 2856 503 2912 Alio
555 2864 740 2910 autem
800 2853 966 2909 modo
1012 2853 1294 2925 potuerint
1335 2853 1664 2909 vestimenta
1716 2851 1881 2909 Verbi

306 2949 566 3021 intelligi,
624 2964 726 3005 nec
766 2956 910 3019 puto
949 2948 1174 3018 indigna
1230 2940 1445 3015 Spiritu
1479 2946 1831 3018 expositione
1865 2953 1910 2999 :'

302 3053 421 3096 tum
460 3055 649 3119 eorum
682 3056 808 3111 qua:
853 3038 1170 3112 procreavit
1195 3037 1536 3109 deduxitque
1575 3045 1637 3092 ut
1664 3047 1887 3102 essent,

300 3134 709 3205 magniﬁccmia
765 3148 833 3189 ac
863 3133 1011 3188 velut
1052 3133 1497 3203 sumptuositas;
1550 3140 1665 3186 tum
1712 3131 1877 3187 etiam
1910 3160 1954 3221 ο

305 3224 599 3294 Scriptura
641 3237 822 3279 sacra.
867 3222 966 3276 Illa
1001 3221 1248 3292 quidem,
1296 3237 1419 3291 quae
1447 3219 1782 3276 invisibiletn
1808 3218 1878 3272 il-

302 3320 417 3371 lum
441 3326 497 3372 et
533 3330 697 3386 quem
753 3314 891 3369 niltil
932 3315 1132 3384 capiat,
1180 3314 1234 3368 in
1270 3316 1389 3384 ipsa
1440 3312 1790 3368 lncommiste
1814 3326 1881 3365 ac

299 3412 650 3474 intemerate,
677 3421 787 3475 qua
818 3409 1031 3461 ratione
1067 3406 1296 3461 Creator
1316 3413 1402 3462 est
1431 3413 1486 3462 et
1515 3411 1706 3474 causa,"
1730 3406 1880 3461 velut

299 3501 548 3556 abditum
573 3513 639 3555 ae
658 3498 1069 3556 delitescentem
1096 3499 1269 3567 palam
1290 3497 1460 3552 faciat
1488 3514 1501 3550 :
1526 3497 1642 3552 haec
1670 3506 1877 3561 autem,

300 3602 359 3647 ut
376 3607 499 3663 quae
514 3590 757 3647 Verbum
777 3605 987 3646 arcana
1004 3591 1243 3659 quadam
1266 3589 1482 3645 ratione
1503 3589 1563 3643 in
1588 3589 1709 3658 ipsa
1731 3589 1881 3644 velut

301 3684 559 3739 habitans
582 3697 647 3737 ac
674 3682 909 3739 libenter
936 3694 1187 3743 manens,
1210 3680 1279 3735 iis
1315 3679 1409 3750 qui
1436 3680 1587 3750 digni
1612 3682 1723 3734 sint
1757 3678 1880 3750 Spi-

202 3771 219 3783 ’
299 3776 407 3829 ritu
437 3774 798 3829 demonstret.
832 3772 1006 3827 Ambo
1034 3771 1183 3826 enim
1211 3769 1418 3839 Spiritu
1445 3770 1787 3838 depurantur
1816 3783 1881 3824 ac

303 3867 651 3921 illustrantur
685 3885 696 3919 :
729 3864 974 3935 taliaque
1003 3864 1213 3918 suailla
1248 3862 1543 3929 munditia,
1563 3863 1876 3917 divinorum

254 3967 263 3974 '
300 3975 363 4014 ac
389 3957 798 4028 contemplandi
824 3957 1136 4013 amantibus
1166 3965 1381 4027 parent,
1404 3975 1423 4008 ι
1445 3956 1629 4027 qualia
1646 3971 1756 4011 non
1780 3973 1880 4027 po-

299 4057 401 4106 test
430 4050 562 4105 fullo
590 4064 756 4119 super
778 4057 982 4103 terram
1006 4048 1240 4103 candida
1268 4048 1450 4104 facere
1475 4057 1524 4102 ν.
1555 4066 1662 4099 ι·-
1683 4067 1701 4101 ι
1745 4047 1879 4103 Nam
1932 4068 1934 4071 ·

301 4142 566 4214 Spiritus,
620 4142 818 4213 inquit,
863 4141 1048 4197 omnia
1077 4147 1379 4208 scrutatur,
1405 4141 1574 4196 etiam
1605 4140 1878 4212 profunda

302 4233 396 4288 Dei
428 4240 478 4287 ι.
521 4251 543 4285 ι
583 4230 679 4286 Sic
735 4231 907 4302 igitur
936 4230 1170 4287 vestium
1225 4231 1569 4287 adminiculo
1604 4231 1787 4287 latens
1819 4233 1874 4286 in

295 4324 379 4379 cis
428 4321 665 4379 Verbum
721 4323 966 4393 seipsum
1019 4322 1231 4392 prodit,
1281 4337 1346 4376 ac
1391 4322 1730 4391 cognitionis
1764 4338 1879 4379 sum

299 4421 481 4472 lumen
510 4415 758 4482 emittit;
800 4415 883 4471 ‘iis
912 4414 1181 4469 nimirum
1217 4415 1334 4486 qui,
1380 4416 1527 4470 sicut
1563 4414 1785 4482 Petrus,
1823 4427 1879 4471 et

1991 1952 2316 2022 μυουμένοις
2344 1951 2412 2006 τά
2445 1949 2757 2024 ὑψηλότερα
2797 1948 2938 2003 κατά
2972 1946 3232 2019 ἀλήθειαν
3261 1944 3575 2015 θεωρουμέο

1987 2061 2120 2107 νοις.
2152 2042 2234 2097 Td:
2260 2044 2326 2098 δι’
2351 2036 2428 2097 ὧν
2466 2039 2561 2096 οὖν
2583 2044 2611 2096 6
2639 2041 2754 2112 βίος
2780 2041 2989 2103 ἐκεῖνος
3023 2039 3321 2107 συνέστηκε
3350 2032 3571 2108 ῥήματά

1986 2153 2046 2190 τε
2078 2135 2173 2190 καὶ
2223 2136 2544 2208 πράγματα,
2591 2128 2673 2198 οἷς
2716 2133 2815 2187 καὶ
2862 2133 3168 2200 ἀπέραντος
3206 2126 3427 2200 όβυθὸς
3468 2127 3573 2197 τῆς

1988 2228 2119 2299 περὶ
2146 2229 2296 2299 ἡμᾶς
2331 2227 2645 2297 οἰκονομίας
2693 2223 2789 2280 τοῦ
2828 2224 3005 2292 Λόγου
3060 2220 3567 2283 συναποδείκνυται,

1986 2319 2087 2372 οὐκ
2127 2318 2435 2382 ἀπεικότως
2464 2318 2531 2372 ἂν
2559 2318 2639 2379 εἰς
2682 2316 2753 2371 τά
2784 2316 2976 2385 ἱμάτια
3003 2314 3099 2368 τοῦ
3149 2313 3402 2383 Σωτῆρος
3429 2313 3571 2382 λαμ-

1988 2409 2227 2465 ϐάνοιτο.
2263 2410 2335 2463 Ἦ
2366 2411 2549 2463 ἐκεῖνα
2575 2409 2642 2463 δι’
2695 2407 2875 2461 αὐτῶν
2919 2406 3238 2477 σημαίνοιτο
3261 2407 3327 2475 τῇ
3362 2405 3571 2458 ἀνακα-

1989 2502 2180 2570 θάρσει
2222 2499 2317 2555 τοῦ
2368 2499 2685 2569 Πνεύματος
2731 2498 3019 2568 ἀμφότερα
3058 2498 3350 2565 λάμποντα
3391 2495 3466 2556 ὡς
3507 2494 3571 2547 τὸ

1990 2592 2125 2662 φῶς,
2148 2591 2237 2645 διὰ
2273 2592 2373 2663 τὴν
2399 2590 2636 2662 παντελῆ
2666 2588 3018 2660 καθαρότητα
3044 2589 3139 2641 καὶ
3168 2586 3269 2659 τὴν
3294 2588 3374 2650 εἰς
3399 2585 3570 2656 ἀκρον

1988 2684 2281 2755 φανότητα.

2058 2862 2199 2916 Καθ’
2246 2860 2434 2933 ἕτερον
2485 2860 2544 2915 δὲ
2593 2860 2796 2932 τρόπον
2832 2858 3023 2930 ἱμάτια
3064 2856 3159 2910 τοῦ
3185 2856 3360 2923 Λόγου
3392 2853 3570 2906 νοοῖτο

1987 2953 2074 3019 ἂν,
2109 2953 2201 3008 καὶ
2229 2954 2329 3006 οὐκ
2351 2951 2605 3020 ἀναξίως,
2628 2946 2804 3023 οἶμαι,
2831 2950 2927 3005 τοῦ
2951 2948 3089 3004 11νεὺ
3100 2964 3271 3019 ματος
3295 2965 3310 2979 ·
3342 2945 3451 2999 τῶν
3474 2943 3569 2998 ὑπ’

1987 3043 2152 3098 αὖτοῦ
2181 3044 2245 3115 δὴ
2258 3043 2352 3096 τοῦ
2374 3043 2549 3112 Λόγου
2577 3041 3036 3113 προϐεϐλημένων
3055 3057 3115 3093 τε
3145 3039 3242 3094 καὶ
3275 3035 3566 3109 παρηγμέ-

1985 3154 2092 3191 νων
2137 3136 2273 3206 πρδς
2315 3134 2550 3207 ὓπαρξιν
2596 3136 2629 3206 ἡ
2659 3133 3102 3205 μεγαλοπρέπειά
3129 3149 3187 3185 τε
3208 3131 3304 3185 καὶ
3337 3128 3566 3182 πολυτέ-

1987 3229 2122 3293 λεια,
2158 3229 2251 3282 καὶ
2297 3229 2477 3299 μέντοι
2526 3227 2620 3281 καὶ
2663 3228 2724 3281 τὸ
2773 3227 3012 3298 Γράμμα
3053 3226 3113 3279 τὸ
3163 3223 3326 3295 ἱερόν.
3366 3223 3431 3275 'H
3468 3220 3568 3292 μὲν

1987 3320 2063 3383 ὡς
2089 3318 2312 3391 κτίστην
2341 3320 2433 3372 καὶ
2447 3321 2615 3373 αἴτιον
2640 3318 3084 3390 ὲγκρυπτόμενον
3110 3318 3400 3387 ἀχράντως
3426 3313 3564 3383 αὐτῇ

1988 3410 2294 3484 φανεροῦσα
2346 3410 2438 3464 τὸν
2482 3411 2712 3482 ἀόρατον
2763 3412 2860 3464 καὶ
2909 3409 3191 3480 ἀχώρητον
3214 3425 3229 3438 ο
3265 3407 3327 3459 τὸ
3372 3405 3450 3471 δὲ,
3489 3405 3568 3467 ὡς

1985 3504 2158 3571 Λόγον
2187 3501 2465 3573 μυστικῶς
2489 3498 2970 3572 ἔμφιλοχωροῦντα
3012 3500 3106 3553 καὶ
3149 3496 3567 3566 ὲναυλιζόμενον

1986 3593 2155 3666 αὐτῷ,
2180 3596 2479 3666 προφαῖνον
2506 3593 2764 3665 ἀρρήτως
2808 3593 2921 3653 τοῖς
2967 3590 3141 3656 ἀξίοις
3182 3588 3279 3642 τοῦ
3314 3585 3567 3656 Πνεύμα-

1985 3702 2097 3749 τος.
2146 3686 2460 3756 ’Δμφότερα
2485 3685 2594 3756 γάρ
2631 3683 2721 3738 διὰ
2761 3682 2854 3736 τοῦ
2907 3680 3225 3752 Πνεῦματος
3267 3676 3566 3734 ἀνακαθαί-

1989 3795 2143 3851 ρεται
2168 3777 2265 3832 καὶ
2292 3775 2696 3847 λαμπρύνεται,
2733 3774 2831 3828 καὶ
2857 3772 3084 3827 τοιαῦτα
3125 3774 3192 3843 τῇ
3227 3767 3566 3839 καθαρότητι

1984 3871 2379 3926 διαδείκνυνται
2429 3872 2544 3933 τοῖς
2583 3870 2838 3938 ἐρασταῖς
2888 3865 2996 3920 τῶν
3035 3863 3214 3927 θείων,
3272 3860 3368 3915 καὶ
3419 3858 3566 3928 φιλοσ

1988 3963 2268 4034 θεάμοσιν,
2318 3958 2450 4014 ιοῖα
2475 3961 2718 4030 γναφεὺς
2770 3959 2867 4013 ἐπὶ
2908 3958 3011 4026 τῆς
3060 3958 3165 4026 γῆς
3209 3952 3561 4007 λευκᾶναιού

1985 4057 2226 4110 δύναται.
2257 4073 2277 4107 ι
2314 4082 2383 4095 --
2406 4072 2427 4105 ι
2454 4053 2529 4106 Τὸ
2555 4053 2664 4123 γάρ
2687 4049 2915 4121 Πνεῦμα
2942 4047 3120 4103 πάντα
3155 4046 3371 4117 ἐρευνᾷ,
3408 4044 3563 4114 φησὶ,

1988 4146 2082 4201 καὶ
2129 4145 2197 4200 τά
2241 4144 2380 4217 βάθη
2418 4144 2512 4198 τοῦ
2551 4144 2708 4198 Θεοῦ.
2738 4162 2759 4195 ι
2795 4140 2982 4205 Οὕτως
3031 4139 3132 4211 μὲν
3180 4135 3276 4193 οὖν
3322 4137 3411 4191 διὰ
3455 4135 3565 4189 τῶν

1989 4238 2218 4309 ἱματίων
2255 4237 2283 4290 6
2304 4236 2435 4289 εἴσω
2470 4234 2674 4288 τούτων
2698 4232 3143 4305 ἑγκρυπτόμενος
3168 4230 3345 4299 Λόγος
3371 4228 3564 4283 ἑαυτὸν

1987 4330 2230 4401 φανεροῖ,
2270 4328 2367 4383 καὶ
2399 4328 2496 4397 τῆς
2527 4326 2782 4395 γνώσεως
2809 4324 2975 4379 αὐτοῦ
2998 4324 3058 4377 τὸ
3081 4322 3197 4394 φῶς
3226 4320 3524 4390 ἐπαφίησιν
3544 4334 3561 4349 ·

1986 4418 2214 4483 ὲκείνοις
2238 4418 2502 4490 δηλονότι,
2546 4420 2657 4481 τοῖς
2687 4417 2830 4472 κατὰ
2869 4415 3097 4487 Πέτρον,
3143 4414 3239 4467 καὶ
3284 4410 3562 4473 Ἰάκωϐον,

295 4506 558 4581 Jacobus,
581 4512 636 4561 et
660 4501 908 4561 Joannes
939 4513 1071 4560 sunt
1114 4505 1317 4576 spiritu
1377 4504 1626 4577 perfecti.
1676 4504 1721 4559 E
1753 4507 1869 4577 qui-

1988 4510 2077 4563 καὶ
2114 4509 2368 4579 Ἰωάννην
2395 4507 2802 4578 τετελεσμένοις
2828 4506 2907 4578 τῷ
2926 4506 3220 4577 πνεύματι.
3254 4496 3357 4557 Ὧν
3381 4506 3409 4556 6
3441 4502 3561 4579 μὲν,

297 4603 426 4667 bus,
462 4601 552 4654 hic
571 4598 795 4670 quidem
821 4599 996 4654 instar
1027 4596 1198 4663 Petri,
1238 4597 1474 4654 firmiter
1498 4598 1662 4654 nixus
1683 4607 1873 4669 petrae,

294 4704 409 4747 tum
441 4692 568 4748 tldei
599 4691 1043 4756 fundamentum,
1091 4698 1208 4747 tum
1245 4690 1544 4749 virtutibus
1574 4706 1878 4763 assurgens

293 4781 588 4838 aedificium
622 4780 884 4838 Ecclesiae
920 4782 976 4837 in
1003 4797 1064 4837 se
1093 4782 1293 4853 recipit
1325 4801 1336 4836 :
1372 4782 1458 4839 liis
1483 4791 1695 4851 autem,
1731 4784 1879 4840 velut

305 4892 325 4925 ι
362 4873 490 4929 tiliis
542 4874 770 4929 tonitrui
799 4880 852 4941 3‘,
890 4892 908 4926 ι
950 4872 1290 4929 sublimioris
1319 4875 1613 4944 tlteologiae
1640 4876 1875 4946 mystica

295 4965 573 5036 inspectio
610 4967 864 5037 visioque
884 4980 918 5020 a
951 4963 1134 5021 Verbo
1167 4966 1437 5032 creditur,
1479 4966 1685 5038 quibus
1717 4975 1874 5038 petra

298 5057 645 5124 immobilis,
670 5057 822 5114 basis
840 5056 1009 5112 ﬁrma
1047 5057 1124 5113 sit
1148 5068 1201 5113 et
1231 5058 1594 5116 inconcussa.
1621 5058 1877 5115 Arbitror

296 5168 450 5218 vero,
510 5153 606 5208 illo
659 5150 888 5224 quidem
915 5151 1201 5224 designari
1250 5151 1379 5207 ﬁdei
1405 5151 1872 5222 profunditatem;

295 5244 400 5299 hoc
453 5252 661 5310 autem,
718 5242 1067 5299 latitudinem
1109 5250 1165 5299 et
1188 5243 1588 5299 sublimitatem
1626 5259 1639 5295 :
1677 5244 1878 5314 quibus

297 5337 631 5394 sacramenti
690 5336 1379 5407 incomprehensibilitate,
1408 5336 1590 5394 omnis
1630 5335 1878 5409 undique

294 5429 540 5487 inﬁnitas
567 5430 875 5499 aequalibus
903 5429 1082 5486 modis
1121 5428 1424 5486 exceditur.

370 5519 665 5576 Enimvero
685 5520 960 5591 ejusmodi
986 5520 1232 5592 quidem,
1265 5536 1330 5575 ac
1354 5535 1421 5576 eo
1451 5528 1581 5576 sunt
1614 5521 1872 5591 splendo-

302 5625 362 5663 re
389 5604 697 5666 Salvatoris
724 5612 1072 5668 vestimenta.
1105 5613 1247 5678 Quid
1268 5618 1449 5667 autem
1489 5610 1664 5667 facies
1710 5626 1873 5681 supra

375 5790 399 5818 ν
438 5779 626 5836 llattlt.
691 5785 850 5852 μβ.

1983 4602 2059 4665 ὡς
2082 4601 2317 4672 Πέτρος,
2342 4601 2434 4653 ἐπὶ
2469 4602 2534 4671 τῇ
2563 4601 2740 4672 πέτρᾳ
2771 4599 2985 4666 παγίως
3010 4594 3420 4667 ἐρηρεισμένος,
3462 4594 3564 4663 τῆς

1981 4712 2043 4749 τε
2083 4695 2316 4757 πίστεως
2350 4694 2442 4747 τὸν
2481 4693 2750 4762 θεμέλιον,
2795 4691 2894 4744 καὶ
2932 4690 3033 4762 τὴν
3065 4690 3157 4743 διὰ
3199 4688 3308 4742 τῶν
3353 4687 3564 4758 ἀρετῶν

1980 4784 2292 4855 οἰκοδομίαν
2332 4784 2433 4853 τῆς
2484 4781 2811 4853 Ἐκκλησίας
2855 4782 2941 4850 ἐφ’
2984 4780 3181 4834 ἑαυτὸν
3212 4779 3430 4851 δέχεται
3456 4795 3469 4808 ⁸
3513 4778 3563 4831 οι

1981 4877 2040 4932 δὲ
2067 4877 2166 4949 τῆς
2203 4875 2413 4949 ὑψηλῆς
2445 4874 2746 4944 θεολογίας,
2786 4874 2863 4936 ὡς
2911 4874 3063 4927 «υἱοὶ
3110 4872 3368 4945 βροντῆς,
3394 4891 3414 4923 ι
3466 4870 3562 4942 τὴν

1985 4968 2255 5041 μυστικὴν
2305 4966 2537 5037 ὲποψίαν
2591 4965 2743 5039 παρά
2793 4965 2887 5018 τοῦ
2954 4965 3129 5034 Λόγου
3187 4965 3559 5027 πιστεύονται,

1978 5057 2134 5129 βάσιν
2200 5056 2517 5128 στερέμνιον
2572 5058 2668 5109 καὶ
2736 5056 3076 5126 ἀκράδαντον
3145 5052 3403 5123 ἔχοντες,
3461 5051 3562 5125 τὴν

1977 5147 2234 5217 ἀκίνητον
2287 5146 2513 5217 πέτραν.
2576 5145 2690 5199 Καὶ
2739 5144 2769 5196 6
2816 5146 2934 5216 μὲν
2967 5145 3030 5198 τὸ
3080 5144 3269 5215 βάθος,
3309 5147 3359 5198 οἱ
3401 5144 3459 5197 δὲ
3502 5144 3563 5197 τὸ

1978 5239 2210 5305 πλάτος,
2278 5233 2466 5309 οἶμαι,
2538 5237 2635 5291 καὶ
2688 5235 2823 5307 ὕψος
2880 5236 3258 5310 παραδηλοῦσι
3310 5237 3411 5307 τῆς
3474 5236 3563 5291 πί-

1980 5351 2172 5399 στεως,
2226 5332 2305 5403 τῷ
2359 5329 2719 5404 άπεριλήπτῳ
2786 5327 2880 5383 τοῦ
2935 5329 3236 5401 μυστηρίου
3296 5328 3443 5384 κατὰ
3503 5328 3564 5382 τὸ

1988 5428 2099 5480 ἴσον
2125 5426 2304 5479 πᾶσαν
2330 5424 2589 5493 ἀπειρίαν
2619 5422 2943 5476 ἐκϐαίνοντα
2972 5421 3257 5477 πάντοθεν.
3290 5454 3297 5461 -

2067 5519 2227 5573 Ἀλλά
2267 5518 2493 5573 τοιαῦτα
2534 5518 2632 5586 μὲν
2678 5517 2745 5570 τά
2785 5516 2880 5570 τοῦ
2908 5516 3160 5586 Σωτῆρος
3199 5513 3416 5585 ἱμάτια,
3468 5513 3564 5566 καὶ

1985 5613 2157 5677 οὕτως
2212 5612 2579 5685 ἐκλάμποντα.
2629 5611 2696 5665 Τί
2742 5610 2800 5665 δὲ
2857 5610 2916 5665 τὸ
2965 5608 3257 5683 πρόσωπον
3299 5605 3363 5662 τδ
3400 5606 3569 5676 ὑπερο

932 5794 959 5822 ι
988 5783 1008 5839 Ι
1039 5785 1163 5842 Cor.
1203 5803 1261 5855 If,
1288 5789 1389 5842 10.
1473 5799 1499 5835 7
1559 5789 1729 5844 Marc.
1766 5806 1852 5858 ιιι,
1902 5790 1989 5845 i7.
