4016 6130
411 330 512 395 951

1583 338 1646 401 S.
1693 340 2023 401 ANDREJ'J
2048 342 2490 404 'CRETENSIS

3564 351 3682 413 952

406 451 557 499 esset
605 442 1103 516 transﬁgurationis
1165 453 1596 511 sacramentum,
1627 448 1789 518 cujus
1818 464 1972 505 causa

2089 448 2156 503 δι’
2185 450 2214 503 ὃ
2237 453 2328 504 καὶ
2353 452 2771 521 ἀγαλλιάσονται
2797 456 2968 527 δήπου
2995 455 3194 529 Θαὸὡρ
3219 460 3313 512 καὶ
3329 460 3570 531 Ἑρμῶν,
3598 464 3677 529 ὡς

404 543 555 591 esset
591 534 775 590 futura
805 536 1076 606 ejusmodi
1108 536 1374 592 montium
1394 539 1713 604 exsultatio,
1736 541 1986 596 velutare

406 643 606 682 canum
672 638 728 683 et
780 627 1137 699 incogitabile
1180 629 1400 686 silentio
1473 631 1787 701 bonoravit,
1835 634 1986 703 quod

405 727 720 789 opportuno
794 728 1043 790 tempore
1072 720 1194 791 ipso
1236 724 1614 793 experimento
1640 725 1709 780 iis
1741 726 1837 795 qui
1896 726 1985 780 di-

404 809 494 875 gni
550 807 749 875 forent,
780 809 826 863 si
854 810 926 863 ita
977 809 1142 865 liceat
1200 810 1406 878 dicere,
1466 822 1613 870 esset
1643 829 1986 887 cognoscen-

401 900 554 952 .lntn.

478 989 782 1059 [lucusque
836 1005 967 1046 vero
1004 1004 1269 1062 provecta
1319 995 1590 1059 oratione,
1627 1011 1811 1067 operae
1863 1013 1984 1068 pre-

403 1084 539 1135 tium
595 1081 729 1136 duxi
772 1094 833 1138 ut
879 1093 935 1139 et
968 1082 1135 1140 Petro
1188 1087 1405 1156 prolata
1456 1088 1639 1149 verba.
1665 1103 1981 1158 quanquam

403 1178 453 1227 is
495 1172 891 1231 abundantiori
926 1176 1127 1247 gaudio
1161 1186 1346 1233 tentus
1373 1178 1595 1249 spiritu,
1624 1196 1732 1234 non
1758 1180 1984 1236 haberet

400 1266 535 1333 quid
573 1265 810 1332 diceret,
835 1269 980 1323 velut
1012 1270 1286 1340 palpando
1322 1272 1676 1341 explicarem.
1708 1272 1802 1327 illa
1833 1274 1979 1327 enim

284 1353 291 1359 ’
401 1358 625 1415 luminis
679 1361 1030 1430 apparitione
1080 1363 1288 1434 Deique
1316 1364 1532 1420 visione
1564 1379 1731 1434 supra
1759 1363 1979 1418 modum

401 1453 627 1518 gavisus
676 1453 870 1509 Petrus
908 1469 971 1509 ac
996 1454 1284 1519 delinitus,
1336 1463 1597 1525 totusque
1639 1457 1868 1511 numine
1896 1453 1980 1508 al-

398 1544 582 1610 llatus,
623 1560 725 1601 nec
782 1546 975 1600 valens
1028 1560 1280 1603 sermone
1325 1548 1603 1617 explicare
1641 1548 1808 1602 animi
1847 1546 1979 1602 ασε-

395 1639 633 1693 ‹·ιὶοηοιιι
656 1678 669 1702 ,
697 1652 763 1691 ac
791 1652 969 1708 neque
1025 1653 1247 1694 rursum
1286 1648 1345 1693 ut
1372 1641 1594 1695 silentio
1640 1638 1814 1709 gratia
1870 1638 1979 1693 dif-

395 1732 591 1788 ﬂueret
636 1732 921 1789 sustinens
950 1773 965 1798 ,
1025 1750 1136 1790 non
1188 1736 1356 1791 stulta
1383 1735 1719 1806 stolidaque,
1757 1746 1820 1791 ut
1845 1739 1974 1808 quis

398 1825 543 1881 forte
593 1822 763 1879 fuerit
802 1826 1122 1895 suspicatus
1145 1865 1161 1891 ,
1192 1828 1421 1897 protulit
1444 1827 1610 1883 verba
1646 1828 1813 1898 :quin
1845 1843 1977 1883 vero

398 1918 530 1971 talia
563 1917 831 1987 loquitur,
866 1932 989 1988 qua:
1020 1932 1239 1973 arcana:
1294 1918 1446 1973 illius
1476 1918 1808 1975 initiationis
1834 1919 1978 1974 divi-

394 2026 592 2080 nzeque
648 2011 984 2081 operationis
1036 2012 1217 2081 proles
1266 2021 1454 2067 essent
1497 2022 1660 2082 atque
1709 2014 1976 2082 germina.

394 2102 669 2170 Quidnam
736 2112 920 2158 autem
974 2104 1335 2174 pronuntiat?
1367 2123 1387 2157 ι
1425 2102 1653 2159 Domine
1684 2144 1699 2169 ,
1747 2106 1923 2174 inquit
1957 2147 1971 2171 ,

392 2197 601 2250 bonum
623 2205 828 2252 estnos
860 2195 950 2250 hie
982 2212 1106 2252 esse
1124 2197 1175 2251 δ.
1209 2215 1228 2249 ι
1260 2196 1561 2264 Quorsum,
1590 2197 1786 2254 Petre?
1809 2197 1974 2254 Nem-

393 2303 460 2354 pe
521 2294 582 2340 ut
620 2287 780 2356 plena
824 2287 1138 2343 turbatione
1189 2289 1473 2343 hominum
1533 2289 1979 2359 interpellatione

392 2380 728 2450 aegmolestia
758 2379 994 2445 liberati,
1029 2381 1453 2452 animumqueet
1473 2364 1720 2444 sensum,
1745 2396 1971 2451 separa-

394 2474 541 2528 tione
568 2488 597 2527 a
636 2475 831 2537 turbis,
856 2490 1321 2547 quorumcunque
1361 2484 1612 2532 motuum
1642 2481 1972 2531 verborum-

393 2581 500 2634 que
544 2565 785 2621 colluvie
826 2568 1097 2635 mundati,
1129 2568 1395 2622 inell'abili
1429 2577 1521 2623 tua
1549 2570 1639 2623 illa
1662 2569 1845 2624 divina
1872 2583 1971 2638 ap-

395 2659 694 2726 parilione,
748 2658 840 2712 hic
886 2660 990 2713 loci
1044 2660 1331 2715 irremisse
1376 2660 1970 2725 l'ruamnr,oDomine.

392 2746 508 2800 lloe
585 2754 767 2801 autem
838 2748 966 2816 quid
1014 2748 1210 2802 melius
1239 2749 1348 2802 sit?
1409 2748 1547 2813 Quid
1615 2763 1788 2812 vero,
1844 2749 1972 2803 dum

390 2841 517 2908 quis
546 2852 768 2894 sensum
804 2837 1039 2901 habeat,
1069 2838 1497 2895 desiderabilius
1522 2850 1616 2894 aut
1642 2840 1973 2895 amabilius?

392 2929 764 2997 Quamobrem
806 2948 819 2985 :
868 2949 888 2982 ι
919 2929 1167 2995 Domine,
1201 2931 1246 2986 si
1284 2932 1388 2995 vis,
1441 2931 1708 2986 faciamus
1752 2932 1973 2987 hictria

392 3025 769 3089 tabernacula,
822 3023 921 3078 tibi
985 3038 1177 3088 unum,
1211 3030 1266 3079 et
1310 3021 1446 3080 Mosi
1523 3040 1715 3088 unum,
1755 3034 1809 3079 et
1843 3023 1971 3079 Eliae

2087 542 2327 614 ᾶρῤητόν
2356 561 2413 597 τε
2450 546 2543 599 καὶ
2571 547 2922 619 ἀνεπινόητον
2950 553 3076 621 σιγῇ
3110 552 3529 623 tamquamet;
3552 574 3679 610 και⁹

2089 631 2185 701 ρον
2216 636 2327 696 τοίς
2353 634 2530 698 ἁξὶοις
2551 635 2639 691 διά
2665 636 2764 707 τῆς
2791 639 2989 710 πείρας
3021 640 3214 712 αὐτῆς,
3249 646 3298 695 εἰ
3321 642 3483 714 θέμις
3531 648 3673 712 ἐστὶ,

2085 723 2560 822 γνωσθησόμενον.

2169 990 2431 1046 Ἐνταῦθα
2451 993 2512 1047 δὲ
2537 994 2631 1047 τοῦ
2673 996 2835 1064 λόγου
2870 1000 3186 1069 γενομένου,
3224 1003 3317 1056 καὶ
3345 1003 3415 1057 τὰ
3432 1003 3669 1074 λεγόμεο

2084 1100 2149 1135 να
2178 1081 2255 1152 τῷ
2301 1084 2494 1155 Πέτρῳ
2519 1084 2698 1149 καλῶς
2725 1085 2870 1155 ἔχειν
2892 1086 3040 1141 δοκεῖ
3078 1106 3169 1157 μοι
3192 1090 3669 1162 διαψηλαφήσαντι

2085 1177 2400 1246 φανερῶσαι
2425 1177 2503 1247 τῷ
2530 1177 2693 1249 λόγῳ,
2730 1178 2767 1232 ἃ
2806 1181 2901 1234 καὶ
2953 1183 3029 1252 μὴ
3059 1182 3200 1253 ἔχων
3225 1184 3254 1237 ὃ
3279 1201 3334 1238 τι
3373 1186 3467 1239 καὶ
3498 1185 3667 1249 εἴποι,

2082 1265 2159 1336 τῷ
2188 1268 2462 1336 πνεύματι
2509 1269 2798 1338 γενόμενος
2846 1273 3096 1342 κάτοχος,
3151 1274 3260 1327 ὑπὸ
3308 1277 3671 1348 περιχαρείας

2084 1357 2404 1427 ἐφθέγξατο.
2463 1361 2542 1431 Τῇ
2593 1361 2704 1429 γὰρ
2761 1365 3105 1437 γεγενημένῃ
3164 1368 3514 1439 φωτοφανεῐᾳ
3574 1370 3675 1422 καὶ

2085 1450 2314 1521 θεοπτὶᾳ
2352 1451 2453 1521 τὴν
2499 1452 2680 1523 ψυχὴν
2713 1454 2857 1524 ὑπὲρ
2901 1455 3064 1523 φύσιν
3109 1458 3139 1509 ό
3173 1456 3378 1526 Πέτρος
3411 1458 3674 1528 ἡδόμενος

2083 1543 2176 1596 καὶ
2232 1542 2579 1613 θελγόμενος,
2615 1546 2710 1598 καὶ
2748 1546 2869 1608 ὃλος
2911 1547 3100 1611 ἔνθους
3146 1548 3458 1619 γενόμενος,
3499 1551 3673 1620 ἀφερ-

2083 1633 2342 1703 μηνεύειν
2365 1635 2421 1688 δὲ
2448 1635 2528 1706 τῷ
2557 1635 2704 1707 λόγῳ
2737 1636 2799 1690 τὸ
2823 1638 2995 1702 πάθος
3032 1640 3333 1703 ἀδυνατῶν,
3373 1641 3467 1694 καὶ
3506 1642 3672 1695 πάλιν

2078 1724 2404 1795 διαρρυῆναι
2455 1730 2580 1797 σιγῇ
2602 1727 2701 1799 τὴν
2730 1728 2892 1799 χάριν
2920 1730 2983 1783 οὐ
3023 1730 3331 1803 καρτερῶν,
3358 1734 3470 1785 οὐκ
3494 1735 3679 1805 ἀφροο

2084 1817 2250 1889 σύνης
2300 1819 2422 1873 οὐδὲ
2470 1820 2845 1891 ἠλιθιότητος,
2899 1821 2977 1886 ὡς
3018 1821 3084 1877 ἄν
3129 1841 3275 1887 τινες
3319 1824 3667 1891 ὑπολάϐοιεν,

2082 1914 2493 1982 ἀποφθέγγεται
2519 1915 2762 1984 ῥήματα·
2796 1914 2934 1968 ἀλλά
2959 1915 3059 1985 τῆς
3089 1916 3335 1987 ἀρρήτου
3374 1935 3667 2005 μυσταγνι-

2082 2007 2206 2075 γίας
2239 2006 2457 2079 ἐκείνης
2498 2006 2596 2060 καὶ
2645 2007 2935 2078 θεουργιας
2964 2012 3279 2078 γεννήματα
3309 2011 3402 2063 καὶ
3433 2009 3671 2081 βλαστή-

2091 2116 2261 2169 ματα,
2277 2101 2510 2153 ποιεῖται
2529 2099 2599 2152 τά
2626 2101 2866 2170 ῥήματα.
2888 2099 2955 2152 Τί
2973 2099 3031 2153 δὲ
3048 2100 3143 2154 καὶ
3160 2100 3459 2171 φθέγγεται
3476 2120 3491 2163 ;
3512 2124 3532 2155 ι
3554 2103 3641 2157 Κιέ
3660 2135 3671 2144 -

2087 2205 2193 2260 ριε,
2228 2189 2388 2242 καλὸν
2417 2191 2584 2260 ἡμᾶς,
2608 2191 2794 2262 φησιν,
2819 2182 2919 2243 ὧδε
2937 2187 3298 2256 εἶναι.ιἰ“ξνος
3327 2193 3533 2259 ἕνεκεν,
3562 2195 3639 2248 Πέ
3656 2227 3669 2234 -

2079 2298 2205 2352 τρες
2228 2282 2343 2334 Ἵνα
2359 2283 2460 2352 τῆς
2486 2282 2863 2352 πολυταράχου
2879 2281 3203 2353 διοχλήσεως
3226 2282 3335 2337 τῶν
3357 2283 3456 2337 ἀνθ
3465 2285 3667 2355 ρώπων

2078 2374 2510 2444 ἀπηλλαγμένοι,
2534 2374 2629 2429 καὶ
2665 2372 2842 2445 ψυχὴν
2872 2374 2968 2427 καὶ
3010 2374 3265 2445 αἴσθησιν
3288 2378 3354 2447 τῇ
3383 2377 3667 2432 διαστάσει

2077 2467 2187 2520 τῶν
2224 2467 2419 2537 ὕχλων,
2444 2466 2555 2521 τῶν
2584 2467 2730 2529 ὅπως
2763 2467 2897 2520 ποτὲ
2927 2468 3265 2538 κινουμένων
3290 2469 3323 2539 ἢ
3351 2469 3665 2541 λεγομένων

2079 2557 2502 2629 κεκαθαρμένοι,
2530 2558 2630 2628 τῆς
2671 2557 2777 2627 σῆς
2812 2559 3095 2629 ἀφράστου
3142 2559 3460 2628 θεοφανεεας
3505 2560 3664 2613 ἁνέν⁹

2076 2651 2228 2704 δοτον
2253 2650 2489 2704 ἐνταῦθα
2514 2649 2615 2720 τὴν
2639 2649 2941 2703 ἀπόλαυσιν
2964 2650 3205 2721 ἔχοιμεν,
3230 2652 3493 2706 Δέσποτα.
3528 2653 3667 2706 Τού-

2077 2759 2172 2795 του
2193 2742 2249 2795 se
2274 2742 2328 2795 τί
2356 2740 2425 2795 ἂν
2457 2740 2665 2811 βέλτιον
2698 2740 2821 2810 ein;
2856 2741 2909 2794 τι
2940 2740 3000 2794 δὲ
3042 2740 3421 2813 ποθεινότερον
3462 2743 3496 2812 ἢ
3531 2744 3661 2813 ὲρα-

2078 2834 2284 2905 σμιὼτε
2295 2851 2387 2904 ρον
2406 2839 2520 2897 τοῖς
2543 2850 2602 2901 γε
2628 2832 2752 2889 νοῦν
2770 2833 2984 2903 ἔχουσιν
3003 2852 3018 2901 ;
3047 2834 3210 2887 Ὥστε
3224 2831 3320 2888 οὖν
3336 2853 3355 2885 t
3381 2836 3441 2889 Εἰ
3462 2835 3664 2900 θέλεις,

2080 2926 2278 2996 Κύριε,
2323 2928 2650 2995 ποιήσωμεν
2680 2918 2785 2977 ὧδε
2828 2926 2977 2995 τρεῖς
3019 2926 3244 2989 σκηνὰς,
3273 2927 3359 2979 ao".
3389 2928 3540 2997 μίαν,
3568 2929 3663 2981 καὶ

2074 3019 2267 3071 Μωσεί
2293 3018 2445 3087 μίαν,
2467 3017 2559 3069 καὶ
2596 3015 2756 3087 Ἠλίᾳ.
2793 3015 2978 3086 μίαν.»
3007 3016 3186 3071 Καλὸν
3215 3017 3327 3089 γὰρ
3356 3020 3450 3071 καὶ
3481 3020 3544 3073 τὸ
3574 3037 3664 3072 τε-

388 3133 558 3172 unum
586 3128 631 3170 ι’.
659 3135 676 3165 ι
714 3115 946 3171 Praestat
975 3116 1122 3170 enim
1154 3124 1213 3169 ut
1253 3123 1309 3171 et
1337 3125 1563 3171 mortua.
1597 3117 1733 3186 legis
1765 3117 1967 3182 littera,

2079 3108 2347 3178 λευτῆσαν
2373 3109 2611 3178 γράμμα
2633 3108 2728 3160 τοῦ
2765 3107 2954 3178 νόμου,
2988 3107 3017 3160 ὅ
3053 3107 3143 3161 διὰ
3168 3109 3263 3163 τοῦ
3297 3110 3544 3172 Μωσέως
3565 3127 3663 3180 ση-

389 3225 511 3278 quze
534 3225 629 3279 per
656 3208 863 3263 Mosem
892 3207 1239 3277 designatur,
1287 3217 1459 3277 atque
1490 3208 1613 3262 viva
1647 3208 1731 3263 lex
1764 3217 1972 3262 naturae

387 3318 550 3371 quam
619 3303 808 3357 vivens
838 3300 1104 3371 propheta
1134 3299 1429 3371 signiﬁcat,
1458 3300 1545 3356 hic
1573 3310 1749 3356 tecum
1784 3301 1969 3357 sedem

389 3398 646 3461 habeant,
697 3397 786 3465 qui
819 3394 1062 3449 Verbum
1092 3408 1152 3450 es
1180 3392 1383 3448 factum
1434 3393 1615 3458 homo,
1644 3401 1697 3448 et
1727 3395 1871 3464 quod
1910 3394 1967 3449 in

390 3487 710 3542 hominibus
741 3487 1006 3542 habitavit
1032 3485 1061 3525 ιι
1094 3505 1108 3540 :
1141 3484 1236 3557 qui
1267 3500 1397 3540 vere
1420 3484 1672 3553 refectio,
1731 3488 1826 3556 qui
1859 3485 1967 3542 Do-

387 3582 573 3638 minus
621 3584 745 3636 vitae
775 3591 826 3636 et
854 3580 1085 3641 mortis,
1132 3579 1223 3633 cui
1274 3578 1472 3632 vivunt
1516 3579 1690 3634 sancti
1753 3593 1963 3645 omnes,

385 3688 698 3745 quanquam
721 3673 992 3744 partibus,
1015 3670 1219 3741 quibus
1283 3670 1522 3725 humana
1566 3670 1876 3740 completur
1902 3686 1967 3726 ac

385 3767 749 3821 i-nnstituitur
775 3764 1019 3828 coalitio,
1062 3769 1323 3827 mutuum,
1345 3760 1627 3826 discretis,
1657 3763 1964 3816 naturalem

383 3859 621 3913 ιιιιῑοιιίιιι
641 3865 923 3911 mortem:
954 3853 1048 3924 qui
1076 3853 1191 3908 Rex
1219 3869 1279 3909 es
1305 3852 1715 3915 universorum,
1753 3855 1968 3907 omnia-

382 3968 489 4019 que
538 3948 808 4011 contines,
837 3937 1116 4003 et'eﬂicis.
1161 3946 1309 4003 Ulct
1371 3945 1478 4016 ipsi
1538 3947 1824 4003 inacces50
1872 3955 1966 4000 tuo

384 4044 477 4096 iilu
511 4040 636 4096 fuso
668 4039 878 4095 lumine
905 4038 1187 4105 illustrati,
1223 4049 1296 4103 te,
1324 4036 1592 4106 Verbum,
1618 4036 1760 4108 quod
1799 4038 1856 4093 in
1883 4038 1964 4093 eis

385 4133 600 4188 habites
620 4138 677 4188 et
706 4121 1039 4195 i'nainbules,
1098 4130 1304 4184 mundo
1368 4127 1573 4183 faciant
1627 4138 1834 4193 notum,
1865 4142 1967 4182 sua

384 4227 624 4293 ipsorum
685 4221 857 4292 priori
904 4220 1013 4274 vita
1040 4218 1312 4288 deposita,
1341 4228 1435 4273 tua
1475 4225 1657 4273 autem
1692 4218 1811 4273 sola
1842 4232 1969 4286 gra—

382 4316 456 4368 tia
518 4314 633 4377 illa,
665 4311 720 4367 in
757 4318 851 4366 tuo
876 4310 1055 4381 posita
1081 4309 1291 4378 Spiritu
1313 4309 1613 4377 divinoque
1643 4308 1777 4379 igni,
1803 4309 1964 4378 juxta

380 4405 530 4477 quod
561 4402 854 4473 Evangelia
880 4401 1217 4461 decernitur,
1237 4399 1500 4454 admissa.
1531 4397 1679 4462 Vita,
1709 4399 1960 4469 inquam,

2083 3201 2360 3272 μαίνεταιο
2393 3195 2486 3254 καὶ
2511 3202 2600 3255 τὸν
2626 3200 2805 3265 ζῶντα
2834 3204 2999 3272 νόμον
3037 3202 3139 3272 τῆς
3168 3200 3405 3271 φύσεως,
3454 3202 3548 3256 τὸν
3574 3204 3667 3257 διὰ

2078 3292 2172 3347 τοῦ
2201 3291 2404 3357 ζῶντος
2442 3295 2725 3363 προφήτου
2747 3292 3097 3364 δηλούμενον,
3127 3293 3365 3348 ἐνταῦθα
3396 3295 3548 3366 παρὰ
3579 3298 3667 3349 σοὶ

2079 3384 2525 3455 κατασκηνῶσαι,
2564 3385 2656 3439 τὸν
2705 3383 3206 3455 ὲνανθρωπήσαντα
3234 3386 3432 3454 Λόγον,
3465 3386 3564 3442 καὶ
3602 3388 3665 3439 ὲν

2076 3476 2389 3548 ἀνθρώποις
2416 3476 2793 3547 σκηνὼσαντα,
2837 3475 2936 3547 τὴν
2974 3475 3145 3539 ὅντως
3178 3476 3512 3540 ἀνάπαυσιν,
3568 3478 3665 3531 τὸν

2077 3569 2220 3640 ζωῆς
2246 3571 2338 3623 καὶ
2370 3568 2605 3622 θανάτου
2635 3568 2862 3638 Κύριον,
2886 3563 2931 3636 ᾧ
2964 3568 3166 3632 πάντες
3196 3566 3365 3630 ζῶσιν
3388 3568 3441 3621 οἱ
3487 3567 3662 3637 ἅγιοι,

2075 3659 2181 3749 κιᾶν
2202 3662 2269 3731 τῇ
2312 3658 2581 3730 διακρίσει
2619 3658 2728 3712 τῶν
2762 3658 3235 3729 συμπληρούντων
3262 3659 3448 3730 μερῶν
3473 3662 3533 3712 τὸ
3564 3661 3665 3714 ἀν-

2077 3750 2352 3821 θρώπινον
2376 3750 2678 3820 σύγκριμα,
2699 3748 2790 3803 τὸν
2819 3750 3048 3819 φυσικὸν
3065 3750 3370 3804 πεπόνθασι
3402 3751 3660 3807 θάνατον·

2074 3843 2164 3895 τὸν
2193 3840 2430 3895 Βασιλέα
2457 3840 2567 3894 τῶν
2593 3840 2750 3905 ὅλων,
2786 3840 2885 3894 καῖ
2908 3843 3156 3911 συνοχὲα,
3189 3842 3285 3894 καὶ
3313 3840 3509 3896 αἴτιον.
3543 3843 3665 3897 Ἵνα

2074 3931 2154 4001 τῷ
2199 3932 2479 4002 ἀπροσίτῳ
2504 3932 2602 4002 τῆς
2632 3932 2731 4000 σῆς
2772 3932 3118 4003 φωτοχυσξας
3170 3932 3664 4005 καταλαμπόμενοι

2075 4025 2169 4078 καὶ
2194 4023 2368 4088 αὐτοὶ,
2406 4024 2465 4076 σὲ
2484 4022 2577 4075 τὸν
2604 4024 2662 4074 ὲν
2691 4023 2874 4087 αὐτοῖς
2919 4023 3326 4094 κατοικήσαντα
3366 4026 3461 4078 καὶ
3488 4027 3665 4096 ἐμπε-

2079 4119 2458 4188 ριπατήσαντα
2486 4115 2681 4183 Λόγον,
2725 4114 2959 4184 φανερὸν
2988 4114 3068 4184 τῷ
3099 4114 3292 4185 κόσμῳ
3333 4120 3664 4185 ποιήσωσιν

2073 4208 2172 4279 τὴν
2202 4206 2301 4277 μὲν
2331 4206 2607 4278 προτέραν
2660 4203 2868 4258 ἑαυτῶν
2900 4204 3045 4274 ζωὴν
3078 4205 3428 4275 ἀποθέμενοι,
3484 4205 3661 4277 μόνην

2072 4298 2130 4351 δὲ
2154 4298 2253 4369 τὴν
2282 4298 2379 4369 σὴν
2408 4295 2505 4368 τὴν
2545 4295 2622 4367 τῷ
2676 4294 2953 4366 Πνεύματι
2986 4293 3067 4366 τῷ
3114 4295 3212 4367 σῷ,
3268 4296 3363 4349 καὶ
3399 4295 3479 4367 τῷ
3526 4296 3665 4368 θείῳ

2075 4391 2209 4461 πυρὶ
2237 4388 2640 4459 συνισταμένην
2665 4387 2806 4442 κατά
2832 4388 2930 4458 τὴν
2956 4387 3324 4458 εὐαγγελικὴν
3354 4389 3659 4458 ἀπόφασιν,

382 4497 607 4554 sublimi
677 4503 735 4551 et
788 4492 964 4547 aliena
1030 4506 1060 4544 a
1126 4491 1393 4555 materia,
1440 4490 1555 4544 vita
1596 4487 1961 4558 immortali,

2077 4481 2442 4551 εἰσδεξάμενοι
2465 4480 2646 4550 χάριν,
2673 4479 2770 4551 τὴν
2805 4479 3018 4550 ὑψηλήν
3042 4496 3102 4532 τε
3125 4480 3219 4533 καὶ
3248 4478 3433 4546 ἇῦλον,
3464 4479 3564 4550 τὴν
3595 4481 3662 4534 οὐ

382 4594 497 4646 vita
556 4605 668 4644 non
731 4592 1061 4644 senescente
1112 4594 1207 4639 aut
1265 4582 1567 4638 defectibili
1602 4623 1617 4647 ,
1682 4582 1788 4638 sed
1847 4599 1971 4655 quae

384 4696 624 4751 semper,
686 4678 915 4749 spiritus
961 4675 1172 4731 fervore
1231 4672 1305 4728 ad
1341 4673 1613 4743 ampliora
1670 4673 1973 4731 diviniora-

383 4791 511 4844 que,
542 4789 610 4829 cx
646 4770 1013 4827 immensitate
1072 4766 1271 4841 gratiae
1324 4779 1643 4837 promoveat
1684 4776 1851 4839 atque
1886 4783 1973 4824 as-

384 4876 598 4937 surgat.

454 4960 561 5016 Sed
585 4966 639 5015 et
665 4959 811 5013 intra
866 4957 1067 5013 nubem
1152 4955 1539 5029 procedamus,
1571 4955 1968 5026 videamusque

383 5054 647 5123 quidnam
674 5052 766 5107 illa
787 5052 935 5107 sensi
964 5051 1166 5105 habeat
1191 5067 1206 5119 ;
1247 5058 1306 5104 ut
1330 5064 1427 5104 eos
1454 5048 1548 5118 qui
1589 5055 1966 5118 apparuerunt

391 5150 446 5202 in
485 5147 653 5212 nube,
682 5154 737 5199 et
769 5144 1232 5214 colloquebanlur
1286 5157 1412 5197 cum
1454 5139 1610 5205 Iesu,
1649 5137 1807 5210 juxta
1856 5139 1967 5192 imo

390 5244 647 5296 latentem
681 5235 950 5309 profundo
981 5233 1419 5302 intelligentiam,
1451 5241 1722 5302 quantum
1748 5229 1971 5285 licuerit

384 5332 614 5404 vestigio
660 5329 1033 5400 inquirentes,
1092 5342 1203 5381 non
1272 5326 1432 5395 longe
1465 5325 1640 5380 simus
1676 5322 1962 5378 averitale

381 5424 491 5478 illis
529 5419 858 5493 signiﬁcata.
893 5417 990 5474 Est
1022 5420 1205 5488 itaque
1244 5432 1366 5472 meo
1403 5431 1568 5471 sensu
1612 5415 1793 5470 nubes
1827 5413 1964 5467 luci-

381 5515 564 5577 tla,ex
588 5528 696 5583 qua
751 5512 1000 5582 procedit
1054 5525 1158 5564 vox
1210 5510 1302 5563 illa
1359 5517 1608 5578 paterna,
1641 5507 1791 5562 clare
1823 5521 1960 5574 pra:-

383 5605 576 5659 sricans
608 5606 864 5674 quisnam
891 5618 954 5657 ac
982 5601 1127 5657 unde
1149 5602 1222 5655 sit
1259 5601 1352 5670 qui
1381 5600 1834 5667 transﬁguratur,
1862 5612 1962 5677 co-

459 5777 489 5820 δ
523 5776 710 5832 Hatth.
784 5794 916 5841 xvu,
943 5779 993 5832 4.
1074 5790 1093 5816 ο
1133 5777 1263 5834 ibid.
1343 5775 1365 5813 ἀ
1391 5774 1548 5830 Joan.
1595 5790 1631 5842 ι,
1662 5773 1748 5829 16.

2071 4571 2436 4632 τελευτῶσαν,
2477 4567 2602 4622 οῦτε
2645 4568 2929 4640 γηρῶσαν,
2969 4569 3003 4639 ἢ
3040 4568 3356 4638 φθίνουσαν·
3402 4569 3523 4623 ἀλλ’
3570 4570 3663 4637 ἀεὶ

2048 4666 2137 4736 μιῇ
2178 4663 2327 4728 ζέσει
2354 4660 2451 4713 τοῦ
2475 4659 2805 4735 πνεύματος,
2840 4659 2935 4712 ἐπὶ
2969 4659 3030 4712 τὸ
3062 4659 3251 4730 μεῖζόν
3282 4677 3345 4713 τε
3388 4660 3485 4714 καὶ
3517 4659 3660 4714 θειόο

2069 4773 2226 4824 τερον
2276 4752 2574 4825 προϊοῦσαν
2629 4751 2724 4804 καὶ
2783 4750 3118 4823 ὑψουμένην,
3152 4752 3242 4807 διὰ
3268 4751 3370 4823 τὴν
3396 4751 3660 4824 ἀπειρίαν

2068 4851 2170 4921 τῆς
2197 4853 2438 4923 χάριτος.

2156 4945 2316 4998 Ἀλλὰ
2345 4946 2440 4998 καὶ
2468 4946 2566 5014 τῆς
2591 4942 2822 5013 νεφέλης
2849 4938 2986 4992 εἴσω
3002 4937 3367 5008 χωρήσωμεν,
3395 4935 3491 4989 καὶ
3513 4936 3596 4999 τίς
3627 4935 3661 4988 δ

2070 5040 2170 5108 τῆς
2192 5039 2421 5108 νεφέλης
2445 5037 2607 5106 λόγος
2635 5034 3023 5105 σκοπὴσωμεν’
3056 5030 3145 5083 ἵνα
3175 5029 3271 5083 καὶ
3301 5028 3428 5091 τοὺς
3456 5026 3654 5097 ὀφθέν-

2069 5150 2171 5197 τας
2196 5134 2254 5185 ἐν
2278 5134 2344 5201 τῇ
2376 5130 2577 5200 νεφέλῃ
2614 5129 2708 5182 καὶ
2738 5122 3133 5185 συλλαλοῦντας
3170 5120 3248 5191 τῷ
3289 5116 3469 5190 Ἰησοῦ
3514 5115 3660 5171 κατά

2070 5224 2160 5277 τὸν
2182 5227 2240 5276 ἐν
2272 5221 2426 5292 βάθει
2457 5219 2836 5293 κρυπτόμενον
2852 5213 3001 5278 νοῦν,
3040 5214 3140 5283 ὅση
3156 5211 3390 5282 δύναμις
3414 5206 3661 5279 ἀνιχνεύο

2074 5332 2288 5379 σαντες,
2327 5314 2402 5386 μὴ
2430 5313 2621 5385 πόρρω
2644 5313 2744 5382 τῆς
2762 5309 2829 5362 δι’
2855 5307 3036 5361 αὐτῶν
3064 5301 3401 5376 δηλουμένης
3423 5298 3662 5370 θεωρίας

2073 5406 2384 5477 γενώμεθα.
2410 5403 2628 5474 Νεφέλη
2660 5399 2946 5472 τοιγαροῦν
2978 5400 3095 5450 ἐστι
3131 5394 3367 5465 φωτεινὴ
3397 5391 3543 5447 κατὰ
3568 5391 3661 5444 τὸν

2077 5501 2343 5572 ἡμέτερον
2377 5497 2556 5566 λόγον,
2585 5494 2645 5560 ἐξ
2668 5494 2732 5568 ἦς
2778 5494 2871 5547 καὶ
2895 5489 2990 5545 τοῦ
3024 5488 3237 5561 Πατρδς
3268 5488 3301 5557 ἡ
3341 5483 3497 5556 φωνὴ
3518 5483 3656 5555 πρό-

2076 5611 2203 5658 εισι,
2249 5593 2333 5655 τίς
2375 5591 2470 5645 καὶ
2506 5587 2668 5646 πόθεν
2696 5589 2731 5640 ό
2775 5580 3295 5655 μεταμορφούμενος
3320 5575 3660 5647 διαπρυσίως
