4016 6130
481 252 591 318 959
1671 251 1730 309 S.
1759 251 2089 310 ANDREAE
2130 253 2554 313 CRETENSIS

1053 354 1311 411 οιιΑτιο
1364 352 1496 409 Vlll.
1705 383 1719 400 .
2093 365 2139 420 Α

774 470 835 523 In
862 468 1131 523 Lazarum
1170 467 1590 538 quatriduanum
1624 477 1660 498 ⁸³
1694 468 1779 538 (⁶).

3648 238 3769 303 960

2789 353 3008 408 ΛΟΓΟΣ
3040 354 3122 406 H'.
3692 351 3709 357 ”

2458 474 2559 535 Εἰς
2601 467 2706 521 τόν
2753 465 3155 535 τετραὴμερον
3181 460 3471 530 Λάζαρον.

1774 583 2083 645 (lnterprete
2137 583 2475 645 Combeﬁsio.)

563 696 804 751 Lazarus
840 702 1170 764 praesentem
1205 695 1408 749 indixit
1436 706 1768 750 conventum
1802 712 1818 749 :
1858 708 1922 747 ac
1960 707 2073 745 sua:

2242 696 2493 765 Λάζαρος
2526 694 2619 748 τὸν
2687 692 2937 761 παρόντα
2998 686 3411 757 συγκεκρότηκε
3454 681 3760 751 σύλλογον·

491 790 668 857 ipsius
709 785 1145 841 resurrectionis
1195 801 1436 848 cmnam.
1485 787 1707 855 dignam
1763 788 1831 842 iis
1861 788 1952 855 qui
1988 800 2074 838 res

2212 789 2266 840 αὶ
2289 787 2539 857 βούλεται
2589 786 2689 853 τῆς
2724 781 2892 836 αὑτοῦ
2950 777 3304 840 ἀναϐιώσεως
3334 772 3628 844 ἑτοιμάσαι
3667 772 3775 824 65!-

496 879 759 949 pnlchras
780 886 834 933 et
867 878 1184 947 spectacula
1230 887 1443 941 amant,
1492 879 1609 932 vult
1642 880 1936 932 instruere.
1975 875 2077 928 Po-

2207 896 2331 939 :vov,
2393 876 2617 941 ἐπάξιον
2662 877 2773 937 τοῖς
2814 873 3077 943 ἐρασταῖς
3108 868 3219 921 τῶν
3256 866 3440 921 καλῶν
3485 863 3586 919 καὶ
3613 864 3777 931 φιλο-

495 970 610 1024 tias
637 984 766 1024 vero
803 968 919 1038 jam
960 968 1230 1022 instruxit
1267 986 1280 1022 :
1318 984 1625 1039 omnesque
1655 968 1721 1022 ad
1760 968 2076 1024 convivium

2207 970 2437 1038 ιεάμοσι.
2474 967 2693 1021 Μᾶλλον
2747 964 2803 1017 δὲ
2863 963 2963 1034 ἤδη
2991 959 3453 1031 προητοίμασται·
3495 956 3594 1059 ξι
3627 954 3779 1059 rep};

496 1067 713 1124 evocat,
770 1067 1050 1129 quotquot
1130 1074 1263 1114 suas
1342 1060 1446 1127 ipsi
1518 1062 1810 1130 passiones
1872 1058 2079 1113 (".hristi

2212 1058 2415 1127 ὐωχίαν
2451 1060 2661 1121 πάντας
2716 1056 2892 1121 καλεῖ,
2946 1055 3073 1115 τοὺς
3105 1053 3221 1105 ὅσοι
3255 1050 3407 1118 πάθη
3449 1048 3519 1102 τὰ
3556 1048 3783 1101 ἑαυτῶν

502 1150 867 1219 passionibns
919 1150 1238 1204 imitatione
1291 1151 1626 1220 adiungunt.
1680 1151 1796 1218 Qua
1827 1152 1878 1204 id
1918 1167 2085 1221 porro

2207 1157 2293 1216 τοῖς
2320 1152 2557 1222 Χριστοῦ
2590 1152 2787 1205 πάθεσι
2814 1145 3131 1219 μιμητικῶς
3177 1141 3598 1213 παρελαύνουσι.
3619 1141 3788 1193 [latet

504 1242 718 1295 ratione
738 1242 907 1295 facit?
932 1240 1135 1313 Nempe
1159 1242 1307 1311 quod
1338 1243 1390 1296 in
1410 1244 1529 1312 ipso
1551 1251 1763 1313 gestum
1785 1251 1870 1298 est
1896 1244 2086 1312 singu-

2207 1248 2237 1299 ῐὲ
2265 1247 2421 1299 τοῦτο
2444 1244 2586 1308 πῶςς
2619 1243 2678 1297 τὸ
2705 1241 3024 1313 παραδόξως
3058 1240 3130 1291 ὲπ
3173 1236 3320 1304 αὐτῷ
3347 1234 3595 1305 πραχθὲν
3639 1248 3787 1300 προ-

504 1336 622 1389 lure
685 1336 1034 1401 miraculum,
1097 1336 1152 1390 in
1214 1338 1436 1407 epulum
1509 1353 1853 1407 proponens.
1908 1338 2085 1404 Quam

2207 1339 2479 1409 ἰσχόμενος
2507 1340 2587 1400 εἰς
2616 1335 2860 1391 ἑστίασιν
2890 1332 3101 1402 θαῦμα.
3122 1324 3294 1382 Τοῦτο
3324 1327 3380 1380 δὲ
3407 1324 3784 1427 ἡλίκονιὲσῗι,

509 1442 672 1494 porro
711 1425 844 1481 illud
874 1426 961 1481 sit"
999 1442 1281 1496 magnum,
1332 1430 1518 1483 statim
1556 1430 1800 1484 dicetur.
1837 1433 1947 1499 Age
1981 1432 2090 1501 igi-

2207 1431 2333 1485 (ατὰ
2365 1430 2536 1493 πόδας
2576 1428 2810 1493 λέξεται.
2843 1426 2981 1495 Φέρε
3025 1423 3208 1476 τοίνυν
3265 1420 3366 1489 τῆς
3404 1416 3789 1484 εὐαγγελικῆς

509 1530 624 1583 tur,
664 1533 815 1571 nunc
866 1528 1099 1587 accepto
1133 1534 1245 1588 prae
1292 1521 1550 1574 manibus
1581 1522 1725 1575 libro
1769 1523 2105 1592 Evangelio-'

2207 1524 2318 1593 ίρτι
2342 1521 2554 1587 πυκτῆς
2577 1518 2717 1590 μετά
2741 1520 2931 1588 χεῖρας
2944 1514 3261 1584 λαϐόμενοι,
3293 1511 3391 1564 καὶ
3403 1513 3471 1581 τῇ
3505 1507 3792 1620 ἐποπῗείᾳ

510 1625 653 1672 rum,
705 1608 1094 1677 sermonisque
1144 1611 1493 1679 inspectione
1519 1652 1533 1675 ,
1566 1627 1718 1666 venae
1749 1613 1804 1665 in
1837 1612 1948 1666 imo
1987 1628 2084 1683 po-

2207 1615 2280 1668 :oii
2315 1614 2472 1682 λόγου
2491 1613 2591 1680 τὴν
2620 1615 2677 1663 ἐν
2735 1609 2891 1680 βάθει
2946 1607 3214 1674 κειμένην
3257 1602 3432 1672 φλέϐα
3469 1598 3797 1670 φιλοπόνως

508 1699 633 1753 sita:
662 1699 850 1753 laxato
879 1702 1171 1770 operosius
1198 1717 1319 1765 ore,
1361 1703 1690 1756 miraculum
1724 1705 2086 1774 attingamus,

510 1799 678 1859 atque
714 1790 840 1845 inde
873 1790 1085 1860 largius
1138 1794 1425 1846 manantia
1457 1791 1725 1847 doctrinae
1770 1792 2000 1858 ﬂuenta,
2030 1806 2091 1850 ut

511 1880 605 1948 qui
649 1882 821 1935 velint
872 1880 1080 1935 aﬂ‘atian
1132 1883 1415 1947 hauriant,
1462 1884 1826 1941 deducamus.
1883 1885 1939 1941 In
1977 1904 2091 1943 me-

515 1974 666 2026 dium
709 1986 855 2043 ergo
876 1974 1064 2028 divine
1089 1974 1504 2029 oculatissimus
1535 1975 1781 2033 Joannes
1813 1981 2089 2047 procedat:

516 2064 805 2128 nimirum,
859 2065 954 2134 qui
998 2064 1119 2134 ipse
1179 2067 1528 2120 occultorum
1585 2068 1870 2138 inspector
1900 2072 2005 2125 luit
2039 2082 2094 2127 et

517 2170 727 2209 arcana
761 2157 1044 2211 enarravit
1077 2177 1089 2211 :
1133 2158 1229 2226 qui
1263 2174 1431 2227 supra
1477 2168 1671 2229 pectus
1703 2162 1823 2231 ejus
1849 2163 1939 2231 qui
1973 2179 2094 2218 om-

519 2246 672 2299 nium
703 2253 788 2301 est
828 2247 943 2300 vita
987 2247 1282 2317 recubuit:
1337 2249 1546 2319 quique
1586 2265 1685 2304 cor
1716 2268 1873 2308 suum
1906 2254 1972 2308 ad
2009 2255 2094 2309 in-

520 2348 639 2391 star
675 2337 928 2408 spongia
981 2338 1138 2392 vitali
1195 2338 1445 2394 admovit
1492 2341 1651 2407 fonti,
1726 2358 1791 2398 ac
1844 2345 2097 2400 ultronea

517 2428 757 2495 quadam
788 2430 1136 2485 derivatione
1193 2432 1615 2488 reconditorum
1663 2435 1717 2489 in
1751 2436 1965 2490 Domini
1998 2453 2098 2507 pe-

521 2527 682 2574 ctore
725 2520 978 2573 vitalium
1036 2533 1520 2578 sacramentorum
1571 2527 1829 2594 replevit.
1866 2528 1915 2581 ls
1947 2529 2100 2584 solus

526 2609 621 2663 ubi
668 2608 737 2662 ad
771 2609 992 2664 initium
1026 2610 1333 2666 Dominica:
1365 2614 1651 2682 passionis
1681 2618 1852 2679 venit,
1885 2626 2098 2686 gestum

524 2700 582 2752 in
612 2698 822 2753 Lazaro
848 2703 1170 2770 mysterium
1228 2704 1592 2771 peculiariter
1622 2707 1963 2773 conscribit,
1997 2708 2104 2761 ait-

526 2804 636 2857 que
665 2806 681 2844 :
721 2807 739 2840 ι
781 2788 914 2844 Erat
945 2790 1171 2859 quidam
1198 2793 1466 2862 languens
1501 2793 1744 2851 Lazarus
1767 2811 1794 2849 a
1816 2797 2101 2865 Bethania,

2188 1702 2696 1776 ἀναστομώσαντες,
2736 1702 2830 1755 τοῦ
2862 1699 3142 1768 θαύματος
3162 1692 3525 1765 ὲφαψώμεθα.
3551 1694 3653 1762 τῆς
3692 1692 3791 1743 ὲν-

2192 1799 2381 1853 τεῦθεν
2433 1795 2748 1865 ποταμηδὸν
2807 1790 3188 1864 προχεομένης
3244 1785 3598 1848 διδασκαλίας
3650 1783 3796 1845 τοὺς

2195 1891 2404 1964 ῥύακας
2458 1891 2572 1953 τοῖς
2602 1885 2947 1959 βουλομένοις
2984 1881 3234 1952 ἀφθόνως
3262 1878 3558 1939 ἐνδιδόντες
3608 1874 3798 1964 ἀρύε-

2195 1962 2341 2033 σθαι.
2374 1978 2595 2046 Παρίτω
2620 1976 2800 2029 τοίνυν
2825 1975 2902 2037 είς
2943 1972 3106 2042 μέσον
3152 1968 3371 2040 ἡμῶνό
3406 1962 3801 2019 θεοπτικώτα-

2192 2090 2283 2135 τος
2320 2072 2592 2139 Ἰωάννης,
2628 2071 2657 2122 6
2686 2068 2795 2120 τῶν
2828 2064 3165 2136 ἀποκρύφων
3222 2059 3501 2128 αὐτόπτης
3535 2057 3635 2109 καὶ
3670 2054 3798 2107 τῶν

2194 2164 2450 2236 ἀρρήτων
2511 2159 2817 2231 ὑφηγητὴς,
2848 2159 2876 2211 6
2923 2156 3016 2210 ἐπὶ
3059 2154 3153 2210 τοῦ
3218 2153 3448 2224 στήθους
3489 2146 3799 2203 ἀναπεσὼν

2194 2236 2295 2325 τῆς
2323 2254 2539 2308 πάντων
2582 2252 2765 2320 ζωῆς,
2803 2249 2897 2303 καὶ
2943 2247 3043 2319 τὴν
3092 2243 3288 2299 ἑαυτοῦ
3338 2241 3567 2313 καρδίαν
3617 2239 3799 2293 οἱονεὶ

2199 2345 2437 2412 σπόγγον
2472 2344 2536 2412 τῇ
2565 2339 2870 2411 ζωηρρύτῳ
2917 2339 3069 2408 πηγῇ
3109 2333 3398 2407 παραθεὶς,
3435 2331 3533 2385 καὶ
3561 2330 3798 2401 πλήρης

2198 2432 2262 2487 ἐκ
2284 2450 2428 2496 τινος
2454 2430 2791 2501 αὐτορρύτου
2811 2426 3102 2497 γενόμενος
3134 2423 3425 2485 διαδόσεως
3454 2420 3565 2474 τῶν
3596 2423 3796 2486 ἐγκει-

2205 2525 2382 2594 μένων
2428 2525 2494 2593 τῇ
2560 2520 2653 2577 τοῦ
2692 2520 2902 2591 Κυρίου
2933 2516 3130 2588 καρδίᾳ
3174 2513 3404 2587 ζωηρῶν
3435 2511 3793 2584 μυστηρίων.

2207 2618 2302 2678 ’ος
2318 2613 2440 2669 κατ’
2467 2612 2636 2683 αὐτὴν
2664 2612 2757 2665 τοῦ
2784 2607 3116 2664 Δεσποτικοῦ
3140 2607 3345 2669 πάθους
3360 2604 3656 2674 γενόμενος
3684 2601 3801 2672 τὴν

2203 2707 2398 2777 ἀρχὴν,
2434 2705 2591 2776 μόνος
2624 2703 2733 2758 τῶν
2768 2703 2943 2758 ἄλλων
2993 2701 3144 2765 ίδίως
3204 2697 3511 2768 συγγράφει
3550 2694 3613 2748 τὺ
3642 2694 3804 2746 κατὰ

2204 2798 2294 2850 τὸν
2332 2796 2581 2865 Λάζαρον
2609 2794 2814 2865 θαῦμα,
2848 2792 2944 2847 καί
2981 2808 3171 2862 φησιν’
3233 2808 3253 2841 ι
3288 2784 3399 2842 Ἦν
3436 2805 3519 2850 τις
3544 2784 3803 2839 ἀσθενῶν

527 2877 599 2932 de
626 2880 857 2934 castello
893 2880 1074 2934 Maria:
1126 2890 1178 2936 et
1214 2882 1439 2937 Martha:
1491 2887 1706 2942 sororis
1753 2888 1898 2957 ejus.
1933 2888 2101 2944 Mise-

2207 2887 2454 2958 Λάζαρος
2512 2886 2620 2939 ἀπὸ
2664 2885 2955 2956 Βηθανίας,
2999 2872 3064 2936 ὲκ
3090 2883 3191 2953 τῆς
3217 2882 3412 2951 κώμης
3448 2879 3674 2947 Μαρίας
3695 2876 3805 2929 καὶ

532 2978 661 3025 runt
690 2987 822 3042 ergo
855 2988 1078 3028 sorores
1102 2974 1228 3042 ejus
1253 2976 1318 3029 ad
1350 2991 1498 3041 eum,
1525 2978 1772 3036 dicentes
1803 2998 1816 3034 :
1856 2980 2106 3049 Domine,

529 3075 662 3116 ecce
693 3077 857 3131 quem
899 3052 1077 3125 amas,
1133 3065 1471 3121 inﬁrmatur.
1510 3069 1758 3125 Audiens
1796 3083 1980 3126 autem
2013 3073 2109 3128 Je-

531 3168 657 3216 sus,
708 3153 891 3208 dixit:
957 3153 1255 3213 lnlirmitas
1311 3157 1428 3213 haec
1460 3174 1569 3212 non
1612 3168 1696 3214 est
1732 3162 1798 3215 ad
1849 3176 2106 3229 mortem,

533 3245 629 3299 sed
661 3261 763 3316 pro
817 3247 998 3317 gloria
1035 3247 1151 3313 Dei,
1189 3259 1250 3303 ut
1293 3250 1646 3319 gloriﬁcetur
1673 3250 1851 3308 Filius
1891 3253 1983 3310 Dei
2014 3272 2113 3325 per

532 3346 676 3387 eam.
755 3352 775 3384 ι
837 3333 1110 3406 Equidem
1184 3338 1330 3408 quod
1409 3338 1654 3395 Lazarus
1712 3342 2109 3412 inﬁrmarelur,

534 3423 848 3480 communis
910 3435 1122 3482 natura:
1159 3429 1418 3484 humanae
1470 3432 1741 3501 aegritudo
1791 3431 1918 3487 fuit.
1972 3435 2109 3489 Cum

534 3512 683 3566 enim
715 3516 859 3585 quod
895 3517 1136 3573 hominis
1185 3520 1494 3587 subjectum
1531 3523 1710 3578 oculis
1743 3532 1848 3587 est,
1898 3541 1965 3580 ex
1997 3526 2112 3584 luto

537 3612 793 3675 terraque
851 3608 1587 3677 constitutumjsit,‘multis
1631 3614 1748 3683 ipse
1776 3627 1974 3685 suapte
2012 3634 2112 3674 na-

536 3702 662 3749 tura
728 3697 1010 3765 excipitur
1089 3699 1323 3753 casibus
1399 3701 1739 3772 morbisque,
1804 3706 2007 3775 quibus
2059 3719 2114 3764 et

536 3786 712 3840 animi
747 3789 1105 3857 perturbetur
1139 3798 1338 3858 status,
1372 3802 1428 3847 et
1475 3793 1815 3865 degravetur
1854 3801 2112 3857 navicula

535 3878 815 3947 corporis.
852 3879 1010 3945 Quod
1046 3897 1177 3937 vero
1210 3884 1432 3940 dicatur
1465 3901 1529 3940 ea
1570 3886 1864 3945 inﬁrmitas
1900 3907 2006 3945 non
2044 3892 2112 3947 ad

538 3979 801 4034 mortem,
835 3970 930 4026 sed
974 3986 1076 4041 pro
1108 3974 1286 4042 gloria
1320 3974 1441 4041 Dei,
1473 3987 1530 4030 ut
1571 3975 1666 4033 Dei
1696 3976 1869 4034 Filius
1902 3982 2113 4051 gloriﬁ-

536 4070 694 4115 cetur
726 4076 824 4130 per
845 4077 965 4116 eam
995 4079 1008 4117 :
1043 4066 1327 4137 quidpiam
1360 4067 1503 4123 forte
1533 4069 1787 4125 habuerit
1817 4086 2110 4142 arcanum,

534 4165 601 4206 ac
638 4152 770 4217 tale,
816 4160 878 4207 ut
918 4158 1286 4227 consequenti
1335 4160 1748 4230 conquisitione
1801 4160 1968 4218 fuerit
2019 4165 2114 4221 des

534 4243 895 4312 clarandum,
933 4256 994 4303 ut
1028 4264 1295 4320 processu
1333 4249 1521 4306 videre
1550 4251 1695 4307 licet.

607 4420 786 4487 Quam
851 4423 999 4479 enim
1060 4425 1165 4481 sibi
1232 4427 1361 4481 inde
1410 4428 1668 4483 Christus
1697 4431 1775 4483 ait
1807 4432 2115 4489 accessisse

535 4514 792 4586 gloriam,
823 4524 1022 4585 praeter
1056 4532 1175 4571 eam
1209 4533 1332 4588 qua:
1358 4527 1441 4573 est
1470 4519 1697 4574 crucis?
1721 4518 1928 4574 Christi
1967 4522 2112 4576 enim

536 4606 714 4681 gloria
748 4621 886 4661 crux
920 4617 1039 4664 cst:
1069 4616 1305 4679 eratque
1338 4610 1385 4664 is
1418 4610 1468 4665 ei
1495 4618 1624 4664 ante
1661 4612 1867 4665 szeeula
1906 4628 2114 4681 praeco-

537 4680 748 4765 gitatus
781 4713 985 4768 scopus
1018 4714 1082 4754 ac
1119 4700 1269 4756 linis.
1303 4698 1440 4753 Nam
1475 4710 1594 4754 erat
1622 4700 1873 4755 futurum
1930 4711 1984 4756 ut
2019 4704 2114 4759 Ju-

535 4788 637 4842 dmi
694 4790 832 4842 tanti
892 4791 1150 4846 miraculi
1216 4801 1555 4860 patratorem
1593 4793 1747 4847 cruci
1805 4794 2113 4863 alligarent,

534 4880 658 4948 qui,
700 4888 762 4935 ut
797 4882 985 4938 divine
1014 4882 1092 4937 ait
1124 4882 1454 4953 Apostolus,
1480 4886 1959 4955 preptergloriam
1995 4904 2116 4956 quae

535 4988 600 5025 ex
628 4986 691 5025 ea
722 4980 827 5039 est,
856 4982 1279 5043 contempturus
1308 4982 1456 5029 esset
1481 4973 1865 5029 confusionem
1891 4984 1939 5031 ιι.
1974 4975 2114 5032 Num

518 5063 652 5116 .l'ors
680 5064 824 5117 enim
855 5104 870 5127 ,
924 5079 1067 5135 quos
1117 5066 1311 5119 crebra
1342 5064 1467 5134 ejus
1513 5066 1782 5120 miracula
1814 5064 1965 5122 edita
2000 5085 2110 5123 non

536 5153 843 5219 llcsisscnt,
883 5155 1064 5211 visum
1113 5156 1265 5210 istud
1328 5156 1583 5210 miraculi
1638 5155 1909 5212 ﬂexurum
1959 5164 2113 5215 erat?

536 5243 867 5313 Quanquam
910 5246 1056 5300 enim
1092 5245 1261 5300 etiam
1298 5246 1499 5299 mortui
1531 5246 1888 5315 quatriduani
1925 5254 2105 5309 susci-

615 5411 651 5433 m
699 5424 856 5478 Joan‘.
889 5441 962 5481 xt.
995 5427 1038 5488 l,
1070 5426 1157 5480 Η.
1238 5438 1263 5463 ιι
1298 5425 1461 5481 llcbr.
1490 5443 1583 5490 xu,
1622 5428 1679 5480 ‘2.

619 5604 684 5679 (')
716 5613 989 5667 Garum».
1018 5614 1213 5681 t.,.\'lll,
1249 5632 1298 5684 p.
1338 5617 1455 5670 ωδ.

2208 2978 2440 3049 Μάρθας
2488 2981 2588 3048 τῆς
2642 2976 2873 3047 ἀδελφῆς
2924 2975 3115 3044 αὐτῆς.
3169 2971 3531 3025 Ἀπέστειλαν
3585 2964 3683 3021 οὖν
3738 2967 3805 3020 αἱ

2209 3071 2439 3140 ἀδελφαὶ
2468 3068 2635 3124 αὐτοῦ
2678 3069 2816 3139 πρὸς
2843 3068 2933 3121 τὸν
2975 3064 3205 3136 Ἰησοῦν,
3244 3062 3506 3131 λέγουσαι
3538 3077 3553 3091 ·
3588 3058 3803 3129 Κύριε,

2211 3161 2286 3214 ίδε
2307 3161 2366 3214 ὃν
2398 3160 2592 3229 φιλεῖς,
2619 3159 2857 3213 ἀσθενεῖ.
2911 3155 3178 3216 Ἀκούσας
3202 3154 3258 3208 δὲ
3286 3155 3315 3207 6
3358 3149 3589 3221 Ἰησοῦς,
3608 3145 3801 3203 εἶπεν·

2209 3249 2356 3320 Αὕτη
2385 3249 2697 3321 ήάσθένεια
2748 3249 2847 3301 οὐκ
2885 3247 3002 3301 ἔστι
3043 3246 3178 3318 πρὸς
3204 3244 3456 3307 θάνατον,
3497 3240 3617 3296 ἀλλ’
3649 3240 3806 3310 ὑπὲρ

2209 3341 2308 3411 τῆς
2335 3341 2492 3413 δόξης
2516 3340 2611 3394 τοῦ
2637 3339 2796 3406 Θεοῦ,
2825 3340 2913 3393 ἵνα
2954 3337 3190 3409 δοξασθῇ
3214 3339 3241 3390 6
3274 3335 3401 3398 Υἱὸς
3436 3332 3535 3387 τοῦ
3557 3331 3696 3385 Θεοῦ
3726 3333 3804 3386 δι’

2211 3432 2404 3500 αὐτῆς.
2445 3451 2462 3483 ι
2488 3433 2561 3485 Τὸ
2590 3431 2686 3502 μὲν
2714 3427 2808 3485 οὖν
2842 3430 3144 3499 ἀσθενῆσαι
3176 3428 3448 3498 Λάζαρον,
3482 3423 3668 3478 κοινὸν
3694 3423 3807 3491 τῆς

2211 3523 2558 3594 ἀνθρωπίνης
2575 3525 2918 3596 ἀρρώστημα
2948 3522 3183 3590 φύσεως.
3223 3521 3322 3573 Ἐκ
3349 3517 3461 3588 γὰρ
3495 3516 3672 3587 πηλοῦ
3704 3518 3808 3570 καὶ

2211 3613 2318 3682 γῆς
2348 3613 2687 3677 συνεστῶσα,
2716 3613 2862 3666 κατά
2890 3612 2951 3665 τὺ
2977 3611 3173 3682 όρατδν
3192 3609 3361 3678 αὐτῆς
3405 3607 3596 3678 μέρος,
3623 3605 3803 3659 πολλὰ

2211 3705 2279 3758 τά
2298 3705 2439 3758 κατά
2474 3707 2639 3772 φύσιν
2670 3703 2784 3774 ἔχει
2841 3701 3228 3773 συμπτώματα
3255 3699 3355 3769 τήν
3378 3714 3439 3750 τε
3482 3696 3587 3765 τῆς
3614 3695 3806 3766 ψυχῆς

2211 3796 2569 3851 ὲπιθολοῦντα
2603 3795 2959 3855 κατάστασιν,
3009 3793 3103 3848 καὶ
3142 3791 3221 3862 τῷ
3276 3787 3513 3859 ὲφολκίῳ
3553 3786 3652 3840 τοῦ
3694 3787 3808 3843 σώ-

2218 3906 2385 3961 ματος
2411 3887 2788 3960 ὲπιϐρίθοντα.
2812 3887 2886 3940 Τὸ
2906 3886 2964 3939 δὲ
2993 3885 3068 3955 μὴ
3104 3883 3237 3953 πρὸς
3253 3882 3485 3935 θάνατον
3513 3878 3807 3948 συμϐῆναι

2212 3982 2378 4052 φάναι
2405 3981 2606 4050 ταύτην
2657 3979 2826 4050 αὐτῷ,
2859 3978 2974 4031 ἀλλ’
3002 3976 3144 4047 ὑπὲρ
3177 3974 3275 4044 τῆς
3327 3972 3485 4040 δόξης
3506 3970 3603 4024 τοῦ
3634 3968 3799 4033 Θεοῦ,

2205 4074 2289 4136 ’ώς
2334 4072 2401 4127 ἂν
2461 4072 2491 4124 6
2545 4071 2671 4134 Υἱὸς
2696 4067 2792 4123 τοῦ
2824 4068 2958 4122 Θεοῦ
2989 4064 3223 4134 δοξασθῇ
3253 4062 3323 4116 δι’
3349 4059 3550 4131 αὐτῆς,
3598 4058 3715 4129 ἔχει
3740 4074 3801 4110 τι

2214 4166 2355 4235 τάχα
2386 4164 2495 4217 τῶν
2527 4163 2876 4234 ἀπορρήτων,
2907 4158 3001 4213 καὶ
3029 4156 3166 4229 πρὸς
3191 4154 3253 4209 τδ
3284 4151 3528 4224 ἐμφανὲς
3558 4148 3801 4219 ἀχθῆναι

2143 4230 2187 4284 D
2215 4230 2574 4325 δεδεημένων,
2625 4230 2853 4322 διάντῆς
2889 4239 3185 4305 ἀκολούθου
3249 4242 3685 4308 συνεξετάσεως,
3720 4240 3802 4303 ὡς

2211 4346 2360 4399 ἔστιν
2388 4346 2522 4416 ὀρᾷν
2553 4347 2611 4398 ἐν
2631 4346 2746 4408 τοῖς
2778 4342 3134 4414 προάγουσιν.

2294 4436 2516 4489 Ὀποίαν
2546 4435 2657 4505 γάρ
2684 4432 2934 4487 ἐντεῦθεν
2981 4429 3160 4501 ἑαυτῷ
3212 4421 3618 4499 προσγενέσθαι
3637 4420 3804 4485 δόξαν

2213 4526 2380 4596 φησιν
2410 4527 2438 4579 6
2468 4525 2724 4596 Χριστὸς,
2756 4522 2897 4595 πλὴν
2927 4521 3024 4576 τοῦ
3062 4516 3332 4591 σταιδροῦς
3357 4516 3495 4583 Δόξα
3517 4514 3633 4584 γὰρ
3662 4513 3798 4583 Χρε-

2213 4616 2339 4671 στοῦ
2366 4616 2395 4669 6
2431 4616 2687 4688 σταυρὸς,
2721 4616 2817 4669 καὶ
2847 4613 3008 4668 τοῦτο
3053 4610 3256 4675 σκοπὸς
3286 4606 3353 4679 ἦν
3391 4605 3545 4676 αὐτῷ
3566 4618 3805 4673 προεπι-

2208 4707 2420 4779 νοηθεὶς
2442 4708 2552 4761 τῶν
2573 4705 2808 4761 αἰώνων.
2840 4704 3108 4776 Ἐμελλον
3143 4702 3255 4774 γὰρ
3278 4701 3331 4754 oi
3370 4697 3620 4753 Ἰουδαῖοι
3662 4691 3800 4747 θαύ-

2214 4816 2381 4870 ματος
2411 4799 2711 4870 αὖτουργὸν
2749 4798 3012 4866 γεγονότα
3046 4793 3292 4849 τοιούτου
3315 4832 3332 4857 ,
3362 4785 3586 4857 σταυρῷ
3624 4797 3803 4855 προσ-

2212 4889 2398 4960 ηλοῦν,
2422 4888 2685 4959 αἰσχύνης
2725 4887 3236 4958 καταφρονήσαντα,
3288 4881 3363 4943 ὣς
3409 4892 3579 4948 φησιν
3617 4876 3645 4926 6
3680 4872 3802 4925 θεο-

2214 4983 2459 5052 φάντωρ,
2487 4980 2574 5033 διὰ
2602 4982 2699 5049 τὴν
2753 4980 2812 5046 ἐξ
2863 4977 3028 5032 αὐτοῦ
3071 4975 3252 5042 δόξαν.
3285 4973 3347 5026 Οί
3389 4969 3500 5038 γὰρ
3525 4969 3594 5037 τῇ
3625 4966 3797 5034 συχνῇ

2216 5073 2325 5126 τῶν
2356 5073 2650 5143 θαυμάτων
2681 5070 3055 5143 μεγαλουργία
3098 5067 3379 5137 μείναντες
3425 5058 3797 5128 ἀδυσώπητοι,

2222 5164 2255 5234 ἡ
2317 5181 2417 5217 που
2462 5163 2529 5217 ἂν
2595 5163 2923 5235 μαλαχθεῖεν
2954 5163 3016 5232 τὸ
3048 5161 3163 5214 ἴσον
3202 5157 3388 5225 θαῦμα
3411 5151 3711 5223 θεώμενοις
3738 5147 3799 5200 Εἰ

2219 5255 2327 5326 γὰρ
2361 5257 2455 5311 καὶ
2483 5256 2543 5310 τὸ
2572 5255 2767 5327 νεκρὸν
2808 5252 3105 5307 ἀναϐιῶναι
3146 5246 3547 5319 τετραήμερον,
3583 5239 3682 5293 καὶ
3713 5251 3810 5292 σε-
