4016 6130
182 314 281 382 961

1252 320 1334 382 ΙΝ
1376 323 1742 386 LAZARUM
1780 326 2409 399 QUATRIDUANUM

3331 340 3438 406 963‘.

180 427 387 500 σηπότα
419 423 663 497 προϊέναι
680 423 770 478 τοῦ
785 423 1166 517 μνήματος,οὑ
1193 427 1253 481 τὸ
1270 429 1432 499 τυχὸν
1460 426 1530 501 ἦν
1545 431 1750 503 θαῦμα,

1867 434 2027 499 tatio,
2062 435 2304 504 taboque
2349 434 2644 493 deﬂuentis
2679 454 2710 494 e
2759 452 3120 499 monumento
3152 454 3439 517 processio

175 520 296 574 οὐδὲ
333 518 440 571 τῶν
473 516 650 571 ἄλλων
675 515 919 581 ἔλαττον,
964 509 1041 571 ὧν
1071 519 1414 590 ὲωράκεισαν
1433 538 1448 554 ο
1467 522 1592 575 ἀλλ’
1613 524 1755 577 ὲκεί-

179 628 300 672 νους
325 611 425 663 οὑκ
477 606 745 662 ἐδυσώπει
778 608 840 661 τὸ
888 609 1342 681 μεγαλοὺργημα.
1408 612 1441 682 ἢ
1483 613 1567 667 ὅτι
1599 614 1758 684 μόνον

176 703 309 771 ὓλην
323 704 388 773 τῇ
427 700 576 769 σφῶν
607 701 882 772 βασκανίᾳ
904 702 1217 773 παρείχετο.
1240 703 1410 770 Δόξαν
1434 701 1529 767 οὖν
1552 706 1757 775 ταύτην

172 793 325 862 )έτει
350 793 558 861 σαφῶς,
588 793 688 862 τὴν
716 792 806 846 διὰ
840 793 1077 865 σταυροῦ
1111 797 1549 866 προσγινομένην
1583 798 1755 868 αὑτῷ,

181 886 262 938 ιον
290 885 429 955 ὑπὲρ
456 883 618 953 ἡμῶν
656 883 897 955 ἑλομένῳ
952 884 1184 939 θάνατον
1226 887 1503 941 ὑπελθεῖν.
1548 889 1610 941 El
1644 890 1756 960 γάρ

174 993 251 1029 τοι
285 975 378 1027 καὶ
407 974 516 1044 πρὸ
545 972 746 1036 παντὸς
776 974 972 1037 αίῶνος
1001 975 1101 1045 τὴν
1116 976 1387 1047 πατρικὴν
1416 974 1562 1047 εἶχεν
1596 979 1754 1043 δόξαν

173 1067 245 1130 ὡς
273 1066 404 1128 Θεὸς
433 1066 530 1119 καὶ⁸
566 1065 704 1118 Θεοῦ
746 1064 872 1129 Υἱὸς
934 1070 1366 1138 συνουσιωμὲνος
1399 1070 1565 1139 αὐτῷ,
1617 1071 1753 1123 ἀλλά

175 1158 266 1211 καὶ
294 1160 393 1226 τῆς
433 1156 711 1224 παναγίας
765 1154 933 1209 αὑτοῦ
985 1157 1188 1225 σαρκὸς
1242 1158 1302 1209 τ’)
1346 1160 1617 1229 μακάριον
1645 1160 1753 1212 πά-

176 1249 262 1312 θὸς
290 1248 450 1313 δόξαν
483 1250 727 1317 ἡγεῖται,
767 1249 1116 1320 παγκοσμίου
1145 1251 1426 1320 σωτηρίας
1461 1253 1755 1323 γενόμενον

174 1343 363 1395 αῐτιον.

252 1479 395 1533 Ἀλλ’
441 1480 535 1533 ἐπὶ
582 1480 680 1550 τὴν
737 1480 853 1534 ὁδὸν
913 1479 1178 1551 ἔλθωμεν,
1238 1481 1305 1552 ἦν
1335 1482 1626 1552 ήάληθινὴ
1656 1484 1755 1552 τῆς

172 1570 315 1638 ζωῆς
347 1570 470 1631 ὁδὸς
501 1567 824 1640 παρέδειξεν
857 1572 885 1623 ό
916 1569 1173 1639 Χριστὸς,
1213 1570 1383 1622 εἰπών
1403 1586 1417 1601 ο
1459 1590 1476 1621 ι
1517 1570 1756 1633 Μείζονα

170 1661 375 1728 ταύτης
407 1662 630 1731 ἀγάπης
658 1660 838 1724 οὐδεὶς
867 1659 1105 1732 ἔχει,ῐνα
1144 1678 1224 1724 τις
1255 1660 1352 1732 τὴν
1381 1661 1557 1731 ψυχὴν
1588 1660 1753 1714 αὑτοῦ

1862 540 1971 579 non
2011 527 2238 597 vulgare
2287 529 2621 585 miraculum
2656 543 2796 598 erat,
2834 550 2936 590 nec
2968 524 3267 608 quidquam
3303 543 3439 600 visis

1861 618 1989 672 aliis
2020 619 2259 674 habebat
2300 623 2505 676 minus.
2540 623 2608 674 At
2645 640 2753 677 nou
2802 625 3057 682 ﬂeetehat
3097 634 3285 701 operis
3320 650 3438 687 ma-

1858 709 2112 777 gnitudo,
2166 726 2264 764 nec
2320 713 2470 765 aliud
2532 729 2698 781 quam
2753 718 3039 771 materiam
3076 720 3440 792 l'omitentque

1858 796 2084 877 invidia
2130 800 2506 855 ministrabat.
2545 801 2696 857 llauc
2724 819 2858 874 ergo
2907 806 3055 861 clare
3087 809 3320 877 gloriam
3349 812 3437 867 di-

1856 887 1955 951 cit,
1987 903 2112 956 quae
2139 890 2188 942 ei
2227 905 2291 943 ex
2321 904 2509 957 crure,
2560 909 2723 961 quam
2762 910 2860 964 pro
2896 897 3056 951 nobis
3094 899 3265 954 voluit
3306 902 3441 955 suh-

1858 977 1962 1043 ire,
2036 983 2299 1034 accessit.
2337 979 2471 1033 Nam
2509 983 2637 1035 licet
2690 995 2819 1039 ante
2850 1002 3014 1042 omne
3048 991 3313 1044 saeculum
3344 1008 3440 1061 pa-

1857 1074 2092 1129 ternam.
2129 1079 2190 1124 ut
2244 1070 2388 1125 Deus
2418 1087 2482 1125 ac
2530 1071 2708 1128 Filius
2743 1074 2859 1140 Dei,
2898 1080 3175 1134 communi
3206 1098 3327 1135 cum
3368 1099 3433 1137 eo

1857 1161 2199 1221 substantia,
2249 1163 2483 1218 haberet
2536 1166 2794 1233 gloriam,
2854 1183 2968 1223 stite
3022 1182 3202 1226 tamen
3267 1175 3431 1229 etiam

1857 1255 2260 1307 sacratissima:
2319 1255 2504 1310 carnis
2538 1257 2777 1310 'bcatam
2828 1260 3140 1327 passionem
3201 1263 3430 1332 gloriam

1856 1340 2033 1403 ducit,
2069 1343 2219 1397 velut
2252 1344 2446 1398 mundi
2478 1345 2651 1400 totius
2685 1348 2883 1401 salutis
2934 1364 3182 1404 causam.

1927 1474 2131 1529 Verum
2189 1476 2259 1530 ad
2304 1477 2446 1531 viam
2507 1479 2825 1544 redeamus,
2869 1498 3037 1551 quam
3090 1484 3250 1539 nobis
3308 1502 3435 1541 vera

1858 1564 1982 1619 Viue
2015 1567 2099 1620 via
2137 1566 2398 1625 Christus
2449 1574 2802 1639 monstravit,
2845 1574 3078 1629 dicens:
3113 1596 3131 1629 ι
3175 1577 3434 1648 Majoreut

1856 1660 1959 1713 hac
1983 1658 2319 1715 charitatem
2342 1677 2503 1715 nemo
2534 1663 2723 1727 habet,
2747 1681 2913 1733 quam
2944 1676 3001 1720 ut
3022 1668 3259 1722 animam
3280 1686 3433 1724 suam

171 1752 234 1823 θῇ
267 1753 415 1821 ὑπὲρ
469 1750 577 1805 τῶν
621 1751 790 1820 φίλων
829 1753 1014 1808 αὑτοῦ.
1056 1773 1074 1803 ι
1108 1753 1262 1825 ’ᾙδει
1307 1752 1417 1822 γάρ
1472 1753 1750 1824 προϊόντος

1857 1757 2025 1819 ponat
2077 1751 2205 1820 quis
2271 1766 2374 1822 pro
2430 1753 2628 1809 amicis
2678 1757 2798 1810 suis
2830 1763 2876 1810 ο.
2932 1774 2950 1806 ›
2988 1756 3226 1812 Noverat
3286 1762 3434 1814 enim

168 1846 258 1898 τοῦ
297 1843 609 1913 θαύματος,
648 1842 941 1906 Ἰουδαίους
974 1843 1073 1913 μὲν
1096 1842 1370 1896 ἀνασείειν
1387 1843 1512 1905 τοὺς
1533 1843 1745 1912 ὄχλους,

168 1938 257 1991 καὶ
285 1934 548 2007 θορυϐεῖν
605 1933 919 2002 μέλλοντας,
968 1933 1228 2002 Καϊάφαν
1259 1934 1319 1987 δὲ
1345 1934 1744 2005 μανησόμενον,

157 2026 353 2082 ξὲαυτὸν
397 2024 455 2077 δὲ
488 2024 579 2076 τὸν
603 2022 692 2075 διά
723 2024 957 2092 σταυροῦ
987 2025 1310 2094 πεισόμενον
1345 2026 1593 2079 θάνατον.
1626 2026 1749 2079 Ὅτι

166 2122 221 2174 δὲ
279 2122 444 2192 φίλος
494 2123 523 2174 ὀ
571 2121 844 2191 Λάζαρος,
876 2117 938 2170 τὸ
991 2119 1226 2189 πρᾶγμα
1253 2118 1422 2188 δηλοῖ.
1460 2137 1478 2170 ι
1528 2118 1746 2186 Ἢγάπα

166 2214 290 2285 γάρ,
325 2214 527 2284 φησιν,
556 2215 584 2266 ὁ
629 2209 838 2283 Ἰησοῦς
855 2211 952 2283 τὴν
982 2210 1216 2281 Μάρθαν
1257 2209 1352 2263 καὶ
1381 2211 1479 2280 τὴν
1513 2209 1746 2281 ἀδελφὴν

172 2306 354 2376 αὑτῆς,
392 2305 489 2358 καὶ
516 2304 606 2357 τὸν
632 2290 914 2375 Λάζαρον.
956 2323 974 2355 ι
1011 2303 1123 2356 Καὶ
1154 2303 1233 2367 τίς
1272 2302 1415 2357 οὕτω
1456 2304 1748 2373 μακάριος,

172 2397 242 2461 ὡς
270 2396 624 2468 ἀγαπηθῆναι
663 2396 770 2450 ὑπὸ
826 2394 1066 2466 Χριστοῦ
1126 2396 1228 2465 τῆς
1259 2397 1649 2466 αὑτοαγάπης;
1685 2395 1750 2449 Τί

175 2490 263 2542 καὶ
294 2488 640 2558 θαυμαστὸν,
703 2488 751 2539 εί
804 2486 901 2539 καὶ
956 2488 1215 2554 γυναῖκες
1269 2485 1660 2556 ἁρρενωθεῖσαι
1691 2487 1751 2539 τὸ

175 2578 451 2651 φρόνημα,
496 2578 650 2648 παρά
705 2576 802 2631 τοῦ
868 2577 1078 2641 πάντας
1120 2578 1347 2631 καλέσαι
1379 2577 1513 2649 πρὸς
1557 2578 1747 2631 ἑαυτὸν

175 2669 411 2734 ἐλθόντος
444 2669 775 2739 ἡγαπῶντο;
804 2667 1066 2721 Τοσοῦτον
1095 2668 1152 2721 δὲ
1185 2669 1244 2721 τὸ
1266 2668 1455 2739 περιὸν
1480 2669 1577 2737 τῆς
1612 2670 1749 2738 πρὸς

175 2761 361 2825 αὐτοὺς
390 2760 643 2831 ἀγάπης,
675 2760 749 2825 ὡς
782 2763 877 2813 καὶ
912 2761 972 2813 τὸ
994 2759 1181 2830 θαῦμα
1208 2759 1266 2813 τὸ
1306 2762 1386 2823 είς
1414 2760 1505 2813 τὸν
1549 2761 1751 2827 σύγγο-

172 2870 257 2905 νον
284 2854 389 2906 τῶν
418 2852 599 2908 ἄλλων
628 2853 964 2923 ὑπεμξᾶραι
983 2852 1278 2922 θαυμάτων
1306 2855 1371 2922 τῇ
1411 2853 1754 2926 μεγαλοφυτᾳ,

172 2941 260 2994 τοῦ
283 2942 585 3014 δράματος.
630 2961 648 2993 ι
704 2942 793 3005 Ὠς
824 2938 918 2995 οὖν
967 2942 1202 3006 ήκουσεν
1238 2943 1318 2995 ὅτι
1363 2942 1598 3009 ἀσθενεῖ,
1628 2943 1749 2996 τότε

164 3033 289 3103 μὲν,
323 3036 519 3107 φησὶν,
585 3034 800 3105 ἔμεινεν
853 3035 915 3087 ὲν
943 3028 986 3101 ᾧ
1026 3030 1093 3105 ἦν
1133 3035 1285 3105 τόπῳ
1330 3033 1421 3089 δύο
1446 3038 1684 3105 ἡμέρας.
1727 3054 1746 3085 ι

174 3124 320 3189 Τίνος
349 3126 558 3192 ἓνεκα;
611 3126 839 3197 Προῂδει
867 3127 977 3196 γάρ
1003 3126 1091 3188 ’ὠς
1139 3128 1357 3188 πάντως
1388 3124 1707 3197 τεθνήξεται
1736 3143 1748 3156 '

172 3217 260 3271 καὶ
291 3216 571 3289 περιελεῖν
634 3217 803 3271 θέλων
851 3217 959 3271 τῶν
1005 3216 1286 3287 θηρευτῶν
1336 3217 1434 3280 τὰς
1492 3218 1750 3287 ὑποψίας,

170 3309 301 3373 τέως
323 3310 421 3380 τὴν
466 3310 643 3379 ὁρμὴν
672 3309 1057 3373 ἀναϐάλλεται,
1091 3310 1159 3363 ἵν’
1207 3310 1558 3374 ἀποπνεύσας
1584 3314 1752 3382 ταφῇ,

172 3399 363 3471 καὶμὴ
394 3400 765 3472 ἀπειροκαλία
796 3418 879 3464 τις
912 3400 1143 3472 νομισθῇ
1179 3401 1239 3454 τὸ
1280 3402 1417 3470 μετά
1447 3400 1545 3471 τὴν
1585 3402 1754 3473 ἀκοὴν

170 3491 327 3555 εὐθὺς
382 3492 634 3564 ὁρμῆσαι
689 3493 828 3561 πρὸς
880 3493 981 3564 τὴν
1036 3491 1131 3545 τοῦ
1179 3491 1458 3561 θαύματος
1505 3492 1750 3557 ἔνδειξιν.

176 3597 193 3631 ι
234 3583 474 3638 Ἔπειτα
498 3582 635 3651 μετά
669 3582 847 3648 τοῦτο,
883 3581 1031 3651 λέγει
1068 3585 1181 3647 τοῖς
1232 3583 1537 3653 μαθηταῖς·
1576 3584 1756 3651 ’Ἄγω-

172 3690 265 3739 μεν
311 3676 392 3739 εἰς
451 3673 555 3744 τὴν
616 3674 876 3726 Ἰουδαίαν
925 3673 1108 3727 πάλιν.
1152 3694 1171 3727 ›
1204 3674 1479 3744 Εὑτολμία
1516 3675 1572 3728 δὲ
1598 3673 1754 3728 τοῦτο

168 3764 508 3839 θεοπρεπὴς,
562 3767 655 3819 καὶ
686 3766 745 3819 τὸ
800 3766 993 3819 παθεῖν
1030 3766 1251 3819 ἑλέσθαι
1294 3767 1751 3837 προθυμουμένης

162 3860 362 3930 ψυχῆς,
388 3860 493 3913 καὶ
520 3858 656 3929 πρὸς
685 3859 857 3930 πέρας
886 3859 1040 3925 ἄγειν
1073 3858 1135 3910 τὸ
1177 3858 1278 3925 τῆς
1317 3860 1628 3930 οἰκονομίας
1653 3876 1754 3930 μυ-

168 3954 725 4024 στήριον.ιΛέγουσιν
741 3949 891 4020 αὑτῷ
913 3952 962 4003 οί
987 3948 1229 4022 μαθηταί
1253 3966 1267 3980 ·
1301 3950 1610 4013 Ῥα66ὶ,νῦν
1630 3951 1755 4022 ἐζή-

164 4060 287 4098 τουν
308 4061 368 4097 σε
381 4045 434 4097 οἱ
451 4043 701 4097 Ἰουδαῖοι
732 4042 981 4104 λιθάσαι,
1003 4042 1098 4094 καὶ
1123 4040 1283 4095 πάλιν
1314 4041 1546 4108 ὑπάγεις
1565 4042 1682 4093 ἐκεῖ
1701 4057 1747 4105 ς»

165 4136 553 4206 Μικροψυκίας
578 4135 648 4187 τὰ
674 4135 917 4206 ῥήματα,
944 4133 1037 4185 καὶ
1059 4132 1263 4201 μᾶλλον
1288 4132 1534 4199 ἀγνοίας·
1562 4132 1620 4185 οὑ
1642 4132 1753 4201 γὰρ

164 4227 362 4298 ᾔδεσαν
378 4229 436 4281 τὸ
457 4228 999 4299 πραγματευόμενοι),
1020 4226 1142 4278 ἐπεὶ
1161 4227 1260 4278 οὐκ
1274 4223 1339 4279 ἂν
1353 4225 1748 4296 ἐδυσχέραινον,

165 4322 262 4373 οὑκ
285 4321 351 4374 ἂν
367 4322 651 4384 τοιαύταις
681 4321 921 4391 ἐχρῶντο
952 4322 1180 4390 φωναῖς,
1219 4319 1280 4372 τὸ
1313 4318 1510 4373 ἀναλκι
1535 4319 1628 4372 τοῦ
1658 4319 1750 4372 νοῦ

1860 1839 1977 1896 fore
2018 1850 2079 1896 ttt
2108 1845 2361 1897 miraculi
2414 1861 2716 1915 progressu
2767 1846 2941 1904 Judaei
2985 1850 3207 1920 quidem
3244 1855 3437 1906 conri-

1862 1942 2039 1987 tarent
2091 1943 2147 1988 et
2198 1939 2603 1993 conturbareut
2662 1940 2900 2009 plebem,
2962 1941 3201 2012 Caipltas
3250 1954 3432 1999 autem

1858 2022 2075 2077 insania
2105 2024 2347 2081 ferretur
2380 2027 2518 2097 (i2),
2560 2036 2731 2096 utque
2778 2030 2895 2100 ipse
2934 2047 3105 2087 cruce
3136 2034 3436 2088 sustineret

1862 2123 2119 2168 mortem.
2154 2113 2353 2182 Porro,
2410 2118 2559 2187 quod
2625 2118 2871 2176 Lazarus
2902 2122 3116 2176 amicus
3148 2133 3315 2189 esset,
3347 2140 3435 2177 res

1862 2204 2042 2272 palam
2078 2205 2235 2262 facit.
2278 2227 2298 2259 ι
2340 2208 2613 2279 Diligehat
2652 2212 2825 2275 enim,
2868 2212 3071 2282 inquit,
3102 2212 3262 2269 Jcsus
3292 2216 3437 2268 Mat--

1862 2293 2032 2359 tham,
2062 2305 2115 2351 et
2146 2312 2397 2353 sororem
2434 2300 2580 2369 ejus,
2637 2308 2691 2353 et
2727 2300 3021 2357 Lazarum.
3080 2323 3099 2355 ι
3135 2302 3272 2370 Quis
3307 2322 3437 2360 vero

1862 2399 2037 2457 usque
2086 2387 2225 2443 adeo
2287 2389 2507 2452 beatus,
2562 2399 2622 2444 ιιι
2674 2406 2702 2443 a
2739 2392 2965 2451 Christo
3016 2394 3296 2465 diligatur,
3341 2399 3434 2467 qui

1862 2477 1980 2548 ipsa
2010 2488 2064 2533 et
2111 2482 2423 2541 subsistens
2472 2481 2706 2538 dilectio
2738 2485 2867 2539 est?
2920 2485 3061 2551 Quid
3104 2497 3283 2541 autem
3329 2491 3433 2542 tui-

1862 2586 2004 2637 rutu,
2035 2580 2095 2626 ut
2127 2573 2386 2629 mulieres
2433 2576 2580 2629 virili
2630 2578 2915 2646 pr0posito
2964 2588 3017 2633 et
3049 2595 3215 2633 sensu
3267 2582 3431 2634 animi

1865 2662 1912 2715 is
1946 2662 2224 2731 diligeret,
2263 2665 2356 2733 qui
2393 2675 2624 2720 venerat
2657 2678 2714 2721 ut
2750 2669 2817 2721 ad
2862 2684 2922 2722 se
2945 2684 3141 2723 omnes
3173 2673 3436 2725 vocaret?

1861 2750 2035 2807 Tanta
2070 2770 2202 2809 vero
2235 2757 2356 2825 ejus
2388 2758 2441 2811 in
2469 2772 2567 2814 eos
2602 2758 2920 2815 dilectionis
2946 2763 3272 2816 excellentia
3309 2763 3434 2826 fuit,

1862 2846 2113 2900 utetiam
2144 2848 2455 2902 exhibitum
2498 2850 2554 2903 in
2600 2849 2829 2905 fratrem
2884 2852 3214 2907 miraculum
3252 2855 3435 2924 operis

1862 2938 2244 3006 magnitudine
2286 2947 2341 2993 et
2386 2943 2707 3009 praestantia
2742 2943 2975 3013 reliquis
3023 2945 3309 3000 miraculis
3339 2963 3436 3001 su-

1864 3030 2246 3097 perextu’lcrit.
2277 3048 2296 3082 ι
2336 3028 2406 3084 Ut
2442 3047 2575 3101 ergo
2609 3035 2822 3087 audivit
2857 3036 2983 3104 quia
3022 3036 3433 3102 infirmahatur,

1780 3107 1824 3163 C
1859 3128 1992 3171 tunc
2015 3121 2262 3189 quidem,
2285 3122 2488 3191 inquit,
2514 3125 2716 3178 mansit
2745 3126 2798 3179 in
2830 3126 3022 3181 eodem
3059 3130 3182 3183 loco
3218 3130 3432 3188 duobus

1854 3209 2070 3263 diebus.
2122 3229 2141 3260 ρ
2174 3209 2545 3275 Quamobrem
2580 3213 3066 3285 tnansitiNempe
3102 3218 3431 3272 tuoriturum

1856 3300 2083 3354 omnino
2119 3303 2482 3370 pravi-derat;
2538 3307 2845 3375 volensque
2895 3309 3232 3364 venantibus
3262 3321 3313 3364 et
3341 3326 3435 3366 ca-

1853 3393 2144 3460 ptantibus
2174 3395 2525 3462 suspiciones
2574 3396 2812 3461 auferre,
2861 3412 2922 3452 se
2959 3399 3182 3453 interim
3214 3402 3434 3456 cohibet

1853 3491 2238 3550 etcunctatur,
2270 3484 2489 3553 quoille
2524 3484 2780 3539 cxhalato
2814 3485 3013 3554 spiritu
3047 3487 3300 3542 tradatur
3345 3506 3434 3545 se-
3501 3489 3508 3498 ’

1854 3575 2110 3645 pttlturaz,
2176 3585 2341 3645 utque
2390 3593 2457 3632 ne
2516 3587 2714 3647 prmtet‘
2763 3577 3032 3632 decorum
3096 3582 3434 3637 rusticiusvc

1855 3668 2177 3731 haberetur,
2221 3669 2365 3738 quod
2400 3672 2465 3722 ad
2502 3671 2734 3739 primaut
2771 3672 2958 3725 statim
2986 3672 3327 3726 auditionem
3367 3675 3431 3727 ad

1854 3759 2110 3813 miraculi
2168 3761 2575 3816 exhibitionem
2634 3764 2970 3832 prorttisset.
3010 3784 3028 3816 ι
3067 3763 3274 3819 Deinde
3312 3776 3435 3834 po.~.t

1854 3851 1991 3917 haec,
2065 3853 2202 3908 dicit
2261 3856 2551 3924 discipulis
2599 3856 2766 3910 suis:
2830 3856 3033 3912 Eamus
3092 3858 3146 3911 in
3188 3858 3432 3912 Judataut

1856 3942 2076 3997 iterum.
2130 3963 2147 3995 ι
2201 3943 2397 3998 Diriua
2457 3946 2574 4000 haec
2616 3945 2880 4019 audentia
2912 3957 3018 4014 est,
3054 3957 3108 4003 et
3148 3950 3316 4003 animi
3370 3953 3434 4004 ad

1853 4038 2164 4093 obeundatn
2230 4040 2571 4109 passionem,
2630 4046 2685 4091 et
2745 4049 3154 4095 sacramentum
3240 4044 3437 4096 salutis

1856 4127 2112 4182 humana:
2158 4128 2224 4182 ad
2279 4128 2445 4181 linem
2482 4128 2868 4182 deducendum
2917 4130 3141 4184 alacris.
3178 4148 3197 4181 ι
3237 4129 3436 4184 Dicunt

1853 4219 1902 4274 ei
1951 4218 2255 4289 discipuli:
2322 4218 2521 4281 liabhi,
2582 4234 2729 4273 nunc
2783 4221 3106 4287 qttzerebattt
3157 4227 3209 4273 te
3259 4217 3431 4274 Juda-i

1855 4311 2124 4382 lapidare,
2165 4321 2220 4368 et
2250 4313 2448 4367 iterum
2485 4311 2850 4369 radisilluc?
2888 4330 2906 4363 ι
2944 4311 3087 4365 Sunt
3121 4312 3289 4366 verba
3319 4313 3434 4367 Ita-e

164 4410 459 4481 δηλούσαις
515 4416 609 4466 καὶ
664 4413 948 4483 ἄνανδρον.
976 4412 1129 4483 ’Ἅμα
1160 4412 1216 4464 δὲ
1258 4411 1499 4481 καὶπερὶ
1524 4409 1623 4481 τὴν
1655 4411 1747 4464 πί-

1857 4404 2047 4473 pusilli
2081 4404 2273 4467 animi,
2306 4419 2370 4459 ac
2402 4404 2679 4474 prtecipue
2708 4404 2902 4458 nescii.
2939 4403 3057 4459 Non
3087 4407 3233 4459 enim
3265 4421 3435 4458 nove-

167 4517 281 4554 στιν
344 4502 426 4556 ἔτι
480 4502 541 4554 τὸ
590 4502 800 4571 ἀπαγὲς
853 4502 1071 4571 ἔχοντες
1102 4541 1116 4562 .
1171 4498 1400 4560 είκὸτως
1451 4497 1746 4550 ἐδεδίεσαν.

169 4591 334 4645 Ὀοεν
369 4592 574 4660 εὔλογα
602 4592 782 4660 λέγειν
812 4591 1031 4646 ἐδόκουν
1052 4607 1063 4621 ’
1088 4609 1106 4642 ι
1139 4589 1253 4642 Νῦν
1277 4589 1502 4657 ἐζήτουν
1531 4605 1589 4640 σε
1629 4586 1751 4640 Ἰου-

163 4684 299 4738 δαῐοι
324 4684 570 4751 λιθάσαι,
602 4688 697 4739 κα)⁸
726 4684 888 4739 πάλιν
920 4684 1153 4753 ὑπάγεις
1194 4682 1349 4748 ὲκεῖ;
1395 4681 1693 4752 Ἀπεκρίθη
1723 4683 1751 4734 ὁ

177 4776 389 4847 Ἰησοῦς
414 4793 428 4806 ο
462 4780 594 4848 Οὐχὶ
625 4778 833 4832 δώδεκα
860 4770 1001 4849 ὧραί
1039 4778 1144 4830 είσι
1196 4775 1296 4846 τῆς
1331 4774 1578 4845 ήμέρας;
1624 4774 1751 4827 Ἐάν

163 4882 246 4931 τις
268 4874 552 4940 περιπατῇ
583 4872 640 4923 ὲν
664 4873 729 4942 τῇ
762 4870 870 4940 mi:
882 4886 950 4941 ρᾳ
978 4869 1039 4922 οὑ
1072 4868 1427 4940 προσκόπτει,
1450 4867 1532 4919 ὅτι
1553 4865 1614 4918 τὸ
1636 4865 1751 4935 φῶς

163 4959 256 5013 τοῦ
276 4960 492 5032 κόσμου
529 4963 722 5017 τούτου
767 4962 977 5034 βλέπει.
1022 4963 1148 5017 Ἐάν
1182 4962 1239 5015 δέ
1266 4978 1348 5024 τις
1382 4961 1660 5030 περιπατῇ
1681 4960 1747 5030 τῇ

166 5054 322 5105 νυκτὶ
348 5055 706 5123 προσκόπτει,
746 5056 828 5108 δτι
874 5054 935 5108 τὸ
970 5050 1085 5125 ιρῶς
1126 5055 1224 5108 οὑκ
1263 5053 1409 5107 ἐστιν
1442 5054 1499 5105 ὲν
1520 5050 1688 5128 αὐτῷ.
1725 5070 1745 5105 ι

236 5250 257 5270 υ
290 5232 452 5287 Joan.
490 5250 576 5302 κν,
612 5236 702 5290 15.

1857 4505 1982 4550 rant
2008 4495 2142 4565 quid
2172 4497 2249 4551 rei
2282 4506 2563 4567 ageretur.
2592 4494 2749 4550 Haud
2776 4497 2983 4566 quippe
3018 4498 3245 4551 tnoIcSIe
3275 4497 3434 4550 tulis-

1858 4596 2011 4644 sent:
2034 4588 2466 4658 haudquaquam
2488 4589 2626 4642 tales
2651 4596 3013 4658 usurpasseut
3032 4602 3214 4651 voces,
3233 4588 3430 4655 quibus

1859 4682 2134 4735 imbellem
2165 4682 2407 4735 animum
2433 4681 2921 4750 clYetninatuntque
2942 4679 3317 4734 ostenderent.
3352 4679 3430 4733 Ad

1861 4774 1975 4828 haec
2006 4789 2159 4837 vero,
2197 4773 2301 4827 lide
2355 4773 2600 4827 nondum
2654 4773 2835 4836 lirtna,
2886 4788 2997 4827 nou
3053 4771 3326 4826 immerito
3361 4774 3433 4824 ti-

1858 4873 2139 4920 tnueruut.
2197 4863 2355 4920 Unde
2401 4864 2505 4919 sibi
2558 4880 2802 4934 congrue
2844 4864 3174 4919 Videbantur
3204 4865 3430 4921 dicere:

1863 4976 1882 5008 ι
1919 4955 2077 5012 Nunc
2110 4956 2433 5027 quaerebant
2494 4966 2544 5011 te
2572 4955 2744 5009 Judaei
2805 4954 3090 5026 lapidare,
3138 4962 3193 5009 et
3236 4955 3431 5008 iterum

1863 5049 2020 5103 vadis
2075 5048 2249 5103 illuc?
2301 5045 2611 5118 Respondit
2665 5045 2873 5103 Jesus:
2915 5043 3108 5100 Nonne
3138 5045 3429 5100 duodecim

1496 5383 1886 5441 COMBEFISII
1918 5383 2151 5440 NOTAE.

236 5531 351 5601 (i2)
385 5528 628 5599 Caiphas
659 5539 829 5583 autem
864 5530 1075 5601 insania
1130 5529 1378 5601 {et-retur.
1412 5523 1740 5601 Μανςσόμετ

168 5593 279 5655 νον.
331 5593 658 5654 Proximum
708 5610 789 5655 est
819 5600 894 5670 τῷ
937 5593 1365 5673 μαντησόμενον,
1423 5610 1534 5673 quo
1598 5593 1739 5673 haud

171 5673 335 5725 dubie
387 5679 589 5722 auctor
649 5666 878 5738 respexit
911 5666 1344 5737 :Tuitqtte'vere
1375 5673 1432 5716 ut
1485 5666 1553 5716 ab
1621 5666 1742 5738 ipso

170 5739 265 5794 illa
332 5740 626 5811 prophetia
681 5734 839 5807 μάνία
862 5749 912 5795 et
952 5734 1106 5793 furor
1145 5738 1364 5808 quidem
1418 5734 1741 5804 impotentis

1850 5526 1920 5579 ab
1953 5523 2155 5578 invidia
2221 5523 2393 5576 animi
2423 5540 2437 5587 ;
2478 5520 2761 5590 prophetia
2789 5526 3036 5590 tantum,
3066 5526 3121 5571 ul
3154 5533 3184 5590 a
3219 5511 3435 5590 Spiritu

1852 5604 2069 5657 sancto,
2110 5605 2167 5648 ut
2198 5593 2313 5663 ipsc
2346 5588 2593 5648 Joannes
2628 5590 2948 5645 insinuavit.
2986 5588 3200 5658 Deperit
3230 5589 3285 5641 iu
3315 5602 3435 5640 ver-

1852 5668 2008 5720 sione
2041 5668 2129 5720 tlle
2172 5667 2342 5734 lepos.
