4016 6130
577 289 684 356 963

1750 276 1815 337 S.
1839 274 2167 336 ΑΝΟΒΕΕ
2206 274 2630 335 CRETENSIS

3741 278 3844 342 9M

503 405 507 411 ’
581 410 711 461 sunt
756 402 907 456 home
956 398 1098 454 diei?
1145 396 1200 451 Si
1233 396 1361 465 quis
1403 390 1768 449 ambulaverit
1795 392 1850 446 in
1891 390 2008 455 die,
2047 404 2145 444 nou

2255 390 2492 459 Αἵνιγμα
2544 386 2704 440 τοῦτο
2762 386 2858 454 τῆς
2903 387 3041 441 κατὰ
3097 387 3158 440 τὸ
3218 388 3391 452 πάθος
3433 389 3609 461 ὥρας,
3644 391 3850 463 μιερδν

580 492 813 548 oli'endit
841 530 856 555 ,
891 490 1021 559 quia
1080 488 1262 541 lucem
1315 483 1487 554 hujus
1529 482 1912 556 mundividct.
1953 481 2009 535 Si
2044 496 2146 535 att-

2258 479 2411 533 οὔπω
2448 480 2752 550 μελλούσης
2774 479 3122 546 ἐφίσσασθαι.

579 593 686 641 tem
717 581 1077 639 ambulaverit
1121 581 1175 633 in
1217 585 1406 643 nocte,
1459 575 1683 631 oll‘endit
1711 616 1726 639 ,
1761 574 1888 644 quia
1922 575 2015 627 lux
2048 588 2157 626 non
2194 582 2281 627 est
2307 574 2360 627 in
2403 590 2485 627 eo.
2521 592 2538 624 ι
2609 572 2858 628 Obscure
2902 572 3184 643 signiﬁcat
3253 586 3468 642 tempus
3542 571 3847 645 passionis,

578 674 724 744 quod
759 671 1036 726 modicum
1072 668 1480 737 aliquantulum
1527 666 1762 721 debebat
1797 666 2077 735 ingruere.

653 769 800 822 Diem
832 782 1022 836 porro,
1075 764 1314 836 gratiam
1375 762 1712 831 cogitaveris
1758 768 1812 817 et
1843 762 2154 823 veritatem,

575 859 781 931 quibus
832 856 1203 910 collustratus
1260 852 1352 922 qui
1410 851 1794 921 evangelicum
1843 858 1990 904 tenet
2030 850 2157 912 iter,

2327 756 2561 826 Νοήσεις
2595 754 2651 808 δὲ
2677 754 2913 826 ἡμέραν,
2953 753 3051 824 τὴν
3081 752 3245 823 χάριν
3274 751 3371 806 καὶ
3420 752 3522 823 τὴν
3549 753 3846 825 ἀλήθειαν,

2255 844 2343 913 αἷς
2388 851 2416 901 ὁ
2441 850 2540 918 τὴν
2580 846 2943 915 εύαγγελικῇν
2978 845 3175 898 ὁδεύων
3219 845 3338 898 ὁδὸν
3384 845 3812 917 ἐλλαμπόμενος
3835 886 3856 913 ,

582 966 691 1005 non
744 947 973 1003 oﬂ'eudit
1034 945 1218 1015 lapide
1262 942 1520 999 Iudaica:
1563 941 1910 1008 oli‘ensionis,
1952 959 1972 994 ι
2020 940 2145 1007 Qui:

2255 941 2316 992 οὐ
2344 940 2683 1009 προσκόπτει
2713 937 2790 1007 τῷ
2821 935 2951 1006 λίθῳ
3000 933 3093 988 τοῦ
3137 935 3430 990 Ἰουδαϊκοῦ
3471 937 3849 1009 προσκόμμα-

576 1043 758 1097 lucem
789 1041 958 1109 hujus
995 1038 1186 1093 mundi
1234 1036 1385 1092 videt
1414 1046 1467 1091 ι’.
1528 1055 1548 1088 ι
1586 1035 1699 1090 Lux
1733 1044 1914 1089 autem
1947 1033 2157 1098 mundi,

575 1133 838 1189 Christus
889 1139 997 1195 est,
1058 1131 1153 1201 qui
1211 1130 1288 1197 ait
1339 1147 1409 1187 ιι
1450 1128 1566 1195 Ego
1620 1128 1715 1181 lux
1773 1127 1828 1181 iu
1889 1126 2155 1181 tnundum

575 1226 782 1281 veniq.
827 1243 846 1277 ›
889 1223 954 1278 Et
1002 1240 1018 1277 :
1080 1242 1099 1274 ι
1140 1224 1251 1292 Ego
1278 1236 1400 1275 sum
1438 1220 1528 1274 lux
1574 1219 1765 1273 mundi
1799 1228 1844 1272 ι’.
1906 1237 1924 1270 ι
1979 1217 2155 1271 Etiam

577 1314 1028 1386 praedicationem
1054 1312 1453 1379 evangelicum,
1483 1311 1658 1365 lucem
1689 1309 1993 1379 acceperis,
2051 1321 2157 1362 nec

578 1422 686 1462 non
745 1419 867 1476 quae
922 1415 1009 1460 est
1056 1420 1126 1458 ex
1181 1404 1459 1473 baptismo
1510 1403 2034 1472 regenerationem,
2091 1413 2157 1452 ac

575 1496 740 1550 etiam
776 1493 1027 1548 honestis
1056 1493 1311 1546 moribus
1354 1492 1613 1546 decoram
1648 1491 2154 1551 conversationem,

576 1596 637 1640 ttt
673 1594 757 1641 est
796 1586 929 1639 illttd
962 1602 976 1637 :
1025 1601 1045 1635 ‹
1103 1582 1196 1638 Sic
1228 1584 1411 1638 luceat
1461 1584 1557 1638 lux
1607 1591 1791 1638 vestra
1824 1597 2010 1638 coram
2053 1581 2153 1636 ho-

2257 1047 2370 1093 τος,
2396 1050 2417 1081 ι
2457 1030 2583 1082 Ὅτι
2612 1028 2673 1081 τὸ
2702 1028 2817 1097 φῶς
2847 1027 2942 1080 τοῦ
2970 1028 3177 1097 κόσμου
3226 1026 3417 1081 τούτου
3456 1027 3668 1098 βλέπει.
3698 1048 3723 1081 ι
3750 1031 3858 1083 Κό-

2264 1139 2401 1192 σμου
2430 1121 2489 1174 δὲ
2518 1119 2655 1188 φῶς,
2682 1122 2711 1172 ὁ
2741 1119 2994 1189 Χριστὸς,
3043 1119 3072 1170 δ
3125 1118 3297 1172 είπών
3321 1135 3333 1148 ·
3373 1137 3393 1171 ι
3444 1118 3586 1187 Ἐγὼ
3617 1121 3745 1189 φῶς
3774 1124 3858 1185 εἰς

2260 1212 2352 1264 τὸν
2389 1211 2591 1280 κόσμον
2612 1209 2867 1277 ἐλήλυθα.
2899 1228 2917 1260 ι
2951 1208 3081 1262 Καί·
3115 1228 3134 1260 ι
3180 1208 3322 1278 Ἑγώ
3362 1212 3477 1279 είμι
3511 1211 3570 1263 τὸ
3603 1211 3726 1279 φῶς
3755 1212 3859 1264 τοῦ

2261 1302 2491 1372 κόσμου.
2527 1320 2545 1353 ν
2578 1301 2820 1370 Νοήσεις
2871 1300 2927 1352 δὲ
2963 1299 3101 1368 φῶς,
3129 1299 3227 1352 καὶ
3262 1300 3324 1353 τὸ
3362 1301 3729 1369 εὖαγγελικδν
3753 1304 3862 1374 κη-

2263 1412 2471 1466 ρυγμα,
2499 1396 2595 1448 καὶ
2622 1394 2720 1464 τὴν
2754 1395 2841 1447 διὰ
2887 1393 2981 1446 τοῦ
3043 1393 3417 1465 βαπτίσματος
3452 1397 3858 1467 ἀναγεννησιν,

2259 1489 2354 1539 καὶ
2384 1487 2486 1555 τὴν
2514 1485 2573 1538 ἐν
2603 1484 2724 1556 ἤθει
2776 1483 2962 1554 σεμνῷ
3016 1483 3295 1555 διαγωγήν
3330 1500 3347 1515 ·
3368 1483 3441 1549 ὡς
3483 1485 3566 1537 τό·
3596 1505 3617 1537 ι
3660 1485 3860 1547 Οὕτως

2260 1578 2527 1648 λαμψάτω
2557 1577 2618 1630 τὸ
2648 1577 2762 1647 φῶς
2791 1576 2946 1648 ὑμῶν
2986 1576 3304 1647 ἔμπροσθεν
3326 1577 3433 1631 τῶν
3458 1577 3804 1649 ἀνθρώπων.
3836 1597 3855 1630 ι

575 1677 820 1731 minibus
845 1685 893 1731 ι’.
956 1692 975 1726 ι
1038 1664 1267 1728 Noctem
1326 1681 1535 1737 autem,
1582 1672 1813 1743 legalem
1848 1672 2145 1727 caecitatem

2262 1670 2452 1725 Νύκτα
2486 1671 2564 1732 δὲ,
2590 1670 2690 1741 τὴν
2721 1670 2954 1741 νομικὴν
2983 1668 3280 1738 ἁσλεψίαν·
3334 1670 3457 1723 καθ’
3498 1670 3566 1741 ἢν
3602 1673 3631 1725 ὁ
3658 1671 3769 1740 τὴν
3802 1673 3860 1722 ἐν

578 1768 858 1835 intellige,
890 1781 998 1834 qna
1026 1765 1119 1834 qui
1158 1763 1451 1834 ﬁgurarum
1490 1765 1746 1834 graditur
1783 1764 1897 1828 via,
1934 1763 2153 1833 solique

578 1858 816 1912 attendit
870 1857 1085 1919 litterte,
1146 1854 1203 1908 in
1250 1853 1539 1909 Christum
1600 1853 1854 1918 offendit,
1908 1853 2151 1923 positum

578 1958 788 2018 petram
816 1946 1142 2001 offensionis
1177 1945 1227 1999 ci
1269 1946 1364 2015 qui
1398 1960 1497 2015 per
1551 1945 1938 1999 inﬁdelitatem
1967 1958 2150 1998 caecu-

578 2038 668 2093 tit.
731 2037 801 2089 At
848 2036 943 2107 qui
993 2034 1253 2089 olfendit?
1305 2034 1455 2088 velut
1513 2034 1604 2104 qui
1668 2051 1776 2088 non
1830 2035 2036 2089 habeat
2096 2034 2152 2087 in

576 2128 763 2197 seipse
802 2128 981 2180 lucem
1017 2127 1225 2195 gratim,
1252 2141 1362 2195 qua
1410 2125 1589 2194 pulsis
1620 2124 1984 2194 disjeCtisque
2015 2125 2152 2179 den—

573 2219 652 2273 sis
679 2220 943 2283 tenebris,
968 2218 1201 2287 spiritus
1240 2217 1531 2287 splendore
1581 2217 1768 2272 littera
1815 2218 2147 2271 illustratur.

573 2310 738 2366 Forte
777 2325 904 2366 vero
932 2311 1053 2365 dies
1088 2311 1251 2364 ctiam
1284 2310 1536 2365 videatur
1566 2310 1817 2365 miraculi
1849 2310 2149 2375 evidentia,

571 2401 717 2471 quod
747 2401 933 2456 statim
968 2400 1107 2456 solis
1163 2402 1339 2455 instar
1394 2401 1689 2455 tenebrosa
1721 2401 1909 2463 corda,
1948 2407 2151 2453 totam-

569 2506 677 2562 que
710 2493 932 2561 penitus
977 2490 1220 2544 Iudaeam
1275 2488 1671 2544 circumfulsit.
1711 2487 1830 2543 Non
1865 2490 2009 2544 enim
2042 2491 2151 2543 sic-

571 2591 631 2635 ut
662 2583 717 2635 in
768 2583 915 2646 aliis,
958 2597 1025 2637 ne
1053 2583 1142 2634 cui
1176 2580 1509 2634 miraculum
1548 2579 1853 2634 referretur
1883 2580 2146 2650 injunxit;

569 2655 697 2726 nam
741 2688 924 2741 neque
970 2672 1024 2724 in
1080 2671 1305 2725 occulto
1332 2680 1677 2740 patraverat.
1707 2669 1936 2725 Noctem
1966 2679 2146 2724 autem

568 2767 733 2820 etiam
760 2761 967 2817 Judaeis
1000 2761 1236 2816 oﬂ'usam
1279 2764 1580 2833 caliginem
1615 2770 2027 2831 consequenter
2057 2778 2148 2817 ac-

567 2856 810 2922 ceperis,
867 2868 972 2923 qua
1035 2863 1254 2907 caecata:
1305 2862 1437 2907 sunt
1492 2853 1714 2922 pupilla:
1745 2852 1911 2907 animi
1940 2853 2147 2923 duplici

571 2948 675 3001 hoc
719 2946 1038 3000 laborantes
1090 2947 1315 3009 morbo,
1363 2945 1679 3016 ignorantia
1743 2952 1796 2998 et
1853 2947 2144 3000 caacitate:

2263 1764 2453 1828 τύποις
2481 1760 2684 1817 ὁδεύων
2744 1763 2883 1827 ὁδὸν,
2933 1762 3029 1815 καὶ
3080 1764 3218 1833 μόνῃ
3272 1765 3338 1834 τῇ
3371 1761 3466 1815 τοῦ
3513 1762 3862 1833 γράμματος

2261 1844 2614 1926 τῷοσανέχων
2677 1853 2825 1922 σκιᾷ,
2883 1853 3210 1923 προσπταίει
3266 1852 3344 1924 τῷ
3402 1853 3626 1923 Χριστῷ
3665 1854 3866 1925 πέτρᾳ.

2262 1944 2562 2000 σκανδάλου
2596 1944 2672 2013 τῷ
2721 1943 2789 2017 διέ
2824 1944 3085 1997 ἀπιστίαν
3115 1928 3534 2014 ἀμϐλυωποῦντι
3580 1946 3859 2016 κειμένῳ.

2260 2033 2600 2105 Προσκρούει
2631 2031 2686 2085 δὲ
2726 2032 2879 2096 πῶς;
2916 2034 2991 2095 ὡς
3025 2033 3086 2086 τὸ
3117 2033 3232 2100 φῶς
3281 2033 3381 2086 οὐκ
3417 2033 3555 2104 ἔχων
3579 2034 3640 2086 ὲν
3664 2036 3861 2105 ἑαυτῷ

2258 2125 2361 2195 τῆς
2389 2125 2611 2195 χάριτος
2631 2139 2645 2154 ⁸
2673 2115 2718 2190 ᾧ
2738 2122 2799 2175 τὸ
2824 2121 3053 2185 σκιῶδες
3083 2122 3257 2192 ἠλάθη
3285 2123 3497 2189 σκότος,
3521 2123 3553 2194 ἦ
3588 2123 3857 2194 διεκόπη.

2258 2220 2324 2288 τῇ
2377 2214 2682 2287 λαμπηδόνι
2749 2214 2841 2267 τοῦ
2902 2214 3218 2285 πνεύματος
3266 2214 3693 2291 διαυγασθεντος
3753 2217 3859 2269 τοῦ

2258 2308 2604 2379 γράμματος.
2657 2305 2899 2377 Ἡμέρας
2944 2305 3001 2359 δὲ
3071 2308 3287 2377 νοήσεις
3322 2306 3474 2376 -τάχα
3518 2308 3615 2359 καὶ
3658 2307 3729 2361 τδ
3756 2307 3860 2360 τοῦ

2252 2399 2538 2470 θαύματος
2567 2397 2819 2468 ἐναργὲς,
2862 2396 3016 2467 ήλίου
3052 2396 3212 2467 δίκην
3243 2396 3342 2461 τάς
3391 2398 3673 2469 ἀλαμπεῖς
3707 2415 3861 2468 τιαρ-

2254 2489 2394 2555 δίας,
2441 2489 2535 2542 καὶ
2597 2490 2777 2541 πᾶσαν
2830 2488 2999 2559 ἄρδην
3037 2488 3238 2542 αύτίκα
3277 2488 3378 2558 τὴν
3434 2490 3706 2543 Ἰουδαίαν
3756 2508 3861 2543 πε-

2259 2583 2583 2652 ριαυγάσαν.
2612 2582 2687 2634 Οὐ
2720 2581 2828 2651 γὰρ
2858 2579 2934 2643 ὡς
2973 2582 3031 2632 ὲν
3088 2583 3202 2643 τοῖς
3261 2580 3472 2646 ἄλλοις,
3517 2583 3711 2652 μηδενὶ
3757 2584 3859 2649 ἐξ-

2257 2678 2431 2728 ειπείν
2456 2675 2517 2727 τὸ
2548 2673 2732 2744 θαῦμα
2756 2673 3149 2745 παρήγγειλεν,
3174 2674 3257 2727 δτι
3288 2675 3363 2744 μὴ
3389 2674 3632 2747 κρύὸδην
3663 2676 3861 2747 ἐξείρε-

2255 2769 2480 2836 γάσατο.
2513 2765 2705 2819 Νύκτα
2767 2765 2825 2819 δὲ
2893 2767 2986 2820 καὶ
3020 2766 3118 2830 τὴν
3147 2765 3255 2820 τῶν
3311 2767 3582 2821 Ἰουδαίων
3622 2770 3859 2838 νοήσεις

2256 2859 2567 2921 ἀκολούθως
2597 2857 2787 2928 ἀχλὺν,
2819 2856 2941 2910 ttae“
2968 2858 3034 2928 ἢν
3056 2857 3154 2927 τῆς
3181 2857 3361 2928 ψυχῆς
3384 2858 3484 2921 τὰς
3514 2858 3684 2931 κόρας
3739 2861 3859 2914 ἀπ-

2256 2951 2669 3023 ετυφλώθησαν,
2698 2949 2789 3003 δύο
2844 2948 3018 3004 ταῦτα
3050 2950 3402 3019 νοσήσαντες,
3441 2951 3728 3018 ἀγνωσίαν
3754 2953 3858 3005 καὶ

571 3058 595 3092 ι
639 3037 967 3097 Nescierunt
1019 3038 1190 3101 enim,
1244 3038 1450 3107 inquit,
1490 3052 1669 3107 neque
1717 3037 2144 3101 intellexerunt,

2256 3017 2502 3117 πήρωσιν
2530 3017 2543 3075 ξ
2578 3065 2596 3095 ι
2626 3045 2699 3096 Uti
2724 3042 2831 3113 γάρ
2874 3042 3143 3111 ἔγνωσαν,
3171 3017 3364 3110 ⁷φησιν,
3392 3017 3517 3094 οὺδὲ
3567 3042 3854 3112 συνῆκαν,

569 3135 624 3187 in
659 3132 901 3187 tenebris
958 3131 1245 3185 ambulant
1274 3138 1322 3183 ⁸.
1356 3148 1375 3180 ι
1422 3128 1527 3196 Qui
1562 3146 1675 3184 non
1708 3130 1870 3185 modo
1896 3145 2004 3184 non
2037 3130 2152 3207 vel-

568 3226 683 3281 lent
706 3224 892 3278 videre
922 3223 1101 3278 lucem
1135 3223 1190 3275 in
1229 3222 1473 3277 tenebris
1531 3222 1805 3276 lucentem
1840 3223 1892 3286 ι,
1927 3222 2023 3277 sed
2050 3236 2148 3276 ne-

568 3329 697 3385 que,
766 3314 852 3368 sin
898 3313 1083 3367 minus
1127 3312 1276 3366 aliud
1346 3313 1674 3383 quidquam,
1737 3312 2147 3367 multitudinem

569 3408 853 3474 signorum
901 3414 1331 3460 revererentur:
1384 3406 1618 3476 ideoque
1649 3406 1776 3475 jure
1822 3406 1975 3461 nocti
2005 3406 2148 3461 assi-

567 3496 744 3551 milati
789 3505 939 3560 sunt,
971 3504 1025 3549 et
1055 3497 1263 3566 quibus
1309 3497 1624 3552 incredulis
1660 3499 1861 3552 merito
1886 3496 2151 3553 Christus

567 3591 709 3661 lapis
771 3589 1099 3645 oliensionis
1132 3601 1184 3643 et
1217 3599 1373 3659 petra
1413 3590 1663 3644 scandali
1698 3589 1879 3645 factus
1906 3591 1976 3645 sit
2004 3608 2057 3643 ιι.

642 3701 662 3732 ι
696 3680 842 3746 Haec,
879 3682 1079 3750 inquit,
1129 3682 1227 3745 ait,
1262 3688 1315 3734 et
1349 3688 1472 3749 post
1532 3680 1647 3734 haec
1683 3680 1823 3733 dixit
1851 3680 2146 3750 discipulis

566 3774 687 3829 suis
717 3790 733 3827 :
761 3772 999 3826 Lazarus
1061 3780 1252 3827 noster
1306 3773 1531 3825 dormit.
1563 3790 1582 3823 ι
1626 3770 1859 3827 Videtur
1918 3773 2144 3843 quidem

565 3864 711 3932 quod
741 3862 948 3915 dictum
987 3870 1093 3923 est,
1135 3861 1434 3915 obscurius
1483 3860 1698 3915 dictum
1729 3878 1743 3915 :
1774 3861 1928 3916 clara
1961 3871 2144 3917 tamen

565 3962 650 4007 est
675 3953 949 4021 expositio
978 3959 1035 4005 et
1067 3949 1319 4005 doctrina
1361 3952 1440 4004 rei
1466 3967 1593 4021 quae
1624 3951 1993 4020 significatur.
2027 3950 2144 4007 Uu-

564 4045 634 4099 tle
663 4046 827 4099 etiam
854 4058 1079 4098 causam
1108 4042 1277 4098 eundi
1335 4043 1402 4096 ad
1427 4059 1551 4097 eum
1617 4060 1683 4097 ex
1710 4044 1946 4100 adverso
1998 4046 2145 4101 infc-

558 4120 713 4200 rens,
747 4136 823 4188 ait
868 4152 881 4187 :
911 4154 929 4186 ι
962 4134 1068 4189 Sed
1105 4135 1245 4189 vado
1282 4143 1340 4189 ut
1372 4152 1401 4188 a
1442 4150 1642 4190 somno
1670 4136 1906 4192 excitem
1936 4152 2084 4193 eum.
2115 4158 2133 4190 ι

562 4229 677 4284 Hoc
713 4244 880 4298 porro
915 4229 993 4281 ait
1051 4243 1159 4283 non
1218 4228 1614 4297 iactabundus.
1681 4228 1815 4281 Nunt
1872 4231 2016 4283 enim
2066 4233 2139 4287 ita

561 4325 801 4377 obscure
830 4322 1047 4375 locutus
1074 4330 1243 4382 esset,
1278 4329 1335 4372 ut
1370 4337 1545 4391 neque
1575 4322 1679 4390 ipsi
1729 4322 1988 4393 disripuli
2020 4340 2139 4379 ser-

563 4428 779 4469 monem
837 4412 1246 4480 intelligerent?
1278 4409 1411 4464 Nam
1478 4428 1590 4466 non
1652 4413 1794 4466 dixit
1828 4433 1842 4467 :
1875 4412 2027 4469 Vade
2080 4425 2139 4470 ut

562 4505 628 4559 ad
658 4507 826 4557 vitam
876 4514 1149 4567 revocent,
1210 4503 1293 4556 vel
1326 4511 1437 4557 uta
1465 4504 1704 4558 mortuis
1764 4507 2091 4560 resuscitcm
2122 4523 2137 4563 :

560 4595 682 4661 sed,
718 4612 739 4645 ι
762 4590 832 4648 Ut
857 4595 1093 4649 excitent
1124 4609 1153 4647 a
1189 4610 1388 4648 somno
1418 4613 1465 4658 ι,
1506 4596 1652 4664 quod
1678 4596 1869 4651 adhuc
1898 4607 2015 4651 erat
2046 4614 2141 4652 ru-

559 4687 687 4737 tlius
714 4685 780 4738 ad
845 4685 1245 4755 suspicionem.
1308 4704 1326 4735 ι
1377 4684 1581 4739 Dicunt
1638 4701 1768 4757 ergo
1830 4689 2137 4759 discipuli:

563 4776 810 4840 Domine,
864 4777 908 4833 si
968 4778 1196 4841 dormit,
1260 4777 1451 4832 salvus
1482 4781 1585 4833 erit
1620 4801 1633 4834 :
1672 4800 1690 4833 ι
1751 4791 2141 4852 exspectantes

558 4869 945 4923 excitationem
984 4885 1013 4923 a
1046 4884 1265 4925 somno.
1311 4889 1328 4920 ι
1365 4872 1585 4925 Dixerat
1610 4886 1794 4928 autem
1840 4872 2041 4945 ‘Jesus,
2074 4875 2142 4930 de

560 4970 738 5017 morte
767 4962 932 5031 ejus:
972 4961 1049 5014 illi
1086 4970 1269 5017 autem
1309 4970 1649 5032 putaverunt
1694 4965 1852 5034 'quod
1889 4966 1956 5019 de
2008 4966 2137 5019 dor—

557 5054 789 5107 mitione
816 5054 997 5110 somni
1057 5054 1289 5109 diceret.
1321 5073 1339 5105 »
1379 5052 1545 5110 Vides
1582 5057 1850 5112 doctrina:
1894 5058 2136 5111 alienaea

455 5130 459 5135 ’
560 5148 704 5201 fastu
740 5162 951 5209 vocem,
1009 5154 1070 5199 ut
1104 5163 1280 5218 neque
1312 5148 1406 5217 qui
1455 5148 1732 5215 audirent,
1765 5165 1874 5219 pra:
1898 5151 2136 5205 locutio—

558 5239 645 5293 nis
678 5238 994 5292 humilitate
1029 5248 1258 5306 possent
1286 5239 1787 5310 percipere?Uude
1816 5257 1916 5296 nec
1950 5242 2131 5297 incre-

560 5328 741 5401 pavit,
763 5338 825 5385 ut
856 5345 964 5385 non
992 5346 1123 5385 raro
1176 5334 1328 5387 visus
1357 5343 1441 5387 cst
1474 5320 1673 5398 facere,
1724 5350 1851 5389 cum
1883 5334 2032 5389 dicta
2067 5337 2132 5389 ad

560 5424 713 5491 ipsos
745 5421 930 5477 minus
997 5422 1367 5492 perciperent,
1407 5438 1471 5477 ac
1504 5427 1791 5496 corrigens
1820 5427 2133 5495 castigans-

557 5529 667 5583 que
694 5528 889 5567 eorum
946 5514 1288 5570 tarditatem.
1350 5506 1554 5569 Verum
1613 5533 1849 5572 excusso
1878 5517 2131 5572 obscuri-

628 5634 657 5673 P
682 5623 840 5678 Jmn.
884 5636 960 5683 ιι,
990 5619 1044 5676 9.

565 5709 750 5753 xxxut.
795 5694 895 5757 l6;
934 5696 1087 5748 llum.
1142 5712 1219 5758 ιιι,
1251 5697 1346 5753 55.

1170 5636 1197 5675 τι
1236 5624 1393 5680 Jnan.
1460 5615 1655 5704 xmfti.
1698 5627 1714 5648 τ
1746 5617 2045 5693 Joatuvm,
2075 5623 2150 5673 ιλ.

2253 3139 2311 3189 ὲν
2336 3138 2515 3189 σκότει
2536 3134 2968 3205 διαπορεύονται.
3003 3153 3021 3184 ι
3050 3133 3142 3204 Μὴ
3172 3134 3254 3186 ὃτι
3275 3132 3342 3186 τὸ
3370 3133 3494 3202 φῶς
3510 3134 3582 3187 ἐν
3606 3133 3678 3201 τῇ
3698 3148 3860 3190 axo-

2251 3229 2348 3294 τίᾳ
2377 3228 2597 3297 φαῖνον
2626 3226 2845 3297 βλέπειν
2872 3226 2936 3278 οὐ
2962 3225 3342 3296 βουληθέντες,
3366 3226 3483 3279 ἀλλ’
3516 3225 3630 3279 οὐδ’
3654 3227 3708 3279 εί
3773 3230 3854 3298 μή

2250 3320 2472 3386 τιᾶλλο,
2505 3318 2615 3372 τῶν
2638 3336 2702 3388 γε
2747 3316 2990 3389 σημείων
3036 3316 3378 3381 αἰδεσθέντες
3423 3317 3493 3369 τά
3526 3315 3717 3388 πλήθη
3743 3335 3764 3350 ο
3800 3319 3855 3373 οἰ

2249 3411 2473 3473 δικαίως
2498 3410 2657 3463 νυκτὶ
2712 3407 3101 3478 ὼμοιώθησαν,
3131 3407 3228 3461 καὶ
3255 3401 3336 3471 οἷς
3375 3406 3525 3471 λίθος
3548 3410 3853 3480 προσκόμ-

2253 3518 2424 3572 ματος
2451 3500 2546 3553 ιιαὶ
2579 3499 2753 3569 πέτρα
2782 3498 3081 3552 σκανδάλου
3110 3498 3339 3563 εἰκότως
3364 3497 3581 3567 γίνεται
3600 3499 3853 3571 Χριστὸς

2249 3592 2602 3663 ἀπειθήσασι.
2717 3580 2730 3593 ’

2325 3705 2344 3736 ι
2381 3683 2565 3737 Ταῦτα
2617 3677 2758 3747 εἷπε,
2819 3683 2985 3753 φησι,
3047 3681 3143 3735 καὶ
3202 3680 3340 3753 μετά
3379 3668 3559 3736 ταῦτα
3643 3681 3848 3750 λέγει·

2248 3775 2498 3847 Λάζαρος
2529 3776 2557 3828 ὁ
2595 3774 2745 3842 φίλος
2785 3773 3329 3845 ήμῶνίκεκοίμηται,
3370 3790 3390 3822 ι
3429 3772 3567 3826 Μετ’
3597 3774 3846 3843 ἐπιχρύ-

2246 3867 2393 3936 ψεως
2441 3867 2540 3935 μὲν
2585 3865 2734 3918 δοκεῖ
2786 3880 2903 3926 πως
2960 3862 3211 3934 εἰρῆσθαι
3265 3865 3381 3925 τοῖς
3440 3862 3730 3931 μαθηταῖς
3785 3864 3850 3915 to

2246 3960 2434 4029 λεχθέν
2458 3975 2470 3987 ·
2496 3958 2755 4026 ἐκφανσις
2775 3957 2831 4009 δὲ
2847 3955 2941 4008 τοῦ
2973 3953 3383 4026 σημαινομένου
3408 3952 3603 4007 τούτου
3630 3954 3845 4024 σαφής.

2246 4048 2336 4101 Διὸ
2368 4048 2460 4100 καὶ
2479 4048 2578 4117 τὴν
2616 4047 2794 4100 αἰτίαν
2818 4047 2918 4117 τῆς
2955 4042 3047 4097 ἐπ’
3071 4045 3233 4099 αὑτὸν
3273 4045 3504 4114 πορείας
3532 4046 3848 4114 ἀντεπιᾳέ-

2248 4158 2377 4211 ρων,
2405 4139 2601 4211 φησίν’
2631 4158 2649 4190 t
2698 4137 2859 4191 Ἀλλά
2907 4138 3210 4209 πορεύομαι
3235 4179 3249 4199 ,
3284 4136 3372 4189 ἵνα
3416 4137 3695 4201 ἐξυπνίσω
3736 4139 3847 4191 αὖ·

2244 4233 2357 4286 τόν.
2406 4251 2425 4284 ι
2460 4234 2534 4285 Οὐ
2582 4230 2883 4302 κομπάζων
2920 4230 2977 4282 δὲ
3021 4229 3179 4282 τοῦτό
3224 4246 3410 4298 φησιν.
3459 4228 3538 4281 Οὐ
3598 4227 3712 4297 γὰρ
3776 4228 3846 4282 ἂν

2242 4316 2416 4386 οὓτως
2441 4322 2688 4393 ἀμυδρὰν
2703 4320 2855 4390 ἠφίει
2883 4320 3086 4389 φωνὴν,
3108 4319 3183 4381 ὡς
3212 4317 3338 4388 μηδ’
3358 4319 3556 4381 αὐτοὺς
3591 4319 3844 4372 συνιέναι

2173 4377 2215 4431 D
2242 4417 2368 4478 τοὺς
2398 4377 2669 4484 ’μαθητὰς
2828 4377 3034 4479 λόγον..
3335 4410 3441 4480 ἔφη
3461 4452 3476 4473 ,
3512 4377 3841 4480 [deperierat

2244 4504 2527 4575 ζωώσωνῆ
2554 4505 2874 4570 ἀναστήσων
2891 4502 3051 4556 αὐτὸν
3081 4503 3145 4555 ὲκ
3172 4502 3385 4573 νεκρῶν
3408 4518 3423 4533 θ
3464 4502 3583 4555 ἀλλ’
3603 4542 3621 4568 ,
3649 4522 3670 4554 ι
3712 4504 3840 4569 Ἐξη

2243 4598 2506 4660 υπνίσων,
2547 4616 2565 4649 ι
2589 4596 2727 4666 ὅπερ
2755 4591 2824 4667 ἦν
2841 4596 3033 4667 ἄγριον
3051 4595 3188 4658 τέως
3206 4597 3286 4660 είς
3313 4595 3573 4665 ὑποψίαν.
3610 4614 3632 4648 ι
3662 4592 3841 4650 Εἶπον

2240 4688 2334 4746 οὖν
2356 4692 2404 4743 οἱ
2429 4689 2700 4761 μαθηταίο
2736 4689 2929 4761 Κύριε,
2965 4692 3014 4741 εί
3039 4689 3393 4759 κεκοίμηται,
3424 4688 3740 4760 σωθήσεται
3767 4706 3786 4721 ⁶
3811 4710 3831 4743 ι

2243 4783 2341 4854 τὴν
2367 4783 2436 4834 ἐκ
2478 4781 2570 4834 τοῦ
2602 4779 2774 4834 ὕπνου
2817 4779 3250 4851 καραδοκοῦντες
3277 4781 3636 4851 ἐγρήγορσιν.
3671 4798 3692 4831 ι
3736 4782 3836 4835 εξ-

2241 4876 2398 4946 ρήκει
2425 4873 2482 4926 δὲ
2512 4874 2541 4925 ὀ
2578 4871 2785 4942 Ἰησοῦς
2810 4871 2938 4943 περὶ
2975 4870 3070 4924 τοῦ
3114 4870 3350 4925 θανάτου
3383 4870 3552 4924 αὐτοῦ
3578 4886 3595 4901 ·
3623 4873 3831 4925 ἐκεῖνος

2238 4965 2294 5019 δὲ
2318 4965 2506 5029 ἔδοξαν
2530 5003 2544 5028 ,
2577 4965 2657 5018 ὅτι
2701 4964 2829 5035 περὶ
2871 4963 3184 5033 κοιμήσεως
3215 4961 3505 5031 λέγειτοῦ
3553 4962 3757 5018 ὕπνου,
3806 4982 3827 5014 ι

2247 5058 2430 5128 Ὁρᾷς,
2465 5057 2844 5127 ἀφιλοκόμπου
2873 5055 3226 5118 διδασκαλίας
3248 5055 3453 5126 φωνὴν,
3484 5056 3561 5120 ὡς
3579 5057 3834 5120 καὶτοὺς

2237 5150 2576 5219 πυθομένους
2616 5151 2689 5220 μὴ
2713 5148 3009 5219 δυνηθῆναι
3042 5148 3271 5202 συνιδεῖν
3303 5147 3364 5201 τὸ
3401 5148 3596 5219 λεχθὲν
3621 5151 3686 5221 τῇ
3725 5166 3827 5219 με-

2241 5241 2519 5313 τριολογίᾳ
2548 5241 2646 5309 τῆς
2671 5241 2952 5312 φράσεωςς
2989 5239 3174 5307 Ὅθεν,
3213 5240 3337 5294 οὐδὲ
3376 5240 3710 5312 ἐπέπληξεν,
3745 5240 3826 5304 ὥς

2242 5332 2504 5396 πολλάκις
2534 5332 2704 5401 ἐφάνη
2746 5331 2945 5396 ποιῶν,
2995 5332 3071 5402 μὴ
3107 5332 3393 5395 συνιέντας
3432 5330 3469 5385 ἀ
3510 5331 3692 5386 nam
3722 5333 3825 5385 αύο

2240 5426 2374 5486 τοῖς,
2394 5423 2486 5475 καὶ
2514 5422 2613 5494 τὴν
2644 5422 2822 5474 αὐτῶν
2843 5421 3077 5487 νωθρίαν
3097 5420 3594 5493 ἐπανορθούμενος.
3629 5423 3825 5492 Ὀμως

2244 5514 2608 5585 ἀναρριπίσας
2650 5513 2710 5565 τὸ
2750 5513 2850 5583 τῆς
2890 5512 3159 5581 ἀσαφείας
3196 5511 3600 5583 προκάλυμμα,
3654 5515 3823 5581 σαφέ-

2310 5637 2332 5665 ²
2364 5628 2510 5685 Psal.
2565 5646 2747 5695 um,
2780 5628 2833 5682 5.
2920 5628 2934 5663 ι
2964 5623 3124 5681 Joan.
3156 5630 3195 5691 ι,
3228 5624 3264 5680 5
3361 5638 3385 5665 η
3415 5625 3524 5682 lsa.
3552 5641 3675 5690 vut,
3716 5627 3777 5682 li
3805 5645 3819 5691 ;
