  <div class='ocr_page' id='page_1' title='image "/cluster/home/n/w/nwhite01/storage/ocr_20150623/97/mdp.39015041892756/482.png"; bbox 0 0 4016 6130; ppageno 0'>
   <div class='ocr_carea' id='block_1_1' title="bbox 281 331 388 398">
    <p class='ocr_par' dir='ltr' id='par_1_1' title="bbox 281 331 388 398">
     <span class='ocr_line' id='line_1_1' title="bbox 281 331 388 398; baseline -0.019 -1"><span class='ocrx_word' id='word_1_1' title='bbox 281 331 388 398; x_wconf 69' lang='lat'><strong>965</strong></span> 
     </span>
    </p>
   </div>
   <div class='ocr_carea' id='block_1_2' title="bbox 1354 293 2517 401">
    <p class='ocr_par' dir='ltr' id='par_1_2' title="bbox 1354 293 2517 401">
     <span class='ocr_line' id='line_1_2' title="bbox 1354 293 2517 401; baseline 0.001 -13"><span class='ocrx_word' id='word_1_2' title='bbox 1354 329 1437 391; x_wconf 87' lang='lat' dir='ltr'><strong>IN</strong></span> <span class='ocrx_word' id='word_1_3' title='bbox 1466 330 1831 391; x_wconf 83' lang='lat' dir='ltr'><strong>LAZARUM</strong></span> <span class='ocrx_word' id='word_1_4' title='bbox 1868 293 2517 401; x_wconf 75' lang='lat' dir='ltr'><strong>QUATRIDUANUM.</strong></span> 
     </span>
    </p>
   </div>
   <div class='ocr_carea' id='block_1_3' title="bbox 3443 333 3548 397">
    <p class='ocr_par' dir='ltr' id='par_1_3' title="bbox 3443 333 3548 397">
     <span class='ocr_line' id='line_1_3' title="bbox 3443 333 3548 397; baseline 0.019 -2"><span class='ocrx_word' id='word_1_5' title='bbox 3443 333 3548 397; x_wconf 78' lang='lat'><strong>966</strong></span> 
     </span>
    </p>
   </div>
   <div class='ocr_carea' id='block_1_4' title="bbox 282 439 1868 516">
    <p class='ocr_par' dir='ltr' id='par_1_4' title="bbox 282 439 1855 516">
     <span class='ocr_line' id='line_1_4' title="bbox 282 439 1855 516; baseline 0 -20"><span class='ocrx_word' id='word_1_6' title='bbox 282 460 458 496; x_wconf 68' lang='grc' dir='ltr'>σταται</span> <span class='ocrx_word' id='word_1_7' title='bbox 488 440 547 494; x_wconf 77' lang='grc' dir='ltr'>τὸ</span> <span class='ocrx_word' id='word_1_8' title='bbox 584 443 816 512; x_wconf 77' lang='grc' dir='ltr'>πρᾶγμα</span> <span class='ocrx_word' id='word_1_9' title='bbox 839 439 1044 512; x_wconf 86' lang='grc' dir='ltr'>δηλοῖὸ</span> <span class='ocrx_word' id='word_1_10' title='bbox 1069 439 1321 512; x_wconf 74' lang='grc' dir='ltr'>Χριστὸς,</span> <span class='ocrx_word' id='word_1_11' title='bbox 1351 443 1445 496; x_wconf 87' lang='grc' dir='ltr'>καί</span> <span class='ocrx_word' id='word_1_12' title='bbox 1482 460 1503 495; x_wconf 76' lang='grc' dir='ltr'><strong>ι</strong></span> <span class='ocrx_word' id='word_1_13' title='bbox 1546 444 1686 515; x_wconf 76' lang='grc' dir='ltr'>Φησι</span> <span class='ocrx_word' id='word_1_14' title='bbox 1719 446 1855 516; x_wconf 81' lang='grc' dir='ltr'>παῤ-</span> 
     </span>
    </p>
   </div>
   <div class='ocr_carea' id='block_1_5' title="bbox 1971 439 3553 516">
    <p class='ocr_par' dir='ltr' id='par_1_5' title="bbox 1971 441 3553 515">
     <span class='ocr_line' id='line_1_5' title="bbox 1971 441 3553 515; baseline 0.005 -19"><span class='ocrx_word' id='word_1_15' title='bbox 1971 441 2103 498; x_wconf 84' lang='lat' dir='ltr'><strong>tatis</strong></span> <span class='ocrx_word' id='word_1_16' title='bbox 2137 442 2433 511; x_wconf 83' lang='lat' dir='ltr'><strong>velamine,</strong></span> <span class='ocrx_word' id='word_1_17' title='bbox 2463 456 2581 499; x_wconf 84' lang='lat' dir='ltr'><strong>rem</strong></span> <span class='ocrx_word' id='word_1_18' title='bbox 2617 441 2879 500; x_wconf 76' lang='lat' dir='ltr'><strong>Christus</strong></span> <span class='ocrx_word' id='word_1_19' title='bbox 2905 443 3054 500; x_wconf 85' lang='lat' dir='ltr'><strong>clare</strong></span> <span class='ocrx_word' id='word_1_20' title='bbox 3105 444 3302 515; x_wconf 86' lang='lat' dir='ltr'><strong>aperit,</strong></span> <span class='ocrx_word' id='word_1_21' title='bbox 3324 453 3385 502; x_wconf 90' lang='lat' dir='ltr'><strong>et</strong></span> <span class='ocrx_word' id='word_1_22' title='bbox 3410 465 3430 499; x_wconf 81' lang='grc' dir='ltr'><strong>ι</strong></span> <span class='ocrx_word' id='word_1_23' title='bbox 3460 448 3553 504; x_wconf 78' lang='lat' dir='ltr'><strong>Ait</strong></span> 
     </span>
    </p>
   </div>
   <div class='ocr_carea' id='block_1_6' title="bbox 285 526 1864 605">
    <p class='ocr_par' dir='ltr' id='par_1_6' title="bbox 285 526 1864 605">
     <span class='ocr_line' id='line_1_6' title="bbox 285 526 1864 605; baseline 0 -17"><span class='ocrx_word' id='word_1_24' title='bbox 285 534 455 605; x_wconf 78' lang='grc' dir='ltr'>ρησίᾳ</span> <span class='ocrx_word' id='word_1_25' title='bbox 473 550 489 565; x_wconf 87' lang='grc'><strong>·</strong></span> <span class='ocrx_word' id='word_1_26' title='bbox 516 531 760 602; x_wconf 75' lang='grc' dir='ltr'><strong>Λάζαρος</strong></span> <span class='ocrx_word' id='word_1_27' title='bbox 789 531 1087 586; x_wconf 82' lang='grc' dir='ltr'>ἀπέθανεν.</span> <span class='ocrx_word' id='word_1_28' title='bbox 1117 550 1137 583; x_wconf 72' lang='grc' dir='ltr'><strong>ι</strong></span> <span class='ocrx_word' id='word_1_29' title='bbox 1168 529 1356 596; x_wconf 76' lang='grc' dir='ltr'>Οὕτως</span> <span class='ocrx_word' id='word_1_30' title='bbox 1373 526 1605 604; x_wconf 71' lang='grc' dir='ltr'>ἠγνόουν</span> <span class='ocrx_word' id='word_1_31' title='bbox 1620 536 1682 588; x_wconf 85' lang='grc' dir='ltr'>τὸ</span> <span class='ocrx_word' id='word_1_32' title='bbox 1707 535 1864 604; x_wconf 88' lang='grc' dir='ltr'>λεγό-</span> 
     </span>
    </p>
   </div>
   <div class='ocr_carea' id='block_1_7' title="bbox 287 624 1866 699">
    <p class='ocr_par' dir='ltr' id='par_1_7' title="bbox 287 624 1866 699">
     <span class='ocr_line' id='line_1_7' title="bbox 287 624 1866 699; baseline 0.003 -22"><span class='ocrx_word' id='word_1_33' title='bbox 287 643 451 697; x_wconf 82' lang='grc' dir='ltr'>μενον</span> <span class='ocrx_word' id='word_1_34' title='bbox 473 641 486 655; x_wconf 89' lang='grc'><strong>·</strong></span> <span class='ocrx_word' id='word_1_35' title='bbox 517 626 609 678; x_wconf 76' lang='grc' dir='ltr'><strong>καὶ</strong></span> <span class='ocrx_word' id='word_1_36' title='bbox 639 624 876 694; x_wconf 81' lang='grc' dir='ltr'>τοσούτῳ</span> <span class='ocrx_word' id='word_1_37' title='bbox 914 624 1099 689; x_wconf 86' lang='grc' dir='ltr'>πλέον,</span> <span class='ocrx_word' id='word_1_38' title='bbox 1123 625 1233 695; x_wconf 85' lang='grc' dir='ltr'><strong>ὅσῳ</strong></span> <span class='ocrx_word' id='word_1_39' title='bbox 1267 628 1359 679; x_wconf 78' lang='grc' dir='ltr'><strong>καὶ</strong></span> <span class='ocrx_word' id='word_1_40' title='bbox 1391 627 1866 699; x_wconf 81' lang='grc' dir='ltr'><strong>παρηλλαγμένως</strong></span> 
     </span>
    </p>
   </div>
   <div class='ocr_carea' id='block_1_8' title="bbox 280 716 1866 790">
    <p class='ocr_par' dir='ltr' id='par_1_8' title="bbox 280 716 1866 790">
     <span class='ocr_line' id='line_1_8' title="bbox 280 716 1866 790; baseline 0.001 -19"><span class='ocrx_word' id='word_1_41' title='bbox 280 717 384 790; x_wconf 77' lang='grc' dir='ltr'>τὴν</span> <span class='ocrx_word' id='word_1_42' title='bbox 421 716 808 789; x_wconf 71' lang='grc' dir='ltr'>ἀνθυποφορὲιν</span> <span class='ocrx_word' id='word_1_43' title='bbox 839 717 1120 773; x_wconf 76' lang='grc' dir='ltr'>ἐποιοῦντο</span> <span class='ocrx_word' id='word_1_44' title='bbox 1165 719 1259 772; x_wconf 79' lang='grc' dir='ltr'><strong>τοῦ</strong></span> <span class='ocrx_word' id='word_1_45' title='bbox 1308 717 1489 786; x_wconf 87' lang='grc' dir='ltr'>λόγου.</span> <span class='ocrx_word' id='word_1_46' title='bbox 1540 720 1705 774; x_wconf 83' lang='grc' dir='ltr'>Μάλα</span> <span class='ocrx_word' id='word_1_47' title='bbox 1734 721 1866 788; x_wconf 84' lang='grc' dir='ltr'>γοῦν</span> 
     </span>
    </p>
   </div>
   <div class='ocr_carea' id='block_1_9' title="bbox 283 808 1864 881">
    <p class='ocr_par' dir='ltr' id='par_1_9' title="bbox 283 808 1864 881">
     <span class='ocr_line' id='line_1_9' title="bbox 283 808 1864 881; baseline 0.003 -20"><span class='ocrx_word' id='word_1_48' title='bbox 283 808 625 878; x_wconf 84' lang='grc' dir='ltr'>εὐπρεπῶςό</span> <span class='ocrx_word' id='word_1_49' title='bbox 649 809 857 879; x_wconf 83' lang='grc' dir='ltr'>Κύριος</span> <span class='ocrx_word' id='word_1_50' title='bbox 882 809 1236 881; x_wconf 81' lang='grc' dir='ltr'>θριαμϐεύων</span> <span class='ocrx_word' id='word_1_51' title='bbox 1264 809 1326 863; x_wconf 83' lang='grc' dir='ltr'>τὸ</span> <span class='ocrx_word' id='word_1_52' title='bbox 1341 811 1593 881; x_wconf 79' lang='grc' dir='ltr'>πρᾶγμα,</span> <span class='ocrx_word' id='word_1_53' title='bbox 1618 811 1864 881; x_wconf 85' lang='grc' dir='ltr'>παρευθὺ</span> 
     </span>
    </p>
   </div>
   <div class='ocr_carea' id='block_1_10' title="bbox 283 902 1867 972">
    <p class='ocr_par' dir='ltr' id='par_1_10' title="bbox 283 902 1867 972">
     <span class='ocr_line' id='line_1_10' title="bbox 283 902 1867 972; baseline 0.002 -17"><span class='ocrx_word' id='word_1_54' title='bbox 283 903 570 972; x_wconf 70' lang='grc' dir='ltr'>ἐπιφέρεισ</span> <span class='ocrx_word' id='word_1_55' title='bbox 627 921 647 954; x_wconf 82' lang='grc' dir='ltr'><strong>ι</strong></span> <span class='ocrx_word' id='word_1_56' title='bbox 694 903 947 968; x_wconf 80' lang='grc' dir='ltr'><strong>Λάζαρος</strong></span> <span class='ocrx_word' id='word_1_57' title='bbox 1000 902 1296 957; x_wconf 81' lang='grc' dir='ltr'>ἀπέθανεν.</span> <span class='ocrx_word' id='word_1_58' title='bbox 1342 922 1366 953; x_wconf 60' lang='grc' dir='ltr'><strong>ι</strong></span> <span class='ocrx_word' id='word_1_59' title='bbox 1398 964 1402 969; x_wconf 37' lang='grc'><strong>,</strong></span> <span class='ocrx_word' id='word_1_60' title='bbox 1439 902 1654 955; x_wconf 74' lang='grc' dir='ltr'>Ὠσανεὶ</span> <span class='ocrx_word' id='word_1_61' title='bbox 1705 903 1867 958; x_wconf 82' lang='grc' dir='ltr'>τοῦτο</span> 
     </span>
    </p>
   </div>
   <div class='ocr_carea' id='block_1_11' title="bbox 282 994 1862 1066">
    <p class='ocr_par' dir='ltr' id='par_1_11' title="bbox 282 994 1862 1066">
     <span class='ocr_line' id='line_1_11' title="bbox 282 994 1862 1066; baseline 0 -18"><span class='ocrx_word' id='word_1_62' title='bbox 282 996 492 1063; x_wconf 77' lang='grc' dir='ltr'>λέγων·</span> <span class='ocrx_word' id='word_1_63' title='bbox 531 994 730 1056; x_wconf 85' lang='grc' dir='ltr'>Γνῶτε,</span> <span class='ocrx_word' id='word_1_64' title='bbox 754 995 918 1065; x_wconf 68' lang='grc' dir='ltr'>φησι,</span> <span class='ocrx_word' id='word_1_65' title='bbox 951 994 1039 1048; x_wconf 80' lang='grc' dir='ltr'>διὰ</span> <span class='ocrx_word' id='word_1_66' title='bbox 1069 994 1170 1064; x_wconf 80' lang='grc' dir='ltr'>τῆς</span> <span class='ocrx_word' id='word_1_67' title='bbox 1208 994 1524 1063; x_wconf 80' lang='grc' dir='ltr'>ὲκφάνσεως</span> <span class='ocrx_word' id='word_1_68' title='bbox 1550 994 1610 1048; x_wconf 81' lang='grc' dir='ltr'>τὸ</span> <span class='ocrx_word' id='word_1_69' title='bbox 1637 995 1862 1066; x_wconf 76' lang='grc' dir='ltr'>γενησόο</span> 
     </span>
    </p>
   </div>
   <div class='ocr_carea' id='block_1_12' title="bbox 289 1084 1865 1155">
    <p class='ocr_par' dir='ltr' id='par_1_12' title="bbox 289 1084 1865 1155">
     <span class='ocr_line' id='line_1_12' title="bbox 289 1084 1865 1155; baseline 0.001 -18"><span class='ocrx_word' id='word_1_70' title='bbox 289 1101 484 1155; x_wconf 87' lang='grc' dir='ltr'>μενον·</span> <span class='ocrx_word' id='word_1_71' title='bbox 515 1103 533 1134; x_wconf 86' lang='grc' dir='ltr'><strong>ι</strong></span> <span class='ocrx_word' id='word_1_72' title='bbox 572 1084 883 1154; x_wconf 83' lang='grc' dir='ltr'>Πορεύομαι</span> <span class='ocrx_word' id='word_1_73' title='bbox 908 1084 1016 1153; x_wconf 84' lang='grc' dir='ltr'><strong>γὰρ</strong></span> <span class='ocrx_word' id='word_1_74' title='bbox 1046 1085 1132 1136; x_wconf 84' lang='grc' dir='ltr'>ἴνα</span> <span class='ocrx_word' id='word_1_75' title='bbox 1166 1084 1440 1148; x_wconf 75' lang='grc' dir='ltr'><strong>ἐξυπνίσω</strong></span> <span class='ocrx_word' id='word_1_76' title='bbox 1464 1085 1648 1140; x_wconf 81' lang='grc' dir='ltr'>αὐτόν.</span> <span class='ocrx_word' id='word_1_77' title='bbox 1693 1104 1712 1137; x_wconf 75' lang='grc' dir='ltr'><strong>ι</strong></span> <span class='ocrx_word' id='word_1_78' title='bbox 1752 1085 1865 1139; x_wconf 82' lang='grc' dir='ltr'><strong>Καὶ</strong></span> 
     </span>
    </p>
   </div>
   <div class='ocr_carea' id='block_1_13' title="bbox 284 1172 1867 1244">
    <p class='ocr_par' dir='ltr' id='par_1_13' title="bbox 284 1172 1867 1244">
     <span class='ocr_line' id='line_1_13' title="bbox 284 1172 1867 1244; baseline 0.002 -17"><span class='ocrx_word' id='word_1_79' title='bbox 284 1176 448 1227; x_wconf 76' lang='grc' dir='ltr'>τοῦτο</span> <span class='ocrx_word' id='word_1_80' title='bbox 485 1172 885 1242; x_wconf 81' lang='grc' dir='ltr'>ἁφιλοκόμπως</span> <span class='ocrx_word' id='word_1_81' title='bbox 909 1189 922 1203; x_wconf 74' lang='grc' dir='ltr'><strong><em>ο</em></strong></span> <span class='ocrx_word' id='word_1_82' title='bbox 963 1173 1025 1225; x_wconf 82' lang='grc' dir='ltr'>οὐ</span> <span class='ocrx_word' id='word_1_83' title='bbox 1065 1172 1173 1243; x_wconf 79' lang='grc' dir='ltr'><strong>γὰρ</strong></span> <span class='ocrx_word' id='word_1_84' title='bbox 1198 1173 1669 1244; x_wconf 73' lang='grc' dir='ltr'><strong>φιλοτιμούμενος,</strong></span> <span class='ocrx_word' id='word_1_85' title='bbox 1697 1175 1773 1239; x_wconf 83' lang='grc' dir='ltr'><strong>ὡς</strong></span> <span class='ocrx_word' id='word_1_86' title='bbox 1800 1177 1867 1230; x_wconf 78' lang='grc' dir='ltr'>ἄν</span> 
     </span>
    </p>
   </div>
   <div class='ocr_carea' id='block_1_14' title="bbox 284 1259 1868 1334">
    <p class='ocr_par' dir='ltr' id='par_1_14' title="bbox 284 1259 1868 1334">
     <span class='ocr_line' id='line_1_14' title="bbox 284 1259 1868 1334; baseline 0.006 -25"><span class='ocrx_word' id='word_1_87' title='bbox 284 1281 371 1325; x_wconf 73' lang='grc' dir='ltr'><strong>τις</strong></span> <span class='ocrx_word' id='word_1_88' title='bbox 402 1261 561 1332; x_wconf 81' lang='grc' dir='ltr'>φαίη,</span> <span class='ocrx_word' id='word_1_89' title='bbox 592 1259 715 1314; x_wconf 74' lang='grc' dir='ltr'>οὔτε</span> <span class='ocrx_word' id='word_1_90' title='bbox 747 1261 1074 1330; x_wconf 80' lang='grc' dir='ltr'>ἀδυναμίας,</span> <span class='ocrx_word' id='word_1_91' title='bbox 1106 1262 1139 1330; x_wconf 78' lang='grc' dir='ltr'><strong>ἢ</strong></span> <span class='ocrx_word' id='word_1_92' title='bbox 1172 1262 1396 1329; x_wconf 82' lang='grc' dir='ltr'>ἀγνοίας</span> <span class='ocrx_word' id='word_1_93' title='bbox 1427 1263 1868 1334; x_wconf 80' lang='grc' dir='ltr'>ἀποφαινόμενος</span> 
     </span>
    </p>
   </div>
   <div class='ocr_carea' id='block_1_15' title="bbox 286 1352 1869 1427">
    <p class='ocr_par' dir='ltr' id='par_1_15' title="bbox 286 1352 1869 1427">
     <span class='ocr_line' id='line_1_15' title="bbox 286 1352 1869 1427; baseline 0.003 -20"><span class='ocrx_word' id='word_1_94' title='bbox 286 1357 511 1426; x_wconf 76' lang='grc' dir='ltr'>ῥήματα</span> <span class='ocrx_word' id='word_1_95' title='bbox 531 1369 546 1384; x_wconf 80' lang='grc' dir='ltr'><strong>ο</strong></span> <span class='ocrx_word' id='word_1_96' title='bbox 583 1353 698 1405; x_wconf 84' lang='grc' dir='ltr'>ἀλλ’</span> <span class='ocrx_word' id='word_1_97' title='bbox 723 1352 859 1422; x_wconf 82' lang='grc' dir='ltr'>ὁμοῦ</span> <span class='ocrx_word' id='word_1_98' title='bbox 880 1352 1170 1418; x_wconf 49' lang='lat' dir='ltr'><strong>nivem-sb</strong></span> <span class='ocrx_word' id='word_1_99' title='bbox 1195 1353 1384 1423; x_wconf 79' lang='grc' dir='ltr'>σοφὸν,</span> <span class='ocrx_word' id='word_1_100' title='bbox 1414 1355 1508 1408; x_wconf 80' lang='grc' dir='ltr'>καὶ</span> <span class='ocrx_word' id='word_1_101' title='bbox 1530 1354 1869 1427; x_wconf 83' lang='grc' dir='ltr'>προγνωστι·-</span> 
     </span>
    </p>
   </div>
   <div class='ocr_carea' id='block_1_16' title="bbox 286 1443 1868 1520">
    <p class='ocr_par' dir='ltr' id='par_1_16' title="bbox 286 1443 1868 1520">
     <span class='ocr_line' id='line_1_16' title="bbox 286 1443 1868 1520; baseline 0.004 -24"><span class='ocrx_word' id='word_1_102' title='bbox 286 1446 404 1507; x_wconf 58' lang='grc' dir='ltr'>κὸν,</span> <span class='ocrx_word' id='word_1_103' title='bbox 449 1445 541 1495; x_wconf 71' lang='grc' dir='ltr'><strong>καὶ</strong></span> <span class='ocrx_word' id='word_1_104' title='bbox 582 1443 809 1496; x_wconf 84' lang='grc' dir='ltr'>δυνατὸν</span> <span class='ocrx_word' id='word_1_105' title='bbox 859 1444 1192 1512; x_wconf 76' lang='grc' dir='ltr'>ὑποφαίνων,</span> <span class='ocrx_word' id='word_1_106' title='bbox 1240 1444 1276 1498; x_wconf 73' lang='grc' dir='ltr'>ἃ</span> <span class='ocrx_word' id='word_1_107' title='bbox 1324 1447 1420 1498; x_wconf 72' lang='grc' dir='ltr'><strong>καὶ</strong></span> <span class='ocrx_word' id='word_1_108' title='bbox 1459 1447 1674 1518; x_wconf 80' lang='grc' dir='ltr'>προσῆν</span> <span class='ocrx_word' id='word_1_109' title='bbox 1718 1449 1868 1520; x_wconf 86' lang='grc' dir='ltr'>αὐτῷ</span> 
     </span>
    </p>
   </div>
   <div class='ocr_carea' id='block_1_17' title="bbox 285 1535 1865 1612">
    <p class='ocr_par' dir='ltr' id='par_1_17' title="bbox 285 1535 1865 1612">
     <span class='ocr_line' id='line_1_17' title="bbox 285 1535 1865 1612; baseline 0.004 -22"><span class='ocrx_word' id='word_1_110' title='bbox 285 1536 432 1590; x_wconf 74' lang='grc' dir='ltr'>κατὰ</span> <span class='ocrx_word' id='word_1_111' title='bbox 456 1535 639 1605; x_wconf 87' lang='grc' dir='ltr'>φύσιν.</span> <span class='ocrx_word' id='word_1_112' title='bbox 682 1535 773 1599; x_wconf 85' lang='grc' dir='ltr'>Ὠς</span> <span class='ocrx_word' id='word_1_113' title='bbox 812 1535 922 1606; x_wconf 85' lang='grc' dir='ltr'>γὰρ</span> <span class='ocrx_word' id='word_1_114' title='bbox 964 1537 1065 1608; x_wconf 70' lang='grc' dir='ltr'>ἤδη</span> <span class='ocrx_word' id='word_1_115' title='bbox 1095 1538 1380 1607; x_wconf 81' lang='grc' dir='ltr'>παρόντων</span> <span class='ocrx_word' id='word_1_116' title='bbox 1418 1539 1527 1593; x_wconf 86' lang='grc' dir='ltr'><strong>τῶν</strong></span> <span class='ocrx_word' id='word_1_117' title='bbox 1569 1541 1865 1612; x_wconf 74' lang='grc' dir='ltr'>ἐσομένων,</span> 
     </span>
    </p>
   </div>
   <div class='ocr_carea' id='block_1_18' title="bbox 284 1626 998 1700">
    <p class='ocr_par' dir='ltr' id='par_1_18' title="bbox 284 1626 998 1700">
     <span class='ocr_line' id='line_1_18' title="bbox 284 1626 998 1700; baseline 0.004 -19"><span class='ocrx_word' id='word_1_118' title='bbox 284 1627 562 1700; x_wconf 74' lang='grc' dir='ltr'>προύλεγε</span> <span class='ocrx_word' id='word_1_119' title='bbox 591 1626 690 1691; x_wconf 82' lang='grc' dir='ltr'>τὰς</span> <span class='ocrx_word' id='word_1_120' title='bbox 721 1628 998 1694; x_wconf 75' lang='grc' dir='ltr'>ἐκϐάσεις.</span> 
     </span>
    </p>
   </div>
   <div class='ocr_carea' id='block_1_19' title="bbox 368 1807 1868 1885">
    <p class='ocr_par' dir='ltr' id='par_1_19' title="bbox 368 1807 1868 1885">
     <span class='ocr_line' id='line_1_19' title="bbox 368 1807 1868 1885; baseline 0.009 -28"><span class='ocrx_word' id='word_1_121' title='bbox 368 1824 388 1857; x_wconf 79' lang='grc' dir='ltr'><strong>ι</strong></span> <span class='ocrx_word' id='word_1_122' title='bbox 423 1807 674 1878; x_wconf 73' lang='grc' dir='ltr'>Λάζαρος</span> <span class='ocrx_word' id='word_1_123' title='bbox 699 1807 940 1862; x_wconf 78' lang='grc' dir='ltr'>ἀπέθανε</span> <span class='ocrx_word' id='word_1_124' title='bbox 961 1823 973 1837; x_wconf 96' lang='grc'><strong>·</strong></span> <span class='ocrx_word' id='word_1_125' title='bbox 1023 1809 1120 1862; x_wconf 74' lang='grc' dir='ltr'><strong>καὶ</strong></span> <span class='ocrx_word' id='word_1_126' title='bbox 1152 1811 1328 1882; x_wconf 84' lang='grc' dir='ltr'>χαίρω</span> <span class='ocrx_word' id='word_1_127' title='bbox 1353 1812 1421 1865; x_wconf 91' lang='grc' dir='ltr'><strong>δι’</strong></span> <span class='ocrx_word' id='word_1_128' title='bbox 1456 1814 1599 1885; x_wconf 79' lang='grc' dir='ltr'>ὑμᾶς</span> <span class='ocrx_word' id='word_1_129' title='bbox 1619 1857 1634 1879; x_wconf 94' lang='grc'><strong>,</strong></span> <span class='ocrx_word' id='word_1_130' title='bbox 1666 1816 1745 1870; x_wconf 76' lang='grc' dir='ltr'>ὅτι</span> <span class='ocrx_word' id='word_1_131' title='bbox 1769 1818 1868 1871; x_wconf 77' lang='grc' dir='ltr'><strong>οὐκ</strong></span> 
     </span>
    </p>
   </div>
   <div class='ocr_carea' id='block_1_20' title="bbox 286 1890 1868 1977">
    <p class='ocr_par' dir='ltr' id='par_1_20' title="bbox 286 1890 1868 1977">
     <span class='ocr_line' id='line_1_20' title="bbox 286 1890 1868 1977; baseline 0.006 -27"><span class='ocrx_word' id='word_1_132' title='bbox 286 1898 441 1968; x_wconf 66' lang='grc' dir='ltr'>ἢμην</span> <span class='ocrx_word' id='word_1_133' title='bbox 478 1899 596 1950; x_wconf 74' lang='grc' dir='ltr'><strong>ἐκεῖ</strong></span> <span class='ocrx_word' id='word_1_134' title='bbox 620 1913 632 1926; x_wconf 91' lang='grc'><strong>·</strong></span> <span class='ocrx_word' id='word_1_135' title='bbox 666 1890 785 1953; x_wconf 75' lang='grc' dir='ltr'>ἀλλ’</span> <span class='ocrx_word' id='word_1_136' title='bbox 817 1899 1042 1969; x_wconf 79' lang='grc' dir='ltr'>ἄγωμεν</span> <span class='ocrx_word' id='word_1_137' title='bbox 1075 1901 1214 1972; x_wconf 81' lang='grc' dir='ltr'>πρὸς</span> <span class='ocrx_word' id='word_1_138' title='bbox 1250 1903 1434 1956; x_wconf 76' lang='grc' dir='ltr'>αὐτόν.</span> <span class='ocrx_word' id='word_1_139' title='bbox 1473 1923 1493 1955; x_wconf 72' lang='grc' dir='ltr'><strong>ι</strong></span> <span class='ocrx_word' id='word_1_140' title='bbox 1533 1905 1717 1977; x_wconf 70' lang='grc' dir='ltr'>Ὁρᾷς,</span> <span class='ocrx_word' id='word_1_141' title='bbox 1750 1908 1868 1973; x_wconf 84' lang='grc' dir='ltr'><strong>πῶς</strong></span> 
     </span>
    </p>
   </div>
   <div class='ocr_carea' id='block_1_21' title="bbox 292 1989 1867 2071">
    <p class='ocr_par' dir='ltr' id='par_1_21' title="bbox 292 1989 1867 2071">
     <span class='ocr_line' id='line_1_21' title="bbox 292 1989 1867 2071; baseline 0.009 -30"><span class='ocrx_word' id='word_1_142' title='bbox 292 1989 582 2062; x_wconf 67' lang='grc' dir='ltr'>μετριάξει</span> <span class='ocrx_word' id='word_1_143' title='bbox 622 1992 702 2060; x_wconf 81' lang='grc' dir='ltr'>τῷ</span> <span class='ocrx_word' id='word_1_144' title='bbox 740 1992 916 2064; x_wconf 76' lang='grc' dir='ltr'>λόγως</span> <span class='ocrx_word' id='word_1_145' title='bbox 956 1994 1051 2047; x_wconf 74' lang='grc' dir='ltr'>καὶ</span> <span class='ocrx_word' id='word_1_146' title='bbox 1099 1997 1166 2065; x_wconf 75' lang='grc' dir='ltr'><strong>τῇ</strong></span> <span class='ocrx_word' id='word_1_147' title='bbox 1210 1997 1349 2050; x_wconf 80' lang='grc' dir='ltr'>κατὰ</span> <span class='ocrx_word' id='word_1_148' title='bbox 1399 1998 1565 2069; x_wconf 86' lang='grc' dir='ltr'>μέρος</span> <span class='ocrx_word' id='word_1_149' title='bbox 1608 2001 1867 2071; x_wconf 78' lang='grc' dir='ltr'>ὲκφάνσει</span> 
     </span>
    </p>
   </div>
   <div class='ocr_carea' id='block_1_22' title="bbox 286 2082 1867 2164">
    <p class='ocr_par' dir='ltr' id='par_1_22' title="bbox 286 2082 1867 2164">
     <span class='ocr_line' id='line_1_22' title="bbox 286 2082 1867 2164; baseline 0.006 -28"><span class='ocrx_word' id='word_1_150' title='bbox 286 2082 385 2139; x_wconf 79' lang='grc' dir='ltr'>τοῦ</span> <span class='ocrx_word' id='word_1_151' title='bbox 412 2085 771 2154; x_wconf 80' lang='grc' dir='ltr'>προκειμένου</span> <span class='ocrx_word' id='word_1_152' title='bbox 808 2083 1012 2139; x_wconf 83' lang='grc' dir='ltr'>σκοποῦ</span> <span class='ocrx_word' id='word_1_153' title='bbox 1033 2128 1047 2150; x_wconf 89' lang='grc'><strong>,</strong></span> <span class='ocrx_word' id='word_1_154' title='bbox 1074 2086 1176 2158; x_wconf 76' lang='grc' dir='ltr'>τὴν</span> <span class='ocrx_word' id='word_1_155' title='bbox 1213 2088 1390 2158; x_wconf 81' lang='grc' dir='ltr'>ὁρμὴν</span> <span class='ocrx_word' id='word_1_156' title='bbox 1441 2091 1701 2145; x_wconf 74' lang='grc' dir='ltr'><strong>ἐπιτείνει</strong></span> <span class='ocrx_word' id='word_1_157' title='bbox 1732 2096 1867 2164; x_wconf 66' lang='grc' dir='ltr'>πρὸς</span> 
     </span>
    </p>
   </div>
   <div class='ocr_carea' id='block_1_23' title="bbox 284 2174 1869 2252">
    <p class='ocr_par' dir='ltr' id='par_1_23' title="bbox 284 2174 1869 2252">
     <span class='ocr_line' id='line_1_23' title="bbox 284 2174 1869 2252; baseline 0.006 -25"><span class='ocrx_word' id='word_1_158' title='bbox 284 2174 387 2245; x_wconf 80' lang='grc' dir='ltr'>τὴν</span> <span class='ocrx_word' id='word_1_159' title='bbox 422 2177 512 2230; x_wconf 82' lang='grc' dir='ltr'>τοῦ</span> <span class='ocrx_word' id='word_1_160' title='bbox 560 2175 838 2245; x_wconf 81' lang='grc' dir='ltr'>θαύματος</span> <span class='ocrx_word' id='word_1_161' title='bbox 872 2175 1134 2243; x_wconf 79' lang='grc' dir='ltr'>ἔνδειξιν;</span> <span class='ocrx_word' id='word_1_162' title='bbox 1165 2178 1239 2231; x_wconf 85' lang='grc' dir='ltr'>ού</span> <span class='ocrx_word' id='word_1_163' title='bbox 1283 2179 1394 2249; x_wconf 73' lang='grc' dir='ltr'><strong>γὰρ</strong></span> <span class='ocrx_word' id='word_1_164' title='bbox 1427 2181 1761 2252; x_wconf 77' lang='grc' dir='ltr'>παρέζευξεν</span> <span class='ocrx_word' id='word_1_165' title='bbox 1792 2184 1869 2248; x_wconf 76' lang='grc' dir='ltr'>ὡς</span> 
     </span>
    </p>
   </div>
   <div class='ocr_carea' id='block_1_24' title="bbox 283 2265 1867 2340">
    <p class='ocr_par' dir='ltr' id='par_1_24' title="bbox 283 2265 1867 2340">
     <span class='ocr_line' id='line_1_24' title="bbox 283 2265 1867 2340; baseline 0.004 -20"><span class='ocrx_word' id='word_1_166' title='bbox 283 2266 348 2320; x_wconf 72' lang='grc' dir='ltr'>ὲν</span> <span class='ocrx_word' id='word_1_167' title='bbox 371 2265 466 2335; x_wconf 83' lang='grc' dir='ltr'><strong>τῷ,</strong></span> <span class='ocrx_word' id='word_1_168' title='bbox 498 2268 867 2335; x_wconf 73' lang='grc' dir='ltr'>κεκοίμηται,</span> <span class='ocrx_word' id='word_1_169' title='bbox 894 2267 1198 2331; x_wconf 71' lang='grc' dir='ltr'>κάνταῦθα,</span> <span class='ocrx_word' id='word_1_170' title='bbox 1228 2287 1247 2320; x_wconf 78' lang='grc' dir='ltr'><strong>ι</strong></span> <span class='ocrx_word' id='word_1_171' title='bbox 1277 2269 1591 2340; x_wconf 82' lang='grc' dir='ltr'>Πορεύομαι</span> <span class='ocrx_word' id='word_1_172' title='bbox 1616 2273 1704 2325; x_wconf 81' lang='grc' dir='ltr'>ἵνα</span> <span class='ocrx_word' id='word_1_173' title='bbox 1730 2273 1867 2331; x_wconf 83' lang='grc' dir='ltr'>ἁνα-</span> 
     </span>
    </p>
   </div>
   <div class='ocr_carea' id='block_1_25' title="bbox 272 2358 1867 2436">
    <p class='ocr_par' dir='ltr' id='par_1_25' title="bbox 272 2358 1867 2436">
     <span class='ocr_line' id='line_1_25' title="bbox 272 2358 1867 2436; baseline 0.004 -23"><span class='ocrx_word' id='word_1_174' title='bbox 272 2360 476 2430; x_wconf 60' lang='grc' dir='ltr'>στήσω</span> <span class='ocrx_word' id='word_1_175' title='bbox 500 2359 663 2415; x_wconf 79' lang='grc' dir='ltr'>αὐτόν</span> <span class='ocrx_word' id='word_1_176' title='bbox 686 2374 701 2390; x_wconf 75' lang='grc' dir='ltr'><strong><em>ο</em></strong></span> <span class='ocrx_word' id='word_1_177' title='bbox 741 2377 761 2410; x_wconf 70' lang='grc' dir='ltr'><strong>ι</strong></span> <span class='ocrx_word' id='word_1_178' title='bbox 794 2358 928 2413; x_wconf 80' lang='grc' dir='ltr'>ἀλλὰ</span> <span class='ocrx_word' id='word_1_179' title='bbox 974 2364 1280 2429; x_wconf 84' lang='grc' dir='ltr'>σιωπήσας,</span> <span class='ocrx_word' id='word_1_180' title='bbox 1307 2381 1328 2414; x_wconf 82' lang='grc' dir='ltr'><strong>ι</strong></span> <span class='ocrx_word' id='word_1_181' title='bbox 1362 2358 1578 2434; x_wconf 84' lang='grc' dir='ltr'>Χαίρω,</span> <span class='ocrx_word' id='word_1_182' title='bbox 1615 2367 1771 2436; x_wconf 67' lang='grc' dir='ltr'>φησι,</span> <span class='ocrx_word' id='word_1_183' title='bbox 1801 2366 1867 2419; x_wconf 87' lang='grc' dir='ltr'><strong>δι’</strong></span> 
     </span>
    </p>
   </div>
   <div class='ocr_carea' id='block_1_26' title="bbox 286 2448 1869 2529">
    <p class='ocr_par' dir='ltr' id='par_1_26' title="bbox 286 2448 1869 2529">
     <span class='ocr_line' id='line_1_26' title="bbox 286 2448 1869 2529; baseline 0.004 -23"><span class='ocrx_word' id='word_1_184' title='bbox 286 2453 457 2523; x_wconf 77' lang='grc' dir='ltr'>ὑμᾶς,</span> <span class='ocrx_word' id='word_1_185' title='bbox 496 2453 584 2506; x_wconf 72' lang='grc' dir='ltr'>ἵνα</span> <span class='ocrx_word' id='word_1_186' title='bbox 606 2450 957 2522; x_wconf 80' lang='grc' dir='ltr'>πιστεύσητε,</span> <span class='ocrx_word' id='word_1_187' title='bbox 983 2451 1069 2505; x_wconf 80' lang='grc' dir='ltr'>ὅτι</span> <span class='ocrx_word' id='word_1_188' title='bbox 1096 2453 1195 2506; x_wconf 79' lang='grc' dir='ltr'><strong>οὐκ</strong></span> <span class='ocrx_word' id='word_1_189' title='bbox 1233 2448 1304 2525; x_wconf 77' lang='grc' dir='ltr'>ἦν</span> <span class='ocrx_word' id='word_1_190' title='bbox 1329 2455 1462 2507; x_wconf 79' lang='grc' dir='ltr'>ἐκεῖ.</span> <span class='ocrx_word' id='word_1_191' title='bbox 1501 2474 1520 2509; x_wconf 74' lang='grc' dir='ltr'><strong>ι</strong></span> <span class='ocrx_word' id='word_1_192' title='bbox 1558 2457 1633 2510; x_wconf 89' lang='grc' dir='ltr'><strong>Οὐ</strong></span> <span class='ocrx_word' id='word_1_193' title='bbox 1661 2460 1771 2529; x_wconf 84' lang='grc' dir='ltr'><strong>γὰρ</strong></span> <span class='ocrx_word' id='word_1_194' title='bbox 1802 2457 1869 2512; x_wconf 76' lang='grc' dir='ltr'>ἂν</span> 
     </span>
    </p>
   </div>
   <div class='ocr_carea' id='block_1_27' title="bbox 280 2542 1846 2618">
    <p class='ocr_par' dir='ltr' id='par_1_27' title="bbox 280 2542 1846 2618">
     <span class='ocr_line' id='line_1_27' title="bbox 280 2542 1846 2618; baseline 0.004 -22"><span class='ocrx_word' id='word_1_195' title='bbox 280 2545 559 2612; x_wconf 80' lang='grc' dir='ltr'>παρόντος</span> <span class='ocrx_word' id='word_1_196' title='bbox 591 2542 726 2612; x_wconf 76' lang='grc' dir='ltr'>ἐμοῦ</span> <span class='ocrx_word' id='word_1_197' title='bbox 752 2544 914 2612; x_wconf 78' lang='grc' dir='ltr'>τυχὸν</span> <span class='ocrx_word' id='word_1_198' title='bbox 950 2544 1094 2597; x_wconf 83' lang='grc' dir='ltr'><strong>κατά</strong></span> <span class='ocrx_word' id='word_1_199' title='bbox 1131 2544 1191 2597; x_wconf 85' lang='grc' dir='ltr'>τὸ</span> <span class='ocrx_word' id='word_1_200' title='bbox 1235 2545 1577 2616; x_wconf 81' lang='grc' dir='ltr'>ἀνθρώπινον</span> <span class='ocrx_word' id='word_1_201' title='bbox 1604 2548 1846 2618; x_wconf 86' lang='grc' dir='ltr'>δηλονότι</span> 
     </span>
    </p>
   </div>
   <div class='ocr_carea' id='block_1_28' title="bbox 284 2612 1867 2709">
    <p class='ocr_par' dir='ltr' id='par_1_28' title="bbox 284 2612 1867 2709">
     <span class='ocr_line' id='line_1_28' title="bbox 284 2612 1867 2709; baseline 0.002 -20"><span class='ocrx_word' id='word_1_202' title='bbox 284 2638 582 2706; x_wconf 77' lang='grc' dir='ltr'>κατίσχυεν</span> <span class='ocrx_word' id='word_1_203' title='bbox 606 2636 635 2690; x_wconf 82' lang='grc' dir='ltr'>ὁ</span> <span class='ocrx_word' id='word_1_204' title='bbox 667 2635 897 2698; x_wconf 83' lang='grc' dir='ltr'>Θάνατος</span> <span class='ocrx_word' id='word_1_205' title='bbox 918 2651 931 2662; x_wconf 89' lang='grc'>·</span> <span class='ocrx_word' id='word_1_206' title='bbox 975 2652 995 2686; x_wconf 75' lang='grc' dir='ltr'><strong>ι</strong></span> <span class='ocrx_word' id='word_1_207' title='bbox 1043 2635 1182 2688; x_wconf 80' lang='grc' dir='ltr'>Ἀλλ’</span> <span class='ocrx_word' id='word_1_208' title='bbox 1212 2612 1433 2707; x_wconf 76' lang='grc' dir='ltr'>ἄγωμεν</span> <span class='ocrx_word' id='word_1_209' title='bbox 1464 2638 1601 2709; x_wconf 76' lang='grc' dir='ltr'>πρὸς</span> <span class='ocrx_word' id='word_1_210' title='bbox 1622 2612 1806 2694; x_wconf 68' lang='grc' dir='ltr'>αὐτόν.</span> <span class='ocrx_word' id='word_1_211' title='bbox 1844 2612 1867 2692; x_wconf 60' lang='lat'><strong>3’</strong></span> 
     </span>
    </p>
   </div>
   <div class='ocr_carea' id='block_1_29' title="bbox 282 2726 1868 2798">
    <p class='ocr_par' dir='ltr' id='par_1_29' title="bbox 282 2726 1868 2798">
     <span class='ocr_line' id='line_1_29' title="bbox 282 2726 1868 2798; baseline 0.002 -17"><span class='ocrx_word' id='word_1_212' title='bbox 282 2726 449 2788; x_wconf 83' lang='grc' dir='ltr'>Τίνος</span> <span class='ocrx_word' id='word_1_213' title='bbox 469 2729 708 2792; x_wconf 75' lang='grc' dir='ltr'>ἓνεκενς.</span> <span class='ocrx_word' id='word_1_214' title='bbox 728 2727 847 2782; x_wconf 88' lang='grc' dir='ltr'>’Ίνα</span> <span class='ocrx_word' id='word_1_215' title='bbox 882 2726 1210 2796; x_wconf 78' lang='grc' dir='ltr'>πιστεύσητε</span> <span class='ocrx_word' id='word_1_216' title='bbox 1237 2727 1332 2780; x_wconf 75' lang='grc' dir='ltr'><strong>καὶ</strong></span> <span class='ocrx_word' id='word_1_217' title='bbox 1354 2730 1583 2798; x_wconf 80' lang='grc' dir='ltr'>νεκροὺς</span> <span class='ocrx_word' id='word_1_218' title='bbox 1608 2729 1868 2784; x_wconf 85' lang='grc' dir='ltr'>δύνασθαί</span> 
     </span>
    </p>
   </div>
   <div class='ocr_carea' id='block_1_30' title="bbox 288 2818 1869 2891">
    <p class='ocr_par' dir='ltr' id='par_1_30' title="bbox 288 2818 1869 2891">
     <span class='ocr_line' id='line_1_30' title="bbox 288 2818 1869 2891; baseline 0.002 -18"><span class='ocrx_word' id='word_1_219' title='bbox 288 2838 360 2891; x_wconf 83' lang='grc' dir='ltr'><strong>με</strong></span> <span class='ocrx_word' id='word_1_220' title='bbox 392 2820 728 2884; x_wconf 81' lang='grc' dir='ltr'>δεσποτικῶς</span> <span class='ocrx_word' id='word_1_221' title='bbox 753 2820 996 2890; x_wconf 82' lang='grc' dir='ltr'>ἀνιστᾷν.</span> <span class='ocrx_word' id='word_1_222' title='bbox 1030 2837 1048 2869; x_wconf 84' lang='grc' dir='ltr'><strong>ι</strong></span> <span class='ocrx_word' id='word_1_223' title='bbox 1089 2818 1340 2889; x_wconf 76' lang='grc' dir='ltr'>Λάζαρος</span> <span class='ocrx_word' id='word_1_224' title='bbox 1369 2821 1657 2876; x_wconf 79' lang='grc' dir='ltr'>ἀπέθανεν.</span> <span class='ocrx_word' id='word_1_225' title='bbox 1685 2841 1704 2875; x_wconf 76' lang='grc' dir='ltr'><strong>ι</strong></span> <span class='ocrx_word' id='word_1_226' title='bbox 1740 2822 1869 2876; x_wconf 83' lang='grc' dir='ltr'>Ὅτε</span> 
     </span>
    </p>
   </div>
   <div class='ocr_carea' id='block_1_31' title="bbox 286 2909 1870 2983">
    <p class='ocr_par' dir='ltr' id='par_1_31' title="bbox 286 2909 1870 2983">
     <span class='ocr_line' id='line_1_31' title="bbox 286 2909 1870 2983; baseline 0.001 -17"><span class='ocrx_word' id='word_1_227' title='bbox 286 2913 393 2983; x_wconf 75' lang='grc' dir='ltr'>μὲν</span> <span class='ocrx_word' id='word_1_228' title='bbox 444 2912 670 2982; x_wconf 76' lang='grc' dir='ltr'>ἀσαφῶς</span> <span class='ocrx_word' id='word_1_229' title='bbox 708 2909 1099 2982; x_wconf 73' lang='grc' dir='ltr'>κεκοιμῆσθαι</span> <span class='ocrx_word' id='word_1_230' title='bbox 1146 2910 1439 2982; x_wconf 74' lang='grc' dir='ltr'>προύλεγε,</span> <span class='ocrx_word' id='word_1_231' title='bbox 1483 2912 1673 2966; x_wconf 80' lang='grc' dir='ltr'>τοῦτον</span> <span class='ocrx_word' id='word_1_232' title='bbox 1717 2914 1870 2982; x_wconf 83' lang='grc' dir='ltr'>φίλον</span> 
     </span>
    </p>
   </div>
   <div class='ocr_carea' id='block_1_32' title="bbox 282 3001 1872 3076">
    <p class='ocr_par' dir='ltr' id='par_1_32' title="bbox 282 3001 1872 3076">
     <span class='ocr_line' id='line_1_32' title="bbox 282 3001 1872 3076; baseline 0.002 -20"><span class='ocrx_word' id='word_1_233' title='bbox 282 3005 494 3071; x_wconf 75' lang='grc' dir='ltr'>ἐκάλει,</span> <span class='ocrx_word' id='word_1_234' title='bbox 529 3002 840 3066; x_wconf 72' lang='grc' dir='ltr'>συσκιάζων</span> <span class='ocrx_word' id='word_1_235' title='bbox 865 3006 930 3074; x_wconf 79' lang='grc' dir='ltr'>τῇ</span> <span class='ocrx_word' id='word_1_236' title='bbox 956 3001 1052 3056; x_wconf 83' lang='grc' dir='ltr'><strong>τοῦ</strong></span> <span class='ocrx_word' id='word_1_237' title='bbox 1096 3002 1251 3072; x_wconf 86' lang='grc' dir='ltr'>φίλου</span> <span class='ocrx_word' id='word_1_238' title='bbox 1287 3004 1632 3076; x_wconf 79' lang='grc' dir='ltr'>προσηγορίᾳ</span> <span class='ocrx_word' id='word_1_239' title='bbox 1658 3004 1749 3058; x_wconf 82' lang='grc' dir='ltr'>τὸν</span> <span class='ocrx_word' id='word_1_240' title='bbox 1777 3003 1872 3059; x_wconf 84' lang='grc' dir='ltr'>θά-</span> 
     </span>
    </p>
   </div>
   <div class='ocr_carea' id='block_1_33' title="bbox 280 3094 1939 3183">
    <p class='ocr_par' dir='ltr' id='par_1_33' title="bbox 280 3094 1939 3183">
     <span class='ocr_line' id='line_1_33' title="bbox 280 3094 1939 3183; baseline -0.001 -32"><span class='ocrx_word' id='word_1_241' title='bbox 280 3113 450 3151; x_wconf 81' lang='grc' dir='ltr'>νατον</span> <span class='ocrx_word' id='word_1_242' title='bbox 471 3113 485 3127; x_wconf 75' lang='grc' dir='ltr'><strong><em>ο</em></strong></span> <span class='ocrx_word' id='word_1_243' title='bbox 520 3097 611 3151; x_wconf 78' lang='grc' dir='ltr'>ὅτε</span> <span class='ocrx_word' id='word_1_244' title='bbox 652 3096 711 3151; x_wconf 75' lang='grc' dir='ltr'><strong>δὲ</strong></span> <span class='ocrx_word' id='word_1_245' title='bbox 753 3094 1037 3166; x_wconf 67' lang='grc' dir='ltr'>παρρησίᾳ.</span> <span class='ocrx_word' id='word_1_246' title='bbox 1079 3094 1339 3148; x_wconf 78' lang='grc' dir='ltr'>τεθνᾶναί</span> <span class='ocrx_word' id='word_1_247' title='bbox 1372 3111 1542 3165; x_wconf 87' lang='grc' dir='ltr'>φησιν</span> <span class='ocrx_word' id='word_1_248' title='bbox 1591 3095 1776 3162; x_wconf 83' lang='grc' dir='ltr'>αὐτὸν,</span> <span class='ocrx_word' id='word_1_249' title='bbox 1806 3097 1867 3150; x_wconf 87' lang='grc' dir='ltr'>τὸ</span> <span class='ocrx_word' id='word_1_250' title='bbox 1895 3124 1939 3183; x_wconf 76' lang='lat' dir='ltr'>c</span> 
     </span>
    </p>
   </div>
   <div class='ocr_carea' id='block_1_34' title="bbox 282 3187 1867 3260">
    <p class='ocr_par' dir='ltr' id='par_1_34' title="bbox 282 3187 1867 3260">
     <span class='ocr_line' id='line_1_34' title="bbox 282 3187 1867 3260; baseline 0 -17"><span class='ocrx_word' id='word_1_251' title='bbox 282 3193 473 3259; x_wconf 75' lang='grc' dir='ltr'>φίλος</span> <span class='ocrx_word' id='word_1_252' title='bbox 499 3191 791 3260; x_wconf 86' lang='grc' dir='ltr'>ἁποσιωπᾷ</span> <span class='ocrx_word' id='word_1_253' title='bbox 814 3204 827 3215; x_wconf 92' lang='grc'><strong>·</strong></span> <span class='ocrx_word' id='word_1_254' title='bbox 855 3187 932 3258; x_wconf 83' lang='grc' dir='ltr'><strong>τῷ</strong></span> <span class='ocrx_word' id='word_1_255' title='bbox 959 3189 1034 3259; x_wconf 82' lang='grc' dir='ltr'>μὴ</span> <span class='ocrx_word' id='word_1_256' title='bbox 1062 3188 1384 3259; x_wconf 86' lang='grc' dir='ltr'>νομισθῆναι</span> <span class='ocrx_word' id='word_1_257' title='bbox 1421 3189 1741 3260; x_wconf 83' lang='grc' dir='ltr'>περιπαθῶς</span> <span class='ocrx_word' id='word_1_258' title='bbox 1769 3191 1867 3243; x_wconf 81' lang='grc' dir='ltr'><strong>αὐ-</strong></span> 
     </span>
    </p>
   </div>
   <div class='ocr_carea' id='block_1_35' title="bbox 283 3280 1871 3352">
    <p class='ocr_par' dir='ltr' id='par_1_35' title="bbox 283 3280 1871 3352">
     <span class='ocr_line' id='line_1_35' title="bbox 283 3280 1871 3352; baseline 0 -16"><span class='ocrx_word' id='word_1_259' title='bbox 283 3281 387 3336; x_wconf 84' lang='grc' dir='ltr'>τοῦ</span> <span class='ocrx_word' id='word_1_260' title='bbox 416 3281 789 3352; x_wconf 83' lang='grc' dir='ltr'>περιέχεσθαι.</span> <span class='ocrx_word' id='word_1_261' title='bbox 824 3282 899 3334; x_wconf 83' lang='grc' dir='ltr'>ού</span> <span class='ocrx_word' id='word_1_262' title='bbox 931 3280 1041 3348; x_wconf 80' lang='grc' dir='ltr'><strong>γὰρ</strong></span> <span class='ocrx_word' id='word_1_263' title='bbox 1073 3282 1382 3351; x_wconf 67' lang='grc' dir='ltr'>οἰκονομίας</span> <span class='ocrx_word' id='word_1_264' title='bbox 1411 3280 1592 3351; x_wconf 85' lang='grc' dir='ltr'>μόνον,</span> <span class='ocrx_word' id='word_1_265' title='bbox 1617 3281 1755 3337; x_wconf 80' lang='grc' dir='ltr'>ἀλλὰ</span> <span class='ocrx_word' id='word_1_266' title='bbox 1777 3283 1871 3336; x_wconf 75' lang='grc' dir='ltr'><strong>καὶ</strong></span> 
     </span>
    </p>
   </div>
   <div class='ocr_carea' id='block_1_36' title="bbox 282 3368 1873 3443">
    <p class='ocr_par' dir='ltr' id='par_1_36' title="bbox 282 3368 1873 3443">
     <span class='ocr_line' id='line_1_36' title="bbox 282 3368 1873 3443; baseline 0 -15"><span class='ocrx_word' id='word_1_267' title='bbox 282 3374 577 3437; x_wconf 75' lang='grc' dir='ltr'>αὐθεντίας</span> <span class='ocrx_word' id='word_1_268' title='bbox 614 3372 840 3439; x_wconf 77' lang='grc' dir='ltr'>ἔνδειξις</span> <span class='ocrx_word' id='word_1_269' title='bbox 880 3368 951 3443; x_wconf 81' lang='grc' dir='ltr'>ἦν</span> <span class='ocrx_word' id='word_1_270' title='bbox 970 3389 984 3402; x_wconf 87' lang='grc'><strong>·</strong></span> <span class='ocrx_word' id='word_1_271' title='bbox 1033 3374 1133 3443; x_wconf 82' lang='grc' dir='ltr'>τῆς</span> <span class='ocrx_word' id='word_1_272' title='bbox 1162 3373 1262 3442; x_wconf 86' lang='grc' dir='ltr'>μὲν</span> <span class='ocrx_word' id='word_1_273' title='bbox 1290 3374 1361 3431; x_wconf 82' lang='grc' dir='ltr'>τὰ</span> <span class='ocrx_word' id='word_1_274' title='bbox 1395 3371 1712 3443; x_wconf 85' lang='grc' dir='ltr'>ἀνθρώπινα</span> <span class='ocrx_word' id='word_1_275' title='bbox 1735 3415 1749 3440; x_wconf 93' lang='grc'><strong>,</strong></span> <span class='ocrx_word' id='word_1_276' title='bbox 1776 3376 1873 3429; x_wconf 75' lang='grc' dir='ltr'><strong>καὶ</strong></span> 
     </span>
    </p>
   </div>
   <div class='ocr_carea' id='block_1_37' title="bbox 282 3464 1872 3538">
    <p class='ocr_par' dir='ltr' id='par_1_37' title="bbox 282 3464 1872 3538">
     <span class='ocr_line' id='line_1_37' title="bbox 282 3464 1872 3538; baseline -0.009 -15"><span class='ocrx_word' id='word_1_277' title='bbox 282 3470 392 3524; x_wconf 82' lang='grc' dir='ltr'>ὅσα</span> <span class='ocrx_word' id='word_1_278' title='bbox 417 3468 515 3538; x_wconf 78' lang='grc' dir='ltr'>τῆς</span> <span class='ocrx_word' id='word_1_279' title='bbox 550 3466 784 3537; x_wconf 79' lang='grc' dir='ltr'>φυσικῆς</span> <span class='ocrx_word' id='word_1_280' title='bbox 805 3464 1089 3528; x_wconf 79' lang='grc' dir='ltr'>ἀσθενείας</span> <span class='ocrx_word' id='word_1_281' title='bbox 1105 3464 1182 3535; x_wconf 83' lang='grc' dir='ltr'>τῷ</span> <span class='ocrx_word' id='word_1_282' title='bbox 1199 3465 1589 3536; x_wconf 81' lang='grc' dir='ltr'>προσλήμματι</span> <span class='ocrx_word' id='word_1_283' title='bbox 1611 3482 1872 3537; x_wconf 87' lang='grc' dir='ltr'>παραχω.</span> 
     </span>
    </p>
   </div>
   <div class='ocr_carea' id='block_1_38' title="bbox 290 3556 1872 3632">
    <p class='ocr_par' dir='ltr' id='par_1_38' title="bbox 290 3556 1872 3632">
     <span class='ocr_line' id='line_1_38' title="bbox 290 3556 1872 3632; baseline -0.001 -19"><span class='ocrx_word' id='word_1_284' title='bbox 290 3559 495 3632; x_wconf 78' lang='grc' dir='ltr'>ρούσης</span> <span class='ocrx_word' id='word_1_285' title='bbox 513 3576 525 3590; x_wconf 74' lang='grc'><strong><em>⁸</em></strong></span> <span class='ocrx_word' id='word_1_286' title='bbox 555 3558 655 3628; x_wconf 82' lang='grc' dir='ltr'>τῆς</span> <span class='ocrx_word' id='word_1_287' title='bbox 674 3558 729 3611; x_wconf 81' lang='grc' dir='ltr'><strong>δὲ</strong></span> <span class='ocrx_word' id='word_1_288' title='bbox 751 3558 821 3611; x_wconf 84' lang='grc' dir='ltr'>τὰ</span> <span class='ocrx_word' id='word_1_289' title='bbox 851 3556 989 3617; x_wconf 85' lang='grc' dir='ltr'>θεῖα,</span> <span class='ocrx_word' id='word_1_290' title='bbox 1016 3558 1110 3610; x_wconf 79' lang='grc' dir='ltr'><strong>καὶ</strong></span> <span class='ocrx_word' id='word_1_291' title='bbox 1149 3557 1249 3610; x_wconf 82' lang='grc' dir='ltr'>ὅσα</span> <span class='ocrx_word' id='word_1_292' title='bbox 1283 3557 1382 3627; x_wconf 81' lang='grc' dir='ltr'>τῆς</span> <span class='ocrx_word' id='word_1_293' title='bbox 1406 3558 1598 3628; x_wconf 77' lang='grc' dir='ltr'>θεϊκῆς</span> <span class='ocrx_word' id='word_1_294' title='bbox 1619 3559 1872 3624; x_wconf 76' lang='grc' dir='ltr'>ἐξουσίας</span> 
     </span>
    </p>
   </div>
   <div class='ocr_carea' id='block_1_39' title="bbox 283 3641 1868 3717">
    <p class='ocr_par' dir='ltr' id='par_1_39' title="bbox 283 3641 1868 3717">
     <span class='ocr_line' id='line_1_39' title="bbox 283 3641 1868 3717; baseline -0.001 -16"><span class='ocrx_word' id='word_1_295' title='bbox 283 3646 368 3716; x_wconf 82' lang='grc' dir='ltr'><strong>τῷ</strong></span> <span class='ocrx_word' id='word_1_296' title='bbox 386 3645 776 3717; x_wconf 76' lang='grc' dir='ltr'>προσλῄμματι</span> <span class='ocrx_word' id='word_1_297' title='bbox 800 3641 1237 3714; x_wconf 77' lang='grc' dir='ltr'>περικοπτούσης</span> <span class='ocrx_word' id='word_1_298' title='bbox 1258 3643 1354 3697; x_wconf 78' lang='grc' dir='ltr'>³⁶.ι</span> <span class='ocrx_word' id='word_1_299' title='bbox 1378 3645 1570 3714; x_wconf 79' lang='grc' dir='ltr'>Χαίρω</span> <span class='ocrx_word' id='word_1_300' title='bbox 1582 3643 1694 3706; x_wconf 78' lang='grc' dir='ltr'>οὖν.</span> <span class='ocrx_word' id='word_1_301' title='bbox 1715 3648 1868 3715; x_wconf 74' lang='grc' dir='ltr'>φησι,</span> 
     </span>
    </p>
   </div>
   <div class='ocr_carea' id='block_1_40' title="bbox 282 3735 1866 3809">
    <p class='ocr_par' dir='ltr' id='par_1_40' title="bbox 282 3735 1866 3809">
     <span class='ocr_line' id='line_1_40' title="bbox 282 3735 1866 3809; baseline 0 -17"><span class='ocrx_word' id='word_1_302' title='bbox 282 3740 359 3793; x_wconf 84' lang='grc' dir='ltr'>δι’</span> <span class='ocrx_word' id='word_1_303' title='bbox 398 3739 564 3808; x_wconf 80' lang='grc' dir='ltr'>ὑμᾶς,</span> <span class='ocrx_word' id='word_1_304' title='bbox 614 3738 702 3790; x_wconf 78' lang='grc' dir='ltr'>ἵνα</span> <span class='ocrx_word' id='word_1_305' title='bbox 763 3735 1136 3803; x_wconf 84' lang='grc' dir='ltr'>πιστεύσητε,</span> <span class='ocrx_word' id='word_1_306' title='bbox 1181 3735 1264 3789; x_wconf 84' lang='grc' dir='ltr'>ὅτι</span> <span class='ocrx_word' id='word_1_307' title='bbox 1318 3737 1419 3790; x_wconf 79' lang='grc' dir='ltr'>οὐκ</span> <span class='ocrx_word' id='word_1_308' title='bbox 1474 3738 1624 3809; x_wconf 72' lang='grc' dir='ltr'>ήμην</span> <span class='ocrx_word' id='word_1_309' title='bbox 1672 3740 1807 3792; x_wconf 75' lang='grc' dir='ltr'>ἐκεῖ.</span> <span class='ocrx_word' id='word_1_310' title='bbox 1846 3757 1866 3791; x_wconf 68' lang='grc' dir='ltr'><strong>ι</strong></span> 
     </span>
    </p>
   </div>
   <div class='ocr_carea' id='block_1_41' title="bbox 285 3828 1867 3899">
    <p class='ocr_par' dir='ltr' id='par_1_41' title="bbox 285 3828 1867 3899">
     <span class='ocr_line' id='line_1_41' title="bbox 285 3828 1867 3899; baseline -0.001 -15"><span class='ocrx_word' id='word_1_311' title='bbox 285 3830 519 3894; x_wconf 72' lang='grc' dir='ltr'>Βλέπεις</span> <span class='ocrx_word' id='word_1_312' title='bbox 553 3828 830 3899; x_wconf 76' lang='grc' dir='ltr'>πανταχοῦ</span> <span class='ocrx_word' id='word_1_313' title='bbox 857 3828 954 3899; x_wconf 78' lang='grc' dir='ltr'>τὴν</span> <span class='ocrx_word' id='word_1_314' title='bbox 980 3829 1165 3881; x_wconf 79' lang='grc' dir='ltr'>πίστιν</span> <span class='ocrx_word' id='word_1_315' title='bbox 1190 3828 1373 3892; x_wconf 77' lang='grc' dir='ltr'>αὐτοῖς</span> <span class='ocrx_word' id='word_1_316' title='bbox 1391 3829 1867 3899; x_wconf 75' lang='grc' dir='ltr'>κατασπείροντας</span> 
     </span>
    </p>
   </div>
   <div class='ocr_carea' id='block_1_42' title="bbox 285 3920 1873 3994">
    <p class='ocr_par' dir='ltr' id='par_1_42' title="bbox 285 3920 1873 3994">
     <span class='ocr_line' id='line_1_42' title="bbox 285 3920 1873 3994; baseline -0.001 -18"><span class='ocrx_word' id='word_1_317' title='bbox 285 3922 383 3994; x_wconf 81' lang='grc' dir='ltr'><strong>Τῷ</strong></span> <span class='ocrx_word' id='word_1_318' title='bbox 421 3923 496 3993; x_wconf 87' lang='grc' dir='ltr'>μὴ</span> <span class='ocrx_word' id='word_1_319' title='bbox 539 3922 687 3987; x_wconf 82' lang='grc' dir='ltr'>δόξαι</span> <span class='ocrx_word' id='word_1_320' title='bbox 730 3922 869 3992; x_wconf 86' lang='grc' dir='ltr'>τάχα</span> <span class='ocrx_word' id='word_1_321' title='bbox 899 3920 1287 3991; x_wconf 84' lang='grc' dir='ltr'>προσποιητῶς</span> <span class='ocrx_word' id='word_1_322' title='bbox 1324 3920 1730 3991; x_wconf 67' lang='grc' dir='ltr'>ἐσχηματίσθαι</span> <span class='ocrx_word' id='word_1_323' title='bbox 1778 3922 1873 3975; x_wconf 80' lang='grc' dir='ltr'>τὸν</span> 
     </span>
    </p>
   </div>
   <div class='ocr_carea' id='block_1_43' title="bbox 285 4010 1868 4084">
    <p class='ocr_par' dir='ltr' id='par_1_43' title="bbox 285 4010 1868 4084">
     <span class='ocr_line' id='line_1_43' title="bbox 285 4010 1868 4084; baseline -0.003 -18"><span class='ocrx_word' id='word_1_324' title='bbox 285 4013 543 4067; x_wconf 82' lang='grc' dir='ltr'>Θάνατον.</span> <span class='ocrx_word' id='word_1_325' title='bbox 587 4013 744 4066; x_wconf 85' lang='grc' dir='ltr'>Ἤτοι</span> <span class='ocrx_word' id='word_1_326' title='bbox 790 4012 865 4082; x_wconf 79' lang='grc' dir='ltr'>μὴ</span> <span class='ocrx_word' id='word_1_327' title='bbox 905 4010 1088 4065; x_wconf 80' lang='grc' dir='ltr'>δοῦναι</span> <span class='ocrx_word' id='word_1_328' title='bbox 1121 4013 1305 4081; x_wconf 87' lang='grc' dir='ltr'>χώραν</span> <span class='ocrx_word' id='word_1_329' title='bbox 1344 4012 1505 4082; x_wconf 86' lang='grc' dir='ltr'>τυχὸν</span> <span class='ocrx_word' id='word_1_330' title='bbox 1545 4011 1624 4082; x_wconf 85' lang='grc' dir='ltr'><strong>τῷ</strong></span> <span class='ocrx_word' id='word_1_331' title='bbox 1654 4013 1868 4084; x_wconf 77' lang='grc' dir='ltr'>θανάτῳ</span> 
     </span>
    </p>
   </div>
   <div class='ocr_carea' id='block_1_44' title="bbox 284 4101 1865 4175">
    <p class='ocr_par' dir='ltr' id='par_1_44' title="bbox 284 4101 1865 4175">
     <span class='ocr_line' id='line_1_44' title="bbox 284 4101 1865 4175; baseline -0.001 -18"><span class='ocrx_word' id='word_1_332' title='bbox 284 4102 674 4175; x_wconf 80' lang='grc' dir='ltr'>περιγενέσθαι</span> <span class='ocrx_word' id='word_1_333' title='bbox 718 4102 812 4155; x_wconf 79' lang='grc' dir='ltr'>τοῦ</span> <span class='ocrx_word' id='word_1_334' title='bbox 879 4102 1131 4173; x_wconf 80' lang='grc' dir='ltr'>φίλου,ἢ</span> <span class='ocrx_word' id='word_1_335' title='bbox 1176 4101 1427 4166; x_wconf 75' lang='grc' dir='ltr'>ἐξελάσαι</span> <span class='ocrx_word' id='word_1_336' title='bbox 1476 4104 1577 4174; x_wconf 82' lang='grc' dir='ltr'>τὴν</span> <span class='ocrx_word' id='word_1_337' title='bbox 1620 4104 1795 4166; x_wconf 74' lang='grc' dir='ltr'>νόσων,</span> <span class='ocrx_word' id='word_1_338' title='bbox 1832 4104 1865 4175; x_wconf 83' lang='grc' dir='ltr'>ἢ</span> 
     </span>
    </p>
   </div>
   <div class='ocr_carea' id='block_1_45' title="bbox 274 4191 1863 4266">
    <p class='ocr_par' dir='ltr' id='par_1_45' title="bbox 274 4191 1863 4266">
     <span class='ocr_line' id='line_1_45' title="bbox 274 4191 1863 4266; baseline -0.003 -16"><span class='ocrx_word' id='word_1_339' title='bbox 274 4194 608 4266; x_wconf 75' lang='grc' dir='ltr'>ἀναρρῶσαι</span> <span class='ocrx_word' id='word_1_340' title='bbox 646 4192 738 4246; x_wconf 57' lang='lat' dir='ltr'><strong>ea»</strong></span> <span class='ocrx_word' id='word_1_341' title='bbox 800 4193 1072 4261; x_wconf 84' lang='grc' dir='ltr'>κείμενον.</span> <span class='ocrx_word' id='word_1_342' title='bbox 1147 4191 1330 4245; x_wconf 81' lang='grc' dir='ltr'>Ταῦτα</span> <span class='ocrx_word' id='word_1_343' title='bbox 1376 4191 1485 4263; x_wconf 80' lang='grc' dir='ltr'>γὰρ</span> <span class='ocrx_word' id='word_1_344' title='bbox 1534 4193 1600 4246; x_wconf 83' lang='grc' dir='ltr'>ἂν</span> <span class='ocrx_word' id='word_1_345' title='bbox 1642 4194 1863 4263; x_wconf 70' lang='grc' dir='ltr'>συνέϐη,</span> 
     </span>
    </p>
   </div>
   <div class='ocr_carea' id='block_1_46' title="bbox 283 4284 926 4358">
    <p class='ocr_par' dir='ltr' id='par_1_46' title="bbox 283 4284 926 4358">
     <span class='ocr_line' id='line_1_46' title="bbox 283 4284 926 4358; baseline -0.003 -19"><span class='ocrx_word' id='word_1_346' title='bbox 283 4289 443 4358; x_wconf 76' lang='grc' dir='ltr'>φησι,</span> <span class='ocrx_word' id='word_1_347' title='bbox 476 4287 741 4357; x_wconf 81' lang='grc' dir='ltr'>παρόντος</span> <span class='ocrx_word' id='word_1_348' title='bbox 771 4284 926 4355; x_wconf 76' lang='grc' dir='ltr'>ἐμοῦ.</span> 
     </span>
    </p>
   </div>
   <div class='ocr_carea' id='block_1_47' title="bbox 370 4369 1864 4446">
    <p class='ocr_par' dir='ltr' id='par_1_47' title="bbox 370 4369 1864 4446">
     <span class='ocr_line' id='line_1_47' title="bbox 370 4369 1864 4446; baseline -0.003 -15"><span class='ocrx_word' id='word_1_349' title='bbox 370 4374 882 4446; x_wconf 80' lang='grc' dir='ltr'>’Δνθρωπινώτερον</span> <span class='ocrx_word' id='word_1_350' title='bbox 912 4375 969 4427; x_wconf 80' lang='grc' dir='ltr'><strong>δέ</strong></span> <span class='ocrx_word' id='word_1_351' title='bbox 1022 4391 1140 4436; x_wconf 88' lang='grc' dir='ltr'><strong>πως</strong></span> <span class='ocrx_word' id='word_1_352' title='bbox 1200 4369 1339 4427; x_wconf 75' lang='grc' dir='ltr'>εἶναι</span> <span class='ocrx_word' id='word_1_353' title='bbox 1379 4375 1528 4427; x_wconf 85' lang='grc' dir='ltr'>δοκεῖ</span> <span class='ocrx_word' id='word_1_354' title='bbox 1566 4374 1644 4438; x_wconf 80' lang='grc' dir='ltr'>τὸ,</span> <span class='ocrx_word' id='word_1_355' title='bbox 1687 4392 1705 4425; x_wconf 83' lang='grc' dir='ltr'><strong>ι</strong></span> <span class='ocrx_word' id='word_1_356' title='bbox 1748 4374 1864 4428; x_wconf 83' lang='grc' dir='ltr'><strong>Οὐκ</strong></span> 
     </span>
    </p>
   </div>
   <div class='ocr_carea' id='block_1_48' title="bbox 1968 531 3552 608">
    <p class='ocr_par' dir='ltr' id='par_1_48' title="bbox 1968 531 3552 608">
     <span class='ocr_line' id='line_1_48' title="bbox 1968 531 3552 608; baseline 0.006 -23"><span class='ocrx_word' id='word_1_357' title='bbox 1968 531 2261 589; x_wconf 74' lang='lat' dir='ltr'><strong>manifeste</strong></span> <span class='ocrx_word' id='word_1_358' title='bbox 2299 552 2314 588; x_wconf 85' lang='lat'><strong>:</strong></span> <span class='ocrx_word' id='word_1_359' title='bbox 2343 532 2590 589; x_wconf 84' lang='lat' dir='ltr'><strong>Lazarus</strong></span> <span class='ocrx_word' id='word_1_360' title='bbox 2623 544 2880 590; x_wconf 80' lang='lat' dir='ltr'><strong>mortuus</strong></span> <span class='ocrx_word' id='word_1_361' title='bbox 2904 543 3011 592; x_wconf 87' lang='lat' dir='ltr'><strong>est.</strong></span> <span class='ocrx_word' id='word_1_362' title='bbox 3053 554 3074 587; x_wconf 73' lang='grc' dir='ltr'><strong>ι</strong></span> <span class='ocrx_word' id='word_1_363' title='bbox 3116 536 3193 591; x_wconf 89' lang='lat' dir='ltr'><strong>ita</strong></span> <span class='ocrx_word' id='word_1_364' title='bbox 3221 538 3370 608; x_wconf 87' lang='lat' dir='ltr'><strong>quod</strong></span> <span class='ocrx_word' id='word_1_365' title='bbox 3396 539 3552 595; x_wconf 86' lang='lat' dir='ltr'><strong>dice-</strong></span> 
     </span>
    </p>
   </div>
   <div class='ocr_carea' id='block_1_49' title="bbox 1967 622 3552 698">
    <p class='ocr_par' dir='ltr' id='par_1_49' title="bbox 1967 622 3552 698">
     <span class='ocr_line' id='line_1_49' title="bbox 1967 622 3552 698; baseline 0.006 -21"><span class='ocrx_word' id='word_1_366' title='bbox 1967 622 2131 678; x_wconf 93' lang='lat' dir='ltr'><strong>batur</strong></span> <span class='ocrx_word' id='word_1_367' title='bbox 2155 624 2477 679; x_wconf 83' lang='lat' dir='ltr'><strong>nesciebant</strong></span> <span class='ocrx_word' id='word_1_368' title='bbox 2510 641 2525 679; x_wconf 87' lang='lat'><strong>:</strong></span> <span class='ocrx_word' id='word_1_369' title='bbox 2555 640 2619 681; x_wconf 90' lang='lat' dir='ltr'><strong>ac</strong></span> <span class='ocrx_word' id='word_1_370' title='bbox 2672 641 2738 680; x_wconf 91' lang='lat' dir='ltr'><strong>eo</strong></span> <span class='ocrx_word' id='word_1_371' title='bbox 2763 627 3023 697; x_wconf 86' lang='lat' dir='ltr'><strong>amplius,</strong></span> <span class='ocrx_word' id='word_1_372' title='bbox 3071 643 3184 698; x_wconf 91' lang='lat' dir='ltr'><strong>quo</strong></span> <span class='ocrx_word' id='word_1_373' title='bbox 3244 630 3413 684; x_wconf 88' lang='lat' dir='ltr'><strong>etiam</strong></span> <span class='ocrx_word' id='word_1_374' title='bbox 3453 632 3552 686; x_wconf 83' lang='lat' dir='ltr'><strong>ab-</strong></span> 
     </span>
    </p>
   </div>
   <div class='ocr_carea' id='block_1_50' title="bbox 1967 719 3553 788">
    <p class='ocr_par' dir='ltr' id='par_1_50' title="bbox 1967 719 3553 788">
     <span class='ocr_line' id='line_1_50' title="bbox 1967 719 3553 788; baseline 0.008 -19"><span class='ocrx_word' id='word_1_375' title='bbox 1967 729 2107 769; x_wconf 87' lang='lat' dir='ltr'><strong>sone</strong></span> <span class='ocrx_word' id='word_1_376' title='bbox 2140 729 2202 769; x_wconf 92' lang='lat' dir='ltr'><strong>ac</strong></span> <span class='ocrx_word' id='word_1_377' title='bbox 2224 723 2515 786; x_wconf 74' lang='lat' dir='ltr'><strong>peregrine</strong></span> <span class='ocrx_word' id='word_1_378' title='bbox 2570 733 2668 788; x_wconf 83' lang='lat' dir='ltr'><strong>per</strong></span> <span class='ocrx_word' id='word_1_379' title='bbox 2697 719 3072 788; x_wconf 73' lang='lat' dir='ltr'><strong>objecﬁonem</strong></span> <span class='ocrx_word' id='word_1_380' title='bbox 3098 724 3373 779; x_wconf 90' lang='lat' dir='ltr'><strong>sermonis</strong></span> <span class='ocrx_word' id='word_1_381' title='bbox 3402 727 3553 780; x_wconf 80' lang='lat' dir='ltr'><strong>exci-</strong></span> 
     </span>
    </p>
   </div>
   <div class='ocr_carea' id='block_1_51' title="bbox 1965 805 3550 882">
    <p class='ocr_par' dir='ltr' id='par_1_51' title="bbox 1965 805 3550 882">
     <span class='ocr_line' id='line_1_51' title="bbox 1965 805 3550 882; baseline 0.009 -24"><span class='ocrx_word' id='word_1_382' title='bbox 1965 805 2214 875; x_wconf 85' lang='lat' dir='ltr'><strong>piebant.</strong></span> <span class='ocrx_word' id='word_1_383' title='bbox 2274 807 2584 862; x_wconf 77' lang='lat' dir='ltr'><strong>Admodum</strong></span> <span class='ocrx_word' id='word_1_384' title='bbox 2641 826 2774 881; x_wconf 76' lang='lat' dir='ltr'><strong>ergo</strong></span> <span class='ocrx_word' id='word_1_385' title='bbox 2827 826 3072 882; x_wconf 85' lang='lat' dir='ltr'><strong>congrue</strong></span> <span class='ocrx_word' id='word_1_386' title='bbox 3124 829 3237 867; x_wconf 85' lang='lat' dir='ltr'><strong>rem</strong></span> <span class='ocrx_word' id='word_1_387' title='bbox 3291 816 3550 873; x_wconf 75' lang='lat' dir='ltr'><strong>Christus</strong></span> 
     </span>
    </p>
   </div>
   <div class='ocr_carea' id='block_1_52' title="bbox 1970 897 3537 963">
    <p class='ocr_par' dir='ltr' id='par_1_52' title="bbox 1970 897 3537 963">
     <span class='ocr_line' id='line_1_52' title="bbox 1970 897 3537 963; baseline 0.008 -14"><span class='ocrx_word' id='word_1_388' title='bbox 1970 898 2266 953; x_wconf 87' lang='lat' dir='ltr'><strong>traducens</strong></span> <span class='ocrx_word' id='word_1_389' title='bbox 2290 897 2726 958; x_wconf 81' lang='lat' dir='ltr'><strong>infert.dicens:</strong></span> <span class='ocrx_word' id='word_1_390' title='bbox 2758 920 2777 953; x_wconf 87' lang='grc'><strong><em>‹</em></strong></span> <span class='ocrx_word' id='word_1_391' title='bbox 2806 901 3052 960; x_wconf 77' lang='lat' dir='ltr'><strong>Lazarus</strong></span> <span class='ocrx_word' id='word_1_392' title='bbox 3087 916 3342 961; x_wconf 88' lang='lat' dir='ltr'><strong>mortuus</strong></span> <span class='ocrx_word' id='word_1_393' title='bbox 3379 917 3484 963; x_wconf 89' lang='grc' dir='ltr'>εει.</span> <span class='ocrx_word' id='word_1_394' title='bbox 3517 927 3537 961; x_wconf 69' lang='grc' dir='ltr'><strong>ε</strong></span> 
     </span>
    </p>
   </div>
   <div class='ocr_carea' id='block_1_53' title="bbox 1965 987 3549 1065">
    <p class='ocr_par' dir='ltr' id='par_1_53' title="bbox 1965 987 3549 1065">
     <span class='ocr_line' id='line_1_53' title="bbox 1965 987 3549 1065; baseline 0.008 -24"><span class='ocrx_word' id='word_1_395' title='bbox 1965 987 2137 1054; x_wconf 84' lang='lat' dir='ltr'><strong>Quasi</strong></span> <span class='ocrx_word' id='word_1_396' title='bbox 2169 987 2322 1044; x_wconf 88' lang='lat' dir='ltr'><strong>dicat</strong></span> <span class='ocrx_word' id='word_1_397' title='bbox 2356 1006 2372 1044; x_wconf 87' lang='lat'><strong>:</strong></span> <span class='ocrx_word' id='word_1_398' title='bbox 2407 989 2641 1057; x_wconf 84' lang='lat' dir='ltr'><strong>Scitote,</strong></span> <span class='ocrx_word' id='word_1_399' title='bbox 2681 992 2974 1062; x_wconf 83' lang='lat' dir='ltr'><strong>inquit,ex</strong></span> <span class='ocrx_word' id='word_1_400' title='bbox 3008 995 3464 1065; x_wconf 82' lang='lat' dir='ltr'><strong>interpretatione</strong></span> <span class='ocrx_word' id='word_1_401' title='bbox 3491 1009 3549 1054; x_wconf 91' lang='lat' dir='ltr'><strong>et</strong></span> 
     </span>
    </p>
   </div>
   <div class='ocr_carea' id='block_1_54' title="bbox 1966 1076 3546 1150">
    <p class='ocr_par' dir='ltr' id='par_1_54' title="bbox 1966 1076 3546 1150">
     <span class='ocr_line' id='line_1_54' title="bbox 1966 1076 3546 1150; baseline 0.007 -18"><span class='ocrx_word' id='word_1_402' title='bbox 1966 1078 2217 1134; x_wconf 80' lang='lat' dir='ltr'><strong>doctrina</strong></span> <span class='ocrx_word' id='word_1_403' title='bbox 2279 1080 2426 1150; x_wconf 91' lang='lat' dir='ltr'><strong>quod</strong></span> <span class='ocrx_word' id='word_1_404' title='bbox 2465 1088 2551 1136; x_wconf 84' lang='lat' dir='ltr'><strong>est</strong></span> <span class='ocrx_word' id='word_1_405' title='bbox 2606 1081 2854 1137; x_wconf 80' lang='lat' dir='ltr'><strong>futurum</strong></span> <span class='ocrx_word' id='word_1_406' title='bbox 2904 1102 2918 1139; x_wconf 89' lang='lat'><strong>:</strong></span> <span class='ocrx_word' id='word_1_407' title='bbox 2959 1104 2977 1135; x_wconf 79' lang='grc' dir='ltr'><strong>ι</strong></span> <span class='ocrx_word' id='word_1_408' title='bbox 3007 1076 3162 1139; x_wconf 76' lang='lat' dir='ltr'><strong>Vado</strong></span> <span class='ocrx_word' id='word_1_409' title='bbox 3216 1088 3363 1141; x_wconf 87' lang='lat' dir='ltr'><strong>enim</strong></span> <span class='ocrx_word' id='word_1_410' title='bbox 3423 1096 3546 1143; x_wconf 85' lang='lat' dir='ltr'><strong>uta</strong></span> 
     </span>
    </p>
   </div>
   <div class='ocr_carea' id='block_1_55' title="bbox 1968 1171 3547 1245">
    <p class='ocr_par' dir='ltr' id='par_1_55' title="bbox 1968 1171 3547 1245">
     <span class='ocr_line' id='line_1_55' title="bbox 1968 1171 3547 1245; baseline 0.004 -20"><span class='ocrx_word' id='word_1_411' title='bbox 1968 1184 2167 1225; x_wconf 88' lang='lat' dir='ltr'><strong>somno</strong></span> <span class='ocrx_word' id='word_1_412' title='bbox 2203 1171 2442 1224; x_wconf 80' lang='lat' dir='ltr'><strong>excitem</strong></span> <span class='ocrx_word' id='word_1_413' title='bbox 2501 1186 2654 1225; x_wconf 88' lang='lat' dir='ltr'><strong>eum.</strong></span> <span class='ocrx_word' id='word_1_414' title='bbox 2697 1190 2716 1222; x_wconf 76' lang='grc' dir='ltr'><strong>ι</strong></span> <span class='ocrx_word' id='word_1_415' title='bbox 2750 1172 2814 1227; x_wconf 87' lang='lat' dir='ltr'><strong>Et</strong></span> <span class='ocrx_word' id='word_1_416' title='bbox 2892 1173 2997 1229; x_wconf 90' lang='lat' dir='ltr'><strong>hoc</strong></span> <span class='ocrx_word' id='word_1_417' title='bbox 3025 1175 3146 1229; x_wconf 89' lang='lat' dir='ltr'><strong>sine</strong></span> <span class='ocrx_word' id='word_1_418' title='bbox 3185 1175 3456 1245; x_wconf 84' lang='lat' dir='ltr'><strong>jactantia</strong></span> <span class='ocrx_word' id='word_1_419' title='bbox 3492 1187 3547 1232; x_wconf 82' lang='lat' dir='ltr'><strong>et</strong></span> 
     </span>
    </p>
   </div>
   <div class='ocr_carea' id='block_1_56' title="bbox 1969 1258 3545 1333">
    <p class='ocr_par' dir='ltr' id='par_1_56' title="bbox 1969 1258 3545 1333">
     <span class='ocr_line' id='line_1_56' title="bbox 1969 1258 3545 1333; baseline 0.008 -21"><span class='ocrx_word' id='word_1_420' title='bbox 1969 1258 2111 1314; x_wconf 83' lang='lat' dir='ltr'><strong>fastu</strong></span> <span class='ocrx_word' id='word_1_421' title='bbox 2144 1278 2159 1325; x_wconf 85' lang='lat'><strong>;</strong></span> <span class='ocrx_word' id='word_1_422' title='bbox 2198 1275 2309 1315; x_wconf 92' lang='lat' dir='ltr'><strong>non</strong></span> <span class='ocrx_word' id='word_1_423' title='bbox 2339 1261 2486 1316; x_wconf 91' lang='lat' dir='ltr'><strong>enim</strong></span> <span class='ocrx_word' id='word_1_424' title='bbox 2550 1263 2820 1332; x_wconf 78' lang='lat' dir='ltr'><strong>glorians,</strong></span> <span class='ocrx_word' id='word_1_425' title='bbox 2867 1273 2925 1318; x_wconf 93' lang='lat' dir='ltr'><strong>ut</strong></span> <span class='ocrx_word' id='word_1_426' title='bbox 2959 1266 3031 1318; x_wconf 91' lang='lat' dir='ltr'><strong>ita</strong></span> <span class='ocrx_word' id='word_1_427' title='bbox 3094 1266 3299 1333; x_wconf 87' lang='lat' dir='ltr'><strong>dicam,</strong></span> <span class='ocrx_word' id='word_1_428' title='bbox 3335 1284 3401 1323; x_wconf 89' lang='lat' dir='ltr'><strong>ac</strong></span> <span class='ocrx_word' id='word_1_429' title='bbox 3440 1271 3545 1325; x_wconf 86' lang='lat' dir='ltr'><strong>sibi</strong></span> 
     </span>
    </p>
   </div>
   <div class='ocr_carea' id='block_1_57' title="bbox 1969 1351 3548 1426">
    <p class='ocr_par' dir='ltr' id='par_1_57' title="bbox 1969 1351 3548 1426">
     <span class='ocr_line' id='line_1_57' title="bbox 1969 1351 3548 1426; baseline 0.007 -21"><span class='ocrx_word' id='word_1_430' title='bbox 1969 1351 2216 1421; x_wconf 84' lang='lat' dir='ltr'><strong>placens,</strong></span> <span class='ocrx_word' id='word_1_431' title='bbox 2271 1368 2455 1422; x_wconf 85' lang='lat' dir='ltr'><strong>neque</strong></span> <span class='ocrx_word' id='word_1_432' title='bbox 2535 1353 2875 1426; x_wconf 73' lang='lat' dir='ltr'><strong>impotentiae</strong></span> <span class='ocrx_word' id='word_1_433' title='bbox 2945 1357 3114 1411; x_wconf 81' lang='lat' dir='ltr'><strong>verba</strong></span> <span class='ocrx_word' id='word_1_434' title='bbox 3168 1359 3391 1415; x_wconf 72' lang='lat' dir='ltr'><strong>lorutus</strong></span> <span class='ocrx_word' id='word_1_435' title='bbox 3452 1372 3548 1417; x_wconf 87' lang='lat' dir='ltr'><strong>aut</strong></span> 
     </span>
    </p>
   </div>
   <div class='ocr_carea' id='block_1_58' title="bbox 1969 1444 3546 1519">
    <p class='ocr_par' dir='ltr' id='par_1_58' title="bbox 1969 1444 3546 1519">
     <span class='ocr_line' id='line_1_58' title="bbox 1969 1444 3546 1519; baseline 0.005 -21"><span class='ocrx_word' id='word_1_436' title='bbox 1969 1444 2331 1515; x_wconf 72' lang='lat' dir='ltr'><strong>ignorantiae;</strong></span> <span class='ocrx_word' id='word_1_437' title='bbox 2360 1444 2455 1498; x_wconf 88' lang='lat' dir='ltr'><strong>sed</strong></span> <span class='ocrx_word' id='word_1_438' title='bbox 2489 1444 2544 1498; x_wconf 94' lang='lat' dir='ltr'><strong>in</strong></span> <span class='ocrx_word' id='word_1_439' title='bbox 2611 1446 2875 1501; x_wconf 87' lang='lat' dir='ltr'><strong>omnihus</strong></span> <span class='ocrx_word' id='word_1_440' title='bbox 2915 1447 3083 1511; x_wconf 86' lang='lat' dir='ltr'><strong>simul</strong></span> <span class='ocrx_word' id='word_1_441' title='bbox 3111 1456 3169 1503; x_wconf 93' lang='lat' dir='ltr'><strong>et</strong></span> <span class='ocrx_word' id='word_1_442' title='bbox 3217 1451 3546 1519; x_wconf 84' lang='lat' dir='ltr'><strong>sapientiam</strong></span> 
     </span>
    </p>
   </div>
   <div class='ocr_carea' id='block_1_59' title="bbox 1967 1537 3544 1611">
    <p class='ocr_par' dir='ltr' id='par_1_59' title="bbox 1967 1537 3544 1611">
     <span class='ocr_line' id='line_1_59' title="bbox 1967 1537 3544 1611; baseline 0.003 -19"><span class='ocrx_word' id='word_1_443' title='bbox 1967 1545 2020 1592; x_wconf 91' lang='lat' dir='ltr'><strong>et</strong></span> <span class='ocrx_word' id='word_1_444' title='bbox 2042 1537 2442 1606; x_wconf 72' lang='lat' dir='ltr'><strong>pmscientiam</strong></span> <span class='ocrx_word' id='word_1_445' title='bbox 2465 1546 2516 1590; x_wconf 89' lang='lat' dir='ltr'><strong>et</strong></span> <span class='ocrx_word' id='word_1_446' title='bbox 2531 1538 2832 1606; x_wconf 88' lang='lat' dir='ltr'><strong>potentiam</strong></span> <span class='ocrx_word' id='word_1_447' title='bbox 2881 1541 3204 1604; x_wconf 88' lang='lat' dir='ltr'><strong>ostendens,</strong></span> <span class='ocrx_word' id='word_1_448' title='bbox 3231 1557 3353 1611; x_wconf 71' lang='lat' dir='ltr'><strong>quae</strong></span> <span class='ocrx_word' id='word_1_449' title='bbox 3380 1545 3544 1598; x_wconf 90' lang='lat' dir='ltr'><strong>etiam</strong></span> 
     </span>
    </p>
   </div>
   <div class='ocr_carea' id='block_1_60' title="bbox 1971 1627 3546 1703">
    <p class='ocr_par' dir='ltr' id='par_1_60' title="bbox 1971 1627 3546 1703">
     <span class='ocr_line' id='line_1_60' title="bbox 1971 1627 3546 1703; baseline 0.005 -21"><span class='ocrx_word' id='word_1_450' title='bbox 1971 1643 2071 1697; x_wconf 87' lang='lat' dir='ltr'><strong>per</strong></span> <span class='ocrx_word' id='word_1_451' title='bbox 2105 1636 2360 1682; x_wconf 87' lang='lat' dir='ltr'><strong>naturam</strong></span> <span class='ocrx_word' id='word_1_452' title='bbox 2392 1627 2470 1682; x_wconf 91' lang='lat' dir='ltr'><strong>illi</strong></span> <span class='ocrx_word' id='word_1_453' title='bbox 2528 1630 2782 1683; x_wconf 85' lang='lat' dir='ltr'><strong>aderant.</strong></span> <span class='ocrx_word' id='word_1_454' title='bbox 2820 1628 2986 1685; x_wconf 82' lang='lat' dir='ltr'><strong>Velut</strong></span> <span class='ocrx_word' id='word_1_455' title='bbox 3015 1631 3204 1686; x_wconf 82' lang='lat' dir='ltr'><strong>futura</strong></span> <span class='ocrx_word' id='word_1_456' title='bbox 3253 1637 3546 1703; x_wconf 66' lang='lat' dir='ltr'><strong>praesentia</strong></span> 
     </span>
    </p>
   </div>
   <div class='ocr_carea' id='block_1_61' title="bbox 1965 1720 2962 1788">
    <p class='ocr_par' dir='ltr' id='par_1_61' title="bbox 1965 1720 2962 1788">
     <span class='ocr_line' id='line_1_61' title="bbox 1965 1720 2962 1788; baseline 0.002 -15"><span class='ocrx_word' id='word_1_457' title='bbox 1965 1720 2076 1788; x_wconf 86' lang='lat' dir='ltr'><strong>jam</strong></span> <span class='ocrx_word' id='word_1_458' title='bbox 2102 1727 2307 1781; x_wconf 86' lang='lat' dir='ltr'><strong>essent,</strong></span> <span class='ocrx_word' id='word_1_459' title='bbox 2341 1727 2573 1775; x_wconf 85' lang='lat' dir='ltr'><strong>eventus</strong></span> <span class='ocrx_word' id='word_1_460' title='bbox 2608 1720 2962 1788; x_wconf 72' lang='lat' dir='ltr'><strong>praedicebat.</strong></span> 
     </span>
    </p>
   </div>
   <div class='ocr_carea' id='block_1_62' title="bbox 2047 1809 3547 1884">
    <p class='ocr_par' dir='ltr' id='par_1_62' title="bbox 2047 1809 3547 1884">
     <span class='ocr_line' id='line_1_62' title="bbox 2047 1809 3547 1884; baseline 0.007 -24"><span class='ocrx_word' id='word_1_461' title='bbox 2047 1829 2066 1860; x_wconf 77' lang='grc' dir='ltr'><strong>ο</strong></span> <span class='ocrx_word' id='word_1_462' title='bbox 2104 1809 2346 1864; x_wconf 84' lang='lat' dir='ltr'><strong>Lazarus</strong></span> <span class='ocrx_word' id='word_1_463' title='bbox 2408 1820 2668 1864; x_wconf 87' lang='lat' dir='ltr'><strong>mortuus</strong></span> <span class='ocrx_word' id='word_1_464' title='bbox 2691 1818 2776 1866; x_wconf 85' lang='lat' dir='ltr'><strong>est</strong></span> <span class='ocrx_word' id='word_1_465' title='bbox 2811 1830 2824 1865; x_wconf 90' lang='lat'><strong>:</strong></span> <span class='ocrx_word' id='word_1_466' title='bbox 2852 1820 2908 1866; x_wconf 92' lang='lat' dir='ltr'><strong>et</strong></span> <span class='ocrx_word' id='word_1_467' title='bbox 2938 1812 3151 1881; x_wconf 82' lang='lat' dir='ltr'><strong>gaudeo</strong></span> <span class='ocrx_word' id='word_1_468' title='bbox 3185 1822 3413 1884; x_wconf 87' lang='lat' dir='ltr'><strong>propter</strong></span> <span class='ocrx_word' id='word_1_469' title='bbox 3444 1832 3547 1871; x_wconf 84' lang='lat' dir='ltr'><strong>vos</strong></span> 
     </span>
    </p>
   </div>
   <div class='ocr_carea' id='block_1_63' title="bbox 1968 1904 3549 1972">
    <p class='ocr_par' dir='ltr' id='par_1_63' title="bbox 1968 1904 3549 1972">
     <span class='ocr_line' id='line_1_63' title="bbox 1968 1904 3549 1972; baseline 0.004 -16"><span class='ocrx_word' id='word_1_470' title='bbox 1968 1904 2227 1972; x_wconf 84' lang='lat' dir='ltr'><strong>quoniam</strong></span> <span class='ocrx_word' id='word_1_471' title='bbox 2264 1921 2374 1960; x_wconf 91' lang='lat' dir='ltr'><strong>non</strong></span> <span class='ocrx_word' id='word_1_472' title='bbox 2407 1918 2554 1959; x_wconf 90' lang='lat' dir='ltr'><strong>eram</strong></span> <span class='ocrx_word' id='word_1_473' title='bbox 2580 1904 2653 1958; x_wconf 89' lang='lat' dir='ltr'><strong>ibi</strong></span> <span class='ocrx_word' id='word_1_474' title='bbox 2701 1904 2834 1959; x_wconf 83' lang='lat' dir='ltr'><strong>:sed</strong></span> <span class='ocrx_word' id='word_1_475' title='bbox 2867 1919 3062 1960; x_wconf 88' lang='lat' dir='ltr'><strong>eamus</strong></span> <span class='ocrx_word' id='word_1_476' title='bbox 3115 1905 3181 1960; x_wconf 90' lang='lat' dir='ltr'><strong>ad</strong></span> <span class='ocrx_word' id='word_1_477' title='bbox 3204 1923 3349 1961; x_wconf 89' lang='lat' dir='ltr'><strong>eum.</strong></span> <span class='ocrx_word' id='word_1_478' title='bbox 3397 1925 3416 1959; x_wconf 77' lang='grc' dir='ltr'><strong>ι</strong></span> <span class='ocrx_word' id='word_1_479' title='bbox 3455 1908 3549 1962; x_wconf 78' lang='lat' dir='ltr'><strong>Vi-</strong></span> 
     </span>
    </p>
   </div>
   <div class='ocr_carea' id='block_1_64' title="bbox 1968 1995 3549 2067">
    <p class='ocr_par' dir='ltr' id='par_1_64' title="bbox 1968 1995 3549 2067">
     <span class='ocr_line' id='line_1_64' title="bbox 1968 1995 3549 2067; baseline 0.001 -17"><span class='ocrx_word' id='word_1_480' title='bbox 1968 1995 2068 2051; x_wconf 85' lang='lat' dir='ltr'><strong>des</strong></span> <span class='ocrx_word' id='word_1_481' title='bbox 2094 2006 2155 2051; x_wconf 85' lang='lat' dir='ltr'><strong>ut</strong></span> <span class='ocrx_word' id='word_1_482' title='bbox 2188 1996 2439 2052; x_wconf 88' lang='lat' dir='ltr'><strong>modeste</strong></span> <span class='ocrx_word' id='word_1_483' title='bbox 2497 1996 2779 2066; x_wconf 87' lang='lat' dir='ltr'><strong>loquatur,</strong></span> <span class='ocrx_word' id='word_1_484' title='bbox 2842 2010 2906 2050; x_wconf 87' lang='lat' dir='ltr'><strong>ac</strong></span> <span class='ocrx_word' id='word_1_485' title='bbox 2937 1997 3256 2066; x_wconf 86' lang='lat' dir='ltr'><strong>particulari</strong></span> <span class='ocrx_word' id='word_1_486' title='bbox 3320 2001 3549 2067; x_wconf 71' lang='lat' dir='ltr'><strong>exposi-</strong></span> 
     </span>
    </p>
   </div>
   <div class='ocr_carea' id='block_1_65' title="bbox 1969 2091 3549 2165">
    <p class='ocr_par' dir='ltr' id='par_1_65' title="bbox 1969 2091 3549 2165">
     <span class='ocr_line' id='line_1_65' title="bbox 1969 2091 3549 2165; baseline -0.001 -18"><span class='ocrx_word' id='word_1_487' title='bbox 1969 2094 2123 2149; x_wconf 89' lang='lat' dir='ltr'><strong>tione</strong></span> <span class='ocrx_word' id='word_1_488' title='bbox 2149 2093 2416 2165; x_wconf 87' lang='lat' dir='ltr'><strong>propositi</strong></span> <span class='ocrx_word' id='word_1_489' title='bbox 2466 2091 2618 2158; x_wconf 79' lang='lat' dir='ltr'><strong>iinis,</strong></span> <span class='ocrx_word' id='word_1_490' title='bbox 2644 2092 2710 2145; x_wconf 90' lang='lat' dir='ltr'><strong>ad</strong></span> <span class='ocrx_word' id='word_1_491' title='bbox 2749 2091 2998 2145; x_wconf 77' lang='lat' dir='ltr'><strong>miraculi</strong></span> <span class='ocrx_word' id='word_1_492' title='bbox 3026 2091 3422 2147; x_wconf 79' lang='lat' dir='ltr'><strong>exhibitionem</strong></span> <span class='ocrx_word' id='word_1_493' title='bbox 3453 2092 3549 2145; x_wconf 77' lang='lat' dir='ltr'><strong>dc-</strong></span> 
     </span>
    </p>
   </div>
   <div class='ocr_carea' id='block_1_66' title="bbox 1970 2176 3549 2245">
    <p class='ocr_par' dir='ltr' id='par_1_66' title="bbox 1970 2176 3549 2245">
     <span class='ocr_line' id='line_1_66' title="bbox 1970 2176 3549 2245; baseline -0.001 -7"><span class='ocrx_word' id='word_1_494' title='bbox 1970 2185 2236 2245; x_wconf 83' lang='lat' dir='ltr'><strong>siderium</strong></span> <span class='ocrx_word' id='word_1_495' title='bbox 2295 2184 2680 2238; x_wconf 74' lang='lat' dir='ltr'><strong>vehementius</strong></span> <span class='ocrx_word' id='word_1_496' title='bbox 2738 2176 3032 2238; x_wconf 82' lang='lat' dir='ltr'><strong>intendat?</strong></span> <span class='ocrx_word' id='word_1_497' title='bbox 3080 2181 3198 2235; x_wconf 91' lang='lat' dir='ltr'><strong>Non</strong></span> <span class='ocrx_word' id='word_1_498' title='bbox 3225 2184 3372 2237; x_wconf 87' lang='lat' dir='ltr'><strong>enim</strong></span> <span class='ocrx_word' id='word_1_499' title='bbox 3404 2184 3549 2237; x_wconf 84' lang='lat' dir='ltr'><strong>sicut</strong></span> 
     </span>
    </p>
   </div>
   <div class='ocr_carea' id='block_1_67' title="bbox 1970 2273 3549 2341">
    <p class='ocr_par' dir='ltr' id='par_1_67' title="bbox 1970 2273 3549 2341">
     <span class='ocr_line' id='line_1_67' title="bbox 1970 2273 3549 2341; baseline 0.002 -15"><span class='ocrx_word' id='word_1_500' title='bbox 1970 2289 2095 2327; x_wconf 87' lang='lat' dir='ltr'><strong>cum</strong></span> <span class='ocrx_word' id='word_1_501' title='bbox 2131 2275 2226 2336; x_wconf 90' lang='lat' dir='ltr'><strong>ait,</strong></span> <span class='ocrx_word' id='word_1_502' title='bbox 2284 2273 2546 2338; x_wconf 80' lang='lat' dir='ltr'><strong>dormire,</strong></span> <span class='ocrx_word' id='word_1_503' title='bbox 2583 2275 2661 2327; x_wconf 81' lang='lat' dir='ltr'><strong>ita</strong></span> <span class='ocrx_word' id='word_1_504' title='bbox 2700 2274 2804 2328; x_wconf 86' lang='lat' dir='ltr'><strong>hoc</strong></span> <span class='ocrx_word' id='word_1_505' title='bbox 2844 2275 2968 2328; x_wconf 91' lang='lat' dir='ltr'><strong>loco</strong></span> <span class='ocrx_word' id='word_1_506' title='bbox 2993 2274 3246 2341; x_wconf 84' lang='lat' dir='ltr'><strong>adjuuxit</strong></span> <span class='ocrx_word' id='word_1_507' title='bbox 3279 2293 3293 2328; x_wconf 91' lang='lat'><strong>:</strong></span> <span class='ocrx_word' id='word_1_508' title='bbox 3331 2293 3350 2325; x_wconf 78' lang='grc' dir='ltr'><strong>ι</strong></span> <span class='ocrx_word' id='word_1_509' title='bbox 3390 2273 3549 2329; x_wconf 76' lang='lat' dir='ltr'><strong>Vado</strong></span> 
     </span>
    </p>
   </div>
   <div class='ocr_carea' id='block_1_68' title="bbox 1973 2363 3548 2435">
    <p class='ocr_par' dir='ltr' id='par_1_68' title="bbox 1973 2363 3548 2435">
     <span class='ocr_line' id='line_1_68' title="bbox 1973 2363 3548 2435; baseline -0.001 -17"><span class='ocrx_word' id='word_1_510' title='bbox 1973 2373 2032 2418; x_wconf 89' lang='lat' dir='ltr'><strong>ut</strong></span> <span class='ocrx_word' id='word_1_511' title='bbox 2061 2365 2297 2419; x_wconf 81' lang='lat' dir='ltr'><strong>excitem</strong></span> <span class='ocrx_word' id='word_1_512' title='bbox 2360 2381 2485 2420; x_wconf 91' lang='lat' dir='ltr'><strong>eum</strong></span> <span class='ocrx_word' id='word_1_513' title='bbox 2525 2386 2539 2419; x_wconf 85' lang='lat'><strong>:</strong></span> <span class='ocrx_word' id='word_1_514' title='bbox 2595 2376 2616 2409; x_wconf 76' lang='grc' dir='ltr'><strong>ι</strong></span> <span class='ocrx_word' id='word_1_515' title='bbox 2644 2364 2738 2420; x_wconf 90' lang='lat' dir='ltr'><strong>sed</strong></span> <span class='ocrx_word' id='word_1_516' title='bbox 2770 2379 2836 2419; x_wconf 91' lang='lat' dir='ltr'><strong>eo</strong></span> <span class='ocrx_word' id='word_1_517' title='bbox 2885 2381 3206 2435; x_wconf 87' lang='lat' dir='ltr'><strong>suppresso,</strong></span> <span class='ocrx_word' id='word_1_518' title='bbox 3241 2384 3259 2416; x_wconf 82' lang='grc' dir='ltr'><strong>ι</strong></span> <span class='ocrx_word' id='word_1_519' title='bbox 3299 2363 3548 2428; x_wconf 80' lang='lat' dir='ltr'><strong>Gaudeo,</strong></span> 
     </span>
    </p>
   </div>
   <div class='ocr_carea' id='block_1_69' title="bbox 1972 2453 3548 2524">
    <p class='ocr_par' dir='ltr' id='par_1_69' title="bbox 1972 2453 3548 2524">
     <span class='ocr_line' id='line_1_69' title="bbox 1972 2453 3548 2524; baseline 0.001 -18"><span class='ocrx_word' id='word_1_520' title='bbox 1972 2453 2171 2522; x_wconf 85' lang='lat' dir='ltr'><strong>inquit,</strong></span> <span class='ocrx_word' id='word_1_521' title='bbox 2240 2461 2468 2524; x_wconf 86' lang='lat' dir='ltr'><strong>propter</strong></span> <span class='ocrx_word' id='word_1_522' title='bbox 2509 2468 2604 2507; x_wconf 83' lang='lat' dir='ltr'><strong>vos</strong></span> <span class='ocrx_word' id='word_1_523' title='bbox 2638 2492 2654 2518; x_wconf 91' lang='lat'><strong>,</strong></span> <span class='ocrx_word' id='word_1_524' title='bbox 2713 2460 2770 2506; x_wconf 88' lang='lat' dir='ltr'><strong>ut</strong></span> <span class='ocrx_word' id='word_1_525' title='bbox 2836 2453 3076 2507; x_wconf 84' lang='lat' dir='ltr'><strong>credatis</strong></span> <span class='ocrx_word' id='word_1_526' title='bbox 3129 2454 3389 2522; x_wconf 92' lang='lat' dir='ltr'><strong>quoniam</strong></span> <span class='ocrx_word' id='word_1_527' title='bbox 3439 2469 3548 2507; x_wconf 89' lang='lat' dir='ltr'><strong>non</strong></span> 
     </span>
    </p>
   </div>
   <div class='ocr_carea' id='block_1_70' title="bbox 1970 2543 3550 2613">
    <p class='ocr_par' dir='ltr' id='par_1_70' title="bbox 1970 2543 3550 2613">
     <span class='ocr_line' id='line_1_70' title="bbox 1970 2543 3550 2613; baseline -0.003 -13"><span class='ocrx_word' id='word_1_528' title='bbox 1970 2558 2122 2600; x_wconf 86' lang='lat' dir='ltr'><strong>eram</strong></span> <span class='ocrx_word' id='word_1_529' title='bbox 2163 2543 2261 2598; x_wconf 90' lang='lat' dir='ltr'><strong>ibi.</strong></span> <span class='ocrx_word' id='word_1_530' title='bbox 2310 2563 2329 2596; x_wconf 72' lang='grc' dir='ltr'><strong>ι</strong></span> <span class='ocrx_word' id='word_1_531' title='bbox 2367 2544 2575 2599; x_wconf 81' lang='lat' dir='ltr'><strong>Forsan</strong></span> <span class='ocrx_word' id='word_1_532' title='bbox 2618 2544 2762 2597; x_wconf 87' lang='lat' dir='ltr'><strong>enim</strong></span> <span class='ocrx_word' id='word_1_533' title='bbox 2808 2559 2894 2597; x_wconf 91' lang='lat' dir='ltr'><strong>me</strong></span> <span class='ocrx_word' id='word_1_534' title='bbox 2942 2555 3231 2611; x_wconf 67' lang='lat' dir='ltr'><strong>praesente,</strong></span> <span class='ocrx_word' id='word_1_535' title='bbox 3261 2559 3370 2613; x_wconf 89' lang='lat' dir='ltr'><strong>qua</strong></span> <span class='ocrx_word' id='word_1_536' title='bbox 3401 2545 3550 2598; x_wconf 84' lang='lat' dir='ltr'><strong>scili-</strong></span> 
     </span>
    </p>
   </div>
   <div class='ocr_carea' id='block_1_71' title="bbox 1970 2634 3550 2702">
    <p class='ocr_par' dir='ltr' id='par_1_71' title="bbox 1970 2634 3550 2702">
     <span class='ocr_line' id='line_1_71' title="bbox 1970 2634 3550 2702; baseline 0 -12"><span class='ocrx_word' id='word_1_537' title='bbox 1970 2643 2057 2691; x_wconf 89' lang='lat' dir='ltr'><strong>cet</strong></span> <span class='ocrx_word' id='word_1_538' title='bbox 2086 2652 2209 2691; x_wconf 91' lang='lat' dir='ltr'><strong>sum</strong></span> <span class='ocrx_word' id='word_1_539' title='bbox 2255 2635 2442 2701; x_wconf 82' lang='lat' dir='ltr'><strong>homo,</strong></span> <span class='ocrx_word' id='word_1_540' title='bbox 2506 2649 2655 2689; x_wconf 89' lang='lat' dir='ltr'><strong>mors</strong></span> <span class='ocrx_word' id='word_1_541' title='bbox 2687 2637 2691 2641; x_wconf 78' lang='grc'><strong>’</strong></span> <span class='ocrx_word' id='word_1_542' title='bbox 2720 2648 2831 2688; x_wconf 90' lang='lat' dir='ltr'><strong>non</strong></span> <span class='ocrx_word' id='word_1_543' title='bbox 2896 2636 3276 2702; x_wconf 69' lang='lat' dir='ltr'><strong>prmvaluissct</strong></span> <span class='ocrx_word' id='word_1_544' title='bbox 3309 2652 3323 2687; x_wconf 89' lang='lat'><strong>:</strong></span> <span class='ocrx_word' id='word_1_545' title='bbox 3386 2653 3404 2685; x_wconf 82' lang='grc' dir='ltr'><strong>ι</strong></span> <span class='ocrx_word' id='word_1_546' title='bbox 3443 2634 3550 2690; x_wconf 85' lang='lat' dir='ltr'><strong>Sed</strong></span> 
     </span>
    </p>
   </div>
   <div class='ocr_carea' id='block_1_72' title="bbox 1969 2725 3548 2795">
    <p class='ocr_par' dir='ltr' id='par_1_72' title="bbox 1969 2725 3548 2795">
     <span class='ocr_line' id='line_1_72' title="bbox 1969 2725 3548 2795; baseline -0.002 -13"><span class='ocrx_word' id='word_1_547' title='bbox 1969 2742 2161 2782; x_wconf 89' lang='lat' dir='ltr'><strong>eamus</strong></span> <span class='ocrx_word' id='word_1_548' title='bbox 2190 2727 2256 2781; x_wconf 82' lang='lat' dir='ltr'><strong>ad</strong></span> <span class='ocrx_word' id='word_1_549' title='bbox 2286 2742 2431 2782; x_wconf 88' lang='lat' dir='ltr'><strong>eum.</strong></span> <span class='ocrx_word' id='word_1_550' title='bbox 2471 2745 2490 2778; x_wconf 71' lang='grc' dir='ltr'><strong>ι</strong></span> <span class='ocrx_word' id='word_1_551' title='bbox 2529 2725 2715 2792; x_wconf 85' lang='lat' dir='ltr'><strong>Quare</strong></span> <span class='ocrx_word' id='word_1_552' title='bbox 2744 2725 2768 2779; x_wconf 73' lang='grc' dir='ltr'><strong><em>τ</em></strong></span> <span class='ocrx_word' id='word_1_553' title='bbox 2804 2725 2874 2781; x_wconf 93' lang='lat' dir='ltr'><strong>Ut</strong></span> <span class='ocrx_word' id='word_1_554' title='bbox 2902 2726 3168 2790; x_wconf 86' lang='lat' dir='ltr'><strong>credatis,</strong></span> <span class='ocrx_word' id='word_1_555' title='bbox 3201 2725 3349 2795; x_wconf 91' lang='lat' dir='ltr'><strong>quod</strong></span> <span class='ocrx_word' id='word_1_556' title='bbox 3380 2726 3548 2780; x_wconf 85' lang='lat' dir='ltr'><strong>etiam</strong></span> 
     </span>
    </p>
   </div>
   <div class='ocr_carea' id='block_1_73' title="bbox 1970 2812 3577 2888">
    <p class='ocr_par' dir='ltr' id='par_1_73' title="bbox 1970 2812 3577 2888">
     <span class='ocr_line' id='line_1_73' title="bbox 1970 2812 3577 2888; baseline -0.001 -15"><span class='ocrx_word' id='word_1_557' title='bbox 1970 2827 2221 2874; x_wconf 86' lang='lat' dir='ltr'><strong>mortuos</strong></span> <span class='ocrx_word' id='word_1_558' title='bbox 2255 2832 2356 2888; x_wconf 90' lang='lat' dir='ltr'><strong>pro</strong></span> <span class='ocrx_word' id='word_1_559' title='bbox 2392 2817 2661 2871; x_wconf 84' lang='lat' dir='ltr'><strong>arbitratu</strong></span> <span class='ocrx_word' id='word_1_560' title='bbox 2696 2828 2751 2873; x_wconf 88' lang='lat' dir='ltr'><strong>et</strong></span> <span class='ocrx_word' id='word_1_561' title='bbox 2784 2832 2847 2872; x_wconf 80' lang='lat' dir='ltr'><strong>ex</strong></span> <span class='ocrx_word' id='word_1_562' title='bbox 2878 2817 3107 2887; x_wconf 78' lang='lat' dir='ltr'><strong>imperio</strong></span> <span class='ocrx_word' id='word_1_563' title='bbox 3150 2812 3395 2871; x_wconf 78' lang='lat' dir='ltr'><strong>excitare</strong></span> <span class='ocrx_word' id='word_1_564' title='bbox 3427 2832 3577 2885; x_wconf 22' lang='lat' dir='ltr'><strong>pus-K</strong></span> 
     </span>
    </p>
   </div>
   <div class='ocr_carea' id='block_1_74' title="bbox 1971 2906 3553 2975">
    <p class='ocr_par' dir='ltr' id='par_1_74' title="bbox 1971 2906 3553 2975">
     <span class='ocr_line' id='line_1_74' title="bbox 1971 2906 3553 2975; baseline -0.003 -11"><span class='ocrx_word' id='word_1_565' title='bbox 1971 2909 2098 2965; x_wconf 88' lang='lat' dir='ltr'><strong>sim.</strong></span> <span class='ocrx_word' id='word_1_566' title='bbox 2137 2926 2156 2960; x_wconf 81' lang='grc' dir='ltr'><strong>ι</strong></span> <span class='ocrx_word' id='word_1_567' title='bbox 2190 2906 2433 2962; x_wconf 86' lang='lat' dir='ltr'><strong>Lazarus</strong></span> <span class='ocrx_word' id='word_1_568' title='bbox 2484 2915 2737 2961; x_wconf 89' lang='lat' dir='ltr'><strong>mortuus</strong></span> <span class='ocrx_word' id='word_1_569' title='bbox 2767 2913 2876 2961; x_wconf 87' lang='lat' dir='ltr'><strong>est.</strong></span> <span class='ocrx_word' id='word_1_570' title='bbox 2917 2924 2935 2957; x_wconf 78' lang='grc' dir='ltr'><strong>ι</strong></span> <span class='ocrx_word' id='word_1_571' title='bbox 2970 2906 3106 2960; x_wconf 89' lang='lat' dir='ltr'><strong>Cum</strong></span> <span class='ocrx_word' id='word_1_572' title='bbox 3166 2907 3389 2975; x_wconf 79' lang='lat' dir='ltr'><strong>quidem</strong></span> <span class='ocrx_word' id='word_1_573' title='bbox 3439 2906 3553 2960; x_wconf 85' lang='lat' dir='ltr'><strong>ob-</strong></span> 
     </span>
    </p>
   </div>
   <div class='ocr_carea' id='block_1_75' title="bbox 1972 2996 3549 3068">
    <p class='ocr_par' dir='ltr' id='par_1_75' title="bbox 1972 2996 3549 3068">
     <span class='ocr_line' id='line_1_75' title="bbox 1972 2996 3549 3068; baseline -0.003 -12"><span class='ocrx_word' id='word_1_574' title='bbox 1972 3000 2198 3056; x_wconf 87' lang='lat' dir='ltr'><strong>scurius</strong></span> <span class='ocrx_word' id='word_1_575' title='bbox 2219 3000 2452 3054; x_wconf 75' lang='lat' dir='ltr'><strong>dormire</strong></span> <span class='ocrx_word' id='word_1_576' title='bbox 2475 2998 2815 3068; x_wconf 58' lang='lat' dir='ltr'><strong>praediceret,</strong></span> <span class='ocrx_word' id='word_1_577' title='bbox 2844 2998 3080 3051; x_wconf 88' lang='lat' dir='ltr'><strong>amicum</strong></span> <span class='ocrx_word' id='word_1_578' title='bbox 3116 2996 3267 3050; x_wconf 90' lang='lat' dir='ltr'><strong>illum</strong></span> <span class='ocrx_word' id='word_1_579' title='bbox 3298 2997 3549 3052; x_wconf 81' lang='lat' dir='ltr'><strong>vocabat:</strong></span> 
     </span>
    </p>
   </div>
   <div class='ocr_carea' id='block_1_76' title="bbox 1971 3086 3551 3151">
    <p class='ocr_par' dir='ltr' id='par_1_76' title="bbox 1971 3086 3551 3151">
     <span class='ocr_line' id='line_1_76' title="bbox 1971 3086 3551 3151; baseline -0.001 -8"><span class='ocrx_word' id='word_1_580' title='bbox 1971 3105 2096 3145; x_wconf 93' lang='lat' dir='ltr'><strong>cum</strong></span> <span class='ocrx_word' id='word_1_581' title='bbox 2129 3098 2312 3144; x_wconf 88' lang='lat' dir='ltr'><strong>autem</strong></span> <span class='ocrx_word' id='word_1_582' title='bbox 2337 3090 2413 3142; x_wconf 86' lang='lat' dir='ltr'><strong>ait</strong></span> <span class='ocrx_word' id='word_1_583' title='bbox 2441 3086 2732 3143; x_wconf 76' lang='lat' dir='ltr'><strong>maniteste</strong></span> <span class='ocrx_word' id='word_1_584' title='bbox 2756 3098 3057 3151; x_wconf 81' lang='lat' dir='ltr'><strong>mortuum,</strong></span> <span class='ocrx_word' id='word_1_585' title='bbox 3116 3094 3261 3142; x_wconf 89' lang='lat' dir='ltr'><strong>tacet</strong></span> <span class='ocrx_word' id='word_1_586' title='bbox 3298 3102 3417 3142; x_wconf 88' lang='lat' dir='ltr'><strong>eam</strong></span> <span class='ocrx_word' id='word_1_587' title='bbox 3454 3102 3551 3142; x_wconf 84' lang='lat' dir='ltr'><strong>vo-</strong></span> 
     </span>
    </p>
   </div>
   <div class='ocr_carea' id='block_1_77' title="bbox 1971 3178 3551 3251">
    <p class='ocr_par' dir='ltr' id='par_1_77' title="bbox 1971 3178 3551 3251">
     <span class='ocr_line' id='line_1_77' title="bbox 1971 3178 3551 3251; baseline -0.002 -14"><span class='ocrx_word' id='word_1_588' title='bbox 1971 3198 2090 3237; x_wconf 90' lang='lat' dir='ltr'><strong>cem</strong></span> <span class='ocrx_word' id='word_1_589' title='bbox 2128 3200 2142 3235; x_wconf 89' lang='lat'><strong>:</strong></span> <span class='ocrx_word' id='word_1_590' title='bbox 2175 3190 2236 3236; x_wconf 90' lang='lat' dir='ltr'><strong>ut</strong></span> <span class='ocrx_word' id='word_1_591' title='bbox 2272 3197 2341 3236; x_wconf 88' lang='lat' dir='ltr'><strong>ne</strong></span> <span class='ocrx_word' id='word_1_592' title='bbox 2405 3189 2719 3251; x_wconf 88' lang='lat' dir='ltr'><strong>putaretur,</strong></span> <span class='ocrx_word' id='word_1_593' title='bbox 2779 3179 3183 3245; x_wconf 83' lang='lat' dir='ltr'><strong>vehementiori</strong></span> <span class='ocrx_word' id='word_1_594' title='bbox 3239 3178 3436 3235; x_wconf 76' lang='lat' dir='ltr'><strong>aﬂ‘ectu</strong></span> <span class='ocrx_word' id='word_1_595' title='bbox 3471 3179 3551 3234; x_wconf 91' lang='lat' dir='ltr'><strong>illi</strong></span> 
     </span>
    </p>
   </div>
   <div class='ocr_carea' id='block_1_78' title="bbox 1972 3260 3555 3340">
    <p class='ocr_par' dir='ltr' id='par_1_78' title="bbox 1972 3260 3555 3340">
     <span class='ocr_line' id='line_1_78' title="bbox 1972 3260 3555 3340; baseline 0 -15"><span class='ocrx_word' id='word_1_596' title='bbox 1972 3270 2309 3340; x_wconf 88' lang='lat' dir='ltr'><strong>implicatus.</strong></span> <span class='ocrx_word' id='word_1_597' title='bbox 2348 3268 2468 3325; x_wconf 81' lang='lat' dir='ltr'><strong>Non</strong></span> <span class='ocrx_word' id='word_1_598' title='bbox 2491 3270 2637 3324; x_wconf 90' lang='lat' dir='ltr'><strong>enim</strong></span> <span class='ocrx_word' id='word_1_599' title='bbox 2668 3269 2783 3325; x_wconf 89' lang='lat' dir='ltr'><strong>sola</strong></span> <span class='ocrx_word' id='word_1_600' title='bbox 2812 3269 3275 3339; x_wconf 79' lang='lat' dir='ltr'><strong>dispensatio(l3)</strong></span> <span class='ocrx_word' id='word_1_601' title='bbox 3306 3260 3424 3325; x_wconf 86' lang='lat' dir='ltr'><strong>erat</strong></span> <span class='ocrx_word' id='word_1_602' title='bbox 3454 3285 3555 3325; x_wconf 82' lang='lat' dir='ltr'><strong>ex-</strong></span> 
     </span>
    </p>
   </div>
   <div class='ocr_carea' id='block_1_79' title="bbox 1974 3357 3556 3429">
    <p class='ocr_par' dir='ltr' id='par_1_79' title="bbox 1974 3357 3556 3429">
     <span class='ocr_line' id='line_1_79' title="bbox 1974 3357 3556 3429; baseline 0 -16"><span class='ocrx_word' id='word_1_603' title='bbox 1974 3359 2237 3421; x_wconf 90' lang='lat' dir='ltr'><strong>hibenda,</strong></span> <span class='ocrx_word' id='word_1_604' title='bbox 2278 3358 2373 3413; x_wconf 89' lang='lat' dir='ltr'><strong>sed</strong></span> <span class='ocrx_word' id='word_1_605' title='bbox 2417 3365 2471 3413; x_wconf 91' lang='lat' dir='ltr'><strong>et</strong></span> <span class='ocrx_word' id='word_1_606' title='bbox 2505 3359 2807 3412; x_wconf 83' lang='lat' dir='ltr'><strong>auctoritas</strong></span> <span class='ocrx_word' id='word_1_607' title='bbox 2846 3376 2859 3412; x_wconf 91' lang='lat'><strong>:</strong></span> <span class='ocrx_word' id='word_1_608' title='bbox 2893 3358 2986 3411; x_wconf 87' lang='lat' dir='ltr'><strong>illa</strong></span> <span class='ocrx_word' id='word_1_609' title='bbox 3035 3357 3306 3429; x_wconf 78' lang='lat' dir='ltr'><strong>quidquid</strong></span> <span class='ocrx_word' id='word_1_610' title='bbox 3364 3358 3556 3413; x_wconf 81' lang='lat' dir='ltr'><strong>huma-</strong></span> 
     </span>
    </p>
   </div>
   <div class='ocr_carea' id='block_1_80' title="bbox 1971 3448 3551 3518">
    <p class='ocr_par' dir='ltr' id='par_1_80' title="bbox 1971 3448 3551 3518">
     <span class='ocr_line' id='line_1_80' title="bbox 1971 3448 3551 3518; baseline -0.001 -14"><span class='ocrx_word' id='word_1_611' title='bbox 1971 3466 2104 3505; x_wconf 89' lang='lat' dir='ltr'><strong>num</strong></span> <span class='ocrx_word' id='word_1_612' title='bbox 2136 3457 2220 3504; x_wconf 91' lang='lat' dir='ltr'><strong>est</strong></span> <span class='ocrx_word' id='word_1_613' title='bbox 2260 3448 2597 3504; x_wconf 84' lang='lat' dir='ltr'><strong>inﬁrmitatis</strong></span> <span class='ocrx_word' id='word_1_614' title='bbox 2636 3448 2992 3518; x_wconf 88' lang='lat' dir='ltr'><strong>permittente</strong></span> <span class='ocrx_word' id='word_1_615' title='bbox 3017 3449 3196 3511; x_wconf 83' lang='lat' dir='ltr'><strong>carni,</strong></span> <span class='ocrx_word' id='word_1_616' title='bbox 3240 3450 3345 3504; x_wconf 84' lang='lat' dir='ltr'><strong>ista</strong></span> <span class='ocrx_word' id='word_1_617' title='bbox 3374 3449 3551 3506; x_wconf 86' lang='lat' dir='ltr'><strong>eidem</strong></span> 
     </span>
    </p>
   </div>
   <div class='ocr_carea' id='block_1_81' title="bbox 1971 3541 3547 3612">
    <p class='ocr_par' dir='ltr' id='par_1_81' title="bbox 1971 3541 3547 3612">
     <span class='ocr_line' id='line_1_81' title="bbox 1971 3541 3547 3612; baseline 0.001 -15"><span class='ocrx_word' id='word_1_618' title='bbox 1971 3543 2249 3598; x_wconf 88' lang='lat' dir='ltr'><strong>tribuente</strong></span> <span class='ocrx_word' id='word_1_619' title='bbox 2276 3541 2463 3595; x_wconf 87' lang='lat' dir='ltr'><strong>divina</strong></span> <span class='ocrx_word' id='word_1_620' title='bbox 2491 3550 2547 3597; x_wconf 87' lang='lat' dir='ltr'><strong>et</strong></span> <span class='ocrx_word' id='word_1_621' title='bbox 2575 3541 2853 3611; x_wconf 89' lang='lat' dir='ltr'><strong>quidquid</strong></span> <span class='ocrx_word' id='word_1_622' title='bbox 2885 3554 2968 3596; x_wconf 90' lang='lat' dir='ltr'><strong>est</strong></span> <span class='ocrx_word' id='word_1_623' title='bbox 2994 3543 3296 3612; x_wconf 81' lang='lat' dir='ltr'><strong>potestatis</strong></span> <span class='ocrx_word' id='word_1_624' title='bbox 3321 3544 3547 3598; x_wconf 71' lang='lat' dir='ltr'><strong>divinae.</strong></span> 
     </span>
    </p>
   </div>
   <div class='ocr_carea' id='block_1_82' title="bbox 1977 3633 3546 3704">
    <p class='ocr_par' dir='ltr' id='par_1_82' title="bbox 1977 3633 3546 3704">
     <span class='ocr_line' id='line_1_82' title="bbox 1977 3633 3546 3704; baseline 0.001 -17"><span class='ocrx_word' id='word_1_625' title='bbox 1977 3653 1996 3687; x_wconf 84' lang='grc' dir='ltr'><strong>ι</strong></span> <span class='ocrx_word' id='word_1_626' title='bbox 2034 3633 2283 3696; x_wconf 88' lang='lat' dir='ltr'><strong>Gaudeo,</strong></span> <span class='ocrx_word' id='word_1_627' title='bbox 2346 3634 2536 3703; x_wconf 90' lang='lat' dir='ltr'><strong>itaque</strong></span> <span class='ocrx_word' id='word_1_628' title='bbox 2581 3634 2780 3701; x_wconf 84' lang='lat' dir='ltr'><strong>inquit,</strong></span> <span class='ocrx_word' id='word_1_629' title='bbox 2825 3642 3050 3704; x_wconf 87' lang='lat' dir='ltr'><strong>propter</strong></span> <span class='ocrx_word' id='word_1_630' title='bbox 3080 3648 3202 3700; x_wconf 83' lang='lat' dir='ltr'><strong>vos,</strong></span> <span class='ocrx_word' id='word_1_631' title='bbox 3242 3643 3301 3688; x_wconf 88' lang='lat' dir='ltr'><strong>ut</strong></span> <span class='ocrx_word' id='word_1_632' title='bbox 3343 3634 3546 3689; x_wconf 84' lang='lat' dir='ltr'><strong>c‘reda-</strong></span> 
     </span>
    </p>
   </div>
   <div class='ocr_carea' id='block_1_83' title="bbox 1970 3723 3551 3794">
    <p class='ocr_par' dir='ltr' id='par_1_83' title="bbox 1970 3723 3551 3794">
     <span class='ocr_line' id='line_1_83' title="bbox 1970 3723 3551 3794; baseline 0.001 -16"><span class='ocrx_word' id='word_1_633' title='bbox 1970 3726 2061 3792; x_wconf 88' lang='lat' dir='ltr'><strong>tis,</strong></span> <span class='ocrx_word' id='word_1_634' title='bbox 2095 3726 2356 3794; x_wconf 89' lang='lat' dir='ltr'><strong>quoniam</strong></span> <span class='ocrx_word' id='word_1_635' title='bbox 2396 3740 2505 3783; x_wconf 84' lang='lat' dir='ltr'><strong>non</strong></span> <span class='ocrx_word' id='word_1_636' title='bbox 2547 3740 2696 3779; x_wconf 88' lang='lat' dir='ltr'><strong>eram</strong></span> <span class='ocrx_word' id='word_1_637' title='bbox 2735 3725 2833 3779; x_wconf 89' lang='lat' dir='ltr'><strong>ibi.</strong></span> <span class='ocrx_word' id='word_1_638' title='bbox 2873 3744 2893 3777; x_wconf 72' lang='grc' dir='ltr'><strong>ι</strong></span> <span class='ocrx_word' id='word_1_639' title='bbox 2949 3723 3139 3792; x_wconf 85' lang='lat' dir='ltr'><strong>Vides,</strong></span> <span class='ocrx_word' id='word_1_640' title='bbox 3179 3734 3237 3779; x_wconf 89' lang='lat' dir='ltr'><strong>ut</strong></span> <span class='ocrx_word' id='word_1_641' title='bbox 3266 3725 3468 3790; x_wconf 85' lang='lat' dir='ltr'><strong>ubique</strong></span> <span class='ocrx_word' id='word_1_642' title='bbox 3495 3725 3551 3780; x_wconf 87' lang='lat' dir='ltr'><strong>in</strong></span> 
     </span>
    </p>
   </div>
   <div class='ocr_carea' id='block_1_84' title="bbox 1969 3815 3554 3890">
    <p class='ocr_par' dir='ltr' id='par_1_84' title="bbox 1969 3815 3554 3890">
     <span class='ocr_line' id='line_1_84' title="bbox 1969 3815 3554 3890; baseline 0 -19"><span class='ocrx_word' id='word_1_643' title='bbox 1969 3817 2051 3871; x_wconf 88' lang='lat' dir='ltr'><strong>eis</strong></span> <span class='ocrx_word' id='word_1_644' title='bbox 2076 3816 2201 3870; x_wconf 83' lang='lat' dir='ltr'><strong>ﬁdei</strong></span> <span class='ocrx_word' id='word_1_645' title='bbox 2227 3816 2398 3885; x_wconf 76' lang='lat' dir='ltr'><strong>iaciat</strong></span> <span class='ocrx_word' id='word_1_646' title='bbox 2431 3817 2679 3871; x_wconf 80' lang='lat' dir='ltr'><strong>semina?</strong></span> <span class='ocrx_word' id='word_1_647' title='bbox 2701 3815 2772 3872; x_wconf 91' lang='lat' dir='ltr'><strong>Ut</strong></span> <span class='ocrx_word' id='word_1_648' title='bbox 2801 3832 2870 3871; x_wconf 89' lang='lat' dir='ltr'><strong>ne</strong></span> <span class='ocrx_word' id='word_1_649' title='bbox 2901 3815 3046 3872; x_wconf 80' lang='lat' dir='ltr'><strong>forte</strong></span> <span class='ocrx_word' id='word_1_650' title='bbox 3094 3833 3244 3874; x_wconf 87' lang='lat' dir='ltr'><strong>mors</strong></span> <span class='ocrx_word' id='word_1_651' title='bbox 3274 3818 3554 3890; x_wconf 78' lang='lat' dir='ltr'><strong>videretur</strong></span> 
     </span>
    </p>
   </div>
   <div class='ocr_carea' id='block_1_85' title="bbox 1967 3904 3553 3964">
    <p class='ocr_par' dir='ltr' id='par_1_85' title="bbox 1967 3904 3553 3964">
     <span class='ocr_line' id='line_1_85' title="bbox 1967 3904 3553 3964; baseline 0.001 -3"><span class='ocrx_word' id='word_1_652' title='bbox 1967 3907 2223 3961; x_wconf 78' lang='lat' dir='ltr'><strong>sinmlate</strong></span> <span class='ocrx_word' id='word_1_653' title='bbox 2247 3905 2499 3961; x_wconf 74' lang='lat' dir='ltr'><strong>conficta.</strong></span> <span class='ocrx_word' id='word_1_654' title='bbox 2534 3904 2611 3960; x_wconf 88' lang='lat' dir='ltr'><strong>Ne</strong></span> <span class='ocrx_word' id='word_1_655' title='bbox 2656 3906 2873 3960; x_wconf 86' lang='lat' dir='ltr'><strong>scilicet</strong></span> <span class='ocrx_word' id='word_1_656' title='bbox 2899 3906 3086 3962; x_wconf 81' lang='lat' dir='ltr'><strong>forsan</strong></span> <span class='ocrx_word' id='word_1_657' title='bbox 3141 3925 3250 3964; x_wconf 90' lang='lat' dir='ltr'><strong>non</strong></span> <span class='ocrx_word' id='word_1_658' title='bbox 3281 3909 3438 3964; x_wconf 88' lang='lat' dir='ltr'><strong>daret</strong></span> <span class='ocrx_word' id='word_1_659' title='bbox 3468 3910 3553 3963; x_wconf 86' lang='lat' dir='ltr'><strong>lo-</strong></span> 
     </span>
    </p>
   </div>
   <div class='ocr_carea' id='block_1_86' title="bbox 1970 3994 3552 4069">
    <p class='ocr_par' dir='ltr' id='par_1_86' title="bbox 1970 3994 3552 4069">
     <span class='ocr_line' id='line_1_86' title="bbox 1970 3994 3552 4069; baseline -0.001 -17"><span class='ocrx_word' id='word_1_660' title='bbox 1970 4011 2095 4051; x_wconf 91' lang='lat' dir='ltr'><strong>cum</strong></span> <span class='ocrx_word' id='word_1_661' title='bbox 2132 3996 2294 4050; x_wconf 90' lang='lat' dir='ltr'><strong>morti</strong></span> <span class='ocrx_word' id='word_1_662' title='bbox 2349 4005 2406 4049; x_wconf 89' lang='lat' dir='ltr'><strong>ut</strong></span> <span class='ocrx_word' id='word_1_663' title='bbox 2432 3994 2666 4048; x_wconf 88' lang='lat' dir='ltr'><strong>amicum</strong></span> <span class='ocrx_word' id='word_1_664' title='bbox 2724 3995 3072 4052; x_wconf 86' lang='lat' dir='ltr'><strong>incesseret:</strong></span> <span class='ocrx_word' id='word_1_665' title='bbox 3108 4008 3200 4053; x_wconf 89' lang='lat' dir='ltr'><strong>aut</strong></span> <span class='ocrx_word' id='word_1_666' title='bbox 3252 4000 3552 4069; x_wconf 77' lang='lat' dir='ltr'><strong>expelleret</strong></span> 
     </span>
    </p>
   </div>
   <div class='ocr_carea' id='block_1_87' title="bbox 1972 4076 3546 4156">
    <p class='ocr_par' dir='ltr' id='par_1_87' title="bbox 1972 4076 3546 4156">
     <span class='ocr_line' id='line_1_87' title="bbox 1972 4076 3546 4156; baseline 0.002 -14"><span class='ocrx_word' id='word_1_667' title='bbox 1972 4089 2227 4143; x_wconf 68' lang='lat' dir='ltr'><strong>murbum</strong></span> <span class='ocrx_word' id='word_1_668' title='bbox 2261 4105 2273 4140; x_wconf 92' lang='lat'>:</span> <span class='ocrx_word' id='word_1_669' title='bbox 2311 4096 2406 4141; x_wconf 84' lang='lat' dir='ltr'><strong>aut</strong></span> <span class='ocrx_word' id='word_1_670' title='bbox 2428 4086 2724 4153; x_wconf 82' lang='lat' dir='ltr'><strong>pristinum</strong></span> <span class='ocrx_word' id='word_1_671' title='bbox 2764 4076 2933 4141; x_wconf 76' lang='lat' dir='ltr'><strong>robur</strong></span> <span class='ocrx_word' id='word_1_672' title='bbox 2986 4089 3197 4156; x_wconf 85' lang='lat' dir='ltr'><strong>jacenti</strong></span> <span class='ocrx_word' id='word_1_673' title='bbox 3248 4100 3546 4145; x_wconf 82' lang='lat' dir='ltr'><strong>assereret.</strong></span> 
     </span>
    </p>
   </div>
   <div class='ocr_carea' id='block_1_88' title="bbox 1972 4178 3548 4250">
    <p class='ocr_par' dir='ltr' id='par_1_88' title="bbox 1972 4178 3548 4250">
     <span class='ocr_line' id='line_1_88' title="bbox 1972 4178 3548 4250; baseline 0 -15"><span class='ocrx_word' id='word_1_674' title='bbox 1972 4180 2174 4250; x_wconf 85' lang='lat' dir='ltr'><strong>Utique</strong></span> <span class='ocrx_word' id='word_1_675' title='bbox 2196 4181 2363 4235; x_wconf 84' lang='lat' dir='ltr'><strong>enim.</strong></span> <span class='ocrx_word' id='word_1_676' title='bbox 2392 4178 2590 4248; x_wconf 88' lang='lat' dir='ltr'><strong>inquit,</strong></span> <span class='ocrx_word' id='word_1_677' title='bbox 2618 4192 2705 4233; x_wconf 83' lang='lat' dir='ltr'><strong>me</strong></span> <span class='ocrx_word' id='word_1_678' title='bbox 2735 4186 3007 4247; x_wconf 76' lang='lat' dir='ltr'><strong>praesente</strong></span> <span class='ocrx_word' id='word_1_679' title='bbox 3038 4178 3154 4233; x_wconf 68' lang='lat' dir='ltr'><strong>haec</strong></span> <span class='ocrx_word' id='word_1_680' title='bbox 3189 4180 3548 4236; x_wconf 77' lang='lat' dir='ltr'><strong>accidissent.</strong></span> 
     </span>
    </p>
   </div>
   <div class='ocr_carea' id='block_1_89' title="bbox 2039 4355 3550 4424">
    <p class='ocr_par' dir='ltr' id='par_1_89' title="bbox 2039 4355 3550 4424">
     <span class='ocr_line' id='line_1_89' title="bbox 2039 4355 3550 4424; baseline -0.001 -9"><span class='ocrx_word' id='word_1_681' title='bbox 2039 4362 2212 4416; x_wconf 82' lang='lat' dir='ltr'><strong>Porro</strong></span> <span class='ocrx_word' id='word_1_682' title='bbox 2237 4359 2452 4415; x_wconf 87' lang='lat' dir='ltr'><strong>videtur</strong></span> <span class='ocrx_word' id='word_1_683' title='bbox 2477 4357 2613 4413; x_wconf 91' lang='lat' dir='ltr'><strong>illud</strong></span> <span class='ocrx_word' id='word_1_684' title='bbox 2647 4376 2660 4411; x_wconf 88' lang='lat'><strong>:</strong></span> <span class='ocrx_word' id='word_1_685' title='bbox 2697 4376 2717 4410; x_wconf 81' lang='grc' dir='ltr'><strong>ι</strong></span> <span class='ocrx_word' id='word_1_686' title='bbox 2752 4355 2872 4412; x_wconf 88' lang='lat' dir='ltr'><strong>Non</strong></span> <span class='ocrx_word' id='word_1_687' title='bbox 2896 4371 3044 4412; x_wconf 90' lang='lat' dir='ltr'><strong>eram</strong></span> <span class='ocrx_word' id='word_1_688' title='bbox 3079 4356 3181 4424; x_wconf 89' lang='lat' dir='ltr'><strong>ibi,</strong></span> <span class='ocrx_word' id='word_1_689' title='bbox 3216 4357 3313 4413; x_wconf 86' lang='lat' dir='ltr'><strong>sed</strong></span> <span class='ocrx_word' id='word_1_690' title='bbox 3362 4372 3550 4414; x_wconf 70' lang='lat' dir='ltr'><strong>eamut:</strong></span> 
     </span>
    </p>
   </div>
   <div class='ocr_carea' id='block_1_90' title="bbox 280 4449 1868 4543">
    <p class='ocr_par' dir='ltr' id='par_1_90' title="bbox 280 4466 1865 4543">
     <span class='ocr_line' id='line_1_90' title="bbox 280 4466 1865 4543; baseline -0.002 -20"><span class='ocrx_word' id='word_1_691' title='bbox 280 4471 436 4543; x_wconf 76' lang='grc' dir='ltr'>ἥμην</span> <span class='ocrx_word' id='word_1_692' title='bbox 465 4471 602 4535; x_wconf 78' lang='grc' dir='ltr'>ἐκεῖ,</span> <span class='ocrx_word' id='word_1_693' title='bbox 632 4468 749 4522; x_wconf 83' lang='grc' dir='ltr'>ἀλλ’</span> <span class='ocrx_word' id='word_1_694' title='bbox 779 4469 1002 4537; x_wconf 72' lang='grc' dir='ltr'>ἄγωμεν</span> <span class='ocrx_word' id='word_1_695' title='bbox 1038 4467 1177 4539; x_wconf 82' lang='grc' dir='ltr'>πρὸς</span> <span class='ocrx_word' id='word_1_696' title='bbox 1202 4467 1385 4521; x_wconf 78' lang='grc' dir='ltr'>αὐτόν.</span> <span class='ocrx_word' id='word_1_697' title='bbox 1419 4486 1437 4519; x_wconf 75' lang='grc' dir='ltr'><strong>ι</strong></span> <span class='ocrx_word' id='word_1_698' title='bbox 1479 4467 1636 4520; x_wconf 76' lang='grc' dir='ltr'>Κατὰ</span> <span class='ocrx_word' id='word_1_699' title='bbox 1663 4466 1772 4538; x_wconf 86' lang='grc' dir='ltr'><strong>γὰρ</strong></span> <span class='ocrx_word' id='word_1_700' title='bbox 1805 4466 1865 4520; x_wconf 85' lang='grc' dir='ltr'>τὸ</span> 
     </span>
    </p>
   </div>
   <div class='ocr_carea' id='block_1_91' title="bbox 1971 4449 3547 4543">
    <p class='ocr_par' dir='ltr' id='par_1_91' title="bbox 1971 4449 3547 4522">
     <span class='ocr_line' id='line_1_91' title="bbox 1971 4449 3547 4522; baseline -0.003 -12"><span class='ocrx_word' id='word_1_701' title='bbox 1971 4456 2038 4510; x_wconf 84' lang='lat' dir='ltr'><strong>ad</strong></span> <span class='ocrx_word' id='word_1_702' title='bbox 2070 4468 2191 4510; x_wconf 89' lang='lat' dir='ltr'><strong>eum</strong></span> <span class='ocrx_word' id='word_1_703' title='bbox 2220 4471 2293 4515; x_wconf 63' lang='grc' dir='ltr'>ς.»</span> <span class='ocrx_word' id='word_1_704' title='bbox 2336 4452 2502 4522; x_wconf 90' lang='lat' dir='ltr'><strong>paulo</strong></span> <span class='ocrx_word' id='word_1_705' title='bbox 2534 4450 2797 4505; x_wconf 85' lang='lat' dir='ltr'><strong>humilius</strong></span> <span class='ocrx_word' id='word_1_706' title='bbox 2824 4457 2883 4505; x_wconf 88' lang='lat' dir='ltr'><strong>et</strong></span> <span class='ocrx_word' id='word_1_707' title='bbox 2910 4449 3216 4504; x_wconf 88' lang='lat' dir='ltr'><strong>secundum</strong></span> <span class='ocrx_word' id='word_1_708' title='bbox 3247 4450 3547 4507; x_wconf 84' lang='lat' dir='ltr'><strong>hominem.</strong></span> 
     </span>
    </p>
   </div>
   <div class='ocr_carea' id='block_1_92' title="bbox 282 4558 1863 4632">
    <p class='ocr_par' dir='ltr' id='par_1_92' title="bbox 282 4558 1863 4632">
     <span class='ocr_line' id='line_1_92' title="bbox 282 4558 1863 4632; baseline -0.003 -18"><span class='ocrx_word' id='word_1_709' title='bbox 282 4562 641 4632; x_wconf 79' lang='grc' dir='ltr'>φαινόμενον,</span> <span class='ocrx_word' id='word_1_710' title='bbox 659 4561 720 4614; x_wconf 83' lang='grc' dir='ltr'>οὐ</span> <span class='ocrx_word' id='word_1_711' title='bbox 750 4561 954 4631; x_wconf 71' lang='grc' dir='ltr'>παρῆν.</span> <span class='ocrx_word' id='word_1_712' title='bbox 979 4561 1150 4629; x_wconf 83' lang='grc' dir='ltr'>Σῶμα</span> <span class='ocrx_word' id='word_1_713' title='bbox 1175 4559 1359 4629; x_wconf 76' lang='grc' dir='ltr'>γὰρτὸ</span> <span class='ocrx_word' id='word_1_714' title='bbox 1378 4559 1538 4629; x_wconf 80' lang='grc' dir='ltr'>τριχῆ</span> <span class='ocrx_word' id='word_1_715' title='bbox 1554 4558 1863 4624; x_wconf 71' lang='grc' dir='ltr'>διαστατὸν,</span> 
     </span>
    </p>
   </div>
   <div class='ocr_carea' id='block_1_93' title="bbox 1968 4540 3547 4612">
    <p class='ocr_par' dir='ltr' id='par_1_93' title="bbox 1968 4540 3547 4612">
     <span class='ocr_line' id='line_1_93' title="bbox 1968 4540 3547 4612; baseline -0.003 -13"><span class='ocrx_word' id='word_1_716' title='bbox 1968 4546 2122 4612; x_wconf 85' lang='lat' dir='ltr'><strong>Quod</strong></span> <span class='ocrx_word' id='word_1_717' title='bbox 2175 4545 2325 4599; x_wconf 90' lang='lat' dir='ltr'><strong>enim</strong></span> <span class='ocrx_word' id='word_1_718' title='bbox 2353 4552 2472 4598; x_wconf 89' lang='lat' dir='ltr'><strong>erat</strong></span> <span class='ocrx_word' id='word_1_719' title='bbox 2528 4543 2705 4596; x_wconf 88' lang='lat' dir='ltr'><strong>oculis</strong></span> <span class='ocrx_word' id='word_1_720' title='bbox 2760 4540 3131 4611; x_wconf 43' lang='lat' dir='ltr'><strong>subjectumy</strong></span> <span class='ocrx_word' id='word_1_721' title='bbox 3165 4556 3404 4610; x_wconf 68' lang='lat' dir='ltr'><strong>praesens</strong></span> <span class='ocrx_word' id='word_1_722' title='bbox 3439 4557 3547 4595; x_wconf 89' lang='lat' dir='ltr'><strong>non</strong></span> 
     </span>
    </p>
   </div>
   <div class='ocr_carea' id='block_1_94' title="bbox 284 4628 1868 4724">
    <p class='ocr_par' dir='ltr' id='par_1_94' title="bbox 284 4628 1865 4724">
     <span class='ocr_line' id='line_1_94' title="bbox 284 4628 1865 4724; baseline -0.004 -17"><span class='ocrx_word' id='word_1_723' title='bbox 284 4628 345 4707; x_wconf 60' lang='grc' dir='ltr'>ἐν</span> <span class='ocrx_word' id='word_1_724' title='bbox 377 4628 695 4724; x_wconf 65' lang='grc' dir='ltr'>περιγραφῇ</span> <span class='ocrx_word' id='word_1_725' title='bbox 728 4628 942 4720; x_wconf 24' lang='grc' dir='ltr'>πέφῄυιιε</span> <span class='ocrx_word' id='word_1_726' title='bbox 963 4692 978 4715; x_wconf 89' lang='grc'><strong>,</strong></span> <span class='ocrx_word' id='word_1_727' title='bbox 1016 4628 1111 4704; x_wconf 75' lang='grc' dir='ltr'><strong>καὶ</strong></span> <span class='ocrx_word' id='word_1_728' title='bbox 1142 4628 1259 4721; x_wconf 78' lang='grc' dir='ltr'>τὴν</span> <span class='ocrx_word' id='word_1_729' title='bbox 1281 4653 1361 4715; x_wconf 83' lang='grc' dir='ltr'><strong>εις</strong></span> <span class='ocrx_word' id='word_1_730' title='bbox 1402 4628 1570 4704; x_wconf 78' lang='grc' dir='ltr'>τόπον</span> <span class='ocrx_word' id='word_1_731' title='bbox 1600 4651 1666 4704; x_wconf 74' lang='grc' dir='ltr'><strong>ὲκ</strong></span> <span class='ocrx_word' id='word_1_732' title='bbox 1698 4650 1865 4704; x_wconf 90' lang='grc' dir='ltr'>τόπου</span> 
     </span>
    </p>
   </div>
   <div class='ocr_carea' id='block_1_95' title="bbox 1971 4628 3548 4724">
    <p class='ocr_par' dir='ltr' id='par_1_95' title="bbox 1971 4628 3548 4708">
     <span class='ocr_line' id='line_1_95' title="bbox 1971 4628 3548 4708; baseline -0.007 -12"><span class='ocrx_word' id='word_1_733' title='bbox 1971 4649 2104 4696; x_wconf 84' lang='lat' dir='ltr'><strong>erat.</strong></span> <span class='ocrx_word' id='word_1_734' title='bbox 2137 4628 2353 4708; x_wconf 87' lang='lat' dir='ltr'><strong>Corpus</strong></span> <span class='ocrx_word' id='word_1_735' title='bbox 2402 4637 2551 4691; x_wconf 85' lang='lat' dir='ltr'><strong>enim</strong></span> <span class='ocrx_word' id='word_1_736' title='bbox 2592 4634 2883 4704; x_wconf 86' lang='lat' dir='ltr'><strong>tripliciter</strong></span> <span class='ocrx_word' id='word_1_737' title='bbox 2934 4632 3215 4688; x_wconf 85' lang='lat' dir='ltr'><strong>divisibile</strong></span> <span class='ocrx_word' id='word_1_738' title='bbox 3257 4640 3312 4688; x_wconf 88' lang='lat' dir='ltr'><strong>et</strong></span> <span class='ocrx_word' id='word_1_739' title='bbox 3338 4632 3548 4686; x_wconf 88' lang='lat' dir='ltr'><strong>disten-</strong></span> 
     </span>
    </p>
   </div>
   <div class='ocr_carea' id='block_1_96' title="bbox 291 4734 1863 4817">
    <p class='ocr_par' dir='ltr' id='par_1_96' title="bbox 291 4734 1863 4817">
     <span class='ocr_line' id='line_1_96' title="bbox 291 4734 1863 4817; baseline -0.003 -17"><span class='ocrx_word' id='word_1_740' title='bbox 291 4746 596 4817; x_wconf 62' lang='grc' dir='ltr'>μετάβασιν</span> <span class='ocrx_word' id='word_1_741' title='bbox 611 4745 845 4814; x_wconf 76' lang='grc' dir='ltr'>δέχεται.</span> <span class='ocrx_word' id='word_1_742' title='bbox 875 4743 1046 4796; x_wconf 81' lang='grc' dir='ltr'>Τοῦτο</span> <span class='ocrx_word' id='word_1_743' title='bbox 1070 4743 1182 4815; x_wconf 81' lang='grc' dir='ltr'><strong>γὰρ</strong></span> <span class='ocrx_word' id='word_1_744' title='bbox 1211 4734 1371 4813; x_wconf 77' lang='grc' dir='ltr'>φύσις</span> <span class='ocrx_word' id='word_1_745' title='bbox 1391 4742 1560 4813; x_wconf 79' lang='grc' dir='ltr'>αὐτῷ’</span> <span class='ocrx_word' id='word_1_746' title='bbox 1581 4742 1684 4796; x_wconf 81' lang='grc' dir='ltr'>κᾶν</span> <span class='ocrx_word' id='word_1_747' title='bbox 1699 4744 1781 4796; x_wconf 81' lang='grc' dir='ltr'>ὅτι</span> <span class='ocrx_word' id='word_1_748' title='bbox 1797 4745 1863 4814; x_wconf 80' lang='grc' dir='ltr'>τῇ</span> 
     </span>
    </p>
   </div>
   <div class='ocr_carea' id='block_1_97' title="bbox 288 4828 1873 4906">
    <p class='ocr_par' dir='ltr' id='par_1_97' title="bbox 288 4828 1873 4906">
     <span class='ocr_line' id='line_1_97' title="bbox 288 4828 1873 4906; baseline -0.002 -21"><span class='ocrx_word' id='word_1_749' title='bbox 288 4832 432 4898; x_wconf 74' lang='grc' dir='ltr'>πρὸς</span> <span class='ocrx_word' id='word_1_750' title='bbox 454 4830 517 4885; x_wconf 83' lang='grc' dir='ltr'>τὸ</span> <span class='ocrx_word' id='word_1_751' title='bbox 539 4831 690 4887; x_wconf 83' lang='grc' dir='ltr'><strong>Θεῖον</strong></span> <span class='ocrx_word' id='word_1_752' title='bbox 717 4829 910 4885; x_wconf 77' lang='grc' dir='ltr'>ὲνὼσει</span> <span class='ocrx_word' id='word_1_753' title='bbox 935 4830 996 4906; x_wconf 84' lang='grc' dir='ltr'>τὸ</span> <span class='ocrx_word' id='word_1_754' title='bbox 1015 4830 1295 4901; x_wconf 79' lang='grc' dir='ltr'>ὑπερφυὲς</span> <span class='ocrx_word' id='word_1_755' title='bbox 1326 4828 1754 4901; x_wconf 80' lang='grc' dir='ltr'>κατεπλούτησε,</span> <span class='ocrx_word' id='word_1_756' title='bbox 1771 4829 1873 4899; x_wconf 83' lang='grc' dir='ltr'>τῆς</span> 
     </span>
    </p>
   </div>
   <div class='ocr_carea' id='block_1_98' title="bbox 227 4921 1871 4994">
    <p class='ocr_par' dir='ltr' id='par_1_98' title="bbox 227 4921 1871 4994">
     <span class='ocr_line' id='line_1_98' title="bbox 227 4921 1871 4994; baseline -0.002 -18"><span class='ocrx_word' id='word_1_757' title='bbox 227 4984 231 4988; x_wconf 22' lang='grc' dir='ltr'>ι</span> <span class='ocrx_word' id='word_1_758' title='bbox 286 4923 534 4994; x_wconf 76' lang='grc' dir='ltr'>φυσικῆς</span> <span class='ocrx_word' id='word_1_759' title='bbox 557 4922 841 4978; x_wconf 82' lang='grc' dir='ltr'>ἀπώλεσεν</span> <span class='ocrx_word' id='word_1_760' title='bbox 863 4922 1017 4977; x_wconf 79' lang='grc' dir='ltr'>οὐδὲν</span> <span class='ocrx_word' id='word_1_761' title='bbox 1051 4922 1334 4991; x_wconf 75' lang='grc' dir='ltr'>ἰδιότητος.</span> <span class='ocrx_word' id='word_1_762' title='bbox 1368 4921 1528 4977; x_wconf 78' lang='grc' dir='ltr'>Κατὰ</span> <span class='ocrx_word' id='word_1_763' title='bbox 1546 4921 1604 4975; x_wconf 84' lang='grc' dir='ltr'><strong>δὲ</strong></span> <span class='ocrx_word' id='word_1_764' title='bbox 1631 4921 1694 4974; x_wconf 81' lang='grc' dir='ltr'>τὸ</span> <span class='ocrx_word' id='word_1_765' title='bbox 1717 4921 1871 4974; x_wconf 82' lang='grc' dir='ltr'>νοού-</span> 
     </span>
    </p>
   </div>
   <div class='ocr_carea' id='block_1_99' title="bbox 285 4996 1868 5089">
    <p class='ocr_par' dir='ltr' id='par_1_99' title="bbox 285 4996 1868 5089">
     <span class='ocr_line' id='line_1_99' title="bbox 285 4996 1868 5089; baseline -0.006 -16"><span class='ocrx_word' id='word_1_766' title='bbox 285 5033 489 5089; x_wconf 74' lang='grc' dir='ltr'>μενον,</span> <span class='ocrx_word' id='word_1_767' title='bbox 528 5015 612 5080; x_wconf 85' lang='grc' dir='ltr'><strong>τίς</strong></span> <span class='ocrx_word' id='word_1_768' title='bbox 656 4996 833 5073; x_wconf 47' lang='grc' dir='ltr'>ἀὐτοῦ</span> <span class='ocrx_word' id='word_1_769' title='bbox 892 5013 1174 5078; x_wconf 73' lang='grc' dir='ltr'>παντελῶς</span> <span class='ocrx_word' id='word_1_770' title='bbox 1220 5012 1610 5069; x_wconf 69' lang='grc' dir='ltr'>ἀπολέλειπται</span> <span class='ocrx_word' id='word_1_771' title='bbox 1666 5013 1868 5080; x_wconf 87' lang='grc' dir='ltr'>τόπος;</span> 
     </span>
    </p>
   </div>
   <div class='ocr_carea' id='block_1_100' title="bbox 1976 4724 3545 4797">
    <p class='ocr_par' dir='ltr' id='par_1_100' title="bbox 1976 4724 3545 4797">
     <span class='ocr_line' id='line_1_100' title="bbox 1976 4724 3545 4797; baseline -0.006 -12"><span class='ocrx_word' id='word_1_772' title='bbox 1976 4738 2116 4797; x_wconf 83' lang='grc' dir='ltr'>ιιιιη,</span> <span class='ocrx_word' id='word_1_773' title='bbox 2149 4728 2633 4796; x_wconf 79' lang='lat' dir='ltr'><strong>circumscriptum</strong></span> <span class='ocrx_word' id='word_1_774' title='bbox 2666 4733 2770 4790; x_wconf 83' lang='lat' dir='ltr'><strong>est,</strong></span> <span class='ocrx_word' id='word_1_775' title='bbox 2806 4725 3158 4795; x_wconf 83' lang='lat' dir='ltr'><strong>suscipitque</strong></span> <span class='ocrx_word' id='word_1_776' title='bbox 3192 4733 3251 4778; x_wconf 92' lang='lat' dir='ltr'><strong>ut</strong></span> <span class='ocrx_word' id='word_1_777' title='bbox 3278 4740 3307 4776; x_wconf 76' lang='grc' dir='ltr'><strong>ιι</strong></span> <span class='ocrx_word' id='word_1_778' title='bbox 3345 4725 3463 4778; x_wconf 93' lang='lat' dir='ltr'><strong>loco</strong></span> <span class='ocrx_word' id='word_1_779' title='bbox 3491 4724 3545 4777; x_wconf 91' lang='lat' dir='ltr'><strong>in</strong></span> 
     </span>
    </p>
   </div>
   <div class='ocr_carea' id='block_1_101' title="bbox 1975 4816 3546 4889">
    <p class='ocr_par' dir='ltr' id='par_1_101' title="bbox 1975 4816 3546 4889">
     <span class='ocr_line' id='line_1_101' title="bbox 1975 4816 3546 4889; baseline -0.007 -10"><span class='ocrx_word' id='word_1_780' title='bbox 1975 4825 2160 4879; x_wconf 90' lang='lat' dir='ltr'><strong>locum</strong></span> <span class='ocrx_word' id='word_1_781' title='bbox 2208 4821 2427 4889; x_wconf 76' lang='lat' dir='ltr'><strong>migret.</strong></span> <span class='ocrx_word' id='word_1_782' title='bbox 2460 4816 2588 4873; x_wconf 73' lang='lat' dir='ltr'><strong>Haec</strong></span> <span class='ocrx_word' id='word_1_783' title='bbox 2613 4818 2761 4885; x_wconf 79' lang='lat' dir='ltr'><strong>enim</strong></span> <span class='ocrx_word' id='word_1_784' title='bbox 2806 4817 2886 4872; x_wconf 87' lang='lat' dir='ltr'><strong>illi</strong></span> <span class='ocrx_word' id='word_1_785' title='bbox 2918 4824 3117 4870; x_wconf 87' lang='lat' dir='ltr'><strong>natura</strong></span> <span class='ocrx_word' id='word_1_786' title='bbox 3158 4823 3267 4880; x_wconf 84' lang='lat' dir='ltr'><strong>est,</strong></span> <span class='ocrx_word' id='word_1_787' title='bbox 3296 4822 3357 4870; x_wconf 88' lang='lat' dir='ltr'><strong>ut</strong></span> <span class='ocrx_word' id='word_1_788' title='bbox 3380 4816 3546 4869; x_wconf 80' lang='lat' dir='ltr'><strong>etiam</strong></span> 
     </span>
    </p>
   </div>
   <div class='ocr_carea' id='block_1_102' title="bbox 1974 4906 3547 4981">
    <p class='ocr_par' dir='ltr' id='par_1_102' title="bbox 1974 4906 3547 4981">
     <span class='ocr_line' id='line_1_102' title="bbox 1974 4906 3547 4981; baseline -0.01 -9"><span class='ocrx_word' id='word_1_789' title='bbox 1974 4917 2181 4972; x_wconf 90' lang='lat' dir='ltr'><strong>unione</strong></span> <span class='ocrx_word' id='word_1_790' title='bbox 2209 4913 2277 4968; x_wconf 82' lang='lat' dir='ltr'><strong>ad</strong></span> <span class='ocrx_word' id='word_1_791' title='bbox 2320 4911 2514 4977; x_wconf 83' lang='lat' dir='ltr'><strong>Deum,</strong></span> <span class='ocrx_word' id='word_1_792' title='bbox 2543 4910 2689 4981; x_wconf 87' lang='lat' dir='ltr'><strong>quod</strong></span> <span class='ocrx_word' id='word_1_793' title='bbox 2744 4917 2995 4965; x_wconf 80' lang='lat' dir='ltr'><strong>naturam</strong></span> <span class='ocrx_word' id='word_1_794' title='bbox 3019 4916 3245 4979; x_wconf 83' lang='lat' dir='ltr'><strong>superat</strong></span> <span class='ocrx_word' id='word_1_795' title='bbox 3267 4906 3424 4961; x_wconf 82' lang='lat' dir='ltr'><strong>diviti</strong></span> <span class='ocrx_word' id='word_1_796' title='bbox 3451 4920 3547 4958; x_wconf 49' lang='lat' dir='ltr'><strong>ac.</strong></span> 
     </span>
    </p>
   </div>
   <div class='ocr_carea' id='block_1_103' title="bbox 1975 4996 3545 5075">
    <p class='ocr_par' dir='ltr' id='par_1_103' title="bbox 1975 4996 3545 5075">
     <span class='ocr_line' id='line_1_103' title="bbox 1975 4996 3545 5075; baseline -0.01 -10"><span class='ocrx_word' id='word_1_797' title='bbox 1975 5005 2229 5065; x_wconf 81' lang='lat' dir='ltr'><strong>eessionc</strong></span> <span class='ocrx_word' id='word_1_798' title='bbox 2287 5003 2570 5075; x_wconf 86' lang='lat' dir='ltr'><strong>adeptum.</strong></span> <span class='ocrx_word' id='word_1_799' title='bbox 2608 5001 2749 5056; x_wconf 87' lang='lat' dir='ltr'><strong>nihil</strong></span> <span class='ocrx_word' id='word_1_800' title='bbox 2803 4999 2926 5070; x_wconf 77' lang='lat' dir='ltr'><strong>ejus</strong></span> <span class='ocrx_word' id='word_1_801' title='bbox 2978 4997 3229 5055; x_wconf 79' lang='lat' dir='ltr'><strong>amiserit</strong></span> <span class='ocrx_word' id='word_1_802' title='bbox 3257 4996 3404 5068; x_wconf 89' lang='lat' dir='ltr'><strong>quod</strong></span> <span class='ocrx_word' id='word_1_803' title='bbox 3434 4996 3484 5051; x_wconf 92' lang='lat' dir='ltr'><strong>ei</strong></span> <span class='ocrx_word' id='word_1_804' title='bbox 3515 5010 3545 5049; x_wconf 72' lang='grc' dir='ltr'><strong>ε</strong></span> 
     </span>
    </p>
   </div>
   <div class='ocr_carea' id='block_1_104' title="bbox 1558 5136 2227 5241">
    <p class='ocr_par' dir='ltr' id='par_1_104' title="bbox 1558 5136 2227 5241">
     <span class='ocr_line' id='line_1_104' title="bbox 1558 5136 2227 5241; baseline -0.004 0"><span class='ocrx_word' id='word_1_805' title='bbox 1558 5184 1797 5241; x_wconf 60' lang='lat' dir='ltr'><strong>VARUS</strong></span> <span class='ocrx_word' id='word_1_806' title='bbox 1819 5136 2227 5241; x_wconf 54' lang='lat' dir='ltr'><strong>LECTIONES.</strong></span> 
     </span>
    </p>
   </div>
   <div class='ocr_carea' id='block_1_105' title="bbox 355 5351 1054 5423">
    <p class='ocr_par' dir='ltr' id='par_1_105' title="bbox 355 5351 1054 5423">
     <span class='ocr_line' id='line_1_105' title="bbox 355 5351 1054 5423; baseline 0.024 -34"><span class='ocrx_word' id='word_1_807' title='bbox 355 5358 407 5391; x_wconf 75' lang='grc' dir='ltr'><strong>ει</strong></span> <span class='ocrx_word' id='word_1_808' title='bbox 440 5354 606 5412; x_wconf 79' lang='lat' dir='ltr'><strong>Forte</strong></span> <span class='ocrx_word' id='word_1_809' title='bbox 638 5351 1054 5423; x_wconf 82' lang='grc' dir='ltr'>περιποιούσης.</span> 
     </span>
    </p>
   </div>
   <div class='ocr_carea' id='block_1_106' title="bbox 360 5531 1873 5611">
    <p class='ocr_par' dir='ltr' id='par_1_106' title="bbox 360 5531 1873 5611">
     <span class='ocr_line' id='line_1_106' title="bbox 360 5531 1873 5611; baseline -0.006 -17"><span class='ocrx_word' id='word_1_810' title='bbox 360 5544 479 5611; x_wconf 74' lang='grc'><strong>(15)</strong></span> <span class='ocrx_word' id='word_1_811' title='bbox 513 5541 636 5596; x_wconf 84' lang='lat' dir='ltr'><strong>Non</strong></span> <span class='ocrx_word' id='word_1_812' title='bbox 655 5541 791 5594; x_wconf 83' lang='lat' dir='ltr'><strong>enim</strong></span> <span class='ocrx_word' id='word_1_813' title='bbox 820 5535 1329 5611; x_wconf 53' lang='lat' dir='ltr'><strong>so!a__dispensa_tio:</strong></span> <span class='ocrx_word' id='word_1_814' title='bbox 1389 5531 1586 5611; x_wconf 75' lang='lat' dir='ltr'><strong>Posset</strong></span> <span class='ocrx_word' id='word_1_815' title='bbox 1607 5531 1765 5611; x_wconf 83' lang='lat' dir='ltr'><strong>reddi</strong></span> <span class='ocrx_word' id='word_1_816' title='bbox 1782 5534 1873 5611; x_wconf 60' lang='lat' dir='ltr'><strong>ip»</strong></span> 
     </span>
    </p>
   </div>
   <div class='ocr_carea' id='block_1_107' title="bbox 288 5603 1867 5678">
    <p class='ocr_par' dir='ltr' id='par_1_107' title="bbox 288 5603 1867 5678">
     <span class='ocr_line' id='line_1_107' title="bbox 288 5603 1867 5678; baseline -0.009 -9"><span class='ocrx_word' id='word_1_817' title='bbox 288 5603 567 5674; x_wconf 68' lang='lat' dir='ltr'><strong>carnario,</strong></span> <span class='ocrx_word' id='word_1_818' title='bbox 600 5609 901 5678; x_wconf 70' lang='lat' dir='ltr'><strong>oixovopta.</strong></span> <span class='ocrx_word' id='word_1_819' title='bbox 937 5603 1422 5678; x_wconf 65' lang='lat' dir='ltr'><strong>Vox&#39;theologica,</strong></span> <span class='ocrx_word' id='word_1_820' title='bbox 1469 5604 1632 5674; x_wconf 88' lang='lat' dir='ltr'><strong>cujus</strong></span> <span class='ocrx_word' id='word_1_821' title='bbox 1654 5603 1867 5678; x_wconf 55' lang='lat' dir='ltr'><strong>simili-</strong></span> 
     </span>
    </p>
   </div>
   <div class='ocr_carea' id='block_1_108' title="bbox 282 5674 1866 5747">
    <p class='ocr_par' dir='ltr' id='par_1_108' title="bbox 282 5674 1866 5747">
     <span class='ocr_line' id='line_1_108' title="bbox 282 5674 1866 5747; baseline -0.008 -8"><span class='ocrx_word' id='word_1_822' title='bbox 282 5684 444 5738; x_wconf 85' lang='lat' dir='ltr'><strong>eatio</strong></span> <span class='ocrx_word' id='word_1_823' title='bbox 469 5676 686 5735; x_wconf 66' lang='lat' dir='ltr'><strong>Graecis</strong></span> <span class='ocrx_word' id='word_1_824' title='bbox 719 5674 1059 5747; x_wconf 80' lang='lat' dir='ltr'><strong>amplissima</strong></span> <span class='ocrx_word' id='word_1_825' title='bbox 1131 5690 1194 5739; x_wconf 87' lang='lat' dir='ltr'><strong>ea</strong></span> <span class='ocrx_word' id='word_1_826' title='bbox 1214 5674 1523 5747; x_wconf 75' lang='lat' dir='ltr'><strong>signiﬁcat,</strong></span> <span class='ocrx_word' id='word_1_827' title='bbox 1553 5688 1676 5743; x_wconf 80' lang='lat' dir='ltr'><strong>quae</strong></span> <span class='ocrx_word' id='word_1_828' title='bbox 1728 5674 1866 5747; x_wconf 75' lang='lat' dir='ltr'><strong>Ver-</strong></span> 
     </span>
    </p>
   </div>
   <div class='ocr_carea' id='block_1_109' title="bbox 1605 5431 2254 5495">
    <p class='ocr_par' dir='ltr' id='par_1_109' title="bbox 1605 5431 2254 5495">
     <span class='ocr_line' id='line_1_109' title="bbox 1605 5431 2254 5495; baseline -0.002 -1"><span class='ocrx_word' id='word_1_829' title='bbox 1605 5433 1989 5495; x_wconf 65' lang='lat' dir='ltr'><strong>CURBEFISII</strong></span> <span class='ocrx_word' id='word_1_830' title='bbox 2021 5431 2254 5495; x_wconf 59' lang='lat' dir='ltr'><strong>NOT&#39;IE.</strong></span> 
     </span>
    </p>
   </div>
   <div class='ocr_carea' id='block_1_110' title="bbox 1963 5522 3551 5596">
    <p class='ocr_par' dir='ltr' id='par_1_110' title="bbox 1963 5522 3551 5596">
     <span class='ocr_line' id='line_1_110' title="bbox 1963 5522 3551 5596; baseline -0.006 -7"><span class='ocrx_word' id='word_1_831' title='bbox 1963 5541 2159 5589; x_wconf 86' lang='lat' dir='ltr'><strong>auctor</strong></span> <span class='ocrx_word' id='word_1_832' title='bbox 2187 5546 2298 5587; x_wconf 91' lang='lat' dir='ltr'><strong>non</strong></span> <span class='ocrx_word' id='word_1_833' title='bbox 2343 5539 2554 5586; x_wconf 84' lang='lat' dir='ltr'><strong>tantum</strong></span> <span class='ocrx_word' id='word_1_834' title='bbox 2586 5529 2755 5584; x_wconf 77' lang='lat' dir='ltr'><strong>fuisse</strong></span> <span class='ocrx_word' id='word_1_835' title='bbox 2789 5522 3119 5596; x_wconf 75' lang='lat' dir='ltr'><strong>exhibenda.</strong></span> <span class='ocrx_word' id='word_1_836' title='bbox 3152 5540 3340 5581; x_wconf 82' lang='lat' dir='ltr'><strong>verum</strong></span> <span class='ocrx_word' id='word_1_837' title='bbox 3376 5533 3551 5580; x_wconf 73' lang='lat' dir='ltr'><strong>etiam</strong></span> 
     </span>
    </p>
   </div>
   <div class='ocr_carea' id='block_1_111' title="bbox 1959 5597 3545 5673">
    <p class='ocr_par' dir='ltr' id='par_1_111' title="bbox 1959 5597 3545 5673">
     <span class='ocr_line' id='line_1_111' title="bbox 1959 5597 3545 5673; baseline -0.006 -15"><span class='ocrx_word' id='word_1_838' title='bbox 1959 5618 2083 5673; x_wconf 69' lang='lat' dir='ltr'><strong>quae</strong></span> <span class='ocrx_word' id='word_1_839' title='bbox 2113 5605 2293 5673; x_wconf 83' lang='lat' dir='ltr'><strong>ipsum</strong></span> <span class='ocrx_word' id='word_1_840' title='bbox 2333 5601 2577 5656; x_wconf 76' lang='lat' dir='ltr'><strong>Verbum</strong></span> <span class='ocrx_word' id='word_1_841' title='bbox 2636 5600 2790 5654; x_wconf 85' lang='lat' dir='ltr'><strong>carni</strong></span> <span class='ocrx_word' id='word_1_842' title='bbox 2826 5599 3026 5654; x_wconf 88' lang='lat' dir='ltr'><strong>tribuit</strong></span> <span class='ocrx_word' id='word_1_843' title='bbox 3052 5597 3263 5673; x_wconf 68' lang='lat' dir='ltr'><strong>divina,</strong></span> <span class='ocrx_word' id='word_1_844' title='bbox 3293 5604 3350 5673; x_wconf 74' lang='lat' dir='ltr'><strong>ut</strong></span> <span class='ocrx_word' id='word_1_845' title='bbox 3376 5598 3545 5649; x_wconf 78' lang='lat' dir='ltr'><strong>nimi-</strong></span> 
     </span>
    </p>
   </div>
   <div class='ocr_carea' id='block_1_112' title="bbox 1958 5665 3539 5741">
    <p class='ocr_par' dir='ltr' id='par_1_112' title="bbox 1958 5665 3539 5741">
     <span class='ocr_line' id='line_1_112' title="bbox 1958 5665 3539 5741; baseline -0.008 -13"><span class='ocrx_word' id='word_1_846' title='bbox 1958 5665 2078 5728; x_wconf 62' lang='lat' dir='ltr'><strong>r&#39;um</strong></span> <span class='ocrx_word' id='word_1_847' title='bbox 2120 5665 2263 5728; x_wconf 72' lang='lat' dir='ltr'><strong>idem</strong></span> <span class='ocrx_word' id='word_1_848' title='bbox 2287 5681 2586 5741; x_wconf 82' lang='lat' dir='ltr'><strong>utrumque</strong></span> <span class='ocrx_word' id='word_1_849' title='bbox 2637 5678 3056 5741; x_wconf 76' lang='lat' dir='ltr'><strong>agnosceretur,</strong></span> <span class='ocrx_word' id='word_1_850' title='bbox 3086 5668 3306 5741; x_wconf 26' lang='lat' dir='ltr'><strong>Deus‘ct</strong></span> <span class='ocrx_word' id='word_1_851' title='bbox 3338 5665 3539 5732; x_wconf 70' lang='lat' dir='ltr'><strong>homo;</strong></span> 
     </span>
    </p>
   </div>
   <div class='ocr_carea' id='block_1_113' title="bbox 282 5736 3365 5814">
    <p class='ocr_par' dir='ltr' id='par_1_113' title="bbox 282 5736 3365 5814">
     <span class='ocr_line' id='line_1_113' title="bbox 282 5736 3365 5814; baseline -0.003 -16"><span class='ocrx_word' id='word_1_852' title='bbox 282 5736 485 5810; x_wconf 21' lang='lat' dir='ltr'><strong>bove;</strong></span> <span class='ocrx_word' id='word_1_853' title='bbox 554 5747 760 5803; x_wconf 65' lang='lat' dir='ltr'><strong>unione</strong></span> <span class='ocrx_word' id='word_1_854' title='bbox 807 5736 1158 5805; x_wconf 74' lang='lat' dir='ltr'><strong>accesserunt</strong></span> <span class='ocrx_word' id='word_1_855' title='bbox 1212 5736 1451 5800; x_wconf 66' lang='lat' dir='ltr'><strong>humana</strong></span> <span class='ocrx_word' id='word_1_856' title='bbox 1488 5736 1517 5796; x_wconf 74' lang='grc' dir='ltr'><strong>ε’</strong></span> <span class='ocrx_word' id='word_1_857' title='bbox 1545 5736 1720 5813; x_wconf 70' lang='lat' dir='ltr'><strong>caque</strong></span> <span class='ocrx_word' id='word_1_858' title='bbox 1785 5743 1862 5796; x_wconf 86' lang='lat' dir='ltr'><strong>ait</strong></span> <span class='ocrx_word' id='word_1_859' title='bbox 1954 5758 2079 5814; x_wconf 63' lang='lat' dir='ltr'><strong>quae</strong></span> <span class='ocrx_word' id='word_1_860' title='bbox 2111 5753 2195 5801; x_wconf 82' lang='lat' dir='ltr'><strong>cst</strong></span> <span class='ocrx_word' id='word_1_861' title='bbox 2232 5745 2373 5798; x_wconf 88' lang='lat' dir='ltr'><strong>tanti</strong></span> <span class='ocrx_word' id='word_1_862' title='bbox 2407 5736 2739 5798; x_wconf 74' lang='lat' dir='ltr'><strong>saci-anmiti</strong></span> <span class='ocrx_word' id='word_1_863' title='bbox 2770 5741 3055 5795; x_wconf 55' lang='lat' dir='ltr'><strong>confessio</strong></span> <span class='ocrx_word' id='word_1_864' title='bbox 3083 5736 3365 5792; x_wconf 72' lang='lat' dir='ltr'><strong>absoluta.</strong></span> 
     </span>
    </p>
   </div>
  </div>
