4016 6130
317 314 427 382 969

1359 322 1441 381 ΙΝ
1477 324 1842 390 LAZARUM
1877 327 2525 400 QUATHIDUANUM.

3491 336 3596 401 970

383 429 499 485 Καὶ
530 428 710 484 ταῦτα
746 429 845 498 μὲν
885 428 1079 494 οὕτως.
1115 431 1327 504 Νεκρὸς
1354 434 1410 487 δὲ
1437 436 1538 507 ἤδη
1565 435 1705 501 ὄζων
1735 440 1764 491 6
1789 438 1866 491 Λὰ

1971 495 1976 505 ,
2076 438 2143 494 Ει
2173 441 2286 496 haac
2315 442 2536 513 quidem
2567 443 2659 499 ita.
2689 447 2808 501 Jam
2840 454 3028 502 autem
3056 457 3311 503 mortuus
3347 448 3591 509 Lazarus

312 521 485 595 ζαρος
522 518 624 592 ἦν’
676 523 767 575 καὶ
819 522 1027 590 Ἰησοῦς
1057 524 1240 594 παρῆν
1274 527 1303 578 6
1332 526 1566 596 Χριστὸς
1603 530 1697 582 καὶ
1732 530 1898 593 Θεὸς,

310 614 409 668 καὶ
443 615 504 668 τὸ
531 614 631 685 ζῇν
665 613 1062 685 παρεχόμενος.
1121 614 1271 668 Ἔδει
1302 617 1412 686 γὰρ
1453 618 1806 689 συντριϐῆναι
1840 622 1900 674 τὸ

310 704 530 770 σκεῦος,
566 698 667 756 εἷθ’
689 701 833 757 οὓτω
856 706 1116 775 παρεῖναι
1138 703 1230 757 τὸν
1259 707 1532 776 κεραμέα.
1579 708 1778 780 Ἐχρῆν
1805 709 1898 762 τὸν

304 792 454 852 οἷκον
474 797 832 869 ἐριπωθῆναι,
858 797 953 850 καὶ
973 798 1277 867 τηνικαῦτα
1299 801 1556 870 παρεῖναι
1575 799 1669 852 τὸν
1695 801 1898 854 οἰκοδό-

307 903 431 958 μον.
460 888 598 954 Ἄγε
622 885 687 957 δὴ
720 884 1009 955 τοιγαροῦν
1037 885 1113 954 τῷ
1140 887 1383 957 Χριστῷ,
1405 887 1504 940 καὶ
1531 886 1651 957 Θεῷ
1675 889 1770 941 καὶ
1792 889 1895 942 Λό-

301 996 386 1049 γῳ
424 979 667 1050 σήμερον
706 976 802 1030 ἐπὶ
833 976 931 1046 τὴν
960 974 1233 1046 Βηθανίαν
1261 976 1517 1045 ἀνάγοντι
1537 1018 1553 1043 ,
1577 977 1671 1030 τὸν
1698 978 1895 1048 ἡμέτε-

302 1087 398 1140 ρον
431 1073 529 1124 καὶ,
557 1072 725 1141 ήμείς
770 1068 1162 1136 συνανάξωμεν
1193 1066 1372 1137 λόγον.
1419 1069 1484 1122 Τί
1518 1069 1626 1140 γάρ
1660 1074 1796 1139 φησὶ
1832 1070 1894 1122 τὸ

301 1160 672 1228 Εὐαγγέλιονς
708 1179 727 1211 ‹
751 1158 952 1214 Ἐλθὼν
982 1154 1075 1213 οὖν
1104 1160 1381 1230 6111005.;-
1420 1180 1437 1210 ι
1468 1161 1578 1213 Ποῦ
1603 1161 1696 1214 καὶ
1728 1162 1892 1215 πόθεν

299 1253 786 1324 παραγενόμενος;
840 1253 935 1317 Et;
984 1252 1291 1324 Βηθανίαν
1349 1249 1410 1308 οὗ
1445 1253 1537 1306 καὶ
1579 1254 1678 1324 τὴν
1714 1253 1891 1325 ὁρμὴν

299 1340 466 1414 εἶχεν,
483 1344 544 1410 ἐξ
569 1339 629 1399 οὗ
657 1344 894 1416 διέτριϐε
921 1345 1089 1398 τόπου
1115 1345 1291 1416 πέραν
1316 1345 1411 1398 τοῦ
1458 1346 1752 1416 Ἰορδάνου.
1781 1348 1890 1399 Καὶ

296 1431 403 1485 ποῦ
429 1433 529 1486 οὐκ
557 1433 676 1487 ἐστι
702 1433 966 1504 Χριστός;
1011 1433 1044 1504 ἢ
1087 1425 1171 1498 τίς
1207 1434 1562 1504 ἀπολείψεται
1600 1435 1762 1500 τόπος
1790 1437 1890 1489 αὐ-

293 1524 431 1589 τοῦ;
477 1525 637 1578 Ἀλλὰ
673 1526 815 1579 κατὰ
862 1526 924 1578 τὸ
953 1524 1295 1596 ἀνθρώπινον
1330 1527 1491 1580 τοῦτο
1534 1527 1793 1599 ληπτέον,
1827 1532 1887 1583 ού

294 1613 444 1669 κατὰ
482 1614 544 1668 τὸ
577 1616 781 1669 θεῖκόν.
835 1616 967 1679 Θεὸς
1010 1616 1118 1689 γὰρ
1150 1618 1405 1687 ἀόριστόν
1438 1636 1490 1671 τι
1533 1621 1767 1690 πρᾶγμα
1796 1619 1888 1672 καὶ

289 1706 724 1776 ἀπερίδρακτον,
781 1709 1096 1778 περιγραφῇ
1143 1706 1386 1778 μηδεμιᾷ
1434 1708 1882 1779 συγκλειόμενον.

2013 532 2215 588 fetebat
2248 553 2261 589 :
2290 536 2596 608 aderatque
2634 537 2819 605 Jesus,
2879 540 3133 599 Christus
3163 551 3219 598 et
3270 541 3435 608 Deus,
3492 547 3591 614 qui

2003 625 2168 678 etiam
2193 626 2359 680 vitam
2389 629 2678 697 praeberet.
2729 630 2892 688 Prius
2914 634 3060 687 enim
3087 650 3179 690 vas
3196 634 3589 691 contcrei‘tdum

2001 725 2142 782 erat,
2176 733 2240 772 ac
2271 730 2386 774 tum
2418 720 2617 791 figulus
2644 735 2851 793 praesto
2885 740 3007 782 esse
3054 726 3314 783 debebat.
3349 728 3583 799 Oporte-

2002 808 2095 863 bat
2127 818 2185 865 ut
2236 810 2435 867 domus
2465 813 2818 883 dejiceretur,
2866 832 2930 873 ac
2957 826 3071 873 tum
3100 819 3325 875 adesset
3348 821 3592 877 adifica-

2001 904 2108 950 tor.
2170 898 2287 971 Age
2348 902 2539 972 igitur,
2600 904 2824 969 Christo
2914 909 3251 966 ascendente
3302 912 3467 970 hodie
3530 919 3587 969 in

2001 989 2344 1058 ltethauiam,
2377 1003 2429 1048 et
2462 995 2562 1066 ipsi
2594 998 2801 1066 pariter
2824 1016 3136 1057 sermonem
3189 1006 3585 1074 provehamus.

1999 1078 2139 1144 Quid
2201 1084 2349 1137 enim
2404 1085 2573 1141 habet
2635 1088 3047 1162 Evangelium?
3107 1112 3127 1146 ι
3186 1094 3355 1171 Venit.
3401 1099 3588 1172 itaque

1994 1169 2179 1226 Jesus.
2221 1193 2241 1225 ι
2275 1173 2395 1240 Quo
2451 1188 2549 1232 aut
2583 1180 2725 1235 unde
2765 1183 3098 1252 profectus?
3136 1187 3193 1241 In
3218 1169 3583 1249 Bethaniam:

1994 1279 2107 1332 quo
2136 1265 2303 1319 etiam
2344 1270 2734 1339 contendebat,
2768 1275 2838 1330 ab
2879 1290 2945 1331 e0
2978 1277 3098 1333 loco
3134 1281 3224 1336 ubi
3263 1286 3586 1342 morabatur

1995 1364 2149 1411 trans
2210 1355 2534 1416 Jordanem.
2586 1363 2656 1418 At
2713 1364 2936 1421 ubinam
2999 1372 3251 1439 gentium
3321 1373 3584 1434 Christus

1993 1447 2184 1502 abest?
2216 1450 2415 1517 quisve
2459 1453 2620 1510 locus
2655 1471 2723 1513 co
2763 1460 3013 1516 carebit?
3051 1461 3254 1519 Verum
3282 1476 3367 1522 est
3399 1469 3452 1524 id
3486 1485 3583 1527 ac-

1991 1540 2311 1611 cipiendum
2336 1543 2491 1612 juxta
2524 1545 2576 1601 id
2603 1548 2750 1617 quod
2781 1558 2866 1605 est
2907 1552 3249 1627 humanum:
3283 1575 3392 1615 non
3420 1562 3579 1631 juxta

1990 1633 2138 1702 quod
2191 1632 2440 1688 divinum
2502 1645 2607 1692 est.
2649 1636 2796 1693 Deus
2848 1642 3125 1711 siquidem
3182 1664 3271 1704 res
3325 1632 3577 1721 quaedam

1990 1728 2078 1776 est
2133 1721 2443 1789 indefinita,
2510 1742 2680 1796 quam
2748 1744 2858 1785 non
2908 1748 3207 1803 possumus
3255 1744 3575 1813 complecti.

296 1813 318 1846 ι
370 1794 570 1849 Ἐλθὼν
592 1791 684 1849 οὖν
717 1798 745 1850 6
785 1797 994 1869 Ἰησοῦς
1018 1836 1034 1860 ,
1062 1790 1219 1868 εὗρεν
1249 1798 1413 1851 αὐτὸν
1445 1799 1718 1870 τέσσαρας
1744 1800 1866 1870 ὴμέ-

1991 1821 2225 1877 quasque
2273 1810 2425 1865 nulla
2473 1813 2767 1869 claudatur
2816 1790 3424 1894 circutttseriptiouej
3474 1834 3576 1889 Ve-

290 1903 393 1957 ρα;
437 1888 540 1960 ἤδη
594 1888 790 1960 έχοντα
821 1891 879 1942 ἐν
921 1888 1000 1960 τῷ
1045 1890 1331 1960 μνημείῳ·
1370 1910 1387 1942 ι
1438 1891 1547 1976 Kal.
1569 1892 1727 1945 τοῦτο
1764 1891 1883 1947 λίαν

290 1980 494 2050 σοφῶς.
521 1982 639 2035 Ἰνα
667 1981 775 2051 γὰρ
806 1982 1170 2036 διαλυθέντων
1203 1983 1405 2036 ὡσανεὶ
1429 1982 1539 2036 τῶν
1575 1985 1877 2054 στοιχείων,

285 2074 387 2127 καὶ
428 2076 936 2145 καινοπρεπεστέρα
986 2092 1068 2138 τις
1110 2076 1342 2147 νομισθῇ
1396 2076 1490 2130 τοῦ
1539 2076 1879 2149 θαύματοςὴ

285 2167 568 2234 ἐπίδειξις,
595 2168 795 2238 ἀνέσχε
830 2169 928 2234 τὴν
966 2170 1166 2241 ὁρμήν.
1208 2169 1318 2222 Καὶ
1343 2168 1451 2243 γὰρ
1485 2165 1555 2240 ἦν
1584 2172 1643 2223 ὲν
1674 2170 1878 2223 τοσαύ-

281 2275 410 2324 ταις
435 2262 674 2330 ἡμέραις
716 2260 1083 2333 διαφθαρῆναι
1115 2261 1205 2315 τὸν
1254 2265 1311 2316 ἐν
1350 2266 1533 2334 σοροῖς
1582 2265 1879 2335 γενόμενον

281 2352 535 2423 κάτοχον.
576 2371 594 2405 ι
629 2347 774 2423 Εὗρε
802 2355 984 2407 τοίνυν
1024 2354 1189 2408 αὑτὸν
1212 2354 1490 2426 τέσσαρας
1522 2357 1739 2427 ἡμέρας
1771 2359 1872 2431 ήδη

282 2445 478 2515 έχοντα
498 2447 555 2499 ἐν
575 2446 652 2517 τῷ
685 2447 959 2519 μνημείῳ.
994 2467 1013 2499 ι
1044 2448 1142 2502 "lv‘
1188 2449 1217 2501 6
1242 2448 1547 2519 τριήμερος
1574 2449 1877 2520 ἀνιστάμε-

281 2555 396 2601 νος,
440 2538 739 2609 προεγείρῃ
771 2538 866 2592 τὸν
922 2540 1340 2611 τετραήμερονθ
1387 2541 1486 2594 καὶ
1531 2541 1780 2612 μάθωσιν
1825 2548 1874 2598 οἱ

279 2629 601 2702 ἀγνώμονες
635 2630 905 2695 Ἰουδαῖοι,
937 2632 1030 2686 τὸν
1060 2633 1160 2704 ἤδη
1198 2632 1450 2704 μυδῶντα
1483 2634 1751 2706 θεώμενοι
1781 2638 1873 2691 καὶ

281 2721 503 2793 ἰχώρων
557 2721 791 2793 βρύοντα
834 2723 979 2795 λόγῳ
1019 2723 1114 2778 τοῦ
1161 2726 1442 2797 μνήματος
1493 2725 1867 2798 ἐξαλλόμενον.

284 2831 305 2865 ι
347 2808 517 2886 Εὗρεν
548 2815 708 2868 αὑτὸν
754 2814 1031 2887 τέσσαρας
1065 2815 1279 2887 ἡμέρας
1326 2818 1429 2890 ήδη
1478 2818 1673 2890 ἔχοντα
1709 2822 1767 2874 ἐν
1793 2822 1871 2892 τῷ

277 2907 555 2977 μνημείῳ.
585 2927 605 2960 ι
640 2909 790 2980 Ὅσῳ
820 2909 927 2982 γὰρ
944 2910 1042 2981 τῆς
1062 2913 1239 2982 ταφῆς
1265 2915 1294 2966 ό
1318 2913 1513 2985 χρόνος
1537 2916 1866 2989 παρέτρεχε,

271 3002 517 3073 τοσούτῳ
540 3003 700 3057 πλέον
732 3006 766 3075 ἡ
786 3005 880 3059 τοῦ
905 3007 1145 3077 Χριστοῦ
1167 3007 1587 3078 ἐπεθαυμάξετο
1613 3012 1864 3083 δύναμις.
1912 3064 1921 3073 ,

281 3110 303 3142 ι
343 3088 451 3144 Ἦν
499 3094 555 3147 δὲ
588 3096 622 3166 ή
666 3094 905 3165 Βηθανία
949 3097 1118 3165 ἐγγὺς
1164 3098 1577 3170 Ἰεροσολύμων,
1632 3104 1708 3166 ὡς
1757 3105 1865 3157 ἀπὸ

274 3187 505 3242 σταδίων
545 3189 864 3247 δεκαπέντε.
897 3212 917 3243 ι
969 3194 1070 3246 Διὰ
1115 3193 1275 3247 τοῦτο
1314 3194 1555 3250 πλεῖστοι
1586 3197 1731 3267 πρὸς·
1760 3216 1864 3251 πα-

273 3282 551 3354 ραμυθίαν
574 3284 802 3357 ἐξῄεσαν
817 3286 1037 3359 Μαρίας
1058 3287 1153 3341 καὶ
1180 3287 1434 3360 Μάρθας.
1467 3309 1485 3341 ι
1516 3291 1708 3345 Πολλοὶ
1731 3294 1859 3364 γὰρ,

271 3375 434 3444 φησὶ,
464 3375 572 3429 τῶν
618 3376 892 3431 Ἰουδαίων
934 3377 1269 3448 ἐληλύθεσαν
1323 3379 1461 3450 πρὸς
1507 3381 1738 3452 Μάρθαν
1766 3386 1862 3437 καὶ

268 3469 374 3538 τὴν
396 3467 638 3540 Μαρίαν,
676 3469 766 3523 ἵνα
807 3471 1324 3542 παραμυθήσωνται
1380 3472 1550 3537 αὐτὰς
1592 3475 1720 3545 περὶ
1764 3474 1860 3529 τοῦ

266 3557 505 3627 ἀδελφοῦ
536 3557 738 3611 αὐτῶν.
783 3577 801 3609 ι
843 3560 955 3613 Καὶ
1001 3560 1246 3622 εἰκότως.
1298 3560 1500 3630 Ἐγγῦς
1549 3563 1657 3634 γὰρ
1690 3562 1860 3635 οὔσης

266 3648 373 3719 τῆς
418 3649 646 3714 πόλεως,
680 3649 829 3713 εἰκὸς
872 3646 941 3721 ἦν
987 3650 1204 3715 πλείους
1240 3653 1377 3722 πρὸς
1419 3654 1592 3718 αὐτὰς
1633 3655 1856 3722 ἐξιέναι,

265 3739 418 3795 δυοῖν
446 3740 673 3811 θάτερον
698 3756 712 3772 ο
757 3740 792 3812 ἢ
834 3744 903 3814 τῇ
948 3742 1080 3813 περὶ
1109 3742 1202 3796 τὸν
1252 3742 1367 3814 βίον
1406 3745 1701 3817 σεμνότητι
1739 3750 1853 3800 τοῖν

164 3896 169 3899 τ
266 3832 515 3899 γυναίοιν
556 3832 967 3903 ἐφηδομένους·
1021 3833 1118 3887 καὶ
1170 3835 1282 3905 γὰρ
1338 3831 1406 3908 ἦν
1437 3839 1465 3890 6
1518 3836 1634 3908 βίος
1674 3839 1856 3892 αὐτῶν

263 3925 544 3995 λαμπρὸς,
580 3925 676 3977 καὶ
724 3923 846 3978 κατ’
897 3926 1099 3997 ἀρετὴν
1143 3927 1386 3997 ἐξέχων·
1434 3929 1466 3999 ἢ
1510 3929 1598 3985 διὰ
1647 3931 1706 3984 τὸ
1756 3933 1856 4003 τῆς

263 4016 448 4086 λύπης
476 4016 789 4085 ἐπαγωγὸν,
823 4018 1019 4088 ὀδύνης
1065 4019 1310 4092 ὑπάρχον
1334 4022 1551 4091 μεστόν.
1595 4023 1740 4095 Πλὴν
1772 4025 1865 4089 ὅτι,

260 4109 327 4161 τὸ
379 4109 583 4178 πλῆθος
638 4108 749 4161 τῶν
802 4110 1234 4181 συνειλεγμένων
1275 4115 1724 4188 προσεμαρτύρει
1777 4118 1853 4187 τῷ

261 4199 527 4270 θαύματι,
578 4201 672 4253 καὶ
725 4199 827 4254 οὐκ
878 4201 1208 4275 ἀλυσιτελὴς
1262 4199 1400 4278 ἦνή
1456 4208 1672 4262 τούτων
1725 4228 1853 4263 σύν-

261 4291 529 4362 άθροισις.

338 4403 358 4435 ι
401 4385 465 4437 Ἦ
494 4382 588 4439 οὖν
617 4386 817 4461 Μάρθα
843 4390 920 4454 ὡς
951 4390 1191 4460 ῆκουσεν
1230 4392 1312 4445 ὅτι
1355 4392 1564 4464 Ἰησοῦς
1604 4395 1847 4467 ἔρχεται,

257 4474 577 4544 ὑπήντησεν
598 4478 746 4552 αὐτῷ
768 4497 782 4512 ·
801 4482 834 4551 ή
853 4480 910 4533 δὲ
933 4481 1126 4553 Μαρία
1149 4483 1209 4535 ἐν
1230 4482 1307 4553 τῷ
1332 4483 1466 4554 οἴκῳ
1491 4485 1807 4550 ἐκαθέζετο.
1824 4508 1841 4540 ι
1877 4499 1926 4557 υ
1953 4479 2128 4534 currit
2187 4481 2266 4534 illi
2308 4500 2321 4537 ε

256 4565 337 4619 Οὐ
368 4568 478 4637 γὰρ
515 4567 658 4637 ἔγνω
693 4573 887 4643 Μαρία
930 4573 1013 4625 ὅτι
1045 4574 1259 4646 Ἰησοῦς
1290 4576 1470 4647 .ῆκει·
1534 4579 1599 4630 οὐ
1630 4579 1737 4651 γὰρ
1779 4580 1845 4632 ἂν

254 4658 519 4727 ἐπέμεινε
553 4661 778 4729 γνοῦσα.
841 4665 951 4719 Καὶ
999 4666 1238 4735 γνοῦσαν
1275 4667 1349 4729 δὲ,
1386 4668 1536 4734 εἰκὸς
1575 4666 1644 4741 ἦν
1673 4673 1846 4743 αὐτὴν

251 4751 327 4804 δι’
358 4751 652 4806 εὐλάϐειαν
671 4756 811 4810 οἴκοι
834 4756 1131 4829 καθῆσθαι,
1160 4759 1258 4823 τὰς
1280 4761 1388 4813 τῶν
1417 4765 1844 4833 παρατυχόντων

253 4845 562 4918 δεχομένην
586 4848 968 4919 ψυχαγωγίας.
989 4852 1316 4924 Θερμοτέρα
1344 4854 1400 4907 δέ
1429 4872 1546 4918 πως
1579 4859 1611 4928 ή
1639 4860 1842 4928 Μάρθα

254 4937 353 4990 καὶ
384 4939 755 5011 ἁπλουστέρα,
791 4942 853 4994 τὸ
883 4943 1004 5007 ἔθος
1042 4945 1449 4998 ἀνεπίπλαστον
1485 4948 1687 5018 ἔχουσα
1715 4967 1726 4979 ·
1761 4952 1841 5006 διὸ

249 5032 353 5083 καὶ
390 5048 408 5081 ι
433 5033 865 5105 ῐιροῦπήντησεν
897 5036 1066 5106 αὐτῷ,
1104 5038 1191 5091 ἵνα
1221 5039 1439 5103 καὶτῆς
1465 5041 1655 5106 οὐσίας
1689 5042 1837 5115 δείξῃ

246 5120 314 5173 τὸ
338 5121 592 5190 μέγεθος,
620 5125 715 5177 καὶ
759 5125 852 5179 τοῦ
902 5116 1056 5195 φίλου
1088 5131 1509 5204 προαπαγγείλῃ
1550 5132 1639 5187 τὸν
1672 5135 1837 5189 θάνα-

245 5229 369 5267 τον.
428 5212 518 5275 Ὠς
564 5216 850 5283 ἀγνοοῦντι
898 5219 954 5273 δὲ
1008 5221 1169 5292 δῆθεν
1222 5224 1596 5293 ἀπήγγειλενο
1658 5229 1706 5280 εί
1742 5231 1838 5283 καὶ

242 5304 524 5373 ὡμολόγει
567 5307 794 5361 δυνατὸν
846 5306 986 5366 εἶναι
1041 5315 1102 5366 τὸ
1139 5314 1215 5385 μὴ
1263 5316 1521 5370 τεθνᾰναι
1582 5320 1836 5392 Λάζαρον

242 5398 526 5465 παρόντος
556 5401 747 5456 αὐτοῦ.
800 5421 819 5452 ι
855 5405 917 5458 Ei
966 5402 1033 5478 ἧς
1080 5408 1190 5479 γὰρ
1236 5403 1362 5473 ὧδε,
1389 5412 1599 5483 φησιν,
1633 5414 1733 5467 οὐκ
1770 5415 1835 5469 ἂν

237 5489 527 5542 ἀπέθανεν
559 5493 587 5543 6
623 5492 854 5563 ἀδελφός
896 5515 1021 5566 μου.
1056 5501 1166 5554 Καὶ
1190 5502 1286 5553 νῦν
1322 5496 1476 5566 οἶδα,
1525 5505 1607 5557 ὅτι
1642 5508 1741 5558 ὅσα
1768 5506 1834 5559 ἂν

238 5582 447 5651 αἰτήσῃ
468 5582 572 5634 ,τὸν
600 5582 754 5648 Θεὸν,
785 5586 943 5641 δώσει
995 5607 1077 5644 σοι
1108 5592 1136 5644 ὁ
1170 5591 1323 5655 Θεός.
1357 5614 1374 5645 ι
1420 5591 1577 5657 Εἶδες
1611 5596 1831 5661 πίστινς

233 5668 388 5733 εἶδες
418 5671 748 5725 ἁδίστακτον
772 5677 999 5750 γνώμην
1023 5699 1036 5746 ;
1074 5684 1208 5735 Δυσὶ
1232 5685 1461 5754 τρόποις
1502 5686 1638 5738 Θεὸν
1666 5687 1831 5741 αὑτὸν

228 5777 336 5816 aut
383 5762 662 5830 ζωογόνον
712 5768 1075 5841 παρίστησινο
1122 5776 1171 5827 εί
1223 5778 1314 5830 καί
1361 5777 1663 5847 σφάλλεταί
1713 5797 1830 5846 πως

579 5853 844 5922 Ρλτιιοι..
889 5864 1002 5926 GR.
1049 5867 1282 5936 XCVII.

1988 1897 2070 1951 nit
2103 1899 2290 1968 itaque
2322 1899 2487 1957 Jesus
2512 1921 2527 1957 :
2555 1912 2608 1958 et
2640 1905 2851 1962 invenit
2877 1925 3002 1966 eum
3038 1924 3283 1982 quatuor
3314 1922 3435 1977 dies
3461 1923 3574 1992 jam

1986 1985 2042 2040 in
2086 1999 2450 2045 monumento
2511 1991 2827 2050 habentem.
2858 2015 2880 2048 ι
2926 1999 2994 2052 Ει
3027 2001 3130 2056 hoc
3178 2006 3420 2074 sapienti
3461 1985 3576 2064 'ad-

1984 2077 2210 2134 modum
2239 2081 2496 2136 consilio.
2536 2081 2773 2140 Uteuim
2804 2088 2956 2143 velut
2983 2090 3096 2159 jam
3129 2094 3420 2154 dissolutis
3469 2103 3574 2155 elc-

1983 2172 2206 2237 mentis,
2258 2171 2591 2231 insolentior
2639 2173 2938 2235 haberetur
2985 2184 3239 2241 miraculi
3273 2191 3567 2258 exhibitio,

1981 2263 2381 2333 profectionem
2440 2269 2697 2326 tardavit.
2768 2273 2984 2328 Etenim
3052 2287 3276 2347 poterat
3338 2300 3568 2354 compu-

1983 2357 2183 2413 truisse
2226 2367 2378 2415 tanto
2408 2361 2621 2416 dierum
2677 2365 2895 2441 spatio,
2935 2369 3026 2437 qui
3071 2370 3215 2426 inter
3234 2373 3563 2433 cadaverum

1978 2449 2229 2505 cumulos
2256 2452 2512 2508 detentus
2531 2450 2710 2509 fuerat
2735 2455 2789 2509 in
2812 2458 3141 2515 conditorio.
3169 2461 3413 2520 «Invenit
3433 2484 3566 2541 ergo

1977 2552 2216 2611 quatuor
2235 2543 2345 2614 jam
2366 2544 2487 2601 dies
2521 2546 2946 2605 habentemeum
2969 2552 3024 2607 in
3053 2569 3461 2616 monumento.»
3493 2564 3565 2620 Ut

1974 2634 2236 2688 nimirum
2271 2637 2369 2706 qui
2421 2638 2717 2708 triduanus
2748 2654 2895 2696 esset
2927 2657 3380 2718 resurrecturus,
3430 2665 3560 2712 ante

1972 2726 2272 2782 suscitaret
2302 2730 2731 2797 quatriduanum
2771 2749 2785 2786 :
2820 2746 3157 2809 nossentque
3210 2745 3434 2802 scelesti
3457 2745 3559 2803 Ju-

1971 2817 2099 2884 daei,
2126 2820 2219 2889 qui
2241 2820 2356 2890 jam
2386 2822 2518 2876 tabo
2547 2822 2876 2881 defluentem
2899 2836 2952 2883 et
2978 2831 3133 2886 sanie
3163 2838 3556 2896 scaturientem

1971 2912 2141 2966 verbo
2169 2914 2415 2968 viderent
2462 2917 2690 2974 exsilire
2719 2919 2788 2974 de
2842 2934 3224 2981 monumento.
3271 2947 3291 2982 ι
3337 2929 3557 2989 Invenit

1969 3017 2092 3057 cum
2123 3003 2235 3073 jam
2262 3015 2504 3076 quatuor
2526 3008 2649 3066 dies
2700 3010 2994 3069 habentem
3028 3015 3083 3070 in
3106 3032 3485 3082 monumento.
3527 3047 3548 3080 ο

1971 3091 2092 3159 Quo
2116 3096 2265 3150 enim
2307 3106 2523 3169 tempus
2553 3104 2857 3171 sepulturae
2895 3107 3225 3176 productius
3256 3113 3455 3180 fuerat,
3484 3132 3552 3173 eo

1972 3185 2145 3241 virtus
2207 3187 2416 3245 Christi
2474 3192 2738 3262 majorem
2808 3197 3237 3258 admirationem
3288 3206 3547 3265 habebat.

1972 3293 1991 3327 ι
2025 3277 2158 3333 Erat.
2191 3288 2372 3335 autem
2406 3281 2671 3339 Bethania
2703 3286 2860 3353 juxta
2906 3288 3331 3365 Jerosolymam,
3388 3304 3546 3371 quasi

1965 3370 2160 3425 stadiis
2188 3372 2526 3441 quindecim.
2557 3394 2576 3426 ι
2637 3376 2850 3435 Idcirco
2892 3383 3081 3451 plures
3141 3394 3199 3440 ut
3232 3370 3459 3447 Mariam
3495 3406 3550 3450 et

1964 3459 2230 3517 Martham
2269 3466 2697 3524 consolarentur
2730 3473 2998 3530 exierant.
3031 3495 3049 3528 ι
3074 3477 3228 3535 Multi
3273 3485 3442 3553 euint,
3470 3491 3549 3542 in-

1963 3556 2100 3622 quit,
2132 3572 2196 3611 ex
2224 3555 2454 3627 Judaeis,
2483 3574 2753 3618 venerant
2783 3566 2851 3620 ad
2888 3565 3156 3625 Martham
3188 3583 3246 3628 et
3290 3575 3543 3643 Mariam.

1962 3653 2469 3708 utconsolarentur
2517 3670 2615 3711 eas
2650 3656 2723 3712 de
2752 3657 2927 3716 fratre
2981 3677 3105 3717 suo.
3145 3682 3163 3716 ι
3229 3663 3287 3722 ld
3319 3671 3543 3739 quidem

1962 3745 2176 3798 merito.
2207 3742 2341 3797 Nam
2404 3761 2531 3801 cum
2559 3748 2759 3806 civitas
2795 3766 2964 3822 prope
2994 3764 3169 3821 esset,
3208 3774 3308 3829 par
3331 3773 3453 3817 erat
3486 3777 3546 3822 ut

1960 3835 2025 3887 ad
2056 3850 2151 3889 eas
2179 3838 2368 3905 plures
2422 3840 2660 3903 exirent,
2725 3843 2995 3900 alterutro
3043 3864 3108 3902 ex
3157 3850 3245 3907 bis
3265 3852 3373 3910 line
3407 3868 3584 3913 :aut-
3644 3908 3647 3909 ν

1960 3927 2088 3993 quia
2124 3927 2358 3983 honesta
2428 3932 2726 4002 utriusque
2794 3936 3013 3994 femina:
3071 3943 3543 4006 vitadelectaren-

1959 4025 2235 4083 tur;erat
2290 4020 2438 4073 enim
2487 4022 2578 4076 illa
2632 4025 2806 4090 clara,
2851 4036 2902 4082 et
2931 4031 3137 4087 virtute
3180 4041 3538 4110 praecellens;

1958 4107 2040 4161 vel
2083 4118 2308 4178 propter
2338 4111 2552 4166 tristem
2620 4128 2811 4170 casum
2862 4119 3198 4193 plenumque
3221 4127 3433 4186 dolore.
3459 4107 3540 4189 Ad

1956 4200 2098 4258 hoc:
2127 4203 2357 4257 collecta
2388 4206 2683 4261 multitudo
2704 4212 3072 4269 attestabatur
3125 4217 3415 4290 miraculo,
3440 4242 3540 4283 nec

1954 4302 2144 4350 tantus
2186 4308 2492 4361 conventus
2522 4297 2725 4355 frustra
2752 4312 2890 4358 erat.

2031 4405 2050 4437 σ
2096 4388 2306 4443 Martha
2338 4406 2489 4461 ergo,
2527 4401 2584 4447 ut
2612 4394 2824 4451 audivit
2879 4400 3009 4469 quia
3040 4401 3203 4463 Jesus
3239 4411 3407 4476 venit,
3438 4425 3537 4466 oc-

2363 4482 2532 4540 Maria
2575 4496 2760 4543 autem
2816 4490 2963 4548 domi
3022 4498 3271 4555 sedebat.
3337 4521 3356 4554 ι
3411 4502 3532 4559 Non

1951 4571 2098 4625 enim
2150 4570 2318 4628 Maria
2359 4576 2601 4633 scit-erat
2632 4579 2936 4639 adventum
2981 4585 3113 4643 Jesu
3143 4608 3159 4646 :
3195 4607 3298 4648 nec
3339 4597 3535 4667 utique

1949 4665 2269 4731 mansisset,
2324 4684 2392 4723 eo
2433 4671 2680 4750 cognito.
2738 4673 2869 4731 Erat
2921 4665 3534 4756 vero’cOugruumput

1948 4759 2273 4812 reverentia:
2328 4775 2522 4826 causa,
2558 4765 2726 4820 etiam
2778 4771 3001 4841 cognito
3044 4773 3164 4840 illo,
3225 4778 3519 4837 adventant.
3606 4778 3609 4779 ⁷

1949 4851 2087 4906 tium
2121 4854 2487 4913 salutationes
2553 4860 2829 4931 verbaque
2873 4867 3276 4927 consolationis
3306 4890 3529 4946 suscep-

1946 4950 2071 4997 tura
2107 4944 2252 5000 domi
2290 4947 2529 5006 sederet.
2585 4950 2796 5007 Martha
2842 4967 3026 5012 autem
3070 4963 3219 5017 velut
3261 4944 3531 5025 calentior

1944 5045 2064 5088 erat
2113 5050 2177 5090 ac
2239 5037 2578 5109 simplicior,
2650 5037 2906 5118 n'lhilque
2967 5051 3177 5111 fucatis
3234 5061 3525 5131 moribus,

1943 5126 2181 5197 ideoque
2217 5148 2236 5181 ι
2278 5134 2533 5188 Occurrit
2563 5136 2639 5191 illi
2672 5157 2685 5192 :
2716 5157 2735 5192 ι
2770 5150 2827 5194 ut
2867 5155 2919 5196 et
2976 5146 3307 5206 subsmntite
3337 5126 3527 5212 osten;

1942 5226 2084 5276 taret
2116 5224 2575 5295 magnitudinem,
2624 5239 2678 5285 et
2716 5243 2947 5290 mortem
3004 5242 3165 5296 amici
3219 5252 3522 5305 annuntia-

1942 5326 2046 5371 ret.
2110 5318 2493 5376 Annuntiabat
2539 5325 2750 5396 utique,
2816 5329 2965 5384 velut
3009 5333 3205 5404 ei'qui
3261 5342 3519 5406 nesciret.

1939 5423 2256 5480 quanquam
2301 5410 2576 5468 fatebatur
2610 5422 2857 5484 patuisse
2894 5440 3001 5478 non
3054 5429 3189 5482 mori
3224 5426 3517 5500 Lazarum,

1936 5516 2003 5555 eo
2037 5512 2327 5571 praesente.
2367 5524 2385 5556 ι
2424 5504 2486 5561 Si
2518 5510 2687 5575 enim,
2726 5513 2933 5581 inquit,
2969 5516 3171 5575 fuisses
3206 5522 3317 5586 hic,
3349 5523 3520 5581 frater

1938 5611 2093 5650 meus
2124 5612 2231 5651 non
2261 5597 2456 5655 fuisset
2485 5612 2753 5660 mortuus.
2783 5606 2888 5662 Sed
2925 5620 2980 5663 et
3019 5628 3162 5667 nunc
3204 5618 3341 5677 scio.
3388 5623 3516 5685 quia
3590 5638 3593 5639 '

1935 5705 2281 5760 quacunque
2320 5699 2638 5764 poposceris
2674 5714 2702 5751 a
2743 5699 2887 5764 Deo,
2932 5704 3087 5759 dabit
3138 5708 3234 5762 tibi
3278 5707 3438 5767 Deus.
3490 5733 3510 5764 ι

1937 5780 2197 5840 Vidistin‘
2219 5786 2382 5843 tidem
2403 5785 2703 5846 iV'idiStin'
2726 5793 2970 5852 animum
2989 5813 3094 5850 non
3122 5799 3516 5861 haesitantem!

3001 5891 3069 5956 31
