  <div class='ocr_page' id='page_1' title='image "/cluster/home/n/w/nwhite01/storage/ocr_20150623/97/mdp.39015041892756/485.png"; bbox 0 0 4016 6130; ppageno 0'>
   <div class='ocr_carea' id='block_1_1' title="bbox 589 331 692 402">
    <p class='ocr_par' dir='ltr' id='par_1_1' title="bbox 589 331 692 402">
     <span class='ocr_line' id='line_1_1' title="bbox 589 331 692 402; baseline 0.01 -2"><span class='ocrx_word' id='word_1_1' title='bbox 589 331 692 402; x_wconf 76' lang='grc' dir='ltr'><strong>9ῗ1</strong></span> 
     </span>
    </p>
   </div>
   <div class='ocr_carea' id='block_1_2' title="bbox 1767 327 3776 410">
    <p class='ocr_par' dir='ltr' id='par_1_2' title="bbox 1767 327 3776 410">
     <span class='ocr_line' id='line_1_2' title="bbox 1767 327 3776 410; baseline 0.009 -18"><span class='ocrx_word' id='word_1_2' title='bbox 1767 331 1830 392; x_wconf 91' lang='lat' dir='ltr'><strong>S.</strong></span> <span class='ocrx_word' id='word_1_3' title='bbox 1863 327 2194 392; x_wconf 70' lang='lat' dir='ltr'><strong>ANDREIE</strong></span> <span class='ocrx_word' id='word_1_4' title='bbox 2225 327 2649 394; x_wconf 81' lang='lat' dir='ltr'><strong>CRETENSIS</strong></span> <span class='ocrx_word' id='word_1_5' title='bbox 3697 346 3776 410; x_wconf 65' lang='grc' dir='ltr'><strong>9η</strong></span> 
     </span>
    </p>
   </div>
   <div class='ocr_carea' id='block_1_3' title="bbox 593 443 2183 528">
    <p class='ocr_par' dir='ltr' id='par_1_3' title="bbox 593 443 2172 515">
     <span class='ocr_line' id='line_1_3' title="bbox 593 443 2172 515; baseline 0 -11"><span class='ocrx_word' id='word_1_6' title='bbox 593 447 820 504; x_wconf 81' lang='lat' dir='ltr'><strong>Duobus</strong></span> <span class='ocrx_word' id='word_1_7' title='bbox 878 443 1057 502; x_wconf 86' lang='lat' dir='ltr'><strong>modis</strong></span> <span class='ocrx_word' id='word_1_8' title='bbox 1115 444 1283 500; x_wconf 84' lang='lat' dir='ltr'><strong>Deum</strong></span> <span class='ocrx_word' id='word_1_9' title='bbox 1336 444 1518 515; x_wconf 82' lang='lat' dir='ltr'><strong>ipsum</strong></span> <span class='ocrx_word' id='word_1_10' title='bbox 1586 454 1640 499; x_wconf 84' lang='lat' dir='ltr'><strong>et</strong></span> <span class='ocrx_word' id='word_1_11' title='bbox 1702 455 1986 502; x_wconf 75' lang='lat' dir='ltr'><strong>auctorem</strong></span> <span class='ocrx_word' id='word_1_12' title='bbox 2041 450 2172 504; x_wconf 78' lang='lat' dir='ltr'><strong>vitae</strong></span> 
     </span>
    </p>
   </div>
   <div class='ocr_carea' id='block_1_4' title="bbox 2271 443 3775 528">
    <p class='ocr_par' dir='ltr' id='par_1_4' title="bbox 2276 444 3775 528">
     <span class='ocr_line' id='line_1_4' title="bbox 2276 444 3775 528; baseline 0.027 -35"><span class='ocrx_word' id='word_1_13' title='bbox 2276 449 2344 503; x_wconf 79' lang='grc' dir='ltr'>δι’</span> <span class='ocrx_word' id='word_1_14' title='bbox 2381 447 2668 518; x_wconf 73' lang='grc' dir='ltr'><strong>ἁπλότητα</strong></span> <span class='ocrx_word' id='word_1_15' title='bbox 2693 446 2928 517; x_wconf 81' lang='grc' dir='ltr'>φύσεως.</span> <span class='ocrx_word' id='word_1_16' title='bbox 2975 467 2993 500; x_wconf 79' lang='grc' dir='ltr'><strong>ι</strong></span> <span class='ocrx_word' id='word_1_17' title='bbox 3040 450 3102 502; x_wconf 77' lang='lat' dir='ltr'><strong>El</strong></span> <span class='ocrx_word' id='word_1_18' title='bbox 3135 445 3201 524; x_wconf 78' lang='grc' dir='ltr'><strong>ἧς</strong></span> <span class='ocrx_word' id='word_1_19' title='bbox 3230 451 3334 523; x_wconf 73' lang='grc' dir='ltr'>γὰρ</span> <span class='ocrx_word' id='word_1_20' title='bbox 3374 444 3490 519; x_wconf 74' lang='grc' dir='ltr'><strong>ὧδεν</strong></span> <span class='ocrx_word' id='word_1_21' title='bbox 3516 471 3534 506; x_wconf 78' lang='grc'><em>³</em></span> <span class='ocrx_word' id='word_1_22' title='bbox 3570 458 3695 528; x_wconf 66' lang='grc' dir='ltr'>φησί’</span> <span class='ocrx_word' id='word_1_23' title='bbox 3726 463 3775 516; x_wconf 75' lang='grc' dir='ltr'><strong>Τί</strong></span> 
     </span>
    </p>
   </div>
   <div class='ocr_carea' id='block_1_5' title="bbox 592 533 2172 608">
    <p class='ocr_par' dir='ltr' id='par_1_5' title="bbox 592 533 2172 608">
     <span class='ocr_line' id='line_1_5' title="bbox 592 533 2172 608; baseline -0.001 -13"><span class='ocrx_word' id='word_1_24' title='bbox 592 538 818 594; x_wconf 78' lang='lat' dir='ltr'><strong>astruit.</strong></span> <span class='ocrx_word' id='word_1_25' title='bbox 882 533 1210 605; x_wconf 79' lang='lat' dir='ltr'><strong>Quanquam</strong></span> <span class='ocrx_word' id='word_1_26' title='bbox 1294 535 1546 590; x_wconf 81' lang='lat' dir='ltr'><strong>nonnihil</strong></span> <span class='ocrx_word' id='word_1_27' title='bbox 1604 544 1800 591; x_wconf 87' lang='lat' dir='ltr'><strong>natura</strong></span> <span class='ocrx_word' id='word_1_28' title='bbox 1866 537 2172 608; x_wconf 81' lang='lat' dir='ltr'><strong>simplicior</strong></span> 
     </span>
    </p>
   </div>
   <div class='ocr_carea' id='block_1_6' title="bbox 591 625 2170 697">
    <p class='ocr_par' dir='ltr' id='par_1_6' title="bbox 591 625 2170 697">
     <span class='ocr_line' id='line_1_6' title="bbox 591 625 2170 697; baseline 0.001 -13"><span class='ocrx_word' id='word_1_29' title='bbox 591 637 763 684; x_wconf 88' lang='lat' dir='ltr'><strong>erret.</strong></span> <span class='ocrx_word' id='word_1_30' title='bbox 803 644 824 678; x_wconf 72' lang='grc' dir='ltr'><strong><em>ι</em></strong></span> <span class='ocrx_word' id='word_1_31' title='bbox 863 626 920 680; x_wconf 85' lang='lat' dir='ltr'><strong>Si</strong></span> <span class='ocrx_word' id='word_1_32' title='bbox 951 625 1124 689; x_wconf 88' lang='lat' dir='ltr'><strong>enim,</strong></span> <span class='ocrx_word' id='word_1_33' title='bbox 1162 626 1362 696; x_wconf 85' lang='lat' dir='ltr'><strong>inquit,</strong></span> <span class='ocrx_word' id='word_1_34' title='bbox 1391 627 1593 682; x_wconf 78' lang='lat' dir='ltr'><strong>fuisses</strong></span> <span class='ocrx_word' id='word_1_35' title='bbox 1630 627 1742 685; x_wconf 87' lang='lat' dir='ltr'><strong>hic.</strong></span> <span class='ocrx_word' id='word_1_36' title='bbox 1785 647 1802 680; x_wconf 72' lang='grc' dir='ltr'><strong>ι</strong></span> <span class='ocrx_word' id='word_1_37' title='bbox 1832 627 1975 696; x_wconf 89' lang='lat' dir='ltr'><strong>Quid</strong></span> <span class='ocrx_word' id='word_1_38' title='bbox 2005 629 2170 697; x_wconf 87' lang='lat' dir='ltr'><strong>dicis,</strong></span> 
     </span>
    </p>
   </div>
   <div class='ocr_carea' id='block_1_7' title="bbox 592 716 2174 792">
    <p class='ocr_par' dir='ltr' id='par_1_7' title="bbox 592 716 2174 792">
     <span class='ocr_line' id='line_1_7' title="bbox 592 716 2174 792; baseline 0.001 -18"><span class='ocrx_word' id='word_1_39' title='bbox 592 717 840 774; x_wconf 76' lang='lat' dir='ltr'><strong>Martha?</strong></span> <span class='ocrx_word' id='word_1_40' title='bbox 867 716 1075 772; x_wconf 88' lang='lat' dir='ltr'><strong>fallitur</strong></span> <span class='ocrx_word' id='word_1_41' title='bbox 1113 731 1322 772; x_wconf 80' lang='lat' dir='ltr'><strong>sermo.</strong></span> <span class='ocrx_word' id='word_1_42' title='bbox 1363 717 1496 772; x_wconf 84' lang='lat' dir='ltr'><strong>Erat</strong></span> <span class='ocrx_word' id='word_1_43' title='bbox 1534 720 1764 785; x_wconf 87' lang='lat' dir='ltr'><strong>etenim,</strong></span> <span class='ocrx_word' id='word_1_44' title='bbox 1818 731 1872 775; x_wconf 87' lang='lat' dir='ltr'><strong>et</strong></span> <span class='ocrx_word' id='word_1_45' title='bbox 1928 736 2174 792; x_wconf 58' lang='lat' dir='ltr'><strong>praesens</strong></span> 
     </span>
    </p>
   </div>
   <div class='ocr_carea' id='block_1_8' title="bbox 590 808 2176 884">
    <p class='ocr_par' dir='ltr' id='par_1_8' title="bbox 590 808 2176 884">
     <span class='ocr_line' id='line_1_8' title="bbox 590 808 2176 884; baseline 0.003 -20"><span class='ocrx_word' id='word_1_46' title='bbox 590 821 710 865; x_wconf 76' lang='lat' dir='ltr'><strong>erat</strong></span> <span class='ocrx_word' id='word_1_47' title='bbox 737 830 749 864; x_wconf 89' lang='lat'><strong>:</strong></span> <span class='ocrx_word' id='word_1_48' title='bbox 795 825 895 865; x_wconf 83' lang='lat' dir='ltr'><strong>nec</strong></span> <span class='ocrx_word' id='word_1_49' title='bbox 925 808 1082 864; x_wconf 84' lang='lat' dir='ltr'><strong>deest</strong></span> <span class='ocrx_word' id='word_1_50' title='bbox 1112 823 1367 880; x_wconf 81' lang='lat' dir='ltr'><strong>usquam.</strong></span> <span class='ocrx_word' id='word_1_51' title='bbox 1403 809 1510 866; x_wconf 97' lang='lat' dir='ltr'><strong>Sed</strong></span> <span class='ocrx_word' id='word_1_52' title='bbox 1541 810 1608 865; x_wconf 90' lang='lat' dir='ltr'><strong>ad</strong></span> <span class='ocrx_word' id='word_1_53' title='bbox 1633 812 1887 867; x_wconf 86' lang='lat' dir='ltr'><strong>miraculi</strong></span> <span class='ocrx_word' id='word_1_54' title='bbox 1915 815 2176 884; x_wconf 85' lang='lat' dir='ltr'><strong>amplitu-</strong></span> 
     </span>
    </p>
   </div>
   <div class='ocr_carea' id='block_1_9' title="bbox 588 901 2175 972">
    <p class='ocr_par' dir='ltr' id='par_1_9' title="bbox 588 901 2175 972">
     <span class='ocr_line' id='line_1_9' title="bbox 588 901 2175 972; baseline 0.001 -13"><span class='ocrx_word' id='word_1_55' title='bbox 588 905 812 967; x_wconf 86' lang='lat' dir='ltr'><strong>dinem,</strong></span> <span class='ocrx_word' id='word_1_56' title='bbox 875 901 1166 972; x_wconf 83' lang='lat' dir='ltr'><strong>paululum</strong></span> <span class='ocrx_word' id='word_1_57' title='bbox 1244 903 1560 972; x_wconf 84' lang='lat' dir='ltr'><strong>spectavit,</strong></span> <span class='ocrx_word' id='word_1_58' title='bbox 1629 904 1796 958; x_wconf 90' lang='lat' dir='ltr'><strong>morti</strong></span> <span class='ocrx_word' id='word_1_59' title='bbox 1865 903 2175 960; x_wconf 80' lang='lat' dir='ltr'><strong>concedens</strong></span> 
     </span>
    </p>
   </div>
   <div class='ocr_carea' id='block_1_10' title="bbox 589 992 2177 1064">
    <p class='ocr_par' dir='ltr' id='par_1_10' title="bbox 589 992 2177 1064">
     <span class='ocr_line' id='line_1_10' title="bbox 589 992 2177 1064; baseline 0.001 -15"><span class='ocrx_word' id='word_1_60' title='bbox 589 993 799 1056; x_wconf 82' lang='lat' dir='ltr'><strong>locum,</strong></span> <span class='ocrx_word' id='word_1_61' title='bbox 835 993 932 1064; x_wconf 85' lang='lat' dir='ltr'><strong>qui</strong></span> <span class='ocrx_word' id='word_1_62' title='bbox 982 992 1277 1048; x_wconf 74' lang='lat' dir='ltr'><strong>divinitate</strong></span> <span class='ocrx_word' id='word_1_63' title='bbox 1323 994 1515 1047; x_wconf 85' lang='lat' dir='ltr'><strong>omnia</strong></span> <span class='ocrx_word' id='word_1_64' title='bbox 1569 993 1765 1064; x_wconf 85' lang='lat' dir='ltr'><strong>replet.</strong></span> <span class='ocrx_word' id='word_1_65' title='bbox 1797 1012 1816 1046; x_wconf 87' lang='grc'><em>‹</em></span> <span class='ocrx_word' id='word_1_66' title='bbox 1865 992 1924 1048; x_wconf 87' lang='lat' dir='ltr'><strong>Si</strong></span> <span class='ocrx_word' id='word_1_67' title='bbox 1974 993 2177 1051; x_wconf 83' lang='lat' dir='ltr'><strong>fuisses</strong></span> 
     </span>
    </p>
   </div>
   <div class='ocr_carea' id='block_1_11' title="bbox 595 1083 2180 1153">
    <p class='ocr_par' dir='ltr' id='par_1_11' title="bbox 595 1083 2180 1153">
     <span class='ocr_line' id='line_1_11' title="bbox 595 1083 2180 1153; baseline -0.001 -11"><span class='ocrx_word' id='word_1_68' title='bbox 595 1087 708 1153; x_wconf 84' lang='lat' dir='ltr'><strong>hic,</strong></span> <span class='ocrx_word' id='word_1_69' title='bbox 745 1084 918 1141; x_wconf 80' lang='lat' dir='ltr'><strong>frater</strong></span> <span class='ocrx_word' id='word_1_70' title='bbox 937 1100 1096 1141; x_wconf 87' lang='lat' dir='ltr'><strong>meus</strong></span> <span class='ocrx_word' id='word_1_71' title='bbox 1133 1099 1245 1139; x_wconf 92' lang='lat' dir='ltr'><strong>non</strong></span> <span class='ocrx_word' id='word_1_72' title='bbox 1281 1083 1478 1140; x_wconf 87' lang='lat' dir='ltr'><strong>fuisset</strong></span> <span class='ocrx_word' id='word_1_73' title='bbox 1507 1095 1791 1140; x_wconf 84' lang='lat' dir='ltr'><strong>mortuus.</strong></span> <span class='ocrx_word' id='word_1_74' title='bbox 1837 1105 1856 1137; x_wconf 75' lang='grc' dir='ltr'><strong>ι</strong></span> <span class='ocrx_word' id='word_1_75' title='bbox 1897 1084 2094 1140; x_wconf 76' lang='lat' dir='ltr'><strong>Viden’</strong></span> <span class='ocrx_word' id='word_1_76' title='bbox 2120 1094 2180 1140; x_wconf 91' lang='lat' dir='ltr'><strong>ut</strong></span> 
     </span>
    </p>
   </div>
   <div class='ocr_carea' id='block_1_12' title="bbox 591 1171 2174 1247">
    <p class='ocr_par' dir='ltr' id='par_1_12' title="bbox 591 1171 2174 1247">
     <span class='ocr_line' id='line_1_12' title="bbox 591 1171 2174 1247; baseline -0.003 -13"><span class='ocrx_word' id='word_1_77' title='bbox 591 1179 762 1235; x_wconf 86' lang='lat' dir='ltr'><strong>etiam</strong></span> <span class='ocrx_word' id='word_1_78' title='bbox 805 1177 971 1232; x_wconf 88' lang='lat' dir='ltr'><strong>Deum</strong></span> <span class='ocrx_word' id='word_1_79' title='bbox 994 1175 1315 1241; x_wconf 86' lang='lat' dir='ltr'><strong>crediderit,</strong></span> <span class='ocrx_word' id='word_1_80' title='bbox 1342 1177 1433 1247; x_wconf 89' lang='lat' dir='ltr'><strong>qui</strong></span> <span class='ocrx_word' id='word_1_81' title='bbox 1457 1184 1512 1231; x_wconf 91' lang='lat' dir='ltr'><strong>et</strong></span> <span class='ocrx_word' id='word_1_82' title='bbox 1539 1171 1891 1246; x_wconf 81' lang='lat' dir='ltr'><strong>compescere</strong></span> <span class='ocrx_word' id='word_1_83' title='bbox 1924 1185 2174 1241; x_wconf 88' lang='lat' dir='ltr'><strong>mortem,</strong></span> 
     </span>
    </p>
   </div>
   <div class='ocr_carea' id='block_1_13' title="bbox 591 1267 2178 1338">
    <p class='ocr_par' dir='ltr' id='par_1_13' title="bbox 591 1267 2178 1338">
     <span class='ocr_line' id='line_1_13' title="bbox 591 1267 2178 1338; baseline -0.002 -12"><span class='ocrx_word' id='word_1_84' title='bbox 591 1279 648 1327; x_wconf 89' lang='lat' dir='ltr'><strong>et</strong></span> <span class='ocrx_word' id='word_1_85' title='bbox 672 1277 928 1325; x_wconf 87' lang='lat' dir='ltr'><strong>mortuos</strong></span> <span class='ocrx_word' id='word_1_86' title='bbox 953 1267 1475 1338; x_wconf 79' lang='lat' dir='ltr'><strong>per-auctoritatem</strong></span> <span class='ocrx_word' id='word_1_87' title='bbox 1499 1267 1748 1323; x_wconf 76' lang='lat' dir='ltr'><strong>excitare</strong></span> <span class='ocrx_word' id='word_1_88' title='bbox 1782 1277 1971 1338; x_wconf 80' lang='lat' dir='ltr'><strong>posset</strong></span> <span class='ocrx_word' id='word_1_89' title='bbox 1997 1268 2020 1322; x_wconf 70' lang='grc' dir='ltr'><strong>*ί</strong></span> <span class='ocrx_word' id='word_1_90' title='bbox 2051 1267 2178 1323; x_wconf 89' lang='lat' dir='ltr'><strong>Scio</strong></span> 
     </span>
    </p>
   </div>
   <div class='ocr_carea' id='block_1_14' title="bbox 591 1358 2174 1433">
    <p class='ocr_par' dir='ltr' id='par_1_14' title="bbox 591 1358 2174 1433">
     <span class='ocr_line' id='line_1_14' title="bbox 591 1358 2174 1433; baseline -0.002 -14"><span class='ocrx_word' id='word_1_91' title='bbox 591 1365 766 1428; x_wconf 79' lang='lat' dir='ltr'><strong>enim,</strong></span> <span class='ocrx_word' id='word_1_92' title='bbox 802 1361 1004 1433; x_wconf 88' lang='lat' dir='ltr'><strong>inquit,</strong></span> <span class='ocrx_word' id='word_1_93' title='bbox 1035 1358 1251 1427; x_wconf 87' lang='lat' dir='ltr'><strong>forent,</strong></span> <span class='ocrx_word' id='word_1_94' title='bbox 1288 1361 1334 1415; x_wconf 95' lang='lat' dir='ltr'><strong>si</strong></span> <span class='ocrx_word' id='word_1_95' title='bbox 1366 1359 1566 1415; x_wconf 76' lang='lat' dir='ltr'><strong>fuisses</strong></span> <span class='ocrx_word' id='word_1_96' title='bbox 1583 1373 1852 1430; x_wconf 82' lang='lat' dir='ltr'><strong>praesens,</strong></span> <span class='ocrx_word' id='word_1_97' title='bbox 1885 1360 2174 1432; x_wconf 82' lang='lat' dir='ltr'><strong>haudqua-</strong></span> 
     </span>
    </p>
   </div>
   <div class='ocr_carea' id='block_1_15' title="bbox 590 1454 2178 1530">
    <p class='ocr_par' dir='ltr' id='par_1_15' title="bbox 590 1454 2178 1530">
     <span class='ocr_line' id='line_1_15' title="bbox 590 1454 2178 1530; baseline 0.001 -21"><span class='ocrx_word' id='word_1_98' title='bbox 590 1471 754 1530; x_wconf 84' lang='lat' dir='ltr'><strong>quam</strong></span> <span class='ocrx_word' id='word_1_99' title='bbox 826 1471 977 1512; x_wconf 87' lang='lat' dir='ltr'><strong>mors</strong></span> <span class='ocrx_word' id='word_1_100' title='bbox 1039 1455 1461 1527; x_wconf 51' lang='lat' dir='ltr'><strong>praevaluisset,</strong></span> <span class='ocrx_word' id='word_1_101' title='bbox 1530 1454 1960 1526; x_wconf 80' lang='lat' dir='ltr'><strong>haudquaquam</strong></span> <span class='ocrx_word' id='word_1_102' title='bbox 2030 1463 2178 1511; x_wconf 82' lang='lat' dir='ltr'><strong>esset</strong></span> 
     </span>
    </p>
   </div>
   <div class='ocr_carea' id='block_1_16' title="bbox 591 1546 2180 1620">
    <p class='ocr_par' dir='ltr' id='par_1_16' title="bbox 591 1546 2180 1620">
     <span class='ocr_line' id='line_1_16' title="bbox 591 1546 2180 1620; baseline -0.003 -12"><span class='ocrx_word' id='word_1_103' title='bbox 591 1551 867 1608; x_wconf 72' lang='lat' dir='ltr'><strong>exstincta</strong></span> <span class='ocrx_word' id='word_1_104' title='bbox 947 1549 1175 1605; x_wconf 87' lang='lat' dir='ltr'><strong>lucerna</strong></span> <span class='ocrx_word' id='word_1_105' title='bbox 1253 1549 1494 1620; x_wconf 76' lang='lat' dir='ltr'><strong>generis.</strong></span> <span class='ocrx_word' id='word_1_106' title='bbox 1579 1546 1749 1603; x_wconf 81' lang='lat' dir='ltr'><strong>Plane</strong></span> <span class='ocrx_word' id='word_1_107' title='bbox 1817 1547 1986 1602; x_wconf 89' lang='lat' dir='ltr'><strong>etiam</strong></span> <span class='ocrx_word' id='word_1_108' title='bbox 2056 1548 2180 1603; x_wconf 63' lang='lat' dir='ltr'><strong>vitae</strong></span> 
     </span>
    </p>
   </div>
   <div class='ocr_carea' id='block_1_17' title="bbox 592 1637 2179 1710">
    <p class='ocr_par' dir='ltr' id='par_1_17' title="bbox 592 1637 2179 1710">
     <span class='ocr_line' id='line_1_17' title="bbox 592 1637 2179 1710; baseline -0.004 -10"><span class='ocrx_word' id='word_1_109' title='bbox 592 1643 813 1700; x_wconf 84' lang='lat' dir='ltr'><strong>termini</strong></span> <span class='ocrx_word' id='word_1_110' title='bbox 869 1641 1036 1698; x_wconf 87' lang='lat' dir='ltr'><strong>otiosi</strong></span> <span class='ocrx_word' id='word_1_111' title='bbox 1097 1639 1368 1706; x_wconf 85' lang='lat' dir='ltr'><strong>fuissent,</strong></span> <span class='ocrx_word' id='word_1_112' title='bbox 1423 1637 1588 1695; x_wconf 89' lang='lat' dir='ltr'><strong>modo</strong></span> <span class='ocrx_word' id='word_1_113' title='bbox 1643 1647 1702 1693; x_wconf 92' lang='lat' dir='ltr'><strong>tu</strong></span> <span class='ocrx_word' id='word_1_114' title='bbox 1754 1637 2010 1694; x_wconf 67' lang='lat' dir='ltr'><strong>affuisses</strong></span> <span class='ocrx_word' id='word_1_115' title='bbox 2083 1639 2179 1710; x_wconf 90' lang='lat' dir='ltr'><strong>qui</strong></span> 
     </span>
    </p>
   </div>
   <div class='ocr_carea' id='block_1_18' title="bbox 591 1726 2180 1790">
    <p class='ocr_par' dir='ltr' id='par_1_18' title="bbox 591 1726 2180 1790">
     <span class='ocr_line' id='line_1_18' title="bbox 591 1726 2180 1790; baseline -0.004 0"><span class='ocrx_word' id='word_1_116' title='bbox 591 1737 720 1790; x_wconf 61' lang='lat' dir='ltr'><strong>vitae</strong></span> <span class='ocrx_word' id='word_1_117' title='bbox 747 1729 1020 1790; x_wconf 81' lang='lat' dir='ltr'><strong>terminos</strong></span> <span class='ocrx_word' id='word_1_118' title='bbox 1066 1730 1346 1788; x_wconf 78' lang='lat' dir='ltr'><strong>universis</strong></span> <span class='ocrx_word' id='word_1_119' title='bbox 1378 1727 1701 1786; x_wconf 89' lang='lat' dir='ltr'><strong>constituis.</strong></span> <span class='ocrx_word' id='word_1_120' title='bbox 1742 1746 1761 1780; x_wconf 78' lang='grc' dir='ltr'><strong>ι</strong></span> <span class='ocrx_word' id='word_1_121' title='bbox 1805 1726 1916 1783; x_wconf 88' lang='lat' dir='ltr'><strong>Sed</strong></span> <span class='ocrx_word' id='word_1_122' title='bbox 1947 1735 2002 1782; x_wconf 90' lang='lat' dir='ltr'><strong>et</strong></span> <span class='ocrx_word' id='word_1_123' title='bbox 2032 1743 2180 1784; x_wconf 84' lang='lat' dir='ltr'><strong>nunc</strong></span> 
     </span>
    </p>
   </div>
   <div class='ocr_carea' id='block_1_19' title="bbox 2275 539 3771 622">
    <p class='ocr_par' dir='ltr' id='par_1_19' title="bbox 2275 539 3771 622">
     <span class='ocr_line' id='line_1_19' title="bbox 2275 539 3771 622; baseline 0.015 -40"><span class='ocrx_word' id='word_1_124' title='bbox 2275 540 2456 608; x_wconf 78' lang='grc' dir='ltr'>λέγεις</span> <span class='ocrx_word' id='word_1_125' title='bbox 2510 540 2742 611; x_wconf 74' lang='grc' dir='ltr'>Μάρθας</span> <span class='ocrx_word' id='word_1_126' title='bbox 2798 539 3138 611; x_wconf 75' lang='grc' dir='ltr'><strong>ἐσφαλμένος</strong></span> <span class='ocrx_word' id='word_1_127' title='bbox 3189 543 3218 594; x_wconf 99' lang='lat'><strong>6</strong></span> <span class='ocrx_word' id='word_1_128' title='bbox 3249 541 3419 610; x_wconf 77' lang='grc' dir='ltr'>λόγος.</span> <span class='ocrx_word' id='word_1_129' title='bbox 3459 544 3558 598; x_wconf 72' lang='grc' dir='ltr'><strong>Καὶ</strong></span> <span class='ocrx_word' id='word_1_130' title='bbox 3580 546 3672 618; x_wconf 87' lang='grc' dir='ltr'>γὰρ</span> <span class='ocrx_word' id='word_1_131' title='bbox 3705 545 3771 622; x_wconf 78' lang='grc' dir='ltr'>ἦν,</span> 
     </span>
    </p>
   </div>
   <div class='ocr_carea' id='block_1_20' title="bbox 2277 629 3774 705">
    <p class='ocr_par' dir='ltr' id='par_1_20' title="bbox 2277 629 3774 705">
     <span class='ocr_line' id='line_1_20' title="bbox 2277 629 3774 705; baseline 0.005 -16"><span class='ocrx_word' id='word_1_132' title='bbox 2277 637 2374 689; x_wconf 70' lang='grc' dir='ltr'>καὶ</span> <span class='ocrx_word' id='word_1_133' title='bbox 2419 634 2626 703; x_wconf 78' lang='grc' dir='ltr'>παρῆν,</span> <span class='ocrx_word' id='word_1_134' title='bbox 2683 636 2780 686; x_wconf 74' lang='grc' dir='ltr'>καὶ</span> <span class='ocrx_word' id='word_1_135' title='bbox 2836 629 3094 704; x_wconf 77' lang='grc' dir='ltr'>πάρεστι</span> <span class='ocrx_word' id='word_1_136' title='bbox 3128 634 3422 705; x_wconf 80' lang='grc' dir='ltr'>πανταχοῦ.</span> <span class='ocrx_word' id='word_1_137' title='bbox 3470 637 3596 690; x_wconf 77' lang='grc' dir='ltr'><strong>Ἀλλ’</strong></span> <span class='ocrx_word' id='word_1_138' title='bbox 3625 639 3695 694; x_wconf 75' lang='grc' dir='ltr'><strong>ἵνα</strong></span> <span class='ocrx_word' id='word_1_139' title='bbox 3729 644 3774 696; x_wconf 75' lang='grc' dir='ltr'><strong>τὸ</strong></span> 
     </span>
    </p>
   </div>
   <div class='ocr_carea' id='block_1_21' title="bbox 2279 723 3774 800">
    <p class='ocr_par' dir='ltr' id='par_1_21' title="bbox 2279 723 3774 800">
     <span class='ocr_line' id='line_1_21' title="bbox 2279 723 3774 800; baseline 0.003 -20"><span class='ocrx_word' id='word_1_140' title='bbox 2279 726 2469 798; x_wconf 79' lang='grc' dir='ltr'>θαῦμα</span> <span class='ocrx_word' id='word_1_141' title='bbox 2509 723 2830 796; x_wconf 78' lang='grc' dir='ltr'>παραταθῇ,</span> <span class='ocrx_word' id='word_1_142' title='bbox 2870 723 3072 795; x_wconf 70' lang='grc' dir='ltr'>μικρὸν</span> <span class='ocrx_word' id='word_1_143' title='bbox 3119 725 3336 796; x_wconf 79' lang='grc' dir='ltr'>ἀνέσχε,</span> <span class='ocrx_word' id='word_1_144' title='bbox 3367 725 3440 794; x_wconf 81' lang='grc' dir='ltr'>τῷ</span> <span class='ocrx_word' id='word_1_145' title='bbox 3471 726 3661 800; x_wconf 82' lang='grc' dir='ltr'>θανάτῳ</span> <span class='ocrx_word' id='word_1_146' title='bbox 3696 731 3774 800; x_wconf 77' lang='grc' dir='ltr'><strong>χὼ-</strong></span> 
     </span>
    </p>
   </div>
   <div class='ocr_carea' id='block_1_22' title="bbox 2279 813 3776 891">
    <p class='ocr_par' dir='ltr' id='par_1_22' title="bbox 2279 813 3776 891">
     <span class='ocr_line' id='line_1_22' title="bbox 2279 813 3776 891; baseline 0.005 -24"><span class='ocrx_word' id='word_1_147' title='bbox 2279 833 2381 887; x_wconf 85' lang='grc' dir='ltr'><strong>ραν</strong></span> <span class='ocrx_word' id='word_1_148' title='bbox 2430 816 2610 879; x_wconf 76' lang='grc' dir='ltr'>διδοὺς</span> <span class='ocrx_word' id='word_1_149' title='bbox 2653 817 2680 869; x_wconf 97' lang='lat'><strong>6</strong></span> <span class='ocrx_word' id='word_1_150' title='bbox 2730 816 2910 868; x_wconf 80' lang='grc' dir='ltr'>πάντα</span> <span class='ocrx_word' id='word_1_151' title='bbox 2942 813 3168 886; x_wconf 80' lang='grc' dir='ltr'>πληρῶν</span> <span class='ocrx_word' id='word_1_152' title='bbox 3224 817 3289 887; x_wconf 80' lang='grc' dir='ltr'><strong>τῇ</strong></span> <span class='ocrx_word' id='word_1_153' title='bbox 3335 815 3554 886; x_wconf 72' lang='grc' dir='ltr'>θεόσητι.</span> <span class='ocrx_word' id='word_1_154' title='bbox 3592 837 3609 870; x_wconf 80' lang='lat' dir='ltr'><strong>t</strong></span> <span class='ocrx_word' id='word_1_155' title='bbox 3647 819 3697 873; x_wconf 80' lang='grc' dir='ltr'>Εί</span> <span class='ocrx_word' id='word_1_156' title='bbox 3728 817 3776 891; x_wconf 68' lang='grc' dir='ltr'>ἧς</span> 
     </span>
    </p>
   </div>
   <div class='ocr_carea' id='block_1_23' title="bbox 2277 902 3777 983">
    <p class='ocr_par' dir='ltr' id='par_1_23' title="bbox 2277 902 3777 983">
     <span class='ocr_line' id='line_1_23' title="bbox 2277 902 3777 983; baseline 0.001 -21"><span class='ocrx_word' id='word_1_157' title='bbox 2277 902 2403 973; x_wconf 80' lang='grc' dir='ltr'>ὧδε,</span> <span class='ocrx_word' id='word_1_158' title='bbox 2437 909 2539 962; x_wconf 68' lang='grc' dir='ltr'>οὑκ</span> <span class='ocrx_word' id='word_1_159' title='bbox 2573 908 2638 962; x_wconf 77' lang='grc' dir='ltr'>ἂν</span> <span class='ocrx_word' id='word_1_160' title='bbox 2673 907 2916 967; x_wconf 82' lang='grc' dir='ltr'>ἀπέθανὲ</span> <span class='ocrx_word' id='word_1_161' title='bbox 2963 925 3066 978; x_wconf 83' lang='grc' dir='ltr'>μου</span> <span class='ocrx_word' id='word_1_162' title='bbox 3097 909 3126 961; x_wconf 90' lang='lat'><strong>6</strong></span> <span class='ocrx_word' id='word_1_163' title='bbox 3149 909 3394 979; x_wconf 78' lang='grc' dir='ltr'><strong>ἀδελφός.</strong></span> <span class='ocrx_word' id='word_1_164' title='bbox 3422 929 3444 962; x_wconf 70' lang='grc' dir='ltr'><strong><em>ι</em></strong></span> <span class='ocrx_word' id='word_1_165' title='bbox 3481 910 3641 983; x_wconf 70' lang='grc' dir='ltr'>Ὁρᾷς,</span> <span class='ocrx_word' id='word_1_166' title='bbox 3669 913 3777 977; x_wconf 76' lang='grc' dir='ltr'>ὅπως</span> 
     </span>
    </p>
   </div>
   <div class='ocr_carea' id='block_1_24' title="bbox 2281 1000 3774 1068">
    <p class='ocr_par' dir='ltr' id='par_1_24' title="bbox 2281 1000 3774 1068">
     <span class='ocr_line' id='line_1_24' title="bbox 2281 1000 3774 1068; baseline 0.001 -16"><span class='ocrx_word' id='word_1_167' title='bbox 2281 1000 2376 1054; x_wconf 66' lang='grc' dir='ltr'>καὶ</span> <span class='ocrx_word' id='word_1_168' title='bbox 2404 1001 2538 1053; x_wconf 69' lang='grc' dir='ltr'>Θεὶν</span> <span class='ocrx_word' id='word_1_169' title='bbox 2569 1001 2733 1054; x_wconf 76' lang='grc' dir='ltr'>αὐτον</span> <span class='ocrx_word' id='word_1_170' title='bbox 2765 1000 3134 1054; x_wconf 75' lang='grc' dir='ltr'>πεπίστευκεν</span> <span class='ocrx_word' id='word_1_171' title='bbox 3163 1001 3314 1068; x_wconf 79' lang='grc' dir='ltr'>ὂντα,</span> <span class='ocrx_word' id='word_1_172' title='bbox 3343 1001 3434 1054; x_wconf 76' lang='grc' dir='ltr'>καὶ</span> <span class='ocrx_word' id='word_1_173' title='bbox 3463 1001 3664 1056; x_wconf 83' lang='grc' dir='ltr'>θάνατον</span> <span class='ocrx_word' id='word_1_174' title='bbox 3686 1006 3774 1058; x_wconf 75' lang='grc' dir='ltr'>ἐπι-</span> 
     </span>
    </p>
   </div>
   <div class='ocr_carea' id='block_1_25' title="bbox 2283 1082 3778 1164">
    <p class='ocr_par' dir='ltr' id='par_1_25' title="bbox 2283 1082 3778 1164">
     <span class='ocr_line' id='line_1_25' title="bbox 2283 1082 3778 1164; baseline 0.002 -20"><span class='ocrx_word' id='word_1_175' title='bbox 2283 1095 2456 1162; x_wconf 79' lang='grc' dir='ltr'>σχεῖν,</span> <span class='ocrx_word' id='word_1_176' title='bbox 2490 1093 2584 1145; x_wconf 71' lang='grc' dir='ltr'>καὶ</span> <span class='ocrx_word' id='word_1_177' title='bbox 2615 1082 2845 1162; x_wconf 76' lang='grc' dir='ltr'>νεκροὺς</span> <span class='ocrx_word' id='word_1_178' title='bbox 2885 1091 3006 1145; x_wconf 77' lang='grc' dir='ltr'>κατ’</span> <span class='ocrx_word' id='word_1_179' title='bbox 3057 1089 3312 1156; x_wconf 76' lang='grc' dir='ltr'>ἐξουσίαν</span> <span class='ocrx_word' id='word_1_180' title='bbox 3349 1093 3568 1163; x_wconf 74' lang='grc' dir='ltr'>ἐγείρειν</span> <span class='ocrx_word' id='word_1_181' title='bbox 3597 1093 3778 1164; x_wconf 75' lang='grc' dir='ltr'>δυνάμε-</span> 
     </span>
    </p>
   </div>
   <div class='ocr_carea' id='block_1_26' title="bbox 2280 1179 3777 1256">
    <p class='ocr_par' dir='ltr' id='par_1_26' title="bbox 2280 1179 3777 1256">
     <span class='ocr_line' id='line_1_26' title="bbox 2280 1179 3777 1256; baseline 0.001 -19"><span class='ocrx_word' id='word_1_182' title='bbox 2280 1200 2408 1251; x_wconf 84' lang='grc' dir='ltr'>νον;</span> <span class='ocrx_word' id='word_1_183' title='bbox 2439 1179 2572 1236; x_wconf 81' lang='grc' dir='ltr'>Οἶδα</span> <span class='ocrx_word' id='word_1_184' title='bbox 2602 1181 2711 1253; x_wconf 74' lang='grc' dir='ltr'><strong>γὰρ</strong></span> <span class='ocrx_word' id='word_1_185' title='bbox 2759 1181 2836 1246; x_wconf 84' lang='grc' dir='ltr'><strong>ὡς</strong></span> <span class='ocrx_word' id='word_1_186' title='bbox 2861 1184 2911 1236; x_wconf 83' lang='grc' dir='ltr'><strong>εί</strong></span> <span class='ocrx_word' id='word_1_187' title='bbox 2961 1181 3158 1255; x_wconf 85' lang='grc' dir='ltr'>παρὼν</span> <span class='ocrx_word' id='word_1_188' title='bbox 3193 1179 3359 1256; x_wconf 81' lang='grc' dir='ltr'>ἦσθα,</span> <span class='ocrx_word' id='word_1_189' title='bbox 3399 1185 3572 1254; x_wconf 70' lang='grc' dir='ltr'>φησιν,</span> <span class='ocrx_word' id='word_1_190' title='bbox 3613 1187 3696 1239; x_wconf 72' lang='grc' dir='ltr'>οὐκ</span> <span class='ocrx_word' id='word_1_191' title='bbox 3731 1187 3777 1240; x_wconf 73' lang='grc' dir='ltr'>ἂν</span> 
     </span>
    </p>
   </div>
   <div class='ocr_carea' id='block_1_27' title="bbox 2281 1274 3779 1347">
    <p class='ocr_par' dir='ltr' id='par_1_27' title="bbox 2281 1274 3779 1347">
     <span class='ocr_line' id='line_1_27' title="bbox 2281 1274 3779 1347; baseline -0.001 -17"><span class='ocrx_word' id='word_1_192' title='bbox 2281 1276 2472 1347; x_wconf 72' lang='grc' dir='ltr'>ἴσχυσε</span> <span class='ocrx_word' id='word_1_193' title='bbox 2492 1275 2725 1339; x_wconf 82' lang='grc' dir='ltr'>θάνατος</span> <span class='ocrx_word' id='word_1_194' title='bbox 2745 1289 2758 1304; x_wconf 84' lang='grc'><em>’</em></span> <span class='ocrx_word' id='word_1_195' title='bbox 2788 1275 2890 1328; x_wconf 88' lang='grc' dir='ltr'><strong>ούκ</strong></span> <span class='ocrx_word' id='word_1_196' title='bbox 2916 1274 2984 1329; x_wconf 81' lang='grc' dir='ltr'>ἂν</span> <span class='ocrx_word' id='word_1_197' title='bbox 3009 1275 3226 1345; x_wconf 79' lang='grc' dir='ltr'><strong>ἀπέσῦη</strong></span> <span class='ocrx_word' id='word_1_198' title='bbox 3260 1275 3352 1328; x_wconf 82' lang='grc' dir='ltr'>τοῦ</span> <span class='ocrx_word' id='word_1_199' title='bbox 3372 1275 3549 1344; x_wconf 82' lang='grc' dir='ltr'>γένους</span> <span class='ocrx_word' id='word_1_200' title='bbox 3570 1277 3599 1347; x_wconf 81' lang='grc' dir='ltr'><strong>ή</strong></span> <span class='ocrx_word' id='word_1_201' title='bbox 3631 1275 3779 1347; x_wconf 78' lang='grc' dir='ltr'>θρυαλ-</span> 
     </span>
    </p>
   </div>
   <div class='ocr_carea' id='block_1_28' title="bbox 2279 1365 3779 1440">
    <p class='ocr_par' dir='ltr' id='par_1_28' title="bbox 2279 1365 3779 1440">
     <span class='ocr_line' id='line_1_28' title="bbox 2279 1365 3779 1440; baseline 0.001 -20"><span class='ocrx_word' id='word_1_202' title='bbox 2279 1367 2396 1440; x_wconf 68' lang='grc' dir='ltr'><strong>λίς.Δ</strong></span> <span class='ocrx_word' id='word_1_203' title='bbox 2427 1366 2616 1438; x_wconf 69' lang='grc' dir='ltr'>Ἀργοὶ</span> <span class='ocrx_word' id='word_1_204' title='bbox 2640 1365 2686 1418; x_wconf 78' lang='grc' dir='ltr'><strong>δ’</strong></span> <span class='ocrx_word' id='word_1_205' title='bbox 2714 1365 2782 1420; x_wconf 83' lang='grc' dir='ltr'>ἂν</span> <span class='ocrx_word' id='word_1_206' title='bbox 2815 1366 2912 1421; x_wconf 86' lang='grc' dir='ltr'><strong>καί</strong></span> <span class='ocrx_word' id='word_1_207' title='bbox 2933 1367 2983 1420; x_wconf 80' lang='grc' dir='ltr'>οἱ</span> <span class='ocrx_word' id='word_1_208' title='bbox 3015 1366 3120 1436; x_wconf 83' lang='grc' dir='ltr'>τῆς</span> <span class='ocrx_word' id='word_1_209' title='bbox 3159 1367 3302 1438; x_wconf 83' lang='grc' dir='ltr'><strong>ζωῆς</strong></span> <span class='ocrx_word' id='word_1_210' title='bbox 3341 1369 3450 1440; x_wconf 83' lang='grc' dir='ltr'><strong>ὅροι</strong></span> <span class='ocrx_word' id='word_1_211' title='bbox 3474 1368 3723 1438; x_wconf 83' lang='grc' dir='ltr'>διέμειναν,</span> <span class='ocrx_word' id='word_1_212' title='bbox 3744 1371 3779 1423; x_wconf 83' lang='grc' dir='ltr'><strong>εί</strong></span> 
     </span>
    </p>
   </div>
   <div class='ocr_carea' id='block_1_29' title="bbox 2282 1435 3777 1531">
    <p class='ocr_par' dir='ltr' id='par_1_29' title="bbox 2282 1435 3777 1531">
     <span class='ocr_line' id='line_1_29' title="bbox 2282 1435 3777 1531; baseline 0 -19"><span class='ocrx_word' id='word_1_213' title='bbox 2282 1457 2347 1512; x_wconf 90' lang='grc' dir='ltr'><strong>σύ</strong></span> <span class='ocrx_word' id='word_1_214' title='bbox 2377 1435 2440 1528; x_wconf 71' lang='grc' dir='ltr'><strong>γε</strong></span> <span class='ocrx_word' id='word_1_215' title='bbox 2472 1435 2616 1528; x_wconf 62' lang='grc' dir='ltr'>ἦσθα</span> <span class='ocrx_word' id='word_1_216' title='bbox 2662 1455 2878 1528; x_wconf 85' lang='grc' dir='ltr'>παρὼν,</span> <span class='ocrx_word' id='word_1_217' title='bbox 2903 1457 2932 1510; x_wconf 89' lang='lat'><strong>6</strong></span> <span class='ocrx_word' id='word_1_218' title='bbox 2973 1435 3119 1528; x_wconf 67' lang='grc' dir='ltr'>ζωῆς</span> <span class='ocrx_word' id='word_1_219' title='bbox 3163 1435 3336 1529; x_wconf 75' lang='grc' dir='ltr'>μέτρα</span> <span class='ocrx_word' id='word_1_220' title='bbox 3372 1435 3528 1512; x_wconf 72' lang='grc' dir='ltr'>πᾶσιν</span> <span class='ocrx_word' id='word_1_221' title='bbox 3551 1435 3777 1531; x_wconf 69' lang='grc' dir='ltr'>οροθετῶν.</span> 
     </span>
    </p>
   </div>
   <div class='ocr_carea' id='block_1_30' title="bbox 2280 1543 3778 1623">
    <p class='ocr_par' dir='ltr' id='par_1_30' title="bbox 2280 1543 3778 1623">
     <span class='ocr_line' id='line_1_30' title="bbox 2280 1543 3778 1623; baseline -0.001 -19"><span class='ocrx_word' id='word_1_222' title='bbox 2280 1549 2392 1604; x_wconf 69' lang='grc' dir='ltr'><strong>Καὶ</strong></span> <span class='ocrx_word' id='word_1_223' title='bbox 2419 1547 2514 1604; x_wconf 82' lang='grc' dir='ltr'>νῦν</span> <span class='ocrx_word' id='word_1_224' title='bbox 2544 1543 2683 1614; x_wconf 77' lang='grc' dir='ltr'>οῖδα,</span> <span class='ocrx_word' id='word_1_225' title='bbox 2725 1549 2912 1619; x_wconf 72' lang='grc' dir='ltr'>φησὶν,</span> <span class='ocrx_word' id='word_1_226' title='bbox 2958 1549 3042 1602; x_wconf 80' lang='grc' dir='ltr'>ὅτι</span> <span class='ocrx_word' id='word_1_227' title='bbox 3083 1550 3185 1604; x_wconf 80' lang='grc' dir='ltr'>ὅσα</span> <span class='ocrx_word' id='word_1_228' title='bbox 3236 1549 3302 1604; x_wconf 79' lang='grc' dir='ltr'>ἂν</span> <span class='ocrx_word' id='word_1_229' title='bbox 3328 1550 3520 1623; x_wconf 76' lang='grc' dir='ltr'>αἰτήσῃ</span> <span class='ocrx_word' id='word_1_230' title='bbox 3552 1550 3632 1604; x_wconf 70' lang='grc' dir='ltr'>τὸν</span> <span class='ocrx_word' id='word_1_231' title='bbox 3663 1549 3778 1616; x_wconf 78' lang='grc' dir='ltr'>Θεὸν,</span> 
     </span>
    </p>
   </div>
   <div class='ocr_carea' id='block_1_31' title="bbox 2279 1639 3779 1712">
    <p class='ocr_par' dir='ltr' id='par_1_31' title="bbox 2279 1639 3779 1712">
     <span class='ocr_line' id='line_1_31' title="bbox 2279 1639 3779 1712; baseline 0.001 -18"><span class='ocrx_word' id='word_1_232' title='bbox 2279 1639 2442 1694; x_wconf 83' lang='grc' dir='ltr'>δώσει</span> <span class='ocrx_word' id='word_1_233' title='bbox 2477 1657 2560 1693; x_wconf 90' lang='grc' dir='ltr'><strong>σοι</strong></span> <span class='ocrx_word' id='word_1_234' title='bbox 2589 1641 2617 1692; x_wconf 92' lang='lat'><strong>6</strong></span> <span class='ocrx_word' id='word_1_235' title='bbox 2645 1639 2800 1704; x_wconf 84' lang='grc' dir='ltr'>Θεός.</span> <span class='ocrx_word' id='word_1_236' title='bbox 2829 1657 2848 1691; x_wconf 72' lang='grc' dir='ltr'><strong>ι</strong></span> <span class='ocrx_word' id='word_1_237' title='bbox 2881 1639 3022 1710; x_wconf 80' lang='grc' dir='ltr'>Πρὸς</span> <span class='ocrx_word' id='word_1_238' title='bbox 3052 1641 3164 1711; x_wconf 80' lang='grc' dir='ltr'>γὰρ</span> <span class='ocrx_word' id='word_1_239' title='bbox 3195 1641 3256 1695; x_wconf 71' lang='grc' dir='ltr'><strong>τὸ</strong></span> <span class='ocrx_word' id='word_1_240' title='bbox 3286 1642 3590 1712; x_wconf 79' lang='grc' dir='ltr'>φαινόμενον</span> <span class='ocrx_word' id='word_1_241' title='bbox 3615 1641 3779 1696; x_wconf 59' lang='lat' dir='ltr'><strong>iam.</strong></span> 
     </span>
    </p>
   </div>
   <div class='ocr_carea' id='block_1_32' title="bbox 2280 1729 3778 1803">
    <p class='ocr_par' dir='ltr' id='par_1_32' title="bbox 2280 1729 3778 1803">
     <span class='ocr_line' id='line_1_32' title="bbox 2280 1729 3778 1803; baseline -0.001 -18"><span class='ocrx_word' id='word_1_242' title='bbox 2280 1729 2453 1801; x_wconf 81' lang='grc' dir='ltr'>Πλὴν,</span> <span class='ocrx_word' id='word_1_243' title='bbox 2485 1731 2588 1802; x_wconf 76' lang='grc' dir='ltr'>δρα</span> <span class='ocrx_word' id='word_1_244' title='bbox 2620 1730 2906 1785; x_wconf 79' lang='grc' dir='ltr'>κάνταῦθα</span> <span class='ocrx_word' id='word_1_245' title='bbox 2954 1731 3031 1803; x_wconf 80' lang='grc' dir='ltr'><strong>μὴ</strong></span> <span class='ocrx_word' id='word_1_246' title='bbox 3067 1732 3374 1800; x_wconf 79' lang='grc' dir='ltr'>ἁγνοοῦσαν</span> <span class='ocrx_word' id='word_1_247' title='bbox 3405 1733 3562 1802; x_wconf 76' lang='grc' dir='ltr'>αὐτὴν</span> <span class='ocrx_word' id='word_1_248' title='bbox 3587 1733 3778 1802; x_wconf 74' lang='grc' dir='ltr'>τάληθές.</span> 
     </span>
    </p>
   </div>
   <div class='ocr_carea' id='block_1_33' title="bbox 593 1815 2183 1894">
    <p class='ocr_par' dir='ltr' id='par_1_33' title="bbox 593 1817 2176 1894">
     <span class='ocr_line' id='line_1_33' title="bbox 593 1817 2176 1894; baseline -0.006 -12"><span class='ocrx_word' id='word_1_249' title='bbox 593 1826 734 1890; x_wconf 89' lang='lat' dir='ltr'><strong>scio,</strong></span> <span class='ocrx_word' id='word_1_250' title='bbox 764 1825 968 1894; x_wconf 90' lang='lat' dir='ltr'><strong>inquit,</strong></span> <span class='ocrx_word' id='word_1_251' title='bbox 1013 1822 1146 1893; x_wconf 88' lang='lat' dir='ltr'><strong>quia</strong></span> <span class='ocrx_word' id='word_1_252' title='bbox 1191 1834 1535 1892; x_wconf 66' lang='lat' dir='ltr'><strong>quaecunque</strong></span> <span class='ocrx_word' id='word_1_253' title='bbox 1588 1819 1932 1892; x_wconf 79' lang='lat' dir='ltr'><strong>poposceris&#39;</strong></span> <span class='ocrx_word' id='word_1_254' title='bbox 1964 1833 1994 1872; x_wconf 90' lang='lat' dir='ltr'><strong>a</strong></span> <span class='ocrx_word' id='word_1_255' title='bbox 2045 1817 2176 1885; x_wconf 87' lang='lat' dir='ltr'><strong>Deo,</strong></span> 
     </span>
    </p>
   </div>
   <div class='ocr_carea' id='block_1_34' title="bbox 2271 1815 3780 1894">
    <p class='ocr_par' dir='ltr' id='par_1_34' title="bbox 2297 1815 3780 1894">
     <span class='ocr_line' id='line_1_34' title="bbox 2297 1815 3780 1894; baseline 0.004 -25"><span class='ocrx_word' id='word_1_256' title='bbox 2297 1815 2694 1888; x_wconf 81' lang='grc' dir='ltr'>Ἐμφιλόσοφος</span> <span class='ocrx_word' id='word_1_257' title='bbox 2737 1819 3094 1890; x_wconf 80' lang='grc' dir='ltr'>γὰρήγυνὴ,</span> <span class='ocrx_word' id='word_1_258' title='bbox 3148 1820 3256 1874; x_wconf 77' lang='grc' dir='ltr'>κᾶν</span> <span class='ocrx_word' id='word_1_259' title='bbox 3301 1821 3577 1894; x_wconf 81' lang='grc' dir='ltr'>ἀδρανὴςή</span> <span class='ocrx_word' id='word_1_260' title='bbox 3619 1821 3780 1891; x_wconf 75' lang='grc' dir='ltr'>γνώμη.</span> 
     </span>
    </p>
   </div>
   <div class='ocr_carea' id='block_1_35' title="bbox 593 1911 2182 1985">
    <p class='ocr_par' dir='ltr' id='par_1_35' title="bbox 593 1911 2182 1985">
     <span class='ocr_line' id='line_1_35' title="bbox 593 1911 2182 1985; baseline -0.005 -11"><span class='ocrx_word' id='word_1_261' title='bbox 593 1918 748 1974; x_wconf 85' lang='lat' dir='ltr'><strong>dabit</strong></span> <span class='ocrx_word' id='word_1_262' title='bbox 771 1917 874 1972; x_wconf 86' lang='lat' dir='ltr'><strong>tibi</strong></span> <span class='ocrx_word' id='word_1_263' title='bbox 903 1917 1070 1971; x_wconf 87' lang='lat' dir='ltr'><strong>Deus.</strong></span> <span class='ocrx_word' id='word_1_264' title='bbox 1101 1913 1184 1968; x_wconf 80' lang='lat' dir='ltr'><strong>Ad</strong></span> <span class='ocrx_word' id='word_1_265' title='bbox 1224 1913 1276 1968; x_wconf 91' lang='lat' dir='ltr'><strong>id</strong></span> <span class='ocrx_word' id='word_1_266' title='bbox 1323 1913 1472 1968; x_wconf 90' lang='lat' dir='ltr'><strong>enim</strong></span> <span class='ocrx_word' id='word_1_267' title='bbox 1510 1912 1852 1985; x_wconf 79' lang='lat' dir='ltr'><strong>respiciebat</strong></span> <span class='ocrx_word' id='word_1_268' title='bbox 1883 1911 2030 1982; x_wconf 89' lang='lat' dir='ltr'><strong>quod</strong></span> <span class='ocrx_word' id='word_1_269' title='bbox 2061 1919 2182 1967; x_wconf 88' lang='lat' dir='ltr'><strong>erat</strong></span> 
     </span>
    </p>
   </div>
   <div class='ocr_carea' id='block_1_36' title="bbox 593 2003 2185 2078">
    <p class='ocr_par' dir='ltr' id='par_1_36' title="bbox 593 2003 2185 2078">
     <span class='ocr_line' id='line_1_36' title="bbox 593 2003 2185 2078; baseline -0.001 -13"><span class='ocrx_word' id='word_1_270' title='bbox 593 2011 772 2066; x_wconf 85' lang='lat' dir='ltr'><strong>oeulis</strong></span> <span class='ocrx_word' id='word_1_271' title='bbox 803 2007 1133 2078; x_wconf 82' lang='lat' dir='ltr'><strong>subjectum.</strong></span> <span class='ocrx_word' id='word_1_272' title='bbox 1169 2004 1444 2060; x_wconf 66' lang='lat' dir='ltr'><strong>Caeterum</strong></span> <span class='ocrx_word' id='word_1_273' title='bbox 1488 2003 1596 2059; x_wconf 89' lang='lat' dir='ltr'><strong>hoc</strong></span> <span class='ocrx_word' id='word_1_274' title='bbox 1647 2003 1814 2060; x_wconf 89' lang='lat' dir='ltr'><strong>etiam</strong></span> <span class='ocrx_word' id='word_1_275' title='bbox 1877 2004 2004 2060; x_wconf 87' lang='lat' dir='ltr'><strong>loco</strong></span> <span class='ocrx_word' id='word_1_276' title='bbox 2056 2005 2185 2063; x_wconf 86' lang='lat' dir='ltr'><strong>vide</strong></span> 
     </span>
    </p>
   </div>
   <div class='ocr_carea' id='block_1_37' title="bbox 592 2095 2183 2168">
    <p class='ocr_par' dir='ltr' id='par_1_37' title="bbox 592 2095 2183 2168">
     <span class='ocr_line' id='line_1_37' title="bbox 592 2095 2183 2168; baseline -0.003 -11"><span class='ocrx_word' id='word_1_277' title='bbox 592 2101 850 2157; x_wconf 80' lang='lat' dir='ltr'><strong>veritatis</strong></span> <span class='ocrx_word' id='word_1_278' title='bbox 879 2113 990 2154; x_wconf 90' lang='lat' dir='ltr'><strong>non</strong></span> <span class='ocrx_word' id='word_1_279' title='bbox 1015 2097 1283 2152; x_wconf 83' lang='lat' dir='ltr'><strong>nesciam.</strong></span> <span class='ocrx_word' id='word_1_280' title='bbox 1304 2095 1434 2151; x_wconf 83' lang='lat' dir='ltr'><strong>Erat</strong></span> <span class='ocrx_word' id='word_1_281' title='bbox 1464 2095 1608 2151; x_wconf 90' lang='lat' dir='ltr'><strong>enim</strong></span> <span class='ocrx_word' id='word_1_282' title='bbox 1643 2096 1841 2152; x_wconf 88' lang='lat' dir='ltr'><strong>mulier</strong></span> <span class='ocrx_word' id='word_1_283' title='bbox 1865 2111 2183 2168; x_wconf 88' lang='lat' dir='ltr'><strong>quanquam</strong></span> 
     </span>
    </p>
   </div>
   <div class='ocr_carea' id='block_1_38' title="bbox 593 2184 2180 2261">
    <p class='ocr_par' dir='ltr' id='par_1_38' title="bbox 593 2184 2180 2261">
     <span class='ocr_line' id='line_1_38' title="bbox 593 2184 2180 2261; baseline -0.005 -9"><span class='ocrx_word' id='word_1_284' title='bbox 593 2193 878 2252; x_wconf 88' lang='lat' dir='ltr'><strong>imbecillo</strong></span> <span class='ocrx_word' id='word_1_285' title='bbox 907 2199 962 2246; x_wconf 89' lang='lat' dir='ltr'><strong>et</strong></span> <span class='ocrx_word' id='word_1_286' title='bbox 999 2189 1226 2256; x_wconf 79' lang='lat' dir='ltr'><strong>hebeti,</strong></span> <span class='ocrx_word' id='word_1_287' title='bbox 1281 2184 1674 2261; x_wconf 85' lang='lat' dir='ltr'><strong>philosophice</strong></span> <span class='ocrx_word' id='word_1_288' title='bbox 1721 2197 1907 2246; x_wconf 90' lang='lat' dir='ltr'><strong>tamen</strong></span> <span class='ocrx_word' id='word_1_289' title='bbox 1972 2189 2180 2246; x_wconf 91' lang='lat' dir='ltr'><strong>animo.</strong></span> 
     </span>
    </p>
   </div>
   <div class='ocr_carea' id='block_1_39' title="bbox 591 2281 2224 2356">
    <p class='ocr_par' dir='ltr' id='par_1_39' title="bbox 591 2281 2224 2356">
     <span class='ocr_line' id='line_1_39' title="bbox 591 2281 2224 2356; baseline -0.004 -12"><span class='ocrx_word' id='word_1_290' title='bbox 591 2287 730 2344; x_wconf 90' lang='lat' dir='ltr'><strong>Cum</strong></span> <span class='ocrx_word' id='word_1_291' title='bbox 768 2288 902 2356; x_wconf 77' lang='lat' dir='ltr'><strong>ergo</strong></span> <span class='ocrx_word' id='word_1_292' title='bbox 923 2285 1153 2340; x_wconf 82' lang='lat' dir='ltr'><strong>haberet</strong></span> <span class='ocrx_word' id='word_1_293' title='bbox 1186 2297 1513 2352; x_wconf 84' lang='lat' dir='ltr'><strong>persuasum</strong></span> <span class='ocrx_word' id='word_1_294' title='bbox 1537 2281 1676 2349; x_wconf 93' lang='lat' dir='ltr'><strong>fore,</strong></span> <span class='ocrx_word' id='word_1_295' title='bbox 1704 2291 1764 2338; x_wconf 92' lang='lat' dir='ltr'><strong>ut</strong></span> <span class='ocrx_word' id='word_1_296' title='bbox 1793 2281 2038 2338; x_wconf 86' lang='lat' dir='ltr'><strong>Lazarus</strong></span> <span class='ocrx_word' id='word_1_297' title='bbox 2068 2297 2178 2337; x_wconf 91' lang='lat' dir='ltr'><strong>non</strong></span> <span class='ocrx_word' id='word_1_298' title='bbox 2217 2302 2224 2308; x_wconf 95' lang='grc'><strong>·</strong></span> 
     </span>
    </p>
   </div>
   <div class='ocr_carea' id='block_1_40' title="bbox 592 2371 2182 2444">
    <p class='ocr_par' dir='ltr' id='par_1_40' title="bbox 592 2371 2182 2444">
     <span class='ocr_line' id='line_1_40' title="bbox 592 2371 2182 2444; baseline -0.001 -16"><span class='ocrx_word' id='word_1_299' title='bbox 592 2381 903 2430; x_wconf 81' lang='lat' dir='ltr'><strong>moreretur</strong></span> <span class='ocrx_word' id='word_1_300' title='bbox 929 2373 975 2429; x_wconf 91' lang='lat' dir='ltr'><strong>si</strong></span> <span class='ocrx_word' id='word_1_301' title='bbox 1007 2373 1126 2444; x_wconf 90' lang='lat' dir='ltr'><strong>ipse</strong></span> <span class='ocrx_word' id='word_1_302' title='bbox 1157 2371 1446 2441; x_wconf 79' lang='lat' dir='ltr'><strong>affuisset,</strong></span> <span class='ocrx_word' id='word_1_303' title='bbox 1475 2388 1656 2444; x_wconf 87' lang='lat' dir='ltr'><strong>neque</strong></span> <span class='ocrx_word' id='word_1_304' title='bbox 1679 2371 1746 2428; x_wconf 91' lang='lat' dir='ltr'><strong>de</strong></span> <span class='ocrx_word' id='word_1_305' title='bbox 1777 2371 1966 2428; x_wconf 88' lang='lat' dir='ltr'><strong>futuro</strong></span> <span class='ocrx_word' id='word_1_306' title='bbox 2011 2372 2182 2428; x_wconf 88' lang='lat' dir='ltr'><strong>dubia</strong></span> 
     </span>
    </p>
   </div>
   <div class='ocr_carea' id='block_1_41' title="bbox 592 2462 2185 2537">
    <p class='ocr_par' dir='ltr' id='par_1_41' title="bbox 592 2462 2185 2537">
     <span class='ocr_line' id='line_1_41' title="bbox 592 2462 2185 2537; baseline -0.002 -16"><span class='ocrx_word' id='word_1_307' title='bbox 592 2467 721 2524; x_wconf 91' lang='lat' dir='ltr'><strong>fuit.</strong></span> <span class='ocrx_word' id='word_1_308' title='bbox 756 2465 1056 2537; x_wconf 78' lang='lat' dir='ltr'><strong>Propterea</strong></span> <span class='ocrx_word' id='word_1_309' title='bbox 1108 2479 1334 2536; x_wconf 89' lang='lat' dir='ltr'><strong>quoque</strong></span> <span class='ocrx_word' id='word_1_310' title='bbox 1390 2465 1662 2529; x_wconf 89' lang='lat' dir='ltr'><strong>occurrit,</strong></span> <span class='ocrx_word' id='word_1_311' title='bbox 1705 2474 1760 2520; x_wconf 87' lang='lat' dir='ltr'><strong>et</strong></span> <span class='ocrx_word' id='word_1_312' title='bbox 1809 2463 2037 2518; x_wconf 85' lang='lat' dir='ltr'><strong>alteram</strong></span> <span class='ocrx_word' id='word_1_313' title='bbox 2083 2462 2185 2518; x_wconf 87' lang='lat' dir='ltr'><strong>ad-</strong></span> 
     </span>
    </p>
   </div>
   <div class='ocr_carea' id='block_1_42' title="bbox 587 2553 2182 2629">
    <p class='ocr_par' dir='ltr' id='par_1_42' title="bbox 587 2553 2182 2629">
     <span class='ocr_line' id='line_1_42' title="bbox 587 2553 2182 2629; baseline -0.002 -17"><span class='ocrx_word' id='word_1_314' title='bbox 587 2557 778 2629; x_wconf 73' lang='lat' dir='ltr'><strong>junsit</strong></span> <span class='ocrx_word' id='word_1_315' title='bbox 809 2571 1026 2623; x_wconf 88' lang='lat' dir='ltr'><strong>vocem,</strong></span> <span class='ocrx_word' id='word_1_316' title='bbox 1067 2556 1296 2612; x_wconf 89' lang='lat' dir='ltr'><strong>dicens:</strong></span> <span class='ocrx_word' id='word_1_317' title='bbox 1338 2574 1358 2608; x_wconf 84' lang='grc'><em>‹</em></span> <span class='ocrx_word' id='word_1_318' title='bbox 1401 2555 1462 2610; x_wconf 88' lang='lat' dir='ltr'><strong>Et</strong></span> <span class='ocrx_word' id='word_1_319' title='bbox 1510 2569 1660 2610; x_wconf 85' lang='lat' dir='ltr'><strong>nunc</strong></span> <span class='ocrx_word' id='word_1_320' title='bbox 1686 2553 1828 2619; x_wconf 89' lang='lat' dir='ltr'><strong>scio,</strong></span> <span class='ocrx_word' id='word_1_321' title='bbox 1856 2554 1989 2626; x_wconf 88' lang='lat' dir='ltr'><strong>quia</strong></span> <span class='ocrx_word' id='word_1_322' title='bbox 2023 2569 2182 2625; x_wconf 63' lang='grc' dir='ltr'>(μιξε-</span> 
     </span>
    </p>
   </div>
   <div class='ocr_carea' id='block_1_43' title="bbox 591 2645 2183 2719">
    <p class='ocr_par' dir='ltr' id='par_1_43' title="bbox 591 2645 2183 2719">
     <span class='ocr_line' id='line_1_43' title="bbox 591 2645 2183 2719; baseline -0.003 -15"><span class='ocrx_word' id='word_1_323' title='bbox 591 2662 823 2719; x_wconf 86' lang='lat' dir='ltr'><strong>eunque</strong></span> <span class='ocrx_word' id='word_1_324' title='bbox 874 2649 1199 2718; x_wconf 83' lang='lat' dir='ltr'><strong>poposceris</strong></span> <span class='ocrx_word' id='word_1_325' title='bbox 1251 2663 1284 2700; x_wconf 88' lang='lat' dir='ltr'><strong>a</strong></span> <span class='ocrx_word' id='word_1_326' title='bbox 1339 2646 1475 2712; x_wconf 85' lang='lat' dir='ltr'><strong>Deo,</strong></span> <span class='ocrx_word' id='word_1_327' title='bbox 1516 2645 1675 2701; x_wconf 86' lang='lat' dir='ltr'><strong>dabit</strong></span> <span class='ocrx_word' id='word_1_328' title='bbox 1728 2645 1829 2700; x_wconf 87' lang='lat' dir='ltr'><strong>tibi</strong></span> <span class='ocrx_word' id='word_1_329' title='bbox 1889 2645 2058 2701; x_wconf 88' lang='lat' dir='ltr'><strong>Deus.</strong></span> <span class='ocrx_word' id='word_1_330' title='bbox 2123 2645 2183 2700; x_wconf 89' lang='lat' dir='ltr'><strong>Si</strong></span> 
     </span>
    </p>
   </div>
   <div class='ocr_carea' id='block_1_44' title="bbox 595 2736 2174 2801">
    <p class='ocr_par' dir='ltr' id='par_1_44' title="bbox 595 2736 2174 2801">
     <span class='ocr_line' id='line_1_44' title="bbox 595 2736 2174 2801; baseline -0.002 -8"><span class='ocrx_word' id='word_1_331' title='bbox 595 2740 800 2795; x_wconf 83' lang='lat' dir='ltr'><strong>fuisses</strong></span> <span class='ocrx_word' id='word_1_332' title='bbox 834 2737 943 2801; x_wconf 85' lang='lat' dir='ltr'><strong>hic,</strong></span> <span class='ocrx_word' id='word_1_333' title='bbox 986 2752 1098 2793; x_wconf 84' lang='lat' dir='ltr'><strong>non</strong></span> <span class='ocrx_word' id='word_1_334' title='bbox 1148 2737 1350 2792; x_wconf 89' lang='lat' dir='ltr'><strong>fuisset</strong></span> <span class='ocrx_word' id='word_1_335' title='bbox 1401 2743 1655 2792; x_wconf 84' lang='lat' dir='ltr'><strong>mortuus</strong></span> <span class='ocrx_word' id='word_1_336' title='bbox 1706 2736 1878 2790; x_wconf 83' lang='lat' dir='ltr'><strong>frater</strong></span> <span class='ocrx_word' id='word_1_337' title='bbox 1930 2752 2111 2792; x_wconf 90' lang='lat' dir='ltr'><strong>meus.</strong></span> <span class='ocrx_word' id='word_1_338' title='bbox 2156 2755 2174 2790; x_wconf 77' lang='grc' dir='ltr'><strong>ι</strong></span> 
     </span>
    </p>
   </div>
   <div class='ocr_carea' id='block_1_45' title="bbox 593 2827 2181 2900">
    <p class='ocr_par' dir='ltr' id='par_1_45' title="bbox 593 2827 2181 2900">
     <span class='ocr_line' id='line_1_45' title="bbox 593 2827 2181 2900; baseline 0.001 -16"><span class='ocrx_word' id='word_1_339' title='bbox 593 2827 716 2885; x_wconf 85' lang='lat' dir='ltr'><strong>Non</strong></span> <span class='ocrx_word' id='word_1_340' title='bbox 746 2829 917 2893; x_wconf 84' lang='lat' dir='ltr'><strong>enim,</strong></span> <span class='ocrx_word' id='word_1_341' title='bbox 941 2828 1144 2898; x_wconf 84' lang='lat' dir='ltr'><strong>inquit,</strong></span> <span class='ocrx_word' id='word_1_342' title='bbox 1165 2841 1228 2883; x_wconf 90' lang='lat' dir='ltr'><strong>ea</strong></span> <span class='ocrx_word' id='word_1_343' title='bbox 1254 2836 1343 2884; x_wconf 89' lang='lat' dir='ltr'><strong>est</strong></span> <span class='ocrx_word' id='word_1_344' title='bbox 1369 2841 1537 2883; x_wconf 88' lang='lat' dir='ltr'><strong>causa</strong></span> <span class='ocrx_word' id='word_1_345' title='bbox 1565 2835 1624 2882; x_wconf 92' lang='lat' dir='ltr'><strong>ut</strong></span> <span class='ocrx_word' id='word_1_346' title='bbox 1650 2827 1722 2884; x_wconf 86' lang='lat' dir='ltr'><strong>sit</strong></span> <span class='ocrx_word' id='word_1_347' title='bbox 1746 2837 2022 2892; x_wconf 89' lang='lat' dir='ltr'><strong>mortuus,</strong></span> <span class='ocrx_word' id='word_1_348' title='bbox 2051 2830 2181 2900; x_wconf 88' lang='lat' dir='ltr'><strong>quia</strong></span> 
     </span>
    </p>
   </div>
   <div class='ocr_carea' id='block_1_46' title="bbox 2282 1907 3781 1984">
    <p class='ocr_par' dir='ltr' id='par_1_46' title="bbox 2282 1907 3781 1984">
     <span class='ocr_line' id='line_1_46' title="bbox 2282 1907 3781 1984; baseline 0.001 -21"><span class='ocrx_word' id='word_1_349' title='bbox 2282 1908 2640 1980; x_wconf 82' lang='grc' dir='ltr'>Πεπεισμένη</span> <span class='ocrx_word' id='word_1_350' title='bbox 2689 1907 2822 1978; x_wconf 80' lang='grc' dir='ltr'>γοῦν</span> <span class='ocrx_word' id='word_1_351' title='bbox 2862 1907 2940 1973; x_wconf 87' lang='grc' dir='ltr'><strong>ὡς</strong></span> <span class='ocrx_word' id='word_1_352' title='bbox 2985 1911 3034 1963; x_wconf 86' lang='grc' dir='ltr'><strong>εί</strong></span> <span class='ocrx_word' id='word_1_353' title='bbox 3095 1913 3279 1984; x_wconf 78' lang='grc' dir='ltr'>παρῆν</span> <span class='ocrx_word' id='word_1_354' title='bbox 3325 1913 3424 1966; x_wconf 74' lang='grc' dir='ltr'>οὐκ</span> <span class='ocrx_word' id='word_1_355' title='bbox 3467 1912 3527 1966; x_wconf 81' lang='grc' dir='ltr'>ἂν</span> <span class='ocrx_word' id='word_1_356' title='bbox 3565 1911 3781 1981; x_wconf 64' lang='grc' dir='ltr'>ἐτεθνήκει</span> 
     </span>
    </p>
   </div>
   <div class='ocr_carea' id='block_1_47' title="bbox 2280 1998 3782 2076">
    <p class='ocr_par' dir='ltr' id='par_1_47' title="bbox 2280 1998 3782 2076">
     <span class='ocr_line' id='line_1_47' title="bbox 2280 1998 3782 2076; baseline 0.001 -22"><span class='ocrx_word' id='word_1_357' title='bbox 2280 1998 2553 2072; x_wconf 80' lang='grc' dir='ltr'>Λάζαρος,</span> <span class='ocrx_word' id='word_1_358' title='bbox 2584 1999 2707 2056; x_wconf 81' lang='grc' dir='ltr'><strong>οὐδὲ</strong></span> <span class='ocrx_word' id='word_1_359' title='bbox 2735 2000 2872 2072; x_wconf 71' lang='grc' dir='ltr'>πρὸς</span> <span class='ocrx_word' id='word_1_360' title='bbox 2896 2003 2957 2056; x_wconf 82' lang='grc' dir='ltr'>τὸ</span> <span class='ocrx_word' id='word_1_361' title='bbox 2991 2003 3190 2073; x_wconf 78' lang='grc' dir='ltr'>μέλλον</span> <span class='ocrx_word' id='word_1_362' title='bbox 3216 2004 3542 2076; x_wconf 77' lang='grc' dir='ltr'>ἀμφέϐαλλε.</span> <span class='ocrx_word' id='word_1_363' title='bbox 3568 2005 3651 2058; x_wconf 72' lang='grc' dir='ltr'><strong>Διὰ</strong></span> <span class='ocrx_word' id='word_1_364' title='bbox 3673 2003 3782 2058; x_wconf 76' lang='grc' dir='ltr'>τοῦτο</span> 
     </span>
    </p>
   </div>
   <div class='ocr_carea' id='block_1_48' title="bbox 2282 2093 3778 2170">
    <p class='ocr_par' dir='ltr' id='par_1_48' title="bbox 2282 2093 3778 2170">
     <span class='ocr_line' id='line_1_48' title="bbox 2282 2093 3778 2170; baseline 0.006 -25"><span class='ocrx_word' id='word_1_365' title='bbox 2282 2093 2375 2146; x_wconf 81' lang='grc' dir='ltr'>καὶ</span> <span class='ocrx_word' id='word_1_366' title='bbox 2410 2095 2758 2166; x_wconf 84' lang='grc' dir='ltr'>προῦπήντα,</span> <span class='ocrx_word' id='word_1_367' title='bbox 2807 2095 2900 2149; x_wconf 76' lang='grc' dir='ltr'>καὶ</span> <span class='ocrx_word' id='word_1_368' title='bbox 2949 2095 3048 2167; x_wconf 77' lang='grc' dir='ltr'>τὴν</span> <span class='ocrx_word' id='word_1_369' title='bbox 3077 2096 3342 2170; x_wconf 81' lang='grc' dir='ltr'><strong>δευτέραν</strong></span> <span class='ocrx_word' id='word_1_370' title='bbox 3377 2099 3602 2168; x_wconf 72' lang='grc' dir='ltr'>ἐπήγαγε</span> <span class='ocrx_word' id='word_1_371' title='bbox 3627 2096 3778 2165; x_wconf 63' lang='grc' dir='ltr'>φωνήν.</span> 
     </span>
    </p>
   </div>
   <div class='ocr_carea' id='block_1_49' title="bbox 2283 2181 3779 2261">
    <p class='ocr_par' dir='ltr' id='par_1_49' title="bbox 2283 2181 3779 2261">
     <span class='ocr_line' id='line_1_49' title="bbox 2283 2181 3779 2261; baseline 0 -23"><span class='ocrx_word' id='word_1_372' title='bbox 2283 2183 2513 2238; x_wconf 74' lang='grc' dir='ltr'>εἰποῦσα</span> <span class='ocrx_word' id='word_1_373' title='bbox 2529 2201 2542 2216; x_wconf 89' lang='grc'><strong>·</strong></span> <span class='ocrx_word' id='word_1_374' title='bbox 2570 2203 2590 2236; x_wconf 83' lang='grc'><em>‹</em></span> <span class='ocrx_word' id='word_1_375' title='bbox 2607 2186 2716 2240; x_wconf 78' lang='grc' dir='ltr'><strong>Καὶ</strong></span> <span class='ocrx_word' id='word_1_376' title='bbox 2735 2185 2832 2240; x_wconf 83' lang='grc' dir='ltr'><strong>νῦν</strong></span> <span class='ocrx_word' id='word_1_377' title='bbox 2853 2181 2993 2253; x_wconf 76' lang='grc' dir='ltr'>οῖδα,</span> <span class='ocrx_word' id='word_1_378' title='bbox 3017 2188 3104 2242; x_wconf 79' lang='grc' dir='ltr'>ὅτι</span> <span class='ocrx_word' id='word_1_379' title='bbox 3131 2189 3236 2244; x_wconf 81' lang='grc' dir='ltr'>ὅσα</span> <span class='ocrx_word' id='word_1_380' title='bbox 3263 2189 3330 2244; x_wconf 80' lang='grc' dir='ltr'>ἂν</span> <span class='ocrx_word' id='word_1_381' title='bbox 3354 2191 3543 2261; x_wconf 77' lang='grc' dir='ltr'>αἰτήσῃ</span> <span class='ocrx_word' id='word_1_382' title='bbox 3569 2188 3646 2241; x_wconf 79' lang='grc' dir='ltr'>τὸν</span> <span class='ocrx_word' id='word_1_383' title='bbox 3665 2186 3779 2247; x_wconf 78' lang='grc' dir='ltr'>θεὸν,</span> 
     </span>
    </p>
   </div>
   <div class='ocr_carea' id='block_1_50' title="bbox 2280 2274 3782 2360">
    <p class='ocr_par' dir='ltr' id='par_1_50' title="bbox 2280 2274 3782 2360">
     <span class='ocr_line' id='line_1_50' title="bbox 2280 2274 3782 2360; baseline 0 -30"><span class='ocrx_word' id='word_1_384' title='bbox 2280 2276 2445 2331; x_wconf 81' lang='grc' dir='ltr'>δώσει</span> <span class='ocrx_word' id='word_1_385' title='bbox 2469 2293 2554 2330; x_wconf 92' lang='grc' dir='ltr'><strong>σοι</strong></span> <span class='ocrx_word' id='word_1_386' title='bbox 2585 2279 2614 2330; x_wconf 90' lang='lat'><strong>6</strong></span> <span class='ocrx_word' id='word_1_387' title='bbox 2643 2277 2800 2343; x_wconf 83' lang='grc' dir='ltr'>Θεός.</span> <span class='ocrx_word' id='word_1_388' title='bbox 2831 2279 2894 2334; x_wconf 83' lang='grc' dir='ltr'>Ει</span> <span class='ocrx_word' id='word_1_389' title='bbox 2933 2275 3004 2352; x_wconf 79' lang='grc' dir='ltr'>ἧς</span> <span class='ocrx_word' id='word_1_390' title='bbox 3044 2274 3176 2348; x_wconf 83' lang='grc' dir='ltr'>ὧδε,</span> <span class='ocrx_word' id='word_1_391' title='bbox 3209 2283 3313 2336; x_wconf 83' lang='grc' dir='ltr'>οὐκ</span> <span class='ocrx_word' id='word_1_392' title='bbox 3336 2282 3400 2360; x_wconf 64' lang='grc' dir='ltr'>διν</span> <span class='ocrx_word' id='word_1_393' title='bbox 3423 2281 3636 2336; x_wconf 81' lang='grc' dir='ltr'>ἀπέθανέ</span> <span class='ocrx_word' id='word_1_394' title='bbox 3665 2280 3782 2350; x_wconf 63' lang='lat' dir='ltr'><strong>post</strong></span> 
     </span>
    </p>
   </div>
   <div class='ocr_carea' id='block_1_51' title="bbox 2281 2368 3782 2446">
    <p class='ocr_par' dir='ltr' id='par_1_51' title="bbox 2281 2368 3782 2446">
     <span class='ocr_line' id='line_1_51' title="bbox 2281 2368 3782 2446; baseline -0.003 -22"><span class='ocrx_word' id='word_1_395' title='bbox 2281 2368 2530 2439; x_wconf 79' lang='grc' dir='ltr'>ἀδελφός.</span> <span class='ocrx_word' id='word_1_396' title='bbox 2571 2389 2591 2422; x_wconf 74' lang='grc' dir='ltr'><strong>ι</strong></span> <span class='ocrx_word' id='word_1_397' title='bbox 2631 2369 2706 2424; x_wconf 81' lang='grc' dir='ltr'><strong>Ού</strong></span> <span class='ocrx_word' id='word_1_398' title='bbox 2751 2370 2862 2442; x_wconf 82' lang='grc' dir='ltr'><strong>γὰρ</strong></span> <span class='ocrx_word' id='word_1_399' title='bbox 2901 2373 3027 2426; x_wconf 72' lang='grc' dir='ltr'>ἐπεὶ</span> <span class='ocrx_word' id='word_1_400' title='bbox 3054 2373 3134 2445; x_wconf 80' lang='grc' dir='ltr'>τῷ</span> <span class='ocrx_word' id='word_1_401' title='bbox 3165 2373 3382 2446; x_wconf 84' lang='grc' dir='ltr'>θανάτῳ</span> <span class='ocrx_word' id='word_1_402' title='bbox 3423 2374 3696 2427; x_wconf 76' lang='grc' dir='ltr'>ὑπόκεινται</span> <span class='ocrx_word' id='word_1_403' title='bbox 3718 2371 3782 2424; x_wconf 72' lang='grc' dir='ltr'><strong>ἄν·</strong></span> 
     </span>
    </p>
   </div>
   <div class='ocr_carea' id='block_1_52' title="bbox 2282 2457 3781 2538">
    <p class='ocr_par' dir='ltr' id='par_1_52' title="bbox 2282 2457 3781 2538">
     <span class='ocr_line' id='line_1_52' title="bbox 2282 2457 3781 2538; baseline 0.003 -26"><span class='ocrx_word' id='word_1_404' title='bbox 2282 2458 2518 2531; x_wconf 88' lang='grc' dir='ltr'>θρωποι,</span> <span class='ocrx_word' id='word_1_405' title='bbox 2553 2459 2643 2515; x_wconf 80' lang='grc' dir='ltr'><strong>διὰ</strong></span> <span class='ocrx_word' id='word_1_406' title='bbox 2676 2459 2838 2514; x_wconf 85' lang='grc' dir='ltr'>τοῦτο</span> <span class='ocrx_word' id='word_1_407' title='bbox 2883 2463 3146 2535; x_wconf 84' lang='grc' dir='ltr'>τέθνηκε,</span> <span class='ocrx_word' id='word_1_408' title='bbox 3176 2465 3342 2538; x_wconf 83' lang='grc' dir='ltr'>φησίν</span> <span class='ocrx_word' id='word_1_409' title='bbox 3365 2481 3379 2495; x_wconf 73' lang='grc'><strong><em>⁸</em></strong></span> <span class='ocrx_word' id='word_1_410' title='bbox 3413 2463 3521 2518; x_wconf 76' lang='grc' dir='ltr'><strong>ἀλλ’</strong></span> <span class='ocrx_word' id='word_1_411' title='bbox 3558 2465 3629 2518; x_wconf 78' lang='grc' dir='ltr'>ὅτι</span> <span class='ocrx_word' id='word_1_412' title='bbox 3668 2457 3781 2517; x_wconf 56' lang='lat' dir='ltr'><strong>add;</strong></span> 
     </span>
    </p>
   </div>
   <div class='ocr_carea' id='block_1_53' title="bbox 2281 2547 3782 2628">
    <p class='ocr_par' dir='ltr' id='par_1_53' title="bbox 2281 2547 3782 2628">
     <span class='ocr_line' id='line_1_53' title="bbox 2281 2547 3782 2628; baseline 0.003 -22"><span class='ocrx_word' id='word_1_413' title='bbox 2281 2553 2381 2606; x_wconf 84' lang='grc' dir='ltr'>οὐκ</span> <span class='ocrx_word' id='word_1_414' title='bbox 2409 2549 2556 2625; x_wconf 74' lang='grc' dir='ltr'>ἦσθα</span> <span class='ocrx_word' id='word_1_415' title='bbox 2590 2553 2804 2626; x_wconf 78' lang='grc' dir='ltr'>παρὼν,</span> <span class='ocrx_word' id='word_1_416' title='bbox 2846 2556 2874 2606; x_wconf 88' lang='lat'><strong>6</strong></span> <span class='ocrx_word' id='word_1_417' title='bbox 2905 2556 3002 2610; x_wconf 79' lang='grc' dir='ltr'><strong>τοῦ</strong></span> <span class='ocrx_word' id='word_1_418' title='bbox 3049 2556 3290 2613; x_wconf 79' lang='grc' dir='ltr'><strong>Θανάτου</strong></span> <span class='ocrx_word' id='word_1_419' title='bbox 3343 2556 3577 2628; x_wconf 83' lang='grc' dir='ltr'>νικητής.</span> <span class='ocrx_word' id='word_1_420' title='bbox 3616 2547 3782 2621; x_wconf 63' lang='grc' dir='ltr'>’ίσχυρά</span> 
     </span>
    </p>
   </div>
   <div class='ocr_carea' id='block_1_54' title="bbox 2289 2640 3781 2720">
    <p class='ocr_par' dir='ltr' id='par_1_54' title="bbox 2289 2640 3781 2720">
     <span class='ocr_line' id='line_1_54' title="bbox 2289 2640 3781 2720; baseline 0.003 -23"><span class='ocrx_word' id='word_1_421' title='bbox 2289 2643 2389 2716; x_wconf 78' lang='grc' dir='ltr'><strong>μὲν</strong></span> <span class='ocrx_word' id='word_1_422' title='bbox 2416 2646 2449 2716; x_wconf 91' lang='grc' dir='ltr'><strong>ή</strong></span> <span class='ocrx_word' id='word_1_423' title='bbox 2480 2645 2686 2711; x_wconf 79' lang='grc' dir='ltr'><strong>πίστις,</strong></span> <span class='ocrx_word' id='word_1_424' title='bbox 2712 2646 2817 2701; x_wconf 72' lang='grc' dir='ltr'><strong>κᾶν</strong></span> <span class='ocrx_word' id='word_1_425' title='bbox 2841 2647 3080 2720; x_wconf 74' lang='grc' dir='ltr'>ἀσθενὴς</span> <span class='ocrx_word' id='word_1_426' title='bbox 3095 2640 3144 2702; x_wconf 68' lang='grc' dir='ltr'><strong>’ὁ</strong></span> <span class='ocrx_word' id='word_1_427' title='bbox 3171 2650 3350 2719; x_wconf 82' lang='grc' dir='ltr'>λόγος.</span> <span class='ocrx_word' id='word_1_428' title='bbox 3390 2649 3584 2720; x_wconf 81' lang='grc' dir='ltr'><strong>Ἠρέμα</strong></span> <span class='ocrx_word' id='word_1_429' title='bbox 3615 2643 3663 2698; x_wconf 81' lang='grc' dir='ltr'><em>δέ</em></span> <span class='ocrx_word' id='word_1_430' title='bbox 3699 2655 3781 2701; x_wconf 77' lang='grc' dir='ltr'><strong>πως</strong></span> 
     </span>
    </p>
   </div>
   <div class='ocr_carea' id='block_1_55' title="bbox 2285 2733 3777 2814">
    <p class='ocr_par' dir='ltr' id='par_1_55' title="bbox 2285 2733 3777 2814">
     <span class='ocr_line' id='line_1_55' title="bbox 2285 2733 3777 2814; baseline -0.007 -16"><span class='ocrx_word' id='word_1_431' title='bbox 2285 2737 2382 2791; x_wconf 79' lang='grc' dir='ltr'>καὶ</span> <span class='ocrx_word' id='word_1_432' title='bbox 2423 2737 2808 2809; x_wconf 80' lang='grc' dir='ltr'>ὑπεμέμφετο,</span> <span class='ocrx_word' id='word_1_433' title='bbox 2851 2741 2932 2794; x_wconf 81' lang='grc' dir='ltr'>ὅτι</span> <span class='ocrx_word' id='word_1_434' title='bbox 2964 2743 3040 2813; x_wconf 85' lang='grc' dir='ltr'><strong>μὴ</strong></span> <span class='ocrx_word' id='word_1_435' title='bbox 3086 2744 3296 2814; x_wconf 77' lang='grc' dir='ltr'>παρῆν,</span> <span class='ocrx_word' id='word_1_436' title='bbox 3321 2743 3405 2797; x_wconf 83' lang='grc' dir='ltr'>ὅτε</span> <span class='ocrx_word' id='word_1_437' title='bbox 3447 2738 3580 2811; x_wconf 85' lang='grc' dir='ltr'><strong>αύτῷ</strong></span> <span class='ocrx_word' id='word_1_438' title='bbox 3602 2733 3777 2805; x_wconf 78' lang='grc' dir='ltr'>κατεμή-</span> 
     </span>
    </p>
   </div>
   <div class='ocr_carea' id='block_1_56' title="bbox 2282 2831 3588 2903">
    <p class='ocr_par' dir='ltr' id='par_1_56' title="bbox 2282 2831 3588 2903">
     <span class='ocr_line' id='line_1_56' title="bbox 2282 2831 3588 2903; baseline 0.001 -21"><span class='ocrx_word' id='word_1_439' title='bbox 2282 2846 2452 2883; x_wconf 90' lang='grc' dir='ltr'>νυσαν</span> <span class='ocrx_word' id='word_1_440' title='bbox 2482 2831 2775 2899; x_wconf 65' lang='grc' dir='ltr'>λέγουσαν</span> <span class='ocrx_word' id='word_1_441' title='bbox 2809 2851 2828 2884; x_wconf 84' lang='grc'><strong><em>‹</em></strong></span> <span class='ocrx_word' id='word_1_442' title='bbox 2854 2833 2958 2888; x_wconf 85' lang='grc' dir='ltr'><strong>Ἴδε</strong></span> <span class='ocrx_word' id='word_1_443' title='bbox 3013 2834 3072 2888; x_wconf 83' lang='grc' dir='ltr'>ὃν</span> <span class='ocrx_word' id='word_1_444' title='bbox 3104 2835 3286 2903; x_wconf 73' lang='grc' dir='ltr'>φιλεῖς</span> <span class='ocrx_word' id='word_1_445' title='bbox 3322 2834 3542 2890; x_wconf 77' lang='grc' dir='ltr'>ἀσθενεῖ.</span> <span class='ocrx_word' id='word_1_446' title='bbox 3572 2850 3588 2883; x_wconf 77' lang='grc' dir='ltr'><strong>ι</strong></span> 
     </span>
    </p>
   </div>
   <div class='ocr_carea' id='block_1_57' title="bbox 595 2907 3782 2996">
    <p class='ocr_par' dir='ltr' id='par_1_57' title="bbox 595 2907 3782 2996">
     <span class='ocr_line' id='line_1_57' title="bbox 595 2907 3782 2996; baseline -0.002 -19"><span class='ocrx_word' id='word_1_447' title='bbox 595 2919 856 2977; x_wconf 83' lang='lat' dir='ltr'><strong>homines</strong></span> <span class='ocrx_word' id='word_1_448' title='bbox 897 2919 1066 2974; x_wconf 83' lang='lat' dir='ltr'><strong>morti</strong></span> <span class='ocrx_word' id='word_1_449' title='bbox 1121 2907 1473 2988; x_wconf 72' lang='lat' dir='ltr'><strong>s&#39;ubjaccant,</strong></span> <span class='ocrx_word' id='word_1_450' title='bbox 1520 2918 1614 2974; x_wconf 89' lang='lat' dir='ltr'><strong>sed</strong></span> <span class='ocrx_word' id='word_1_451' title='bbox 1667 2919 1797 2988; x_wconf 86' lang='lat' dir='ltr'><strong>quia</strong></span> <span class='ocrx_word' id='word_1_452' title='bbox 1847 2919 2029 2974; x_wconf 90' lang='lat' dir='ltr'><strong>victor</strong></span> <span class='ocrx_word' id='word_1_453' title='bbox 2061 2919 2181 2990; x_wconf 90' lang='lat' dir='ltr'><strong>ipse</strong></span> <span class='ocrx_word' id='word_1_454' title='bbox 2214 2923 2414 2994; x_wconf 75' lang='lat' dir='ltr'><strong>mortis</strong></span> <span class='ocrx_word' id='word_1_455' title='bbox 2445 2935 2558 2974; x_wconf 87' lang='lat' dir='ltr'><strong>non</strong></span> <span class='ocrx_word' id='word_1_456' title='bbox 2591 2920 2830 2977; x_wconf 80' lang='lat' dir='ltr'><strong>atl&#39;uisti.</strong></span> <span class='ocrx_word' id='word_1_457' title='bbox 2885 2925 3137 2979; x_wconf 81' lang='lat' dir='ltr'><strong>ltobusta</strong></span> <span class='ocrx_word' id='word_1_458' title='bbox 3190 2925 3413 2996; x_wconf 87' lang='lat' dir='ltr'><strong>quidem</strong></span> <span class='ocrx_word' id='word_1_459' title='bbox 3437 2924 3580 2990; x_wconf 85' lang='lat' dir='ltr'><strong>ﬁdes,</strong></span> <span class='ocrx_word' id='word_1_460' title='bbox 3618 2917 3782 2976; x_wconf 79' lang='lat' dir='ltr'><strong>tametsi</strong></span> 
     </span>
    </p>
   </div>
   <div class='ocr_carea' id='block_1_58' title="bbox 595 3010 3785 3090">
    <p class='ocr_par' dir='ltr' id='par_1_58' title="bbox 595 3010 3785 3090">
     <span class='ocr_line' id='line_1_58' title="bbox 595 3010 3785 3090; baseline -0.001 -20"><span class='ocrx_word' id='word_1_461' title='bbox 595 3014 739 3071; x_wconf 86' lang='lat' dir='ltr'><strong>ratio</strong></span> <span class='ocrx_word' id='word_1_462' title='bbox 770 3013 993 3070; x_wconf 81' lang='lat' dir='ltr'><strong>debilis.</strong></span> <span class='ocrx_word' id='word_1_463' title='bbox 1028 3011 1174 3079; x_wconf 85' lang='lat' dir='ltr'><strong>Quin</strong></span> <span class='ocrx_word' id='word_1_464' title='bbox 1231 3019 1288 3069; x_wconf 91' lang='lat' dir='ltr'><strong>et</strong></span> <span class='ocrx_word' id='word_1_465' title='bbox 1310 3011 1817 3069; x_wconf 63' lang='lat' dir='ltr'><strong>sensim&#39;accusare</strong></span> <span class='ocrx_word' id='word_1_466' title='bbox 1877 3011 2129 3080; x_wconf 87' lang='lat' dir='ltr'><strong>videtur,</strong></span> <span class='ocrx_word' id='word_1_467' title='bbox 2172 3013 2320 3084; x_wconf 87' lang='lat' dir='ltr'><strong>quod</strong></span> <span class='ocrx_word' id='word_1_468' title='bbox 2355 3013 2746 3073; x_wconf 88' lang='lat' dir='ltr'><strong>nuntiantibus</strong></span> <span class='ocrx_word' id='word_1_469' title='bbox 2812 3016 2972 3086; x_wconf 86' lang='lat' dir='ltr'><strong>ipsis,</strong></span> <span class='ocrx_word' id='word_1_470' title='bbox 3033 3036 3052 3070; x_wconf 71' lang='grc' dir='ltr'><strong>ι</strong></span> <span class='ocrx_word' id='word_1_471' title='bbox 3092 3016 3238 3074; x_wconf 85' lang='lat' dir='ltr'><strong>Ecce</strong></span> <span class='ocrx_word' id='word_1_472' title='bbox 3270 3034 3428 3090; x_wconf 87' lang='lat' dir='ltr'><strong>quem</strong></span> <span class='ocrx_word' id='word_1_473' title='bbox 3457 3030 3618 3071; x_wconf 67' lang='lat' dir='ltr'><strong>amas</strong></span> <span class='ocrx_word' id='word_1_474' title='bbox 3673 3010 3785 3066; x_wconf 53' lang='lat' dir='ltr'><strong>iulir.</strong></span> 
     </span>
    </p>
   </div>
   <div class='ocr_carea' id='block_1_59' title="bbox 595 3105 1550 3172">
    <p class='ocr_par' dir='ltr' id='par_1_59' title="bbox 595 3105 1550 3172">
     <span class='ocr_line' id='line_1_59' title="bbox 595 3105 1550 3172; baseline -0.002 -10"><span class='ocrx_word' id='word_1_475' title='bbox 595 3114 798 3172; x_wconf 86' lang='lat' dir='ltr'><strong>matur,</strong></span> <span class='ocrx_word' id='word_1_476' title='bbox 839 3120 866 3160; x_wconf 67' lang='grc' dir='ltr'><strong>τ</strong></span> <span class='ocrx_word' id='word_1_477' title='bbox 897 3120 1008 3160; x_wconf 90' lang='lat' dir='ltr'><strong>non</strong></span> <span class='ocrx_word' id='word_1_478' title='bbox 1037 3105 1222 3160; x_wconf 85' lang='lat' dir='ltr'><strong>statim</strong></span> <span class='ocrx_word' id='word_1_479' title='bbox 1249 3105 1550 3160; x_wconf 79' lang='lat' dir='ltr'><strong>advenerit.</strong></span> 
     </span>
    </p>
   </div>
   <div class='ocr_carea' id='block_1_60' title="bbox 672 3191 2183 3274">
    <p class='ocr_par' dir='ltr' id='par_1_60' title="bbox 672 3191 2182 3274">
     <span class='ocr_line' id='line_1_60' title="bbox 672 3191 2182 3274; baseline 0.001 -22"><span class='ocrx_word' id='word_1_480' title='bbox 672 3218 692 3252; x_wconf 73' lang='grc' dir='ltr'>ι</span> <span class='ocrx_word' id='word_1_481' title='bbox 726 3198 872 3254; x_wconf 85' lang='lat' dir='ltr'><strong>Dicit</strong></span> <span class='ocrx_word' id='word_1_482' title='bbox 902 3199 952 3252; x_wconf 91' lang='lat' dir='ltr'><strong>ei</strong></span> <span class='ocrx_word' id='word_1_483' title='bbox 988 3197 1154 3254; x_wconf 84' lang='lat' dir='ltr'><strong>Jesus</strong></span> <span class='ocrx_word' id='word_1_484' title='bbox 1187 3216 1201 3253; x_wconf 92' lang='lat'><strong>:</strong></span> <span class='ocrx_word' id='word_1_485' title='bbox 1238 3191 1514 3274; x_wconf 61' lang='lat' dir='ltr'><strong>fiesnrget</strong></span> <span class='ocrx_word' id='word_1_486' title='bbox 1582 3197 1760 3254; x_wconf 87' lang='lat' dir='ltr'><strong>frater</strong></span> <span class='ocrx_word' id='word_1_487' title='bbox 1813 3207 1964 3254; x_wconf 82' lang='lat' dir='ltr'><strong>tuus.</strong></span> <span class='ocrx_word' id='word_1_488' title='bbox 2014 3217 2031 3252; x_wconf 76' lang='grc' dir='ltr'><strong>ι</strong></span> <span class='ocrx_word' id='word_1_489' title='bbox 2085 3197 2182 3254; x_wconf 82' lang='lat' dir='ltr'><strong>Ju-</strong></span> 
     </span>
    </p>
   </div>
   <div class='ocr_carea' id='block_1_61' title="bbox 2271 3191 3784 3274">
    <p class='ocr_par' dir='ltr' id='par_1_61' title="bbox 2365 3191 3784 3274">
     <span class='ocr_line' id='line_1_61' title="bbox 2365 3191 3784 3274; baseline 0.001 -23"><span class='ocrx_word' id='word_1_490' title='bbox 2365 3219 2384 3251; x_wconf 78' lang='lat'><strong>¢</strong></span> <span class='ocrx_word' id='word_1_491' title='bbox 2413 3199 2581 3269; x_wconf 81' lang='grc' dir='ltr'><strong>Λέγει</strong></span> <span class='ocrx_word' id='word_1_492' title='bbox 2611 3203 2748 3274; x_wconf 80' lang='grc' dir='ltr'>αὐτῇ</span> <span class='ocrx_word' id='word_1_493' title='bbox 2797 3204 2828 3256; x_wconf 97' lang='lat'><strong>6</strong></span> <span class='ocrx_word' id='word_1_494' title='bbox 2869 3202 3076 3274; x_wconf 79' lang='grc' dir='ltr'>Ἰησοῦς</span> <span class='ocrx_word' id='word_1_495' title='bbox 3100 3221 3113 3236; x_wconf 76' lang='grc' dir='ltr'><strong>ο</strong></span> <span class='ocrx_word' id='word_1_496' title='bbox 3149 3205 3527 3274; x_wconf 74' lang='grc' dir='ltr'>Ἀναστήσεται</span> <span class='ocrx_word' id='word_1_497' title='bbox 3562 3201 3587 3254; x_wconf 90' lang='lat'><strong>6</strong></span> <span class='ocrx_word' id='word_1_498' title='bbox 3614 3191 3784 3262; x_wconf 66' lang='grc' dir='ltr'>ἁδελφός</span> 
     </span>
    </p>
   </div>
   <div class='ocr_carea' id='block_1_62' title="bbox 596 3267 2188 3363">
    <p class='ocr_par' dir='ltr' id='par_1_62' title="bbox 596 3267 2188 3363">
     <span class='ocr_line' id='line_1_62' title="bbox 596 3267 2188 3363; baseline -0.002 -14"><span class='ocrx_word' id='word_1_499' title='bbox 596 3292 813 3349; x_wconf 88' lang='lat' dir='ltr'><strong>cundus</strong></span> <span class='ocrx_word' id='word_1_500' title='bbox 840 3305 1047 3356; x_wconf 81' lang='lat' dir='ltr'><strong>sermo,</strong></span> <span class='ocrx_word' id='word_1_501' title='bbox 1085 3297 1138 3346; x_wconf 88' lang='lat' dir='ltr'><strong>et</strong></span> <span class='ocrx_word' id='word_1_502' title='bbox 1166 3267 1371 3362; x_wconf 78' lang='lat' dir='ltr'><strong>duplex</strong></span> <span class='ocrx_word' id='word_1_503' title='bbox 1401 3267 1470 3346; x_wconf 83' lang='lat' dir='ltr'><strong>ad</strong></span> <span class='ocrx_word' id='word_1_504' title='bbox 1504 3307 1694 3346; x_wconf 89' lang='lat' dir='ltr'><strong>curam</strong></span> <span class='ocrx_word' id='word_1_505' title='bbox 1730 3310 1744 3346; x_wconf 90' lang='lat'>:</span> <span class='ocrx_word' id='word_1_506' title='bbox 1779 3292 1872 3363; x_wconf 87' lang='lat' dir='ltr'><strong>qui</strong></span> <span class='ocrx_word' id='word_1_507' title='bbox 1908 3307 2018 3349; x_wconf 93' lang='lat' dir='ltr'><strong>non</strong></span> <span class='ocrx_word' id='word_1_508' title='bbox 2064 3300 2188 3346; x_wconf 85' lang='lat' dir='ltr'><strong>tan-</strong></span> 
     </span>
    </p>
   </div>
   <div class='ocr_carea' id='block_1_63' title="bbox 598 3382 2186 3454">
    <p class='ocr_par' dir='ltr' id='par_1_63' title="bbox 598 3382 2186 3454">
     <span class='ocr_line' id='line_1_63' title="bbox 598 3382 2186 3454; baseline -0.002 -15"><span class='ocrx_word' id='word_1_509' title='bbox 598 3394 716 3439; x_wconf 91' lang='lat' dir='ltr'><strong>tum</strong></span> <span class='ocrx_word' id='word_1_510' title='bbox 744 3397 989 3438; x_wconf 86' lang='lat' dir='ltr'><strong>errorem</strong></span> <span class='ocrx_word' id='word_1_511' title='bbox 1014 3382 1280 3454; x_wconf 77' lang='lat' dir='ltr'><strong>corrigat,</strong></span> <span class='ocrx_word' id='word_1_512' title='bbox 1314 3398 1510 3439; x_wconf 82' lang='lat' dir='ltr'><strong>verum</strong></span> <span class='ocrx_word' id='word_1_513' title='bbox 1552 3385 1722 3439; x_wconf 88' lang='lat' dir='ltr'><strong>etiam</strong></span> <span class='ocrx_word' id='word_1_514' title='bbox 1775 3384 2048 3440; x_wconf 87' lang='lat' dir='ltr'><strong>acriorem</strong></span> <span class='ocrx_word' id='word_1_515' title='bbox 2085 3387 2186 3438; x_wconf 87' lang='lat' dir='ltr'><strong>trl-</strong></span> 
     </span>
    </p>
   </div>
   <div class='ocr_carea' id='block_1_64' title="bbox 577 3460 2180 3544">
    <p class='ocr_par' dir='ltr' id='par_1_64' title="bbox 577 3460 2180 3544">
     <span class='ocr_line' id='line_1_64' title="bbox 577 3460 2180 3544; baseline -0.004 -13"><span class='ocrx_word' id='word_1_516' title='bbox 577 3460 825 3531; x_wconf 29' lang='lat' dir='ltr'><strong>stltiam&#39;</strong></span> <span class='ocrx_word' id='word_1_517' title='bbox 849 3471 1010 3530; x_wconf 87' lang='lat' dir='ltr'><strong>sedet</strong></span> <span class='ocrx_word' id='word_1_518' title='bbox 1039 3481 1096 3529; x_wconf 88' lang='lat' dir='ltr'><strong>et</strong></span> <span class='ocrx_word' id='word_1_519' title='bbox 1135 3473 1326 3529; x_wconf 86' lang='lat' dir='ltr'><strong>leniat.</strong></span> <span class='ocrx_word' id='word_1_520' title='bbox 1397 3491 1418 3525; x_wconf 70' lang='grc' dir='ltr'><strong>ι</strong></span> <span class='ocrx_word' id='word_1_521' title='bbox 1457 3471 1731 3544; x_wconf 81' lang='lat' dir='ltr'><strong>Resurget</strong></span> <span class='ocrx_word' id='word_1_522' title='bbox 1761 3471 1937 3528; x_wconf 85' lang='lat' dir='ltr'><strong>frater</strong></span> <span class='ocrx_word' id='word_1_523' title='bbox 1971 3483 2119 3528; x_wconf 85' lang='lat' dir='ltr'><strong>tuus.</strong></span> <span class='ocrx_word' id='word_1_524' title='bbox 2161 3491 2180 3524; x_wconf 71' lang='grc' dir='ltr'><strong>ι</strong></span> 
     </span>
    </p>
   </div>
   <div class='ocr_carea' id='block_1_65' title="bbox 595 3562 2187 3637">
    <p class='ocr_par' dir='ltr' id='par_1_65' title="bbox 595 3562 2187 3637">
     <span class='ocr_line' id='line_1_65' title="bbox 595 3562 2187 3637; baseline -0.002 -16"><span class='ocrx_word' id='word_1_525' title='bbox 595 3565 678 3622; x_wconf 80' lang='lat' dir='ltr'><strong>Ad</strong></span> <span class='ocrx_word' id='word_1_526' title='bbox 730 3564 1014 3637; x_wconf 68' lang='lat' dir='ltr'><strong>iactantiae</strong></span> <span class='ocrx_word' id='word_1_527' title='bbox 1061 3563 1380 3635; x_wconf 72' lang='lat' dir='ltr'><strong>fugiendam</strong></span> <span class='ocrx_word' id='word_1_528' title='bbox 1425 3563 1666 3634; x_wconf 82' lang='lat' dir='ltr'><strong>speciem</strong></span> <span class='ocrx_word' id='word_1_529' title='bbox 1701 3578 1810 3618; x_wconf 92' lang='lat' dir='ltr'><strong>non</strong></span> <span class='ocrx_word' id='word_1_530' title='bbox 1851 3563 2034 3618; x_wconf 82' lang='lat' dir='ltr'><strong>dixit:</strong></span> <span class='ocrx_word' id='word_1_531' title='bbox 2071 3562 2187 3636; x_wconf 87' lang='lat' dir='ltr'><strong>Ego</strong></span> 
     </span>
    </p>
   </div>
   <div class='ocr_carea' id='block_1_66' title="bbox 597 3651 2178 3724">
    <p class='ocr_par' dir='ltr' id='par_1_66' title="bbox 597 3651 2178 3724">
     <span class='ocr_line' id='line_1_66' title="bbox 597 3651 2178 3724; baseline -0.003 -11"><span class='ocrx_word' id='word_1_532' title='bbox 597 3657 820 3714; x_wconf 86' lang='lat' dir='ltr'><strong>fratrem</strong></span> <span class='ocrx_word' id='word_1_533' title='bbox 869 3663 1029 3711; x_wconf 86' lang='lat' dir='ltr'><strong>tuum</strong></span> <span class='ocrx_word' id='word_1_534' title='bbox 1069 3653 1356 3710; x_wconf 87' lang='lat' dir='ltr'><strong>suscitabo</strong></span> <span class='ocrx_word' id='word_1_535' title='bbox 1391 3672 1406 3708; x_wconf 93' lang='lat'><strong>:</strong></span> <span class='ocrx_word' id='word_1_536' title='bbox 1439 3654 1573 3719; x_wconf 90' lang='lat' dir='ltr'><strong>sed,</strong></span> <span class='ocrx_word' id='word_1_537' title='bbox 1619 3673 1637 3704; x_wconf 76' lang='grc' dir='ltr'><strong>ι</strong></span> <span class='ocrx_word' id='word_1_538' title='bbox 1694 3651 1963 3724; x_wconf 75' lang='lat' dir='ltr'><strong>Desurget</strong></span> <span class='ocrx_word' id='word_1_539' title='bbox 2008 3653 2178 3708; x_wconf 83' lang='lat' dir='ltr'><strong>frater</strong></span> 
     </span>
    </p>
   </div>
   <div class='ocr_carea' id='block_1_67' title="bbox 594 3745 2177 3817">
    <p class='ocr_par' dir='ltr' id='par_1_67' title="bbox 594 3745 2177 3817">
     <span class='ocr_line' id='line_1_67' title="bbox 594 3745 2177 3817; baseline -0.006 -10"><span class='ocrx_word' id='word_1_540' title='bbox 594 3760 749 3807; x_wconf 88' lang='lat' dir='ltr'><strong>tuus.</strong></span> <span class='ocrx_word' id='word_1_541' title='bbox 789 3769 809 3802; x_wconf 75' lang='grc' dir='ltr'><strong>ι</strong></span> <span class='ocrx_word' id='word_1_542' title='bbox 841 3747 1131 3804; x_wconf 84' lang='lat' dir='ltr'><strong>lndellnite</strong></span> <span class='ocrx_word' id='word_1_543' title='bbox 1160 3745 1332 3804; x_wconf 86' lang='lat' dir='ltr'><strong>verbo</strong></span> <span class='ocrx_word' id='word_1_544' title='bbox 1366 3753 1608 3817; x_wconf 78' lang='lat' dir='ltr'><strong>resurget</strong></span> <span class='ocrx_word' id='word_1_545' title='bbox 1628 3786 1643 3808; x_wconf 90' lang='lat'><strong>,</strong></span> <span class='ocrx_word' id='word_1_546' title='bbox 1678 3760 1775 3800; x_wconf 88' lang='lat' dir='ltr'><strong>seu</strong></span> <span class='ocrx_word' id='word_1_547' title='bbox 1806 3747 2177 3813; x_wconf 69' lang='lat' dir='ltr'><strong>suscitabitur,</strong></span> 
     </span>
    </p>
   </div>
   <div class='ocr_carea' id='block_1_68' title="bbox 541 3839 2178 3912">
    <p class='ocr_par' dir='ltr' id='par_1_68' title="bbox 541 3839 2178 3912">
     <span class='ocr_line' id='line_1_68' title="bbox 541 3839 2178 3912; baseline -0.004 -10"><span class='ocrx_word' id='word_1_548' title='bbox 541 3881 548 3886; x_wconf 87' lang='lat'><strong>-</strong></span> <span class='ocrx_word' id='word_1_549' title='bbox 594 3859 780 3902; x_wconf 86' lang='lat' dir='ltr'><strong>usus:</strong></span> <span class='ocrx_word' id='word_1_550' title='bbox 815 3856 1116 3906; x_wconf 77' lang='lat' dir='ltr'><strong>exercens,</strong></span> <span class='ocrx_word' id='word_1_551' title='bbox 1169 3839 1320 3912; x_wconf 89' lang='lat' dir='ltr'><strong>quod</strong></span> <span class='ocrx_word' id='word_1_552' title='bbox 1359 3840 1486 3910; x_wconf 88' lang='lat' dir='ltr'><strong>ejus</strong></span> <span class='ocrx_word' id='word_1_553' title='bbox 1518 3840 1642 3895; x_wconf 77' lang='lat' dir='ltr'><strong>fidei</strong></span> <span class='ocrx_word' id='word_1_554' title='bbox 1699 3840 1993 3911; x_wconf 83' lang='lat' dir='ltr'><strong>probatum</strong></span> <span class='ocrx_word' id='word_1_555' title='bbox 2038 3847 2178 3895; x_wconf 85' lang='lat' dir='ltr'><strong>erat.</strong></span> 
     </span>
    </p>
   </div>
   <div class='ocr_carea' id='block_1_69' title="bbox 599 3927 2184 3998">
    <p class='ocr_par' dir='ltr' id='par_1_69' title="bbox 599 3927 2184 3998">
     <span class='ocr_line' id='line_1_69' title="bbox 599 3927 2184 3998; baseline -0.005 -8"><span class='ocrx_word' id='word_1_556' title='bbox 599 3931 758 3990; x_wconf 86' lang='lat' dir='ltr'><strong>Unde</strong></span> <span class='ocrx_word' id='word_1_557' title='bbox 785 3939 840 3987; x_wconf 92' lang='lat' dir='ltr'><strong>et</strong></span> <span class='ocrx_word' id='word_1_558' title='bbox 870 3930 967 3985; x_wconf 86' lang='lat' dir='ltr'><strong>illa</strong></span> <span class='ocrx_word' id='word_1_559' title='bbox 996 3929 1114 3984; x_wconf 88' lang='lat' dir='ltr'><strong>ait:</strong></span> <span class='ocrx_word' id='word_1_560' title='bbox 1157 3946 1177 3981; x_wconf 78' lang='grc' dir='ltr'><strong>ι</strong></span> <span class='ocrx_word' id='word_1_561' title='bbox 1218 3927 1350 3983; x_wconf 90' lang='lat' dir='ltr'><strong>Scio</strong></span> <span class='ocrx_word' id='word_1_562' title='bbox 1397 3929 1527 3998; x_wconf 90' lang='lat' dir='ltr'><strong>quia</strong></span> <span class='ocrx_word' id='word_1_563' title='bbox 1575 3935 1831 3998; x_wconf 83' lang='lat' dir='ltr'><strong>resurget</strong></span> <span class='ocrx_word' id='word_1_564' title='bbox 1885 3927 1942 3982; x_wconf 91' lang='lat' dir='ltr'><strong>in</strong></span> <span class='ocrx_word' id='word_1_565' title='bbox 1999 3927 2184 3982; x_wconf 88' lang='lat' dir='ltr'><strong>novis-</strong></span> 
     </span>
    </p>
   </div>
   <div class='ocr_carea' id='block_1_70' title="bbox 595 4016 2168 4088">
    <p class='ocr_par' dir='ltr' id='par_1_70' title="bbox 595 4016 2168 4088">
     <span class='ocr_line' id='line_1_70' title="bbox 595 4016 2168 4088; baseline -0.005 -10"><span class='ocrx_word' id='word_1_566' title='bbox 595 4022 740 4078; x_wconf 87' lang='lat' dir='ltr'><strong>simo</strong></span> <span class='ocrx_word' id='word_1_567' title='bbox 787 4019 901 4075; x_wconf 90' lang='lat' dir='ltr'><strong>die.</strong></span> <span class='ocrx_word' id='word_1_568' title='bbox 959 4036 980 4072; x_wconf 73' lang='grc' dir='ltr'><strong>ι</strong></span> <span class='ocrx_word' id='word_1_569' title='bbox 1038 4017 1096 4075; x_wconf 90' lang='lat' dir='ltr'><strong>Si</strong></span> <span class='ocrx_word' id='word_1_570' title='bbox 1149 4018 1338 4074; x_wconf 89' lang='lat' dir='ltr'><strong>credis</strong></span> <span class='ocrx_word' id='word_1_571' title='bbox 1369 4016 1506 4084; x_wconf 88' lang='lat' dir='ltr'><strong>fore,</strong></span> <span class='ocrx_word' id='word_1_572' title='bbox 1560 4029 1620 4072; x_wconf 93' lang='lat' dir='ltr'><strong>ut</strong></span> <span class='ocrx_word' id='word_1_573' title='bbox 1653 4017 1712 4071; x_wconf 91' lang='lat' dir='ltr'><strong>in</strong></span> <span class='ocrx_word' id='word_1_574' title='bbox 1759 4017 1854 4072; x_wconf 87' lang='lat' dir='ltr'><strong>illo</strong></span> <span class='ocrx_word' id='word_1_575' title='bbox 1889 4024 2168 4088; x_wconf 83' lang='lat' dir='ltr'><strong>resurgat,</strong></span> 
     </span>
    </p>
   </div>
   <div class='ocr_carea' id='block_1_71' title="bbox 599 4107 2188 4184">
    <p class='ocr_par' dir='ltr' id='par_1_71' title="bbox 599 4107 2188 4184">
     <span class='ocr_line' id='line_1_71' title="bbox 599 4107 2188 4184; baseline -0.004 -15"><span class='ocrx_word' id='word_1_576' title='bbox 599 4127 780 4184; x_wconf 87' lang='lat' dir='ltr'><strong>neque</strong></span> <span class='ocrx_word' id='word_1_577' title='bbox 809 4111 880 4168; x_wconf 88' lang='lat' dir='ltr'><strong>de</strong></span> <span class='ocrx_word' id='word_1_578' title='bbox 915 4110 1026 4168; x_wconf 87' lang='lat' dir='ltr'><strong>isto</strong></span> <span class='ocrx_word' id='word_1_579' title='bbox 1055 4109 1220 4166; x_wconf 90' lang='lat' dir='ltr'><strong>dubia</strong></span> <span class='ocrx_word' id='word_1_580' title='bbox 1251 4108 1470 4166; x_wconf 90' lang='lat' dir='ltr'><strong>fueris:</strong></span> <span class='ocrx_word' id='word_1_581' title='bbox 1524 4107 1619 4179; x_wconf 88' lang='lat' dir='ltr'><strong>qui</strong></span> <span class='ocrx_word' id='word_1_582' title='bbox 1655 4108 1806 4164; x_wconf 89' lang='lat' dir='ltr'><strong>enim</strong></span> <span class='ocrx_word' id='word_1_583' title='bbox 1856 4109 2006 4166; x_wconf 84' lang='lat' dir='ltr'><strong>hunc</strong></span> <span class='ocrx_word' id='word_1_584' title='bbox 2046 4107 2188 4162; x_wconf 86' lang='lat' dir='ltr'><strong>facio</strong></span> 
     </span>
    </p>
   </div>
   <div class='ocr_carea' id='block_1_72' title="bbox 597 4199 2183 4277">
    <p class='ocr_par' dir='ltr' id='par_1_72' title="bbox 597 4199 2183 4277">
     <span class='ocr_line' id='line_1_72' title="bbox 597 4199 2183 4277; baseline -0.005 -15"><span class='ocrx_word' id='word_1_585' title='bbox 597 4207 897 4277; x_wconf 86' lang='lat' dir='ltr'><strong>illumque,</strong></span> <span class='ocrx_word' id='word_1_586' title='bbox 921 4205 1066 4260; x_wconf 86' lang='lat' dir='ltr'><strong>idem</strong></span> <span class='ocrx_word' id='word_1_587' title='bbox 1099 4203 1218 4274; x_wconf 82' lang='lat' dir='ltr'><strong>ipse</strong></span> <span class='ocrx_word' id='word_1_588' title='bbox 1246 4217 1393 4258; x_wconf 88' lang='lat' dir='ltr'><strong>sum.</strong></span> <span class='ocrx_word' id='word_1_589' title='bbox 1429 4218 1448 4252; x_wconf 76' lang='grc' dir='ltr'><strong>ι</strong></span> <span class='ocrx_word' id='word_1_590' title='bbox 1483 4201 1756 4272; x_wconf 74' lang='lat' dir='ltr'><strong>llesnrget</strong></span> <span class='ocrx_word' id='word_1_591' title='bbox 1781 4199 1954 4255; x_wconf 83' lang='lat' dir='ltr'><strong>frater</strong></span> <span class='ocrx_word' id='word_1_592' title='bbox 1983 4211 2132 4255; x_wconf 90' lang='lat' dir='ltr'><strong>tuus.</strong></span> <span class='ocrx_word' id='word_1_593' title='bbox 2163 4217 2183 4252; x_wconf 73' lang='grc' dir='ltr'><strong>ι</strong></span> 
     </span>
    </p>
   </div>
   <div class='ocr_carea' id='block_1_73' title="bbox 600 4291 2187 4363">
    <p class='ocr_par' dir='ltr' id='par_1_73' title="bbox 600 4291 2187 4363">
     <span class='ocr_line' id='line_1_73' title="bbox 600 4291 2187 4363; baseline -0.006 -8"><span class='ocrx_word' id='word_1_594' title='bbox 600 4299 776 4356; x_wconf 90' lang='lat' dir='ltr'><strong>Simul</strong></span> <span class='ocrx_word' id='word_1_595' title='bbox 807 4297 974 4354; x_wconf 90' lang='lat' dir='ltr'><strong>etiam</strong></span> <span class='ocrx_word' id='word_1_596' title='bbox 992 4296 1100 4350; x_wconf 88' lang='lat' dir='ltr'><strong>hoc</strong></span> <span class='ocrx_word' id='word_1_597' title='bbox 1123 4294 1286 4362; x_wconf 78' lang='lat' dir='ltr'><strong>dixit,</strong></span> <span class='ocrx_word' id='word_1_598' title='bbox 1313 4293 1380 4349; x_wconf 89' lang='lat' dir='ltr'><strong>ad</strong></span> <span class='ocrx_word' id='word_1_599' title='bbox 1413 4292 1549 4348; x_wconf 90' lang='lat' dir='ltr'><strong>illud</strong></span> <span class='ocrx_word' id='word_1_600' title='bbox 1577 4293 1702 4362; x_wconf 85' lang='lat' dir='ltr'><strong>ejus</strong></span> <span class='ocrx_word' id='word_1_601' title='bbox 1731 4291 2140 4363; x_wconf 79' lang='lat' dir='ltr'><strong>coarguendam</strong></span> <span class='ocrx_word' id='word_1_602' title='bbox 2173 4308 2187 4346; x_wconf 91' lang='lat'><strong>:</strong></span> 
     </span>
    </p>
   </div>
   <div class='ocr_carea' id='block_1_74' title="bbox 583 4383 2184 4460">
    <p class='ocr_par' dir='ltr' id='par_1_74' title="bbox 583 4383 2184 4460">
     <span class='ocr_line' id='line_1_74' title="bbox 583 4383 2184 4460; baseline -0.001 -18"><span class='ocrx_word' id='word_1_603' title='bbox 583 4411 625 4445; x_wconf 75' lang='grc' dir='ltr'><strong>,ι</strong></span> <span class='ocrx_word' id='word_1_604' title='bbox 645 4390 775 4447; x_wconf 88' lang='lat' dir='ltr'><strong>Scio</strong></span> <span class='ocrx_word' id='word_1_605' title='bbox 795 4399 1140 4460; x_wconf 63' lang='lat' dir='ltr'><strong>qtmcuiique</strong></span> <span class='ocrx_word' id='word_1_606' title='bbox 1158 4385 1480 4456; x_wconf 88' lang='lat' dir='ltr'><strong>poposceris</strong></span> <span class='ocrx_word' id='word_1_607' title='bbox 1499 4399 1528 4438; x_wconf 93' lang='lat' dir='ltr'><strong>a</strong></span> <span class='ocrx_word' id='word_1_608' title='bbox 1560 4383 1695 4448; x_wconf 91' lang='lat' dir='ltr'><strong>Deo,</strong></span> <span class='ocrx_word' id='word_1_609' title='bbox 1722 4383 1877 4439; x_wconf 88' lang='lat' dir='ltr'><strong>dabit</strong></span> <span class='ocrx_word' id='word_1_610' title='bbox 1907 4384 2004 4439; x_wconf 89' lang='lat' dir='ltr'><strong>tibi</strong></span> <span class='ocrx_word' id='word_1_611' title='bbox 2023 4383 2184 4440; x_wconf 86' lang='lat' dir='ltr'><strong>Deus.</strong></span> 
     </span>
    </p>
   </div>
   <div class='ocr_carea' id='block_1_75' title="bbox 2288 3283 3786 3366">
    <p class='ocr_par' dir='ltr' id='par_1_75' title="bbox 2288 3283 3786 3366">
     <span class='ocr_line' id='line_1_75' title="bbox 2288 3283 3786 3366; baseline 0.004 -21"><span class='ocrx_word' id='word_1_612' title='bbox 2288 3308 2408 3347; x_wconf 89' lang='grc' dir='ltr'>σου.</span> <span class='ocrx_word' id='word_1_613' title='bbox 2448 3311 2469 3344; x_wconf 71' lang='grc' dir='ltr'><strong>ι</strong></span> <span class='ocrx_word' id='word_1_614' title='bbox 2511 3293 2881 3366; x_wconf 83' lang='grc' dir='ltr'>Περιχαρείας</span> <span class='ocrx_word' id='word_1_615' title='bbox 2921 3297 2950 3348; x_wconf 84' lang='lat'><strong>6</strong></span> <span class='ocrx_word' id='word_1_616' title='bbox 2985 3293 3170 3364; x_wconf 72' lang='grc' dir='ltr'>λόγος,</span> <span class='ocrx_word' id='word_1_617' title='bbox 3206 3297 3304 3352; x_wconf 75' lang='grc' dir='ltr'>καὶ</span> <span class='ocrx_word' id='word_1_618' title='bbox 3351 3294 3534 3362; x_wconf 79' lang='grc' dir='ltr'>διπλῆν</span> <span class='ocrx_word' id='word_1_619' title='bbox 3578 3291 3692 3360; x_wconf 73' lang='grc' dir='ltr'>ἔχων</span> <span class='ocrx_word' id='word_1_620' title='bbox 3715 3283 3786 3351; x_wconf 63' lang='grc' dir='ltr'><strong>τὴν</strong></span> 
     </span>
    </p>
   </div>
   <div class='ocr_carea' id='block_1_76' title="bbox 2287 3373 3787 3458">
    <p class='ocr_par' dir='ltr' id='par_1_76' title="bbox 2287 3373 3787 3458">
     <span class='ocr_line' id='line_1_76' title="bbox 2287 3373 3787 3458; baseline 0.007 -24"><span class='ocrx_word' id='word_1_621' title='bbox 2287 3380 2618 3453; x_wconf 75' lang='grc' dir='ltr'>θεραπείανο</span> <span class='ocrx_word' id='word_1_622' title='bbox 2643 3385 2705 3438; x_wconf 90' lang='grc' dir='ltr'><strong>ού</strong></span> <span class='ocrx_word' id='word_1_623' title='bbox 2740 3385 2900 3456; x_wconf 79' lang='grc' dir='ltr'>μόνον</span> <span class='ocrx_word' id='word_1_624' title='bbox 2936 3384 3000 3439; x_wconf 79' lang='grc' dir='ltr'>τὸ</span> <span class='ocrx_word' id='word_1_625' title='bbox 3040 3387 3274 3458; x_wconf 79' lang='grc' dir='ltr'>σφάλμα</span> <span class='ocrx_word' id='word_1_626' title='bbox 3303 3381 3666 3457; x_wconf 64' lang='grc' dir='ltr'>διορθούμενος,</span> <span class='ocrx_word' id='word_1_627' title='bbox 3690 3373 3787 3428; x_wconf 70' lang='grc' dir='ltr'><strong>ἀλλά</strong></span> 
     </span>
    </p>
   </div>
   <div class='ocr_carea' id='block_1_77' title="bbox 2286 3468 3789 3549">
    <p class='ocr_par' dir='ltr' id='par_1_77' title="bbox 2286 3468 3789 3549">
     <span class='ocr_line' id='line_1_77' title="bbox 2286 3468 3789 3549; baseline -0.023 3"><span class='ocrx_word' id='word_1_628' title='bbox 2286 3474 2380 3527; x_wconf 54' lang='grc' dir='ltr'><strong>καὶ</strong></span> <span class='ocrx_word' id='word_1_629' title='bbox 2429 3473 2490 3528; x_wconf 76' lang='grc' dir='ltr'><strong>τδ</strong></span> <span class='ocrx_word' id='word_1_630' title='bbox 2531 3475 2762 3547; x_wconf 59' lang='grc' dir='ltr'><strong>σφοδρὸν</strong></span> <span class='ocrx_word' id='word_1_631' title='bbox 2805 3476 2906 3548; x_wconf 77' lang='grc' dir='ltr'><strong>τῆς</strong></span> <span class='ocrx_word' id='word_1_632' title='bbox 2953 3476 3140 3549; x_wconf 78' lang='grc' dir='ltr'>λύπης</span> <span class='ocrx_word' id='word_1_633' title='bbox 3191 3474 3601 3547; x_wconf 81' lang='grc' dir='ltr'>κατακοιμίζων.</span> <span class='ocrx_word' id='word_1_634' title='bbox 3630 3489 3648 3521; x_wconf 79' lang='grc' dir='ltr'><strong>ι</strong></span> <span class='ocrx_word' id='word_1_635' title='bbox 3678 3468 3789 3520; x_wconf 76' lang='lat' dir='ltr'><strong>‘sz-</strong></span> 
     </span>
    </p>
   </div>
   <div class='ocr_carea' id='block_1_78' title="bbox 2289 3555 3790 3637">
    <p class='ocr_par' dir='ltr' id='par_1_78' title="bbox 2289 3555 3790 3637">
     <span class='ocr_line' id='line_1_78' title="bbox 2289 3555 3790 3637; baseline -0.004 -19"><span class='ocrx_word' id='word_1_636' title='bbox 2289 3565 2547 3636; x_wconf 82' lang='grc' dir='ltr'>στήσεται</span> <span class='ocrx_word' id='word_1_637' title='bbox 2579 3567 2608 3618; x_wconf 87' lang='grc' dir='ltr'>ὁ</span> <span class='ocrx_word' id='word_1_638' title='bbox 2645 3567 2875 3636; x_wconf 80' lang='grc' dir='ltr'>ἀδελφός</span> <span class='ocrx_word' id='word_1_639' title='bbox 2913 3583 3030 3622; x_wconf 89' lang='grc' dir='ltr'>σου.</span> <span class='ocrx_word' id='word_1_640' title='bbox 3065 3588 3085 3621; x_wconf 71' lang='grc' dir='ltr'><strong>ι</strong></span> <span class='ocrx_word' id='word_1_641' title='bbox 3123 3569 3230 3623; x_wconf 77' lang='grc' dir='ltr'>Διὰ</span> <span class='ocrx_word' id='word_1_642' title='bbox 3275 3569 3334 3623; x_wconf 81' lang='grc' dir='ltr'>τὸ</span> <span class='ocrx_word' id='word_1_643' title='bbox 3372 3566 3700 3637; x_wconf 67' lang='grc' dir='ltr'>ἀφιλόκομπον</span> <span class='ocrx_word' id='word_1_644' title='bbox 3719 3555 3790 3608; x_wconf 80' lang='grc' dir='ltr'>οὐκ</span> 
     </span>
    </p>
   </div>
   <div class='ocr_carea' id='block_1_79' title="bbox 2283 3644 3791 3730">
    <p class='ocr_par' dir='ltr' id='par_1_79' title="bbox 2283 3644 3791 3730">
     <span class='ocr_line' id='line_1_79' title="bbox 2283 3644 3791 3730; baseline 0.003 -21"><span class='ocrx_word' id='word_1_645' title='bbox 2283 3650 2467 3710; x_wconf 74' lang='grc' dir='ltr'>εἶπενο</span> <span class='ocrx_word' id='word_1_646' title='bbox 2506 3657 2648 3726; x_wconf 83' lang='grc' dir='ltr'><strong>Ἐγὼ</strong></span> <span class='ocrx_word' id='word_1_647' title='bbox 2674 3659 2764 3727; x_wconf 74' lang='grc' dir='ltr'>ὲγε</span> <span class='ocrx_word' id='word_1_648' title='bbox 2775 3658 2853 3730; x_wconf 89' lang='grc' dir='ltr'><strong>ρῶ</strong></span> <span class='ocrx_word' id='word_1_649' title='bbox 2879 3659 2972 3712; x_wconf 75' lang='grc' dir='ltr'><strong>τὸν</strong></span> <span class='ocrx_word' id='word_1_650' title='bbox 3001 3659 3242 3730; x_wconf 73' lang='grc' dir='ltr'>ἀδελφόν</span> <span class='ocrx_word' id='word_1_651' title='bbox 3271 3678 3384 3722; x_wconf 88' lang='grc' dir='ltr'>σου,</span> <span class='ocrx_word' id='word_1_652' title='bbox 3406 3657 3529 3723; x_wconf 77' lang='grc' dir='ltr'><strong>ἀλλ’,</strong></span> <span class='ocrx_word' id='word_1_653' title='bbox 3549 3673 3567 3707; x_wconf 76' lang='grc' dir='ltr'><strong>ι</strong></span> <span class='ocrx_word' id='word_1_654' title='bbox 3597 3644 3791 3713; x_wconf 70' lang='grc' dir='ltr'>Ἀναστῆ·</span> 
     </span>
    </p>
   </div>
   <div class='ocr_carea' id='block_1_80' title="bbox 2281 3743 3788 3824">
    <p class='ocr_par' dir='ltr' id='par_1_80' title="bbox 2281 3743 3788 3824">
     <span class='ocr_line' id='line_1_80' title="bbox 2281 3743 3788 3824; baseline -0.002 -23"><span class='ocrx_word' id='word_1_655' title='bbox 2281 3764 2434 3802; x_wconf 80' lang='grc' dir='ltr'>σεται</span> <span class='ocrx_word' id='word_1_656' title='bbox 2460 3751 2489 3802; x_wconf 91' lang='lat'><strong>6</strong></span> <span class='ocrx_word' id='word_1_657' title='bbox 2518 3749 2756 3820; x_wconf 83' lang='grc' dir='ltr'><strong>ἀδελφός</strong></span> <span class='ocrx_word' id='word_1_658' title='bbox 2787 3767 2907 3806; x_wconf 87' lang='grc' dir='ltr'>σου.</span> <span class='ocrx_word' id='word_1_659' title='bbox 2942 3771 2961 3804; x_wconf 76' lang='lat' dir='ltr'><strong>r</strong></span> <span class='ocrx_word' id='word_1_660' title='bbox 3002 3753 3301 3824; x_wconf 80' lang='grc' dir='ltr'>Ἀορίστως</span> <span class='ocrx_word' id='word_1_661' title='bbox 3331 3753 3409 3817; x_wconf 82' lang='grc' dir='ltr'>τὸ,</span> <span class='ocrx_word' id='word_1_662' title='bbox 3435 3743 3788 3812; x_wconf 72' lang='grc' dir='ltr'>ἀναστήσεται</span> 
     </span>
    </p>
   </div>
   <div class='ocr_carea' id='block_1_81' title="bbox 2283 3835 3786 3916">
    <p class='ocr_par' dir='ltr' id='par_1_81' title="bbox 2283 3835 3786 3916">
     <span class='ocr_line' id='line_1_81' title="bbox 2283 3835 3786 3916; baseline 0.006 -24"><span class='ocrx_word' id='word_1_663' title='bbox 2283 3840 2493 3909; x_wconf 84' lang='grc' dir='ltr'>φήσας·</span> <span class='ocrx_word' id='word_1_664' title='bbox 2527 3842 2825 3912; x_wconf 78' lang='grc' dir='ltr'>γυμνάζων</span> <span class='ocrx_word' id='word_1_665' title='bbox 2876 3843 3048 3913; x_wconf 74' lang='grc' dir='ltr'>αὐτῆς</span> <span class='ocrx_word' id='word_1_666' title='bbox 3095 3845 3164 3896; x_wconf 82' lang='grc' dir='ltr'>τὸ</span> <span class='ocrx_word' id='word_1_667' title='bbox 3207 3847 3306 3916; x_wconf 74' lang='grc' dir='ltr'>τῆς</span> <span class='ocrx_word' id='word_1_668' title='bbox 3338 3843 3560 3902; x_wconf 83' lang='grc' dir='ltr'>πίστεως</span> <span class='ocrx_word' id='word_1_669' title='bbox 3600 3835 3786 3900; x_wconf 71' lang='grc' dir='ltr'><strong>δόκιμθν·</strong></span> 
     </span>
    </p>
   </div>
   <div class='ocr_carea' id='block_1_82' title="bbox 2284 3917 3789 4004">
    <p class='ocr_par' dir='ltr' id='par_1_82' title="bbox 2284 3917 3789 4004">
     <span class='ocr_line' id='line_1_82' title="bbox 2284 3917 3789 4004; baseline 0.001 -20"><span class='ocrx_word' id='word_1_670' title='bbox 2284 3931 2378 3984; x_wconf 73' lang='grc' dir='ltr'><strong>Διὸ</strong></span> <span class='ocrx_word' id='word_1_671' title='bbox 2417 3932 2648 4003; x_wconf 76' lang='grc' dir='ltr'>κάκείνη</span> <span class='ocrx_word' id='word_1_672' title='bbox 2673 3930 2878 4004; x_wconf 68' lang='grc' dir='ltr'>ἱρησίψ</span> <span class='ocrx_word' id='word_1_673' title='bbox 2929 3953 2950 3987; x_wconf 77' lang='lat' dir='ltr'><strong>t</strong></span> <span class='ocrx_word' id='word_1_674' title='bbox 2983 3932 3140 4002; x_wconf 76' lang='grc' dir='ltr'>Οἶδα,</span> <span class='ocrx_word' id='word_1_675' title='bbox 3173 3936 3258 3991; x_wconf 79' lang='grc' dir='ltr'>ὅτι</span> <span class='ocrx_word' id='word_1_676' title='bbox 3290 3934 3628 4003; x_wconf 79' lang='grc' dir='ltr'>ἀναστήσεται</span> <span class='ocrx_word' id='word_1_677' title='bbox 3661 3925 3707 3977; x_wconf 72' lang='grc' dir='ltr'>ἐν</span> <span class='ocrx_word' id='word_1_678' title='bbox 3743 3917 3789 3985; x_wconf 70' lang='grc' dir='ltr'><strong>τῇ</strong></span> 
     </span>
    </p>
   </div>
   <div class='ocr_carea' id='block_1_83' title="bbox 2291 4007 3790 4098">
    <p class='ocr_par' dir='ltr' id='par_1_83' title="bbox 2291 4007 3790 4098">
     <span class='ocr_line' id='line_1_83' title="bbox 2291 4007 3790 4098; baseline 0.003 -22"><span class='ocrx_word' id='word_1_679' title='bbox 2291 4025 2496 4096; x_wconf 67' lang='grc' dir='ltr'><strong>ἐσχάτῃ</strong></span> <span class='ocrx_word' id='word_1_680' title='bbox 2551 4025 2754 4097; x_wconf 77' lang='grc' dir='ltr'><strong>ἡμέρᾳ.</strong></span> <span class='ocrx_word' id='word_1_681' title='bbox 2797 4045 2816 4078; x_wconf 73' lang='grc' dir='ltr'><strong>ι</strong></span> <span class='ocrx_word' id='word_1_682' title='bbox 2864 4027 2928 4080; x_wconf 79' lang='lat' dir='ltr'><strong>Ei</strong></span> <span class='ocrx_word' id='word_1_683' title='bbox 2964 4027 3154 4098; x_wconf 76' lang='grc' dir='ltr'>ἐκείνῃ</span> <span class='ocrx_word' id='word_1_684' title='bbox 3197 4025 3486 4090; x_wconf 80' lang='grc' dir='ltr'>πιστεύεις,</span> <span class='ocrx_word' id='word_1_685' title='bbox 3528 4019 3658 4092; x_wconf 67' lang='grc' dir='ltr'>φησὶ,</span> <span class='ocrx_word' id='word_1_686' title='bbox 3694 4007 3790 4084; x_wconf 66' lang='grc' dir='ltr'><strong>μηδι</strong></span> 
     </span>
    </p>
   </div>
   <div class='ocr_carea' id='block_1_84' title="bbox 2293 4101 3789 4194">
    <p class='ocr_par' dir='ltr' id='par_1_84' title="bbox 2293 4101 3789 4194">
     <span class='ocr_line' id='line_1_84' title="bbox 2293 4101 3789 4194; baseline 0.002 -27"><span class='ocrx_word' id='word_1_687' title='bbox 2293 4118 2423 4186; x_wconf 77' lang='grc' dir='ltr'>περὶ</span> <span class='ocrx_word' id='word_1_688' title='bbox 2478 4116 2684 4188; x_wconf 80' lang='grc' dir='ltr'><strong>ταύτης</strong></span> <span class='ocrx_word' id='word_1_689' title='bbox 2732 4117 3080 4188; x_wconf 71' lang='grc' dir='ltr'>ἀμφίϐαλλεο</span> <span class='ocrx_word' id='word_1_690' title='bbox 3115 4121 3147 4172; x_wconf 90' lang='lat'><strong>6</strong></span> <span class='ocrx_word' id='word_1_691' title='bbox 3198 4119 3310 4191; x_wconf 83' lang='grc' dir='ltr'>γὰρ</span> <span class='ocrx_word' id='word_1_692' title='bbox 3357 4116 3550 4194; x_wconf 77' lang='grc' dir='ltr'>ταύτην</span> <span class='ocrx_word' id='word_1_693' title='bbox 3592 4101 3789 4169; x_wconf 65' lang='grc' dir='ltr'>κάκείνη*</span> 
     </span>
    </p>
   </div>
   <div class='ocr_carea' id='block_1_85' title="bbox 2292 4201 3786 4280">
    <p class='ocr_par' dir='ltr' id='par_1_85' title="bbox 2292 4201 3786 4280">
     <span class='ocr_line' id='line_1_85' title="bbox 2292 4201 3786 4280; baseline 0.001 -22"><span class='ocrx_word' id='word_1_694' title='bbox 2292 4206 2484 4269; x_wconf 83' lang='grc' dir='ltr'>ποιῶν,</span> <span class='ocrx_word' id='word_1_695' title='bbox 2526 4205 2638 4274; x_wconf 80' lang='grc' dir='ltr'><strong>ἐγώ</strong></span> <span class='ocrx_word' id='word_1_696' title='bbox 2686 4209 2824 4277; x_wconf 80' lang='grc' dir='ltr'>είμι.</span> <span class='ocrx_word' id='word_1_697' title='bbox 2874 4227 2892 4259; x_wconf 73' lang='grc' dir='ltr'><strong>ι</strong></span> <span class='ocrx_word' id='word_1_698' title='bbox 2941 4209 3333 4280; x_wconf 78' lang='grc' dir='ltr'>Ἀναστήσεται</span> <span class='ocrx_word' id='word_1_699' title='bbox 3375 4209 3402 4261; x_wconf 88' lang='lat'><strong>6</strong></span> <span class='ocrx_word' id='word_1_700' title='bbox 3431 4201 3633 4270; x_wconf 79' lang='grc' dir='ltr'>ἀδελφός</span> <span class='ocrx_word' id='word_1_701' title='bbox 3661 4205 3786 4248; x_wconf 53' lang='grc' dir='ltr'><strong>σουλ</strong></span> 
     </span>
    </p>
   </div>
   <div class='ocr_carea' id='block_1_86' title="bbox 2293 4283 3787 4368">
    <p class='ocr_par' dir='ltr' id='par_1_86' title="bbox 2293 4283 3787 4368">
     <span class='ocr_line' id='line_1_86' title="bbox 2293 4283 3787 4368; baseline -0.009 -20"><span class='ocrx_word' id='word_1_702' title='bbox 2293 4293 2466 4348; x_wconf 79' lang='grc' dir='ltr'>Τοῦτο</span> <span class='ocrx_word' id='word_1_703' title='bbox 2498 4295 2614 4365; x_wconf 80' lang='grc' dir='ltr'><strong>ἃμα</strong></span> <span class='ocrx_word' id='word_1_704' title='bbox 2650 4296 2747 4349; x_wconf 81' lang='grc' dir='ltr'>καὶ</span> <span class='ocrx_word' id='word_1_705' title='bbox 2780 4295 3076 4367; x_wconf 80' lang='grc' dir='ltr'>διελέγχων</span> <span class='ocrx_word' id='word_1_706' title='bbox 3104 4299 3276 4368; x_wconf 80' lang='grc' dir='ltr'>αὐτὴν</span> <span class='ocrx_word' id='word_1_707' title='bbox 3310 4297 3534 4366; x_wconf 78' lang='grc' dir='ltr'>ἔφασκεν</span> <span class='ocrx_word' id='word_1_708' title='bbox 3562 4283 3787 4344; x_wconf 73' lang='grc' dir='ltr'>εἰποῦσαν·</span> 
     </span>
    </p>
   </div>
   <div class='ocr_carea' id='block_1_87' title="bbox 2301 4367 3790 4458">
    <p class='ocr_par' dir='ltr' id='par_1_87' title="bbox 2301 4367 3790 4458">
     <span class='ocr_line' id='line_1_87' title="bbox 2301 4367 3790 4458; baseline -0.006 -23"><span class='ocrx_word' id='word_1_709' title='bbox 2301 4401 2319 4435; x_wconf 77' lang='lat' dir='ltr'><strong>t</strong></span> <span class='ocrx_word' id='word_1_710' title='bbox 2353 4379 2486 4437; x_wconf 84' lang='grc' dir='ltr'>υἷδα</span> <span class='ocrx_word' id='word_1_711' title='bbox 2513 4385 2598 4437; x_wconf 80' lang='grc' dir='ltr'>ὅτι</span> <span class='ocrx_word' id='word_1_712' title='bbox 2627 4385 2729 4457; x_wconf 74' lang='grc' dir='ltr'><strong>ὅσα</strong></span> <span class='ocrx_word' id='word_1_713' title='bbox 2754 4384 2820 4438; x_wconf 82' lang='grc' dir='ltr'>ἂν</span> <span class='ocrx_word' id='word_1_714' title='bbox 2851 4387 3054 4458; x_wconf 73' lang='grc' dir='ltr'>αἰτήσῃ</span> <span class='ocrx_word' id='word_1_715' title='bbox 3075 4387 3170 4441; x_wconf 76' lang='grc' dir='ltr'>τὸν</span> <span class='ocrx_word' id='word_1_716' title='bbox 3202 4388 3356 4453; x_wconf 69' lang='grc' dir='ltr'>Θεὸν,</span> <span class='ocrx_word' id='word_1_717' title='bbox 3376 4384 3525 4438; x_wconf 84' lang='grc' dir='ltr'>δώσει</span> <span class='ocrx_word' id='word_1_718' title='bbox 3552 4395 3621 4432; x_wconf 88' lang='grc' dir='ltr'><strong>σοι</strong></span> <span class='ocrx_word' id='word_1_719' title='bbox 3639 4375 3664 4426; x_wconf 89' lang='lat'><strong>6</strong></span> <span class='ocrx_word' id='word_1_720' title='bbox 3682 4367 3790 4458; x_wconf 44' lang='grc' dir='ltr'><strong>Θεὸςδ</strong></span> 
     </span>
    </p>
   </div>
   <div class='ocr_carea' id='block_1_88' title="bbox 599 4457 2183 4556">
    <p class='ocr_par' dir='ltr' id='par_1_88' title="bbox 599 4457 2183 4556">
     <span class='ocr_line' id='line_1_88' title="bbox 599 4457 2183 4556; baseline -0.006 -16"><span class='ocrx_word' id='word_1_721' title='bbox 599 4457 877 4556; x_wconf 74' lang='lat' dir='ltr'><strong>Resurget</strong></span> <span class='ocrx_word' id='word_1_722' title='bbox 905 4457 1080 4537; x_wconf 83' lang='lat' dir='ltr'><strong>frater</strong></span> <span class='ocrx_word' id='word_1_723' title='bbox 1115 4487 1269 4535; x_wconf 89' lang='lat' dir='ltr'><strong>tuus.</strong></span> <span class='ocrx_word' id='word_1_724' title='bbox 1312 4497 1330 4531; x_wconf 74' lang='grc' dir='ltr'><strong>ι</strong></span> <span class='ocrx_word' id='word_1_725' title='bbox 1369 4476 1586 4532; x_wconf 90' lang='lat' dir='ltr'><strong>Domini</strong></span> <span class='ocrx_word' id='word_1_726' title='bbox 1612 4477 1938 4547; x_wconf 86' lang='lat' dir='ltr'><strong>dignitatem</strong></span> <span class='ocrx_word' id='word_1_727' title='bbox 1967 4492 2064 4546; x_wconf 84' lang='lat' dir='ltr'><strong>per</strong></span> <span class='ocrx_word' id='word_1_728' title='bbox 2088 4491 2183 4531; x_wconf 86' lang='lat' dir='ltr'><strong>au-</strong></span> 
     </span>
    </p>
   </div>
   <div class='ocr_carea' id='block_1_89' title="bbox 2271 4457 3789 4556">
    <p class='ocr_par' dir='ltr' id='par_1_89' title="bbox 2309 4457 3789 4556">
     <span class='ocr_line' id='line_1_89' title="bbox 2309 4457 3789 4556; baseline -0.008 -28"><span class='ocrx_word' id='word_1_729' title='bbox 2309 4475 2702 4546; x_wconf 76' lang='grc' dir='ltr'>Ἃναστήσεται</span> <span class='ocrx_word' id='word_1_730' title='bbox 2736 4478 2765 4530; x_wconf 86' lang='lat'><strong>6</strong></span> <span class='ocrx_word' id='word_1_731' title='bbox 2791 4478 3022 4546; x_wconf 72' lang='grc' dir='ltr'>ἀδελφός</span> <span class='ocrx_word' id='word_1_732' title='bbox 3054 4496 3173 4534; x_wconf 78' lang='grc' dir='ltr'>σου.</span> <span class='ocrx_word' id='word_1_733' title='bbox 3227 4499 3248 4532; x_wconf 80' lang='grc'>›</span> <span class='ocrx_word' id='word_1_734' title='bbox 3281 4479 3354 4533; x_wconf 87' lang='lat' dir='ltr'><em>T6</em></span> <span class='ocrx_word' id='word_1_735' title='bbox 3376 4471 3669 4531; x_wconf 77' lang='grc' dir='ltr'>Δεσποτικδν</span> <span class='ocrx_word' id='word_1_736' title='bbox 3693 4457 3789 4556; x_wconf 55' lang='grc' dir='ltr'>αὐτῇ</span> 
     </span>
    </p>
   </div>
   <div class='ocr_carea' id='block_1_90' title="bbox 599 4567 2186 4642">
    <p class='ocr_par' dir='ltr' id='par_1_90' title="bbox 599 4567 2186 4642">
     <span class='ocr_line' id='line_1_90' title="bbox 599 4567 2186 4642; baseline -0.006 -9"><span class='ocrx_word' id='word_1_737' title='bbox 599 4577 917 4633; x_wconf 78' lang='lat' dir='ltr'><strong>claritatem</strong></span> <span class='ocrx_word' id='word_1_738' title='bbox 962 4569 1321 4642; x_wconf 81' lang='lat' dir='ltr'><strong>significans,</strong></span> <span class='ocrx_word' id='word_1_739' title='bbox 1364 4577 1426 4623; x_wconf 93' lang='lat' dir='ltr'><strong>ut</strong></span> <span class='ocrx_word' id='word_1_740' title='bbox 1457 4567 1676 4622; x_wconf 88' lang='lat' dir='ltr'><strong>noverit</strong></span> <span class='ocrx_word' id='word_1_741' title='bbox 1706 4582 1818 4622; x_wconf 85' lang='lat' dir='ltr'><strong>non</strong></span> <span class='ocrx_word' id='word_1_742' title='bbox 1843 4579 1993 4623; x_wconf 86' lang='lat' dir='ltr'><strong>esset</strong></span> <span class='ocrx_word' id='word_1_743' title='bbox 2029 4568 2086 4624; x_wconf 90' lang='lat' dir='ltr'><strong>in</strong></span> <span class='ocrx_word' id='word_1_744' title='bbox 2118 4571 2186 4625; x_wconf 84' lang='lat' dir='ltr'><strong>iis</strong></span> 
     </span>
    </p>
   </div>
   <div class='ocr_carea' id='block_1_91' title="bbox 597 4659 2184 4740">
    <p class='ocr_par' dir='ltr' id='par_1_91' title="bbox 597 4659 2184 4740">
     <span class='ocr_line' id='line_1_91' title="bbox 597 4659 2184 4740; baseline -0.004 -18"><span class='ocrx_word' id='word_1_745' title='bbox 597 4683 726 4740; x_wconf 60' lang='lat' dir='ltr'><strong>qua</strong></span> <span class='ocrx_word' id='word_1_746' title='bbox 771 4666 1012 4723; x_wconf 78' lang='lat' dir='ltr'><strong>dicimus</strong></span> <span class='ocrx_word' id='word_1_747' title='bbox 1055 4663 1124 4720; x_wconf 88' lang='lat' dir='ltr'><strong>de</strong></span> <span class='ocrx_word' id='word_1_748' title='bbox 1173 4661 1290 4718; x_wconf 79' lang='lat' dir='ltr'><strong>Deo</strong></span> <span class='ocrx_word' id='word_1_749' title='bbox 1332 4659 1794 4732; x_wconf 62' lang='lat' dir='ltr'><strong>praecipitandam</strong></span> <span class='ocrx_word' id='word_1_750' title='bbox 1826 4661 2184 4716; x_wconf 88' lang='lat' dir='ltr'><strong>sententiam.</strong></span> 
     </span>
    </p>
   </div>
   <div class='ocr_carea' id='block_1_92' title="bbox 673 4751 2188 4828">
    <p class='ocr_par' dir='ltr' id='par_1_92' title="bbox 673 4751 2188 4828">
     <span class='ocr_line' id='line_1_92' title="bbox 673 4751 2188 4828; baseline -0.004 -12"><span class='ocrx_word' id='word_1_751' title='bbox 673 4759 768 4816; x_wconf 76' lang='lat' dir='ltr'><strong>Ait</strong></span> <span class='ocrx_word' id='word_1_752' title='bbox 796 4772 968 4828; x_wconf 86' lang='lat' dir='ltr'><strong>ergo:</strong></span> <span class='ocrx_word' id='word_1_753' title='bbox 1008 4774 1028 4809; x_wconf 74' lang='grc' dir='ltr'><strong>ι</strong></span> <span class='ocrx_word' id='word_1_754' title='bbox 1077 4753 1186 4821; x_wconf 85' lang='lat' dir='ltr'><strong>Qui</strong></span> <span class='ocrx_word' id='word_1_755' title='bbox 1215 4752 1398 4808; x_wconf 88' lang='lat' dir='ltr'><strong>credit</strong></span> <span class='ocrx_word' id='word_1_756' title='bbox 1438 4752 1496 4806; x_wconf 92' lang='lat' dir='ltr'><strong>in</strong></span> <span class='ocrx_word' id='word_1_757' title='bbox 1533 4767 1642 4814; x_wconf 73' lang='lat' dir='ltr'><strong>uie.</strong></span> <span class='ocrx_word' id='word_1_758' title='bbox 1665 4751 1882 4808; x_wconf 89' lang='lat' dir='ltr'><strong>etiamsi</strong></span> <span class='ocrx_word' id='word_1_759' title='bbox 1933 4760 2188 4811; x_wconf 87' lang='lat' dir='ltr'><strong>mortuus</strong></span> 
     </span>
    </p>
   </div>
   <div class='ocr_carea' id='block_1_93' title="bbox 484 4835 2188 4908">
    <p class='ocr_par' dir='ltr' id='par_1_93' title="bbox 484 4835 2188 4908">
     <span class='ocr_line' id='line_1_93' title="bbox 484 4835 2188 4908; baseline -0.005 -8"><span class='ocrx_word' id='word_1_760' title='bbox 484 4853 497 4860; x_wconf 81' lang='lat'><strong><em>‘</em></strong></span> <span class='ocrx_word' id='word_1_761' title='bbox 603 4843 796 4908; x_wconf 86' lang='lat' dir='ltr'><strong>fuerit,</strong></span> <span class='ocrx_word' id='word_1_762' title='bbox 830 4843 983 4897; x_wconf 82' lang='lat' dir='ltr'><strong>vivet</strong></span> <span class='ocrx_word' id='word_1_763' title='bbox 1016 4859 1030 4897; x_wconf 90' lang='lat'><strong>:</strong></span> <span class='ocrx_word' id='word_1_764' title='bbox 1064 4848 1120 4896; x_wconf 89' lang='lat' dir='ltr'><strong>et</strong></span> <span class='ocrx_word' id='word_1_765' title='bbox 1157 4838 1340 4894; x_wconf 91' lang='lat' dir='ltr'><strong>omnis</strong></span> <span class='ocrx_word' id='word_1_766' title='bbox 1369 4836 1466 4907; x_wconf 90' lang='lat' dir='ltr'><strong>qui</strong></span> <span class='ocrx_word' id='word_1_767' title='bbox 1500 4835 1656 4904; x_wconf 81' lang='lat' dir='ltr'><strong>vivit,</strong></span> <span class='ocrx_word' id='word_1_768' title='bbox 1685 4843 1740 4891; x_wconf 90' lang='lat' dir='ltr'><strong>et</strong></span> <span class='ocrx_word' id='word_1_769' title='bbox 1769 4835 1946 4891; x_wconf 83' lang='lat' dir='ltr'><strong>credit</strong></span> <span class='ocrx_word' id='word_1_770' title='bbox 1978 4837 2035 4892; x_wconf 92' lang='lat' dir='ltr'><strong>in</strong></span> <span class='ocrx_word' id='word_1_771' title='bbox 2079 4853 2188 4904; x_wconf 88' lang='lat' dir='ltr'><strong>me,</strong></span> 
     </span>
    </p>
   </div>
   <div class='ocr_carea' id='block_1_94' title="bbox 602 4926 2184 4994">
    <p class='ocr_par' dir='ltr' id='par_1_94' title="bbox 602 4926 2184 4994">
     <span class='ocr_line' id='line_1_94' title="bbox 602 4926 2184 4994; baseline -0.008 0"><span class='ocrx_word' id='word_1_772' title='bbox 602 4952 712 4994; x_wconf 90' lang='lat' dir='ltr'><strong>non</strong></span> <span class='ocrx_word' id='word_1_773' title='bbox 771 4932 980 4992; x_wconf 83' lang='lat' dir='ltr'><strong>videbit</strong></span> <span class='ocrx_word' id='word_1_774' title='bbox 1043 4938 1276 4988; x_wconf 89' lang='lat' dir='ltr'><strong>mortem</strong></span> <span class='ocrx_word' id='word_1_775' title='bbox 1312 4930 1368 4985; x_wconf 90' lang='lat' dir='ltr'><strong>in</strong></span> <span class='ocrx_word' id='word_1_776' title='bbox 1398 4937 1689 4984; x_wconf 65' lang='lat' dir='ltr'><strong>aeternum.</strong></span> <span class='ocrx_word' id='word_1_777' title='bbox 1734 4926 1930 4986; x_wconf 88' lang='lat' dir='ltr'><strong>Credis</strong></span> <span class='ocrx_word' id='word_1_778' title='bbox 1983 4929 2131 4984; x_wconf 85' lang='lat' dir='ltr'><strong>hoc?</strong></span> <span class='ocrx_word' id='word_1_779' title='bbox 2164 4949 2184 4982; x_wconf 73' lang='grc' dir='ltr'><strong>ι</strong></span> 
     </span>
    </p>
   </div>
   <div class='ocr_carea' id='block_1_95' title="bbox 601 5018 2195 5098">
    <p class='ocr_par' dir='ltr' id='par_1_95' title="bbox 601 5018 2195 5098">
     <span class='ocr_line' id='line_1_95' title="bbox 601 5018 2195 5098; baseline -0.005 -13"><span class='ocrx_word' id='word_1_780' title='bbox 601 5027 762 5098; x_wconf 88' lang='lat' dir='ltr'><strong>Quod</strong></span> <span class='ocrx_word' id='word_1_781' title='bbox 787 5027 866 5082; x_wconf 89' lang='lat' dir='ltr'><strong>ait</strong></span> <span class='ocrx_word' id='word_1_782' title='bbox 883 5021 1201 5092; x_wconf 86' lang='lat' dir='ltr'><strong>hujusmodi</strong></span> <span class='ocrx_word' id='word_1_783' title='bbox 1227 5031 1314 5078; x_wconf 86' lang='lat' dir='ltr'><strong>est</strong></span> <span class='ocrx_word' id='word_1_784' title='bbox 1339 5039 1354 5074; x_wconf 88' lang='lat'><strong>:</strong></span> <span class='ocrx_word' id='word_1_785' title='bbox 1380 5018 1652 5088; x_wconf 65' lang='lat' dir='ltr'><strong>Tametsi,</strong></span> <span class='ocrx_word' id='word_1_786' title='bbox 1681 5020 1888 5098; x_wconf 68' lang='lat' dir='ltr'><strong>inquit,</strong></span> <span class='ocrx_word' id='word_1_787' title='bbox 1906 5021 2000 5092; x_wconf 91' lang='lat' dir='ltr'><strong>qui</strong></span> <span class='ocrx_word' id='word_1_788' title='bbox 2019 5021 2195 5077; x_wconf 89' lang='lat' dir='ltr'><strong>credit</strong></span> 
     </span>
    </p>
   </div>
   <div class='ocr_carea' id='block_1_96' title="bbox 602 5111 2192 5182">
    <p class='ocr_par' dir='ltr' id='par_1_96' title="bbox 602 5111 2192 5182">
     <span class='ocr_line' id='line_1_96' title="bbox 602 5111 2192 5182; baseline -0.006 -4"><span class='ocrx_word' id='word_1_789' title='bbox 602 5123 659 5178; x_wconf 89' lang='lat' dir='ltr'><strong>in</strong></span> <span class='ocrx_word' id='word_1_790' title='bbox 724 5135 814 5176; x_wconf 88' lang='lat' dir='ltr'><strong>me</strong></span> <span class='ocrx_word' id='word_1_791' title='bbox 871 5117 1102 5175; x_wconf 88' lang='lat' dir='ltr'><strong>omnino</strong></span> <span class='ocrx_word' id='word_1_792' title='bbox 1149 5125 1408 5170; x_wconf 86' lang='lat' dir='ltr'><strong>mortuus</strong></span> <span class='ocrx_word' id='word_1_793' title='bbox 1467 5111 1670 5180; x_wconf 89' lang='lat' dir='ltr'><strong>fuerit,</strong></span> <span class='ocrx_word' id='word_1_794' title='bbox 1725 5112 1875 5182; x_wconf 89' lang='lat' dir='ltr'><strong>quod</strong></span> <span class='ocrx_word' id='word_1_795' title='bbox 1931 5113 2192 5168; x_wconf 88' lang='lat' dir='ltr'><strong>nimirum</strong></span> 
     </span>
    </p>
   </div>
   <div class='ocr_carea' id='block_1_97' title="bbox 602 5204 2196 5286">
    <p class='ocr_par' dir='ltr' id='par_1_97' title="bbox 602 5204 2196 5286">
     <span class='ocr_line' id='line_1_97' title="bbox 602 5204 2196 5286; baseline -0.009 -14"><span class='ocrx_word' id='word_1_796' title='bbox 602 5221 822 5286; x_wconf 82' lang='lat' dir='ltr'><strong>spectat</strong></span> <span class='ocrx_word' id='word_1_797' title='bbox 870 5209 938 5266; x_wconf 90' lang='lat' dir='ltr'><strong>ad</strong></span> <span class='ocrx_word' id='word_1_798' title='bbox 987 5216 1227 5263; x_wconf 91' lang='lat' dir='ltr'><strong>mortem</strong></span> <span class='ocrx_word' id='word_1_799' title='bbox 1265 5204 1622 5261; x_wconf 85' lang='lat' dir='ltr'><strong>naturalem:</strong></span> <span class='ocrx_word' id='word_1_800' title='bbox 1656 5220 1767 5260; x_wconf 90' lang='lat' dir='ltr'><strong>non</strong></span> <span class='ocrx_word' id='word_1_801' title='bbox 1794 5204 1877 5260; x_wconf 89' lang='lat' dir='ltr'><strong>sic</strong></span> <span class='ocrx_word' id='word_1_802' title='bbox 1912 5215 2093 5260; x_wconf 85' lang='lat' dir='ltr'><strong>tamen</strong></span> <span class='ocrx_word' id='word_1_803' title='bbox 2135 5212 2196 5259; x_wconf 89' lang='lat' dir='ltr'><strong>ut</strong></span> 
     </span>
    </p>
   </div>
   <div class='ocr_carea' id='block_1_98' title="bbox 605 5296 2193 5366">
    <p class='ocr_par' dir='ltr' id='par_1_98' title="bbox 605 5296 2193 5366">
     <span class='ocr_line' id='line_1_98' title="bbox 605 5296 2193 5366; baseline -0.007 -4"><span class='ocrx_word' id='word_1_804' title='bbox 605 5308 696 5362; x_wconf 89' lang='lat' dir='ltr'><strong>illa</strong></span> <span class='ocrx_word' id='word_1_805' title='bbox 725 5311 980 5361; x_wconf 86' lang='lat' dir='ltr'><strong>teneatur</strong></span> <span class='ocrx_word' id='word_1_806' title='bbox 1001 5299 1109 5356; x_wconf 90' lang='lat' dir='ltr'><strong>sub</strong></span> <span class='ocrx_word' id='word_1_807' title='bbox 1131 5297 1363 5362; x_wconf 87' lang='lat' dir='ltr'><strong>ditione,</strong></span> <span class='ocrx_word' id='word_1_808' title='bbox 1383 5306 1438 5352; x_wconf 91' lang='lat' dir='ltr'><strong>et</strong></span> <span class='ocrx_word' id='word_1_809' title='bbox 1468 5296 1788 5352; x_wconf 89' lang='lat' dir='ltr'><strong>dominetur</strong></span> <span class='ocrx_word' id='word_1_810' title='bbox 1813 5305 1868 5350; x_wconf 88' lang='lat' dir='ltr'><strong>ut</strong></span> <span class='ocrx_word' id='word_1_811' title='bbox 1895 5310 1993 5366; x_wconf 85' lang='lat' dir='ltr'><strong>par</strong></span> <span class='ocrx_word' id='word_1_812' title='bbox 2021 5306 2108 5363; x_wconf 79' lang='lat' dir='ltr'><strong>est</strong></span> <span class='ocrx_word' id='word_1_813' title='bbox 2138 5297 2193 5351; x_wconf 89' lang='lat' dir='ltr'><strong>in</strong></span> 
     </span>
    </p>
   </div>
   <div class='ocr_carea' id='block_1_99' title="bbox 605 5387 2195 5460">
    <p class='ocr_par' dir='ltr' id='par_1_99' title="bbox 605 5387 2195 5460">
     <span class='ocr_line' id='line_1_99' title="bbox 605 5387 2195 5460; baseline -0.008 -6"><span class='ocrx_word' id='word_1_814' title='bbox 605 5395 932 5456; x_wconf 78' lang='lat' dir='ltr'><strong>incredulis.</strong></span> <span class='ocrx_word' id='word_1_815' title='bbox 966 5412 988 5448; x_wconf 75' lang='grc' dir='ltr'>ι</span> <span class='ocrx_word' id='word_1_816' title='bbox 1020 5390 1217 5449; x_wconf 85' lang='lat' dir='ltr'><strong>Credis</strong></span> <span class='ocrx_word' id='word_1_817' title='bbox 1251 5389 1394 5446; x_wconf 81' lang='lat' dir='ltr'><strong>hoc?</strong></span> <span class='ocrx_word' id='word_1_818' title='bbox 1431 5408 1450 5443; x_wconf 75' lang='grc' dir='ltr'><strong>ι</strong></span> <span class='ocrx_word' id='word_1_819' title='bbox 1497 5387 1593 5444; x_wconf 91' lang='lat' dir='ltr'><strong>Sic</strong></span> <span class='ocrx_word' id='word_1_820' title='bbox 1619 5390 1924 5460; x_wconf 87' lang='lat' dir='ltr'><strong>sapienter,</strong></span> <span class='ocrx_word' id='word_1_821' title='bbox 1955 5397 2012 5444; x_wconf 90' lang='lat' dir='ltr'><strong>et</strong></span> <span class='ocrx_word' id='word_1_822' title='bbox 2040 5397 2195 5443; x_wconf 82' lang='lat' dir='ltr'><strong>tanta</strong></span> 
     </span>
    </p>
   </div>
   <div class='ocr_carea' id='block_1_100' title="bbox 485 5483 2195 5557">
    <p class='ocr_par' dir='ltr' id='par_1_100' title="bbox 485 5483 2195 5557">
     <span class='ocr_line' id='line_1_100' title="bbox 485 5483 2195 5557; baseline -0.007 -7"><span class='ocrx_word' id='word_1_823' title='bbox 485 5539 490 5544; x_wconf 92' lang='lat'><strong>.</strong></span> <span class='ocrx_word' id='word_1_824' title='bbox 605 5493 889 5556; x_wconf 86' lang='lat' dir='ltr'><strong>suasione,</strong></span> <span class='ocrx_word' id='word_1_825' title='bbox 929 5491 983 5546; x_wconf 91' lang='lat' dir='ltr'><strong>in</strong></span> <span class='ocrx_word' id='word_1_826' title='bbox 1017 5487 1178 5544; x_wconf 82' lang='lat' dir='ltr'><strong>fidem</strong></span> <span class='ocrx_word' id='word_1_827' title='bbox 1203 5499 1332 5557; x_wconf 71' lang='lat' dir='ltr'><strong>qua:</strong></span> <span class='ocrx_word' id='word_1_828' title='bbox 1362 5494 1448 5541; x_wconf 88' lang='lat' dir='ltr'><strong>est</strong></span> <span class='ocrx_word' id='word_1_829' title='bbox 1490 5484 1560 5540; x_wconf 91' lang='lat' dir='ltr'><strong>de</strong></span> <span class='ocrx_word' id='word_1_830' title='bbox 1593 5485 1736 5554; x_wconf 76' lang='lat' dir='ltr'><strong>ipso,</strong></span> <span class='ocrx_word' id='word_1_831' title='bbox 1778 5483 2048 5539; x_wconf 88' lang='lat' dir='ltr'><strong>transfert</strong></span> <span class='ocrx_word' id='word_1_832' title='bbox 2075 5499 2195 5538; x_wconf 88' lang='lat' dir='ltr'><strong>mu-</strong></span> 
     </span>
    </p>
   </div>
   <div class='ocr_carea' id='block_1_101' title="bbox 607 5577 2193 5650">
    <p class='ocr_par' dir='ltr' id='par_1_101' title="bbox 607 5577 2193 5650">
     <span class='ocr_line' id='line_1_101' title="bbox 607 5577 2193 5650; baseline -0.006 -9"><span class='ocrx_word' id='word_1_833' title='bbox 607 5585 764 5642; x_wconf 87' lang='lat' dir='ltr'><strong>lieris</strong></span> <span class='ocrx_word' id='word_1_834' title='bbox 791 5583 1062 5643; x_wconf 85' lang='lat' dir='ltr'><strong>animum,</strong></span> <span class='ocrx_word' id='word_1_835' title='bbox 1087 5577 1554 5650; x_wconf 87' lang='lat' dir='ltr'><strong>quemadmodum</strong></span> <span class='ocrx_word' id='word_1_836' title='bbox 1586 5578 1882 5646; x_wconf 88' lang='lat' dir='ltr'><strong>responsio</strong></span> <span class='ocrx_word' id='word_1_837' title='bbox 1923 5577 2193 5634; x_wconf 88' lang='lat' dir='ltr'><strong>ostendit.</strong></span> 
     </span>
    </p>
   </div>
   <div class='ocr_carea' id='block_1_102' title="bbox 611 5669 2198 5742">
    <p class='ocr_par' dir='ltr' id='par_1_102' title="bbox 611 5669 2198 5742">
     <span class='ocr_line' id='line_1_102' title="bbox 611 5669 2198 5742; baseline -0.003 -13"><span class='ocrx_word' id='word_1_838' title='bbox 611 5674 758 5740; x_wconf 85' lang='lat' dir='ltr'><strong>Quid</strong></span> <span class='ocrx_word' id='word_1_839' title='bbox 809 5674 959 5730; x_wconf 87' lang='lat' dir='ltr'><strong>enim</strong></span> <span class='ocrx_word' id='word_1_840' title='bbox 1012 5672 1142 5726; x_wconf 70' lang='lat' dir='ltr'><strong>illa?</strong></span> <span class='ocrx_word' id='word_1_841' title='bbox 1174 5689 1192 5723; x_wconf 77' lang='grc' dir='ltr'><strong>ι</strong></span> <span class='ocrx_word' id='word_1_842' title='bbox 1227 5669 1450 5739; x_wconf 84' lang='lat' dir='ltr'><strong>Utique.</strong></span> <span class='ocrx_word' id='word_1_843' title='bbox 1515 5670 1923 5742; x_wconf 83' lang='lat' dir='ltr'><strong>Domine:ego</strong></span> <span class='ocrx_word' id='word_1_844' title='bbox 1979 5669 2198 5732; x_wconf 79' lang='lat' dir='ltr'><strong>credidi</strong></span> 
     </span>
    </p>
   </div>
   <div class='ocr_carea' id='block_1_103' title="bbox 609 5759 2197 5838">
    <p class='ocr_par' dir='ltr' id='par_1_103' title="bbox 609 5759 2197 5838">
     <span class='ocr_line' id='line_1_103' title="bbox 609 5759 2197 5838; baseline -0.001 -20"><span class='ocrx_word' id='word_1_845' title='bbox 609 5779 744 5838; x_wconf 67' lang='lat' dir='ltr'><strong>gnta</strong></span> <span class='ocrx_word' id='word_1_846' title='bbox 775 5770 833 5818; x_wconf 89' lang='lat' dir='ltr'><strong>tu</strong></span> <span class='ocrx_word' id='word_1_847' title='bbox 863 5778 926 5818; x_wconf 88' lang='lat' dir='ltr'><strong>es</strong></span> <span class='ocrx_word' id='word_1_848' title='bbox 968 5759 1227 5820; x_wconf 82' lang='lat' dir='ltr'><strong>Christus</strong></span> <span class='ocrx_word' id='word_1_849' title='bbox 1277 5760 1450 5816; x_wconf 85' lang='lat' dir='ltr'><strong>Filius</strong></span> <span class='ocrx_word' id='word_1_850' title='bbox 1502 5759 1628 5826; x_wconf 90' lang='lat' dir='ltr'><strong>Dei,</strong></span> <span class='ocrx_word' id='word_1_851' title='bbox 1673 5761 1767 5831; x_wconf 88' lang='lat' dir='ltr'><strong>qui</strong></span> <span class='ocrx_word' id='word_1_852' title='bbox 1815 5761 1872 5816; x_wconf 90' lang='lat' dir='ltr'><strong>in</strong></span> <span class='ocrx_word' id='word_1_853' title='bbox 1924 5763 2197 5818; x_wconf 91' lang='lat' dir='ltr'><strong>mundum</strong></span> 
     </span>
    </p>
   </div>
   <div class='ocr_carea' id='block_1_104' title="bbox 2295 4546 3791 4643">
    <p class='ocr_par' dir='ltr' id='par_1_104' title="bbox 2295 4546 3791 4643">
     <span class='ocr_line' id='line_1_104' title="bbox 2295 4546 3791 4643; baseline -0.001 -23"><span class='ocrx_word' id='word_1_854' title='bbox 2295 4567 2514 4629; x_wconf 80' lang='grc' dir='ltr'>δεικνὺς</span> <span class='ocrx_word' id='word_1_855' title='bbox 2565 4567 2690 4624; x_wconf 80' lang='grc' dir='ltr'>κατ’</span> <span class='ocrx_word' id='word_1_856' title='bbox 2747 4569 3002 4637; x_wconf 67' lang='grc' dir='ltr'>ἐξουσίαν</span> <span class='ocrx_word' id='word_1_857' title='bbox 3042 4571 3286 4643; x_wconf 80' lang='grc' dir='ltr'>ἀξίωμα,</span> <span class='ocrx_word' id='word_1_858' title='bbox 3341 4572 3416 4634; x_wconf 84' lang='grc' dir='ltr'>ὡς</span> <span class='ocrx_word' id='word_1_859' title='bbox 3467 4570 3530 4622; x_wconf 82' lang='grc' dir='ltr'>ἂν</span> <span class='ocrx_word' id='word_1_860' title='bbox 3576 4561 3706 4634; x_wconf 72' lang='grc' dir='ltr'>μάθοι</span> <span class='ocrx_word' id='word_1_861' title='bbox 3740 4546 3791 4620; x_wconf 52' lang='grc' dir='ltr'><strong>μὴ</strong></span> 
     </span>
    </p>
   </div>
   <div class='ocr_carea' id='block_1_105' title="bbox 2299 4653 3691 4733">
    <p class='ocr_par' dir='ltr' id='par_1_105' title="bbox 2299 4653 3691 4733">
     <span class='ocr_line' id='line_1_105' title="bbox 2299 4653 3691 4733; baseline -0.009 -20"><span class='ocrx_word' id='word_1_862' title='bbox 2299 4659 2595 4731; x_wconf 84' lang='grc' dir='ltr'>προπετῶς</span> <span class='ocrx_word' id='word_1_863' title='bbox 2617 4661 2674 4715; x_wconf 79' lang='grc' dir='ltr'>ἰν</span> <span class='ocrx_word' id='word_1_864' title='bbox 2710 4664 2824 4724; x_wconf 83' lang='grc' dir='ltr'>τοῖς</span> <span class='ocrx_word' id='word_1_865' title='bbox 2855 4663 2984 4733; x_wconf 79' lang='grc' dir='ltr'>περὶ</span> <span class='ocrx_word' id='word_1_866' title='bbox 3009 4662 3142 4717; x_wconf 81' lang='grc' dir='ltr'>Θεὸν</span> <span class='ocrx_word' id='word_1_867' title='bbox 3173 4664 3350 4732; x_wconf 85' lang='grc' dir='ltr'>λόγοις</span> <span class='ocrx_word' id='word_1_868' title='bbox 3381 4653 3691 4729; x_wconf 75' lang='grc' dir='ltr'>ἐκφέρεσθαι.</span> 
     </span>
    </p>
   </div>
   <div class='ocr_carea' id='block_1_106' title="bbox 2370 4736 3788 4824">
    <p class='ocr_par' dir='ltr' id='par_1_106' title="bbox 2370 4736 3788 4824">
     <span class='ocr_line' id='line_1_106' title="bbox 2370 4736 3788 4824; baseline -0.009 -19"><span class='ocrx_word' id='word_1_869' title='bbox 2370 4752 2542 4822; x_wconf 71' lang='grc' dir='ltr'>Φησὶν</span> <span class='ocrx_word' id='word_1_870' title='bbox 2577 4751 2674 4806; x_wconf 81' lang='grc' dir='ltr'>οὖν</span> <span class='ocrx_word' id='word_1_871' title='bbox 2695 4771 2708 4784; x_wconf 88' lang='grc'><strong>·</strong></span> <span class='ocrx_word' id='word_1_872' title='bbox 2753 4771 2772 4804; x_wconf 75' lang='grc' dir='ltr'><strong>ι</strong></span> <span class='ocrx_word' id='word_1_873' title='bbox 2809 4751 2868 4806; x_wconf 81' lang='grc' dir='ltr'><strong>Ὀ</strong></span> <span class='ocrx_word' id='word_1_874' title='bbox 2897 4755 3176 4808; x_wconf 78' lang='grc' dir='ltr'>πιστεύων</span> <span class='ocrx_word' id='word_1_875' title='bbox 3202 4757 3285 4818; x_wconf 88' lang='grc' dir='ltr'>εἰς</span> <span class='ocrx_word' id='word_1_876' title='bbox 3321 4753 3434 4824; x_wconf 78' lang='grc' dir='ltr'><strong>ἐμὲ,</strong></span> <span class='ocrx_word' id='word_1_877' title='bbox 3468 4751 3565 4802; x_wconf 72' lang='grc' dir='ltr'>κᾶν</span> <span class='ocrx_word' id='word_1_878' title='bbox 3589 4736 3788 4824; x_wconf 63' lang='grc' dir='ltr'>ἀποθάνῃ.</span> 
     </span>
    </p>
   </div>
   <div class='ocr_carea' id='block_1_107' title="bbox 2301 4822 3793 4916">
    <p class='ocr_par' dir='ltr' id='par_1_107' title="bbox 2301 4822 3793 4916">
     <span class='ocr_line' id='line_1_107' title="bbox 2301 4822 3793 4916; baseline -0.002 -19"><span class='ocrx_word' id='word_1_879' title='bbox 2301 4843 2564 4916; x_wconf 77' lang='grc' dir='ltr'>ζήσεται·</span> <span class='ocrx_word' id='word_1_880' title='bbox 2597 4843 2694 4898; x_wconf 77' lang='grc' dir='ltr'>καὶ</span> <span class='ocrx_word' id='word_1_881' title='bbox 2725 4845 2834 4906; x_wconf 83' lang='grc' dir='ltr'><strong>πᾶς</strong></span> <span class='ocrx_word' id='word_1_882' title='bbox 2861 4847 2890 4898; x_wconf 93' lang='lat'><strong>6</strong></span> <span class='ocrx_word' id='word_1_883' title='bbox 2917 4845 3026 4910; x_wconf 79' lang='grc' dir='ltr'>ζῶν</span> <span class='ocrx_word' id='word_1_884' title='bbox 3057 4847 3151 4901; x_wconf 55' lang='grc' dir='ltr'><strong>καὶ⁸</strong></span> <span class='ocrx_word' id='word_1_885' title='bbox 3186 4844 3459 4900; x_wconf 82' lang='grc' dir='ltr'>πιστεύων</span> <span class='ocrx_word' id='word_1_886' title='bbox 3491 4841 3560 4900; x_wconf 80' lang='grc' dir='ltr'>εἰς</span> <span class='ocrx_word' id='word_1_887' title='bbox 3595 4831 3692 4902; x_wconf 68' lang='grc' dir='ltr'><strong>ἐμὲ.</strong></span> <span class='ocrx_word' id='word_1_888' title='bbox 3727 4822 3793 4876; x_wconf 58' lang='grc' dir='ltr'><strong>δέ·</strong></span> 
     </span>
    </p>
   </div>
   <div class='ocr_carea' id='block_1_108' title="bbox 2300 4922 3792 5010">
    <p class='ocr_par' dir='ltr' id='par_1_108' title="bbox 2300 4922 3792 5010">
     <span class='ocr_line' id='line_1_108' title="bbox 2300 4922 3792 5010; baseline -0.003 -20"><span class='ocrx_word' id='word_1_889' title='bbox 2300 4951 2462 4990; x_wconf 89' lang='grc' dir='ltr'>νατον</span> <span class='ocrx_word' id='word_1_890' title='bbox 2489 4937 2550 4989; x_wconf 86' lang='grc' dir='ltr'>οὐ</span> <span class='ocrx_word' id='word_1_891' title='bbox 2591 4935 2668 5008; x_wconf 81' lang='grc' dir='ltr'><strong>μὴ</strong></span> <span class='ocrx_word' id='word_1_892' title='bbox 2708 4934 2796 5010; x_wconf 75' lang='grc' dir='ltr'><strong>ἴδῃ</strong></span> <span class='ocrx_word' id='word_1_893' title='bbox 2821 4939 2901 5002; x_wconf 80' lang='grc' dir='ltr'><strong>είς</strong></span> <span class='ocrx_word' id='word_1_894' title='bbox 2930 4938 3021 4992; x_wconf 77' lang='grc' dir='ltr'>τὸν</span> <span class='ocrx_word' id='word_1_895' title='bbox 3065 4939 3261 4993; x_wconf 79' lang='grc' dir='ltr'>αἰῶνα.</span> <span class='ocrx_word' id='word_1_896' title='bbox 3295 4931 3568 4992; x_wconf 84' lang='grc' dir='ltr'>Πιστεύεις</span> <span class='ocrx_word' id='word_1_897' title='bbox 3591 4922 3792 4986; x_wconf 71' lang='grc' dir='ltr'>τούτί9ἱ³</span> 
     </span>
    </p>
   </div>
   <div class='ocr_carea' id='block_1_109' title="bbox 2303 5016 3797 5098">
    <p class='ocr_par' dir='ltr' id='par_1_109' title="bbox 2303 5016 3797 5098">
     <span class='ocr_line' id='line_1_109' title="bbox 2303 5016 3797 5098; baseline 0.002 -19"><span class='ocrx_word' id='word_1_898' title='bbox 2303 5025 2476 5080; x_wconf 82' lang='grc' dir='ltr'>Τοῦτο</span> <span class='ocrx_word' id='word_1_899' title='bbox 2507 5027 2586 5091; x_wconf 82' lang='grc' dir='ltr'><strong>δὲ,</strong></span> <span class='ocrx_word' id='word_1_900' title='bbox 2626 5027 2874 5082; x_wconf 82' lang='grc' dir='ltr'>τοιοῦτόν</span> <span class='ocrx_word' id='word_1_901' title='bbox 2907 5032 3076 5084; x_wconf 78' lang='grc' dir='ltr'>ἐστιν.</span> <span class='ocrx_word' id='word_1_902' title='bbox 3119 5032 3181 5084; x_wconf 69' lang='lat' dir='ltr'><strong>Et</strong></span> <span class='ocrx_word' id='word_1_903' title='bbox 3234 5029 3344 5098; x_wconf 83' lang='grc' dir='ltr'>γὰρ</span> <span class='ocrx_word' id='word_1_904' title='bbox 3389 5025 3481 5080; x_wconf 73' lang='grc' dir='ltr'>καὶ</span> <span class='ocrx_word' id='word_1_905' title='bbox 3533 5019 3714 5071; x_wconf 65' lang='grc' dir='ltr'><strong>πάντως</strong></span> 
     </span>
    </p>
   </div>
   <div class='ocr_carea' id='block_1_110' title="bbox 2304 5094 3797 5195">
    <p class='ocr_par' dir='ltr' id='par_1_110' title="bbox 2304 5094 3797 5195">
     <span class='ocr_line' id='line_1_110' title="bbox 2304 5094 3797 5195; baseline -0.02 -19"><span class='ocrx_word' id='word_1_906' title='bbox 2304 5119 2485 5192; x_wconf 82' lang='grc' dir='ltr'>θναίη,</span> <span class='ocrx_word' id='word_1_907' title='bbox 2519 5121 2707 5190; x_wconf 77' lang='grc' dir='ltr'>φησὶν,</span> <span class='ocrx_word' id='word_1_908' title='bbox 2731 5121 2760 5174; x_wconf 91' lang='lat'><strong>6</strong></span> <span class='ocrx_word' id='word_1_909' title='bbox 2811 5122 3086 5176; x_wconf 88' lang='grc' dir='ltr'>πιστεύων</span> <span class='ocrx_word' id='word_1_910' title='bbox 3115 5123 3198 5185; x_wconf 82' lang='grc' dir='ltr'><strong>είς</strong></span> <span class='ocrx_word' id='word_1_911' title='bbox 3237 5094 3357 5190; x_wconf 56' lang='grc' dir='ltr'><strong>ἐμὲ,</strong></span> <span class='ocrx_word' id='word_1_912' title='bbox 3393 5117 3481 5170; x_wconf 83' lang='grc' dir='ltr'>τὸν</span> <span class='ocrx_word' id='word_1_913' title='bbox 3512 5102 3704 5195; x_wconf 66' lang='grc' dir='ltr'>φυσικὸν</span> <span class='ocrx_word' id='word_1_914' title='bbox 3732 5094 3797 5195; x_wconf 58' lang='grc' dir='ltr'>δήν</span> 
     </span>
    </p>
   </div>
   <div class='ocr_carea' id='block_1_111' title="bbox 2307 5191 3797 5280">
    <p class='ocr_par' dir='ltr' id='par_1_111' title="bbox 2307 5191 3797 5280">
     <span class='ocr_line' id='line_1_111' title="bbox 2307 5191 3797 5280; baseline -0.013 -16"><span class='ocrx_word' id='word_1_915' title='bbox 2307 5211 2482 5266; x_wconf 78' lang='grc' dir='ltr'>Αονὸτι</span> <span class='ocrx_word' id='word_1_916' title='bbox 2519 5211 2773 5280; x_wconf 79' lang='grc' dir='ltr'>θάνατον,</span> <span class='ocrx_word' id='word_1_917' title='bbox 2805 5214 2922 5268; x_wconf 83' lang='grc' dir='ltr'>ἀλλ’</span> <span class='ocrx_word' id='word_1_918' title='bbox 2952 5217 3015 5270; x_wconf 84' lang='grc' dir='ltr'><strong>ού</strong></span> <span class='ocrx_word' id='word_1_919' title='bbox 3048 5213 3169 5270; x_wconf 83' lang='grc' dir='ltr'>κατ’</span> <span class='ocrx_word' id='word_1_920' title='bbox 3213 5211 3578 5280; x_wconf 75' lang='grc' dir='ltr'>ἐπικράτειαν,</span> <span class='ocrx_word' id='word_1_921' title='bbox 3613 5191 3797 5250; x_wconf 60' lang='grc' dir='ltr'>οἷα-τως</span> 
     </span>
    </p>
   </div>
   <div class='ocr_carea' id='block_1_112' title="bbox 2307 5287 3796 5371">
    <p class='ocr_par' dir='ltr' id='par_1_112' title="bbox 2307 5287 3796 5371">
     <span class='ocr_line' id='line_1_112' title="bbox 2307 5287 3796 5371; baseline -0.013 -12"><span class='ocrx_word' id='word_1_922' title='bbox 2307 5305 2668 5370; x_wconf 79' lang='grc' dir='ltr'>ἀπειθοῦντας</span> <span class='ocrx_word' id='word_1_923' title='bbox 2708 5307 2872 5371; x_wconf 66' lang='grc' dir='ltr'>εἰκός.</span> <span class='ocrx_word' id='word_1_924' title='bbox 2913 5325 2933 5359; x_wconf 82' lang='grc'>‹</span> <span class='ocrx_word' id='word_1_925' title='bbox 2963 5305 3252 5368; x_wconf 80' lang='grc' dir='ltr'>Πιστεύεις</span> <span class='ocrx_word' id='word_1_926' title='bbox 3295 5302 3498 5371; x_wconf 76' lang='grc' dir='ltr'>τούτῳς</span> <span class='ocrx_word' id='word_1_927' title='bbox 3535 5313 3552 5345; x_wconf 72' lang='grc' dir='ltr'><strong>ι</strong></span> <span class='ocrx_word' id='word_1_928' title='bbox 3585 5287 3713 5344; x_wconf 71' lang='grc' dir='ltr'>Οὕτω</span> <span class='ocrx_word' id='word_1_929' title='bbox 3737 5289 3796 5328; x_wconf 62' lang='grc' dir='ltr'><strong>σθ’</strong></span> 
     </span>
    </p>
   </div>
   <div class='ocr_carea' id='block_1_113' title="bbox 2305 5379 3796 5472">
    <p class='ocr_par' dir='ltr' id='par_1_113' title="bbox 2305 5379 3796 5472">
     <span class='ocr_line' id='line_1_113' title="bbox 2305 5379 3796 5472; baseline 0.01 -25"><span class='ocrx_word' id='word_1_930' title='bbox 2305 5396 2422 5472; x_wconf 55' lang='lat' dir='ltr'><strong>qui);</strong></span> <span class='ocrx_word' id='word_1_931' title='bbox 2457 5397 2595 5466; x_wconf 88' lang='grc' dir='ltr'>ἄγαν</span> <span class='ocrx_word' id='word_1_932' title='bbox 2643 5399 2740 5452; x_wconf 62' lang='grc' dir='ltr'><strong>καὶ⁸</strong></span> <span class='ocrx_word' id='word_1_933' title='bbox 2769 5397 3014 5462; x_wconf 83' lang='grc' dir='ltr'>πιθανῶς</span> <span class='ocrx_word' id='word_1_934' title='bbox 3056 5396 3191 5468; x_wconf 81' lang='grc' dir='ltr'>πρὸς</span> <span class='ocrx_word' id='word_1_935' title='bbox 3231 5395 3330 5467; x_wconf 78' lang='grc' dir='ltr'>τὴν</span> <span class='ocrx_word' id='word_1_936' title='bbox 3372 5388 3506 5462; x_wconf 80' lang='grc' dir='ltr'><strong>ἀμφ’</strong></span> <span class='ocrx_word' id='word_1_937' title='bbox 3538 5379 3676 5472; x_wconf 53' lang='grc' dir='ltr'><strong>αὖῖδῨ</strong></span> 
     </span>
    </p>
   </div>
   <div class='ocr_carea' id='block_1_114' title="bbox 2308 5465 3799 5564">
    <p class='ocr_par' dir='ltr' id='par_1_114' title="bbox 2308 5465 3799 5564">
     <span class='ocr_line' id='line_1_114' title="bbox 2308 5465 3799 5564; baseline 0.011 -28"><span class='ocrx_word' id='word_1_938' title='bbox 2308 5483 2432 5550; x_wconf 84' lang='grc' dir='ltr'>άγει</span> <span class='ocrx_word' id='word_1_939' title='bbox 2466 5485 2652 5538; x_wconf 81' lang='grc' dir='ltr'>πίστιν</span> <span class='ocrx_word' id='word_1_940' title='bbox 2678 5485 2776 5539; x_wconf 80' lang='grc' dir='ltr'>τοῦ</span> <span class='ocrx_word' id='word_1_941' title='bbox 2807 5488 3034 5553; x_wconf 72' lang='grc' dir='ltr'>γοναίου</span> <span class='ocrx_word' id='word_1_942' title='bbox 3063 5485 3161 5556; x_wconf 83' lang='grc' dir='ltr'>τὴν</span> <span class='ocrx_word' id='word_1_943' title='bbox 3192 5475 3564 5564; x_wconf 68' lang='grc' dir='ltr'>διάνοιαν,</span> <span class='ocrx_word' id='word_1_944' title='bbox 3591 5465 3799 5564; x_wconf 65' lang='grc' dir='ltr'><strong>δείκγυπν</strong></span> 
     </span>
    </p>
   </div>
   <div class='ocr_carea' id='block_1_115' title="bbox 2308 5555 3799 5654">
    <p class='ocr_par' dir='ltr' id='par_1_115' title="bbox 2308 5555 3799 5654">
     <span class='ocr_line' id='line_1_115' title="bbox 2308 5555 3799 5654; baseline 0.003 -25"><span class='ocrx_word' id='word_1_945' title='bbox 2308 5576 2695 5649; x_wconf 53' lang='grc' dir='ltr'><strong>⁴ίγεὶιπόκρισις.</strong></span> <span class='ocrx_word' id='word_1_946' title='bbox 2729 5580 2795 5632; x_wconf 85' lang='grc' dir='ltr'>Τί</span> <span class='ocrx_word' id='word_1_947' title='bbox 2830 5583 2941 5654; x_wconf 80' lang='grc' dir='ltr'>γάρ</span> <span class='ocrx_word' id='word_1_948' title='bbox 2979 5596 3145 5652; x_wconf 84' lang='grc' dir='ltr'>φησιν</span> <span class='ocrx_word' id='word_1_949' title='bbox 3185 5578 3398 5647; x_wconf 77' lang='grc' dir='ltr'>ἐκείνης</span> <span class='ocrx_word' id='word_1_950' title='bbox 3447 5555 3799 5654; x_wconf 36' lang='grc' dir='ltr'><strong>(Ναὶς-δύη,</strong></span> 
     </span>
    </p>
   </div>
   <div class='ocr_carea' id='block_1_116' title="bbox 2307 5648 3800 5739">
    <p class='ocr_par' dir='ltr' id='par_1_116' title="bbox 2307 5648 3800 5739">
     <span class='ocr_line' id='line_1_116' title="bbox 2307 5648 3800 5739; baseline 0.001 -20"><span class='ocrx_word' id='word_1_951' title='bbox 2307 5667 2450 5736; x_wconf 84' lang='grc' dir='ltr'><strong>Ἐγὼ</strong></span> <span class='ocrx_word' id='word_1_952' title='bbox 2479 5648 2851 5737; x_wconf 75' lang='grc' dir='ltr'>πεπίστευκα,</span> <span class='ocrx_word' id='word_1_953' title='bbox 2896 5648 3072 5726; x_wconf 16' lang='grc' dir='ltr'>έτιῖσύ</span> <span class='ocrx_word' id='word_1_954' title='bbox 3123 5665 3174 5722; x_wconf 76' lang='grc' dir='ltr'>εἷ</span> <span class='ocrx_word' id='word_1_955' title='bbox 3221 5671 3250 5723; x_wconf 90' lang='lat'><strong>6</strong></span> <span class='ocrx_word' id='word_1_956' title='bbox 3282 5664 3506 5739; x_wconf 79' lang='grc' dir='ltr'>Χριστὸς</span> <span class='ocrx_word' id='word_1_957' title='bbox 3541 5660 3567 5712; x_wconf 87' lang='grc' dir='ltr'>ὁ</span> <span class='ocrx_word' id='word_1_958' title='bbox 3599 5648 3800 5739; x_wconf 33' lang='lat' dir='ltr'><strong>“bim</strong></span> 
     </span>
    </p>
   </div>
   <div class='ocr_carea' id='block_1_117' title="bbox 2251 5729 3799 5835">
    <p class='ocr_par' dir='ltr' id='par_1_117' title="bbox 2251 5729 3799 5835">
     <span class='ocr_line' id='line_1_117' title="bbox 2251 5729 3799 5835; baseline 0 -23"><span class='ocrx_word' id='word_1_959' title='bbox 2251 5750 2260 5757; x_wconf 79' lang='grc'><strong>’</strong></span> <span class='ocrx_word' id='word_1_960' title='bbox 2309 5729 2472 5827; x_wconf 77' lang='grc' dir='ltr'>Θεοῦ,</span> <span class='ocrx_word' id='word_1_961' title='bbox 2501 5762 2529 5814; x_wconf 91' lang='lat'><strong>6</strong></span> <span class='ocrx_word' id='word_1_962' title='bbox 2557 5761 2638 5824; x_wconf 84' lang='grc' dir='ltr'><strong>εἰς</strong></span> <span class='ocrx_word' id='word_1_963' title='bbox 2672 5759 2764 5816; x_wconf 78' lang='grc' dir='ltr'>τδν</span> <span class='ocrx_word' id='word_1_964' title='bbox 2797 5729 3003 5835; x_wconf 64' lang='grc' dir='ltr'>κοσμον</span> <span class='ocrx_word' id='word_1_965' title='bbox 3035 5729 3344 5835; x_wconf 53' lang='grc' dir='ltr'>ὲρχόμενοςί</span> <span class='ocrx_word' id='word_1_966' title='bbox 3373 5776 3391 5808; x_wconf 75' lang='grc' dir='ltr'><strong>ι</strong></span> <span class='ocrx_word' id='word_1_967' title='bbox 3417 5750 3558 5812; x_wconf 73' lang='grc' dir='ltr'>Εἶδες</span> <span class='ocrx_word' id='word_1_968' title='bbox 3582 5739 3661 5797; x_wconf 68' lang='grc' dir='ltr'><strong>τοῦ</strong></span> <span class='ocrx_word' id='word_1_969' title='bbox 3686 5729 3799 5794; x_wconf 57' lang='grc' dir='ltr'><strong>λὸτω</strong></span> 
     </span>
    </p>
   </div>
  </div>
