4016 6130
356 327 468 392 973

1424 327 1506 387 ΙΝ
1540 326 1900 388 LAZARUM
1937 325 2580 391 OUATRIDUANUM.

3510 325 3616 392 971

355 440 425 496 τὸ
454 436 706 511 ίσχυρόν;
739 432 912 504 Εἶδες,
942 441 1022 502 είς
1071 439 1194 493 οἵαν
1241 439 1412 510 αὐτὴν
1453 440 1806 496 ἐπεσπάσατο
1845 437 1934 492 πί-

2038 441 2212 495 venis.
2245 460 2271 492 τ
2303 439 2558 496 V'idistin’
2594 439 2870 496 sermonis
2895 438 3236 495 efficaciam?
3277 438 3614 498 Vidistin‘in

361 549 509 599 στιν;
559 533 633 594 ὡς
676 531 767 584 καὶ
821 531 1109 600 δογμάτων
1147 530 1434 601 ἀκριϐείας
1467 531 1800 601 ἐφάψασθαι.
1833 531 1932 601 τὴν

360 624 468 696 πρὸ
507 622 703 695 μικροῦ
760 623 1139 694 σφαλλομένην
1183 623 1253 676 δι’
1303 623 1606 692 ἁπλότητα.
1644 625 1786 677 Ὅσα
1824 623 1933 692 γὰρ

358 720 452 770 ἐπὶ
503 715 737 786 Χριστοῦ
778 715 1114 786 διομολογεῖν
1165 716 1314 779 ἔδει,
1374 714 1828 787 περιφραστικῶς
1877 717 1934 769 ὲν

362 811 559 882 βραχεῖ
617 809 956 878 διηγόρευσε.
1012 827 1030 859 ι
1072 807 1180 860 Ναὶ
1210 807 1318 876 γάρ
1343 823 1376 870 ·,
1406 804 1519 873 ἐγὼ
1569 806 1932 870 πεπίστευκα,

359 903 546 971 φησὶν,
584 900 666 952 ὄτι
695 901 759 951 σὺ
794 893 845 950 εἶ
878 899 907 950 6
953 898 1187 968 Χριστὸς
1221 900 1250 950 6
1285 897 1412 960 Υἱὸς
1443 897 1538 950 τοῦ
1573 895 1731 957 Θεοῦ,
1775 897 1803 948 6
1857 897 1935 957 είς

357 993 448 1047 τὸν
474 993 677 1060 κόσμον
717 991 1034 1060 ἐρχόμενος,
1070 1009 1088 1040 ι
1133 987 1402 1059 ἀριδηλως
1435 988 1752 1059 κηρύξασαο
1793 985 1936 1040 κατὰ

357 1083 557 1139 ταυτόν
591 1101 649 1136 τε
704 1082 822 1152 ἅμα
859 1081 952 1134 τὸν
984 1080 1084 1150 τῆς
1119 1080 1421 1148 θεολογίας,
1467 1080 1562 1134 καὶ
1594 1079 1697 1147 τῆς
1725 1079 1936 1133 οἰκονο-

361 1176 492 1247 μίας
530 1170 940 1246 περιληπτικῶς
973 1173 1303 1243 συνεπέρανε
1333 1171 1508 1240 λόγον.

438 1366 458 1400 ι
497 1348 608 1402 Καὶ
633 1344 817 1410 τοῦτο,
850 1346 1038 1417 φησὶν,
1060 1344 1314 1410 εἰποῦσα,
1349 1345 1559 1415 ἀπῆλθε
1592 1347 1688 1400 καὶ
1721 1345 1939 1416 ἐφώνη-

361 1458 423 1494 σε
447 1441 548 1512 τὴν
576 1439 813 1510 ἀδελφὴν
841 1439 1036 1506 αὐτῆς,
1067 1436 1244 1508 λάθρα
1283 1437 1515 1490 εἰποῦσα
1533 1455 1546 1470 ο
1595 1438 1654 1490 '0
1683 1437 1940 1492 διδάσκα-

359 1535 452 1598 λος
479 1535 737 1605 πάρεστι,
784 1529 880 1584 καὶ
941 1529 1111 1598 φωνεῖ
1168 1544 1250 1581 σε.
1285 1525 1522 1600 Ἐκείνη,
1558 1529 1634 1593 ὡς
1683 1529 1937 1600 ἤκουσεν,

360 1625 576 1698 ἠγέρθη
624 1625 786 1694 ταχὺ.
839 1621 934 1676 καὶ
983 1621 1184 1692 ἤρχετο
1225 1620 1358 1691 πρὸς
1393 1620 1577 1676 αὐτόν.
1613 1639 1632 1670 ι
1683 1619 1840 1674 Κατὰ
1878 1620 1940 1673 τὸ

361 1718 481 1770 ἴσον
511 1717 608 1786 τῆς
652 1713 831 1783 λύπης
857 1710 951 1764 τοῦ
987 1709 1220 1779 ἀδελφοῦ
1265 1710 1366 1781 τὴν
1415 1709 1590 1781 χαρὰν
1645 1708 1934 1778 δεξαμένη.

374 1807 464 1868 Ὠς
496 1778 605 1874 γὰρ
635 1778 800 1873 μόνον
828 1801 1062 1872 ᾗκουσεν
1104 1778 1188 1852 ὅτι
1219 1778 1447 1870 Ἰησοῦς
1467 1778 1612 1869 ἥκει,
1647 1796 1846 1850 αὐτίκα
1883 1796 1946 1850 τὸ
1977 1778 2016 1834 Β

365 1898 464 1968 μὲν
497 1894 694 1958 πένθος
753 1892 1008 1954 ἀπέθετο,
1043 1891 1142 1961 τῆς
1171 1890 1227 1944 δὲ
1280 1891 1516 1954 πίστεως
1554 1889 1614 1942 τὸ
1645 1889 1764 1952 ζέον
1803 1906 1944 1960 παρ·-

363 1985 555 2054 ἑδειξε.
603 1979 928 2058 Πρεπόντως
985 1978 1078 2036 οῦν
1137 1984 1233 2036 καὶ
1283 1983 1316 2054 ἡ
1365 1982 1567 2053 Μάρθα
1618 1981 1841 2052 χρῆται,
1880 1982 1942 2035 οὐ

363 2077 760 2152 δημηγοροῦσα
808 2075 1045 2147 Χριστοῦ
1085 2073 1186 2146 τὴν
1242 2073 1558 2143 ὑπόσχεσιν.
1597 2072 1778 2143 Ἐώρα
1833 2073 1944 2142 γὰρ

361 2174 493 2236 τοὺς
525 2170 798 2240 παρόντας
836 2168 1049 2239 ὄχλους,
1079 2166 1130 2220 οἳ
1173 2164 1564 2237 παρεκάθηντο
1594 2163 1692 2236 τὴν
1721 2163 1944 2235 Μαρίαν

363 2255 878 2328 παραμυθούμενοι,
915 2254 974 2319 ἐξ
1003 2247 1077 2307 ὧν
1114 2249 1257 2325 ἦσαν
1287 2252 1337 2306 οἳ
1379 2253 1692 2322 διεφθόνουν
1727 2253 1943 2323 θαυμα-

362 2348 690 2420 τουργοῦντι
730 2347 976 2416 Χριστῷο
1035 2365 1053 2398 ι
1094 2345 1152 2400 '0
1185 2345 1503 2409 διδάσκαλος
1549 2346 1804 2416 πάρεστι,
1851 2344 1945 2398 καὶ

365 2442 538 2510 φωνεῖ
564 2455 642 2493 σε.
676 2457 694 2488 ι
745 2439 844 2490 Ἐκ
871 2435 968 2489 τοῦ
1013 2437 1292 2506 παρεῖναι,
1331 2435 1489 2506 φησὶ,
1525 2434 1587 2488 τὸ
1619 2434 1945 2506 τελούμενον

365 2531 582 2586 σκόπει.
617 2531 691 2583 Οὐ
725 2527 1216 2601 παραμυθούμενος
1237 2528 1384 2599 ἥκει,
1409 2527 1468 2580 οὐ
1502 2526 1941 2600 ψυχαγωγήσων.

371 2624 446 2677 ἸΙ
481 2625 590 2694 γὰρ
642 2622 707 2677 ἂν
739 2623 833 2677 καὶ
885 2622 990 2696 πρὸ
1028 2623 1218 2674 τούτου
1261 2621 1478 2689 ἀφῖκτο.
1509 2620 1755 2674 Ζωώσων
1794 2621 1941 2690 ἥκει,

365 2718 692 2787 ἀναστήσων
711 2715 802 2770 τὸν
831 2713 1116 2782 σύγγονον.
1157 2731 1175 2763 ι
1213 2711 1278 2767 'H
1309 2710 1364 2765 δὲ
1401 2710 1561 2782 μόνον
1589 2709 1664 2772 ὠς
1687 2711 1942 2782 ἤκουσεν,

363 2806 578 2878 ἠγέρθη
610 2806 768 2877 ταχὺ,
794 2806 885 2858 καὶ
913 2805 1116 2876 ἦρχετο
1144 2803 1283 2874 πρὸς
1316 2801 1500 2856 αὐτόν.
1533 2819 1552 2851 ι
1593 2801 1707 2854 Οὐκ
1737 2803 1946 2872 ἐρωτή-

367 2917 532 2963 σασα,
573 2898 779 2968 ἢπρὸς
837 2896 1033 2968 μικρὸν
1063 2893 1408 2966 ἀναμείνασα
1430 2909 1444 2924 ·
1497 2893 1613 2946 ἀλλ’
1649 2894 1726 2956 ὡς
1764 2893 1944 2966 ἄνπερ

366 2992 458 3044 τὸν
513 2989 742 3058 ἀδελφὸν
801 2989 860 3040 ὲν
905 2986 1096 3058 χερσὶν
1155 2985 1354 3056 ἔχουσα
1409 2982 1622 3048 ζῶντα,
1667 2983 1944 3056 δρομαίως

364 3083 644 3145 ἀνίστατο,
698 3080 794 3133 καὶ
837 3078 975 3147 πρὸς
1021 3075 1118 3146 τὴν
1182 3075 1327 3146 ζωὴν
1351 3074 1626 3144 ἀνεπήδα,
1679 3074 1852 3144 μικρὰ
1905 3073 1940 3144 ἢ

364 3173 520 3226 οὐδὲν
569 3170 676 3224 τῶν
730 3167 1128 3240 συμπαρόντων
1179 3165 1546 3237 φροντίσασα·
1601 3183 1620 3216 ι
1658 3164 1827 3218 Οὔπω
1886 3164 1944 3216 δὲ

375 3265 587 3336 Ἰησοῦς
627 3263 876 3335 ἐληλύθει
911 3263 991 3326 εἰς
1015 3261 1116 3330 τὴν
1155 3261 1370 3330 κώμην,
1403 3258 1518 3312 ἀλλ’
1559 3257 1640 3312 ἔτι
1677 3253 1745 3328 ἦν
1783 3260 1840 3310 ἐν
1865 3255 1944 3326 τῷ

365 3358 540 3428 τόπῳ,
571 3358 706 3410 ὅπου
739 3355 1050 3424 ὑπήντησεν
1081 3350 1230 3422 αὐτῷ
1273 3353 1307 3420 ὴ
1345 3349 1566 3418 Μάρθα.
1613 3367 1631 3400 ι
1677 3347 1944 3402 Τοσοῦτον

364 3450 660 3513 ἔσπευσεν,
693 3446 768 3510 ὡς
797 3446 883 3508 ἔθ’
937 3443 1104 3498 αὐτοῦ
1133 3443 1338 3512 φθάσαι
1379 3440 1476 3494 τοῦ
1501 3439 1666 3494 τόπου
1709 3439 1801 3493 τὸν
1833 3437 1944 3493 Κύ-

369 3557 510 3612 ριον.
553 3537 938 3610 Σχολαιότερον
961 3600 970 3604 _
993 3535 1103 3606 γὰρ
1148 3531 1446 3603 ἐπορεύετο
1473 3531 1562 3585 διὰ
1599 3530 1696 3600 τὴν
1725 3530 1944 3602 δύσεριν

366 3633 479 3684 τῶν
509 3629 784 3682 Ἰουδαίων
833 3628 1112 3690 ὑπόνοιαν,
1152 3623 1247 3676 τοῦ
1287 3623 1364 3694 μὴ
1409 3622 1558 3689 δόξαι
1617 3623 1943 3694 κατεπιτρέ-

365 3739 488 3795 χειν
523 3719 603 3791 τῷ
648 3719 912 3788 θαύματι,
947 3715 1063 3769 ἀλλ’
1121 3714 1198 3777 ὡς
1244 3715 1310 3766 ὲκ
1344 3714 1662 3783 προτροπῆς
1709 3713 1818 3766 τῶν
1849 3729 1946 3782 γυ-

365 3810 538 3865 ναίων
564 3807 918 3877 καλούμενος.
948 3805 1106 3857 Ἐπεὶ
1151 3801 1285 3874 μηδὲ
1334 3805 1592 3873 παρεῖναι
1626 3801 1941 3874 βεδούλητο,

365 3906 418 3957 εί
451 3903 527 3974 μὴ
556 3901 897 3974 προτραπεὶς
927 3898 1156 3970 ἐκλήθη,
1182 3895 1260 3966 τῷ
1295 3896 1370 3968 μὴ
1398 3895 1763 3968 προσποίησιν
1792 3913 1945 3967 νομι-

367 3995 564 4065 σθῆναι
605 3995 666 4047 τὸ
719 3993 974 4064 πρᾶγμα.
1031 3991 1120 4053 '0;
1164 3986 1255 4043 οὖν
1289 3983 1430 4042 εἶδον
1478 3987 1580 4059 τὴν
1630 3988 1851 4060 Μαρίαν
1894 3990 1944 4042 ei

367 4087 505 4157 περὶ
542 4085 712 4154 αὐτὴν
755 4083 999 4136 Ἰουδαῖοι
1042 4081 1254 4151 ταχέως
1314 4080 1411 4150 μὲν
1441 4079 1777 4142 ἀναστᾶσαν,
1820 4079 1944 4150 δρο-

372 4177 550 4250 μαίως
590 4175 648 4230 δὲ
672 4175 773 4244 τῆς
795 4173 971 4235 οἰκίας
999 4172 1262 4234 ἐκϐᾶσαν,
1289 4169 1542 4233 δόξαντες
1573 4169 1776 4223 ὡσανεὶ
1807 4169 1944 4240 πρὸς

364 4271 430 4324 τὸ
467 4270 733 4340 μνημεῖον
789 4265 1041 4320 σπεύδειν
1068 4262 1259 4333 αὐτὴν,
1315 4261 1398 4314 ἶνα
1437 4258 1600 4330 τυχὸν
1651 4259 1943 4331 σπαράξῃ,

367 4362 465 4416 καὶ
502 4361 772 4422 κωκυτοῖς
803 4357 895 4411 τὸν
921 4354 1184 4424 σύγγονον
1221 4351 1582 4422 ἁποδύρηται,
1619 4349 1944 4423 συνεξῆλθον

2037 547 2196 601 quam
2229 549 2350 588 eam
2407 533 2676 603 pertraxit
2722 531 2924 588 fidem?
2951 531 3043 588 Sic
3071 531 3353 598 nimirum,
3385 541 3444 586 ut
3491 549 3616 604 quae

2037 624 2202 694 paulo
2237 628 2498 695 superius
2537 641 2604 681 ex
2648 625 3006 695 simplicitate
3045 624 3302 686 errabat,
3355 637 3616 682 accurata

2035 715 2202 769 etiam
2237 716 2492 784 dogmata
2517 717 2783 786 attigerit.
2813 714 3092 786 Quidquid
3119 716 3264 770 enim
3297 715 3364 770 de
3391 716 3618 774 Christo

2037 807 2327 876 Oportebat
2351 808 2625 873 confiteri,
2643 807 2789 863 brevi
2811 807 3304 862 circumlocutione
3327 807 3614 862 disseruit.

2037 897 2176 952 Nam
2201 899 2436 955 dicendo
2476 919 2489 955 :
2539 919 2557 952 ι
2593 898 2832 970 Utique,
2861 915 2962 970 ego
2992 900 3240 967 credidi,
3272 903 3403 970 quia
3449 910 3502 956 tu
3555 917 3618 956 cs

2037 987 2296 1044 Christus
2318 987 2494 1045 Filius
2530 987 2626 1045 Dei
2658 989 2754 1060 qui
2782 991 2836 1044 iu
2869 988 3137 1046 mundum
3181 992 3338 1045 venis
3376 1009 3389 1045 :
3421 1010 3442 1044 ι
3471 992 3620 1046 clare

2039 1079 2094 1133 in
2146 1095 2318 1134 unum
2369 1081 2574 1149 pariter
2617 1088 2673 1137 et
2727 1081 3016 1153 theologiae
3071 1098 3136 1137 ac
3199 1082 3515 1146 Trinitatis.
3565 1095 3621 1140 et

2040 1176 2364 1228 mentientia.-
2387 1187 2452 1229 ac
2492 1174 2894 1230 incarnationis
2911 1174 3222 1230 doctrinam
3241 1177 3621 1250 complexione

2041 1265 2339 1321 conclusit.

2117 1376 2137 1408 ι
2181 1355 2246 1411 Et
2276 1373 2425 1423 cum,
2469 1357 2671 1428 inquit,
2712 1357 2815 1413 hoe
2853 1356 3108 1424 dixisset,
3155 1357 3318 1426 abiit,
3356 1370 3412 1414 et
3450 1376 3618 1416 voca-

2043 1449 2122 1502 vit
2179 1463 2429 1504 sororem
2490 1464 2647 1504 suam
2711 1449 2988 1515 silentio,
3059 1450 3293 1506 dicens:
3356 1451 3621 1522 Magister

2041 1539 2219 1601 adest,
2257 1549 2312 1594 ct
2353 1547 2510 1594 vocat
2549 1548 2621 1595 te.
2661 1539 2762 1596 Illa
2793 1547 2850 1596 ut
2886 1541 3127 1608 audivit,
3181 1543 3430 1598 surrexit
3479 1547 3618 1606 cito,

2041 1644 2096 1687 et
2124 1632 2278 1686 venit
2311 1631 2380 1687 ad
2419 1648 2568 1688 eum.
2601 1651 2620 1685 ι
2667 1631 2884 1689 Gaudio
2924 1633 3276 1704 perfunditur
3315 1651 3417 1706 pro
3456 1637 3621 1692 modo

2043 1732 2326 1793 conceptae
2355 1725 2426 1780 de
2457 1733 2630 1780 morte
2672 1725 2864 1782 fratris
2913 1727 3174 1782 tristitiae.
3209 1725 3280 1782 Ut
3311 1729 3458 1799 enim
3501 1737 3622 1783 tan-

2046 1825 2160 1870 tum
2191 1816 2404 1872 audivit
2437 1816 2660 1872 venisse
2691 1815 2904 1882 Jesmn,
2938 1818 3236 1874 confestim
3265 1819 3490 1892 quidem
3525 1821 3622 1874 dc-

2042 1907 2228 1978 posuit
2268 1907 2498 1971 luctum,
2533 1907 2659 1962 fidei
2701 1923 2832 1964 vero
2872 1907 3148 1966 fervorem
3193 1910 3466 1966 exhibuit.
3515 1911 3622 1968 Sed

2041 2010 2094 2054 et
2147 1997 2360 2054 Martha
2409 1998 2676 2054 decenter
2719 1999 2850 2069 agit,
2909 2015 3020 2056 non
3075 2002 3355 2071 publicata
3414 2003 3622 2061 Christi

2045 2092 2432 2160 promissione.
2469 2090 2710 2148 Videbat
2747 2093 2894 2148 enim
2929 2093 3489 2173 cireumassidcntem
3511 2097 3626 2152 Ma-

2047 2183 2140 2237 riae
2168 2184 2548 2242 eonsolantem
2576 2183 2818 2250 turbam,
2846 2185 2902 2240 in
2924 2201 3035 2256 qua
3069 2195 3260 2243 essent
3285 2189 3379 2258 qui
3399 2189 3626 2246 Christo

2047 2275 2308 2330 miracula
2358 2274 2546 2330 edenti
2609 2275 2942 2332 inviderent.
2987 2294 3009 2328 ε
3059 2276 3320 2348 Magister
3357 2281 3534 2344 adest,
3569 2291 3626 2337 et

2046 2373 2207 2424 vocat
2235 2373 2306 2428 te.
2341 2385 2362 2422 ι
2407 2365 2487 2420 Ex
2510 2365 2834 2435 praesentia,
2869 2367 3068 2438 inquit,
3098 2383 3268 2438 pensa
3316 2371 3464 2440 quod
3501 2388 3624 2442 ρετ.

2045 2458 2247 2530 agitur.
2282 2455 2405 2514 Non
2466 2459 2620 2512 venit
2651 2465 2714 2512 ut
2739 2459 3073 2519 consoletur.
3099 2478 3114 2514 :
3145 2475 3257 2515 non
3305 2471 3365 2514 ut
3395 2462 3627 2518 deliniat

2045 2553 2285 2606 annuos.
2318 2549 2538 2619 Alioqui
2579 2549 2735 2618 prius
2773 2549 2938 2604 etiam
2985 2550 3320 2606 advenisset.
3361 2553 3524 2608 Venit
3565 2563 3627 2611 ut

2045 2641 2214 2697 vitam
2250 2642 2531 2707 restituat,
2563 2650 2624 2697 ut
2653 2641 2882 2696 fratrem
2912 2643 3233 2700 resuscitet.
3263 2663 3282 2696 ι
3327 2644 3420 2700 illa
3443 2654 3624 2702 autem

2047 2743 2102 2788 ut
2138 2735 2318 2789 solum
2346 2734 2576 2796 audivit.
2617 2734 3014 2793 surrenitcito.
3067 2749 3123 2792 et
3158 2736 3311 2790 venit
3345 2735 3412 2790 ad
3436 2752 3620 2794 eum.»

2043 2825 2191 2882 Nihil
2223 2827 2552 2896 interrogat,
2587 2839 2690 2881 nec
2723 2825 2807 2880 vel
2837 2825 3124 2882 minimum
3159 2836 3456 2884 cunctatur
3485 2847 3498 2885 :
3527 2831 3624 2888 sed

2046 2919 2208 2991 quasi
2249 2919 2434 2974 vivum
2469 2918 2702 2974 fratrem
2745 2917 2972 2974 haberet
3009 2918 3064 2973 in
3110 2920 3404 2984 manibus,
3447 2925 3626 2994 surgit

2047 3012 2290 3075 concito,
2323 3021 2378 3064 et
2413 3011 2482 3067 ad
2512 3011 2679 3066 vitam
2733 3010 2974 3080 prosilit,
3008 3027 3202 3081 parum
3227 3020 3322 3068 aut
3357 3014 3496 3068 nihil
3528 3030 3627 3085 pa-

1970 3121 2011 3178 ο
2047 3101 2179 3156 riter
2227 3101 2492 3156 collectos
2537 3114 2742 3156 curans
2779 3119 2792 3156 :
2833 3119 2855 3154 ι
2885 3099 3146 3158 Nondum
3195 3104 3346 3158 enim
3398 3115 3626 3162 venerat

2049 3189 2212 3247 Jesus
2255 3191 2311 3246 in
2353 3191 2687 3247 castellum:
2733 3191 2832 3248 sed
2882 3201 3003 3248 erat
3037 3193 3218 3248 adhuc
3261 3194 3312 3249 in
3349 3195 3442 3251 illo
3474 3196 3622 3262 loco,

2049 3281 2140 3335 ubi
2172 3287 2498 3335 occurrerat
2519 3279 2568 3334 ei
2611 3278 2844 3336 Martha.
2878 3299 2896 3332 ι
2931 3279 3118 3352 Usque
3161 3283 3298 3338 adeo
3327 3284 3626 3340 festinave-

2046 3378 2153 3431 rat,
2181 3377 2240 3422 ut
2279 3369 2336 3424 in
2371 3369 2490 3440 ipso
2525 3368 2647 3422 loco
2685 3369 3047 3423 anteverterit
3081 3369 3396 3426 Dominum.
3438 3372 3620 3430 Moro-

2046 3463 2165 3518 sius
2202 3461 2350 3516 enim
2389 3459 2682 3518 incedebat
2735 3459 2808 3514 ob
2841 3456 3160 3516 Judaeorum
3209 3466 3621 3539 contentiosam

2045 3553 2468 3608 mstitnationem
2501 3571 2515 3608 :
2555 3559 2612 3606 ut
2635 3568 2703 3608 ne
2731 3551 3020 3608 videretur
3047 3552 3166 3620 ipse
3192 3553 3258 3608 ad
3293 3556 3620 3612 miraculum

2045 3661 2399 3718 procurrere,
2437 3645 2532 3702 sed
2565 3646 2726 3718 quasi
2777 3645 3070 3700 mulierum
3107 3654 3300 3716 rogatu
3335 3649 3623 3705 accedere.

2045 3735 2179 3791 Nam
2231 3750 2410 3806 neque
2442 3735 2634 3790 venire
2682 3735 2951 3802 voluerat,
3001 3735 3108 3790 nisi
3169 3751 3360 3790 earnm
3411 3739 3625 3793 accitus

2045 3827 2456 3891 obsecratione,
2509 3835 2568 3880 ut
2613 3841 2684 3882 ne
2729 3841 2816 3882 res
2859 3825 3146 3882 simulatio
3181 3839 3494 3898 putaretur.
3556 3833 3626 3888 Ut

2046 3927 2226 3972 autem
2257 3916 2452 3981 Judaei,
2480 3917 2573 3988 qui
2609 3927 2770 3972 erant
2803 3933 2930 3972 cum
2973 3919 3166 3982 Maria.
3217 3922 3475 3978 viderunt
3513 3923 3626 3979 cito

2045 4011 2376 4072 surrexisse,
2411 4025 2473 4064 ac
2508 4010 2674 4066 domo
2700 4011 2976 4066 concitam
3015 4013 3218 4078 exisse,
3247 4017 3626 4073 existimantes

2044 4102 2192 4157 velut
2225 4101 2291 4156 ad
2325 4110 2742 4157 monumentum
2777 4089 3100 4173 properare,
3131 4113 3189 4159 ιιι
3214 4121 3273 4160 se
3311 4107 3496 4164 forsan
3524 4124 3626 4162 un-

1965 4240 1969 4244 .
2043 4191 2245 4262 guibus
2284 4191 2585 4257 laceraret,
2636 4191 2966 4259 ululatuque
3008 4192 3322 4264 deploraret
3371 4193 3624 4259 fratrem,

1999 4301 2006 4308 ·
2046 4296 2154 4336 una
2179 4282 2392 4353 egressi
2419 4291 2568 4345 sunt,
2606 4283 2758 4337 velut
2797 4285 2866 4340 ab
2903 4299 2972 4340 eo
3009 4282 3201 4340 fratris
3231 4285 3384 4340 luctu
3435 4286 3624 4356 prohi-

2043 4372 2233 4430 bituri.
2274 4371 2468 4427 Divina
2510 4388 2642 4428 vero
2695 4373 3040 4444 providentia
3089 4389 3180 4430 res
3213 4374 3530 4444 gerebatur,
3564 4385 3624 4432 ut

362 4454 531 4525 αὐτῇ,
571 4451 804 4504 κωλύειν
825 4448 1014 4518 ὥσπερ
1042 4444 1357 4518 βουλόμενοι
1383 4443 1480 4514 τῆς
1509 4443 1604 4496 ἐπὶ
1630 4443 1706 4514 τῷ
1727 4443 1940 4515 ἀδελφῷ

2042 4473 2096 4518 et
2121 4465 2199 4518 illi
2231 4465 2515 4548 adessent,
2537 4482 2646 4536 quo
2690 4443 2795 4524 sub
2822 4484 3016 4525 eorum
3067 4443 3358 4526 obtutibus
3411 4469 3619 4527 editum

363 4544 695 4618 θρηνῳδίας.
727 4543 801 4596 Τὸ
839 4542 897 4595 δὲ
923 4537 990 4612 ἦν
1021 4540 1183 4611 ἔργον
1227 4536 1536 4607 οἰκονομίας
1573 4541 1940 4608 συμπαρεῖναι

363 4635 678 4702 κάκείνους,
711 4621 790 4688 Iv"
811 4631 900 4684 ἐπ’
935 4631 1122 4700 ὃψεσιν
1151 4627 1334 4682 αὐτῶν
1366 4626 1427 4680 τὸ
1457 4627 1643 4696 θαῦμα
1675 4629 1938 4700 πραχθὲν,

366 4730 448 4802 μὴ
473 4725 793 4798 ἀμάρτυρον
819 4722 878 4798 ᾖ·
1367 4797 1372 4801 ,

444 4840 463 4872 ι
507 4821 571 4875 Ἦ
619 4815 713 4874 οὖν
766 4818 978 4890 Μαρία,
1011 4817 1084 4882 ὡς
1127 4813 1290 4890 ἦλθεν
1333 4819 1468 4873 ὅπου
1513 4815 1584 4891 ἦν
1632 4818 1662 4870 ό
1709 4815 1938 4884 Ἰησοῦς,

361 4910 550 4964 ἰδοῦσα
578 4911 762 4974 αὐτὸν,
813 4910 1008 4962 ἔπεσεν
1044 4907 1209 4962 αὐτοῦ
1265 4909 1404 4979 πρὸς
1441 4909 1571 4970 τοὺς
1617 4905 1807 4968 πόδας,
1849 4903 1942 4957 λέ-

358 5019 570 5071 γουσαο
607 5001 807 5074 Κύριε,
852 5001 900 5054 εί
951 4995 1020 5072 ἦς
1062 4993 1196 5066 ὦδε,
1228 5001 1331 5053 οὐκ
1375 4999 1441 5052 ἂν
1487 4997 1734 5052 ἀπέθανε-ε’
1782 5011 1885 5066 μου
1913 4996 1943 5048 ό

357 5095 614 5162 ἀδελφός.
645 5113 664 5146 ι
703 5095 848 5148 Ἴσον
870 5093 1069 5164 ἔχουσα
1103 5097 1168 5164 τῇ
1201 5093 1402 5162 ἀδελφῇ
1431 5091 1492 5144 τὸ
1523 5090 1799 5161 φρόνημα,
1828 5089 1942 5151 τοῖς

356 5188 576 5260 ὁμοίοις
620 5186 792 5258 αὐτῆς
826 5187 1168 5257 συμφέρεται
1213 5186 1442 5260 ῥήμασι.
1477 5184 1680 5236 Σκόπει
1712 5177 1806 5234 οὖν
1839 5182 1942 5234 ὃσα

356 5188 576 5260 ὁμοίοις
620 5186 792 5258 αὐτῆς
826 5187 1168 5257 συμφέρεται
1213 5189 1244 5257 ῤ
1330 5201 1442 5238 ασι.
1477 5186 1680 5236 Σκόπει
1712 5186 1806 5234 οὖν
1839 5186 1938 5234 ὅσα

355 5281 422 5334 ὲν
456 5277 640 5350 μικρῷ
662 5277 788 5332 τότε
815 5279 850 5350 ἡ
887 5277 1078 5346 Μαρία
1107 5186 1642 5420 ποιεῖἶὲιροστρέχει
1679 5273 1755 5336 ὡς
1796 5270 1938 5342 Θεῷ,

356 5370 719 5420 προσπίπτει-
771 5367 1233 5420 παὸὸτισιάζεται.
1341 5367 1549 5419 ίκνυσιν
1592 5366 1674 5418 ὅτι
1707 5364 1938 5420 τέθνηκε

356 5370 719 5442 προσπίπτει,
771 5367 1233 5441 παρρησιάζεται,
1277 5364 1549 5420 δείκνυσιν
1592 5366 1674 5418 ὅτι
1707 5364 1939 5434 τέθνηκε

359 5461 618 5533 Λάζαρος
639 5477 654 5492 ο
686 5460 747 5512 οὐ
777 5459 954 5512 ταῦτα
981 5458 1040 5512 δὲ
1077 5459 1257 5528 μόνον,
1289 5457 1405 5512 ἀλλ’
1437 5458 1518 5511 ὅτι
1561 5457 1654 5510 καὶ
1688 5457 1939 5528 πρόωρος

359 5550 390 5602 6
425 5547 655 5612 θάνατος
693 5548 936 5617 γέγονεν,
971 5548 1204 5610 ἀπόντος
1237 5547 1425 5602 αὑτοῦ.
1462 5547 1596 5598 Τότε
1635 5546 1745 5616 γόρ
1777 5545 1938 5615 τυχὸν

359 5641 516 5710 λέγει
555 5641 1010 5714 παραγεγονέναι,
1044 5640 1132 5693 ὅτε
1159 5641 1234 5710 μὴ
1256 5641 1355 5711 τὴν
1375 5638 1670 5709 θεραπείαν
1697 5639 1724 5689 ὁ
1751 5638 1940 5708 καιρὸς

361 5731 675 5801 ἐπεδέχετο,
711 5729 1156 5800 συγκλεισθεῐσαν
1189 5730 1389 5783 ὡσανεὶ
1421 5728 1501 5798 τῷ
1547 5728 1784 5796 θανάτῳ.
1827 5728 1938 5781 Καὶ

2044 4556 2376 4614 miraculum
2408 4559 2832 4632 haudquaquam
2871 4568 3038 4618 testes
3075 4559 3442 4618 desideraret.

2123 4838 2142 4870 ι
2178 4819 2350 4874 Maria
2377 4837 2510 4892 ergo
2545 4837 2668 4877 cum
2698 4823 2938 4878 venisset
2958 4823 3047 4877 ubi
3077 4831 3194 4894 erat
3219 4819 3402 4886 Jesus,
3429 4823 3620 4881 videns

2043 4927 2192 4976 cum,
2229 4911 2428 4966 cecidit
2461 4911 2527 4966 ad
2578 4913 2742 4980 pedes
2785 4913 2927 4982 ejus,
2963 4921 3016 4966 ct
3050 4912 3187 4967 dicit
3220 4913 3268 4966 ei
3306 4931 3318 4965 :
3363 4911 3617 4976 Domine,

2042 5004 2088 5082 si
2122 5003 2324 5060 fuisses
2362 5003 2474 5068 hic,
2512 5021 2622 5058 nun
2653 5013 2802 5060 esset
2854 5009 3107 5060 mortuus
3157 5005 3325 5058 frater
3371 5020 3546 5058 incus.
3595 5023 3612 5055 ι

2043 5093 2245 5148 Eodem
2296 5109 2420 5148 cum
2474 5110 2669 5149 sorore
2716 5111 2903 5160 sensu,
2951 5097 3147 5150 iisdem
3181 5112 3243 5149 ac
3278 5097 3395 5166 ipsa
3434 5097 3619 5151 verbis

2043 5185 2418 5255 congreditur.
2482 5184 2618 5240 Vide
2670 5187 2834 5256 igitur
2881 5202 3046 5256 quam
3111 5199 3242 5242 tunc
3295 5189 3349 5240 in
3399 5189 3621 5242 uindico

2044 5279 2210 5331 multa
2255 5277 2464 5332 fecerit.
2501 5277 2758 5332 Occurrit
2790 5287 2846 5331 ut
2895 5277 3028 5342 Deo,
3063 5279 3286 5339 accidit.
3323 5280 3435 5348 agit
3485 5279 3622 5334 fidu-

2042 5369 2148 5434 cia,
2183 5367 2428 5423 ostendit
2487 5377 2760 5431 mortuum
2815 5368 3081 5424 Lazarum
3117 5389 3130 5425 :
3167 5387 3267 5426 nec
3319 5371 3368 5424 id
3412 5371 3614 5432 solum,

2043 5471 2230 5510 verum
2269 5458 2433 5511 etiam
2467 5456 2610 5526 quod
2646 5473 2793 5512 nmrs
2820 5459 3110 5513 immatura
3144 5461 3370 5515 absente
3391 5475 3456 5514 co
3482 5475 3618 5514 con-

1997 5597 2000 5603 .
2042 5528 2246 5618 tigerit.
2278 5544 2436 5600 Tunc
2471 5547 2616 5600 enim
2667 5545 2810 5602 forte
2842 5549 2916 5601 ait
2949 5551 3279 5612 advenisse,
3328 5564 3453 5605 cum
3501 5549 3616 5619 jam

2044 5647 2280 5709 tempus,
2319 5641 2464 5693 velut
2497 5650 2671 5694 morte
2703 5642 3090 5710 praecludentc,
3129 5643 3476 5704 curationem
3509 5657 3618 5696 non

2042 5734 2329 5803 reciperet.
2370 5731 2446 5786 Ex
2473 5733 2544 5788 iis
2577 5748 2812 5804 namque
2838 5736 3162 5808 conjectura
3190 5747 3296 5801 est,
3324 5736 3617 5809 agnovisse
