4016 6130
558 326 667 389 9'15

1729 312 1791 372 s.
1835 306 2171 372 AND‘REE
2212 258 2639 377 QRETENSIS
3672 310 3753 374 976

563 447 624 490 ut
658 433 853 498 Deum,
885 444 949 484 ac
982 427 1133 483 velut
1156 424 1266 480 Deo
1296 424 1534 478 locutam
1563 434 1683 476 esse
1714 417 1930 473 tametsi
1956 413 2138 472 oratio

2244 414 2350 485 γὰρ
2382 414 2675 468 ὑπολαϐεῖν
2691 411 2839 466 ἔστιν
2855 410 3128 478 ἐντεῦθεν,
3143 411 3219 476 ὡς
3248 412 3341 467 καὶ
3352 412 3478 470 Θεδν
3488 411 3631 469 αὐτὸν
3642 416 3749 488 ᾔδει,

564 538 618 591 in
636 549 702 590 eo
716 530 1076 591 claudicaret,
1097 522 1242 593 quod
1263 520 1517 576 dicebat:
1556 536 1575 569 ι
1609 516 1669 571 Si
1691 514 1897 569 fuisses
1915 513 2058 568 hic.»
2074 541 2145 553 -—

565 633 586 682 ἱ
610 627 770 684 Jesus
801 598 935 690 ergo
961 624 1021 671 ut
1042 614 1320 670 viditeam
1349 611 1687 682 plorantem,
1723 614 1778 662 et
1806 605 2026 661 Judaeos
2049 603 2141 674 qui

563 721 826 775 venerant
879 724 1006 765 cum
1053 720 1142 771 ea,
1191 702 1484 759 infremuit
1530 699 1753 771 spiritu,
1799 704 1856 751 et
1899 695 2143 749 turbavrt

560 812 829 880 seipsum,
854 811 911 859 et
933 800 1075 857 dixit
1105 816 1120 853 :
1151 796 1258 853 Ubi
1286 793 1552 866 posuistis
1571 790 1735 847 eum?
1769 808 1786 840 ι
1823 787 2098 844 Nondixit
2125 802 2139 840 :

559 875 763 957 Eamus
790 892 883 950 ubi
914 900 1000 947 est
1027 887 1367 959 sepulcrum,
1403 890 1463 937 ut
1492 897 1562 936 ne
1596 895 1657 937 se
1684 878 1960 933 miraculo
1984 875 2141 931 festi-

558 991 783 1047 nantius
816 991 1108 1059 putaretur
1137 981 1409 1050 ingerere.
1432 992 1451 1026 ι
1486 972 1591 1028 Ubi
1621 970 1891 1042 posuistis
1910 967 2076 1025 eum?
2114 984 2133 1019 ι

560 1082 689 1148 Vos,
727 1078 931 1149 inquit,
958 1079 1278 1148 percontor,
1301 1082 1451 1143 quos
1480 1066 1605 1121 volo
1640 1070 1812 1120 testes
1863 1059 2135 1115 miraculi.

557 1174 671 1231 Vos
703 1171 819 1244 ipsi
846 1172 1204 1225 accurrentes
1237 1160 1555 1233 sepulcrum
1585 1154 1884 1212 ostendite.
1926 1150 2142 1207 Simulo

558 1239 948 1338 ignorantiam,
974 1267 1034 1312 ut
1050 1267 1346 1324 coarguam
1371 1256 1610 1305 vestram
1645 1244 1948 1301 inscitiam.
1988 1260 2008 1293 ι
2036 1239 2141 1296 Ubi

559 1333 828 1429 posuistis
869 1350 1034 1408 eum?
1068 1366 1089 1401 ι
1125 1347 1246 1402 Non
1276 1344 1407 1415 quia
1448 1339 1689 1397 nesciret
1720 1333 2150 1397 sciscitabatur,

556 1424 657 1506 sed
687 1458 746 1503 ut
776 1449 1082 1517 praesentes
1125 1440 1370 1494 intentos
1415 1430 1686 1487 miraculo
1730 1427 1954 1483 faceret.
1992 1424 2141 1491 Quo-

554 1539 721 1596 modo
750 1537 897 1593 enim
928 1531 1211 1589 nesciebat
1241 1527 1335 1583 ubi
1351 1525 1598 1579 Lazarus
1632 1521 1833 1577 fuisset
1861 1518 2137 1589 sepultus,

554 1634 652 1706 qui
682 1629 903 1685 Patrem
933 1627 1010 1681 ita
1051 1623 1224 1689 novit,
1266 1619 1414 1676 sicut
1450 1616 1611 1671 Pater
1650 1612 1803 1669 novit
1841 1612 2091 1680 seipsum
2122 1627 2137 1664 :

560 1702 589 1777 ξ
623 1725 681 1779 in
706 1736 814 1791 quo
847 1725 976 1775 sunt
1004 1728 1200 1771 omnes
1233 1708 1476 1766 thesauri
1496 1704 1787 1777 sapientia:
1807 1710 1863 1760 et
1890 1702 2141 1758 scientiae

557 1813 868 1871 absconditi
895 1819 959 1877 τ,
996 1826 1013 1860 ι
1041 1806 1148 1862 nisi
1179 1803 1310 1875 quia
1342 1800 1642 1858 exhibebat
1672 1796 1822 1867 quod
1847 1806 1933 1851 est
1963 1794 2142 1850 homi-

558 1907 668 1974 nis,
718 1907 772 1961 in
807 1904 993 1975 seipso
1037 1906 1233 1956 nostra
1265 1888 1948 1966 reprazsentans'iNostra
1994 1886 2141 1944 enim

554 2007 651 2055 cst
679 1994 993 2069 ignorantia
1021 2001 1077 2048 et
1107 1989 1201 2060 qui
1230 1989 1298 2045 ab
1334 2001 1400 2044 ea
1432 1991 1564 2042 sunt
1595 1991 1814 2049 motus,
1862 1996 1975 2036 non
2017 1980 2143 2052 ejus

557 2094 654 2165 qui
686 2090 841 2147 novit
869 2085 1054 2142 omnia
1078 2084 1400 2154 priusquam
1439 2077 1592 2132 fiant.
1625 2073 1953 2146 Quanquam
1993 2073 2142 2129 enim

554 2200 752 2241 omnes
795 2187 1006 2237 nostra:
1052 2186 1265 2232 natura:
1310 2170 1632 2228 affectiones
1663 2168 1798 2240 (15),
1830 2168 1873 2223 si
1904 2181 2030 2238 quae
2056 2174 2140 2221 ta-

557 2294 684 2335 men
742 2278 927 2348 palam
979 2268 1193 2342 peccati
1238 2279 1440 2322 noxam
1492 2262 1781 2334 fugerunt,
1841 2261 1903 2316 in
1957 2261 2144 2331 seipso

555 2368 889 2434 ostenderit,
928 2362 1078 2420 haud
1127 2369 1316 2416 tamen
1375 2358 1493 2427 ipse
1537 2355 1596 2410 in
1644 2367 1811 2425 quem
1848 2367 1960 2409 non
1989 2352 2144 2407 cadit

560 2465 802 2532 macula,
833 2460 1043 2532 quique
1088 2455 1346 2527 superior
1374 2458 1462 2508 est
1490 2457 1748 2521 quam'ut
1776 2448 1959 2520 possit
1997 2445 2141 2501 vinci

559 2555 967 2617 an‘ectionibus,
994 2547 1326 2606 adventitias
1346 2550 1559 2600 natura:
1585 2540 1781 2597 sordes
1801 2555 1868 2595 ex
1895 2537 2143 2609 appetitu

554 2652 739 2707 alieno
775 2665 807 2702 a
851 2646 1091 2709 ratione,
1139 2656 1239 2698 seu
1289 2655 1359 2695 ex
1402 2635 1674 2707 pravitate
1725 2631 1894 2688 animi
1933 2638 1989 2687 et
2043 2629 2143 2685 de-

556 2742 816 2802 fectioue,
837 2730 1110 2792 admisit:
1144 2731 1334 2787 absit!
1373 2729 1448 2793 is,
1482 2724 1845 2797 inquam,qui
1883 2722 2038 2777 nullo
2075 2721 2144 2777 ab

557 2827 889 2888 immutabili
917 2827 1125 2882 deitate
1144 2834 1401 2883 excessu,
1422 2824 1594 2871 totam
1619 2821 1873 2868 naturam
1895 2820 2142 2867 nostram

556 2919 885 2992 assumpsit.
928 2914 1047 2972 Nisi
1095 2912 1222 2983 quis
1267 2909 1413 2965 forte
1449 2921 1517 2963 ea
1557 2905 1764 2961 dixerit
1797 2903 1995 2973 accipi,
2034 2917 2143 2973 qua

555 3017 665 3075 sibi
693 3014 910 3084 ratione
940 3016 1135 3065 nostra
1163 3001 1408 3067 asciscit,
1445 2997 1629 3055 Verbo
1648 2996 1798 3068 quod
1831 3002 2051 3066 spectat
2076 2993 2144 3049 ad

2250 509 2346 561 καὶ
2374 508 2451 571 ὡς
2482 505 2603 578 Θεῷ
2643 506 2938 574 διελέγετο,
2972 507 3021 558 εί
3080 505 3181 560 καὶ⁸
3223 508 3251 559 6
3278 506 3433 575 λόγος
3482 508 3657 576 ἐσκαζε
3695 513 3753 584 τῷ

2249 602 2446 669 εἰπεῖν,
2486 621 2503 652 ι
2529 600 2593 653 Ei
2625 601 2744 669 εἴης
2767 595 2890 654 ὧδε.
2921 617 2939 650 ι
2965 628 3032 639 -
3062 617 3081 651 ι
3130 598 3190 652 '0
3211 594 3302 652 οὖν
3336 600 3532 670 Ἰησοῦς
3556 602 3621 664 ὡς
3649 601 3752 658 εἶδεν

2248 694 2419 762 αὐτὴν
2480 692 2810 758 κλαίουσαν,
2875 692 2972 745 καὶ
3021 692 3152 755 τοὺς
3206 684 3608 762 συνεληλυθότας
3647 699 3752 770 αὐτῇ

2261 785 2556 848 Ἰουδαίους
2596 785 2909 850 κλαίοντας,
2954 782 3355 854 ἐνεϐριμήσατο
3392 784 3466 855 τῷ
3500 787 3752 855 πνεύματι·

2250 876 2344 931 καὶ
2378 874 2688 949 ἐσπάραξεν
2714 877 2757 908 ³⁷
2791 875 3006 942 ἑαυτὸν,
3065 875 3161 928 καὶ
3204 868 3324 926 εἷπε
3344 892 3356 905 ·
3395 876 3501 929 Ποῦ
3532 876 3754 935 τεθείκατε

2247 965 2447 1033 αὐτόνς
2476 985 2495 1017 ι
2528 967 2643 1019 Οὐκ
2671 960 2848 1033 εἷπεν,
2877 966 3137 1035 Ἀγωμεν
3165 965 3298 1017 ὃπου
3331 964 3392 1016 τὸ
3420 967 3593 1036 μνῆμά
3617 970 3754 1021 ἐστιν’

2248 1058 2332 1111 ἵνα
2365 1057 2440 1129 μὴ
2466 1057 2696 1128 νομισθῇ
2747 1056 3202 1111 κατεπισπεύδων
3239 1056 3319 1128 τῷ
3367 1057 3607 1129 θαύματι.
3630 1080 3654 1112 ι
3677 1063 3754 1116 Ποῦ

2244 1146 2528 1201 τεθείκατε
2558 1147 2755 1214 αὐτόνς
2787 1164 2806 1198 ι
2843 1146 3043 1216 Ὑμᾶς,
3084 1147 3273 1218 φησὶν,
3305 1147 3506 1218 ἐρωτῶ,
3541 1147 3622 1213 οὓς
3648 1151 3755 1222 μάρ-

2242 1254 2415 1307 τυρας
2465 1236 2611 1306 ἔχειν
2660 1236 2754 1290 τοῦ
2785 1235 3066 1306 θαύματος
3111 1234 3395 1307 βούλομαι.
3442 1237 3591 1292 Αὐτοὶ
3624 1257 3756 1310 προσ-

2241 1328 2546 1399 δραμόντες
2595 1329 2688 1383 τδν
2743 1329 2918 1399 τάφον
2968 1326 3307 1393 ὑποδείξαιτε.
3351 1348 3370 1382 ι
3401 1330 3505 1383 Ποῦ
3531 1315 3759 1385 τεθείκατε

2244 1422 2438 1488 αὑτόν;
2467 1440 2485 1472 ι
2509 1421 2924 1493 Προσποιοῦμαι
2941 1421 3041 1492 τὴν
3065 1421 3290 1490 ἄγνοιαν
3320 1421 3405 1476 ἵνα
3435 1421 3576 1493 ὑμῶν
3600 1424 3760 1490 ἐλέγξω

2241 1511 2344 1584 τὴν
2378 1513 2586 1566 ἄνοιαν.
2626 1531 2645 1562 ι
2684 1512 2794 1565 Ποῦ
2824 1511 3111 1566 τεθείκατε
3158 1512 3351 1578 αὑτόν;
3388 1532 3406 1565 ι
3438 1515 3545 1567 Οὐκ
3573 1513 3757 1583 ἀγνοῶν,

2241 1602 2359 1657 ἀλλ’
2380 1604 2669 1657 ἐπιτείνων
2698 1603 2835 1676 πρὸς
2859 1604 2920 1656 τὸ
2947 1604 3131 1674 θαῦμα
3154 1606 3283 1668 τοὺς
3313 1606 3571 1678 παρόντας
3593 1606 3755 1678 ἠρώτα.

2243 1696 2370 1760 Πῶς
2391 1695 2502 1768 γὰρ
2536 1696 2721 1767 ἠγνόει
2749 1695 2853 1749 ποῦ
2880 1695 3118 1750 τέθαπτο
3140 1696 3414 1769 Λάζαρος,
3441 1701 3467 1750 ό
3492 1699 3574 1751 τὸν
3588 1700 3759 1769 Πατέρα

2243 1788 2417 1852 οὕτως
2446 1789 2624 1857 είδὼς,
2657 1789 2733 1850 ὡς
2768 1788 2935 1853 αὐτὸς
2960 1785 3102 1842 οἶδεν
3144 1790 3337 1843 ἑαυτὸν
3363 1791 3391 1842 6
3421 1792 3618 1861 Πατήρ·
3648 1810 3664 1842 ι
3693 1792 3758 1845 Ἐν

2243 1873 2288 1948 ᾧ
2324 1879 2530 1944 πάντες
2577 1878 2720 1932 εἰσὶν
2761 1878 3029 1950 θησαυροὶ
3071 1879 3171 1949 τῆς
3202 1879 3396 1949 σοφίας
3434 1882 3519 1934 καὶ
3544 1879 3630 1951 τῆς
3652 1882 3758 1949 γνώ-

2247 1992 2388 2038 σεως
2433 1973 2777 2044 ἀπόκρυφον
2820 1970 3017 2043 ι’πλὴν
3048 1972 3098 2025 εί
3133 1972 3207 2044 μὴ
3236 1973 3297 2026 τὸ
3328 1973 3640 2046 ἀνθρώπινον
3682 1975 3756 2027 ἑπ-

2243 2064 2539 2133 εδείκνυτο,
2567 2063 2758 2117 τυπῶν
2784 2064 2841 2116 ὲν
2870 2062 3050 2133 ἑαυτῷ
3072 2063 3133 2116 τὸ
3155 2063 3423 2136 ἡμέτερον
3446 2081 3461 2131 ;
3496 2064 3657 2134 Ἡμῶν
3678 2066 3756 2133 rip

2243 2160 2278 2231 ἡ
2301 2159 2511 2226 ἄγνοια,
2550 2157 2647 2211 καὶ
2669 2155 2740 2209 τὰ
2769 2157 2832 2208 ὲκ
2869 2154 3075 2227 ταύτης
3106 2157 3404 2227 κινήματα,
3432 2158 3488 2210 οὐ
3515 2156 3597 2210 τοῦ
3622 2158 3756 2211 πάντα

2245 2248 2447 2312 εἰδότος
2477 2249 2608 2320 πρὶν
2646 2246 2919 2315 γενέσεως
2965 2246 3169 2300 αὐτῶν.
3221 2248 3287 2301 Εἰ
3317 2248 3424 2320 γὰρ
3464 2250 3552 2302 καὶ
3587 2248 3661 2302 τὰ.
3684 2248 3756 2317 τῆς
3800 2244 3804 2250 ’

2246 2337 2462 2410 φύσεως
2493 2337 2711 2393 ἃπαντα
2738 2338 2840 2409 τῆς
2880 2337 3157 2410 ἡμετέρας
3184 2339 3273 2407 ἐφ’
3303 2336 3490 2393 ἑαυτὸν
3516 2339 3756 2404 ἐνεδείξατο

2244 2432 2417 2502 πάθη,
2438 2432 2539 2486 ὅσα
2563 2431 2851 2503 προδήλως
2894 2430 2996 2500 τῆς
3018 2431 3299 2502 ἁμαρτίας
3322 2431 3410 2485 τὸν
3438 2433 3610 2504 μῶμον
3631 2431 3754 2485 ἐκπέ-

2246 2542 2450 2596 φευγεν
2469 2541 2484 2555 ⁸
2515 2524 2630 2578 ἀλλ’
2651 2523 2771 2595 οὐχὶ
2796 2523 2890 2576 καὶ
2918 2523 3016 2587 τὰς
3048 2524 3113 2576 ὲκ
3144 2523 3456 2595 παραλόγου
3478 2525 3650 2595 ὁρμῆς,
3665 2523 3754 2593 ἦτοι

2247 2614 2651 2687 παρατροπῆς,
2705 2612 3130 2683 ὲπεισαχθείσας
3187 2615 3332 2685 αὐτῇ
3385 2614 3589 2683 mea;
3634 2627 3756 2683 ’προσ⁸

2245 2708 2437 2780 ﬁxa-ro,
2470 2707 2673 2775 ἄπαγε,
2701 2707 2730 2760 6
2762 2705 3096 2777 ἁκηλίδωτος
3138 2707 3238 2759 καὶ
3261 2707 3524 2769 ἀνάλωτος
3551 2704 3752 2760 πάθεσινο

2245 2801 2274 2852 6
2325 2797 2400 2869 μὴ
2445 2795 2565 2851 κατ’
2608 2795 2867 2850 ἔκστασιν
2917 2795 3018 2865 τῆς
3063 2796 3342 2866 ἀτρέπτου
3390 2794 3619 2866 θεότητος
3661 2790 3756 2857 ὅλην

2245 2889 2402 2961 ἡμῶν
2434 2888 2533 2959 τὴν
2580 2888 2743 2957 φύσιν
2781 2883 3088 2941 ἀναλαϐών.
3123 2887 3187 2939 Et
3224 2889 3301 2960 μή
3341 2905 3423 2951 τις
3463 2887 3524 2939 ἂν
3559 2883 3671 2953 φαίη
3700 2877 3756 2947 τῷ

2246 2982 2368 3035 κατ’
2403 2979 2678 3034 οίκείωσιν
2699 2977 2847 3049 λόγῳ
2870 2978 3043 3033 ταῦτα
3069 2978 3351 3049 εἰλῆφθαι,
3373 2978 3463 3033 τοῦ
3485 2978 3592 3032 κατ’
3614 2971 3757 3027 οὖσίαν

474 3159 481 3165 .
556 3064 952 3169 substantiam,
982 3096 1219 3157 seorsim
1244 3064 1463 3165 longius
1492 3064 1699 3163 posito.
1735 3108 1755 3141 ‹
1800 3064 1900 3145 Ubi
1948 3087 2141 3158 posui-

2257 3073 2448 3144 πόρρω
2472 3071 2840 3142 διῳκισμένου
2858 3071 3042 3139 λόγου.
3077 3089 3096 3122 ι
3129 3072 3245 3125 Ποῦ
3278 3071 3547 3125 τεθείκατε
3562 3064 3753 3129 αὐτῶν

555 3203 662 3259 stis
706 3197 877 3257 eum?
917 3214 938 3247 ›
991 3192 1111 3248 Non
1161 3197 1249 3245 est
1297 3185 1597 3242 nescientis
1650 3181 2036 3255 percontatio,
2085 3189 2145 3235 ut

557 3281 722 3366 plane
763 3296 1056 3345 ostensum
1101 3280 1228 3337 fuit.
1260 3281 1374 3335 Aut
1408 3293 1513 3348 qua
1557 3275 1779 3332 ratione
1823 3275 1903 3330 sic
1950 3272 2144 3344 spatiis

560 3388 814 3445 locorum
870 3378 1123 3443 divisus,
1191 3372 1465 3446 potuisset
1524 3370 1755 3437 dicere,
1814 3385 1835 3420 ι
1899 3367 2144 3422 Lazarus

558 3474 805 3534 dormit?
852 3471 961 3530 Ubi
988 3466 1253 3541 posuistis
1298 3465 1464 3521 eum?
1500 3480 1519 3514 ι
1558 3460 1881 3532 Propterea,
1937 3457 2142 3529 inquit,

559 3576 880 3643 percontor,
929 3572 991 3620 ut
1043 3558 1375 3617 miraculum
1445 3562 1719 3612 astruam.
1752 3551 1860 3607 Par
1886 3551 2032 3608 enim
2062 3560 2147 3606 est

560 3663 747 3734 plures
781 3675 850 3715 ex
890 3651 1196 3712 abundanti
1236 3647 1433 3705 latitia
1458 3645 1696 3704 festinos
1723 3643 2057 3709 accurrisse,
2085 3651 2146 3698 ut

560 3756 748 3809 locum
780 3748 1162 3805 ostenderent.

636 3864 657 3898 ι
695 3842 902 3897 Dicunt
943 3842 991 3894 ei
1038 3835 1256 3904 :Veni,
1314 3841 1370 3893 et
1422 3832 1568 3889 vide.
1637 3831 2003 3904 Lacrymatus
2060 3837 2147 3886 est

562 3935 752 3992 Jesus.
773 3952 792 3986 ι
817 3928 893 3989 Ut
916 3931 1081 3986 homo
1111 3932 1456 4001 lacrymatus
1486 3931 1591 3991 est,
1616 3939 1729 3981 non
1755 3923 2023 3979 Lazarum
2046 3923 2143 3979 sed

558 4027 801 4084 Judaeos.
845 4024 1158 4079 Advenerat
1192 4019 1468 4092 siquidem
1508 4025 1568 4074 ut
1600 4017 1760 4073 illum
1798 4016 2139 4074 suscitaret:

559 4135 625 4175 ac
683 4125 804 4174 erat
853 4128 1348 4187 supervacaneum,
1386 4120 1446 4166 ut
1480 4126 1605 4166 cum
1653 4109 1917 4180 lacrymis
1949 4123 2143 4180 prose—

557 4216 844 4280 queretur,
900 4208 995 4277 qui
1053 4204 1288 4260 debebat
1337 4215 1657 4273 resurgere.
1711 4199 1907 4255 Merito
1961 4209 2142 4254 autem

557 4295 776 4352 Iudaeos
824 4291 1086 4364 lacrymis
1136 4299 1467 4361 prosecutus
1516 4300 1644 4357 est,
1700 4303 1938 4361 quorum
1978 4290 2140 4344 etiam

558 4393 686 4458 post
722 4384 1057 4439 miraculum
1091 4382 1334 4437 futuram
1359 4381 1743 4437 infidelitatem
1775 4381 2140 4451 prospiceret.

2246 3163 2347 3216 οὐκ
2376 3161 2699 3230 ἀγνοοῦντος
2727 3164 2762 3232 ἠ
2808 3161 3020 3229 πεῦσις,
3059 3162 3135 3225 ὡς
3175 3161 3446 3217 δέδεικται
3494 3160 3552 3230 δή
3579 3174 3681 3212 που.
3706 3153 3759 3205 Ἦ

2246 3251 2364 3315 πῶς
2393 3252 2459 3306 ἂν
2496 3253 2560 3305 ὲκ
2590 3252 2786 3306 πολλοῦ
2843 3253 3220 3325 διαστήματος
3270 3254 3394 3324 ἔφη,
3441 3249 3759 3319 σΚεκοίμηται

2244 3342 2533 3414 Λάζαροςς
2566 3343 2677 3397 Ποῦ
2704 3343 2986 3398 τεθείκατε
3014 3345 3213 3413 αὐτόνς
3248 3365 3266 3399 ι
3304 3345 3404 3399 Διὰ
3432 3344 3577 3399 τοῦτο
3598 3335 3761 3393 πυνθά-

2245 3451 2428 3504 νομαι,
2466 3435 2656 3506 φησιν,
2691 3434 2782 3489 ἴνα
2829 3436 2892 3489 τὸ
2943 3435 3132 3507 Θαῦμα
3161 3436 3541 3507 πιστὼσωμαι.
3577 3427 3761 3488 Πολλοὺς

2244 3528 2356 3601 γὰρ
2381 3529 2529 3595 εἰκὸς
2568 3526 2636 3602 ἦν
2680 3531 2786 3585 ὑπὸ
2826 3533 3194 3605 περιχαρείας
3248 3534 3646 3612 προτρέχοντας,
3677 3526 3762 3579 δει-

2208 3628 2213 3631 '
2246 3620 2440 3677 κνύναι
2469 3638 2573 3676 που
2604 3622 2868 3680 τέθειται.

2323 3844 2342 3877 ι
2377 3824 2642 3895 Λέγουσιν
2686 3824 2870 3895 αὐτῷ’
2911 3820 3140 3898 Ἔρχου,
3175 3828 3274 3881 καὶ
3306 3827 3404 3882 ίδε.
3434 3818 3762 3894 μἘδάκρνσενὸ

2259 3916 2484 3987 Ἰησοῦς.
2514 3936 2533 3969 ι
2573 3917 2907 3989 Ἐδάκρυσεν
2940 3917 3017 3982 ὡς
3048 3918 3376 3991 ἄνθρωπος·
3415 3918 3474 3972 οὐ
3506 3917 3587 3970 τὸν
3622 3910 3762 3974 Λάζα-

2249 4026 2366 4080 ρον,
2397 4009 2536 4064 ἀλλὰ
2564 4011 2690 4073 τοὺς
2735 4009 3042 4073 Ἰουδαίους.
3086 4011 3191 4065 Τὸν
3234 4012 3334 4082 μὲν
3363 4010 3469 4081 γὰρ
3496 4006 3764 4073 ἀναστήσων

2245 4101 2468 4168 ἀφῖκτο,
2497 4100 2594 4152 καὶ
2626 4100 2883 4171 περιττὸν
2913 4095 2982 4171 ἦν
3006 4101 3281 4173 δακρύσαι
3310 4102 3400 4155 τὸν
3421 4091 3762 4168 ἀναστήσεσθαι

2249 4188 2534 4259 μέλλοντα.
2571 4188 2862 4253 Ἰουδαίους
2894 4190 2951 4242 δὲ
2979 4191 3208 4255 εἰκότως
3241 4192 3525 4263 ἐδάκρυσε,
3548 4187 3633 4258 τὴν
3669 4185 3765 4237 ἀπι-

2247 4283 2406 4335 στίαν
2443 4282 2623 4336 αὐτῶν
2652 4284 2747 4337 καὶ
2775 4282 2915 4354 μετὰ
2944 4284 3006 4335 τὸ
3031 4283 3217 4355 θαῦμα
3244 4282 3583 4356 προθεωρῶν.
3606 4297 3623 4331 ι
3646 4271 3762 4328 Ἐδά·

2244 4393 2447 4446 κρυσεν
2476 4377 2505 4428 ὁ
2554 4376 2786 4447 Ἰησοῦς.
2814 4395 2833 4428 ι
2887 4377 3290 4448 ’Υπογραμμδν
3343 4380 3471 4449 ἡμῖν
3513 4374 3597 4428 καὶ
3633 4367 3765 4423 τύπον

502 4509 509 4518 -
566 4498 585 4531 ι
612 4477 976 4547 Lacrymatus
995 4470 1313 4529 estJews.»
1337 4472 1659 4542 Exemplum
1689 4471 1853 4526 nobis
1882 4471 2143 4526 formam-

2249 4468 2342 4521 καὶ
2371 4470 2547 4539 μέτρα
2576 4468 2775 4534 διδοὺς,
2808 4469 2889 4532 εἰς
2921 4469 3044 4521 ὅσον
3077 4462 3187 4521 δέοι
3220 4471 3337 4532 τοῖς
3367 4465 3646 4537 οἰχομένοις
3672 4458 3762 4547 ἔτι·

561 4585 668 4641 que
690 4566 918 4623 tradens
953 4580 1019 4622 ac
1057 4564 1307 4630 modum,
1337 4564 1405 4619 ad
1440 4564 1602 4634 cujus
1631 4563 1904 4619 rationem
1938 4563 2155 4635 illacry-

561 4660 822 4716 mandum
853 4658 926 4715 sit
955 4658 1211 4714 mortuis.
1232 4655 1597 4728 Lacrymatus
1621 4662 1708 4711 est
1727 4661 1938 4709 natura:
1953 4668 2153 4709 corru-

564 4750 803 4821 ptionem
827 4764 895 4805 ac
931 4742 1128 4818 videns
1159 4762 1322 4818 quam
1344 4746 1527 4816 imago
1559 4744 1901 4801 deformetur
1948 4754 2148 4800 morte.

508 4838 517 4877 5
568 4864 588 4897 ε
611 4836 1403 4912 DixeruntergoludteizEcce
1430 4836 1712 4907 quomodo
1741 4837 1955 4891 amabat
1986 4836 2147 4891 eum!

563 4939 632 4994 Et
645 4937 734 4991 hic
752 4933 1176 5000 videinvidiam,
1196 4940 1250 4989 et
1283 4930 1625 5002 pervicacem
1659 4928 1933 4986 animum.
1962 4946 1981 4981 ι
2007 4926 2152 4984 Ecce

636 5126 664 5156 ν
715 5114 933 5171 Coloss.
969 5130 1030 5179 ιι,
1085 5113 1141 5168 5.

2244 4559 2526 4631 δακρύειν.
2558 4558 2866 4631 Ἐδάκρυσε
2895 4560 2997 4630 τὴν
3035 4561 3134 4629 τῆς
3166 4556 3552 4631 φύσεωςήμῶν
3582 4545 3762 4621 φθορὰν.

2247 4654 2459 4723 καὶτῆς
2495 4654 2705 4717 εἰκόνος
2745 4652 2807 4706 τδ
2840 4653 3078 4707 ἄκαλλον
3104 4649 3268 4716 εἶδος,
3293 4654 3472 4706 ὁποῖον
3499 4647 3569 4718 τῷ
3594 4640 3765 4705 θανάτῳ

2246 4743 2596 4799 καθίσταται.
2635 4764 2654 4797 ι
2685 4746 2911 4813 Ἔλεγον
2966 4744 3063 4798 οὖν
3112 4746 3162 4797 οἱ
3206 4744 3488 4798 Ἰουδαῖοι·
3530 4736 3623 4791 Ἴδε
3677 4726 3764 4788 πῶς

2245 4837 2425 4907 ἐφίλει
2452 4838 2640 4894 αὐτόν.
2674 4857 2693 4891 ι
2726 4838 2873 4909 Ὅρα
2917 4835 3202 4891 κάνταῦθα
3244 4836 3339 4890 τὸν
3385 4832 3587 4904 φθόνον,
3622 4823 3699 4879 καὶ
3722 4817 3767 4870 τὸ

2244 4928 2346 5000 τῆς
2389 4927 2616 5002 γνώμης
2668 4930 2928 5001 μάχιμον.
2968 4948 2987 4981 ι
3031 4929 3139 4983 Ἴδε
3185 4929 3306 4994 πῶς
3356 4926 3525 4997 ἐφίλει
3570 4916 3762 4977 absim

1850 5241 2088 5299 VARl.-E
2111 5241 2523 5298 LECTIONES.

567 5351 619 5433 ‘1
633 5349 772 5419 Lege
794 5350 851 5402 ετ
862 5347 958 5415 ἀρα
970 5346 1078 5410 Ξεν.

1847 5444 2235 5501 COMBEFISII
2288 5443 2522 5499 ΝΟΤΛΕ.

642 5553 767 5624 (ιε)
799 5551 1121 5624 Quanquam.
1164 5545 1303 5600 enim
1352 5559 1530 5624 clunes
1573 5552 1773 5624 ηρδιναξ
1819 5543 2148 5624 αΙΤεςςὶοηεε-

576 5613 983 5677 οόίὶοῖοοῖἱιιιιέ
1034 5618 1158 5671 istis
1228 5622 1281 5670 et
1331 5614 1714 5668 all'ectiouibus
1763 5613 2006 5667 innoxiis
2056 5628 2149 5667 as-

578 5692 813 5755 sumptis
862 5705 891 5740 a
938 5687 1120 5740 Verbo
1160 5686 1336 5755 Aplura
1364 5685 1779 5755 ADmnascenus,
1816 5697 1882 5736 ac
1911 5683 2148 5755 subinde

580 5753 754 5811 nostri
783 5756 1117 5812 scholastici.
1147 5753 1447 5824 Gregorius
1476 5756 1641 5807 etiam
1671 5754 1862 5808 multis
1879 5754 2143 5824 explicat,

2258 5551 2401 5596 orat.
2473 5544 2507 5597 4
2559 5539 2628 5614 de
2681 5541 3164 5614 tlneo_logia,quem
3217 5539 3541 5614 liic_au_ctor
3568 5527 3766 5614 ultioni?

2298 5616 2415 5667 onit
2449 5611 2668 5665 modum
2699 5604 3181 5682 exponi-mli'dirta
3211 5610 3281 5664 de
3304 5609 3537 5666 Christo,
3569 5614 3663 5669 quo

2281 5687 2385 5738 icet
2421 5685 2526 5738 sibi
2563 5674 2806 5737 ascis‘ea't
2837 5696 2889 5737 et
2924 5698 3023 5739 sua
3056 5682 3241 5743 faciat,
3263 5694 3367 5745 qua
3394 5684 3518 5734 sunt
3564 5674 3766 5738 corpol'ls

2254 5754 2494 5823 mystici.
2528 5751 2606 5809 De
2633 5768 2743 5822 quo
2776 5755 2940 5810 etiam
2980 5756 3116 5825 Aug.
3145 5757 3198 5806 et
3230 5750 3345 5806 alii.
