4016 6130
339 346 406 408 77
1373 336 1460 398 IN
1498 330 1860 396 LAZARUM
1896 315 2545 398 QUATRIDUANUM.

3440 376 3446 381 ,
3469 281 3580 361 978

301 456 635 529 Φιλούμενος
662 452 860 522 ἐφίλει,
892 450 991 506 καὶ
1027 449 1277 515 εἰκότως.
1321 465 1341 501 ι
1370 447 1518 518 Ἐγὼ
1555 445 1689 516 γάρ,
1728 442 1878 515 φησι,

1989 431 2267 505 quomodo
2298 427 2519 485 amabat
2552 422 2723 481 eum!
2765 437 2784 474 ι
2822 416 2930 487 Qui
2968 396 3284 478 amabatur,
3330 409 3573 465 amabat.

1990 523 2048 529 --
2331 520 2343 529 .
2550 513 2591 529 η
2908 507 3086 529 _.____..
3160 502 3453 529 λεηηηη,
3492 514 3573 529 ,Μ

299 551 433 614 τοὺς
456 550 556 621 ἐμὲ
593 546 904 617 φιλοῦντας,
932 542 1154 614 ἀγαπῶ.
1178 550 1205 595 ‘i
1240 572 1310 585 —-
1335 561 1356 595 ι
1388 541 1497 594 ’Ῑδε
1541 539 1660 602 πῶς
1705 536 1883 606 ἐφίλει

302 642 491 697 αὐτόν.
525 659 544 692 ι
574 641 729 693 Ἔστι
760 653 880 701 πως
909 637 1005 691 καὶ
1036 635 1434 707 θαυμαζόντων
1459 635 1488 687 ὁ
1521 633 1703 701 λόγος,
1745 628 1885 683 ἀλλά

300 734 400 788 καὶ
431 731 867 805 βασκαινόντων·
902 728 978 794 ὥς
1010 745 1166 791 τινας
1198 726 1412 795 λέγειν’
1445 742 1464 776 ι
1502 725 1620 778 Οὐκ
1649 721 1883 793 ἠδύνατο

298 816 459 884 οὗτος
485 822 514 874 ό
531 817 753 884 ἀνοίξας
772 818 896 882 τοὺς
929 816 1246 887 ὀφθαλμοὺς
1270 814 1364 868 τοῦ
1397 813 1624 884 τυφλοῦ,
1654 811 1883 881 ποιῆσαι

299 913 394 966 ἵνα
433 910 509 984 μὴ
549 912 646 965 καὶ
689 902 848 973 οὗτος
900 908 1186 980 ἀποθάνῃ;
1218 926 1238 960 ι
1272 906 1386 962 Καὶ
1432 907 1483 959 εί
1529 904 1713 976 ήνοιξε
1751 905 1881 984 τοὺς

297 1004 617 1076 ὀφθαλμοὺς
651 1002 748 1058 τοῦ
775 1000 1001 1072 τυφλοῦ,
1024 1000 1076 1055 τί
1110 1018 1243 1055 ποτε
1284 998 1434 1070 αύτῷ
1465 982 1882 1060 διαπιστοῦντες

296 1096 423 1151 τότε
474 1095 820 1166 βλασφήμοις
884 1091 1064 1160 λόγοις
1124 1090 1411 1155 ἐϐάλλετες
1455 1087 1522 1143 Τί
1586 1086 1883 1150 τοσαύταις

297 1189 550 1259 ἔνείρατε
600 1187 694 1241 τὸν
734 1181 794 1240 εὖ
832 1185 1076 1239 παθόντα
1104 1184 1354 1248 πλοκαῖς,
1403 1182 1708 1256 κρίνοντες,
1750 1182 1882 1235 ἀνα-

299 1280 602 1350 κρίνοντες,
625 1277 710 1341 τίς
734 1279 829 1331 καὶ
854 1277 1040 1343 πόθεν,
1074 1276 1171 1330 καὶ
1214 1274 1484 1341 ποταπὸς,
1510 1275 1607 1328 καὶ
1628 1273 1683 1326 τί
1721 1273 1878 1342 ποιή-

298 1386 402 1433 σας
436 1366 639 1439 ἀνέῳξέ
678 1384 774 1420 σου
803 1368 931 1430 τοὺς
969 1363 1317 1435 όφθαλμούς;
1366 1363 1507 1427 τέως
1540 1363 1640 1434 μὲν
1684 1360 1878 1432 όμολο-

294 1463 447 1530 γεῖτε
467 1460 586 1526 νῦν,
620 1461 669 1514 εί
703 1458 798 1514 καὶ
818 1458 1065 1523 ἄκοντες,
1091 1456 1374 1528 ἀνεῳγότα
1399 1455 1528 1519 τοὺς
1556 1453 1876 1524 ὀφθαλμοὺς

292 1551 392 1608 τοῦ
431 1553 658 1624 τυφλοῦ.
695 1553 827 1606 Δέον
853 1552 949 1624 ἀπ’
979 1550 1193 1604 ἐκείνου
1223 1551 1320 1604 καὶ
1345 1547 1504 1615 τοῦτο
1537 1545 1874 1619 θαυμάζειν·

295 1648 459 1718 ὑμεῖς
509 1616 565 1700 δὲ
612 1647 836 1700 κάκεῖνο
852 1616 964 1741 but
997 1642 1158 1698 τοῦτο
1199 1640 1481 1707 κακίζετε.
1531 1616 1734 1713 Ἔργον
1761 1638 1872 1711 γὰρ

290 1741 457 1795 τοῦτο
486 1741 787 1811 Ἰουδαϊκῆς
838 1734 1238 1812 προαιρέσεως.
1285 1736 1420 1789 Πότε
1460 1734 1571 1805 γὰρ
1621 1734 1680 1788 οὐ
1729 1748 1871 1804 παρα

291 1833 573 1902 ωργίσατε
625 1829 889 1902 Χριστόν;
941 1829 1072 1883 πότε
1119 1829 1220 1881 οὐκ
1264 1826 1604 1898 ἠπειθήσατε
1645 1821 1873 1879 τοιαῦτα

292 1928 393 1982 καὶ
417 1924 656 1980 τοσαῦτα
686 1923 1010 1994 τεθεαμένοι
1046 1922 1344 1993 τεράστια;

615 2071 649 2104 /

372 2144 393 2179 ι
439 2126 499 2180 '0
536 2123 743 2197 Ἰησοῦς
781 2119 874 2179 οὖν
923 2123 1086 2180 πάλιν
1133 2123 1621 2197 ἐμϐριμησάμενος
1653 2121 1874 2194 ἔρχεται

294 2222 376 2283 εἰς
406 2219 468 2272 τὸ
502 2221 807 2290 μνημεῖον·
854 2213 924 2290 ἦν
969 2216 1026 2270 δὲ
1060 2217 1356 2290 σπήλαιονο
1393 2236 1412 2269 ι
1466 2216 1719 2285 σκοτεινὴ
1765 2213 1876 2268 τῶν

305 2312 581 2367 Ἰουδαίων
626 2311 861 2384 καρδία·
909 2332 928 2365 ι
969 2311 1083 2366 Καὶ
1111 2311 1259 2376 λίθος
1314 2309 1567 2365 ἐπέκειτο
1612 2309 1818 2364 ἐπάνω.
1851 2326 1868 2360 ι

296 2405 410 2475 Τῆς
445 2403 705 2468 ἀπιστίας
734 2403 794 2457 τὸ
844 2403 1084 2474 σκληρὸν
1119 2402 1212 2458 καὶ
1250 2401 1563 2457 ἀντίτυπον.
1601 2418 1620 2452 ι
1647 2399 1814 2468 Λέγει
1849 2399 1878 2452 ό

310 2494 547 2566 Ἰησοῦς·
586 2495 794 2565 Ἄρατε
825 2494 916 2548 τὸν
946 2493 1115 2548 λίθον.
1145 2513 1164 2545 ι
1206 2493 1310 2547 Τὸν
1354 2491 1527 2563 βαρὺν
1575 2491 1672 2562 τῆς
1718 2491 1879 2544 ἀπει-

297 2585 453 2669 θείας
476 2585 844 2641 ἀποκυλίσατε
871 2585 1042 2652 λίθον,
1069 2585 1158 2639 ἵνα
1179 2585 1237 2639 τὸ
1261 2584 1586 2655 θνησιμαῖον
1613 2581 1880 2651 ἀναγάγω

295 2676 396 2732 τοῦ
427 2679 778 2750 γράμματος.
807 2696 826 2730 ι
857 2679 1064 2749 Ἀρατε
1119 2677 1212 2732 τὸν
1249 2676 1433 2732 λίθον⁸
1472 2695 1490 2729 ι
1536 2676 1628 2730 τὸν
1678 2674 1880 2729 δυσδά-

178 2764 185 2769 ’
300 2787 534 2825 στακτον
566 2770 660 2824 τοῦ
694 2771 862 2843 νόμου
886 2771 1075 2841 ζυγὸν,
1099 2772 1188 2825 ἵνα
1217 2771 1307 2825 τὸν
1340 2770 1606 2837 ζωοποιδν
1643 2770 1745 2841 τῆς
1782 2767 1879 2840 χά-

300 2879 457 2931 ριτος
502 2863 814 2937 ἀναλάῦητε
846 2865 1026 2935 λόγον.
1062 2884 1081 2918 ι
1125 2867 1329 2937 ’Ἄρατε
1368 2865 1466 2949 ,τὸν
1515 2864 1694 2919 λίθον·
1732 2884 1751 2917 ι
1788 2861 1880 2917 τὸν

296 2955 375 3019 ὥς
411 2956 675 3029 κάλυμμα
701 2958 953 3029 κείμενον
984 2960 1080 3014 καὶ
1104 2959 1378 3030 βαροῦντα
1408 2959 1501 3014 τὸν
1539 2959 1684 3013 νοῦν.
1733 2959 1880 3011 Ἐδυ-

298 3051 484 3122 νάμην
514 3051 675 3115 αὐτὸς
698 3050 811 3119 ἐγὼ
834 3052 925 3105 τὸν
950 3051 1099 3106 λίθον
1128 3053 1486 3119 ἀποκυλίσαι,
1516 3051 1631 3106 ἀλλ’
1659 3051 1747 3105 ἵνα
1784 3053 1880 3104 καὶ

1990 502 2162 580 Dlane
2213 520 2445 577 merito:
2493 535 2510 569 ι
2550 513 2665 586 Ego
2696 511 2871 577 enim,
2908 507 3114 578 inquit,
3157 502 3455 575 diligentes
3492 514 3582 556 me

1991 616 2160 688 diligo
2178 622 2260 669 ι.»
2285 630 2390 664 -ι
2411 609 2555 666 Ecce
2583 603 2864 678 quomodo
2891 599 3116 657 amabat
3130 594 3291 653 euml
3318 590 3582 680 «Videtur

1984 717 2041 765 et
2076 685 2470 763 admirantium
2503 713 2687 757 sermo
2708 736 2726 764 ,
2760 695 2858 753 sed
2921 699 2977 750 et
3009 689 3327 746 invidorum
3365 704 3380 741 :
3416 685 3493 740 ita
3518 691 3581 740 ut

1985 801 2156 872 aliqui
2177 800 2461 856 dicerent:
2489 792 2637 849 «Non
2657 797 2876 864 poterat
2894 786 3008 854 hic,
3027 783 3123 855 qui
3145 780 3364 853 aperuit
3379 777 3580 835 oculos

1984 870 2142 960 caeci,
2171 893 2358 950 facere
2382 901 2443 947 ut
2466 889 2559 944 hic
2588 900 2701 942 non
2740 877 3092 939 moreretur?
3122 894 3142 930 ι
3171 873 3339 945 Atqui
3371 872 3419 928 si
3445 870 3577 926 caeci

1985 986 2204 1057 aperuit
2229 983 2449 1046 oculos,
2488 994 2592 1035 cur
2622 989 2767 1043 tunc,
2790 974 2838 1030 ei
2872 977 3072 1042 negata
3109 966 3212 1023 [Ide
3237 960 3580 1035 blasphemis

1982 1093 2110 1135 eum
2144 1074 2449 1146 impetistis
2486 1065 2880 1127 sermonibus?
2908 1063 3020 1120 Cur
3056 1074 3182 1118 eum
3219 1057 3312 1130 qui
3352 1068 3581 1125 accepe-

1982 1177 2071 1226 rat
2108 1167 2444 1225 beneficium
2480 1173 2592 1220 tam
2627 1160 2822 1217 multis
2859 1153 3179 1215 inseruistis
3209 1150 3578 1223 quaestionum

1979 1261 2241 1321 nexibus.
2275 1259 2447 1317 semel
2468 1265 2524 1313 et
2537 1257 2740 1313 iterum
2760 1251 3084 1325 iudicantes
3114 1254 3168 1303 et
3194 1242 3574 1315 exquirentes,

1980 1356 2131 1427 quis,
2164 1363 2217 1410 et
2250 1353 2429 1424 cuias,
2465 1357 2521 1409 et
2560 1348 2742 1421 qualis
2765 1388 2781 1415 ,
2820 1351 2880 1402 et
2917 1341 3056 1416 quid
3106 1339 3315 1396 faciens
3357 1334 3577 1407 aperuit

1979 1446 2077 1503 tibi
2162 1445 2400 1503 oculos?
2454 1441 2613 1500 Nunc
2681 1438 2928 1503 interim,
2975 1446 3294 1507 quanquam
3370 1427 3572 1496 inviti,

1979 1538 2282 1609 agnoscitis
2329 1536 2616 1608 aperuisse
2665 1533 2861 1590 oculos
2908 1529 3067 1587 caeci.
3113 1526 3385 1583 Caeterum
3447 1532 3566 1575 cum
3670 1579 3675 1589 Ἴ

1979 1632 2116 1688 illud
2142 1629 2472 1687 miraculum
2503 1627 2636 1684 huic
2664 1626 2891 1682 deberet
2916 1618 3347 1678 admirationem
3376 1610 3572 1669 conci-

1979 1723 2137 1789 liare,
2174 1736 2275 1778 vos
2310 1719 2497 1791 potius
2550 1724 2851 1785 utrumque
2894 1708 3252 1780 vituperatis.
3296 1704 3419 1758 Hoc
3471 1699 3573 1756 Ju—

1904 1807 2170 1871 Bdaicus
2217 1814 2439 1869 animus
2490 1809 2657 1866 habet
2699 1807 2910 1879 operis.
2958 1802 3193 1871 Quando
3250 1797 3396 1855 enim
3455 1796 3582 1855 non,

1976 1907 2348 1964 exacerbastis
2386 1890 2703 1962 Christum?
2734 1898 2956 1973 quando
2988 1904 3069 1950 tot
3105 1889 3382 1962 tantisque
3414 1887 3552 1942 visis

1976 1999 2246 2070 prodigiis
2270 2013 2378 2053 non
2417 1997 2850 2066 inobsequentes
2871 1987 3094 2046 fuistis?

2053 2128 2075 2163 ‹
2112 2108 2276 2166 Iesus
2310 2124 2445 2180 ergo
2479 2122 2698 2163 rursum
2734 2105 2996 2168 fremens,
3055 2096 3206 2155 venit
3256 2094 3325 2150 ad
3370 2105 3571 2149 mouu~

1977 2210 2245 2258 mentum.
2287 2200 2418 2255 Erat
2446 2208 2632 2256 autem
2659 2198 2922 2269 spelunca
2949 2214 2963 2250 :
2997 2213 3016 2246 ι
3048 2204 3249 2261 nempe
3282 2201 3384 2242 cor
3412 2191 3574 2241 tene-

1978 2293 2259 2349 bricosum
2301 2290 2628 2348 Judaaorum
2661 2309 2675 2343 :
2708 2307 2728 2342 ι
2766 2288 2832 2342 Et
2853 2275 3004 2357 lapis
3039 2278 3424 2353 superpositus
3452 2283 3572 2331 erat

1979 2386 2054 2442 ei.
2084 2405 2103 2439 ι
2133 2384 2483 2441 Infidelitatis
2507 2383 2741 2439 durities
2765 2376 3177 2438 etresistentia.
3205 2393 3224 2426 ι
3255 2367 3529 2427 Aitlesus
3554 2385 3567 2421 :

1981 2475 2179 2533 Tollite
2210 2475 2474 2547 lapidein.
2515 2493 2536 2527 ι
2584 2472 2870 2530 Revolvite
2920 2482 3146 2540 gravem
3180 2457 3571 2519 inobedientiaa

1981 2568 2245 2639 lapidem,
2279 2575 2341 2623 ut
2373 2567 2520 2640 quod
2551 2568 2733 2623 littera
2753 2559 3136 2619 habetlethale
3157 2553 3482 2631 subvebam,
3505 2565 3570 2604 ac

1981 2660 2525 2735 faciamspirituale.
2554 2677 2575 2713 ι
2619 2656 2821 2713 Tollite
2850 2651 3086 2724 lapidein
3115 2668 3131 2706 :
3171 2667 3190 2700 ι
3209 2646 3401 2718 jugum
3431 2640 3570 2735 legis

1980 2761 2203 2824 portatu
2249 2733 2501 2820 ﬁdiﬂicile,
2543 2756 2609 2806 ut
2655 2746 2943 2818 recipiatis
2998 2739 3280 2797 vivificum
3337 2733 3565 2790 verbum

1982 2848 2189 2918 gratia}.
2230 2865 2249 2899 ι
2286 2845 2489 2901 Tollite
2509 2841 2746 2915 lapidein
2780 2859 2796 2895 ι
2845 2857 2864 2893 ι
2900 2852 3024 2894 eum
3056 2834 3248 2904 utique
3285 2829 3380 2901 qui
3417 2826 3568 2882 velut
3650 2890 3665 2894 _

1982 2940 2300 3010 impositum
2357 2937 2605 2994 velamen
2678 2939 2876 3006 gravat
2934 2918 3203 2983 animum.
3252 2920 3564 2977 Potuissem

1984 3049 2086 3105 ego
2145 3032 2429 3088 revolvere
2486 3027 2773 3100 lapidem:
2833 3038 3024 3081 verum
3085 3030 3147 3075 ut
3196 3017 3300 3088 ipsi
3348 3026 3566 3085 quoque

298 3105 402 3214 τῆς
436 3105 705 3207 δυσωδίας
737 3105 1314 3215 ἀντιλάϐοιτεοοῦδὴ
1364 3105 1523 3215 χάρίν
1574 3143 1704 3211 ὑμῖν
1758 3145 1878 3196 ἐπι-

1984 3123 2302 3193 percipiatis
2335 3120 2567 3176 fetorem
2595 3161 2610 3185 ,
2645 3118 2857 3173 idcirco
2892 3115 3083 3185 iubeo,
3116 3121 3177 3168 ut
3205 3124 3301 3169 vos
3335 3105 3561 3162 tollatis.

296 3233 491 3305 τρὲπω
520 3234 612 3289 τὸν
644 3233 794 3288 λίθον
822 3233 1013 3306 ἐξᾶραι
1038 3233 1134 3287 τοῦ
1161 3234 1463 3305 μνήματος.
1500 3251 1520 3284 ι
1550 3232 1756 3303 Ἀρατε
1786 3230 1877 3285 τὸν

296 3325 449 3379 λίθον
471 3342 484 3354 ⁸
517 3344 534 3375 ι
569 3325 656 3379 ἵνα
695 3326 855 3397 ὑμεῖς
888 3327 1301 3398 μαρτυρήσητε,
1323 3326 1407 3379 ὅτι
1437 3326 1532 3378 καὶ
1566 3323 1660 3377 τοῦ
1699 3324 1875 3392 τάφου

295 3418 393 3472 τδν
425 3416 572 3471 λίθον
599 3417 976 3486 ἐξεκυλίσατε.
1013 3437 1031 3470 ι
1059 3419 1265 3488 ’Ἄρατε
1291 3418 1383 3471 τὸν
1414 3416 1584 3482 λίθος).
1631 3435 1651 3468 ι
1690 3415 1878 3485 Ὑμεῖς

295 3512 347 3564 οί
379 3509 653 3575 Ἰουδαῖοι,
702 3510 803 3582 οὐχ
848 3511 897 3563 οἱ
943 3509 1187 3580 μαθηταί
1235 3526 1372 3579 μου,
1426 3500 1523 3562 ἵνα
1565 3508 1642 3579 μὴ
1688 3506 1879 3577 αὔριον

296 3602 492 3671 εἴπητε
525 3602 602 3661 ὡς
634 3602 730 3656 ἐπὶ
762 3603 856 3656 τοῦ
887 3602 1093 3682 τυφλοῦ
1117 3619 1133 3635 ⁶
1163 3599 1312 3676 τΑρα
1347 3597 1503 3665 οὗτός
1544 3603 1724 3666 ὲστιν;
1764 3596 1877 3672 ἆρα

296 3694 543 3758 ἐκεῖνοςς
581 3692 669 3747 ἵνα
702 3692 776 3764 μὴ
800 3694 995 3765 είπήτε
1018 3690 1100 3748 ὅτι
1134 3694 1292 3748 ἄλλον
1328 3694 1442 3748 ἀντ’
1469 3692 1628 3749 ἄλλου
1653 3693 1876 3764 ἤγειρα.

304 3785 569 3854 ιμἈρατε
603 3785 694 3838 τὸν
729 3785 901 3852 λίθον,
946 3804 965 3838 ι
1000 3788 1048 3839 εί
1083 3786 1178 3840 τοῦ
1208 3786 1488 3857 θαύματος
1524 3785 1651 3839 ἰδεῖν
1685 3784 1746 3838 τὸ
1781 3783 1879 3854 μὲ-

297 3873 464 3944 γεθος
503 3870 780 3945 βούλεσθε.
821 3895 840 3928 ι
865 3877 1029 3944 Λέγει
1071 3877 1222 3948 αὐτῷ
1271 3880 1311 3949 ἡ
1343 3875 1549 3949 ἀδελφὴ
1600 3877 1694 3931 τοῦ
1727 3894 1881 3931 τετε-

297 3966 624 4038 λευτηκότος
652 3968 883 4039 Μάρθα’
905 3970 1098 4039 Κύριε,
1125 3971 1227 4041 ήδη
1248 3970 1388 4034 δζει·
1412 3972 1738 4041 τεταρταῖος
1766 3970 1878 4040 γάρ

296 4060 473 4113 ἐστιν.
510 4077 529 4109 ι
558 4057 806 4130 Ἡμέρας
827 4061 936 4132 γὰρ
967 4055 1081 4131 εἶχε
1111 4062 1384 4133 τέσσαρας
1414 4063 1471 4115 ὲν
1497 4062 1575 4133 τῷ
1609 4062 1875 4133 μνήματι,

296 4154 359 4205 ἐν
389 4146 478 4214 αἶς
504 4146 573 4221 ἦν
621 4151 1023 4223 διαφθαρῆναι
1062 4152 1152 4206 τὸν
1185 4153 1479 4209 τεθνεῶτα.
1515 4172 1533 4206 ι
1558 4155 1700 4225 Ἤδη
1738 4152 1874 4216 ὄζει,

294 4247 618 4317 τεταρταῖος
644 4245 754 4316 γάρ
777 4247 946 4299 ἐστιν.
982 4263 1002 4297 ι
1039 4246 1322 4309 Ἀπιστίας
1354 4248 1449 4299 καὶ
1479 4242 1786 4315 δισταγμοῦ
1816 4242 1877 4297 τὺ

297 4339 478 4410 ῥῆμα.
535 4339 683 4408 Πλὴν
723 4339 786 4391 ἐν
836 4339 948 4400 τοῖς
997 4337 1276 4408 μεγίστοις
1331 4336 1606 4407 θαύμασιν
1649 4335 1878 4390 ἀπιστία

296 4430 628 4500 προτρέχειν
650 4428 900 4483 εῐθισται.
931 4447 950 4480 ι
972 4427 1112 4499 Ἤδη
1138 4428 1273 4492 ὄζει.
1318 4447 1338 4480 ›
1389 4425 1753 4498 Ἐπαρθέντος
1780 4425 1876 4479 τοῦ

1990 3234 2008 3267 ι
2037 3214 2237 3270 Tollite
2260 3213 2495 3284 lapidem
2528 3230 2541 3265 :
2578 3230 2597 3262 ι
2635 3218 2696 3265 ιιι
2729 3210 2836 3281 ipsi
2861 3216 3030 3264 testes
3064 3205 3190 3262 sitis
3236 3207 3421 3258 vestra
3446 3198 3566 3268 ipsa

1984 3318 2151 3374 opera
2182 3302 2415 3357 revoluti
2446 3299 2653 3370 lapidis
2683 3297 2942 3369 sepulcri.
2977 3314 2999 3350 ι
3023 3294 3224 3350 Tollite
3244 3286 3484 3359 lapidem
3511 3301 3560 3339 τι

1986 3413 2084 3452 vos
2112 3394 2312 3459 Judaei,
2345 3409 2454 3449 non
2490 3391 2755 3460 discipuli
2798 3389 2938 3453 mei,
2969 3395 3031 3444 ut
3057 3403 3126 3442 ne
3157 3385 3300 3441 velut
3330 3383 3384 3437 in
3415 3394 3566 3436 caeco

1982 3489 2250 3560 postridie
2279 3486 2537 3542 dixeritis
2566 3503 2580 3541 :
2608 3481 2872 3554 Nunquid
2904 3481 3016 3547 hic,
3049 3477 3295 3549 nunquid
3346 3475 3473 3529 ille?
3507 3481 3567 3527 ut

1984 3598 2053 3637 ne
2074 3581 2242 3636 alium
2287 3596 2386 3651 pro
2423 3579 2532 3633 alio
2562 3578 2897 3634 suscitatum
2936 3570 3263 3630 causemini.
3320 3591 3339 3623 ι
3366 3568 3566 3624 Tollite
3610 3615 3615 3621 .

1984 3673 2275 3745 lapidem:
2314 3691 2335 3724 ι
2399 3671 2444 3726 si
2497 3669 2752 3725 miraculi
2811 3665 3249 3739 magnitudinem
3316 3671 3566 3733 spectare

1984 3766 2177 3821 vultis.
2217 3784 2236 3816 ι
2284 3763 2428 3819 Dicit
2469 3764 2521 3819 ei
2569 3762 2782 3817 Martha
2830 3776 2992 3817 soror
3032 3759 3155 3828 ejus
3182 3757 3276 3829 qui
3312 3763 3565 3811 mortuus

1983 3856 2162 3914 fuerat
2190 3876 2202 3913 :
2227 3856 2473 3922 Domine,
2494 3856 2606 3925 jam
2631 3854 2796 3921 fetet;
2825 3852 3232 3924 quatriduanus
3257 3859 3340 3905 est
3362 3847 3558 3902 cuium

1984 3951 2232 4007 Habebat
2263 3952 2412 4006 enim
2444 3956 2680 4020 quatuor
2725 3948 2846 4003 dies
2870 3947 2927 4001 in
2954 3953 3333 4009 monumento,
3362 3943 3416 3996 in
3440 3939 3565 4012 qui-

1984 4044 2086 4101 bus
2131 4054 2342 4115 poterat
2386 4054 2640 4098 rnortuus
2687 4039 3123 4111 computrnisse.
3168 4055 3188 4089 ι
3239 4035 3358 4091 Jam
3395 4036 3563 4098 fetet;

1982 4137 2388 4208 quatriduanus
2413 4142 2497 4190 est
2519 4136 2688 4191 enim.
2723 4153 2741 4185 ι
2768 4132 3007 4189 Verbum
3037 4138 3120 4185 est
3148 4143 3256 4183 ttOn
3287 4126 3565 4182 credentis

1982 4238 2037 4284 et
2061 4227 2389 4284 dubitantis.
2422 4227 2694 4283 Caeterum
2738 4222 3032 4280 consuevit
3058 4219 3356 4276 infidelitas
3382 4218 3565 4272 maxi-

1984 4322 2090 4378 mis
2155 4308 2497 4392 praicurrere
2551 4300 2865 4373 miraculis.
2936 4333 2955 4368 ι
2995 4313 3117 4369 Jatn
3181 4312 3336 4367 fetet.
3377 4329 3396 4363 ι
3451 4309 3566 4365 Hoc

1984 4413 2124 4468 dixit
2150 4412 2391 4477 Martha,
2432 4426 2555 4467 cum
2593 4411 2817 4467 sublato
2854 4407 3036 4479 lapide
3084 4405 3310 4480 odorem
3359 4403 3566 4460 sensis-

294 4495 581 4591 λίθου-τής
617 4520 796 4591 ὀσμῆς
827 4495 1152 4590 αἰσθομένή,
1196 4519 1356 4573 τοῦτο
1384 4495 1544 4572 εἶπεν
1575 4519 1609 4587 ή
1654 4517 1875 4587 Μάρθα.

1984 4512 2083 4559 set.
2120 4502 2186 4557 Et
2216 4503 2440 4572 quidem
2475 4501 2622 4572 quod
2674 4499 2913 4556 dicebat.
2950 4514 3059 4554 non
3095 4495 3371 4553 credentis
3401 4502 3561 4549 erat:

292 4615 412 4668 Kal.
459 4614 521 4667 τὸ
568 4613 667 4681 μὲν
719 4613 870 4684 ῥῆμα
907 4611 1303 4681 διαπιστούσης
1353 4606 1450 4682 ἦν·
1517 4609 1881 4684 συνεϐάλλετο

291 4704 431 4774 γοῦν
473 4675 624 4776 ὅμως
667 4675 747 4775 rd)
775 4675 1044 4775 θαύματι,
1083 4703 1194 4774 ὅσῳ
1241 4675 1337 4757 καὶ
1373 4675 1576 4774 μᾶλλον
1626 4675 1881 4770 ἐφαίνετο

292 4795 549 4851 διαλυθὲν
580 4798 642 4850 τὸ
671 4795 854 4868 σῶμα.
885 4813 904 4847 ι
934 4796 1131 4866 Κύριε,
1167 4796 1270 4866 ἤδη
1300 4795 1435 4860 ὄζει.
1459 4813 1477 4846 ι
1511 4795 1603 4866 Μὴ
1649 4794 1880 4864 πλησιά-

294 4910 420 4964 σῃς,
460 4891 649 4962 φησὶν,
677 4891 767 4945 ἶνα
812 4891 887 4963 μὴ
909 4889 1195 4962 ἀηδισθῇς.
1231 4909 1249 4941 ι
1279 4889 1418 4960 Ἤδη
1444 4888 1583 4953 ὄζει.
1620 4908 1638 4939 ι
1688 4889 1880 4959 Μῦρον

292 4985 563 5055 ὑπάρχων
593 4983 815 5048 εὑῶδες,
847 4984 921 5055 μὴ
968 4983 1344 5054 προσεγγίσῃς
1372 4981 1453 5051 τῷ
1494 4982 1697 5044 ὄζοντι.
1738 4980 1882 5035 «K6-

297 5090 407 5149 ριε,
439 5075 541 5146 ήδη
572 5074 708 5140 δζει.
743 5093 762 5127 ι
796 5074 1091 5128 Ἐπιτείνει
1132 5073 1193 5127 τὸ
1228 5072 1416 5142 θαῦμα
1435 5073 1528 5127 τοῦ
1554 5072 1778 5140 γυναίου
1821 5072 1882 5125 τὸ

297 5166 479 5240 ῥῆμα⁶
528 5166 695 5235 Λέγει
731 5166 869 5238 αὖτῆ
899 5169 929 5221 ὁ
981 5166 1224 5239 Ἰησοῦς·
1259 5186 1278 5218 ί
1308 5166 1422 5220 Οὐκ
1456 5160 1613 5219 εἶπόν
1655 5182 1755 5229 σοι,
1798 5164 1882 5218 ὅτι

292 5257 396 5311 ἐὰν
424 5257 752 5330 πιστεύσῃς,
794 5256 917 5326 baltea
949 5257 1048 5327 τὴν
1093 5255 1252 5321 δόξαν
1295 5254 1387 5309 τοῦ
1422 5253 1594 5321 Θεοῦ;
1627 5273 1646 5307 ι
1687 5255 1879 5321 Τοῦτο,

291 5346 469 5401 οἱονεί
499 5364 620 5410 πως
651 5347 928 5410 ὀνειδίζων
960 5346 1128 5418 αὐτὴν
1157 5346 1285 5416 ἔφη.
1315 5345 1552 5416 Εὔδηλον
1587 5347 1693 5415 γὰρ
1719 5344 1796 5408 ὡς
1818 5346 1881 5398 οὐ

290 5437 536 5509 πάμπαν
586 5437 922 5507 ἀμφιϐολίας
955 5437 1292 5511 ἀπήλλακτο,
1326 5438 1394 5493 δι’
1423 5432 1498 5495 ὧν
1533 5437 1882 5509 ἐσφαλμένας

290 5530 541 5583 ἰποιεῖτο
561 5527 662 5589 τὰς
691 5526 1035 5597 ἀποκρίσεις.

361 5793 394 5825 κ
425 5781 597 5840 Prov.
628 5794 741 5846 \‘lll,
770 5779 859 5834 l7.

1986 4594 2306 4651 conferebat
2366 4606 2548 4650 tamen
2600 4594 2668 4649 ad
2719 4591 3075 4654 miraculum,
3126 4595 3335 4661 quanto
3397 4585 3563 4642 etiam

1984 4689 2236 4760 corporis
2270 4687 2538 4743 resolutio
2594 4682 2768 4754 magis
2797 4678 3203 4735 innotescebat.
3242 4696 3261 4729 ι
3308 4675 3562 4739 Domine,

1980 4780 2093 4849 jam
2139 4779 2291 4836 fetet.
2331 4797 2351 4831 ›
2389 4777 2468 4833 Ne
2530 4775 2792 4847 pr0pius,
2844 4772 3047 4843 inquit,
3104 4769 3430 4834 accesseris,
3494 4783 3565 4822 nc

1986 4870 2294 4926 molestiam
2358 4868 2585 4931 sentias,
2615 4880 2678 4921 ac
2720 4864 3007 4921 stomacho
3040 4861 3335 4916 movearis.
3370 4877 3389 4910 ι
3442 4857 3561 4912 Jan:

1978 4962 2132 5018 fetet.
2174 4981 2193 5014 ι
2228 4961 2306 5017 Ne
2337 4961 2431 5031 qui
2484 4959 2817 5016 suaveolens
2847 4962 3193 5026 unguentum
3240 4968 3321 5020 es,
3369 4951 3560 5007 fetenti

1980 5054 2527 5126 appropinquaveris.
2569 5071 2587 5103 ι
2618 5049 2871 5113 Domine,
2894 5048 3007 5118 jam
3040 5046 3226 5103 fetet.»
3248 5042 3564 5116 Magniﬁcat
3676 5102 3679 5105 ι

1980 5146 2314 5201 miraculum
2330 5144 2557 5199 verbum
2583 5140 2852 5195 mulieris.
2880 5135 3292 5194 DiciteiJesus:
3319 5154 3337 5186 ι
3369 5132 3563 5188 Nonne

1981 5240 2096 5294 dixi
2152 5239 2274 5304 tibi,
2336 5237 2599 5308 quoniam
2630 5233 2677 5288 si
2708 5230 3014 5287 credideris
3038 5269 3053 5295 ,
3096 5228 3300 5284 ridebis
3328 5226 3559 5298 gloriam

1987 5332 2114 5387 Dei?
2155 5350 2174 5382 ι
2250 5329 2366 5383 Hoc
2418 5327 2594 5393 dixit,
2625 5325 2775 5380 velut
2817 5325 2866 5379 ei
2910 5320 3319 5394 quodammodo
3362 5332 3559 5388 expro-

1987 5425 2178 5479 brans.
2241 5420 2467 5475 Clarum
2499 5415 2673 5493 'enim
2732 5420 2856 5480 est,
2906 5428 2969 5468 ex
3020 5411 3173 5466 falsis
3211 5425 3351 5481 quas
3394 5408 3561 5463 dabat

1986 5508 2494 5584 respousionibus,
2538 5521 2651 5562 non
2705 5503 2874 5560 fuisse
2943 5502 3013 5558 ab
3066 5501 3215 5556 omni
3281 5499 3561 5555 dubietate

1986 5610 2018 5665 li
2028 5610 2232 5664 heram.
