4016 6130
457 292 561 357 979

448 499 639 565 Pater,
674 502 885 567 gratias
920 501 1161 571 ago‘tibi
1200 503 1460 571 quoniam
1510 504 1713 561 audisti
1754 520 1862 560 me.
1919 508 2031 575 Ego

453 602 632 645 autem
664 592 903 646 sciebam
932 592 1062 662 quia
1081 605 1300 662 semper
1329 608 1416 648 me
1449 594 1607 648 audis
1641 612 1654 647 :
1683 595 1777 649 sed
1808 605 2033 664 propter

453 683 714 751 pupulum
744 682 839 749 qui
870 681 1201 736 circumstat
1230 681 1376 748 dixi,
1418 693 1477 737 ιιι
1526 682 1757 739 credant
1796 685 1929 754 quia
1971 692 2028 737 tu

454 786 540 825 mc
580 772 803 827 misisti.
840 788 878 833 ι,
919 771 1168 831 Elevavit
1218 789 1442 828 sursum
1477 774 1695 841 oculos,
1760 773 1909 829 unde
1961 773 2030 831 ad

452 876 555 916 nos
588 863 881 924 dcerendit
915 882 929 919 :
963 865 1076 936 agit
1106 881 1237 921 vero
1278 866 1430 921 Patri
1463 866 1696 937 gratias,
1731 881 1840 928 non
1874 866 2029 934 quasi

450 956 659 1023 aliquid
726 956 1011 1033 acceperit
1057 960 1125 1013 ab
1167 958 1289 1028 ipso
1327 958 1471 1029 (16).
1503 956 1639 1017 Nam
1702 973 1813 1017 non
1852 974 2032 1029 popo-

451 1050 576 1100 scit.
617 1064 637 1098 ι
685 1044 906 1104 Gratias
935 1050 1084 1104 enim
1117 1050 1217 1105 tibi
1249 1066 1373 1121 ago,
1407 1052 1608 1120 inquit,
1640 1052 1901 1119 quoniam
1930 1068 2032 1106 au-

448 1144 578 1195 disti
614 1157 723 1197 me.
766 1161 787 1196 ι
828 1142 992 1213 Atqui
1032 1160 1306 1215 nusquam
1346 1148 1527 1216 petiit.
1559 1158 1837 1217 nusquam
1869 1163 2033 1217 roga-

452 1232 547 1284 vit.
598 1232 1022 1304 Cousequentcr
1054 1251 1191 1306 ergo
1238 1238 1458 1293 videtur
1504 1240 1663 1305 illud,
1701 1258 1719 1292 ι
1758 1240 2031 1306 Quoniam

451 1324 654 1389 audisti
679 1342 784 1388 me,
809 1344 828 1378 ι
864 1341 1363 1401 supervacaneum.
1380 1329 1676 1385 Enimvero
1701 1347 1764 1386 ea
1791 1331 2035 1401 loquitur

452 1406 676 1485 propter
699 1415 944 1482 Iudaeos,
977 1421 1278 1476 ostendens
1313 1422 1533 1477 venisse
1557 1423 1625 1478 de
1647 1424 1810 1490 coelo,
1847 1438 1911 1476 ac
1937 1422 2029 1478 Dei

451 1520 512 1558 se
542 1506 739 1561 Filium
784 1519 838 1563 et
896 1509 1091 1575 Deum,
1140 1511 1438 1580 omniaque
1486 1527 1552 1565 ex
1610 1512 1887 1567 sententia
1932 1510 2032 1566 Pa-

451 1598 574 1659 tris.
608 1600 759 1654 velut
805 1602 893 1656 cui
930 1617 1041 1657 una
1077 1617 1205 1659 cum
1239 1618 1306 1659 eo
1345 1612 1403 1659 et
1435 1606 1709 1660 sententia
1740 1605 1813 1658 sit
1840 1614 1891 1659 et
1932 1618 2035 1659 na—

453 1702 599 1755 tura,
658 1708 921 1764 peragere
957 1712 971 1749 :
1003 1709 1068 1750 ac
1097 1696 1340 1760 demum,
1376 1696 1525 1752 velut
1551 1698 1646 1766 qui
1678 1697 1842 1751 homo
1863 1705 2031 1763 esset,

451 1784 618 1853 paulo
672 1799 737 1839 se
797 1786 1044 1841 locutum
1092 1787 1364 1843 humilius
1404 1796 1459 1843 et
1493 1787 1797 1844 secundum
1853 1788 2034 1844 benti-

453 1890 617 1938 nem,
687 1885 747 1931 ut
814 1893 884 1933 ne
954 1879 1268 1936 incarnatio
1332 1881 1483 1935 inani
1545 1880 1729 1950 specie
1778 1891 2038 1936 constare

450 1970 754 2026 videretur.
795 1990 814 2022 ι
860 1970 987 2027 "me
1028 1988 1153 2027 cum
1202 1972 1456 2052 dixisset,
1491 1988 1629 2029 voce
1666 1988 1862 2045 riiagna
1921 1974 2034 2026 ela-

451 2061 623 2116 mavit
657 2080 668 2115 :
705 2062 936 2129 Lazare,
966 2064 1090 2119 veni
1147 2063 1315 2120 foras.
1347 2066 1415 2121 Et
1468 2066 1654 2122 statim
1703 2066 2037 2136 prodiit-qui

452 2152 632 2209 fuerat
680 2163 954 2225 mortuus,
1008 2157 1208 2226 ligatus
1250 2158 1417 2227 pedes
1445 2167 1499 2213 et
1535 2172 1732 2213 manus
1772 2159 1981 2217 institis
2017 2177 2033 2214 :

447 2252 505 2298 ct
547 2246 716 2302 facies
744 2247 894 2302 illius
931 2248 1159 2303 sudario
1192 2258 1312 2303 erat
1343 2249 1534 2320 ligata.
1572 2269 1591 2302 ι
1623 2248 1744 2305 Νοιι
1776 2250 1864 2305 hic
1910 2267 2037 2322 prc-

449 2344 631 2402 catur,
670 2353 771 2393 nec
805 2338 942 2393 dicit
985 2356 999 2393 :
1040 2339 1227 2406 Pater,
1281 2340 1495 2397 suscita
1534 2356 1681 2395 eum.
1718 2340 1843 2396 llaec
1890 2345 2035 2397 enim

450 2437 580 2484 sunt
608 2428 983 2496 subditorum,
1011 2439 1283 2488 eteorum
1320 2432 1414 2502 qui
1448 2433 1674 2487 secundi
1708 2442 1839 2489 sunt
1887 2434 2033 2504 (l7):

453 2521 548 2577 sed
580 2523 783 2577 clamat
821 2541 835 2578 :
873 2538 977 2578 nec
1016 2524 1222 2579 clamat
1255 2526 1434 2580 solum
1464 2566 1479 2590 ,
1512 2526 1608 2581 sed
1647 2542 1844 2597 magna
1877 2542 2034 2582 voce.

451 2611 631 2681 Cujus
663 2613 887 2685 gratia?
929 2614 1002 2670 Ut
1045 2615 1210 2671 etiam
1264 2616 1511 2687 designet
1546 2617 1785 2672 futuram
1822 2620 2033 2685 tubam,

453 2705 616 2774 cujus
646 2721 844 2774 magna
869 2723 973 2761 vox
1008 2717 1380 2763 convocatura
1406 2718 1496 2764 cst
1526 2710 1735 2778 positos
1768 2708 1824 2763 in
1851 2725 2037 2765 monu-

455 2797 682 2851 mentis.
722 2815 739 2848 ι
784 2796 1173 2867 Ιιιιῑιιιε,νιόιιί
1215 2800 1385 2856 foras.
1427 2818 1445 2853 ι
1492 2799 1606 2855 Vox
1657 2799 1875 2855 Domini
1928 2810 2034 2868 est,

454 2888 605 2958 regia
631 2888 834 2957 jussio,
870 2890 1165 2959 potestatis
1198 2890 1514 2959 imperium.
1556 2909 1574 2943 ι
1614 2888 1752 2945 Veni
1799 2890 1968 2946 foras.
2011 2910 2030 2943 ο

450 2979 827 3051 Corruptione
858 2980 1109 3052 deposita
1142 2981 1337 3053 pellem
1367 2997 1585 3038 resume
1631 2998 1727 3052 per
1780 2983 2026 3037 incorru—

1637 301 1699 360 S.
1722 299 2056 363 ANDREZE
2097 300 2523 365 CRETENSIS

528 426 550 460 ι
583 404 749 465 Iesus
775 414 958 464 autem
988 406 1221 465 elevatis
1255 407 1309 462 in
1345 409 1548 464 ccelum
1594 411 1797 477 oculis,
1838 412 1979 468 dixit
2014 429 2024 462 :
2061 415 2103 472 Α

3612 301 3728 368 980

2208 432 2230 464 ι
2265 414 2325 467 '0
2351 414 2409 468 δὲ
2452 412 2659 485 Ἰησοῦς
2699 406 2793 485 ἦρε
2854 429 2978 477 τους
3014 410 3329 483 ὀφθαλμοὺς
3360 414 3443 477 εἰς
3461 414 3723 485 οὐρανὸν,

2133 510 2229 558 καὶ
2255 500 2377 557 εἶπε
2412 522 2425 535 ·
2465 505 2666 574 Πάτερ,
2696 503 3009 575 εὐχαριστῶ
3040 521 3124 557 σοι
3161 505 3240 557 ὃτι
3274 504 3519 575 ἡκουσάς
3562 521 3668 574 μου
3704 522 3720 535 ·

2133 596 2246 664 ἐγὼ
2270 597 2326 650 δὲ
2365 597 2513 667 ᾔδειν
2563 597 2645 650 ὃτι
2680 595 2910 650 πάντοτέ
2967 613 3069 666 μοι)
3105 594 3359 659 ἀκούσεις
3395 613 3410 627 ·
3441 594 3580 649 ἀλλὰ
3633 595 3727 649 διὰ

2132 689 2224 742 τὸν
2261 689 2535 759 6χλον’τὸν
2574 688 2917 760 περιεστῶτα
2968 684 3124 741 εἷπον
3162 705 3175 718 ·
3218 689 3305 741 ῐνα
3348 688 3724 743 πιστεύσωσιν

2130 781 2215 835 ὅτι
2241 780 2304 834 σύ
2336 798 2403 852 με
2427 780 2773 843 ἀπέστειλας.
2803 799 2820 832 ι
2851 781 2999 834 Ἀνω
3018 776 3120 851 ἦρε
3149 780 3209 833 τὸ
3226 780 3403 850 ὄμμα,
3422 780 3548 833 ὅθεν
3584 780 3729 851 πρὸς

2133 874 2283 942 ἡμᾶς
2352 872 2730 943 καταϐέϐηκεν
2751 889 2764 903 ο
2809 873 3129 943 εὐχαριστεί
3155 872 3212 925 δὲ
3246 872 3325 943 τῷ
3354 873 3530 942 Πατρὶ
3553 913 3568 935 ,
3625 873 3728 942 οὐχ

2132 965 2208 1030 ὡς
2244 964 2423 1017 λαϐὼν
2451 982 2503 1017 τι
2558 966 2686 1034 παρ’
2741 964 2926 1017 αὑτοῦ.
2957 965 3033 1018 Οὐ
3072 966 3181 1035 γὰρ
3236 965 3457 1035 ᾔτησεν.
3502 983 3519 1013 ι
3547 962 3728 1034 Εὐχα-

2137 1054 2305 1124 ριστῶ
2336 1072 2417 1107 σοι
2439 1054 2785 1126 γὰρρρησὶν,
2818 1055 2899 1109 ὅτι
2946 1055 3185 1124 ἤκουσάς
3227 1072 3350 1122 μου.
3384 1073 3403 1106 ι
3448 1055 3560 1107 Καὶ
3615 1054 3729 1125 μὴν

2134 1144 2371 1213 οὐδαμοῦ
2424 1144 2626 1215 ᾔτησεν
2658 1184 2673 1207 ,
2743 1143 2982 1214 οὐδαμοῦ
3037 1144 3257 1215 ἐδεήθη.
3310 1143 3571 1215 nam-.2»;
3628 1143 3729 1197 οὖν

2135 1232 2324 1304 ὥσπερ
2369 1234 2509 1287 κατὰ
2563 1233 2625 1286 τὸ
2670 1233 2967 1287 ἀκόλουθον
3015 1229 3157 1286 εἶναι
3213 1235 3362 1287 δοκεῖ
3424 1235 3507 1299 τὸ,
3544 1254 3560 1284 ι
3597 1235 3729 1288 Ὀτι

2136 1326 2378 1395 ἤκουσάς
2437 1344 2560 1396 μου.
2601 1346 2620 1378 ι
2676 1326 2838 1380 Ἀλλὰ
2883 1327 2973 1380 διὰ
3018 1328 3143 1390 τοὺς
3195 1328 3485 1389 Ἰουδαίους
3545 1326 3731 1381 ταῦτα.

2135 1417 2307 1482 λαλεῖ,
2365 1417 2582 1481 δεικνὺς
2625 1416 2703 1471 ὅτι
2740 1415 2950 1471 ἀνωθεν
2973 1413 3107 1489 ἦλθε
3128 1458 3141 1481 ,
3176 1417 3275 1470 καὶ
3300 1419 3383 1470 ὅτι
3412 1416 3540 1479 Υἱός
3606 1419 3732 1470 ἐστι

2135 1506 2231 1561 τοῦ
2289 1506 2450 1573 Θεοῦ,
2509 1507 2601 1561 καὶ
2646 1507 2797 1573 Θεὸς,
2849 1508 2945 1562 καὶ
2997 1510 3079 1563 ὅτι
3139 1509 3318 1563 πάντα
3368 1508 3566 1581 γνώμῃ
3630 1509 3731 1563 τοῦ

2138 1601 2352 1669 Harpe;
2413 1602 2580 1665 ποιεῖ,
2608 1601 2681 1663 ὡς,
2717 1601 2818 1673 τῆς
2879 1602 3049 1672 αὐτῆς
3102 1603 3365 1674 ὑπάρχων
3421 1602 3573 1673 αῦτῷ
3632 1606 3735 1657 καὶ

2139 1692 2363 1764 γνώμης
2389 1695 2483 1748 καὶ
2522 1693 2738 1762 φύσεως
2774 1710 2788 1724 ’
2812 1694 2908 1748 καὶ
2940 1695 3022 1747 ὅτι
3062 1694 3350 1765 ἄνθρωπος
3380 1693 3479 1758 ὢν,
3519 1695 3735 1767 ἀνθρω-

2141 1784 2444 1857 πινώτερόν
2476 1804 2591 1851 πως
2622 1786 2819 1852 ἐλάλει,
2848 1785 2929 1857 τῷ
2962 1786 3038 1858 μὴ
3075 1787 3351 1856 φαντάσαι
3383 1788 3483 1859 τὴν
3514 1789 3735 1841 οἰκονο-

2144 1878 2294 1948 μίαν.
2336 1896 2355 1928 ι
2392 1877 2579 1931 Ταῦτα
2616 1877 2805 1943 εἰπὼν,
2868 1881 3018 1950 φωνῇ
3074 1879 3296 1954 μεγάλῃ
3355 1880 3678 1952 ὲκραύγασε
3716 1896 3731 1908 ·

2142 1967 2359 2039 Λάζαρε
2387 1969 2548 2040 δεῦρο
2573 1968 2695 2033 ἔξω.
2733 1970 2844 2023 Καὶ
2891 1970 3095 2033 εὐθέως
3130 1969 3352 2038 ἐξῆλθεν
3381 1972 3410 2023 ὁ
3440 1969 3733 2040 τεθνηκὼς

2139 2060 2420 2131 δεδεμένος
2446 2062 2543 2125 τὰς
2570 2064 2760 2133 χεῖρας
2794 2060 2888 2115 καὶ
2914 2062 3041 2125 τοὺς
3070 2061 3238 2126 πόδας
3274 2063 3536 2132 κειρίαις,
3579 2066 3680 2116 καὶ
3699 2064 3734 2135 ἡ

2139 2151 2261 2220 ὄψις
2285 2151 2473 2216 αὑτοῦ,
2515 2153 2782 2223 σουδαρίῳ
2808 2152 3197 2225 περιεδέδετο.»
3226 2153 3339 2206 υὺκ
3355 2151 3576 2224 εὔχεται
3609 2155 3733 2220 νῦν,

2139 2244 2259 2297 οὐδὲ
2286 2243 2453 2312 λέγει·
2492 2244 2696 2315 Πάτερ,
2735 2244 2949 2316 ἔγειρον
2977 2245 3161 2299 αὐτόν.
3189 2245 3309 2298 Τῶν
3335 2247 3446 2316 γὰρ
3481 2245 3588 2298 ὑπὸ
3618 2252 3739 2317 χεῖ-

2142 2356 2210 2411 ρα
2237 2338 2449 2405 ταῦτα,
2504 2342 2597 2391 καὶ
2653 2339 2761 2392 τῶν
2809 2338 3115 2411 δευτέρωνο
3158 2338 3294 2393 ἀλλά
3354 2339 3590 2411 κράζει,
3634 2343 3735 2395 καὶ

2140 2432 2239 2501 οὐχ
2289 2430 2476 2494 ἁπλῶς
2530 2432 2746 2501 κράζει,
2790 2431 2928 2485 ἀλλὰ
2954 2432 3109 2502 φωνῇ
3154 2430 3387 2505 μεγάλῃ.
3428 2431 3590 2495 Τίνος
3629 2436 3732 2502 χά-

2142 2540 2226 2595 ριν
2255 2541 2270 2589 ;
2298 2525 2415 2577 Ἵνα
2473 2524 2570 2577 καὶ
2625 2524 2722 2595 τὴν
2779 2524 3083 2595 μέλλουσαν
3120 2525 3269 2597 δείξῃ
3324 2525 3606 2593 σάλπιγγα
3629 2544 3731 2595 με-

2139 2611 2280 2685 γάλῃ
2304 2613 2683 2681 συγκαλοῦσαν
2719 2617 2871 2686 φωνῇ
2892 2616 3019 2678 τοὺς
3044 2618 3101 2668 ὲν
3136 2617 3400 2687 μνήμασι.
3435 2635 3453 2667 ι
3481 2616 3730 2687 Λάζαρε,

2139 2704 2300 2775 δεῦρο
2359 2704 2483 2771 ἔξω.
2512 2724 2531 2757 ι
2567 2706 2877 2777 Δεσποτικὴ
2905 2709 2938 2776 ή
2982 2708 3159 2778 φωνὴ,
3203 2707 3485 2778 βασιλικὸν
3534 2708 3596 2760 τὸ
3639 2711 3731 2761 κέ-

2138 2795 2372 2865 λευσμα,
2435 2794 2685 2859 ἐξουσίας
2742 2796 2802 2848 τὸ
2862 2796 3215 2866 πρόσταγμα.
3269 2796 3486 2868 ιΔεῦρο
3543 2799 3673 2863 ἔξω.
3708 2821 3861 2874 p/

2153 2886 2518 2957 ’Λποθέμενος
2541 2888 2640 2958 τὴν
2666 2886 2893 2958 φθορὰν,
2924 2888 3162 2942 ἀνάλαὸε
3192 2888 3288 2960 τὴν
3315 2890 3381 2943 δι’
3408 2891 3733 2962 ἀφθαρσίας

2138 2979 2320 3048 δοράν.
2354 2998 2371 3030 ι
2402 2979 2620 3049 Λάζαρε
2645 2979 2804 3050 δεῦρο
2834 2979 2959 3046 ἔξω.
2987 2999 3004 3031 ι
3036 2980 3338 3036 Γνώτωσαν
3369 2984 3418 3037 οἱ
3449 2984 3727 3051 Ἰουδαῖοι,

454 3073 724 3147 ptioucm.
783 3092 802 3126 ι
848 3072 1078 3138 Lazare,
1117 3074 1238 3128 veni
1297 3073 1467 3130 foras.
1510 3092 1530 3127 ι
1607 3073 1800 3130 Sciant
1860 3073 2033 3129 Judmi

2145 3073 2220 3124 ὅτι
2252 3069 2473 3142 ἔρχεται
2495 3070 2636 3141 ὥρα,
2672 3073 2760 3125 ὅτε
2779 3073 2877 3142 τῆς
2910 3062 3096 3143 φὼνῆς
3118 3074 3213 3126 τοῦ
3234 3075 3365 3127 Υἰοῦ
3394 3074 3487 3129 τοῦ
3511 3077 3732 3149 ἀνθρὼ-

463 3185 483 3218 ι
515 3166 734 3222 venisse
759 3166 873 3236 jam
901 3166 1117 3229 horam,
1154 3165 1374 3235 quando
1404 3164 1629 3231 mortui,
1662 3167 1755 3235 qui
1803 3174 1937 3221 sunt
1986 3167 2040 3218 in

458 3259 1097 3323 monumentis,audient
1120 3274 1305 3313 vocem
1342 3259 1465 3313 Filii
1496 3258 1623 3314 Dei:
1654 3268 1705 3314 et
1732 3260 1822 3328 qui
1848 3259 2042 3314 audie-

458 3352 602 3418 rint,
661 3351 844 3406 vivent
870 3360 920 3406 J'.
962 3371 981 3404 ι
1020 3380 1091 3391 -
1122 3369 1141 3402 ι
1182 3350 1317 3405 Veni
1369 3350 1538 3415 foras.
1592 3370 1611 3403 ιι
1645 3351 1909 3404 Sublatus
1956 3360 2043 3405 est

462 3441 604 3513 lapis
630 3441 955 3497 offensionis
991 3459 1004 3494 :
1042 3442 1108 3498 ad
1135 3459 1220 3498 me
1250 3458 1415 3513 perge
1448 3444 1544 3521 qu}
1570 3455 1621 3499 tc
1657 3458 1814 3499 voco.
1847 3462 1865 3495 ι
1904 3442 2041 3499 Veni

461 3534 633 3588 foras.
676 3552 694 3585 ι
726 3531 799 3588 Ut
831 3533 1056 3604 quidem
1098 3534 1331 3599 amicus,
1367 3534 1432 3588 ad
1471 3550 1555 3589 me
1581 3534 1824 3600 advoco;
1859 3543 2041 3590 utau-

461 3635 568 3678 tem
604 3624 865 3680 Dominus
892 3666 906 3690 ,
958 3624 1242 3696 praecipio.
1275 3643 1293 3675 ι
1333 3623 1470 3679 Veni
1513 3624 1683 3680 foras.
1726 3645 1745 3698 ι
1778 3625 2043 3681 Noverint

459 3714 638 3771 Judaei
684 3715 822 3782 fore,
871 3725 929 3770 ut
959 3716 1051 3785 qui
1078 3716 1290 3771 suscito
1316 3717 1744 3787 quatriduanum
1786 3734 1817 3772 e
1847 3732 2044 3772 monu-

462 3816 675 3874 mento,
711 3807 910 3877 potiori
960 3807 1082 3879 iure
1132 3823 1413 3881 resurgam
1452 3808 1570 3879 ipse
1617 3809 1929 3873 triduanus,
1965 3811 2044 3864 si-

462 3895 684 3966 quidem
720 3906 950 3951 mortem
979 3910 1293 3968 gustavero.
1331 3917 1348 3950 ι
1391 3897 1617 3965 Lazare,
1638 3900 1761 3955 veni
1794 3899 1967 3958 focus.
2018 3920 2038 3954 ι

462 3982 560 4039 Exi
599 3983 787 4041 fasciis
821 3987 1121 4055 involutus,
1158 4003 1221 4044 ac
1245 3989 1474 4043 indutus
1506 3989 1865 4058 sepulcralia,
1890 4000 1947 4045 ut
1975 4005 2042 4046 ne

461 4086 516 4133 te
555 4075 732 4133 Judaei
765 4079 949 4135 [ictum
984 4091 1262 4137 mortuum
1310 4082 1776 4136 existimaverint.
1810 4079 2045 4137 Videant

462 4169 655 4241 ligatas
680 4186 898 4238 manus,
931 4182 985 4227 et
1024 4173 1212 4244 pedes,
1246 4187 1312 4227 ac
1354 4172 1551 4229 faciem
1589 4172 1891 4241 obtectam,
1940 4189 2042 4229 nec

461 4261 730 4317 miraculo
753 4263 914 4319 fidem
945 4263 1262 4321 detrahant.
1297 4284 1315 4316 ι
1366 4263 1504 4319 Vcni
1546 4266 1713 4320 foras.
1757 4285 1775 4318 ι
1815 4266 2041 4322 Astruet

464 4363 610 4409 tuam
636 4360 1109 4413 resurrectionem
1142 4361 1399 4430 corporis
1425 4360 1797 4423 maleoicntia.
1844 4358 2039 4416 Solve-

533 4542 559 4583 r
590 4532 750 4591 Joan.
794 4550 845 4601 ν,
872 4539 967 4595 25..

2145 3180 2248 3217 που
2279 3165 2325 3215 οἱ
2361 3166 2419 3216 ἐν
2446 3165 2560 3226 τοῖς
2624 3164 2915 3235 μνημείοις
2951 3165 3280 3218 ἀκούσονται
3317 3182 3331 3195 ο
3366 3167 3458 3219 καὶ
3488 3168 3535 3219 o‘.
3564 3168 3733 3220 ἀκού-

2143 3270 2350 3319 σοντες,
2369 3256 2650 3325 ζήσονται.
2680 3275 2804 3307 ν-ι
2832 3255 3005 3326 Δεῦρο
3024 3255 3149 3321 ἔξω.
3182 3276 3200 3309 ι
3219 3251 3465 3328 ’Πρταιὸ
3481 3258 3651 3325 λίθος,
3673 3264 3735 3312 τὸ

2143 3348 2483 3420 πρόσκομμα
2503 3365 2516 3379 ο
2545 3347 2729 3419 βάδιζε
2762 3349 2900 3420 πρός
2929 3367 2996 3420 με
3020 3349 3112 3402 τὸν
3136 3349 3411 3405 καλοῦντά
3429 3368 3511 3405 σε.
3555 3372 3573 3403 ι
3602 3352 3738 3405 Δεῦ-

2143 3458 2207 3514 ρο
2238 3440 2362 3508 ἒξω.
2394 3461 2412 3494 ι
2451 3441 2539 3505 Ὠς
2575 3442 2673 3512 μὲν
2709 3442 2860 3511 φίλος
2882 3459 2964 3495 σοι
2989 3442 3318 3515 προσφωνῶ,
3341 3443 3416 3507 ὡς
3449 3445 3506 3498 δὲ
3530 3446 3738 3499 Δεσπόο

2144 3547 2241 3600 της
2270 3531 2571 3586 ἐπιτάσσω.
2609 3551 2627 3582 ι
2658 3530 2828 3602 Δεῦρο
2849 3532 2975 3598 ἔξω.
3001 3554 3017 3583 ι
3054 3532 3316 3586 Μάοωσιν
3349 3533 3628 3599 Ἰουδαῖοι,
3652 3536 3739 3589 ὅτι

2143 3623 2465 3692 τεταρταῖον
2519 3620 2754 3692 ἐγείρων
2792 3623 2857 3675 ὲκ
2892 3623 3180 3693 μνήματος
3220 3622 3403 3692 πολλῷ
3432 3640 3495 3692 γε
3532 3626 3738 3694 μᾶλλον

2145 3713 2308 3777 αὐτὸς
2367 3714 2670 3785 τριήμερος
2720 3714 3131 3785 ἀναστήσομαι,
3168 3717 3221 3768 εἴ
3241 3731 3304 3785 γε
3328 3714 3562 3770 θανάτου
3607 3716 3740 3784 γεὺ-

2148 3823 2333 3876 σομαι.
2388 3824 2407 3856 ι
2438 3807 2682 3877 Λάζαρε,
2715 3806 2877 3879 δεῦρο
2921 3807 3047 3872 ἔξω.
3074 3828 3093 3859 ι
3159 3808 3637 3882 Περιῆεϐλημὲνος
3670 3811 3739 3865 τὰ

2148 3896 2440 3966 σπάργανα
2472 3895 2676 3961 ἔξελθε,
2717 3897 2811 3950 καὶ
2828 3897 2896 3949 τὰ
2918 3897 3149 3966 ἐντάφια
3200 3899 3613 3969 περικείμενος,
3635 3900 3740 3964 ἱνα

2152 3989 2226 4059 μὴ
2246 3987 2617 4060 προσποιητόν
2636 4003 2694 4040 σε
2710 3986 2903 4058 νεκρὸν
2918 3986 3163 4042 Ἰουδαῖοι
3177 3989 3497 4060 νομίσωσιν.
3521 3990 3742 4043 Ἱδωσιν

2148 4086 2338 4155 χεῖρας
2365 4082 2660 4152 δεδεμένας
2684 4081 2781 4136 καὶ
2793 4080 2980 4145 πόδας,
3005 4082 3098 4135 καὶ
3114 4081 3268 4152 ὅψεις
3282 4083 3737 4156 κεκαλυμμένας,

2150 4176 2254 4230 καὶ·
2275 4175 2350 4249 μὴ
2394 4175 2758 4244 ἁπιστήσειαν
2796 4174 3042 4226 Ἰουδαῖοι
3089 4173 3165 4245 τῷ
3200 4174 3465 4245 Θαύματι.
3520 4197 3538 4229 ι
3564 4176 3741 4248 Δεῦρο

2155 4266 2313 4333 ἔξω.)
2342 4266 2683 4318 [Ιιστώσεταί
2712 4281 2805 4317 σου
2828 4263 2926 4335 τὴν
2977 4265 3274 4320 ἀναϐίωσιν
3301 4267 3592 4338 ήδυσωδία
3639 4269 3737 4322 τοῦ

2156 4359 2428 4430 σώματος.
2459 4356 2710 4411 Λύσωσιν
2741 4356 2896 4417 αὐτοὶ
2924 4358 2991 4413 τὰ
3012 4358 3369 4429 περικείμενα
3418 4359 3739 4431 σπάργανα,

1754 4649 2169 4707 ~COMBEFISH
2191 4649 2425 4708 NOTAE.

537 4740 650 4817 (ιϐ)
684 4739 807 4817 Agit
835 4755 956 4817 pero
985 4739 1334 4817 gratiashnon
1358 4741 1513 4809 quasi
1542 4741 1748 4817 aliquid
1785 4745 2045 4817 acceperit
2080 4746 2123 4801 D
2151 4747 2365 4817 gorius,
2426 4753 2573 4817 orat.
2630 4746 2683 4801 in
2740 4744 3009 4817 Natalem.
3060 4757 3114 4799 ct
3160 4749 3195 4803 ‘2
3234 4748 3288 4801 in
3324 4748 3562 4813 Pascha,
3595 4749 3738 4804 dixit

465 4833 494 4867 ιι
533 4813 717 4883 Putre.
749 4809 923 4883 Habet
954 4811 1155 4883 similia
1182 4810 1614 4883 Chrysostomus
1638 4815 1879 4883 iu'caput
1900 4809 2045 4868 istud

470 4902 540 4940 xu
566 4880 799 4938 Joannis
831 4895 953 4949 quae
975 4881 1175 4934 debent
1207 4881 1432 4949 intelligi
1460 4892 1514 4934 ut
1548 4891 1759 4936 tantum
1787 4880 1849 4937 in
1884 4884 2047 4937 Aria-

468 4970 569 5008 nns
604 4953 771 5013 dicta,
800 4966 913 5007 non
940 4959 1002 5005 ut
1033 4954 1086 5004 in
1115 4953 1183 5005 iis
1207 4953 1436 5005 omnino
1458 4955 1781 5007 excludatur
1820 4969 1849 5007 a
1886 4955 2047 5009 Chri-

467 5035 557 5078 sto
575 5031 631 5077 et
658 5022 858 5088 oratio,
892 5030 947 5075 et
970 5022 1273 5093 gratiarum
1311 5024 1475 5082 actio,
1510 5039 1608 5091 pro
1635 5040 1762 5085 vere
1780 5028 2045 5093 acceptis,

470 5112 576 5149 nou
616 5103 835 5156 natura,
862 5093 955 5145 sed
986 5092 1295 5147 voluntate
1318 5101 1372 5146 et
1402 5098 1595 5159 gratia.
1645 5092 1714 5151 Ut
1759 5092 1929 5157 Deus,
1957 5112 2049 5147 ac-

467 5167 615 5236 ιῖιιιιιι
649 5171 868 5227 natura,
900 5170 1073 5214 totum
1108 5165 1251 5236 quod
1294 5174 1378 5217 est
1405 5165 1584 5229 Pater,
1639 5174 1868 5233 excepta
1922 5182 2049 5234 pro-

468 5236 704 5303 brietate
762 5242 1029 5299 ιιιιῑθνιιίὶὶ
1084 5235 1328 5303 "mihi"e
1382 5251 1448 5287 θυ
1504 5246 1588 5287 θδι
1644 5237 1898 5298 immo“
1941 5251 2053 5303 quo

470 5304 701 5375 proinde
734 5304 897 5375 modo
944 5304 1127 5357 nullus
1162 5313 1345 5359 manet
1389 5305 1546 5359 locus
1579 5307 1813 5375 propria:
1846 5306 2052 5373 gratia-

467 5373 587 5430 rum
620 5373 828 5430 actioni
859 5389 874 5446 ξ
915 5382 975 5427 ut
1009 5374 1194 5437 homo,
1234 5391 1546 5446 quanquam
1580 5373 1725 5430 dona
1746 5378 1929 5430 omnia
1963 5375 2055 5429 ha-

470 5446 673 5506 buerit,
709 5452 768 5498 ut
791 5443 938 5499 velut
976 5460 1039 5498 ex
1083 5443 1319 5515 quadam
1348 5443 1808 5501 cunnaturalitatc
1832 5446 2050 5511 debita;

487 5530 676 5570 revera
703 5524 885 5567 tamen
933 5516 1139 5586 gratia
1171 5516 1403 5586 accepit,
1437 5526 1489 5570 ct
1538 5517 1723 5571 divina
1768 5517 1934 5571 libera
1962 5532 2057 5569 vo-

471 5584 680 5656 luntate
710 5593 768 5636 ut
800 5598 899 5656 pro
932 5584 999 5638 iis
1031 5592 1085 5639 ct
1121 5584 1379 5652 Patri,'et
1410 5587 1526 5656 ipse
1555 5588 1658 5642 sibi
1687 5589 1894 5651 utDeo,
1928 5602 2053 5656 gra-

472 5653 580 5706 tias
608 5667 773 5722 agerc
802 5653 1070 5707 debuerit.

546 5717 672 5793 (ΠΣ
702 5720 767 5773 Et
801 5736 981 5775 eorum
1013 5726 1100 5777 οιιὶ
1136 5727 1346 5781 secundi
1400 5737 1545 5783 διιιιι.
1585 5727 1676 5784 Sic
1706 5729 1871 5785 etiam
1906 5730 2047 5787 Grc-

2147 4816 2394 4885 angelos.
2419 4816 2679 4887 δευτέρας
2719 4816 3138 4887 λαμπρότητας,
3196 4820 3455 4873 secundos
3490 4820 3739 4886 splendoo

2149 4904 2231 4943 res
2262 4903 2279 4940 :
2323 4886 2585 4940 nonnihil
2621 4886 2676 4941 id
2732 4886 3037 4951 Platenice,
3064 4887 3156 4945 sed
3191 4904 3325 4943 sane
3353 4901 3534 4943 tamen
3557 4899 3612 4943 ct
3639 4906 3736 4943 ca—

2150 4960 2368 5014 tholice.
2434 4956 2641 5013 Revera
2682 4959 2825 5012 enim
2855 4958 3036 5011 solum
3067 4974 3167 5011 ens
3207 4959 3454 5015 divinum
3481 4968 3538 5014 et
3566 4960 3736 5025 Deus,

2152 5027 2386 5100 primum
2422 5028 2553 5082 illud
2578 5036 2682 5089 est,
2716 5027 2862 5098 quod
2898 5028 3005 5081 sibi
3039 5030 3280 5083 sulliciat
3320 5051 3334 5085 :
3364 5030 3575 5100 reliqua
3613 5046 3737 5085 om-

2150 5104 2237 5153 nia
2267 5100 2508 5152 secunda
2546 5107 2692 5164 sunt,
2751 5110 2801 5152 et
2835 5100 3057 5166 quibus.
3092 5111 3148 5151 ut
3190 5100 3327 5153 nihil
3367 5110 3453 5154 cst
3502 5117 3611 5153 non
3644 5103 3729 5155 de.

2160 5171 2394 5222 rivulum
2432 5171 2604 5236 gratia
2644 5185 2672 5221 a
2734 5171 2912 5235 prium
2939 5169 3054 5228 illo.
3085 5172 3165 5223 sic
3194 5186 3370 5239 neque
3406 5179 3487 5223 est
3521 5172 3735 5239 aliquid

2160 5240 2304 5308 quod
2369 5257 2474 5292 non
2534 5254 2635 5291 suo
2693 5241 2856 5293 modo
2891 5240 2960 5292 ab
2989 5255 3055 5293 eo
3098 5250 3285 5308 putere
3319 5240 3577 5294 debeant.
3613 5240 3735 5294 Jam

2160 5312 2304 5377 quod
2339 5312 2495 5364 tertia
2525 5321 2579 5363 et
2609 5318 2805 5379 quarta
2833 5310 3018 5379 aliqua
3040 5311 3417 5372 dicantur,est
3443 5325 3733 5379 compara-

2161 5383 2307 5434 tione
2334 5380 2479 5433 inter
2508 5380 2624 5448 ipsa
2673 5382 2913 5451 secunda
2959 5391 3012 5433 et
3046 5381 3452 5451 participantia,
3497 5396 3737 5450 quorum

2160 5452 2306 5503 aliud
2343 5452 2451 5502 alio
2485 5452 2657 5518 magis
2676 5450 2989 5519 participat,
3021 5450 3348 5505 cumtamen
3385 5464 3495 5505 uno
3527 5453 3735 5512 omnia,

2159 5537 2268 5575 non
2300 5521 2537 5574 alterum
2592 5521 2765 5573 altern
2811 5521 3122 5591 participet.
3171 5520 3332 5575 Ludit
3382 5521 3553 5575 etiam
3599 5522 3742 5576 scite

2161 5599 2354 5644 auctor
2379 5591 2610 5644 cncomii
2640 5591 2900 5662 AAbrahazi
2941 5592 3160 5662 nomine
3211 5593 3615 5662 Chrysostorni,
3685 5592 3739 5643 in

2163 5662 2256 5735 illo
2311 5660 2651 5735 prim-operti
2710 5662 2786 5714 ait
2841 5661 3061 5718 Abelcm
3122 5660 3189 5717 de
3229 5660 3422 5735 primis
3464 5677 3739 5735 agitorum

2162 5732 2354 5787 [ρνιδδθ
2381 5732 2671 5804 primitias,
2702 5740 2810 5786 etc.
