4016 6130
312 271 418 338 931

1428 284 1511 342 IN
1534 285 1901 346 LAZAHUM
1939 284 2599 355 QUATRIDUANUM-

3491 297 3597 361 982

315 377 414 430 καὶ
466 374 766 444 ὲπιγνῶσιν
794 377 853 433 ὃν
873 379 932 433 ἐν
954 381 1031 455 τῷ
1066 384 1225 456 τάφῳ
1281 386 1660 443 κατέκλεισαν.
1695 406 1713 439 ι
1737 388 1910 458 Δεῦρο

2015 387 2128 443 rint
2167 389 2273 460 ipsi
2320 406 2534 461 pannos
2576 378 3030 466 circumpositos,
3070 400 3437 474 noverintque
3469 420 3594 463 eum

316 466 447 531 ἔξω.
463 487 481 520 ι
499 467 780 541 Ζωώθητι,
798 472 891 526 καὶ
905 472 1209 547 ψυχώθητι,
1229 480 1323 532 καὶ
1342 479 1654 551 βηματίσας
1669 481 1766 552 τῆς
1780 482 1910 554 λάρ-

317 577 489 624 νακος
552 559 711 628 ἔξιθι.
760 562 983 631 Δίδαξον
1040 569 1160 635 πῶς
1189 572 1247 624 ὲν
1267 573 1398 644 ῥιπῇ
1458 576 1566 627 πᾶν
1599 573 1660 628 τὸ
1682 574 1909 646 πλάσμα

315 651 609 723 ψυχοῦται,
669 654 769 726 τὴν
832 659 1020 730 κοινὴν
1077 661 1186 715 τῶν
1245 663 1457 736 νεκρῶν
1484 666 1786 721 ἀνάστασιν
1810 669 1910 745 τῆς

316 743 510 813 φωνῆς
542 745 915 820 ἀποτελούσης
946 752 1046 821 τῆς
1068 752 1394 823 σάλπιγγος.
1429 757 1630 828 «Δεῦρο
1659 757 1819 823 ἕξω.»
1841 743 1909 812 Ἦ

319 835 460 904 πνοὴ
496 838 553 890 ὲν
589 838 735 908 ῥισίν
766 856 780 869 ·
803 841 860 894 αἱ
891 842 1088 911 φλέϐες
1121 846 1355 917 αἵματος
1380 848 1605 920 πλήρεις
1634 867 1647 880 ο
1683 853 1716 922 ή
1756 851 1910 923 φωνὴ

317 928 418 981 ἐπὶ
464 930 786 1005 φάρυγγος·
848 937 907 989 ἐν
953 937 1090 991 ὠσὶν
1144 941 1172 994 ὁ
1222 940 1379 1011 λόγος
1414 959 1429 975 ο
1495 945 1552 996 ὲν
1609 944 1911 1017 ὀφθαλμοῖς

313 1024 381 1077 τὸ
444 1026 581 1096 ὁρᾷν
613 1042 629 1057 ⁸
668 1027 763 1079 ἐπὶ
791 1027 977 1099 χώρας
999 1032 1032 1099 ἡ
1090 1032 1362 1105 ὄσφρησις
1399 1052 1414 1067 ο
1465 1037 1499 1107 ἡ
1529 1036 1738 1107 βάδισις
1770 1040 1911 1094 κατά

316 1115 485 1184 φύσιν
522 1134 534 1147 ’
570 1119 665 1172 καὶ
692 1121 800 1173 πᾶν
833 1121 893 1174 τὸ
924 1124 1122 1193 σκῆνος
1153 1126 1481 1198 ἐμψυχωθὲν
1529 1129 1908 1201 ἐξωργὰνωτο.

322 1226 345 1260 ε
365 1207 539 1280 Δεῦρο
567 1209 691 1275 ἔξω.
723 1229 741 1262 ι
771 1212 1004 1268 Ἀπόθου
1032 1216 1099 1269 τά
1125 1219 1441 1289 σπάργανα,
1464 1222 1558 1275 καὶ
1587 1223 1815 1293 ἀνύμνει
1842 1226 1909 1278 τὰ

319 1300 599 1373 θαύματαο
620 1303 828 1358 ἀπόθου
853 1306 949 1378 τῆς
973 1308 1241 1375 δυσωδίας
1261 1312 1361 1384 τὴν
1386 1314 1603 1385 ἀηδίαν,
1624 1317 1718 1369 καὶ
1743 1335 1913 1388 προσ-

317 1394 589 1464 κύνειτῆς
612 1395 866 1463 ἐξουσίας
883 1400 981 1472 τὴν
998 1404 1308 1460 αὐθεντίαν.
1325 1407 1473 1477 Ἐγώ
1498 1425 1579 1461 σοι
1606 1411 1908 1477 ἐπιτάσσω,

325 1505 346 1536 ι
371 1486 543 1557 Δεῦρο
573 1487 730 1556 Efﬁce,»
765 1492 794 1543 ὁ
829 1491 1019 1558 είπὼν,
1055 1514 1072 1545 t
1098 1496 1392 1568 Γενηθήτω
1446 1498 1583 1569 φῶς,
1620 1501 1911 1575 Γενηθήτω

319 1579 638 1651 στερέωμα.
657 1601 674 1634 ι
711 1582 854 1653 Ἐγώ
887 1601 969 1640 σοι
991 1588 1470 1662 παρακελεύομαι,
1505 1610 1524 1644 ι
1545 1594 1718 1664 Δεῦρο
1744 1594 1865 1660 ἔξω.
1884 1616 1902 1648 ›

320 1669 443 1722 ’Ίνα
475 1671 592 1745 ἴδῃς
613 1690 680 1744 με
700 1675 803 1728 ὑπὸ
823 1676 1070 1748 μαθητοῦ
1093 1681 1504 1754 προδιδόμενοι),
1525 1686 1909 1752 καὶἸουδαίοις

316 1761 835 1834 ἀπεμπολούμενον,
883 1769 1119 1824 Πιλάτου
1171 1775 1497 1846 κρινόμενον
1540 1777 1768 1849 βήματι,
1816 1782 1912 1835 καὶ

317 1855 462 1924 πρὸς
493 1856 553 1909 τὺ
576 1858 747 1923 πάθος
791 1862 1033 1917 ἐθελοντὶ
1073 1865 1449 1936 ἀπαγόμενον.
1474 1869 1595 1924 Ἵνα
1615 1869 1732 1942 ἴδῃς
1778 1873 1913 1927 ἰου-

317 1945 487 1999 δαίων
519 1947 856 2021 θρασύτητα,
880 1955 951 2007 κά
961 1955 1062 2023 μοῦ
1082 1955 1180 2027 τὴν
1201 1957 1506 2031 πραότητα.
1535 1959 1733 2032 ιΔεῢρο
1748 1961 1872 2027 ἔξω.
1889 1983 1907 2017 ι

321 2035 446 2090 Ἵνα
477 2035 592 2111 ἴδῃς
619 2040 755 2111 μετά
774 2041 988 2114 λῃστῶν
1017 2062 1082 2115 με
1102 2047 1530 2119 σταυρούμενον,
1559 2050 1678 2116 ὄξος
1700 2053 1796 2106 καὶ
1822 2071 1914 2124 χο-

318 2127 422 2199 λὴν
441 2130 816 2202 ποτιζόμενον,
845 2137 939 2191 καὶ
961 2137 1133 2211 λόγχῃ
1149 2140 1251 2210 τὴν
1277 2141 1523 2214 πλευρὰν
1547 2146 1910 2214 τυπτόμενον·

322 2221 415 2275 ἶνα
444 2221 562 2295 ἴδῃς
584 2227 642 2278 ὲν
670 2228 858 2300 ἡμέρᾳ
890 2230 1034 2304 μέσῃ
1057 2230 1117 2285 τὸ
1156 2233 1273 2301 φῶς
1330 2238 1788 2308 τυραννούμενον,
1821 2241 1914 2295 καὶ

320 2311 499 2369 νύκτα
548 2315 641 2369 τὸν
675 2318 829 2387 ἥλιον
879 2323 1308 2390 συσκιάζουσαν,
1347 2327 1639 2394 Ἰουδαίους
1665 2330 1913 2403 βλασφη-

326 2403 588 2495 μρῦντας,
615 2410 708 2463 καὶ
760 2411 965 2485 λῃστὴν
994 2415 1371 2485 θεολιογοῦντα.
1416 2438 1434 2471 t
1461 2422 1702 2493 Λάζαρε,
1752 2425 1912 2495 δεῦρο

321 2488 483 2552 ἔξω.)
512 2493 618 2548 Καὶ
644 2497 848 2563 εὐθέως
871 2500 1092 2570 ἐξῆλθεν
1121 2506 1147 2556 ὁ
1169 2506 1467 2578 τεθνηκὼς,
1495 2488 1784 2580 δεδεμένος
1813 2488 1913 2578 τάς

319 2585 513 2653 χεῖρας
567 2588 659 2640 καὶ
716 2592 844 2656 τοὺς
891 2595 1059 2660 πόδας
1097 2599 1372 2669 κειρίαις,
1406 2602 1502 2656 καὶ
1537 2603 1718 2675 quin;
1746 2606 1911 2660 αὑτοῦ

322 2675 599 2749 σουδαρίῳ
645 2684 1004 2754 περιεδέδετο.
1064 2706 1083 2740 ι
1128 2689 1229 2745 Διὰ
1254 2691 1315 2747 τὸ
1355 2693 1584 2749 ἄπιστον
1624 2696 1733 2751 τῶν
1784 2700 1914 2754 Ἰου-

319 2770 521 2863 δαίων,
543 2775 604 2829 Ei
628 2776 737 2848 γὰρ
768 2780 843 2851 μὴ
876 2783 1189 2850 περιέκειτο
1205 2786 1273 2839 τὰ
1301 2789 1569 2859 ὲπιτάφια
1594 2792 1908 2863 σπάργανα,

322 2863 473 2928 εἰκὸς
493 2861 561 2938 ἦν
586 2867 827 2931 ἐκείνους
851 2874 1056 2926 εἰπεῖν*
1091 2875 1166 2929 Οὐ
1197 2876 1475 2943 τεθνήκει,
1530 2881 1646 2936 ἀλλ’
1682 2861 1741 2937 ἐν
1764 2861 1912 2955 σχή-

325 2960 714 3039 ματιχνεκροῦ
766 2962 927 3034 δῆθεν
992 2966 1291 3036 ὑπεισῆλθε
1348 2970 1426 3039 τῷ
1484 2975 1754 3046 μνήματι.
1808 2977 1911 3031 Διά

2010 498 2171 552 quem
2202 482 2254 537 in
2296 486 2508 540 tumulo
2537 485 2875 542 clauserant.
2916 505 2935 541 ι
2977 487 3112 545 Veni
3140 490 3313 549 foras.
3358 512 3377 546 ο
3413 493 3596 552 Viviﬁ-

2010 588 2163 638 care,
2215 576 2465 632 animare
2504 595 2518 631 :
2552 592 2618 631 ac
2692 578 2952 649 gradiens
2998 581 3087 634 exi
3151 580 3376 640 feretro.
3451 584 3597 644 Doce
3652 572 3665 587 ί

2012 667 2292 737 quomodo
2326 666 2645 740 ﬁgmentum
2675 676 2844 724 totum
2866 670 2921 726 in
2943 671 3058 726 ictu
3087 674 3232 729 oculi
3262 675 3599 734 sitaniman-

2012 759 2164 827 dum,
2195 774 2548 817 communem
2596 771 2937 819 mortuorum
2975 768 3438 825 resurrectionem
3464 786 3598 828 con-

2014 850 2231 909 ﬁciente
2265 868 2402 909 voce
2453 856 2617 911 tubae.
2674 875 2693 908 ‹
2736 853 2870 911 Veni
2905 857 3074 911 foras.
3104 877 3124 910 ›
3162 858 3260 915 Est
3286 860 3516 932 spiritus
3542 864 3597 920 in

2013 942 2275 1009 naribus;
2317 960 2472 1000 vena:
2519 945 2691 1017 plena
2719 955 2849 1001 sunt
2880 949 3182 1020 sanguine;
3222 965 3332 1006 vox
3373 952 3430 1007 in
3472 962 3598 1026 gut-

2014 1041 2161 1096 ture,
2195 1033 2251 1088 in
2275 1034 2506 1092 auribus
2533 1051 2739 1102 sermo,
2767 1038 2821 1092 in
2855 1039 3036 1097 oculis
3063 1041 3231 1111 visio,
3261 1043 3505 1103 olfactus
3540 1046 3596 1101 in

2013 1126 2453 1195 conccptaculis,
2510 1142 2739 1199 gressus
2799 1130 3105 1187 secundum
3163 1144 3418 1192 naturam
3462 1154 3477 1194 :
3516 1146 3600 1194 to-

2014 1221 2243 1287 tumque
2289 1218 2712 1276 tabernaculum
2763 1222 3077 1281 viviﬁcante
3126 1228 3335 1297 anima,
3388 1229 3443 1285 in
3497 1246 3598 1287 sua

2013 1322 2219 1378 organa
2282 1308 2581 1367 formatum
2644 1321 2751 1371 est.
2806 1333 2826 1366 ι
2866 1314 3002 1371 Veni
3067 1317 3240 1376 foras.
3290 1340 3312 1374 ι
3380 1320 3601 1393 Depone

2013 1398 2236 1466 fascias,
2267 1410 2321 1456 et
2357 1403 2590 1461 decanta
2622 1407 2933 1464 miracula:
2969 1411 3186 1482 depone
3236 1414 3601 1472 maleolentiaz

2013 1490 2429 1558 iusuavitatem,
2461 1504 2514 1552 et
2547 1498 2713 1553 adora
2740 1504 3036 1570 potestatis
3056 1504 3463 1563 auctoritatem.
3489 1507 3601 1579 Ego

2014 1583 2110 1635 tibi
2140 1585 2421 1654 praccipio,
2451 1606 2469 1639 ι
2510 1587 2643 1644 Veni
2681 1590 2851 1655 foras.
2895 1611 2913 1645 ι
2943 1596 3036 1665 (ιυὶ
3071 1596 3226 1653 dixi:
3259 1614 3279 1649 ι
3319 1596 3554 1655 Fiatlux
3582 1617 3598 1665 ;

2012 1671 2134 1727 Fiat
2178 1676 2604 1734 ﬁrmamentum.
2642 1700 2663 1733 θ
2705 1684 2812 1755 Ego
2839 1685 2939 1740 tibi
2954 1686 3143 1757 iubeo,
3177 1708 3195 1741 ι
3220 1686 3357 1743 Veni
3378 1689 3548 1748 foras.
3575 1709 3594 1743 ι

1944 1754 1982 1807 Β
2015 1761 2085 1819 Ut
2125 1782 2209 1822 mc
2233 1784 2263 1823 a
2296 1769 2572 1841 discipulo
2602 1754 2807 1830 videris
2836 1754 3122 1844 traditum,
3151 1790 3205 1835 et
3232 1779 3438 1838 Iudaeis
3465 1797 3599 1838 vcn-

2012 1855 2188 1914 ditum
2218 1878 2231 1915 :
2271 1871 2325 1916 ut
2354 1877 2454 1933 pro
2483 1864 2744 1921 tribunali
2778 1866 2944 1924 Pilati
2988 1870 3325 1941 judicatum,
3377 1882 3602 1944 sponte-

2014 1966 2123 2020 que
2151 1952 2220 2006 ad
2259 1953 2577 2023 passionem
2602 1958 2924 2016 abductum.
2948 1959 3021 2016 Ut
3052 1962 3261 2020 videris
3281 1961 3599 2020 Iudaeorum

2013 2042 2274 2099 etl't-enem
2338 2047 2633 2103 audaciam
2668 2091 2684 2117 ,
2735 2061 2791 2106 et
2827 2068 3033 2124 ‘meam
3094 2057 3595 2113 mansuetudinem.

2020 2153 2039 2187 ε
2079 2134 2217 2191 Veni
2247 2136 2415 2195 foras.
2459 2160 2478 2193 ι
2515 2140 2584 2197 Ut
2625 2141 2835 2201 videris
2861 2161 2989 2202 cum
3015 2146 3328 2205 latronibus
3377 2148 3599 2204 allixum

2014 2227 2167 2283 cruci
2204 2246 2219 2284 :
2253 2229 2381 2286 felle
2410 2242 2467 2288 et
2495 2244 2653 2289 aceto
2687 2244 2956 2307 putatum,
2983 2255 3046 2297 ac
3079 2240 3272 2297 lancea
3304 2241 3449 2298 latus
3474 2256 3599 2315 per-

2015 2333 2242 2374 cussum
2279 2339 2293 2375 :
2326 2331 2387 2376 ut
2434 2322 2610 2379 lucem
2649 2325 2854 2381 videris
2903 2327 3011 2382 vim
3065 2329 3299 2386 meridie
3350 2345 3597 2401 passam,

2015 2415 2414 2485 nocturnisque
2469 2416 2642 2474 solem
2713 2416 2954 2477 oﬁusum
3024 2422 3313 2484 tenebris,
3379 2420 3601 2479 Iudaeos

2013 2504 2484 2577 blasphemantes,
2518 2519 2571 2565 et
2610 2510 2887 2567 latronem
2928 2514 3330 2571 edisserentem
3390 2517 3596 2571 divina.

2021 2619 2040 2650 ι
2071 2598 2295 2666 Lazare,
2335 2601 2458 2656 veni
2495 2601 2667 2658 foras.
2703 2602 2770 2659 Et
2802 2604 2990 2661 statim
3028 2606 3236 2676 prodiit
3286 2607 3383 2678 qui
3422 2606 3602 2662 fuerat

2015 2695 2288 2757 mortuus,
2327 2691 2529 2767 ligatus
2562 2707 2762 2750 manus
2814 2694 3031 2751 institis
3066 2714 3079 2749 :
3119 2704 3174 2751 et
3225 2696 3396 2753 facies
3444 2697 3601 2752 illius

2016 2781 2244 2837 sudario
2273 2790 2397 2839 erat
2429 2784 2619 2856 ligata.
2658 2803 2678 2838 ι
2711 2785 2792 2841 οι)
2829 2787 3211 2844 inlidelitatem
3254 2786 3597 2844 Iudaeorum.

2011 2871 2129 2931 Nisi
2158 2876 2305 2931 enim
2338 2876 2529 2933 ruisset
2578 2877 2870 2936 obvolutus
2927 2881 3334 2952 sepulcralibus
3381 2881 3600 2955 pannis,

2018 2967 2316 3025 verisimile
2353 2978 2438 3026 est
2477 2971 2732 3029 dicturos
2781 2987 2892 3030 non
2940 2973 3113 3032 fuisse
3164 2986 3468 3040 mortuum,
3504 2975 3601 3034 sed

322 3051 485 3105 τοῦτο
507 3053 790 3124 δεδεμένος
817 3059 1073 3129 κειρίαις,
1097 3062 1190 3115 καὶ
1218 3062 1383 3130 ὄζων,
1400 3069 1495 3119 καὶ
1526 3070 1910 3143 συγκεκαλυμ-

2016 3061 2163 3131 quod
2196 3062 2465 3118 ementito
2495 3065 2697 3119 mortui
2719 3064 2910 3122 habitu
2940 3067 3335 3139 subingressus
3365 3076 3513 3125 esset
3543 3068 3599 3123 in

326 3143 490 3214 μένος
517 3145 615 3209 τάς
650 3146 802 3219 ὄψεις
857 3151 953 3204 σὺν
1014 3155 1127 3217 τοῖς
1150 3157 1331 3222 ποσὶν,
1365 3157 1649 3230 ὲξήλλατο,
1681 3161 1766 3216 ἵνα
1803 3181 1912 3235 μη-

321 3233 436 3298 δεὶς
467 3236 721 3311 ἀφορμῆς
745 3241 947 3312 τρόπος
995 3240 1146 3317 δοθῇ.

405 3411 506 3466 «⁸0
525 3412 812 3496 δὲἸησοῦς
853 3414 1008 3475 εἶπεν
1063 3422 1283 3489 αὐτοῖς·
1340 3425 1555 3481 Λύσατε
1609 3429 1772 3483 αὐτὸν
1820 3432 1915 3486 καὶ

259 3522 263 3526 ι
324 3503 495 3572 ἄφετε
529 3505 814 3576 ὑπάγειν.»
850 3513 994 3582 Πρὸς
1020 3514 1081 3568 τὸ
1107 3517 1184 3587 μὴ
1209 3515 1356 3588 ἔχειν
1386 3536 1439 3572 τι
1475 3520 1600 3583 τοὺς
1655 3522 1914 3595 ἀγνώμο-

322 3612 426 3661 νας
464 3596 675 3668 λέγειν,
738 3602 938 3669 αὐτοὺς
963 3607 1211 3673 ἐκείνους
1254 3609 1416 3664 λῦσαι
1463 3613 1793 3683 προστάττει
1823 3616 1915 3670 τὸν

320 3688 598 3763 Λάζαρον.
631 3692 846 3750 Ὠσανεὶ
869 3697 1066 3768 λέγων’
1093 3701 1300 3774 Χερσὶν
1321 3703 1553 3768 οἰκείαις
1573 3706 1729 3776 ὑμεῖς
1751 3709 1915 3763 αὐτὸν

320 3779 549 3847 λύσατε,
576 3785 664 3839 ἴνα
729 3789 1007 3862 μάρτυρες
1044 3787 1141 3864 ἦτε
1175 3794 1269 3848 τοῦ
1304 3794 1608 3867 θαύματος.
1650 3817 1667 3850 ι
1696 3799 1912 3855 Λύσατε

322 3873 511 3942 αὐτὸν,
537 3877 630 3932 καὶ
656 3880 824 3950 ἄφετε
855 3882 1145 3953 ὑπάγειν.»
1182 3887 1405 3960 Ἐπειδὴ
1439 3891 1533 3944 τοῦ
1592 3891 1910 3963 ἀναστῆναι,

320 3966 387 4020 τὸ
417 3968 704 4041 δεδεμένον
726 3973 963 4040 ἐξελθεῖν
989 3978 1088 4032 οὐκ
1104 3979 1350 4035 ἔλαττον.
1383 3982 1503 4036 Ἵνα
1537 3982 1612 4054 μὴ
1642 3985 1914 4054 φαντασία

320 4076 409 4122 τις
429 4062 658 4135 νομισθῇ
693 4065 752 4118 τὸ
785 4065 1128 4137 τελούμενον.
1165 4070 1441 4136 «Λύσατε,
1479 4074 1645 4144 φησὶν
1680 4074 1864 4130 αὐτόν.
1888 4092 1906 4126 ο

323 4152 445 4205 Ἵνα
480 4154 575 4208 καὶ
611 4155 733 4225 ὄψει
757 4158 851 4212 ml.
878 4161 990 4231 ἀφῇ
1022 4161 1091 4215 δι’
1111 4162 1403 4234 ἀκριϐείας
1425 4165 1668 4235 γνοίητε,
1696 4167 1779 4222 ὅτι
1818 4167 1916 4221 αύ-

321 4245 414 4310 τὺς
443 4241 530 4319 ἦν.
572 4267 591 4301 ‹
611 4250 718 4303 Καὶ
739 4251 907 4320 ἄφετε
950 4253 1202 4324 ὑπάγειν.
1230 4275 1252 4325 »-
1293 4252 1525 4327 Ἰδωμεν
1550 4260 1597 4312 εί
1629 4259 1912 4332 κατισχύει

320 4335 577 4402 θάνατος,
613 4340 687 4411 μὴ
730 4341 1085 4414 βουληθέντος
1113 4345 1270 4417 ἐμοῦ.
1322 4366 1341 4400 t
1375 4349 1579 4418 Ἀφετε
1613 4350 1867 4421 ὑπάγειν.
1888 4369 1907 4403 ι

2017 3163 2458 3211 monumentum.
2488 3154 2790 3228 PrOpterea
2832 3159 3079 3216 exsilivit
3106 3161 3325 3217 vinctus
3368 3161 3599 3225 institis,
3686 3188 3705 3197 α

2016 3254 2070 3300 et
2100 3246 2299 3315 fetens,
2350 3247 2600 3319 facieque
2633 3264 2697 3304 ac
2729 3251 2965 3321 pedibus
3007 3251 3169 3309 tectis
3200 3292 3215 3318 ,
3263 3260 3324 3308 ut
3377 3268 3448 3308 ne
3490 3269 3601 3324 qua

2018 3354 2249 3409 prorsus
2284 3340 2514 3396 daretur
2534 3342 2781 3398 occasio.

2096 3450 2116 3484 ι
2158 3432 2305 3486 Dixit
2337 3441 2522 3487 atttem
2558 3434 2639 3488 eis
2667 3433 2832 3489 Jesus
2861 3452 2874 3490 :
2908 3432 3119 3492 Solvite
3153 3452 3303 3505 eum,
3339 3448 3393 3494 ct
3436 3438 3603 3495 sinite

2017 3523 2191 3581 abire.
2235 3544 2254 3578 ι
2295 3523 2368 3580 Ut
2416 3541 2484 3582 ne
2522 3515 2661 3597 (ῆιῘά
2723 3526 2953 3598 maligni
3018 3528 3241 3597 possint
3297 3546 3600 3601 opponere,

2012 3615 2167 3686 jubet
2202 3623 2261 3671 ut
2290 3616 2394 3687 ipsi
2424 3618 2643 3673 solvant
2670 3616 2963 3674 Lazarum.
2989 3617 3159 3685 Quasi
3180 3620 3326 3677 dicat
3351 3635 3366 3676 :
3388 3620 3602 3678 Vestris

2019 3710 2125 3780 ipsi
2190 3712 2448 3768 manibus
2510 3712 2744 3776 solvite,
2810 3720 2869 3767 ut
2900 3713 3043 3791 sitis,
3088 3721 3258 3771 testes
3323 3715 3601 3795 miraculi.

2023 3821 2040 3854 ι
2084 3803 2292 3859 Solvite
2319 3819 2467 3872 eum,
2497 3812 2552 3860 et
2596 3804 2763 3863 sinite
2802 3804 2977 3862 abire.
3018 3824 3036 3858 ι
3069 3804 3303 3873 Quando
3347 3823 3454 3863 non
3494 3808 3601 3862 mi-

2016 3907 2123 3947 nus
2146 3902 2251 3959 est,
2276 3893 2507 3964 ligatum
2538 3894 2762 3960 exiisse,
2800 3911 2964 3967 quam
3002 3897 3397 3954 resurrexissc.
3437 3896 3505 3954 Ut
3533 3915 3601 3955 nc

2017 3999 2125 4055 qua
2181 3985 2366 4041 illusio
2401 3992 2454 4039 et
2507 3985 2690 4042 inanis
2724 3988 2939 4057 species
2983 3988 3402 4046 existimaretur
3450 3990 3600 4063 quod

2017 4075 2121 4132 fuit
2167 4075 2406 4141 factum,
2447 4095 2467 4129 ι
2510 4075 2671 4141 Eum,
2706 4078 2912 4148 inquit,
2947 4079 3165 4135 solvite.
3199 4099 3218 4132 ι
3278 4079 3346 4136 Ut
3386 4089 3441 4135 et
3476 4082 3599 4138 visu

2015 4174 2070 4224 et
2112 4175 2286 4230 tactu,
2341 4174 2499 4223 certo
2554 4183 2678 4225 eum
2727 4167 2903 4225 fuisse
2937 4169 3230 4227 noveritis.
3270 4190 3287 4223 ι
3331 4172 3395 4226 Ει
3429 4172 3599 4228 sinite

2017 4258 2192 4314 abire.
2208 4257 2555 4325 rVideamus,
2575 4274 2705 4316 num
2727 4259 3030 4331 quidquam
3045 4275 3194 4318 mors
3209 4263 3498 4334 prtevaleat
3513 4280 3600 4320 me

2018 4349 2258 4405 nolente.
2293 4367 2313 4401 ι
2353 4347 2529 4405 Sinite
2578 4351 2752 4406 abire.
2791 4369 2809 4403 ι
2850 4348 2966 4406 Non
3012 4350 3161 4406 enim
3208 4353 3304 4424 qui
3350 4369 3463 4409 non
3523 4355 3598 4410 ita

321 4428 399 4482 Οὐ
431 4430 541 4501 γὰρ
564 4431 732 4487 δεῖται
784 4438 1133 4506 χειραγωγοῦ
1175 4440 1378 4512 νεαρὰν
1433 4443 1558 4511 ἀρτι
1603 4442 1703 4515 τὴν
1760 4445 1910 4516 ζωὴν

2017 4442 2224 4512 pridem
2257 4450 2560 4513 corruptus
2591 4453 2735 4507 erat,
2787 4442 2952 4500 habet
2981 4460 3121 4515 opus
3161 4445 3324 4512 duce,
3371 4455 3597 4518 accepta

322 4520 559 4592 εἰληχὼς
584 4563 599 4586 ,
624 4526 722 4579 καὶ
775 4525 1014 4597 βαδίζειν
1041 4529 1178 4601 ὀρθὰ
1210 4530 1500 4603 διδαχθεὶς,
1531 4534 1559 4588 ό
1594 4535 1701 4607 πρὸ
1725 4535 1908 4606 ὀλίγου

324 4612 575 4686 φθαρείς.
608 4617 853 4673 σΛύσατε
876 4621 1068 4685 αὑτὸν,
1098 4625 1195 4677 καὶ
1224 4624 1391 4694 ἄφετε
1422 4626 1677 4696 ὑπάγειν.
1701 4649 1720 4680 ι
1755 4631 1913 4699 Δεῖγ-

327 4724 424 4777 μα,
456 4710 642 4777 φησιν,
671 4711 915 4778 γενέσθω
940 4714 1042 4784 τῆς
1067 4715 1258 4786 κοινῆς
1289 4718 1664 4784 ἀναστάσεως,
1690 4720 1782 4774 ὅτε
1810 4722 1912 4791 τῆς

322 4800 534 4871 φθορᾶς
554 4805 635 4868 εἰς
665 4805 981 4878 ἀφθαρσίαν
1057 4809 1369 4883 χωρούσης,
1423 4812 1666 4878 ἅπαντες
1701 4817 1766 4869 ἐκ
1808 4816 1912 4885 γῆς

323 4893 579 4965 χώματος
605 4897 1023 4968 ἀναστήσονται.

401 5004 420 5037 ι
441 4987 635 5041 Πολλοὶ
662 4985 758 5043 οὖν
807 4990 1055 5057 ἐλθόντες
1087 4994 1225 5065 πρὸς
1250 4994 1351 5067 τὴν
1381 4995 1623 5067 Μαρίαν,
1656 4997 1749 5052 καὶ
1784 4997 1909 5053 θεα-

324 5075 552 5146 σάμενοι
578 5076 613 5131 ἃ
638 5080 896 5150 ἐποίησεν
934 5083 1219 5156 όἸησοῦς,
1282 5085 1616 5140 ἐπίστευσαν
1670 5090 1751 5152 είς
1806 5091 1908 5143 αὺ-

321 5170 435 5224 τόν.
468 5189 486 5221 ι
516 5172 627 5224 Καὶ⁸
674 5175 946 5245 μακάριος
971 5219 984 5240 ,
1008 5160 1191 5248 ὅςτὴν
1248 5177 1420 5249 καλὴν
1474 5179 1682 5250 ταύτην
1734 5183 1910 5251 ἐμπο-

328 5262 472 5331 ρίαν,
534 5262 633 5333 τὴν
681 5264 867 5318 πίστιν
915 5267 1448 5339 ἐπραγματεύσατοο
1497 5270 1557 5335 ὃς
1607 5271 1682 5343 μὴ
1716 5273 1910 5342 ὲξῆλθε

322 5356 425 5425 τῆς
478 5354 752 5426 Βηθανίας
799 5359 953 5423 κενὸς
971 5401 984 5426 ,
1017 5361 1481 5433 ἀπραγμάτευτος
1507 5380 1521 5395 ⁸
1550 5364 1696 5434 λέγω
1726 5365 1789 5436 δὴ
1809 5366 1911 5436 τῆς

325 5446 584 5515 νηστείας
609 5463 625 5479 ο
652 5446 712 5509 ὃς
742 5447 811 5500 τὰ
842 5447 1076 5523 λαμπρά
1100 5454 1194 5506 καὶ
1217 5453 1374 5525 τίμια
1395 5453 1601 5525 ταύτης
1617 5454 1685 5508 δι’
1709 5456 1914 5525 ἐγκρα-

324 5539 478 5603 τείας
512 5540 609 5593 καὶ
631 5541 867 5609 ἀτυφίας
913 5544 1216 5614 ἐκτήσατο·
1247 5546 1306 5610 ὃς
1340 5548 1416 5618 τῷ
1439 5546 1660 5618 Χριστῷ
1696 5549 1912 5601 πιστεύ-

326 5646 430 5693 σας
472 5629 687 5695 καλῶς,
740 5635 865 5698 τοὺς
910 5635 1112 5699 καλοὺς
1171 5639 1518 5709 μαργαρίτας
1571 5638 1680 5691 τῶν
1744 5635 1909 5691 αὑτοῦ

330 5720 684 5791 διδαγμάτων
711 5724 979 5796 ὠνήσατο,
1016 5726 1202 5782 πίστιν
1258 5728 1505 5795 δεδωκὼς
1528 5772 1541 5797 ,
1573 5731 1667 5784 καὶ
1726 5727 1905 5783 λαϐὼν

2015 4533 2179 4590 modo
2209 4535 2321 4588 vita
2351 4534 2575 4605 juvene,
2602 4543 2658 4590 ct
2694 4536 2894 4593 doctus
2920 4547 3070 4594 recte
3101 4537 3377 4596 incedere.
3412 4558 3431 4592 ι
3470 4541 3596 4595 Sol-

2011 4625 2123 4680 vite
2166 4639 2315 4689 ettm,
2366 4631 2421 4678 et
2469 4624 2637 4679 sinite
2684 4624 2856 4678 ahire.
2898 4643 2916 4677 ι
2956 4625 3338 4690 Communem,
3395 4626 3598 4696 inquit,

2013 4716 2479 4771 resurrectionem
2512 4717 2762 4783 exemplo
2806 4701 3098 4782 exhibeat,
3136 4718 3364 4789 quando
3409 4726 3598 4774 trans-

2013 4806 2178 4879 eunte
2244 4807 2610 4877 corruptione
2647 4808 2702 4861 in
2736 4809 3168 4879 corruptionem,
3194 4824 3386 4866 omnes
3408 4825 3596 4867 resur-
3689 4842 3697 4850 -

2012 4906 2142 4969 gent
2167 4896 2235 4950 dc
2271 4904 2354 4950 ter
2364 4912 2435 4951 rae
2464 4897 2708 4967 pulvere.

2091 5009 2109 5041 ι
2148 4989 2309 5044 Multi
2334 5003 2467 5058 ergo
2493 5004 2557 5043 ex
2593 4986 2798 5044 Judazis
2831 4987 2927 5059 qui
2956 4995 3220 5044 venerant
3244 4987 3311 5043 ad
3346 4988 3594 5053 Mariam,

2013 5092 2067 5137 ct
2092 5082 2343 5137 viderant
2368 5096 2490 5151 qua:
2517 5081 2645 5136 fecit
2673 5078 2832 5136 Jesus
2854 5120 2868 5144 ,
2901 5080 3259 5136 crediderunt
3291 5081 3344 5135 in
3377 5096 3523 5136 eum.
3571 5101 3590 5135 ι

2015 5174 2184 5229 Porro
2217 5174 2410 5228 beatus
2435 5173 2527 5243 qui
2560 5175 2736 5228 bonas
2761 5174 2859 5228 has
2877 5186 3115 5239 merces,
3137 5172 3319 5239 lldem,
3346 5174 3594 5244 inquam,

2015 5270 2299 5319 mercatus
2328 5271 2434 5318 est.
2478 5262 2581 5328 Qui
2607 5279 2716 5317 non
2749 5278 2985 5326 vacuus,
3048 5263 3304 5333 nihilque
3348 5263 3597 5334 angulia-

2014 5364 2106 5412 tus
2136 5354 2425 5420 Bethania,
2461 5352 2590 5410 dico
2637 5360 2818 5409 autem
2861 5353 3077 5423 jejunio
3107 5354 3300 5409 exivit.
3342 5353 3448 5420 Qui
3488 5354 3595 5410 sibi

2016 5464 2114 5515 per
2158 5446 2561 5502 continentiam
2616 5453 2669 5500 et
2720 5443 3046 5500 modestiam
3100 5446 3441 5516 comparavit
3474 5460 3598 5518 quae

2009 5537 2208 5610 jvjttnii
2234 5534 2526 5606 splendida
2558 5541 2692 5590 sunt
2718 5541 2774 5589 et
2799 5535 3063 5605 pretiosa.
3084 5532 3187 5600 Qui
3207 5532 3432 5590 Christo
3455 5534 3597 5591 bene

2015 5631 2267 5695 credens,
2302 5628 2476 5683 bonas
2496 5626 2769 5682 doctrinae
2801 5626 2981 5698 ipsius
3009 5626 3339 5697 margaritas
3365 5627 3592 5692 coemit,

2025 5727 2155 5783 data
2186 5724 2289 5782 ﬁdc
2328 5733 2381 5808 ct
2424 5724 2700 5797 agnitione
2732 5733 2978 5794 accepta.
3022 5720 3225 5779 Beatus
3263 5723 3354 5794 qui
3387 5723 3596 5794 nuptiis
