4016 6130
1558 129 1572 148 κ
1625 83 1842 152 uel";

1484 154 1700 203 γ,..·

291 286 404 351 935

1494 287 1579 350 IN
1615 287 1875 351 RAMOS
1924 289 2354 352 PALMARUM
2364 336 2377 350 .

3467 287 3572 356 986

285 396 383 468 δίᾳ
431 409 548 448 σου.
581 393 732 448 Ἐκεῖ
768 395 798 448 6
831 394 1068 468 Χριστός
1103 395 1274 450 ἐστιν.
1314 393 1465 448 Ἐκεῖ
1501 393 1669 448 αὐτοῦ
1716 411 1877 449 κατα-

1987 395 2175 450 corde.
2211 393 2310 450 Est
2366 393 2481 449 illic
2541 391 2824 450 Christus.
2858 391 2942 450 Tu
2990 393 3105 450 illic
3146 394 3198 452 ei
3225 407 3570 467 unguentum

285 488 534 542 κένωσον
572 485 635 540 τὸ
682 485 876 558 μῦρον.
912 488 1060 540 Ἑκεί
1105 487 1174 541 τὰ
1215 485 1449 556 δάκρυα.
1481 485 1620 539 Ἀλλ’
1645 487 1744 540 οὐκ
1771 486 1883 558 ἔχω

290 578 492 651 μῦρον,
525 581 712 650 φησὶν,
754 579 856 633 οὐκ
911 579 1276 666 ἀλάϐαστρον.
1321 579 1436 632 Οὐκ
1482 579 1630 649 ἔχεις
1669 579 1877 650 μῦρον;

285 671 404 724 Ναὶ
443 669 588 742 εχεις
620 668 817 742 μῦρον,
861 670 962 742 τὴν
993 669 1180 742 χάριν,
1208 670 1553 740 ἀλάσαστρον
1589 669 1690 741 τὴν
1740 685 1881 740 καρ-

285 761 432 826 δίαν,
457 761 669 834 δάκρυα
691 761 792 832 τὴν
821 760 1230 834 ἐξομολόγησιν,
1272 760 1468 832 τρίχας
1492 760 1620 824 τοὺς
1650 760 1882 824 λεπτοὺς

289 852 656 924 στεναγμούς.
686 852 873 908 Ταῦτα
913 853 1274 927 προσένεγκε,
1305 851 1480 906 ταῦτα
1517 851 1878 924 καθιέρωσον,

287 947 413 1018 καὶ,
443 945 591 1018 λήψῃ
635 945 734 1016 τὴν
775 945 990 1015 ἄφεσιν.
1045 942 1328 1014 Παπαχοῦ
1375 946 1524 996 ἐστιν
1558 946 1588 997 6
1621 945 1878 1014 Χριστός.

285 1017 578 1109 Παεῖταχοῦ
614 1037 953 1108 καλούμενος
1008 1037 1264 1104 πάρεστι.
1296 1035 1472 1089 Μόνον
1526 1034 1602 1106 μὴ
1663 1035 1882 1108 παρίτω

298 1129 543 1194 Ἰούδαςο
593 1129 754 1201 μόνον
803 1127 980 1202 ὀρθῶς
1012 1126 1320 1182 καλείσθω·
1377 1128 1539 1200 μόνον
1590 1127 1779 1182 ἄδολον
1820 1125 1880 1180 τὸ

283 1223 504 1278 δεῖπνον
529 1221 689 1276 ἔστω.
713 1221 880 1275 Γενοῦ
918 1221 1124 1291 Σίμων,
1159 1221 1208 1273 εἰ
1244 1219 1460 1290 βούλει·
1501 1221 1761 1274 κέλευσον
1786 1219 1878 1273 τὸν

285 1314 588 1381 Δεσπότην.
629 1313 793 1368 ’Λλλὰ
823 1313 897 1386 μὴ
935 1313 1194 1384 διστὰσῃς
1234 1313 1311 1378 ὡς
1355 1315 1670 1384 Φαρισαῖος.
1704 1313 1877 1367 Κάλει

283 1407 380 1459 τὸν
415 1404 693 1476 πανταχοῦ
730 1403 978 1476 παρόντα
1009 1420 1024 1435 ο
1079 1404 1217 1458 ἀλλὰ
1265 1403 1340 1477 μὴ
1396 1402 1741 1477 συγκαλέσῃς
1785 1403 1878 1458 τδν

299 1496 524 1551 Ἰούδαν.
549 1494 715 1548 Γενοῦ
736 1495 1006 1565 Λάζαρος,
1030 1495 1081 1548 εἰ
1115 1494 1315 1565 βούλει,
1341 1493 1418 1566 τῷ
1450 1495 1642 1566 κόσμῳ
1672 1495 1878 1566 νεκρώ-

288 1604 474 1658 μενος,
510 1586 651 1650 ὄζων
683 1589 796 1652 τοῖς
838 1585 1086 1658 μὼλιικίιι,
1123 1587 1224 1658 τὴν
1255 1589 1467 1660 σιωπὴν
1504 1587 1579 1651 ὡς
1607 1588 1754 1642 λίθον
1785 1589 1877 1642 ἐπὶ

287 1678 564 1748 στόματος
591 1677 750 1748 ἔχων.
781 1676 999 1731 Μᾶλλον
1018 1677 1075 1730 δὲ
1109 1677 1262 1746 φίλος
1295 1676 1456 1746 γενοῦ
1487 1678 1754 1756 πρότερον
1782 1677 1875 1732 τοῦ

1986 482 2227 539 eﬂ'unde.
2264 483 2386 538 Sint
2412 483 2524 539 illic
2554 484 2836 555 laerymaa.
2865 485 2960 550 At,
2993 485 3195 552 inquit,
3227 493 3570 554 unguentum

1985 592 2094 630 non
2131 576 2331 640 habeo,
2385 589 2496 630 non
2547 575 2914 632 alabastrum.
2957 573 3076 630 Non
3120 575 3295 632 habes
3323 591 3575 647 unguen-

1985 670 2140 724 tum?
2171 668 2344 725 Plane
2403 669 2575 725 habes
2621 678 3002 739 unguentum:
3044 684 3245 739 nempe
3291 671 3568 739 gratiam,

1951 793 1959 802 -
1985 778 2082 817 cor
2111 761 2450 817 alabastrum
2475 778 2492 830 ;
2527 761 2826 834 lacrymas,
2855 759 3290 828 confessionem;
3315 761 3569 830 capillos,

1983 857 2196 910 minuta
2231 854 2503 924 suspiria.
2539 853 2664 909 Haec
2705 853 2864 919 offer,
2896 853 3012 908 haec
3041 853 3322 918 sacriﬁca,
3350 861 3406 908 et
3431 854 3574 908 acci-

1984 947 2104 1014 pies
2130 947 2372 1002 veniam.
2427 945 2690 1000 Christus
2734 945 2946 1014 ubique
2978 952 3086 1000 est.
3140 944 3312 999 Adest
3365 944 3572 1014 ubique

1983 1046 2257 1090 vocatus:
2317 1037 2484 1090 modo
2535 1051 2650 1092 non
2710 1036 2856 1092 adsit
2922 1034 3144 1090 Judas:
3199 1035 3366 1090 modo
3419 1043 3571 1103 recte

1981 1135 2252 1184 vocetur:
2296 1128 2463 1184 modo
2512 1129 2586 1184 sit
2639 1144 2800 1186 coena
2855 1128 3068 1198 absque
3112 1127 3262 1184 dolo.
3303 1127 3362 1182 Si
3395 1129 3566 1194 lubet,

1982 1229 2104 1276 esto
2143 1219 2360 1276 Simon.
2419 1221 2594 1276 Invita
2639 1221 2963 1277 Dominum.
3002 1219 3083 1277 Ne
3129 1232 3312 1276 tamen
3344 1221 3570 1276 dubita-

1981 1314 2129 1367 veris
2164 1312 2311 1367 sicut
2360 1311 2702 1370 Pharisaeus.
2735 1311 2890 1368 Voca
2937 1329 3088 1377 eum,
3124 1313 3216 1382 qni
3259 1311 3419 1368 adest
3445 1311 3569 1366 ubi.

1981 1415 2129 1471 que:
2165 1408 2221 1454 at
2271 1417 2342 1457 ne
2387 1402 2555 1458 simul
2608 1401 2806 1458 Judam
2852 1403 3168 1458 vocaveris.
3227 1400 3362 1456 Esto
3394 1403 3440 1456 si
3480 1402 3566 1458 vis

1981 1491 2245 1560 Lazarus,
2278 1495 2371 1564 qui
2399 1495 2607 1550 mundo
2640 1496 2720 1552 sis
2749 1493 3155 1559 mortiﬁcatus;
3184 1494 3280 1564 qui
3335 1495 3463 1548 tabo
3493 1493 3568 1550 fe-

1983 1591 2131 1652 teas;
2166 1585 2260 1656 qui
2315 1585 2370 1640 in
2425 1601 2522 1642 ore
2555 1585 2867 1648 silentium.
2905 1601 3012 1641 ceu
3053 1584 3290 1655 lapidem
3334 1584 3563 1638 habeas.

1980 1675 2156 1746 Magis
2187 1685 2372 1731 autem
2419 1676 2578 1747 prius
2617 1677 2834 1732 Domini
2873 1677 3088 1731 amicus
3130 1683 3273 1732 esto.
3305 1673 3486 1730 Habes
3513 1683 3566 1730 et

283 1771 588 1825 Δεσπότου.
617 1771 802 1840 Ἔχεις
828 1769 924 1823 καὶ
948 1769 1112 1834 αὐτὸς
1137 1770 1392 1840 ἀδελφὰς,
1418 1771 1517 1841 τὴν
1534 1771 1733 1842 ψυχὴν,
1758 1767 1877 1824 εἶτα

1985 1775 2039 1822 ιιι
2069 1783 2315 1832 sorores,
2357 1771 2596 1839 primum
2633 1769 2902 1834 animam,
2931 1783 2998 1824 ac
3024 1776 3139 1823 tum
3171 1783 3420 1823 carnem.
3457 1765 3567 1822 Fac

284 1863 390 1932 τὴν
434 1861 634 1932 σάρκα.
681 1860 978 1930 Φιλιὼθητι
1035 1860 1115 1932 τῷ
1171 1861 1423 1931 Χριστῷ,
1483 1861 1548 1914 ἵν’
1583 1864 1712 1916 ὅταν
1762 1879 1878 1917 κοι-

287 1951 494 2024 μηθῇς,
513 1951 775 2023 πέμψωσι
826 1951 962 2024 πρὸς
995 1951 1224 2022 Ἰησοῦν,
1242 1951 1316 2015 ὡς
1339 1954 1526 2024 Μαρία
1548 1953 1639 2006 καὶ
1656 1953 1876 2024 Μάρθα,

285 2044 323 2113 ή
357 2044 458 2114 μὲν
481 2041 559 2112 τῷ
593 2043 757 2114 λόγῳ,
801 2043 918 2114 ἡδὲ
947 2045 1013 2115 τῇ
1047 2043 1246 2116 πράξει
1284 2043 1542 2112 λέγουσαι
1565 2058 1580 2074 °
1627 2064 1646 2097 ι
1681 2044 1874 2116 Κύριε,

285 2134 369 2187 ἴδε
407 2133 467 2187 δν
507 2133 680 2204 φιλεῖς
726 2133 962 2188 ἀσθενεῖ.
1025 2154 1043 2186 ι
1077 2135 1170 2209 'lv'
1193 2135 1322 2188 ὅταν
1347 2135 1546 2198 τελέως
1566 2137 1879 2206 ἀπονεκρω-

285 2225 390 2297 θῇς
423 2226 636 2295 κόσμῳ,
670 2225 764 2280 καὶ
813 2228 927 2291 τοῖς
968 2229 1027 2280 ὲν
1061 2228 1274 2298 κόσμῳ,
1329 2226 1542 2296 φθάσας
1581 2230 1609 2280 6
1643 2229 1878 2299 Χριστὸς

287 2317 572 2388 ἀναστήσῃ
609 2334 692 2383 σε,
739 2317 871 2389 λέξῃ
905 2335 963 2370 τε
1004 2317 1144 2388 πρὸς
1197 2318 1326 2382 τοὺς
1365 2318 1632 2386 ἀγγέλους
1672 2317 1873 2385 αὐτοῦ’

293 2425 315 2457 σ
352 2405 564 2460 Λύσατε
583 2407 765 2470 αὐτὸν,
801 2406 896 2460 καὶ
928 2407 1096 2477 ἄφετε
1131 2405 1382 2475 ὑπάγειν.
1429 2425 1447 2456 ι
1483 2407 1738 2460 Λύσατε.
1773 2406 1878 2458 Πό-

287 2497 418 2563 θεν;
459 2498 554 2552 Ἐκ
591 2497 701 2551 τῶν
746 2497 962 2569 δεσμῶν
1012 2500 1110 2568 τῆς
1163 2495 1458 2569 ἁμαρτίας.
1494 2497 1778 2567 ’Υπὰγειν
1818 2497 1876 2551 δὲ

289 2587 436 2651 ποῦ;
465 2589 560 2652 Εἰς
594 2589 718 2652 τοὺς
741 2589 976 2652 κόλπους
1006 2588 1101 2642 τοῦ
1127 2588 1400 2660 Ἀϐραὰμ,
1435 2589 1512 2651 εἰς
1545 2587 1644 2650 τὰς
1671 2587 1876 2660 σκηνὰς

287 2678 390 2744 τὰς
415 2681 694 2744 αἰωνίους,
725 2682 804 2745 εἰς
838 2681 937 2751 τὴν
967 2681 1064 2750 τῆς
1102 2679 1251 2743 θείας
1283 2679 1486 2750 λήξεως
1525 2679 1718 2750 ἀγήρω
1770 2695 1876 2748 μα-

289 2770 612 2842 καριότητα.
641 2765 749 2835 Ἦς
807 2771 1018 2840 γένοιτο
1073 2771 1283 2835 πάντας
1347 2771 1494 2841 ἡμᾶς
1557 2771 1872 2840 ἐπιτυχεῖν,

290 2861 480 2931 χάριτι
514 2863 608 2916 καὶ
647 2861 1027 2934 φιλανθρωπίᾳ
1082 2861 1178 2915 τοῦ
1226 2862 1435 2926 πάντας
1475 2863 1622 2932 ἡμᾶς
1659 2863 1739 2926 εἰς
1774 2862 1874 2933 τὴν

287 2950 457 3016 αὑτοῦ
489 2952 776 3016 καλοῦντος
817 2953 1138 3021 ἐπίγνωσιν,
1185 2952 1425 3024 Χριστοῦ
1477 2951 1572 3005 τοῦ
1616 2951 1873 3023 ἀληθινοῦ

285 3042 428 3096 Θεοῦ
458 3043 614 3116 ἡμῶν
636 3064 650 3076 ·
687 3045 807 3114 μεθ’
829 3039 890 3099 οῦ
921 3043 997 3115 τῷ
1022 3045 1196 3114 Πατρὶ
1221 3044 1255 3116 ἡ
1287 3042 1436 3111 δόξα,
1470 3041 1586 3112 ἃμα
1610 3041 1691 3115 τῷ
1735 3042 1874 3115 ἁγίῳ

287 3133 574 3206 Ιινεύματι
613 3136 694 3200 εἰς
720 3135 815 3190 τόν
851 3134 1026 3191 αἰῶνα
1081 3134 1278 3206 Ἀμήν.

909 3268 1128 3322 ΛΟΓΟΣ
1175 3267 1254 3323 Θ’.

792 3447 798 3454 _
861 3380 965 3447 Εἰς
1009 3379 1082 3435 τὰ
1133 3381 1300 3434 Rata.

362 3491 504 3556 Χθὲς
559 3493 706 3562 ἡμᾶς
761 3492 900 3562 μετὰ
941 3494 1036 3547 τοῦ
1073 3493 1346 3547 Δεσπότου
1391 3492 1644 3565 Λάζαρος
1697 3495 1880 3551 ἑστιά-

292 3601 460 3648 σατο,
505 3585 567 3637 τὸ
619 3585 739 3638 καθ’
781 3585 974 3638 ἑαυτὸν
1037 3588 1171 3656 ἡμῖν
1219 3585 1440 3658 προθεὶς
1475 3587 1580 3650 εἰς
1639 3587 1882 3642 ἑστίασιν

291 3676 516 3748 θαῦμα·
549 3677 789 3748 σήμερον
827 3677 988 3742 αὐτὸς
1030 3680 1059 3730 6
1102 3677 1237 3741 Θεὸς
1282 3679 1377 3731 καὶ
1408 3677 1580 3746 Λόγος
1621 3679 1712 3730 τὸν
1742 3677 1881 3749 ἡμέ-

290 3784 451 3840 τερον
479 3769 638 3840 ἑστιᾷ
661 3767 818 3838 λόγον
848 3769 976 3840 ὑμῖν
1015 3772 1126 3833 τοῖς
1159 3769 1463 3840 φιλεόρτοις
1513 3769 1606 3822 καὶ
1648 3769 1881 3837 φιλοκά-

288 3862 438 3928 λοις,
473 3865 588 3927 τοῖς
628 3863 723 3929 ἀφ’
756 3860 940 3916 ἱκανοῦ
985 3861 1086 3932 μὲν
1123 3863 1422 3931 ὴγωνικόσι
1465 3859 1544 3930 τῷ
1587 3861 1740 3932 ἄχθει
1770 3859 1878 3914 τῶν

293 3955 614 4026 συμφορῶν,
636 3953 1026 4028 ἐπιρῤωσθείσι
1043 3953 1101 4007 δὲ
1119 3953 1184 4024 σή
1195 3956 1371 4023 μερον
1385 3952 1489 4006 ὑπὸ
1513 3951 1876 4024 περιχαρείας

289 4048 390 4118 τῆς
424 4047 758 4117 Δεσποτικῆς
780 4046 1162 4118 πανηγύρεως.
1197 4047 1306 4100 Καὶ
1347 4045 1493 4115 μάλα
1528 4046 1774 4108 εἰκότως.
1814 4045 1878 4098 Εἰ

292 4139 403 4208 γὰρ
453 4139 615 4203 αὐτὸς
655 4135 746 4194 οἷα
789 4139 925 4202 Θεὸς
950 4138 1198 4202 ἐπιστὰς,
1239 4138 1329 4191 τὸν
1361 4139 1464 4208 ήδη
1498 4138 1752 4208 μυδῶντα
1785 4138 1879 4192 καὶ

293 4231 570 4302 σεσηπότα
603 4230 712 4284 τῶν
757 4231 884 4304 ᾅδου
921 4230 1108 4302 μυχῶν
1145 4227 1552 4301 ἀνεζὼγρησεν,
1585 4230 1619 4300 ἦ
1650 4247 1752 4283 που
1783 4231 1880 4283 καὶ

293 4322 390 4378 νῦν
433 4323 528 4378 τοῦ
581 4325 926 4396 γηράσαντος
977 4326 1036 4378 ὲν
1085 4327 1217 4396 ἡμῖν
1266 4325 1432 4393 λόγου
1487 4322 1770 4395 νευρὼσας
1815 4323 1878 4384 τὸ

291 4417 512 4480 ἄτονον,
571 4417 890 4488 σφριγῶντα
941 4417 1107 4482 δείξει
1157 4419 1295 4488 πρὸς
1341 4417 1440 4488 τὴν
1494 4417 1878 4489 ἐγηγερμένην

1985 1859 2211 1916 Christo
2261 1862 2494 1923 amicas,
2536 1869 2598 1915 ut
2629 1876 2756 1916 cum
2814 1871 3070 1916 mortuus
3111 1860 3308 1923 fueris,
3341 1860 3566 1913 mittant

1987 1951 2056 2004 ad
2103 1949 2318 2018 Jesum,
2379 1953 2526 2007 sicut
2583 1951 2757 2006 Maria
2803 1959 2856 2006 et
2887 1951 3118 2016 Martha,
3160 1951 3254 2005 iila
3285 1963 3560 2014 sermone,

1987 2041 2104 2096 haec
2140 2057 2307 2112 opere
2341 2042 2595 2098 dicentes
2628 2059 2642 2096 :
2685 2059 2704 2093 ι
2763 2039 3016 2106 Domine,
3047 2054 3178 2096 ecce
3217 2053 3378 2109 quem
3411 2051 3566 2093 amas

1987 2133 2324 2188 inﬁrmatur.
2361 2151 2382 2185 ι
2425 2132 2495 2188 Ut
2529 2149 2655 2188 cum
2697 2132 2872 2188 fueris
2920 2131 3166 2202 perfecte
3198 2127 3568 2185 mortiﬁcatus

1987 2227 2218 2288 mundo,
2257 2233 2313 2280 et
2378 2225 2447 2280 iis
2502 2240 2626 2304 qua}
2685 2233 2818 2280 sunt
2873 2224 2929 2278 in
2985 2219 3216 2288 mundo,
3265 2219 3566 2275 adveniens

1986 2315 2246 2372 Christus
2274 2317 2566 2371 resuscitvt
2601 2325 2672 2382 te,
2702 2315 2853 2370 dicat
2883 2329 3014 2369 vero
3053 2312 3124 2367 ad
3152 2311 3376 2382 angelos
3400 2325 3561 2392 suos:

1991 2427 2010 2459 ‹
2051 2408 2281 2469 Solvite.
2313 2418 2368 2463 et
2395 2408 2565 2464 sinite
2592 2409 2766 2462 abire.
2809 2425 2828 2458 ι
2867 2404 3086 2461 Solvite.
3120 2401 3318 2472 Unde?
3355 2404 3396 2454 Α
3431 2415 3562 2470 pec-

1986 2500 2092 2554 cati
2129 2499 2387 2555 vinculis.
2417 2499 2539 2565 Quo
2575 2507 2758 2553 autem
2791 2497 2939 2551 abire
2963 2497 2986 2550 .9
3015 2495 3094 2550 Ad
3119 2494 3354 2549 Abrahae
3381 2492 3559 2548 sinus:

1986 2591 2054 2646 ad
2107 2602 2316 2648 aeterna
2369 2591 2782 2647 tabernacula:
2843 2589 2911 2645 ad
2959 2589 3163 2645 divina:
3211 2586 3417 2658 quietis
3462 2599 3568 2641 ne-

1987 2686 2160 2741 sciam
2197 2685 2340 2740 senii
2390 2683 2816 2740 beatitudinem.
2855 2681 3032 2748 Quam
3085 2695 3187 2737 nos
3224 2694 3420 2735 omnes
3453 2677 3565 2732 uti-

1986 2793 2113 2832 nam
2139 2791 2572 2847 consequamur.
2601 2777 2725 2846 ejus
2774 2775 2952 2847 gratia
2982 2782 3038 2830 et
3071 2771 3435 2835 humanitate,
3465 2769 3563 2840 qui
3667 2797 3676 2804 -

1985 2881 2182 2922 omnes
2211 2882 2315 2922 nos
2341 2867 2410 2922 ad
2431 2880 2592 2923 suam
2622 2867 2800 2936 ipsius
2824 2872 2987 2926 vocat
3011 2864 3376 2936 agnitionem,
3408 2860 3564 2918 Chri-

1987 2959 2057 3014 sti
2095 2957 2212 3013 vi-ri
2271 2957 2366 3014 Dei
2407 2958 2626 3014 nostri:
2662 2973 2788 3014 cum
2847 2971 2958 3028 quo
2998 2954 3155 3009 Patri
3212 2953 3410 3026 gloria,
3451 2967 3562 3008 una

1983 3063 2108 3104 cum
2137 3049 2348 3121 Spiritu
2379 3057 2576 3106 sancto
2602 3047 2656 3103 iu
2684 3048 2972 3105 saeculum.
3006 3045 3202 3103 Amen.

2573 3268 2832 3326 ORATIO
2869 3269 2958 3325 IX.

2367 3381 2437 3438 In
2465 3401 2646 3440 ramos
2691 3383 3006 3440 Palmarum
3037 3384 3172 3456 (l9).

2051 3497 2165 3554 Nos
2192 3498 2309 3555 heri
2341 3513 2468 3556 cum
2495 3500 2736 3557 Domino
2766 3501 3036 3563 Lazarus.
3069 3499 3322 3556 miraculi
3355 3499 3410 3556 in
3444 3501 3564 3570 ipso

1981 3593 2216 3648 exhibiti
2277 3593 2512 3664 dapibus
2560 3596 2892 3666 propositis,
2941 3595 3090 3650 laute
3137 3593 3370 3658 habuit,
3403 3593 3560 3649 vobis

1983 3684 2150 3742 bodie
2183 3685 2306 3740 festi
2356 3687 2690 3758 honestique
2749 3688 3087 3750 amantibus,
3123 3685 3270 3742 Deus
3327 3687 3446 3756 ipse
3495 3701 3562 3742 ac

1984 3776 2178 3833 Sermo
2208 3793 2524 3835 sermonem
2549 3791 2800 3835 nostrum
2825 3795 2936 3850 quo
2968 3779 3276 3854 epulemini
3309 3779 3559 3848 apponit.

1984 3868 2151 3924 Vobis
2218 3870 2468 3940 inquam,
2525 3871 2692 3941 quia
2751 3880 2833 3926 sat
2884 3871 3060 3925 multo
3109 3878 3380 3940 tempore,
3434 3885 3560 3924 cum

1985 3961 2236 4039 molestia
2291 3962 2671 4017 calamitatum
2736 3970 3022 4017 certamen
3077 3961 3374 4025 habuistis,
3413 3975 3562 4016 nunc

1986 4061 2167 4107 autem
2207 4053 2503 4108 Dominica:
2560 4053 2881 4110 festivitatis
2931 4052 3320 4108 abundantiori
3367 4053 3564 4122 gaudio

1989 4147 2134 4200 vires
2198 4145 2600 4214 resumpsistis.
2654 4145 2730 4198 Ac
2765 4144 2932 4214 plane
2968 4145 3190 4197 merito.
3245 4141 3381 4196 Nam
3436 4157 3560 4196 eum

1989 4237 2127 4306 ipse,
2163 4236 2313 4292 velut
2340 4237 2603 4292 nimirum
2637 4236 2806 4300 Deus,
2857 4235 3120 4290 fetentem
3153 4235 3269 4306 jam
3315 4241 3564 4303 putrem-

1985 4345 2094 4397 que
2157 4330 2310 4383 illum
2369 4344 2434 4385 ex
2491 4327 2697 4384 inferni
2748 4311 3128 4396 penetralibus
3172 4340 3272 4380 ceu
3318 4323 3560 4394 praedam

1983 4421 2221 4476 adventu
2256 4421 2624 4486 revocaverit,
2675 4419 2820 4474 forte
2845 4426 2902 4474 et
2944 4416 3110 4472 modo
3136 4416 3332 4473 senilis
3371 4415 3427 4470 in
3465 4428 3564 4468 no-

293 4507 561 4562 ἑστίασιν.
597 4509 906 4580 Προσέσται
952 4509 1061 4578 γὰρ
1091 4510 1316 4572 εἰκότως
1351 4508 1500 4578 αὐτῷ
1535 4508 1784 4562 νεανικόν
1826 4526 1877 4562 τι

1985 4515 2074 4568 bis
2104 4514 2377 4571 sermonis
2433 4515 2724 4572 remissam
2760 4513 2869 4568 vim
2904 4512 3202 4570 roborans.
3269 4508 3564 4566 luxurian-

294 4600 393 4654 καὶ
444 4599 766 4669 θαρσαλέον.
807 4601 1285 4670 ἀνασκιρτήσαντα
1321 4601 1368 4633 ³⁸
1410 4601 1519 4654 τῶν
1555 4603 1877 4674 φωνητικῶν

1989 4613 2099 4659 tem
2130 4614 2521 4678 vegetumque,
2566 4617 2625 4662 ut
2656 4609 2935 4662 excitatus
2973 4605 3284 4676 alacrisque
3311 4618 3410 4657 cett
3436 4616 3564 4656 con-

221 4732 229 4740 .
291 4691 546 4762 όργάνων
575 4692 949 4764 ἀποπηδῆσαι,
985 4694 1116 4764 πρὸς
1145 4693 1309 4748 αὐτοῦ
1341 4694 1437 4747 τοῦ
1471 4694 1604 4748 Θεοῦ
1640 4697 1735 4748 καὶ
1775 4697 1880 4750 Λό-

291 4802 392 4853 γου
442 4783 810 4855 καλούμενον,
852 4785 930 4849 ὠς
972 4787 1038 4839 ἐκ
1077 4787 1249 4855 τάφου
1299 4787 1391 4839 τὸν
1432 4787 1714 4858 Λάζαρον·
1761 4789 1877 4843 ἵν”ὁ

1991 4792 2122 4858 quid
2161 4793 2732 4864 audaciusculumque
2781 4791 3058 4854 habuerit,
3111 4797 3171 4844 ut
3211 4788 3320 4844 Deo
3353 4787 3474 4856 ipso
3510 4793 3566 4840 et

291 4876 424 4950 χθὲς
459 4878 607 4947 ἡμᾶς
631 4877 837 4949 θρέψας
877 4878 958 4949 τῷ
1005 4878 1129 4932 κατ’
1152 4881 1362 4932 ἐκεῖνον
1408 4878 1670 4948 θαύματι,
1708 4879 1877 4952 θρέψῃ

1995 4881 2264 4939 Sermone
2319 4893 2574 4951 vocante,
2647 4885 2925 4954 quomodo
2995 4880 3210 4938 vocavit
3263 4896 3294 4936 e
3348 4877 3564 4936 tumulo

299 4970 396 5025 ut
439 4971 680 5042 σήμερον
729 4972 759 5024 6
801 4964 966 5034 αὐτὸς
1049 4969 1348 5042 ἁδρότερον
1403 4973 1499 5024 καί
1561 4970 1877 5042 δαψιλέστε-

1992 4973 2284 5040 l.azarum,
2341 4991 2371 5030 a
2419 4977 2702 5034 vocalibus
2737 4976 2961 5048 organis
3007 4975 3162 5031 velut
3206 4973 3411 5030 saliens
3444 4985 3563 5044 pro-

1605 5145 1838 5203 γΑιιιΑε
1869 5147 2161 5205 LECTION
2170 5149 2278 5207 ES.

411 5239 457 5273 ⁸⁸
487 5236 653 5294 Forte
675 5237 1168 5311 ἀνασκιρτήσαντι.

1587 5371 1592 5374 ·
1623 5351 2014 5410 COMBEFISII
2043 5349 2278 5407 ΝΟΤκΕ.

373 5445 488 5515 (l9)
522 5445 770 5519 Celebris
797 5446 1093 5519 admodum
1120 5445 1240 5502 dies
1271 5455 1354 5503 est
1385 5449 1525 5502 inter
1559 5447 1897 5512 Δεσποτικὰς
2003 5446 2214 5519 Stylus,
2245 5451 2305 5497 ut
2336 5443 2388 5494 iu
2425 5439 2756 5519 prrecedenti
2781 5437 2847 5493 de
2881 5436 3090 5519 ἱέρεαι-ο
3113 5447 3198 5493 cst
3221 5435 3563 5519 familiarior-

299 5507 525 5587 ιορτάξ,
577 5517 835 5586 plurimis
875 5517 1098 5573 Patrum
1145 5519 1429 5572 celebrata
1483 5507 1894 5572 encomiasticis
2000 5507 2628 5587 Iudicatauctor'statim
2661 5513 2714 5561 iu
2746 5508 2998 5571 exordio,
3031 5523 3150 5562 eam
3187 5523 3246 5564 se
3279 5507 3563 5587 habuisse,

300 5578 660 5658 orationibus
692 5603 708 5652 ;
751 5589 838 5658 vi;
867 5599 1049 5644 tamen
1083 5588 1190 5642 alia
1223 5589 1590 5658 lqculcntiori,
1625 5605 1792 5658 quam
1819 5593 1891 5643 sit
1995 5602 2120 5642 cum
2143 5586 2257 5658 jam
2287 5592 2434 5658 esset
2461 5581 2706 5658 seuior;_
2739 5595 2846 5648 quo
2890 5579 3414 5658 temporenonnihil
3439 5578 3567 5658 flos-

301 5660 409 5730 ista
467 5649 720 5730 Andreae.
793 5656 992 5712 llahuit
1049 5658 1192 5730 alius
1253 5656 1462 5730 Regius
1519 5649 1712 5718 codex.
1749 5658 1890 5711 forte
1993 5649 2489 5730 culis'rhetoricis,
2522 5649 2821 5730 phrasique
2869 5649 3180 5721 comptiori,
3209 5665 3274 5706 ac
3313 5649 3564 5706 subtilior

293 5729 470 5784 etiam
497 5727 691 5782 melior
754 5743 822 5787 eo
875 5744 983 5796 quo
1027 5728 1259 5793 utimur,
1329 5723 1422 5786 s'ed
1475 5737 1592 5785 erat
1637 5731 1884 5784 mutilus.
1963 5729 2140 5796 ribus
2166 5725 2531 5781 allusionibus
2557 5723 2790 5776 det-edit.

1991 4697 2138 4752 vivio
2169 4699 2430 4770 excipiat,
2489 4699 2700 4756 fecerit.
2755 4699 2904 4753 Sane
2956 4698 3159 4768 utique'
3191 4695 3437 4765 juvenile
3463 4693 3565 4748 ali-
3658 4723 3662 4728 -
