4016 6130
252 289 364 356 989

1485 290 1567 352 IN
1602 292 1858 354 RAMOS
1888 294 2342 356 PALMABUM.
2365 239 2382 253 O

3438 301 3552 368 990

341 397 547 455 Σκόπει
585 393 666 461 δέ,
706 391 751 450 ὧ
778 393 1027 463 φιλότης,
1080 395 1198 461 πῶς
1250 399 1490 469 συγγενῆ
1536 401 1631 453 καὶ
1662 399 1851 452 κατάλ·

2043 399 2302 470 Perspice
2353 416 2508 462 vero,
2541 417 2573 456 ο
2614 403 2836 468 dilecte,
2895 412 2954 458 ut
2988 421 3078 460 res
3119 404 3284 460 modo
3316 408 3554 464 assimili

263 490 452 560 λήλως
475 489 595 560 ἔχει
639 488 706 542 τὰ
747 488 1074 559 πράγματα.
1109 491 1260 543 Ἐκεῖ
1312 491 1581 561 Βηθλεέμ,
1625 492 1861 547 ἐνταῦθα

265 583 536 652 Βηθανία.
584 581 716 634 Τότε
753 579 942 651 Μαρία
995 581 1091 634 καὶ
1141 579 1398 651 Σαλώμη,
1449 581 1546 634 νῦν
1581 581 1636 634 δέ
1671 583 1862 653 Μαρία

264 675 367 728 καὶ
391 672 612 744 Μάρθα.
633 673 791 726 ’Ἐκεῖ
819 671 1054 742 Χριστος
1079 673 1598 742 ἐσπαργανωμένος,
1627 673 1861 727 ἐνταῦθα

263 762 524 834 Λάζαρος
571 762 812 831 κειρίαις
860 761 1269 832 ἐνειλημμένος.
1307 763 1455 816 Ἐκεῖ
1505 763 1681 832 φάτνη
1708 804 1722 825 ,
1764 763 1860 815 καὶ

263 852 370 912 ὧδε
393 858 584 925 τάφος.
629 852 786 919 Εἶδες
825 856 1007 917 τόπων
1046 855 1141 908 καὶ
1173 855 1483 926 προσώπων
1517 854 1856 924 ἐμφέρειαν;

261 949 625 1022 γεννηθέντος
693 947 974 1018 Χριστοῦ,
1033 945 1281 1018 ’ῐῐρώδης
1356 947 1674 1017 ἐθρυλλεῖτο
1762 947 1859 999 καὶ

277 1040 643 1112 Ἰερουσαλὴμ
672 1041 950 1110 συνεχεῖτο
976 1053 989 1067 ·
1039 1040 1097 1090 ἐν
1131 1037 1370 1110 Βηθανίᾳ
1397 1037 1476 1104 δὲ,
1515 1039 1861 1109 θαυματουρ-

262 1133 493 1204 γοῦντος
525 1132 691 1186 αὑτοῦ
724 1132 816 1186 καὶ
855 1130 1105 1200 Λάζαρον
1139 1131 1472 1202 ἐγείραντος,
1500 1131 1858 1200 Ἰερουσαλὴμ

262 1225 623 1297 ἐταράττετο,
679 1224 774 1278 καὶ
825 1225 1114 1293 Φαρισαῖοι
1168 1224 1296 1286 τοὺς
1349 1223 1542 1293 ὄχλους
1585 1223 1852 1276 ἀνέστιον.

275 1319 428 1371 Ἐκεῖ
451 1316 708 1386 ποιμένες
731 1314 1063 1386 ἐθαύμαζον,
1082 1311 1188 1369 ὦδε
1214 1317 1379 1384 ἱερεῖς
1395 1315 1764 1380 ἐπετύνθαζον
1789 1315 1852 1372 ³³.

274 1405 429 1460 Ἐκεῖ
468 1407 652 1474 Μάγοι
707 1404 1137 1476 δορυφοροῦντες
1189 1406 1588 1476 προσέπιπτον,
1622 1405 1856 1460 ἐνταῦθα

257 1497 426 1567 δῆμοι
493 1495 888 1566 θεομαχοῦντες
960 1497 1352 1568 προσέκρουον.
1400 1498 1550 1550 Ἐκεῖ
1617 1497 1854 1569 Χριστοῦ

261 1586 630 1659 προθυόμενοι
670 1588 856 1652 παῖδες
886 1587 1157 1659 ἠλάλαζον
1179 1588 1343 1642 οἱονεὶ
1360 1589 1620 1658 ἐπιτάφια
1650 1588 1855 1643 κλαίον-

255 1698 376 1745 τες,
407 1674 510 1734 ὧδε
541 1681 726 1744 παῖδες
755 1678 990 1752 Χριστοῦ
1015 1680 1467 1752 προεξάρχοντες.
1501 1680 1640 1750 πλὴν
1669 1683 1854 1733 ἐπεισ-

1971 493 2227 548 habeant.
2268 491 2383 546 Illic
2412 493 2722 558 Bethleem,
2759 497 2847 550 hic
2871 497 3158 553 Bethania.
3197 499 3252 553 Id
3290 503 3556 570 temporis

1968 581 2140 636 Maria
2177 595 2228 637 et
2260 582 2481 640 Salome
2526 583 2663 655 (‘21),
2695 602 2842 641 nunc
2872 586 3046 642 Maria
3087 598 3142 643 et
3176 589 3410 646 Martha.
3437 592 3556 648 Illic

1965 673 2226 730 Christus
2256 677 2460 743 pannis
2495 677 2804 744 involutus,
2849 679 2942 732 hic
2997 679 3243 737 Lazarus
3271 682 3555 740 involutus

1967 766 2200 822 institis.
2232 767 2352 824 Illic
2379 785 2646 840 praesepe,
2708 771 2799 826 hic
2844 781 3029 826 autem
3075 773 3416 843 sepulcrum.
3458 774 3551 830 Vi-

1965 855 2159 910 distin'
2196 857 2448 911 locorum
2485 873 2964 930 personarumque
2989 873 3246 916 exactam
3281 863 3556 918 similitu-

1962 949 2195 1004 dinem?
2253 947 2516 1003 Vidistin‘
2576 967 2918 1008 concursum
2987 955 3216 1010 rerum?
3277 957 3553 1011 Caeterum

1961 1041 2187 1095 Christo
2237 1041 2290 1094 in
2348 1039 2630 1096 Bethleem
2665 1051 2818 1106 nato,
2870 1045 3128 1098 turbatus
3155 1052 3242 1098 est
3276 1037 3550 1110 I'Ierodes,

1961 1139 2014 1184 et
2042 1129 2276 1186 confusa
2331 1128 2644 1185 Jerusalem
2677 1146 2692 1185 :
2748 1131 2944 1185 eodem
2977 1140 3161 1186 autem
3213 1133 3331 1202 ipso
3369 1135 3421 1186 in
3453 1132 3556 1188 Be-

1963 1225 2151 1277 thania
2187 1223 2458 1277 miracula
2494 1223 2693 1277 edente
2726 1237 2790 1276 ac
2817 1221 3094 1278 suscitato
3121 1221 3354 1288 Lazaro,
3389 1224 3554 1278 Jeru-

1960 1315 2132 1370 salem
2185 1317 2403 1369 turbata
2461 1325 2570 1379 est,
2623 1314 3002 1385 Pharismique
3045 1315 3396 1396 concitarunt
3439 1327 3553 1370 tur-

1958 1408 2078 1464 bas.
2137 1407 2251 1463 lilic
2321 1410 2674 1464 mirabantur
2733 1416 3014 1478 pastores,
3080 1409 3169 1462 hic
3232 1411 3550 1464 sacerdotes

1958 1499 2213 1556 irrident.
2263 1499 2380 1554 Illic
2427 1499 2566 1570 Magi
2608 1501 2890 1570 stipantes
2925 1499 3289 1561 accedebant,
3331 1500 3418 1553 hic
3449 1515 3548 1569 po—

1962 1590 2073 1660 puli
2130 1589 2299 1644 Deum
2357 1599 2740 1660 oppugnantes
2786 1587 3165 1642 oﬂ'endehant.
3226 1586 3344 1640 Illic
3391 1586 3548 1657 pueri

1957 1691 2082 1734 ante
2103 1679 2384 1732 Christum
2411 1678 2580 1732 occisi
2605 1677 2916 1746 ejulabant,
2931 1677 3080 1732 velut
3097 1677 3292 1731 Ilerent
3317 1674 3546 1741 feralia;

257 1772 382 1826 όδια
414 1772 733 1842 μέλποντες,
768 1748 828 1824 οῦ
864 1771 1024 1840 μέλος
1060 1748 1360 1842 Σειρήνιον,
1399 1771 1516 1824 ἀλλ’
1545 1748 1692 1842 ᾠδὴν
1731 1773 1849 1824 ἐπι-

1957 1771 2045 1826 hic
2071 1771 2226 1842 pueri
2251 1780 2500 1841 praeeunt
2520 1769 2861 1830 Christo,sic
2888 1777 3075 1822 tamen
3109 1779 3169 1822 ut
3190 1784 3290 1836 pro
3326 1768 3548 1836 ingres-

259 1865 436 1917 νίκιον
461 1901 476 1926 ,
513 1881 532 1913 ι
573 1861 803 1915 Ὡσαννά
855 1861 934 1932 τῷ
978 1862 1091 1933 Υίῷ
1145 1862 1334 1926 Δαόὶδ,
1372 1879 1392 1914 ι
1427 1862 1850 1931 ἁνακράζοντες,

261 1956 374 2010 ὑπὸ
407 1955 694 2026 καθηγητῇ
727 1953 803 2025 τῷ
831 1953 1110 2024 Πνεύματι
1145 1955 1544 2026 διδασκόμενοι.
1576 1957 1682 2010 Καὶ
1713 1957 1852 2009 ἁπό-

259 2067 371 2122 χρη
411 2047 524 2103 τῶν
561 2047 914 2116 καταλλὴλων
947 2047 1314 2117 συγκρίσεων,
1355 2047 1433 2110 εἰς
1474 2047 1593 2100 δέον
1624 2046 1850 2116 ἐληλεγ,

263 2144 440 2216 μένης
478 2142 578 2211 τῆς
605 2139 872 2193 Ἰουδαίων
895 2138 1322 2210 φρενοϐλαϐείας
1347 2155 1361 2169 ο
1391 2138 1512 2191 τότε
1549 2138 1647 2208 μὲν
1686 2139 1850 2208 ἡνίκα

258 2222 501 2307 Χριστὸς
534 2231 863 2304 ἐφανεροῦτο
889 2229 1285 2301 σαρκούμενος,
1317 2229 1410 2283 νῦν
1433 2230 1488 2283 δὲ
1525 2232 1652 2283 ὅταν
1684 2231 1853 2300 eam-

262 2329 448 2398 μείται
480 2323 905 2396 σταυρούμενος.
945 2322 1107 2392 Ἡμῖν
1152 2321 1210 2374 δέ
1252 2322 1442 2390 καιρὸς
1482 2322 1582 2392 ήδη
1618 2322 1726 2374 τῶν
1755 2323 1852 2391 τῆς

259 2417 462 2488 ἑορτῆς
499 2413 814 2486 μυστηρίων
839 2411 1177 2481 ἐφάψασθαι,
1206 2412 1300 2465 καὶ
1327 2410 1425 2480 τῆς
1449 2411 1689 2478 γείτονος
1715 2411 1851 2480 1m:-

264 2526 368 2582 ρας
396 2509 488 2562 τὸν
521 2506 781 2578 μυστικὸν
814 2502 1161 2572 ἁνακαλύψαι
1198 2501 1428 2556 πλοῦτον
1467 2503 1615 2571 ὑμῖν,
1652 2503 1706 2555 εί
1733 2519 1849 2562 πως

258 2601 356 2655 τὸν
381 2601 439 2652 ἐν
468 2597 618 2670 αὺτῷ
651 2597 1027 2671 κρυπτόμενον
1068 2595 1342 2665 θησαυρὸν
1373 2592 1695 2664 καταϐραχὺ
1744 2611 1843 2662 φαο

260 2692 606 2762 νερούμενον,
641 2690 739 2744 σὺν
767 2689 1021 2758 δαψιλείᾳ
1061 2685 1394 2760 πορίζοισθε.

1955 1879 2053 1920 sus
2107 1863 2392 1934 triumpho
2451 1862 2732 1918 modulate
2785 1868 3028 1916 canant:
3063 1875 3175 1914 non
3221 1859 3546 1913 Sirenarum

1953 1955 2090 2012 illud
2129 1955 2327 2021 melos,
2370 1955 2464 2010 sed
2501 1969 2724 2008 cannea
2759 1967 2860 2024 pro
2893 1952 3150 2016 victoria,
3204 1952 3542 2006 clamantes:

1959 2047 2277 2104 ullosanna
2335 2047 2450 2100 lilio
2489 2046 2702 2110 David;
2755 2065 2775 2098 ι
2833 2047 2955 2116 ipso
3011 2045 3281 2100 nimirum
3335 2041 3546 2112 Spiritu

1951 2140 2317 2209 praeceptoris
2387 2146 2578 2209 partes
2653 2140 2943 2210 implente.
3018 2137 3195 2192 Porro
3269 2133 3546 2192 sulliciunt

1951 2247 2212 2300 congruae
2245 2232 2521 2301 ejusmodi
2549 2233 3019 2302 comparationes,
3043 2229 3299 2284 convicta
3325 2227 3546 2282 abunde

1945 2322 2268 2379 Judzeorum
2319 2325 2569 2391 vesania,
2622 2334 2754 2379 tunc
2804 2324 3028 2394 quidem
3093 2337 3222 2376 cum
3284 2321 3545 2376 Christus

1947 2415 2284 2470 manifestus
2335 2417 2512 2480 Iicret,
2565 2431 2630 2471 ac
2673 2415 2838 2470 modo
2869 2430 2994 2470 cum
3028 2414 3186 2470 cruci
3237 2410 3544 2482 adigendus

1945 2506 2148 2562 faustis
2180 2507 2292 2564 illis
2327 2508 2616 2566 ominibus
2645 2507 3021 2579 exciperetur.
3058 2506 3330 2561 Caetertnu
3361 2517 3544 2572 opera:

1947 2594 2184 2662 pretium
2215 2607 2300 2654 est
2333 2605 2390 2650 ut
2415 2597 2530 2667 jam
2571 2597 2694 2653 festi
2743 2605 3099 2654 sacramenta
3168 2594 3542 2664 attigerimus,

1948 2690 2329 2760 proximzeque
2379 2691 2488 2748 diei
2517 2693 2838 2762 spirituales
2869 2692 3096 2746 divitias
3151 2690 3309 2746 vobis
3379 2701 3541 2742 reve-

260 2786 468 2848 lemus,
525 2784 572 2839 si
629 2781 910 2854 quomodo
958 2783 1216 2838 latentem
1273 2783 1327 2836 in
1385 2781 1466 2836 eis
1515 2781 1840 2838 thesaurum
1885 2781 2088 2835 sensim
2127 2783 2782 2856 inanilestandumlarge
2845 2783 3248 2854 allluenterque
3321 2793 3546 2850 compa-

257 2876 548 2933 raveritis.

345 2991 506 3046 ’Ᾱλλά
549 3009 640 3063 μοι
681 2991 862 3062 δεῦρο,
901 2991 1300 3054 συναναϐάντες
1349 2992 1441 3044 ἐπί
1479 2992 1538 3044 τὸ
1572 2991 1697 3063 ὅρος
1738 2991 1846 3045 τῶν

2021 2991 2320 3048 Eninwem
2353 2994 2420 3048 ad
2469 3009 2555 3049 me
2606 2994 2814 3052 venite.
2868 2991 3182 3062 pariterque
3229 2988 3541 3044 ascenden-

272 3084 525 3152 Ἐλαιῶν,
545 3083 766 3154 Χριστῷ
789 3084 1210 3154 συναντήσωμεν
1227 3085 1288 3136 ἐκ
1312 3083 1579 3153 Βηθανίας
1600 3086 1849 3137 ἐπανιόν-

251 3195 316 3232 τι
375 3177 637 3248 σήμερον,
693 3177 786 3230 καὶ
833 3176 970 3248 πρὸς
1038 3177 1098 3228 τὸ
1137 3175 1334 3229 σεπτὸν
1387 3178 1564 3229 ἐκεῖνο
1607 3178 1699 3230 καὶ
1741 3196 1848 3248 μα-

255 3269 454 3340 κάριον
493 3269 816 3333 ἐθελουσίως
847 3267 1113 3340 χωροῦντι
1149 3269 1343 3332 πάθος,
1375 3268 1461 3321 ἵνα
1487 3269 1658 3339 πέρας
1683 3270 1844 3343 ἐπιθῇ

253 3361 341 3432 τῷ
385 3361 672 3432 μυστηρίῳ
710 3361 810 3429 τῆς
844 3361 1001 3431 ἡμῶν
1033 3361 1328 3430 σωτηρίας.
1358 3361 1616 3432 Ἔρχεται
1664 3363 1845 3426 τοίνυν

256 3448 360 3518 τὴν
398 3447 493 3502 ἐπὶ
533 3448 633 3519 τὴν
669 3449 1029 3520 Ἰερουσαλὴμ
1063 3450 1291 3520 πορείαν
1342 3450 1697 3520 στελλόμενος
1757 3451 1848 3504 ἐθσ

260 3541 464 3603 ελοντὶ,
500 3543 528 3595 ό
555 3541 624 3594 δι’
649 3543 795 3613 ἡμᾶς
827 3541 1106 3596 κατελθὼν
1136 3541 1362 3608 ἄνωθεν,
1381 3543 1470 3595 ἵνα
1492 3545 1638 3616 ἡμᾶς
1670 3544 1848 3615 ἐαυτῷ

260 3635 562 3710 συνυψώσῃ
592 3635 745 3690 κάτω
770 3635 1080 3707 κειμένους,
1111 3636 1186 3700 ὡς
1213 3638 1246 3707 ἡ
1277 3638 1630 3708 ἐκεραντορία,
1668 3657 1686 3689 ι
1715 3639 1846 3692 ὑπε-

261 3728 413 3797 ράνω
439 3729 621 3795 πάσης
645 3727 842 3800 ἀρχῆς,
872 3729 970 3780 καὶ
995 3727 1269 3793 ἐξουσίας,
1301 3729 1397 3783 καὶ
1421 3731 1724 3802 δυνάμεως,
1758 3733 1849 3784 καὶ

260 3818 467 3882 παντὸς
517 3818 783 3888 ὀνόματος
842 3817 1268 3889 ὀνομαζομένου.
1307 3841 1325 3872 ι
1355 3821 1615 3892 Ἔρχεται
1660 3822 1750 3885 δὲ,
1785 3822 1846 3875 οὐ

259 3909 538 3981 φανητιῶν
567 3910 688 3964 οὐδὲ
716 3912 1016 3982 κομπάζων
1035 3929 1049 3943 ο
1081 3929 1100 3962 ι
1130 3913 1244 3965 Οὐκ
1278 3913 1476 3985 ἐρίσει,
1517 3915 1704 3984 φησὶν,
1725 3915 1846 3968 οὐδὲ

257 4003 603 4072 κραυγάσει,
655 4003 777 4056 οὐδὲ
831 4003 1057 4057 ἀκούσει
1095 4021 1178 4067 τις
1215 4003 1314 4074 τὴν
1357 4005 1543 4077 φωνὴν
1585 4005 1778 4058 αὐτοῦ·
1820 4027 1838 4057 ι

257 4093 398 4148 ἀλλὰ
447 4095 626 4164 πρᾶος
663 4097 757 4148 καὶ
794 4095 1054 4158 ταπεινὸς
1116 4096 1307 4167 εὐτελῆ
1363 4097 1462 4168 τὴν
1516 4097 1720 4150 εἴσοδον
1761 4099 1844 4150 ἐν-

257 4184 634 4255 δεικνύμενος.
668 4185 732 4238 Τί
779 4186 890 4258 γὰρ
923 4184 1305 4257 εὐτελέστερον
1353 4186 1498 4252 ὄνου,
1546 4187 1598 4240 τί
1645 4188 1702 4240 δὲ
1747 4205 1846 4240 τα-

260 4276 575 4346 πεινότερον
642 4277 967 4346 ὑποζυγίους
1034 4277 1197 4341 αὐτὸς
1255 4275 1314 4330 δέ
1363 4279 1463 4330 οὐκ
1515 4278 1847 4351 ὰπῃσχύνθη

1961 3094 2042 3139 tes
2073 3084 2140 3138 ad
2169 3097 2410 3140 montem
2443 3084 2755 3152 Olirarum,
2782 3085 3012 3140 Christo
3042 3084 3206 3138 hodie
3237 3099 3302 3136 ex
3340 3079 3540 3134 Betha-

1958 3178 2048 3230 nia
2081 3177 2400 3242 revertenti,
2441 3187 2606 3248 atque
2653 3178 2720 3231 ad
2772 3175 3147 3231 venerabilem
3201 3173 3354 3226 illam
3407 3173 3538 3225 bea-

1954 3276 2180 3336 tamque
2237 3268 2592 3336 passionem,
2661 3283 2762 3322 sua
2819 3267 2926 3336 ipsi
2980 3273 3202 3335 sponte,
3242 3271 3300 3317 ut
3335 3273 3539 3318 nostra:

1953 3360 2154 3414 salutis
2205 3373 2554 3415 sacramento
2625 3360 2784 3414 linem
2857 3361 3127 3428 imponat,
3211 3356 3535 3428 procedenti

1945 3468 2337 3508 occurramus.
2393 3452 2554 3507 Venit
2603 3452 2788 3522 itaque
2832 3451 2936 3504 iter
2981 3461 3176 3520 sponte
3209 3465 3404 3506 versus
3442 3450 3536 3506 Je-

1945 3546 2190 3601 rusalem
2231 3531 2463 3611 faciens,
2495 3545 2590 3614 qui
2623 3560 2654 3600 e
2685 3544 2844 3600 cmlis
2900 3545 3082 3598 nostri
3114 3559 3282 3598 causa
3307 3543 3537 3600 descen-

1947 3635 2048 3699 dit,
2080 3645 2138 3689 ut
2171 3651 2272 3690 nos
2299 3637 2356 3690 in
2393 3633 2600 3690 inlimis
2650 3635 2908 3706 jacentes
2941 3650 3049 3690 una
3087 3651 3276 3691 secum
3315 3637 3534 3691 exalta-

1949 3735 2055 3790 ret,
2093 3737 2148 3781 ut
2180 3727 2470 3797 Scriptura
2502 3727 2753 3797 exponit,
2791 3747 2809 3781 ι
2859 3743 3031 3798 supra
3071 3743 3294 3782 omnem
3328 3727 3535 3797 princi-

1948 3827 2160 3888 patum,
2211 3825 2266 3872 et
2319 3827 2671 3889 potestatem,
2701 3828 2755 3873 et
2805 3819 3094 3884 virtutem,
3137 3828 3192 3874 et
3240 3833 3401 3874 omne
3430 3833 3532 3873 no-

1947 3924 2072 3964 men
2103 3908 2249 3978 quod
2280 3909 2601 3964 nominatur
2633 3921 2682 3964 °\
2716 3929 2735 3962 ι
2775 3909 2935 3966 Venit
2970 3920 3180 3977 autem,
3234 3927 3345 3967 non
3374 3912 3530 3967 velut

1944 4001 2176 4070 gloriam
2227 4017 2532 4071 occupans,
2597 4002 2858 4073 fastuque
2925 4014 2979 4058 et
3029 4019 3274 4074 pompa.
3332 4025 3350 4058 ι
3406 4003 3528 4060 Non

1945 4093 2264 4155 contendet,
2317 4093 2519 4164 inquit,
2555 4109 2738 4164 neque
2785 4096 3074 4161 clamabit,
3115 4111 3291 4167 neque
3325 4097 3530 4166 aliquis

1954 4184 2142 4238 audiet
2192 4199 2382 4238 vocem
2435 4184 2558 4253 ejus
2588 4183 2653 4251 ἀς
2725 4204 2742 4238 ι
2793 4184 2890 4239 sed
2943 4185 3048 4239 erit
3109 4193 3438 4240 mansuetus
3474 4195 3529 4239 et

1955 4276 2204 4341 humilis,
2237 4275 2330 4330 vili
2368 4276 2556 4331 habitu
2589 4285 2643 4330 et
2666 4282 2932 4346 apparatu
2955 4275 3226 4332 adornato
3252 4275 3528 4346 ingressu.

259 4368 520 4434 πλούσιος
549 4368 646 4430 ὣν,
697 4369 792 4422 καὶ
826 4367 1021 4432 νώτοις
1053 4369 1410 4440 Χερουϐικοῖς
1460 4373 1843 4444 ἐποχούμενος,

1954 4367 2094 4434 Quid
2131 4369 2278 4424 enim
2315 4369 2482 4425 viiius
2514 4368 2720 4424 asino?
2764 4367 2901 4438 quid
2937 4382 3072 4424 vero
3105 4367 3370 4422 humilius
3398 4369 3533 4422 sub-

260 4460 446 4514 πῶλον
466 4459 542 4524 ὡς
574 4460 762 4532 θρόνον
793 4460 1130 4516 ἐπικαθίσαι.
1166 4463 1519 4534 Προφῆτικὴν
1546 4466 1653 4532 γὰρ
1685 4465 1848 4534 ἐπλή-

333 4652 358 4680 c
394 4639 595 4712 Ephes.
632 4656 670 4706 ι,
710 4640 804 4694 2|.
889 4635 917 4678 δ
957 4637 1063 4699 lsa.
1089 4639 1286 4701 :ut,2.

1953 4463 2167 4534 jugali?
2221 4462 2550 4528 Enimvero,
2591 4464 2688 4535 qui
2739 4462 2894 4520 dives
2943 4472 3084 4531 erat,
3118 4465 3322 4534 quique
3348 4463 3533 4519 dorsis

1534 4729 1768 4786 VARUE
1804 4729 2212 4788 LECTIONES.

369 4849 412 4881 ⁸³
447 4845 609 4912 Forte
630 4846 1054 4914 ἐπετύντλαζον,
1083 4848 1552 4920 obloquebantur.

1573 5002 1956 5060 COMBEFISII
1977 5006 2209 5062 NOT/E.

261 5153 458 5214 resera
489 5144 682 5214 tamen
714 5136 976 5214 Herodes,
1007 5141 1062 5196 in
1089 5141 1194 5209 eis,
1221 5149 1276 5198 et
1297 5143 1572 5200 similibus
1601 5143 1716 5214 regi
1762 5144 1841 5198 illi

261 5209 597 5285 adhmsuris,
657 5209 1006 5285 δορυφορίαν,
1060 5229 1166 5285 qua
1225 5214 1444 5267 tandem
1501 5209 1691 5285 regno'
1727 5215 1844 5283 ipse

263 5282 592 5354 pelleretur,
641 5283 913 5354 metuebat
945 5299 957 5334 :
987 5283 1138 5351 quod
1183 5285 1485 5352 praisertim
1529 5282 1712 5340 essent
1745 5282 1844 5354 po-

263 5349 450 5424 tentes
477 5349 683 5424 virile;
707 5351 854 5424 regio
871 5349 1274 5416 clari'nomine,
1307 5355 1578 5424 siquidem
1613 5358 1697 5424 pie
1722 5349 1844 5410 c're-

261 5421 453 5476 dimus
480 5419 788 5473 traditioni.

337 5488 457 5560 (‘31)
493 5485 558 5566 Et
588 5487 824 5566 Salonae.
879 5491 990 5544 Καὶ
1038 5493 1698 5566 Σαλώμη.Ιίιξειὶιιιίιιιιιε
1746 5497 1848 5550 Σα-

261 5559 614 5635 λῴμτιηάντὶ
673 5559 893 5635 Σαλὼμ,
942 5578 1008 5635 ex
1067 5559 1382 5635 apocry'plio
1436 5567 1609 5630 libro,
1656 5565 1845 5622 Jacobi

263 5627 600 5709 ᾀδελφοθέου
639 5627 878 5709 noiriitie,
911 5633 976 5685 ad
1012 5627 1172 5709 quem
1199 5627 1444 5692 Andreas
1483 5627 1698 5691 alludit.
1731 5637 1844 5691 Ha-

266 5699 497 5760 buimus
527 5697 676 5752 aliud
711 5699 828 5768 ejus
881 5697 1178 5773 exemplar,
1217 5709 1378 5762 etiam
1425 5709 1653 5778 regium,
1684 5711 1843 5778 cujus

1951 5145 2181 5214 margini
2210 5151 2328 5199 erat
2387 5145 2713 5214 ascriptum,
2756 5161 2921 5202 manu
2973 5147 3106 5202 satis
3141 5148 3390 5216 antiqua,
3421 5163 3531 5202 non

1953 5219 2196 5285 recipere
2221 5215 2521 5285 Ecclesiam
2579 5231 2702 5269 eum
2746 5228 3068 5282 tractatum,
3101 5227 3159 5270 ut
3201 5215 3325 5272 rere
3365 5217 3526 5272 Gela-

1951 5283 2212 5356 sius‘cap.
2239 5286 2438 5340 Sancta
2467 5283 2728 5351 Romana,
2760 5303 2884 5341 eum
2911 5288 3230 5355 proscripsit
3254 5306 3266 5342 :
3294 5292 3386 5342 sed
3416 5304 3529 5342 non

1950 5359 2212 5411 videntur
2230 5357 2400 5410 Graeci
2427 5357 2726 5410 adlizesisse
2754 5357 2982 5411 omnino
3009 5359 3085 5412 illi
3130 5373 3402 5423 censurm,
3427 5376 3524 5413 seu

1954 5442 2180 5500 prorsus
2213 5426 2530 5500 repudiasse
2585 5427 2755 5500 libros
2789 5445 2927 5497 quos
2973 5431 3062 5484 ille
3102 5430 3154 5483 in
3188 5429 3528 5500 apocuypho-

1955 5513 2075 5569 rum
2135 5499 2370 5550 classem
2435 5497 2736 5566 reiecisset,
2775 5509 2833 5552 ut
2890 5514 2998 5553 non
3039 5500 3202 5554 etiam
3230 5497 3436 5569 postea
3470 5500 3528 5554 in

1955 5567 2244 5642 Ecclesiis
2271 5570 2607 5642 retinuerint
2645 5570 3002 5639 Iegerintque,
3044 5586 3109 5624 ac
3143 5567 3328 5625 Patres
3358 5587 3526 5642 expo-

1955 5657 2070 5693 suei
2090 5640 2188 5712 int.
2211 5640 2394 5708 iisque
2421 5655 2533 5712 sua,
2556 5641 2900 5712 illusit-aruit,
2927 5653 2984 5694 ut
3007 5652 3204 5712 praeter
3225 5640 3525 5707 Andream,

1949 5713 2112 5765 etiam
2149 5710 2474 5778 Germanus,
2497 5711 2762 5783 Georgius
2788 5710 3096 5781 Niremedn
3137 5721 3244 5770 ctc.
