4016 6130
473 246 576 314 991
621 231 629 239 '

1669 250 1732 310 S.
1772 249 2103 312 ANDRE/E
2141 249 2568 310 CRETENSIS

3583 233 3753 300 ⁸992

476 358 806 417 Cherubieis
849 360 1144 430 inequitat,
1191 359 1346 430 pullo
1415 373 1516 414 ceu
1569 359 1774 416 throno
1826 359 2066 417 insidere

2192 377 2264 414 »ου
2291 360 2496 432 φωνὴν,
2531 357 2714 429 πολλῷ
2752 357 3018 428 πρότερον
3043 351 3447 426 προρρηθεῖσαν
3489 350 3546 404 ἐν
3585 347 3757 404 πνεύ-

481 470 595 510 non
629 455 874 510 erubuit.
909 453 1122 522 Quippe
1157 453 1420 522 implebat
1461 453 1844 523 propheticam
1875 467 2066 507 vocem

479 544 644 617 longe
676 545 832 616 prius
883 545 938 598 in
985 545 1187 615 spiritu
1247 543 1614 612 praedictam:
1675 543 2067 610 c'Dicite,in-

481 638 625 708 quit,
671 635 801 690 illia:
845 635 1021 690 Sion:
1059 635 1206 689 Ecce
1234 633 1350 689 Rex
1397 641 1530 690 tuus
1561 634 1712 688 venit
1754 634 1854 688 tibi
1904 649 2066 688 man-

483 734 698 790 suetus,
761 733 817 780 et
850 725 1054 781 sedens
1107 741 1276 792 super
1329 726 1538 795 pullum
1585 725 1756 780 lilium
1802 725 2068 795 subjuga-

481 817 553 873 lis
584 827 630 871 ο.
673 835 694 868 ι
755 815 922 880 Num,
958 829 1112 886 rogo,
1149 817 1254 870 hac
1289 831 1536 886 unquam
1590 817 1772 885 major
1815 816 1933 872 visa
1982 821 2068 870 est

407 918 444 966 '.
484 908 830 970 humanitas,
862 923 1053 964 eorum
1087 908 1180 979 qui
1207 925 1317 979 prae
1360 895 1562 980 gloria
1587 909 1942 964 admirationi
1970 909 2068 963 ha-

439 1009 445 1036 ί
485 999 725 1054 bentur?
755 997 948 1054 Ullane
983 1000 1126 1069 apud
1183 1000 1437 1057 homines
1470 1001 1572 1056 hac
1607 1002 1920 1056 humilitate
1965 1003 2066 1056 ab-

440 1090 731 1160 :jectior?
777 1090 900 1146 Non
950 1091 1217 1145 horruisti
1273 1090 1528 1156 audiens,
1585 1092 1840 1162 quisquis
1871 1093 1968 1156 sis,
2005 1099 2070 1148 ut

487 1183 580 1249 qui
615 1185 766 1238 sedet
793 1197 958 1252 super
985 1182 1307 1252 Seraphim,
1339 1183 1486 1254 pullo
1523 1185 1858 1239 veheretur?
1883 1183 2072 1238 Enim.

435 1303 440 1311 -
489 1289 619 1328 vero
651 1274 786 1330 ades
810 1273 911 1337 sis,
942 1283 997 1328 et
1023 1274 1544 1344 interpretationem
1570 1275 1794 1341 docere,
1829 1283 2073 1330 certam.

488 1381 598 1435 que
647 1365 1086 1436 dispensationis
1137 1367 1330 1434 accipe
1392 1365 1576 1431 ﬁdem,
1631 1373 1692 1420 ut
1735 1365 2072 1420 sacramenti

489 1455 693 1511 virtute
718 1462 1024 1526 perspecta,
1060 1453 1276 1510 Domini
1315 1457 1719 1526 praescientiam
1747 1457 1963 1512 adores.

564 1543 830 1599 Futurum
885 1554 1024 1610 erat,
1085 1553 1148 1599 ut
1180 1563 1200 1597 ι
1233 1548 1328 1616 qui
1381 1547 1528 1602 tollit
1563 1557 1849 1617 peccatum
1910 1565 2071 1603 mun-

492 1636 548 1692 di
580 1633 629 1704 ί,
675 1654 696 1689 ι
731 1637 828 1706 qui
865 1637 1086 1707 inquam
1112 1651 1292 1706 neque
1332 1638 1560 1708 praesepi
1588 1640 1878 1694 brutorum
1910 1641 2074 1695 recli-

2171 469 2340 524 ματι’
2384 473 2402 506 ι
2440 453 2666 516 Εἴπατε,
2723 452 2879 521 φησὶ,
2934 451 2999 520 τῇ
3037 445 3271 516 θυγατρὶ
3316 443 3456 498 Σιών
3493 458 3508 474 ·
3551 442 3692 496 Ἰδοὺ
3724 443 3756 496 ὅ

2170 543 2422 614 βασιλεύς
2465 561 2558 596 σου
2589 542 2810 616 ἔρχεταί
2869 557 2952 595 σοι
3005 537 3224 621 πραῢς,
3265 537 3361 590 καὶ
3403 532 3756 610 ἐπιβεϐηκὼς

2168 635 2262 688 ἐπὶ
2303 635 2484 688 πῶλον
2521 636 2636 688 υἱὸν
2683 633 3002 700 ὑποζυγίου.
3033 627 3210 699 »Ἀρά
3251 644 3337 680 σοι
3385 625 3593 695 ταύτης
3621 626 3758 678 ποτὲ

2171 727 2375 798 μείζων
2406 724 2727 798 ἐφανερώθη
2753 724 3108 786 ταπείνωσις,
3141 719 3249 772 τῶν
3287 717 3382 770 ἐπὶ
3415 716 3579 786 δόξης
3629 715 3760 770 θαυ-

2170 807 2493 889 μαζομένων
2514 835 2529 886 ;
2553 819 2713 870 Ἔστι
2744 815 2800 868 δέ
2833 813 3038 883 ταύτης
3077 805 3188 881 ἆρα
3231 804 3761 874 τῆς,ταπεινώσειι›ς

2167 911 2226 962 ἐν
2264 907 2572 979 ἀνθρώποις
2603 905 2992 978 εὐτελεστέρας
3033 903 3136 956 οὐκ
3189 900 3416 973 ἐφριξας
3449 898 3671 953 ἀκούων
3709 897 3766 950 εἴ

2165 1015 2256 1062 τις
2289 999 2356 1052 ἂν
2383 997 2468 1070 εἴη
2497 998 2564 1063 ⁸ο,
2591 999 2682 1051 τὸν
2711 997 2804 1050 ἐπὶ
2845 999 2958 1060 τοῖς
2987 994 3242 1064 Σεραφὶμ
3289 991 3764 1062 ἐνθρονιζόμενον,

2168 1091 2262 1143 ἐπὶ
2323 1090 2502 1142 πῶλον
2556 1089 2892 1160 ὀχούμενον;
2939 1087 3102 1140 Ἀλλά
3149 1084 3308 1156 δεῦρο
3367 1083 3462 1136 καὶ
3511 1083 3613 1153 τὴν
3661 1084 3766 1153 ἐρα

2173 1182 2399 1252 μηνείαν
2429 1181 2729 1252 διδάχθητι,
2777 1183 2872 1234 καλ⁵
2911 1179 3011 1252 τὴν
3049 1177 3373 1245 οἰκονομίαν
3409 1175 3767 1246 πιστὼθητι,

2171 1272 2260 1326 ἵνα
2289 1272 2465 1336 συνεὶς
2502 1273 2595 1325 τοῦ
2628 1271 2932 1344 μυστηρίου
2971 1269 3070 1342 τὴν
3097 1269 3330 1338 δύναμιν
3370 1268 3771 1338 προσκυνήσῃς

2170 1362 2265 1416 τοῦ
2294 1363 2501 1436 Κυρίου
2533 1363 2631 1436 τὴν
2665 1366 2999 1435 προγνωσιν.

2251 1545 2485 1616 Ἔμελλε
2537 1545 2638 1617 τὴν
2678 1544 2838 1616 ἡμῶν
2890 1543 3116 1612 ἀλογίαν
3165 1541 3486 1613 περιελεῖν,
3535 1558 3554 1591 ι
3595 1541 3624 1594 ὁ
3670 1537 3778 1626 τοῦ

2177 1640 2384 1707 κῦσμου
2411 1639 2509 1708 τὴν
2535 1639 2812 1710 ἁμαρτίαν
2834 1637 2972 1708 ἄρας
2992 1653 3006 1666 ο
3043 1655 3062 1687 ι
3093 1637 3122 1690 ὁ
3149 1634 3284 1706 μηδέ
3313 1634 3525 1704 φάτνης
3553 1633 3780 1698 ἀλόγων

495 1726 616 1782 nari
649 1703 980 1798 dedignatus
1029 1736 1140 1790 est,
1180 1703 1398 1781 brutam
1448 1742 1478 1782 a
1509 1703 1673 1784 nobis
1722 1728 2072 1785 affectionem

2192 1731 2278 1800 τὴν
2309 1733 2366 1782 ἐν
2401 1731 2736 1801 σπαργάνοις
2777 1727 3098 1794 ἀπαξίὼσας
3131 1725 3494 1796 κατάκλησιν.
3532 1725 3778 1779 Ἐτύπου

495 1815 766 1873 auferret.
824 1818 965 1886 Apte
1007 1831 1138 1872 vero
1183 1815 1458 1887 ﬁgurabat
1501 1821 1666 1874 etiam
1704 1821 1946 1894 gentium
1975 1835 2076 1874 vo—

497 1908 792 1973 cationem,
846 1923 971 1978 quae
1013 1907 1128 1976 jam
1179 1907 1358 1978 ipsum
1401 1919 1828 1978 exspectarent:
1878 1920 1939 1965 ut
1980 1913 2077 1983 qui

499 1999 760 2054 nimirum
805 1997 917 2064 jam
976 1999 1330 2068 apparuisset
1377 2016 1398 2050 ε
1457 2002 1770 2056 consolatio
1825 2001 2018 2068 Israel,
2053 2020 2072 2054 ι

499 2098 997 2160 exspectatumque
1027 2091 1244 2146 .salutis
1292 2109 1311 2142 ι
1352 2091 1540 2146 lumen
1581 2093 1649 2148 ad
1680 2094 2078 2150 revelationem

499 2185 746 2256 gentium
779 2185 827 2238 ε.
862 2202 881 2236 ι
921 2183 963 2238 Ε
1005 2184 1210 2256 quibus
1261 2193 1534 2257 quotquot
1566 2202 1723 2242 suam
1755 2187 2082 2244 incurvave-

501 2283 629 2328 runt
665 2275 958 2338 cervicem,
994 2275 1426 2347 venientemque
1452 2287 1847 2347 susceperunt,
1872 2285 2084 2332 totum-

501 2380 610 2435 que
664 2366 768 2421 sibi
820 2355 958 2438 ipsis
1011 2365 1303 2422 Dominum
1353 2369 1776 2439 imposuerunt,
1813 2370 1848 2424 ii
1904 2370 2084 2440 palam

504 2457 790 2512 veritatem
843 2458 1114 2514 hactenus
1161 2459 1436 2514 occultam
1487 2459 1543 2514 in
1595 2459 1792 2530 seipsis
1854 2459 2088 2515 manife-

505 2556 654 2604 stare
691 2549 1052 2605 ambitiosius
1097 2549 1533 2617 contenderunt,
1580 2551 1627 2606 si
1663 2565 1774 2620 quo
1805 2551 1968 2606 modo
2006 2551 2088 2606 eis

505 2638 748 2693 Verbum
780 2639 1056 2705 insidens,
1089 2643 1314 2710 antiqua
1357 2641 1524 2695 bruta
1559 2641 1850 2697 affectione
1889 2643 2089 2698 libera-

509 2716 668 2782 verit.
701 2726 876 2782 Porro
907 2740 1110 2793 vestes,
1134 2729 1361 2796 dilecte,
1381 2733 1690 2802 acceperis,
1717 2748 1854 2804 quas
1871 2734 2089 2804 quidem

510 2817 685 2872 turba:
745 2819 1174 2874 substraverunt
1215 2821 1416 2884 Verbo,
1481 2821 1756 2877 velamina
1826 2823 1918 2877 illa
1972 2839 2096 2895 qua:

512 2917 753 2965 mentem
788 2925 886 2980 per
911 2910 1280 2982 ignorantiam
1331 2911 1693 2970 oll‘uscarent.
1731 2913 1946 2981 Quibus
1979 2931 2094 2972 me-

2178 1819 2236 1872 δέ
2265 1819 2552 1890 χρησίμως
2591 1819 2686 1872 καὶ
2706 1817 2816 1870 τῶν
2845 1817 3016 1870 ἐθνῶν
3045 1815 3142 1886 τὴν
3179 1815 3396 1885 κλῆσιν,
3431 1816 3564 1886 ἄρτι
3598 1832 3780 1887 προση

2178 1911 2481 1981 δεχομένων
2516 1911 2704 1977 αὑτὸν,
2747 1910 2838 1964 ἆτε
2885 1908 2950 1980 δὴ
2993 1928 3012 1960 ι
3049 1910 3143 1962 τοῦ
3177 1907 3396 1978 Ἰσραὴλ
3427 1927 3446 1960 ι
3489 1909 3780 1979 πεφηνότα

2185 2019 2204 2052 ι
2241 2000 2624 2072 παράκλησιν,
2662 2000 2756 2052 καὶ
2797 1999 2914 2068 φῶς
2976 2001 3252 2072 σωτηρίας
3286 2019 3304 2050 ι
3350 1999 3778 2070 καραδοκοὺμε-

2180 2109 2270 2146 νον
2305 2112 2324 2145 ι
2359 2094 2440 2156 εἰς
2464 2092 2634 2145 ἐθνῶν
2662 2091 3026 2160 ἀποκάλυψιν.
3069 2111 3086 2144 ι
3120 2093 3241 2161 Ἀφ’
3263 2085 3339 2145 ὧν
3371 2091 3489 2146 ὅσοι
3514 2092 3608 2146 τὸν
3636 2094 3778 2147 ἐαυ-

2182 2184 2290 2238 τῶν
2332 2183 2620 2254 ὑπέκυψαν
2657 2183 2884 2254 αὐχένα,
2919 2186 3013 2238 καὶ
3058 2185 3150 2238 τὸν
3190 2184 3420 2238 ἐλθόντα
3457 2165 3778 2255 δεξάμενοι,

2184 2277 2278 2328 καὶ
2307 2275 2426 2328 ὅλον
2457 2277 2669 2338 ἑαυτοῖς
2696 2277 2787 2329 τὸν
2815 2277 3097 2345 Δεσπότην
3131 2276 3593 2340 ἐπιϐιϐάσαντες
3625 2272 3780 2332 οὗτοι

2189 2364 2469 2436 προδήλως
2506 2366 2606 2435 τὴν
2634 2365 2771 2428 τέως
2801 2367 3186 2438 κρυπτομένην
3219 2367 3505 2436 ἀλήθειαν,
3544 2369 3605 2420 ἐν
3643 2370 3780 2422 ἐαυο

2185 2457 2296 2518 τοῖς
2333 2455 2616 2525 ἐκφαίνειν
2638 2455 3048 2530 φιλοτιμότερον
3077 2457 3362 2523 ἔσπευδον,
3391 2457 3446 2510 εῖ
3473 2475 3591 2522 πως
3618 2461 3645 2512 ὅ
3669 2459 3782 2512 Δό-

2189 2564 2285 2614 γος
2332 2549 2516 2612 αὐτοῖς
2553 2549 2770 2617 ἐπιῦας,
2812 2550 2912 2619 τῆς
2963 2549 3294 2620 κτηνωδείας
3325 2549 3628 2614 ἀπαλλάξει
3670 2551 3781 2620 τῆς

2190 2640 2521 2710 ἔμπροσθεν.
2573 2641 2785 2712 Ἰμάτια
2840 2641 2898 2695 δὲ
2945 2642 3164 2712 νοήσεις
3211 2643 3501 2712 ἀγαπητὴ
3560 2643 3634 2694 τὰ
3673 2641 3782 2711 μὲν

2189 2731 2278 2786 διὰ
2303 2731 2411 2785 τῶν
2439 2731 2612 2801 ὅχλων
2653 2733 3072 2803 ὑποστρωθέντα
3121 2731 3198 2804 τῷ
3229 2733 3412 2804 Λόγῳ,
3453 2733 3526 2786 τὰ
3556 2733 3648 2787 διὰ
3677 2735 3784 2802 τῆς

2192 2819 2415 2889 ἀγνοίας
2440 2820 2830 2874 ἐπισκοτοῦντα
2869 2819 2964 2874 τὸν
2997 2819 3123 2874 νοῦν
3169 2821 3640 2893 προκαλύμματα.
3679 2817 3786 2885 Οἷς

2192 2911 2255 2965 τὸ
2303 2912 2591 2966 Ἰουδαϊκὸν
2659 2912 2883 2976 εἰκότως
2943 2912 3412 2985 χαρακτηρίζεται
3467 2912 3782 2984 κάλυμμα,

515 3003 624 3058 rito
663 3001 927 3072 ﬂgnratur
951 3000 1268 3056 Iudaeorum
1319 3003 1456 3057 illud
1509 3005 1778 3072 velamen,
1809 3007 1956 3077 quod
1989 3007 2088 3063 im-

2197 3001 2226 3054 ὃ
2274 3001 2370 3056 ἐπὶ
2420 3003 2519 3072 τὴν
2569 3002 2796 3075 καρδίαν
2835 3002 3016 3056 αὐτῶν
3059 3003 3238 3056 κεῖται
3271 3002 3348 3076 μὴ
3400 3003 3790 3058 ἀνακαλυπτό-

515 3091 755 3162 positum
806 3105 1001 3146 eorum
1047 3091 1312 3146 cordibus
1360 3105 1467 3146 non
1519 3093 1820 3160 revelatur,
1857 3108 1924 3148 eo
1948 3094 2095 3164 quod

513 3183 570 3237 ili
618 3182 838 3236 Christo
892 3180 964 3234 sit
994 3179 1418 3234 evacuaudum:
1470 3195 1596 3235 nam
1633 3182 1815 3252 inquit
1849 3183 2098 3238 admira-

514 3273 642 3328 bilis
671 3271 912 3327 Paulus:
949 3291 967 3324 ι
1021 3272 1158 3326 Cum
1192 3275 1393 3344 legitur
1439 3272 1676 3344 Moyses,
1711 3275 1962 3331 velamen
1997 3290 2099 3346 po-

514 3365 682 3419 situm
737 3373 822 3418 est
881 3380 1050 3436 super
1097 3381 1196 3420 cor
1248 3381 1463 3422 eorum.
1523 3368 1660 3424 Cum
1711 3376 1895 3423 autem
1933 3368 2098 3422 fuerit

514 3471 814 3512 conversus
861 3456 928 3510 ad
987 3457 1302 3522 Dominum,
1368 3458 1661 3515 auferetur
1711 3462 1963 3516 velamen
1989 3461 2040 3516 ιι.
2074 3480 2092 3512 ι

515 3547 674 3616 Quod
710 3560 766 3602 et
797 3550 924 3604 illos
955 3557 1089 3604 tunc
1137 3552 1338 3607 merito
1371 3552 1614 3606 arbitror
1646 3567 1674 3604 a
1710 3553 1910 3622 seipsis
1946 3553 2100 3608 abla-

515 3651 626 3695 tum
668 3642 1042 3698 substravisse
1077 3639 1262 3696 Verbo
1286 3680 1300 3704 ,
1343 3643 1653 3712 symbolica
1704 3643 1936 3713 jumenti
1965 3660 2098 3700 con-

514 3733 830 3796 scensione,
883 3732 1104 3786 brutam
1143 3747 1209 3786 ae
1251 3733 1406 3788 velut
1451 3733 1688 3802 jumeuti
1721 3736 1788 3790 ab
1823 3737 1906 3791 eis
1937 3737 2100 3806 igno-

514 3823 751 3877 rantiam
804 3821 1105 3878 aut'erenti.
1168 3822 1322 3888 Quas
1347 3833 1564 3890 ,autem
1617 3833 1804 3882 vestes
1843 3827 2100 3898 discipuli

515 3913 666 3986 pullo
702 3915 1103 3984 imposuerunt,
1128 3925 1321 3985 aperte
1356 3917 1623 3972 existimo
1652 3933 1748 3973 eas
1781 3919 2100 3989 significare

514 4007 772 4068 virtutes,
827 4021 950 4076 quae
995 4022 1092 4076 per
1150 4005 1420 4074 Spiritum
1481 4010 1551 4064 ab
1610 4009 1719 4064 illis
1765 4011 2098 4079 accedunt;

509 4105 782 4168 quotquot
825 4099 1084 4152 nimirum
1123 4107 1397 4162 nostram,
1451 4100 1549 4170 qui
1585 4114 1780 4157 sumus
1816 4117 1882 4157 ex
1917 4105 2101 4172 genti-

514 4189 640 4254 bus,
706 4189 1072 4258 turpitudinis
1117 4189 1426 4244 nuditatem
1479 4199 1866 4260 conte-gentes,
1907 4194 2100 4264 cogni-

515 4283 716 4337 tionem
755 4284 914 4338 nobis
953 4285 1008 4336 in
1055 4283 1343 4338 Christum
1395 4289 1609 4349 texunt,
1646 4291 1706 4338 ut
1759 4284 1926 4340 Deum
1953 4287 2103 4340 velut

2200 3109 2380 3163 μενον,
2426 3093 2508 3158 ὅτι
2563 3095 2620 3147 ἐν
2651 3093 2872 3165 Χριστῷ
2926 3095 3308 3166 καταργεῖται.
3345 3113 3364 3146 ι
3397 3094 3595 3150 Ἦνίκα
3645 3095 3785 3168 γὰρ,

2198 3188 2382 3256 φησὶν.
2413 3188 2442 3241 ὁ
2475 3187 2761 3250 Θεσπέσιος
2795 3186 3028 3253 Παῦλος,
3053 3189 3295 3258 Μωῡσῆς
3318 3189 3785 3258 ἀναγινώσκεται,

2198 3277 2460 3350 κάλυμμα
2499 3280 2593 3332 ἐπὶ
2639 3279 2738 3351 τὴν
2775 3279 3001 3350 καρδίαν
3052 3279 3233 3332 αὐτῶν
3280 3281 3480 3334 κεῖται.
3524 3279 3790 3334 Ἐπειδὰν

2197 3369 2292 3424 οὖν
2346 3369 2648 3442 ἐπιστρέψῃ
2700 3369 2838 3441 πρὸς
2885 3369 3111 3442 Κύριον,
3157 3373 3526 3441 περιαιρεῖται
3571 3371 3635 3424 τδ
3677 3375 3789 3426 κά-

2198 3461 2410 3533 λυμμα.
2446 3480 2465 3514 ι
2490 3462 2687 3533 Ὅπερ,
2725 3457 2902 3528 οἶμαι,
2927 3461 3216 3524 κάκείνους
3231 3461 3352 3516 τότε
3385 3462 3533 3524 size;
3571 3464 3788 3517 ἑαυτῶν

2201 3553 2548 3622 περιελόντας
2587 3553 2932 3623 ὑποστρῶσαι
2975 3553 3054 3624 τῷ
3087 3554 3267 3624 Λόγῳ,
3301 3553 3388 3608 διὰ
3421 3556 3523 3624 τῆς
3564 3556 3660 3608 ἐπὶ
3687 3555 3788 3610 τοῦ

2201 3648 2462 3718 κτήνους,
2520 3647 2854 3718 ουμὸολικῆς
2909 3648 3252 3712 ἐπιϐάσεως,
3312 3647 3414 3718 τῆς
3471 3647 3788 3719 κτηνὼδους

2201 3735 2380 3791 αὐτῶν
2423 3737 2646 3805 ἀλογίας
2697 3738 2798 3806 τὴν
2839 3737 3062 3806 ἄγνοιαν
3095 3737 3442 3808 περιάραντι.
3475 3737 3559 3790 Τὰ
3599 3737 3658 3791 δὲ
3694 3737 3788 3790 διὰ

2199 3828 2310 3882 τῶν
2348 3829 2604 3900 μαθητῶν
2639 3829 2958 3882 ἐπιτεθέντα
2988 3829 3067 3900 τῷ
3107 3829 3286 3904 πώλῳ.
3321 3830 3536 3898 ἱμάτια,
3571 3821 3670 3893 τὰς
3697 3830 3788 3883 διὰ

2199 3923 2294 3976 τοῦ
2313 3924 2628 3994 Πνεύματος
2644 3925 2673 3977 ὑ
2684 3925 2734 3977 π’
2754 3923 2932 3978 αὐτῶν
2961 3923 3226 3995 ἐναργῶς,
3254 3918 3432 3994 οἶμαι,
3454 3923 3788 3994 προσιούσας

2201 4016 2458 4087 δυνάμεις
2506 4018 2992 4087 ἐπισημαίνονται·
3025 4019 3150 4072 ὅσαι
3187 4017 3346 4088 δῆλον
3377 4019 3477 4088 τῆς
3522 4017 3788 4088 αἰσχύ-της

2202 4111 2300 4181 τὴν
2336 4111 2618 4181 γύμνωσιν
2654 4111 2811 4184 ἡμῶν
2852 4113 2961 4166 τῶν
2997 4111 3055 4178 ἐξ
3086 4109 3255 4164 ἐθνῶν
3300 4110 3787 4183 περιστέλλουσαι,

2203 4198 2300 4268 τὴν
2331 4201 2409 4262 είς
2451 4201 2684 4270 Χριστὸν
2729 4201 2860 4270 ἡμῖν
2911 4199 3259 4268 ἐξυφαίνουσι
3319 4199 3549 4266 γνῶσιν,
3595 4199 3789 4270 ἦὸλον

2205 4289 2367 4342 αὑτὸν
2397 4291 2546 4360 ἡμᾶς
2571 4289 2990 4354 ἐνδιδύσκουσιν,
3028 4289 3097 4342 ἶν’
3123 4283 3274 4360 ὦμεν
3299 4289 3435 4342 Θεὸν
3467 4289 3788 4358 ἀγαλματο-

515 4374 570 4428 in
607 4375 846 4442 imagine
881 4383 1186 4442 gestemus.
1241 4382 1532 4444 totumque
1582 4383 1870 4444 portemus
1903 4377 1956 4430 in
2001 4392 2088 4430 no-

2204 4379 2516 4451 φοροῦντες,
2551 4382 2647 4434 καὶ
2671 4381 2790 4434 ὅλον
2814 4383 2870 4434 ἐν
2905 4381 3038 4452 ἡμῖν
3057 4379 3221 4432 αὑτὸν
3252 4379 3534 4449 φέροντες,
3565 4377 3632 4431 δι’
3661 4379 3787 4431 ὅλου

515 4466 624 4530 bis,
657 4481 820 4537 quem
871 4481 1102 4537 prorsus
1145 4465 1516 4521 induerimus.
1555 4466 1710 4532 Quod
1757 4483 1892 4524 sane
1922 4468 2099 4522 haud-

515 4573 793 4629 quaquam
819 4559 872 4612 in
915 4557 1075 4612 nobis
1123 4557 1288 4612 fuerit
1317 4572 1487 4628 opere
1515 4559 1824 4626 impletum,
1855 4561 2099 4628 quandiu
2139 4600 2142 4604 .

517 4666 628 4704 non
658 4650 730 4704 sit
761 4649 944 4704 animo
989 4651 1376 4714 constitutum,
1437 4655 1495 4702 ut
1533 4649 1716 4703 omnia
1751 4665 1850 4719 pro
1879 4650 2102 4706 Christo

517 4739 792 4812 patiamur
841 4749 1007 4810 atque
1058 4739 1326 4803 feramus,
1366 4755 1710 4810 quaecunque
1755 4749 1810 4794 et
1842 4741 2100 4798 Christus

517 4849 618 4903 pro
649 4835 808 4890 nobis
847 4848 912 4888 ac
945 4834 1068 4888 vice
1119 4840 1376 4887 nostrum
1409 4833 1477 4885 ab
1514 4831 1585 4886 iis
1628 4847 1828 4901 passus
1865 4843 1970 4898 est,
1998 4834 2098 4904 qui

519 4927 850 4982 sacramenti
887 4927 1008 4996 ejus
1042 4927 1383 4996 inajestatem
1418 4924 1756 4984 nescierunt.

589 5020 702 5088 Age
724 5019 1046 5089 itaque,una
1068 5019 1232 5092 etiam
1247 5034 1369 5073 cum
1392 5015 1768 5072 festinantead
1791 5017 2098 5088 passionem

521 5125 832 5174 currnnns,
879 5127 1091 5181 eosque
1143 5111 1426 5165 imitemur
1483 5109 1576 5179 qui
1629 5109 1846 5163 obviam
1878 5123 2100 5179 proces-

524 5211 735 5258 serunt.
769 5201 891 5257 Non
940 5203 1015 5256 ita
1059 5211 1118 5256 ut
1160 5218 1344 5258 ramos
1379 5203 1539 5258 olivae
1569 5201 1857 5270 aulaeaque
1885 5209 1941 5256 et
1971 5216 2104 5271 sup-

524 5295 842 5366 pellectilia,
871 5303 1001 5350 utve
1032 5296 1277 5366 spatulas
1304 5309 1334 5350 e
1378 5293 1576 5366 palmis
1605 5294 1653 5350 ei
1697 5301 2014 5348 sternamus
2046 5293 2102 5349 in

600 5459 627 5490 σ
662 5448 828 5504 Zaeli.
865 5465 936 5514 ιιι,
960 5450 1012 5504 9.

2205 4470 2540 4542 φορούμενον
2581 4489 2639 4524 τε
2679 4471 2775 4525 καὶ
2819 4470 3422 4541 στο).ιζὸμενον.”οπερ
3467 4470 3570 4522 οὐκ
3617 4469 3682 4522 ἂν
3707 4472 3788 4533 εἰς

2204 4562 2352 4630 ἡμᾶς
2378 4560 2462 4612 ἐπ’
2491 4561 2650 4631 ἔργον
2683 4559 2895 4632 ἀχθείη,
2935 4559 3010 4632 μὴ
3034 4559 3156 4630 οὐχὶ
3185 4560 3363 4613 πάντα
3391 4558 3790 4630 προελομένους

2205 4653 2345 4722 ὑπὲρ
2402 4653 2640 4723 Χριστοῦ
2694 4655 2788 4706 καὶ
2843 4651 3128 4707 πείσεσθαι
3173 4653 3270 4704 καὶ
3319 4651 3529 4722 φέρειν,
3563 4652 3668 4704 ὅσα
3695 4651 3788 4701 καὶ

2205 4747 2440 4817 Χριστὸς
2467 4747 2608 4818 ὑπὲρ
2643 4747 2802 4817 ἡμῶν
2827 4746 2944 4800 ἀνθ’
2971 4745 3128 4817 ἡμῶν
3160 4746 3265 4798 ὑπὸ
3294 4745 3402 4798 τῶν
3436 4745 3792 4815 ὴγνοηκότων

2206 4838 2372 4892 αὑτοῦ
2400 4839 2460 4892 τὸ
2492 4839 2776 4909 μεγαλεῖον
2803 4838 2896 4892 τοῦ
2925 4837 3228 4909 μυστηρίου
3258 4836 3556 4890 πέπονθεν.

2281 5019 2416 5086 Ἀγε
2453 5018 2516 5090 δὴ
2557 5020 2653 5072 καὶ
2702 5018 2838 5090 πρὸς
2871 5018 2930 5071 τὸ
2969 5016 3163 5072 παθεῖν
3189 5013 3534 5085 ἐπειγομένῳ
3569 5012 3790 5083 συντρέ-

2208 5127 2412 5180 χωμεν,
2442 5113 2536 5164 καὶ
2575 5111 2698 5175 τοὺς
2724 5109 3108 5179 ἀπηντηκότας
3164 5105 3492 5178 μιμώμεθα,
3541 5104 3619 5177 μὴ
3660 5104 3786 5158 κλά»

2209 5201 2331 5264 δους
2373 5201 2622 5272 ἐλαίαςῆ
2671 5200 2912 5266 ἔπιπλα,
2967 5198 3043 5272 μὴ
3096 5197 3224 5270 βαΐα
3268 5194 3790 5267 καταστρωννῦντες

2210 5293 2378 5349 αὑτοῦ
2407 5297 2474 5365 τῇ
2500 5293 2624 5364 ὀδῷ,
2655 5293 2771 5346 ἀλλ’
2791 5295 2940 5364 ἡμᾶς
2976 5293 3175 5358 αὐτοὺς
3201 5289 3688 5361 ὑποστρωννύντες
3715 5286 3790 5350 ὡς

1100 5450 1118 5489 ί
1158 5449 1316 5505 Joan.
1351 5463 1389 5509 ι,
1417 5447 1505 5504 29.
1589 5451 1612 5489 ε
1639 5447 1773 5504 Luc.
1813 5462 1872 5510 ιι,
1909 5448 1999 5512 25,
2049 5448 2138 5502 52.
2214 5450 2240 5489 ιι
2268 5449 2306 5502 ll
2339 5450 2465 5503 Cor.
2501 5464 2580 5512 nr,
2620 5447 2704 5509 15,
2749 5445 2830 5501 l6.

1777 5557 2011 5612 VARIIE
2048 5557 2454 5614 LECTlONiiS.

640 5650 690 5685 ⁸ο
711 5651 876 5708 Forte
911 5655 1009 5718 εἰς,
1040 5657 1122 5708 vel
1154 5654 1291 5724 εἴης.
