4016 6130
266 340 372 405 993
1484 349 1571 410 IN
1610 349 1869 411 RAMOS
1906 350 2334 413 PALMARUM
2348 400 2361 413 .
3448 362 3555 427 994

265 456 517 527 ἐφικτὸν,
551 456 733 529 ψυχῆς
776 459 1127 530 ταπεινότητι
1172 461 1269 515 καὶ
1317 460 1545 533 γνώμης
1582 464 1835 536 ὀρθότητι

1966 464 2051 519 via
2083 484 2098 519 ι
2131 466 2226 520 sed
2261 477 2319 520 ut
2346 481 2448 522 nos
2484 465 2588 537 ipsi
2619 478 2887 538 quantum
2938 484 3234 540 possumus
3264 471 3558 528 humiliato

263 550 336 605 ἰδ’
358 552 567 623 ἥκοντα
591 553 684 605 τὸν
712 552 885 620 Λόγον
905 552 1210 624 δεξώμεθα,
1248 557 1343 608 καὶ
1376 556 1600 626 χωρηθῇ
1632 556 1764 620 θεὸς
1804 560 1838 610 ὲκ

1945 557 2173 621 ὀηίηιο,
2205 568 2470 628 rectaque
2502 569 2687 614 mente
2717 570 2771 614 et
2792 561 3078 631 pr0posito
3104 552 3551 634 substernamus,

274 648 413 718 ήμῖν
434 651 462 702 6
489 647 738 718 μηδαμοῦ
768 646 1133 718 χωρούμενος.
1165 650 1359 721 Χαίρει
1388 651 1496 721 γάρ
1525 650 1668 704 οὓτω
1687 653 1838 722 πρᾶο,

1967 656 2024 701 ιιι
2053 650 2422 718 suscipiamus
2453 649 2692 706 Verbum
2728 651 2862 706 illud
2902 669 3147 719 vemens,
3193 657 3555 726 capiaturque

279 740 418 810 ἡμῖν
473 739 797 810 γενόμενος,
845 741 874 791 6
930 740 1105 811 πρᾶος
1161 742 1258 794 καὶ
1308 761 1327 794 ι
1373 742 1721 814 ἐπιϐεὸηκὼς
1769 744 1838 797 ὲπ

1966 740 2126 795 nobis
2186 740 2354 805 Detts,
2408 743 2502 812 qtti
2564 759 2842 814 nusquam
2893 744 3017 815 capi
3081 754 3284 817 potest.
3338 748 3554 807 Gaudet

270 831 497 902 δυσμῶν
533 850 552 883 ι
587 833 687 901 τῆς
719 832 999 903 ἡμετέρας
1033 836 1316 904 ἐσχατιᾶς,
1343 835 1503 904 ήκειν
1528 852 1586 888 τε
1619 835 1714 889 καὶ
1740 837 1838 904 όμι

1962 830 2134 892 enim,
2169 831 2331 899 quod.
2363 847 2422 885 se
2481 832 2557 886 ita
2592 834 2752 888 nobis
2808 834 3128 890 exhibuerit
3177 850 3551 901 mansuetum.

258 923 399 990 λεῖν,
435 926 528 978 καὶ
555 926 692 995 πρὸς
724 925 916 978 ἑαυτὸν
946 924 1170 995 ἀνάγειν
1200 926 1232 996 ἢ
1260 927 1579 995 ἐπανάγειν,
1612 926 1690 997 τῷ
1716 927 1838 996 λόγιι

1960 925 2160 991 quiest
2190 933 2541 989 mansuetus,
2574 944 2592 976 ι
2626 927 2991 998 ascenditque
3014 944 3178 999 super
3201 936 3491 988 occasumi
3527 955 3545 987 ι

258 1017 361 1087 τῆς
399 1018 699 1088 συμφυΐας.
726 1016 824 1082 ’ος
855 1021 905 1070 εἰ
940 1019 1037 1072 καὶ
1072 1021 1139 1090 τῇ
1176 1020 1399 1090 ἀπαρχῇ
1445 1019 1540 1072 τοῦ
1586 1019 1857 1090 ἡμετέρου

259 1110 588 1181 φυράματος
627 1130 646 1161 ι
678 1108 1027 1180 ἐπιϐεϐηκὼς
1056 1111 1151 1164 ἐπὶ
1180 1111 1274 1164 τὸν
1307 1110 1539 1181 οὐρανὸν
1570 1111 1663 1163 τοῦ
1693 1111 1857 1182 ούρα-

258 1198 355 1252 νοῦ
400 1199 523 1253 κατ’
564 1200 831 1263 ἀνατολὰς
870 1220 888 1252 ι
936 1200 1195 1266 λέγεται,
1247 1201 1346 1269 τῆς
1391 1200 1631 1261 οἰκείας,
1677 1196 1853 1271 οἶμαι,

257 1290 423 1361 δόξης
466 1292 562 1344 καὶ⁵
594 1292 878 1361 θεότητος·
911 1291 1031 1345 ἀλλ’
1074 1292 1177 1344 οὐκ
1227 1292 1420 1362 ἀνήσει
1473 1291 1857 1363 φιλάνθρωπος

258 1383 360 1450 ὢν,
396 1384 528 1455 πρὶν
557 1384 668 1437 ἀπὸ
698 1384 856 1455 δόξης
902 1386 983 1448 εἰς
1024 1383 1183 1450 δόξαν
1217 1383 1313 1455 τὴν
1353 1383 1643 1455 ἀνθρώπου
1695 1384 1855 1452 φύσιν

259 1475 503 1546 χαμόθεν
530 1475 692 1547 ἄρας,
716 1474 895 1545 ἑαυτῷ
926 1473 1289 1548 συναποδείξῃ
1317 1474 1633 1547 μετάρσιον.
1665 1475 1856 1539 Οὕτως

258 1568 641 1639 ὐποστρωτέον
675 1569 826 1639 ἡμᾶς
854 1569 1081 1632 ἑαυτοὺς
1111 1568 1190 1639 τῷ
1216 1566 1462 1639 Χριστῷ,
1502 1566 1578 1638 μὴ
1617 1567 1852 1636 χιτῶνας

258 1657 294 1729 ἢ
329 1658 561 1720 κλάδους
588 1657 853 1728 ἀψύχους,
892 1660 987 1712 καὶ
1022 1658 1210 1729 φυτῶν
1259 1660 1533 1730 ὄρπηκας,
1569 1659 1702 1730 ὕλην
1750 1677 1854 1730 μα-

258 1749 610 1819 ραινομένην,
665 1749 758 1801 καὶ
812 1750 895 1811 είς
947 1748 1097 1819 ὧρας
1147 1748 1334 1817 ὀλίγας
1360 1749 1423 1803 τὸ
1473 1751 1708 1821 τερπνὸν
1753 1753 1851 1822 τῆς

1961 1012 2164 1069 intima:
2196 1026 2403 1070 ucstra:
2436 1018 2685 1082 vilitatis,
2721 1020 3093 1077 utveniretac
3114 1022 3400 1078 nobiscum
3429 1041 3551 1081 con-

1961 1105 2308 1162 suetudinem
2334 1107 2598 1176 haberet,
2633 1124 2846 1180 suaque
2876 1114 2941 1166 ad
2989 1127 3092 1168 nos
3116 1117 3447 1183 cognatione
3481 1119 3549 1173 ad

1959 1197 2176 1267 seipse
2230 1200 2563 1255 subveheret
2608 1210 2662 1257 et
2720 1204 3034 1259 reduceret.
3076 1204 3179 1272 Qui
3239 1208 3368 1263 licet
3415 1224 3582 1264 con-'

1958 1292 2267 1360 Spersiouis
2324 1305 2531 1348 nostra:
2586 1295 2849 1364 primitiis
2900 1313 2964 1351 ac
3039 1299 3374 1364 delibatione
3429 1303 3543 1366 illa,

1963 1399 2184 1453 «super
2253 1386 2450 1441 cmlum
2488 1387 2613 1440 coeli
2675 1388 2742 1442 ad
2797 1390 3068 1445 orientem
3132 1392 3457 1447 ascendisse
3522 1413 3540 1446 ι

1956 1473 2240 1541 dicituri,
2304 1478 2541 1546 propria:
2594 1478 2842 1534 arbitror
2912 1480 3102 1549 gloriae
3151 1497 3215 1535 ac
3259 1467 3542 1539 idcitatis:

1956 1564 2102 1619 haud
2139 1577 2321 1622 tamen
2375 1568 2720 1623 dimissurus
2743 1576 2850 1635 est,
2887 1587 2993 1639 qua
3030 1578 3116 1625 est
3155 1571 3209 1625 in
3240 1572 3542 1628 humanum

1956 1670 2134 1724 genus
2185 1658 2580 1726 propensioue,
2617 1658 2795 1711 donec
2845 1659 3143 1713 humanam
3195 1670 3452 1716 naturam
3512 1681 3541 1717 a

1954 1746 2126 1815 gloria
2164 1748 2219 1801 in
2284 1748 2514 1817 gloriam
2565 1748 2635 1801 ab
2695 1749 2896 1804 inlimis
2947 1759 3107 1804 terra:
3154 1754 3399 1815 elevans,
3437 1769 3541 1808 una

250 1812 434 1908 όψεως
469 1812 701 1910 ἔχουσαν
721 1856 735 1870 ’
766 1839 883 1893 ἀλλ’
914 1812 1087 1893 αὐτοῦ
1123 1841 1222 1910 τὴν
1243 1812 1444 1911 χάριν,
1476 1841 1509 1912 ἢ
1540 1812 1659 1894 ό).ον
1686 1812 1838 1895 αὐτόν

1955 1852 2146 1892 secum
2203 1838 2500 1894 sublimem
2533 1839 2800 1895 eﬂ'ecerit.
2867 1840 2960 1895 Sic
3021 1844 3125 1912 ipsi
3163 1860 3265 1900 nos
3317 1844 3542 1901 Christo

249 1932 611 2000 ἐνδυσάμενοι
637 1948 652 1962 ·
687 1949 705 1983 ι
738 1933 892 1985 Ὅσοι
921 1931 1032 2002 γὰρ
1055 1933 1135 1993 είς
1166 1933 1404 2001 Χριστὸν
1433 1931 1852 2003 βεϐαπτίσμεθα

250 2020 526 2093 [Χριστὸν
553 2021 903 2084 ἐνεδύσασθε,
931 2042 949 2073 ι
972 2020 992 2093 ]
1024 2021 1267 2092 χιτώνων
1306 2022 1462 2091 δίκην
1499 2024 1724 2086 ἑαυτοὺς
1751 2025 1856 2094 ὑφ-

246 2112 618 2181 απλώσωμεν.
653 2113 742 2175 Ὧς
782 2113 839 2166 δὲ
869 2114 1107 2181 φοινικοὶ
1127 2113 1225 2184 τὴν
1251 2115 1531 2184 ἁμαρτίαν
1554 2116 1844 2185 πρότερον,

245 2208 319 2277 τῇ
355 2192 514 2277 ρύψει
545 2205 601 2258 δὲ
641 2204 737 2258 τοῦ
779 2206 1052 2276 σωτηρίου
1093 2205 1474 2277 βαπτίσματος
1508 2206 1736 2278 ὕστερον
1766 2208 1847 2269 είς

248 2298 403 2369 ἐρίου
429 2298 735 2369 λευκότητα
759 2297 1086 2367 φθάσαντες,
1114 2298 1190 2370 μὴ
1213 2300 1282 2353 τὰ
1312 2302 1374 2353 ὲκ
1403 2299 1663 2369 φοινίκων
1693 2298 1845 2369 βαΐα,

245 2390 319 2443 τὰ
367 2389 424 2443 δὲ
476 2390 574 2459 τῆς
626 2390 784 2461 νίκης
826 2389 1055 2460 βραδεῖα
1108 2390 1186 2462 τῷ
1228 2394 1425 2463 νικητῇ
1474 2390 1566 2444 τοῦ
1609 2391 1843 2443 θανάτου

245 2482 643 2553 προσάγωμεν.
681 2481 940 2551 Εἶπωμεν
980 2483 1076 2535 καὶ
1102 2483 1263 2553 ήμείς
1295 2484 1536 2553 σήμερον
1562 2485 1699 2553 μετά
1732 2483 1847 2537 τῶν

243 2572 459 2627 παίδων
499 2573 598 2643 τὴν
642 2573 795 2644 ἱεράν
825 2573 1040 2644 ἐκείνην
1073 2573 1280 2645 φωνὴν,
1313 2577 1441 2639 τοὺς
1476 2575 1700 2644 νοητοὺς
1741 2578 1841 2644 τῆς

241 2665 425 2734 ψυχῆς
470 2664 805 2729 ἐπισείοντες
839 2666 1069 2731 κλάδους
1092 2683 1105 2696 ·
1148 2684 1167 2718 ι
1204 2666 1585 2737 Εὐλογημένος
1619 2668 1647 2719 6
1683 2666 1841 2737 ἐρχό-

246 2772 416 2829 μενος
457 2760 516 2812 ὲν
575 2758 800 2829 ὀνόματι
833 2759 1039 2830 Κυρίου
1062 2803 1077 2823 ,
1116 2759 1380 2822 Βασιλεὺς
1410 2758 1507 2812 τοῦ
1540 2758 1776 2830 Ἰσραήλ.
1815 2776 1834 2810 ι

1953 1930 2454 1994 substraverimus,
2498 1947 2607 1985 non
2638 1933 2857 1989 tunicas
2902 1943 2997 1987 aut
3031 1950 3213 1990 ramos
3241 1938 3538 2005 inanimes,

1954 2020 2334 2092 fruticumque
2386 2025 2681 2091 stramina,
2731 2026 2842 2079 cito
2900 2026 3139 2082 virorem
3193 2031 3536 2085 amittentem

1954 2115 2266 2179 materiam,
2304 2125 2358 2170 et
2389 2116 2457 2170 ad
2489 2132 2698 2186 paucas
2723 2119 2892 2173 heras
2921 2122 3120 2175 oculos
3150 2133 3534 2185 recreantem;

1946 2222 2137 2262 verum
2178 2208 2303 2277 ejus
2368 2210 2630 2276 gratiam,
2688 2225 2785 2263 seu
2847 2189 3028 2280 ipsum
3085 2222 3261 2268 totum
3311 2215 3533 2269 induti:

1951 2318 1969 2350 ι
2012 2297 2467 2368 Quotquotenim
2508 2302 2565 2354 in
2600 2301 2825 2357 Christo
2876 2302 3140 2370 baptizati
3171 2306 3327 2365 estis.
3369 2307 3535 2360 Chri-

1948 2399 2096 2444 stum
2155 2390 2423 2445 induistis
2458 2390 2521 2457 1ι;
2548 2409 2567 2442 ι
2628 2392 2752 2459 ejus
2793 2408 2895 2447 nos
2947 2393 3184 2462 pedibus
3215 2396 3532 2450 tunicarum

1950 2480 2132 2535 instar
2170 2482 2354 2545 strati,
2386 2483 2771 2558 explicemus.
2832 2484 2994 2539 Velut
3043 2499 3224 2542 autem
3255 2492 3348 2558 qui
3377 2491 3535 2558 prius

1949 2583 2177 2642 peccato
2236 2555 2482 2629 coccinei
2542 2574 2677 2646 (22),
2714 2612 2715 2615 η
2756 2577 3077 2648 detergente
3139 2555 3389 2635 salut—ari-
3440 2584 3534 2636 ba-

1949 2665 2174 2733 ptismo,
2209 2665 2560 2733 postmodum
2599 2667 2665 2722 ad
2720 2668 2861 2722 lana:
2885 2670 3178 2724 candorem
3215 2675 3531 2741 perveneri-

1948 2772 2096 2822 mus,
2151 2772 2221 2811 ne
2277 2757 2391 2826 jam
2455 2759 2700 2829 spatulas
2748 2776 2780 2815 e
2837 2762 3060 2831 palmis,
3138 2765 3233 2819 sed
3285 2767 3534 2823 victoria:

244 2856 478 2927 praemia
510 2855 708 2909 victori
757 2854 952 2909 mortis
982 2854 1304 2910 oﬂeramus.
1351 2853 1616 2911 Dicamus
1643 2863 1698 2909 et
1733 2869 1838 2909 nos
1876 2853 1932 2907 in
1964 2851 2085 2907 dies
2111 2853 2365 2923 singulos
2400 2868 2621 2907 sacram
2665 2854 2814 2908 illam
2858 2870 3051 2910 vocem
3119 2872 3247 2912 cum
3315 2863 3527 2930 pueris,

241 2949 563 3019 quatientes
618 2948 900 3019 spiritales
951 2949 1151 3004 anima;
1186 2964 1373 3003 ramos
1402 2966 1415 3003 :
1450 2967 1468 3000 ι
1499 2948 1831 3003 Benedictus
1853 2945 1947 3017 qui
1988 2945 2136 2999 venit
2166 2947 2218 2999 iu
2256 2943 2475 3000 nomine
2504 2945 2742 3010 Domini,
2774 2946 2886 3003 Rex
2924 2945 3108 3003 Israel.
3146 2967 3164 3001 δ

320 3040 454 3107 Ποῦ,
483 3040 579 3094 καὶ
608 3040 773 3094 πόθεν
806 3040 1132 3112 ἐρχόμενοςς
1167 3040 1308 3114 [Ιρὺς
1330 3041 1477 3111 ἡμᾶς
1500 3080 1516 3107 ,
1559 3040 1653 3093 καὶ
1685 3038 1836 3111 παρὰ

2016 3034 2267 3103 Quonam
2308 3044 2363 3090 et
2398 3037 2541 3091 unde
2584 3037 2859 3109 veniens?
2895 3037 2975 3091 Ad
3007 3054 3132 3104 nos,
3172 3046 3338 3111 atque
3365 3053 3395 3094 a
3421 3038 3522 3094 Pa-

240 3132 342 3187 τοῦ
391 3133 637 3203 Πατρόςο
671 3133 808 3204 πρὸς
847 3136 975 3198 τοὺς
1016 3134 1259 3204 γηϊνους,
1300 3134 1365 3186 ὲκ
1402 3131 1510 3186 τῶν
1559 3132 1830 3202 ύψίστων·

1945 3133 2025 3180 tre
2053 3144 2067 3179 :
2101 3128 2170 3180 ab
2203 3126 2511 3192 altissimis,
2558 3128 2626 3182 ad
2657 3137 2944 3183 terrenos:
2981 3130 3047 3183 ad
3081 3146 3327 3194 crucem,
3360 3146 3388 3185 a
3420 3135 3528 3190 La-

240 3226 344 3278 ἐπὶ
375 3225 472 3278 τὸν
509 3225 763 3295 σταυρὸν,
806 3224 1006 3279 ὲκ’τοῦ
1053 3226 1193 3279 κατὰ
1220 3224 1592 3296 τὸνῌΛάζαρον
1624 3223 1840 3293 θαύμαά

239 3332 360 3380 τος.
391 3316 580 3371 Ταῦτα
617 3318 717 3386 τῆς
758 3317 1029 3381 εὐδοκίας,
1061 3318 1243 3370 ἐκεῖνα
1284 3316 1387 3386 τῆς
1415 3316 1689 3383 ἐξουσίας.
1727 3318 1839 3385 Πη-

241 3410 408 3477 νίκα,
450 3411 546 3465 καὶ
581 3410 670 3465 διὰ
701 3411 790 3478 τί;
825 3411 913 3464 Ἐν
944 3410 1023 3481 τῷ
1062 3408 1397 3481 πληρώματι
1445 3406 1554 3461 τῶν
1600 3406 1834 3477 καιρῶν,

243 3501 348 3554 καὶ
373 3498 459 3553 διὰ
478 3500 580 3573 τὴν
602 3500 761 3570 ήμῶν
789 3499 1086 3571 σωτηρίαν.
1125 3516 1144 3550 ι
1173 3498 1357 3563 Ἃπαξ
1386 3495 1495 3567 γάρ
1522 3494 1616 3547 ἐπὶ
1644 3511 1834 3547 συντε-

244 3590 371 3661 λείᾳ
422 3590 530 3643 τῶν
577 3590 814 3656 αἰώνων,
853 3609 873 3642 ι
922 3589 1015 3643 τὸν
1054 3589 1198 3659 ὑπὲρ
1233 3586 1539 3659 ἀνθρώπων
1570 3585 1834 3649 ἑκουσίως

244 3686 423 3740 εἵλετο
451 3686 703 3751 θάνατον,
736 3686 823 3742 ἵνα
852 3674 1003 3758 σώσῃ
1036 3685 1128 3739 τὸν
1156 3683 1465 3756 ἄνθρωπον,
1505 3685 1533 3736 6
1573 3683 1642 3735 δι’
1664 3681 1835 3751 ὑπερ-

244 3777 416 3849 ϐολὴν
456 3778 868 3851 φιλανθρωπίας
909 3779 1202 3847 γενόμενος
1236 3776 1543 3847 ἄνθρωπος.
1565 3776 1835 3844 Ἐσχατον

243 3867 361 3940 γάρ
385 3868 494 3922 τῶν
522 3871 616 3924 ἐπὶ
644 3870 749 3941 γῆς
772 3867 936 3923 αὐτοῦ
959 3866 1252 3939 διατριϐῶν
1276 3867 1545 3938 γέγονενό
1576 3864 1832 3936 σταυρός.

246 3962 313 4014 Εἰ
344 3961 528 4015 τοίνυν
571 3961 768 4027 οὕτως,
810 3959 993 4023 καθὼς
1041 3961 1070 4013 6
1107 3960 1265 4028 λόγος
1310 3959 1522 4029 τρέχων
1559 3953 1831 4019 ἀπέδειξε,

244 4051 329 4122 τῷ
387 4052 610 4124 Χριστῷ
666 4054 909 4124 σήμερον
949 4052 1402 4121 ὑπαντήσαντες,
1458 4049 1686 4110 ἑαυτοὺς
1727 4047 1831 4115 ὑφ·

247 4144 615 4216 απλώσωμεν,
661 4143 1003 4214 δυνησόμεθα
1022 4143 1118 4197 καὶ
1163 4143 1318 4196 αὐτοὶ
1366 4139 1659 4202 διαπαντὸς
1691 4138 1832 4209 ὑπὲρ

247 4236 410 4308 ήμῶν
436 4237 654 4302 ἀθύτως
685 4237 945 4308 θυόμενον
992 4234 1200 4308 (θύεται
1251 4234 1361 4306 γὰρ
1409 4235 1467 4287 ὲν
1517 4230 1832 4294 ἀντιτύποις

328 4394 348 4435 ί
400 4391 552 4449 Psal.
588 4407 762 4456 vart,
800 4390 853 4446 5.
935 4386 949 4439 i
995 4386 1126 4443 ibid.
1174 4387 1264 4442 54.

1940 3220 2056 3272 zari
2085 3219 2382 3274 miraculo.
2421 3219 2563 3274 Sunt
2620 3222 2737 3275 hare
2787 3222 3118 3291 beneplaciti
3167 3231 3224 3278 et
3251 3223 3405 3278 bona:
3429 3240 3527 3279 vo-

1936 3309 2190 3375 luntatis,
2253 3311 2349 3364 illa
2407 3312 2693 3380 potentiae.
2754 3311 2991 3378 Quando
3034 3314 3208 3376 venit,
3249 3326 3305 3370 et
3360 3316 3524 3385 cujus

1932 3402 2150 3473 gratia?
2189 3403 2240 3455 In
2280 3414 2592 3473 temporum
2647 3405 3015 3474 plenitudine,
3067 3416 3124 3462 et
3162 3417 3389 3478 propter
3429 3426 3526 3464 no-

1931 3504 2102 3549 stram
2137 3494 2391 3550 salutem.
2423 3514 2442 3546 ι
2469 3494 2646 3550 Semel
2672 3496 2817 3549 enim
2852 3496 2905 3551 in
2933 3500 3407 3554 COHSlllnlltaliOIIC
3430 3516 3527 3556 sa:-

1937 3587 2184 3641 culurum
2224 3584 2242 3625 ι
2282 3589 2427 3641 ultro
2464 3596 2695 3643 mortem
2742 3603 2847 3658 pro
2881 3589 3199 3644 hominibus
3240 3591 3429 3661 elegit,
3462 3602 3523 3647 ut

1939 3678 2219 3735 hominem
2276 3680 2492 3735 salvum
2548 3679 2779 3749 faceret,
2836 3681 2933 3751 qui
2994 3684 3347 3751 cxsuperanti
3404 3684 3519 3738 cle-

1938 3770 2142 3824 mentia
2174 3781 2324 3825 esset
2360 3769 2543 3826 factus
2585 3771 2770 3830 homo.
2823 3771 2972 3826 Crux
3005 3772 3282 3843 siquidem
3311 3773 3432 3842 ejus
3465 3775 3518 3827 in

1937 3872 2086 3916 terra
2133 3862 2438 3917 stadiorum
2496 3878 2820 3932 supremum
2874 3862 2998 3917 fuit.
3056 3862 3198 3919 Dum
3254 3864 3336 3919 sic
3365 3881 3518 3933 ergo,

1937 3968 2046 4023 qua
2079 3954 2291 4009 ratione
2324 3954 2534 4009 cursim
2568 3969 2754 4008 sermo
2784 3955 3051 4019 ostendit,
3097 3954 3323 4011 Christo
3355 3955 3522 4011 hodie

1940 4054 2302 4098 occurrentes
2333 4059 2435 4098 nos
2464 4044 2566 4113 ipsi
2592 4044 3101 4108 substraverimus;
3136 4052 3313 4099 totum
3341 4045 3519 4112 ipsum

1938 4138 2031 4206 qui
2060 4137 2272 4208 iugiter
2320 4136 2499 4191 nostri
2536 4150 2706 4191 causa
2749 4134 2869 4191 sine
2898 4136 3284 4191 immolatione
3318 4138 3519 4189 immo-

1942 4230 2086 4282 latur
2116 4228 2275 4300 (‘25):
2341 4228 2705 4301 (immolatur
2737 4228 2883 4283 enim
2943 4243 3040 4298 pro
3087 4228 3252 4284 nobis
3299 4228 3356 4282 in
3384 4228 3519 4296 ligu-

1344 4387 1371 4427 ¹ι
1400 4385 1579 4442 Galat.
1612 4400 1703 4449 ιιι,
1739 4383 1832 4439 27.
1914 4382 1933 4421 ι
1977 4380 2142 4439 Hebr.
2181 4382 2369 4448 tx,26.

1579 4537 1966 4597 COMBEFISII
2002 4537 2237 4593 NOTIE.

324 4662 441 4735 (Ἡ)
501 4660 725 4735 Peccato
768 4661 1017 4735 coccinei.
1078 4657 1322 4735 Φοινικοξι
1369 4657 1469 4726 τὴν
1527 4655 1826 4726 ἁμαρτίαν.

1945 4654 2076 4735 illud
2098 4654 2156 4735 ἦν
2182 4652 2497 4735 ἀντιτύποις
2528 4651 3024 4735 συμϐόλοιςηνοιυε
3052 4658 3337 4735 expositio
3352 4658 3514 4735 fuerit

247 4729 487 4788 Pulchra
548 4734 858 4795 antithesis,
908 4730 975 4785 ut'
1007 4746 1111 4785 non
1161 4729 1394 4797 amplius
1422 4737 1665 4797 peccato
1708 4741 1829 4792 φοι-

250 4804 413 4859 νικοί.
442 4803 599 4872 juxta
646 4804 790 4870 quod
845 4803 948 4856 Isa.
997 4796 1291 4872 t,dicitu_r,
1341 4796 1436 4851 sed
1473 4797 1832 4872 langeinstar

252 4867 835 4945 baptismoidealhati,
870 4888 973 4924 non
1019 4871 1135 4945 jant
1179 4870 1488 4945 alierum“,
1522 4867 1681 4945 τὰ
1710 4882 1829 4933 φοι-

248 4934 419 4998 νίκων
462 4943 612 5012 βαΐα,
653 4934 897 5012 spatula:
943 4934 1260 5011 ex'palmis,
1316 4937 1430 5002 sed,
1473 4948 1580 4991 etc.
1629 4934 1827 4989 Verum

224 5013 687 5087 ~perit¥La_tioille
728 5014 1009 5087 [lose-titus.
1156 5081 1168 5087 _
1268 5079 1281 5087 _
1438 5078 1527 5087 __
1654 5076 1665 5087 .

324 5085 439 5155 (25)
466 5083 682 5155 largiter
714 5084 888 5155 nostri
920 5098 1082 5155 causa
1113 5081 1233 5155 sine
1262 5078 1625 5155 immolatione
1649 5078 1831 5129 immo-

252 5148 430 5208 latitr.
462 5148 698 5227 ’Λθίύτως
729 5153 1009 5227 θυόμενον.
1029 5151 1189 5227 Velut
1214 5148 1492 5227 sacriﬁcio
1516 5152 1828 5227 incruento,

249 5233 307 5279 et
335 5224 497 5298 cuius
532 5224 677 5277 ratio
716 5220 945 5298 relativa
1001 5223 1116 5298 sit;__
1148 5220 1518 5298 ipsa___hostia,
1565 5235 1721 5298 suam
1774 5220 1826 5298 in

250 5289 420 5349 cruce
460 5294 895 5348 immutationem
939 5294 1042 5346 sub
1088 5291 1410 5361 liguralibus
1470 5289 1732 5361 symbolis
1774 5290 1828 5340 in

250 5367 456 5434 quibus
496 5364 871 5424 sacriﬁcatur,
926 5357 1373 5434 ἱεροθυτούμενος
1415 5360 1471 5412 ὲν
1502 5357 1830 5434 ἀντιτύποις

251 5427 569 5504 συμϐόλοις,
604 5427 1053 5502 t'eprtescutante,
1096 5427 1373 5504 nouiter"
1411 5432 1681 5504 patiente.
1706 5427 1827 5481 Jatn

250 5501 680 5578 eniutChristus
703 5519 810 5557 non
837 5506 1071 5578 moritur
1101 5517 1116 5554 :
1144 5501 1237 5578 sed
1281 5501 1585 5578 symbolica
1616 5507 1828 5578 tantum

251 5576 452 5629 mortis
489 5589 606 5628 suae
629 5576 1003 5642 expressione,
1029 5587 1138 5639 quo
1164 5574 1210 5625 is
1246 5576 1354 5623 ritu
1386 5586 1545 5624 sacro
1569 5572 1824 5642 instituit,

249 5645 332 5698 sic
356 5644 574 5704 ἀθύτως
608 5640 820 5707 θύεται,
856 5644 1018 5711 idque
1037 5642 1328 5703 διαπαντός
1352 5655 1366 5667 ·
1410 5644 1557 5694 velut
1584 5641 1737 5711 jugey
1757 5640 1823 5711 il-

250 5714 353 5785 lud,
400 5714 740 5785 sacrilicium
788 5724 840 5785 et
895 5709 1098 5785 oblatio
1126 5709 1826 5785 Inunda,_quam_ptaaditit

250 5782 557 5841 Malachias
581 5781 735 5838 omni
790 5782 911 5838 loco
942 5783 1282 5839 oll‘cremtam
1328 5779 1590 5851 (Μάίαοίι.
1633 5795 1672 5845 ι,
1717 5779 1823 5850 ll).

1942 4724 2274 4787 ἀντιτύπων,
2308 4740 2429 4793 qua:
2458 4721 2630 4778 Gra‘ci
2676 4723 2748 4776 ita
2776 4725 2974 4777 habent
3001 4721 3296 4783 fatttili:it'ia
3325 4731 3376 4783 iu
3410 4730 3514 4783 huc

1940 4804 2312 4868 sacramento,
2365 4802 2422 4846 ut
2486 4795 2751 4847 nimirum
2784 4796 3075 4868 respiciant
3107 4807 3332 4852 externa
3362 4815 3511 4868 sym-

1940 4864 2087 4928 bola,
2122 4880 2242 4937 quae
2276 4872 2406 4918 sunt
2440 4879 2565 4917 vere
2621 4870 2806 4937 tigura
2864 4864 3133 4937 Dominici
3179 4864 3429 4937 corporis
3458 4878 3512 4923 et

1938 4935 2256 5007 sanguinis,
2309 4942 2366 4987 ut
2424 4949 2614 4987 eorum
2662 4934 2809 4986 υιιιιιί
2843 4934 3020 5003 rigore
3046 4934 3315 5007 signare
3346 4940 3511 4993 etiam

1938 5006 2042 5058 alia
2085 5006 2393 5074 assignato,
2445 5013 2499 5057 et
2525 5020 2631 5057 ιιυιι
2681 5012 2893 5057 tantum
2927 5006 3112 5060 modo.
3148 5009 3265 5073 Qua
3301 5010 3514 5063 ratione

1936 5080 2019 5130 vel
2044 5078 2221 5145 ipsum
2240 5074 2806 5147 Dominicumcorpus
2820 5077 3130 5146 etsanguis,
3154 5080 3238 5133 sui
3265 5082 3511 5147 ipsorum

1937 5156 1994 5198 ut
2020 5147 2073 5198 in
2099 5148 2321 5214 propria
2348 5146 2533 5214 specie
2558 5146 2712 5212 signa
2740 5146 2860 5217 uici
2888 5157 3121 5213 puSsunt
3158 5146 3321 5217 atque
3359 5151 3511 5203 ἀντί-

1932 5232 2082 5268 τυπα
2110 5232 2125 5246 ·
2164 5223 2222 5268 ιιι
2265 5230 2369 5267 non
2402 5217 2484 5286 si_t_
2506 5230 2605 5268 cur
2645 5215 2863 5286 sectqarii
2927 5218 3100 5269 nostri
3146 5218 3199 5271 iu
3236 5215 3508 5286 ejusmodi

1936 5287 2170 5348 voculis,
2214 5286 2329 5338 sive
2353 5286 2404 5339 in
2447 5283 2705 5338 Facundo
2741 5284 3050 5351 Sirmundi,
3080 5288 3194 5342 sive
3217 5283 3511 5343 ῐιίτοηυι-

1935 5355 2104 5420 liano,
2127 5357 2455 5423 Augustino,
2477 5362 2607 5415 ουκ,
2632 5356 2944 5423 prmsidium
2962 5358 3352 5425 punattt.Circa
3367 5361 3511 5411 ἀντί-

1933 5442 2081 5479 τυπα
2113 5426 2350 5481 dtllicdis
2396 5435 2479 5479 est
2511 5426 2759 5478 llamasc.
2804 5427 2896 5479 lib.
2936 5442 3020 5491 tv;
3064 5443 3127 5480 ac
3159 5429 3261 5481 nisi
3287 5439 3367 5482 cst
3401 5437 3510 5483 tex-

1934 5506 2025 5551 tus
2044 5505 2362 5567 corruptus,
2391 5496 2613 5549 videtur
2633 5505 2685 5546 et
2710 5497 2824 5564 ipse
2848 5498 3054 5567 versari
3081 5499 3135 5551 in
3176 5513 3364 5567 errore
3399 5515 3511 5553 mo-

1936 5569 2108 5620 derno
2131 5566 2470 5629 Graecorum,
2504 5574 2560 5617 ut
2581 5567 2745 5617 etiam
2764 5582 2953 5634 preces
2978 5566 3236 5621 Ecclesia:
3257 5566 3509 5637 spectent
3570 5600 3576 5605 ι

1933 5642 1998 5692 ad
2037 5640 2405 5691 substantiam
2460 5639 2915 5701 cmm'crationis,
2957 5653 3064 5705 qua
3090 5642 3151 5691 tle
3192 5653 3247 5690 re
3270 5647 3414 5692 esset
3439 5641 3508 5694 ad

1935 5710 2087 5779 illum
2114 5709 2373 5759 llOtlIlUiia
2406 5721 2547 5779 opus
2569 5706 2981 5775 disputatione;
3010 5723 3326 5779 quanquam
3347 5707 3507 5763 Sain-

1934 5789 2039 5845 tes,
2063 5778 2265 5833 Arcud.
2308 5785 2361 5833 et
2383 5777 2474 5832 alti
2500 5784 2927 5848 occupaverunt.
