4016 6130
516 327 628 392 99-5

1743 329 1806 390 s.
1847 305 2176 387 ANDREKE
2208 321 2628 386 CRETENSIS

3688 327 3803 393 995

520 439 737 492 ralibus
775 437 1049 508 symbolis
1081 432 1473 506 sacrificales)
1507 435 1562 490 in
1601 435 1760 490 nobis
1791 435 2095 504 suscipere.

2204 435 2342 506 ὑπὲρ
2363 438 2395 504 ἡ
2405 435 2520 505 μῶν
2559 453 2623 488 συ
2633 435 2852 506 μῦόλοις
2887 435 3167 508 ίεροθυτού
3176 437 3383 508 μενος),
3411 438 3532 492 ὅλον
3555 439 3720 493 αὑτὸν
3747 442 3811 493 ἐν

525 545 590 585 ac
643 529 1083 584 substantialitet'
1132 544 1232 582 ceu
1287 529 1452 582 domo
1504 527 1690 580 locare
1742 528 2050 598 poterimus
2083 545 2100 580 :

522 622 704 691 ipsum
740 621 985 688 inquam,
1023 619 1114 690 qui
1155 628 1416 689 tanquam
1469 619 1626 688 panis
1671 617 1896 686 quidem
1947 633 2102 672 man-

519 713 779 778 ducatur,
809 715 904 770 sed
935 713 1268 785 intelligitur
1298 723 1356 768 ut
1391 729 1591 784 agnus.
1623 713 1880 784 Idemque
1913 713 2100 776 nobis,

520 813 686 872 atque
717 803 785 858 iis
817 818 1049 872 quorum
1082 805 1136 857 iu
1172 803 1486 874 Evangeliis
1533 802 1783 857 meminit
1815 801 2102 872 theologia:

436 915 448 954 η
517 895 652 948 illud
694 895 927 960 tonitru,
961 893 1254 948 acciderit.

589 987 681 1039 Ait
709 986 898 1040 enim:
944 1003 962 1036 ‹
1019 983 1076 1038 In
1119 985 1429 1038 crastinum
1479 983 1678 1053 (plane
1711 972 1740 1035 a
1776 989 2003 1035 narrato
2034 979 2103 1034 ab

447 1133 454 1141 ,
517 1080 640 1149 ipso
671 1079 858 1132 divino
891 1079 982 1131 illo
1007 1079 1058 1130 in
1089 1077 1458 1130 suscitatione
1491 1075 1683 1129 Lazari
1715 1073 1917 1144 opere)
1945 1073 2100 1126 turba

444 1152 454 1170 ’
519 1172 710 1236 inulta,
743 1185 864 1238 qme
908 1179 1136 1224 venerat
1184 1169 1249 1221 ad
1278 1168 1426 1222 diem
1475 1167 1704 1234 festum,
1753 1181 1878 1220 cum
1913 1165 2104 1218 audis-

517 1271 642 1316 Sent
698 1263 826 1330 quia
869 1262 1018 1314 tenit
1067 1259 1232 1316 Jesus
1297 1259 1722 1330 Jerosolymam,
1769 1263 2104 1324 acceperunt

517 1360 701 1407 rtt'luos
758 1355 1086 1422 palmarum,
1139 1362 1194 1405 ct
1237 1359 1638 1420 processerunt
1689 1350 1906 1404 obviam
1940 1349 2014 1412 ei,
2050 1357 2104 1401 et

517 1445 830 1497 clamabant.
862 1443 1148 1498 dicentes:
1201 1443 1465 1496 Hosanua
1506 1441 1560 1494 in
1593 1441 1909 1500 altissimis.
1939 1441 2104 1495 bene-

516 1537 698 1590 dictus
722 1537 814 1606 qui
849 1537 997 1590 venit
1030 1537 1084 1590 in
1123 1535 1350 1589 nomine
1383 1534 1626 1600 Domini,
1660 1533 1776 1588 Rex
1803 1531 1974 1586 Israel
1997 1540 2095 1584 ³.»

513 1627 676 1697 Papm
702 1627 1105 1682 laudationem!
1148 1627 1308 1696 Papae
1349 1625 1778 1696 symphoniam!
1814 1623 1941 1678 Haec
1967 1639 2095 1688 vox,

514 1735 619 1773 vox
657 1718 900 1788 Spiritus
947 1729 1050 1773 est.
1092 1717 1353 1770 Doctrina
1389 1726 1475 1772 est
1509 1732 1764 1786 supernae
1791 1715 2096 1785 sapientiae,

2208 527 2342 596 ἡμῖν
2373 523 2740 590 ὑποδέξασθαι
2759 565 2774 590 ,
2817 527 2910 580 καὶ
2943 527 3220 592 οὺσιωδῶς
3255 531 3657 585 εἱσοικίσασθαι
3679 549 3697 564 ’
3726 533 3808 596 ὡς

2205 617 2368 686 ἄρτον
2422 617 2519 686 μὲν
2563 616 2912 686 ἐσθιόμενον,
2954 617 3030 682 ὡς
3053 619 3308 688 ἀμνὸν.δέ
3339 619 3651 690 νοούμενον.
3689 625 3810 676 Κάν-

2205 709 2402 762 κείνων
2429 709 2497 762 τὰ
2533 709 2626 762 ἴσα
2651 710 2865 776 παθεῖν,
2896 703 2970 763 ὧν
2999 712 3058 763 ἐν
3098 711 3454 780 Εὑαγγελίοις
3481 715 3516 783 ἡ
3547 713 3806 784 θεολόγος

2205 801 2524 872 ἐπεμνήσθη
2558 800 2773 874 βροντή.

2275 979 2414 1048 Φησὶ
2453 979 2599 1050 γάρ·
2633 997 2652 1031 ι
2711 980 2789 1050 Τῇ
2851 981 3118 1051 ἐπαύριον
3163 983 3342 1054 (δῆλον
3389 984 3446 1038 δὲ
3496 987 3642 1056 μετὰ
3695 989 3808 1060 τὴν

2204 1072 2298 1124 ἐπὶ
2341 1071 2580 1144 Λαζάρῳ
2633 1073 3088 1144 παραδειχθείσαν
3123 1075 3216 1128 ὑπ’
3253 1077 3420 1132 αὑτοῦ
3468 1078 3808 1154 θεουργὶιιν)

2204 1162 2360 1232 ὄχλος
2407 1165 2574 1226 πολὺς
2610 1165 2638 1215 6
2679 1163 2853 1217 ἐλθὼν
2917 1168 2998 1228 είς
3055 1165 3157 1237 τὴν
3207 1169 3424 1240 ἑορτὴν,
3458 1172 3808 1238 ἀκούσαντες

2203 1255 2284 1307 ὅτι
2311 1255 2517 1325 Ἰησοῦς
2546 1255 2767 1326 ἔρχεται
2811 1259 2892 1320 εἰς
2917 1257 3286 1330 Ἰεροσόλυμα,
3335 1261 3531 1316 ἔλαϐον
3565 1265 3634 1318 τὰ
3665 1264 3810 1334 βαΐα

2203 1347 2312 1398 τῶν
2335 1347 2612 1414 φοινίκων,
2652 1349 2748 1400 καὶ
2773 1345 3004 1415 ἐξῆλθον
3042 1349 3122 1412 εἰς
3155 1351 3462 1423 ἀπάντησιν
3487 1353 3661 1424 αὐτῷ,
3706 1358 3810 1409 καὶ

2204 1438 2438 1510 ἔκραζον
2471 1440 2720 1508 λέγοντες
2742 1457 2756 1470 ·
2790 1459 2809 1490 ι
2833 1441 3066 1496 Ὡσαννὰ
3091 1445 3148 1496 ἐν
3179 1447 3290 1508 τοῖς
3323 1446 3576 1516 ὑψίστοις
3599 1461 3616 1478 ⁸
3647 1448 3810 1503 εὐλο-

2204 1531 2442 1601 γημένος
2471 1534 2500 1585 6
2540 1531 2833 1602 ἐρχόμενος
2881 1534 2940 1586 ἐν
2975 1535 3202 1607 ὀνόματι
3250 1539 3456 1608 Κυρίου
3479 1579 3496 1602 ,
3527 1539 3808 1607 Βασιλεὺς

2216 1623 2451 1694 Ἰσραήλ.
2489 1643 2506 1675 ι
2539 1623 2710 1678 Βαῦαὶ
2735 1629 2836 1695 τῆς
2861 1629 3184 1700 ὑμνήσεωςί
3217 1629 3391 1682 Mal
3425 1631 3526 1702 τῆς
3565 1649 3810 1702 συμφω-

2204 1715 2354 1776 νίαςί
2389 1715 2530 1784 αὕτη
2572 1715 2665 1769 τοῦ
2698 1715 3017 1788 [Ινεύματος
3053 1719 3088 1790 ή
3125 1721 3276 1789 φωνὴ
3298 1733 3312 1747 ·
3350 1717 3493 1790 αὕτη
3523 1721 3628 1791 τῆς
3681 1723 3808 1777 ἂνω

515 1827 631 1865 non
665 1811 922 1864 humanae
971 1809 1312 1864 eruditionis
1355 1807 1756 1864 rudimentum.
1805 1805 1940 1860 Nam
1995 1807 2097 1861 etsi

2205 1804 2399 1874 σοφίας
2453 1803 2681 1876 διδαχὴ,
2735 1807 2796 1860 οὐ
2849 1806 2954 1876 τῆς
2999 1809 3149 1862 κάτω
3190 1809 3442 1873 παιδείας
3471 1811 3807 1884 ὑπογραφὴ.

517 1903 724 1970 alioqui
773 1901 1120 1957 dissonantia
1172 1899 1424 1970 quaedam
1478 1900 1788 1966 videbatur,
1825 1901 2100 1955 concinna

515 1995 607 2048 illa
637 2007 770 2048 voce
807 1993 859 2046 iu
894 2001 1100 2046 tantam
1136 1993 1312 2048 scissa
1348 1991 1790 2054 multitudinem;
1829 1992 1974 2045 ltaud
2017 2001 2102 2044 ta-

517 2100 640 2138 men
668 2084 816 2138 aliud
842 2091 926 2137 est
953 2098 1116 2154 quam
1150 2083 1451 2152 prophetae,
1487 2097 1596 2137 nou
1623 2082 1848 2137 elirenis
1872 2083 2100 2137 omnino

514 2177 650 2240 oris,
685 2183 781 2228 aut
810 2175 1414 2244 οοηςι»ἰ1·ιιιίοιιὶε(24).
1453 2173 1532 2229 Ad
1569 2191 1739 2228 unum
1775 2175 1920 2229 enim
1953 2191 2101 2229 cont-

515 2269 778 2339 plendum
839 2282 1152 2347 sermonem
1199 2269 1386 2321 divino
1455 2267 1662 2338 Spiritu
1713 2277 1849 2322 actae
1903 2269 2095 2332 turbae,

513 2377 684 2416 unum
741 2361 1034 2430 theologia:
1091 2361 1369 2414 canticum
1413 2375 1548 2414 voce
1599 2373 1843 2416 consona
1897 2361 2099 2429 praelu-

511 2463 743 2519 serunt;
808 2468 917 2506 non
955 2453 1069 2506 alio
1123 2451 1286 2505 aliam
1341 2452 1628 2507 emittente
1658 2467 1873 2518 vocem,
1907 2453 2001 2507 sed
2041 2459 2098 2506 ut

509 2559 704 2598 omnes
743 2543 953 2612 pariter
985 2541 1295 2608 aequalibus
1328 2540 1562 2596 vocibus
1603 2539 1786 2594 fauste
1823 2539 2098 2594 acclama-

513 2645 660 2695 rent.
691 2636 941 2688 dicentes
973 2653 985 2687 :
1031 2652 1052 2684 ε
1084 2631 1344 2686 Ilosauna
1375 2651 1390 2698 ;
1444 2631 1771 2686 benedictus
1817 2633 1911 2701 qui
1945 2633 2098 2688 venit

513 2730 570 2781 in
610 2729 832 2781 nomine
875 2726 1117 2790 Domini,
1174 2723 1292 2779 Rex
1327 2724 1519 2780 Israel.
1557 2744 1576 2776 ι
1629 2725 1790 2781 Velut
1820 2725 2095 2791 dicerent,

509 2818 660 2888 quod
698 2818 854 2888 prius
889 2816 1196 2871 Nathanael
1226 2817 1503 2887 Philippo,
1538 2817 1628 2871 ubi
1663 2817 1715 2872 ei
1750 2817 2096 2874 ostendisset

511 2912 802 2966 Christum
865 2925 974 2964 non
1030 2910 1396 2978 prophetans,
1455 2911 1548 2964 sed
1589 2924 1713 2964 vera
1743 2912 2092 2966 enuntiaus:

519 3023 538 3054 ‹
567 3001 762 3068 Rahbi,
805 3009 862 3056 tu
889 3018 950 3057 es
982 3001 1156 3055 Filios
1186 3000 1278 3054 Dei
1308 3042 1322 3063 ,
1361 3011 1419 3054 tu
1448 3015 1511 3054 es
1542 3001 1649 3054 Rex
1688 3001 1852 3056 Israel
1881 3009 1930 3053 η.
1971 3019 1988 3052 ι

588 3093 839 3149 Vidistiu’
913 3101 1118 3163 quanta
1184 3092 1424 3160 Spiritus
1510 3092 1768 3146 tribuat?
1835 3091 2090 3148 Vidistin’

513 3195 718 3255 quanta
769 3187 1039 3256 largiatur
1098 3185 1322 3254 pueris,
1399 3184 1767 3252 legislatorem
1817 3201 1984 3255 agens
2031 3201 2096 3240 ac

515 3280 722 3331 docens
755 3292 876 3346 qua:
915 3291 1025 3330 non
1060 3274 1425 3330 didicissent?
1466 3274 1599 3331 Vide
1629 3285 1683 3330 ct
1714 3276 1917 3332 idiotas
1950 3279 2100 3332 viros

517 3367 734 3435 majori,
771 3382 934 3437 quam
965 3368 1210 3422 oratoria
1261 3367 1438 3436 possit
1471 3367 1678 3437 parari,
1723 3368 1954 3421 scientia
2001 3367 2101 3421 do-

517 3470 712 3521 natos;
743 3475 906 3515 senes
946 3467 1155 3522 autem,
1207 3460 1300 3528 qui
1347 3474 1459 3527 pra:
1495 3460 1768 3528 sapientia
1814 3459 2103 3528 multaque

511 3553 826 3606 eruditione
881 3553 1058 3605 altum
1086 3551 1402 3619 sapicbant,
1453 3551 1773 3620 insipientes
1808 3549 2099 3620 derepente

512 3654 771 3700 ostensos
813 3653 867 3698 et
929 3643 1027 3712 qui
1081 3643 1221 3710 legis
1279 3641 1538 3695 Mosaiem
1586 3653 1836 3711 expertes
1884 3653 2096 3697 essent.

517 3735 652 3788 I‘Ium
709 3735 896 3802 itaque
941 3733 1123 3802 ipsum
1170 3733 1562 3801 iuterrogaluri
1603 3733 1880 3787 adierunt.
1916 3735 2097 3798 Quor-

513 3841 640 3879 sum
673 3824 740 3878 ad
784 3831 993 3878 tantam
1027 3825 1380 3878 devenerunt
1425 3823 1756 3887 caecitatem,
1807 3833 1866 3877 ut
1920 3840 2095 3894 neque

514 3917 660 3970 sicut
691 3915 842 3984 pueri
875 3922 1159 3984 saperent,
1194 3929 1374 3984 neque
1414 3915 1563 3968 velut
1592 3915 1694 3968 viri
1730 3915 1902 3972 rudes
1947 3917 2094 3971 litte-

513 4023 724 4070 rarum,
767 4007 1016 4062 veritatis
1063 4008 1247 4061 lumen
1284 4006 1668 4075 dispicerent?
1715 4005 1848 4060 Nam
1899 4007 2090 4070 dicite,

513 4114 546 4150 υ
587 4098 814 4154 hebetes
841 4105 896 4153 et
934 4099 1101 4164 tardi,
1144 4098 1290 4168 unde
1323 4105 1474 4151 tanta
1507 4099 1619 4152 haec
1651 4100 1922 4167 sapientia
1957 4115 2092 4154 cou-

507 4205 669 4246 cessa
701 4189 1006 4244 infantibus
1052 4191 1286 4244 necdum
1340 4191 1644 4244 scientibus
1692 4192 1750 4246 in
1784 4194 1949 4246 verba
1981 4193 2094 4246 for-

510 4297 664 4334 mare
711 4281 994 4350 linguam?
1026 4279 1184 4334 Unde
1221 4281 1402 4335 turbis
1454 4282 1622 4336 insita
1673 4283 1964 4353 theologia:
2005 4301 2090 4339 sa-

509 4371 834 4425 cramenta?
883 4370 1022 4425 Cum
1081 4372 1298 4438 angelis
1350 4372 1718 4428 decantarunt
1773 4377 2088 4447 angelorum

2209 1896 2280 1949 "H
2305 1896 2346 1926 “
2379 1898 2488 1968 γὰρ
2525 1895 2590 1948 ἂν
2629 1897 2722 1950 καὶ
2755 1896 3023 1966 διαφωνία
3050 1915 3137 1961 τις
3165 1898 3464 1968 ἐνομίζετο,
3497 1900 3599 1970 τῆς
3634 1903 3813 1971 ἐναρ-

2207 1988 2391 2060 μονίου
2432 1989 2567 2060 πρὸς
2610 1989 2883 2062 τοσαύτης
2929 1989 3168 2057 πληθύος
3203 1990 3650 2062 ἀποσχιζομένης
3680 2010 3808 2062 φω-

2203 2081 2321 2151 νῆς,
2356 2082 2457 2134 οὐκ
2493 2081 2644 2134 ἔστιν
2671 2081 2834 2151 αὕτη,
2883 2080 3056 2152 ἀλλ’ἢ
3111 2082 3481 2152 προφητείας,
3525 2083 3590 2135 οὐ
3625 2083 3809 2136 καθαο

2203 2173 2497 2244 ροστομίας
2539 2171 2584 2203 ⁸³
2631 2172 2664 2242 ἢ
2712 2172 3063 2243 ’συμφωνίας.
3131 2173 3228 2236 Εἰς
3289 2171 3398 2242 γὰρ
3452 2173 3575 2236 ἐνὸς
3634 2169 3806 2241 λόγου

2204 2262 2602 2333 συμπλήρωσιν
2649 2261 3138 2333 πνευματωθέντες
3172 2263 3223 2316 oi
3271 2261 3443 2332 ὄχλοι,
3499 2263 3634 2333 μίαν
3661 2265 3805 2333 ὁμό-

2201 2371 2378 2423 φωνον
2405 2355 2503 2422 τῆς
2538 2353 2816 2422 θεολογίας
2851 2353 2997 2424 ᾠδὴν
3034 2353 3458 2425 ἀνεκρούσαντο,
3503 2354 3608 2408 οὐκ
3635 2354 3804 2419 ἄλλος

2198 2445 2368 2516 ἄλλην
2393 2447 2719 2515 ἐπαφιέντες
2740 2449 2943 2516 φωνὴν,
2973 2447 3088 2500 ἀλλ’
3103 2447 3224 2518 ἴσην
3243 2445 3379 2510 ῐσοις
3397 2449 3511 2510 τοῖς
3533 2447 3803 2515 φθόγγοις

2197 2537 2294 2607 τὴν
2319 2539 2594 2607 εὐφημίαν
2627 2537 3021 2608 ἐπιϐοώμενοι,
3053 2555 3074 2588 ι
3113 2537 3360 2602 Ὡσαννὰ,
3399 2537 3667 2606 λέγοντες,
3699 2539 3801 2590 εὖ·

2199 2629 2501 2699 λογημένος
2527 2631 2554 2682 6
2578 2630 2872 2698 ἐρχόμενος
2900 2630 2956 2682 ἐν
2991 2630 3215 2709 ρνόματι
3250 2629 3480 2700 Κυρίου,
3526 2629 3800 2695 Βασιλεὺς

2197 2721 2292 2775 τοῦ
2328 2723 2569 2792 Ἰσραήλ.
2603 2740 2623 2772 ι
2659 2723 2876 2776 Ὠσανεὶ
2905 2721 3112 2789 ἔλεγον,
3158 2722 3294 2792 ὅπερ
3323 2719 3625 2790 Ναθαναὴλ
3659 2720 3800 2789 πρό.

2196 2831 2354 2882 τερον
2390 2815 2641 2884 Φιλίππῳ
2689 2815 2779 2868 τὸν
2829 2813 3063 2886 Χριστὸν
3103 2813 3253 2885 αύτῷ
3297 2813 3575 2878 δείξαντος
3604 2813 3671 2876 ⁸³,
3729 2815 3794 2867 οὐ

2197 2905 2574 2974 προφητεύων,
2610 2906 2745 2960 ἀλλὰ
2785 2907 3098 2976 ἀληθεύωνο
3138 2909 3364 2974 Ῥαθσὶ,
3414 2910 3480 2963 σὺ
3510 2904 3562 2962 si
3600 2911 3631 2964 6
3661 2909 3798 2974 Υἱὸς

2195 2995 2293 3048 τοῦ
2319 2996 2452 3050 Θεοῦ
2476 3013 2489 3027 ·
2528 2998 2593 3050 σὺ
2628 2993 2678 3050 εἶ
2708 3000 2736 3049 6
2772 2999 3036 3061 Βασιλεὺς
3057 2997 3154 3052 τοῦ
3186 3001 3427 3070 Ἰσραήλ.
3465 3020 3485 3053 ι

2269 3085 2426 3151 Εἶδες
2471 3089 2573 3142 ὃσα
2605 3089 2666 3141 τὸ
2706 3089 2933 3159 Πνεῦμα
2960 3089 3217 3156 δίδωσινς
3253 3088 3409 3156 Εἶδες
3437 3087 3530 3147 οἷα
3563 3095 3797 3166 νηπίοις

2201 3181 2488 3252 χαρίζεται
2504 3179 2813 3248 νομοθετῶν
2838 3182 2934 3234 καὶ
2954 3181 3222 3236 διδάσκων
3246 3183 3283 3238 ἃ
3311 3185 3389 3254 μὴ
3419 3187 3794 3258 μεμάθηκαν;

2205 3273 2348 3344 Ὅρα
2372 3275 2466 3325 καὶ
2505 3271 2718 3334 ἰδιώτας
2739 3271 2939 3344 ἄνδρας
2971 3273 3278 3344 κρείττονος
3305 3274 3340 3345 ἢ
3381 3275 3528 3329 κατά
3552 3279 3798 3350 ῥήτορας

2199 3362 2557 3430 ἀξιουμένους
2597 3359 2874 3429 γνώσεως,
2921 3362 3188 3435 γέροντας
3225 3363 3283 3416 δὲ
3331 3367 3446 3431 τοῖς
3488 3368 3583 3422 ἐπὶ
3628 3370 3796 3442 coast;

2201 3457 2295 3508 καὶ
2323 3454 2639 3526 πολυμαθία
2669 3455 2890 3524 μεγάλα,
2911 3455 3264 3527 φρονοῦντας.
3292 3458 3558 3528 ἀπείρους
3585 3461 3794 3530 αῑφνης

2199 3548 2610 3617 ἐλεγχομένους,
2669 3549 2764 3600 καὶ
2815 3547 2997 3617 νόμων
3051 3549 3424 3622 ἀμοιροῦντας
3477 3553 3790 3618 Μωῦσέως.

2197 3635 2402 3694 Ἶίλθον
2445 3638 2624 3692 τοίνυν
2666 3638 2830 3692 αὑτὸν
2871 3641 3079 3692 ἐκεῖνον
3124 3641 3412 3712 διερωτᾷνν
3470 3643 3619 3696 Ἀνθ’
3662 3647 3792 3699 ὅτου

2199 3733 2336 3803 πρὸς
2367 3732 2624 3784 τοσοῦτον
2647 3731 2974 3802 τυφλώσεως
3005 3733 3236 3803 ᾕλασαν,
3267 3735 3378 3806 ὅσῳ
3403 3737 3542 3807 μηδὲ
3571 3739 3791 3808 νηπίων

2199 3827 2290 3878 ἴσα
2351 3827 2650 3895 σωφρονεῖν
2709 3825 3006 3891 δύναᾶθαι,
3079 3827 3215 3897 μηδὲ
3275 3828 3490 3898 ἀνδρῶν
3550 3829 3790 3900 ἀμαθῶν

2195 3917 2398 3986 ὁμοίως
2421 3915 2705 3986 ὄιαΰλέψαι
2731 3917 2830 3986 τῆς
2852 3917 3110 3987 ἀληθείας
3138 3917 3200 3971 τὸ
3229 3918 3380 3988 φῶςς
3413 3918 3623 3972 Εἴπατε
3652 3920 3785 3991 γὰρ,

2195 4001 2239 4060 ὦ
2272 4009 2486 4072 νωθείς,
2535 4008 2702 4062 πόθεν
2749 4011 2782 4078 ἡ
2829 4007 3056 4078 τοιαύτη
3096 4008 3262 4080 σοφία
3309 4009 3573 4081 βρέφεσι.
3613 4013 3790 4082 μήπω

2193 4100 2483 4172 διαρθροῦν
2529 4100 2628 4171 τὴν
2662 4099 2920 4167 γλῶσσαν
2961 4098 3368 4170 δεδιδαγμένοις
3412 4103 3784 4172 κεχάρισταις

2196 4191 2366 4245 Πόθεν
2399 4194 2514 4252 τοῖς
2550 4189 2727 4260 όχλοις
2769 4191 2838 4242 τὰ
2885 4191 2984 4261 τῆς
3017 4188 3297 4259 θεολογίας
3337 4193 3624 4263 ἐνεσπάρη
3679 4211 3788 4264 μυ-

2197 4285 2421 4354 στήριας
2461 4283 2603 4352 μετὰ
2626 4283 2736 4334 τῶν
2761 4281 3012 4350 ἀγγέλων
3029 4283 3097 4334 τὰ
3113 4269 3221 4334 τῶν
3237 4281 3504 4350 ,ἀγγέλων
3537 4279 3636 4336 ἁδύ
3646 4301 3788 4354 μνη-

2195 4391 2293 4427 σαν
2316 4391 2328 4402 ·
2369 4373 2507 4443 μετὰ
2535 4372 2646 4426 τῶν
2669 4373 2952 4443 Χερουϐὶμ
2983 4373 3238 4440 ἐδόξασαν
3258 4391 3270 4403 ·
3311 4374 3450 4444 μετὰ
3471 4375 3584 4428 τῶν
3610 4376 3783 4446 Σερα-

507 4463 746 4528 cantica,
792 4461 1250 4531 glorificaverunt
1291 4478 1416 4516 cum
1460 4464 1778 4530 Cherubim,
1817 4482 1943 4520 cum
1992 4468 2091 4523 Sc-

2204 4465 2308 4534 φὶμ
2356 4465 2577 4536 ᾔνεσαν,
2631 4463 2704 4516 ού.
2728 4464 2998 4532 πυρίνοις,
3051 4463 3302 4534 πηλίνοις
3358 4464 3416 4517 δὲ
3445 4465 3654 4536 χείλεσι
3685 4465 3782 4520 τὸν

511 4555 724 4624 raphiln
773 4553 1160 4614 laudavcruut,
1201 4569 1309 4606 non
1361 4554 1560 4624 igneis,
1593 4557 1689 4610 sed
1721 4557 1886 4613 luteis
1929 4558 2088 4614 labiis

2204 4557 2427 4632 φοβερὸν
2487 4557 2692 4609 ἐκεῖνον
2761 4557 2931 4622 ὕμνον
2987 4555 3514 4625 προσανατείναντες
3570 4557 3651 4627 τῷ
3706 4559 3780 4611 δι’

509 4645 760 4700 terribile
804 4643 942 4698 illud
979 4645 1258 4704 canticum
1310 4645 1358 4698 ei
1408 4646 1823 4715 submittentcs,
1875 4650 1968 4720 qui
2019 4651 2086 4705 ad

2204 4652 2340 4722 ἡμᾶς
2383 4645 2588 4703 ἀνωθεν
2632 4651 2769 4720 πρδς
2813 4650 2962 4719 ἡμᾶς
3005 4647 3238 4714 ἐλθόντι,
3281 4648 3376 4701 τὸν
3425 4649 3567 4718 ὑπὲρ
3619 4648 3781 4720 ἡμῶν

511 4753 615 4792 nos
659 4736 727 4790 de
766 4738 923 4792 cmlis
975 4752 1075 4806 pro
1127 4737 1292 4792 nobis
1345 4751 1410 4790 ac
1459 4740 1632 4794 nostri
1679 4739 1800 4794 loco
1856 4751 2086 4796 mortem

2204 4743 2309 4796 ἐνθ’
2342 4743 2498 4812 ἡμῶν
2525 4742 2932 4814 ὑποστήσεσθαι
2969 4741 3218 4796 θάνατον.
3251 4741 3318 4795 Τί
3345 4742 3402 4794 δὲ
3434 4743 3529 4795 καὶ
3554 4743 3778 4810 ἑλεγον;

511 4826 804 4894 subiturus
865 4827 1035 4880 venit.
1103 4825 1244 4891 Quid
1312 4827 1594 4881 enimvero
1656 4829 2095 4896 loquebantur?

2204 4853 2216 4885 I
2266 4833 2500 4886 Ὡσαννὰ
2527 4835 2585 4886 ἐν
2621 4835 2734 4896 τοῖς
2766 4833 3044 4903 ὑψίστοις·
3089 4832 3455 4902 εὐλογημένος
3477 4833 3508 4886 6
3546 4833 3780 4905 ἐρχόμε-

514 4933 536 4966 ι
574 4913 834 4970 llosanna
879 4915 933 4970 in
967 4916 1254 4972 altissimis
1289 4933 1302 4970 :
1341 4917 1671 4973 benedictus
1709 4920 1802 4986 qui
1845 4921 1995 4975 venit
2030 4923 2086 4976 in

2204 4940 2281 4987 ro;
2329 4927 2386 4976 ἐν
2439 4923 2666 4996 ὀνόματι
2713 4924 2946 4996 Κυρίου.
2991 4942 3011 4975 ι
3082 4923 3316 4986 Βλέπεις
3361 4925 3778 4994 οὖραεωθόντας

584 5105 626 5134 ιιι
661 5093 825 5148 Joan.
888 5095 1222 5162 xu,l9.,l'.5.ll
1251 5093 1412 5149 Joan.
1459 5112 1496 5160 I,
1527 5095 1618 5150 49.

1793 5184 1832 5238 V
1848 5185 2034 5240 AIlI/E
2064 5184 2358 5242 LICCTION
2369 5188 2470 5242 ES.

1074 5276 1119 5309 δ’
1149 5274 1314 5331 Forte
1347 5277 1812 5350 ἁκρατοοτομίας.
1887 5276 1932 5310 ’⁵³
1962 5276 2122 5332 Forte
2151 5277 2403 5343 δείξαντι.

1783 5367 2171 5424 COMBEFISII
2217 5371 2448 5428 ΝΟΤΕ.

581 5467 710 5546 (ει),
737 5465 792 5520 Ν
797 5485 861 5522 οη
893 5467 1105 5546 eﬂ’reuig
1133 5469 1346 5523 omnino
1374 5469 1488 5546 oris
1515 5477 1608 5546 qui
1647 5467 2078 5546 conspirationis.
2187 5477 2400 5546 nitatem
2441 5470 2590 5540 loqui
2611 5479 2838 5546 possent
2867 5489 2880 5525 :
2927 5488 2990 5530 ac
3011 5487 3190 5544 neque
3226 5490 3418 5546 eorum
3441 5475 3540 5546 qui
3573 5477 3631 5534 in
3655 5493 3774 5535 eam

517 5539 1106 5614 οὺκαθαροστομίαςῆ
1136 5538 1700 5614 συμφωνίαςκιῗτίιιιο
1745 5553 1846 5591 vox
1888 5547 1972 5590 est
1998 5537 2082 5590 iu-
2188 5537 2628 5614 conspirassmtt;
2659 5545 2908 5614 necdum
2963 5537 3178 5599 maturo
3207 5545 3273 5600 ad
3318 5537 3598 5614 ejusmodi
3639 5565 3774 5604 eon-

515 5607 828 5688 su..-ntior..
855 5607 1278 5669 Videtur-melle,
1321 5627 1426 5689 non
1479 5609 1650 5689 fuisse
1705 5623 1822 5660 cam
1861 5622 2077 5668 vocem,
2188 5607 2630 5689 siliumjudicio.
2659 5612 2942 5670 Videndus
2987 5616 3226 5672 Method.
3266 5607 3442 5680 εἰς’τὰ
3459 5616 3601 5689 βαΐα
3627 5622 3776 5676 circa

514 5691 700 5726 eorum
741 5677 832 5750 qui
865 5693 971 5750 non
1013 5689 1233 5746 possent
1254 5680 1539 5750 continere
1573 5678 1832 5746 linguam,
1873 5689 2082 5730 esseut-
2189 5681 2290 5736 hoc
2325 5677 2634 5750 argument.

518 5756 619 5808 quc
648 5747 870 5798 otu'nino
895 5745 1126 5802 eﬂ‘rénes
1176 5749 1240 5800 ad
1278 5747 1631 5816 loquendum,
1659 5745 1800 5800 ’cutn
1848 5762 1947 5800 nec
1988 5761 2080 5816 per

621 5278 664 5310 δι
697 5276 862 5334 Forte
887 5243 958 5330 εί.
