  <div class='ocr_page' id='page_1' title='image "/cluster/home/n/w/nwhite01/storage/ocr_20150623/97/mdp.39015041892756/498.png"; bbox 0 0 4016 6130; ppageno 0'>
   <div class='ocr_carea' id='block_1_1' title="bbox 271 355 3526 432">
    <p class='ocr_par' dir='ltr' id='par_1_1' title="bbox 271 355 3526 432">
     <span class='ocr_line' id='line_1_1' title="bbox 271 355 3526 432; baseline 0 -13"><span class='ocrx_word' id='word_1_1' title='bbox 271 365 382 432; x_wconf 66' lang='lat'><strong>997</strong></span> <span class='ocrx_word' id='word_1_2' title='bbox 1511 355 1588 420; x_wconf 61' lang='grc' dir='ltr'><strong>ΙΝ</strong></span> <span class='ocrx_word' id='word_1_3' title='bbox 1629 357 1885 419; x_wconf 69' lang='lat' dir='ltr'><strong>II&#39;AMOS</strong></span> <span class='ocrx_word' id='word_1_4' title='bbox 1912 357 2360 421; x_wconf 70' lang='lat' dir='ltr'><strong>PALMARUM.</strong></span> <span class='ocrx_word' id='word_1_5' title='bbox 3419 357 3526 427; x_wconf 76' lang='lat'><strong>998</strong></span> 
     </span>
    </p>
   </div>
   <div class='ocr_carea' id='block_1_2' title="bbox 270 469 1856 551">
    <p class='ocr_par' dir='ltr' id='par_1_2' title="bbox 270 471 1856 551">
     <span class='ocr_line' id='line_1_2' title="bbox 270 471 1856 551; baseline -0.008 -16"><span class='ocrx_word' id='word_1_6' title='bbox 270 483 402 546; x_wconf 78' lang='grc' dir='ltr'>τοὺς</span> <span class='ocrx_word' id='word_1_7' title='bbox 433 479 685 551; x_wconf 75' lang='grc' dir='ltr'><strong>γηγενεῖς</strong></span> <span class='ocrx_word' id='word_1_8' title='bbox 729 477 822 531; x_wconf 74' lang='grc' dir='ltr'><strong>καὶ</strong></span> <span class='ocrx_word' id='word_1_9' title='bbox 866 476 935 531; x_wconf 81' lang='grc' dir='ltr'><strong>τά</strong></span> <span class='ocrx_word' id='word_1_10' title='bbox 970 475 1059 530; x_wconf 81' lang='grc' dir='ltr'><strong>ίσα</strong></span> <span class='ocrx_word' id='word_1_11' title='bbox 1090 477 1198 539; x_wconf 84' lang='grc' dir='ltr'>τοῖς</span> <span class='ocrx_word' id='word_1_12' title='bbox 1243 475 1497 544; x_wconf 64' lang='grc' dir='ltr'>Σεραφὶμ</span> <span class='ocrx_word' id='word_1_13' title='bbox 1543 471 1856 541; x_wconf 83' lang='grc' dir='ltr'>θεολογοῦν-</span> 
     </span>
    </p>
   </div>
   <div class='ocr_carea' id='block_1_3' title="bbox 1942 469 3528 551">
    <p class='ocr_par' dir='ltr' id='par_1_3' title="bbox 1964 469 3528 543">
     <span class='ocr_line' id='line_1_3' title="bbox 1964 469 3528 543; baseline 0.005 -20"><span class='ocrx_word' id='word_1_14' title='bbox 1964 473 2185 526; x_wconf 88' lang='lat' dir='ltr'><strong>nomine</strong></span> <span class='ocrx_word' id='word_1_15' title='bbox 2235 469 2450 525; x_wconf 84' lang='lat' dir='ltr'><strong>Domini</strong></span> <span class='ocrx_word' id='word_1_16' title='bbox 2491 476 2541 523; x_wconf 90' lang='lat'><strong>°.</strong></span> <span class='ocrx_word' id='word_1_17' title='bbox 2573 487 2592 522; x_wconf 75' lang='grc' dir='ltr'><strong>ι</strong></span> <span class='ocrx_word' id='word_1_18' title='bbox 2630 469 2796 526; x_wconf 77' lang='lat' dir='ltr'><strong>Vides</strong></span> <span class='ocrx_word' id='word_1_19' title='bbox 2843 481 2902 525; x_wconf 83' lang='lat' dir='ltr'><strong>ut</strong></span> <span class='ocrx_word' id='word_1_20' title='bbox 2945 471 3230 543; x_wconf 73' lang='lat' dir='ltr'><strong>terrigenae</strong></span> <span class='ocrx_word' id='word_1_21' title='bbox 3277 474 3528 531; x_wconf 72' lang='lat' dir='ltr'><strong>emlestes</strong></span> 
     </span>
    </p>
   </div>
   <div class='ocr_carea' id='block_1_4' title="bbox 270 555 1856 640">
    <p class='ocr_par' dir='ltr' id='par_1_4' title="bbox 270 565 1852 640">
     <span class='ocr_line' id='line_1_4' title="bbox 270 565 1852 640; baseline -0.006 -14"><span class='ocrx_word' id='word_1_22' title='bbox 270 589 410 638; x_wconf 84' lang='grc' dir='ltr'>τας;</span> <span class='ocrx_word' id='word_1_23' title='bbox 445 571 630 626; x_wconf 72' lang='grc' dir='ltr'>Καὶτί</span> <span class='ocrx_word' id='word_1_24' title='bbox 676 568 786 640; x_wconf 79' lang='grc' dir='ltr'><strong>γάρ</strong></span> <span class='ocrx_word' id='word_1_25' title='bbox 827 567 1260 639; x_wconf 74' lang='grc' dir='ltr'><strong>παραδοξότερον</strong></span> <span class='ocrx_word' id='word_1_26' title='bbox 1285 565 1381 619; x_wconf 88' lang='grc' dir='ltr'><strong>τοῦ</strong></span> <span class='ocrx_word' id='word_1_27' title='bbox 1421 565 1521 636; x_wconf 83' lang='grc' dir='ltr'>τὴν</span> <span class='ocrx_word' id='word_1_28' title='bbox 1552 565 1852 634; x_wconf 67' lang='grc' dir='ltr'>ἔμιρρικτον</span> 
     </span>
    </p>
   </div>
   <div class='ocr_carea' id='block_1_5' title="bbox 1943 555 3529 640">
    <p class='ocr_par' dir='ltr' id='par_1_5' title="bbox 1956 555 3529 634">
     <span class='ocr_line' id='line_1_5' title="bbox 1956 555 3529 634; baseline 0.003 -19"><span class='ocrx_word' id='word_1_29' title='bbox 1956 561 2256 625; x_wconf 83' lang='lat' dir='ltr'><strong>evaserint,</strong></span> <span class='ocrx_word' id='word_1_30' title='bbox 2288 575 2390 615; x_wconf 92' lang='lat' dir='ltr'><strong>nec</strong></span> <span class='ocrx_word' id='word_1_31' title='bbox 2422 561 2664 628; x_wconf 86' lang='lat' dir='ltr'><strong>impares</strong></span> <span class='ocrx_word' id='word_1_32' title='bbox 2691 555 3003 632; x_wconf 86' lang='lat' dir='ltr'><strong>Seraphim,</strong></span> <span class='ocrx_word' id='word_1_33' title='bbox 3037 563 3226 619; x_wconf 73' lang='lat' dir='ltr'><strong>divina</strong></span> <span class='ocrx_word' id='word_1_34' title='bbox 3261 576 3529 634; x_wconf 86' lang='lat' dir='ltr'><strong>eloquan-</strong></span> 
     </span>
    </p>
   </div>
   <div class='ocr_carea' id='block_1_6' title="bbox 271 652 1857 734">
    <p class='ocr_par' dir='ltr' id='par_1_6' title="bbox 271 655 1854 734">
     <span class='ocr_line' id='line_1_6' title="bbox 271 655 1854 734; baseline -0.003 -18"><span class='ocrx_word' id='word_1_35' title='bbox 271 665 496 734; x_wconf 77' lang='grc' dir='ltr'>ἐκείνην</span> <span class='ocrx_word' id='word_1_36' title='bbox 526 660 889 732; x_wconf 81' lang='grc' dir='ltr'>ἐκφαντορίαν</span> <span class='ocrx_word' id='word_1_37' title='bbox 917 661 1008 712; x_wconf 76' lang='grc' dir='ltr'><strong>ἐπὶ</strong></span> <span class='ocrx_word' id='word_1_38' title='bbox 1038 660 1142 728; x_wconf 82' lang='grc' dir='ltr'>γῆς</span> <span class='ocrx_word' id='word_1_39' title='bbox 1159 655 1288 726; x_wconf 83' lang='grc' dir='ltr'>ᾆσαι</span> <span class='ocrx_word' id='word_1_40' title='bbox 1310 659 1435 721; x_wconf 76' lang='grc' dir='ltr'>τοὺς</span> <span class='ocrx_word' id='word_1_41' title='bbox 1461 658 1694 728; x_wconf 80' lang='grc' dir='ltr'>ἀμαθεῖς</span> <span class='ocrx_word' id='word_1_42' title='bbox 1718 659 1854 728; x_wconf 77' lang='grc' dir='ltr'>μετὰ</span> 
     </span>
    </p>
   </div>
   <div class='ocr_carea' id='block_1_7' title="bbox 1947 652 3533 734">
    <p class='ocr_par' dir='ltr' id='par_1_7' title="bbox 1957 652 3533 728">
     <span class='ocr_line' id='line_1_7' title="bbox 1957 652 3533 728; baseline 0.004 -22"><span class='ocrx_word' id='word_1_43' title='bbox 1957 653 2082 708; x_wconf 87' lang='lat' dir='ltr'><strong>tur?</strong></span> <span class='ocrx_word' id='word_1_44' title='bbox 2121 652 2254 706; x_wconf 80' lang='lat' dir='ltr'><strong>Nam</strong></span> <span class='ocrx_word' id='word_1_45' title='bbox 2281 653 2414 722; x_wconf 90' lang='lat' dir='ltr'><strong>quid</strong></span> <span class='ocrx_word' id='word_1_46' title='bbox 2460 653 2632 722; x_wconf 81' lang='lat' dir='ltr'><strong>magis</strong></span> <span class='ocrx_word' id='word_1_47' title='bbox 2660 669 2864 707; x_wconf 89' lang='lat' dir='ltr'><strong>novum</strong></span> <span class='ocrx_word' id='word_1_48' title='bbox 2895 663 2949 708; x_wconf 89' lang='lat' dir='ltr'><strong>et</strong></span> <span class='ocrx_word' id='word_1_49' title='bbox 2976 655 3245 720; x_wconf 85' lang='lat' dir='ltr'><strong>mirabile,</strong></span> <span class='ocrx_word' id='word_1_50' title='bbox 3281 673 3444 728; x_wconf 86' lang='lat' dir='ltr'><strong>quam</strong></span> <span class='ocrx_word' id='word_1_51' title='bbox 3475 669 3533 712; x_wconf 94' lang='lat' dir='ltr'><strong>ut</strong></span> 
     </span>
    </p>
   </div>
   <div class='ocr_carea' id='block_1_8' title="bbox 270 744 1856 821">
    <p class='ocr_par' dir='ltr' id='par_1_8' title="bbox 270 748 1856 821">
     <span class='ocr_line' id='line_1_8' title="bbox 270 748 1856 821; baseline -0.003 -15"><span class='ocrx_word' id='word_1_52' title='bbox 270 753 373 821; x_wconf 80' lang='grc' dir='ltr'>τῆς</span> <span class='ocrx_word' id='word_1_53' title='bbox 416 753 527 808; x_wconf 80' lang='grc' dir='ltr'><strong>ἀνω</strong></span> <span class='ocrx_word' id='word_1_54' title='bbox 555 750 794 821; x_wconf 84' lang='grc' dir='ltr'>χορείας,</span> <span class='ocrx_word' id='word_1_55' title='bbox 833 751 923 803; x_wconf 80' lang='grc' dir='ltr'>ἴνα</span> <span class='ocrx_word' id='word_1_56' title='bbox 955 751 1048 803; x_wconf 80' lang='grc' dir='ltr'>καὶ</span> <span class='ocrx_word' id='word_1_57' title='bbox 1079 749 1328 817; x_wconf 74' lang='grc' dir='ltr'><strong>ἀγγέλοις</strong></span> <span class='ocrx_word' id='word_1_58' title='bbox 1371 749 1463 800; x_wconf 76' lang='grc' dir='ltr'><strong>ἐπὶ</strong></span> <span class='ocrx_word' id='word_1_59' title='bbox 1494 748 1596 818; x_wconf 82' lang='grc' dir='ltr'>γῆς</span> <span class='ocrx_word' id='word_1_60' title='bbox 1635 765 1856 817; x_wconf 81' lang='grc' dir='ltr'>περιχο-</span> 
     </span>
    </p>
   </div>
   <div class='ocr_carea' id='block_1_9' title="bbox 1945 744 3531 821">
    <p class='ocr_par' dir='ltr' id='par_1_9' title="bbox 1959 744 3531 815">
     <span class='ocr_line' id='line_1_9' title="bbox 1959 744 3531 815; baseline 0.005 -18"><span class='ocrx_word' id='word_1_61' title='bbox 1959 745 2265 799; x_wconf 81' lang='lat' dir='ltr'><strong>lilterarum</strong></span> <span class='ocrx_word' id='word_1_62' title='bbox 2313 744 2477 800; x_wconf 84' lang='lat' dir='ltr'><strong>rudes</strong></span> <span class='ocrx_word' id='word_1_63' title='bbox 2511 760 2620 798; x_wconf 88' lang='lat' dir='ltr'><strong>una</strong></span> <span class='ocrx_word' id='word_1_64' title='bbox 2651 761 2776 800; x_wconf 89' lang='lat' dir='ltr'><strong>cum</strong></span> <span class='ocrx_word' id='word_1_65' title='bbox 2827 747 3038 802; x_wconf 84' lang='lat' dir='ltr'><strong>caelesti</strong></span> <span class='ocrx_word' id='word_1_66' title='bbox 3065 749 3259 815; x_wconf 85' lang='lat' dir='ltr'><strong>choro,</strong></span> <span class='ocrx_word' id='word_1_67' title='bbox 3303 750 3447 805; x_wconf 88' lang='lat' dir='ltr'><strong>hanc</strong></span> <span class='ocrx_word' id='word_1_68' title='bbox 3476 753 3531 805; x_wconf 91' lang='lat' dir='ltr'><strong>in</strong></span> 
     </span>
    </p>
   </div>
   <div class='ocr_carea' id='block_1_10' title="bbox 276 836 1862 912">
    <p class='ocr_par' dir='ltr' id='par_1_10' title="bbox 276 836 1854 912">
     <span class='ocr_line' id='line_1_10' title="bbox 276 836 1854 912; baseline -0.005 -16"><span class='ocrx_word' id='word_1_69' title='bbox 276 843 509 912; x_wconf 82' lang='grc' dir='ltr'>ρεύωσιν</span> <span class='ocrx_word' id='word_1_70' title='bbox 537 841 816 910; x_wconf 70' lang='grc' dir='ltr'>ἄνθρωποι</span> <span class='ocrx_word' id='word_1_71' title='bbox 844 857 858 901; x_wconf 88' lang='grc'>;</span> <span class='ocrx_word' id='word_1_72' title='bbox 896 839 960 891; x_wconf 89' lang='grc' dir='ltr'><strong>Τί</strong></span> <span class='ocrx_word' id='word_1_73' title='bbox 997 839 1052 891; x_wconf 76' lang='grc' dir='ltr'><strong>δὲ</strong></span> <span class='ocrx_word' id='word_1_74' title='bbox 1095 837 1487 909; x_wconf 81' lang='grc' dir='ltr'>σχετλιώτερον</span> <span class='ocrx_word' id='word_1_75' title='bbox 1511 837 1605 890; x_wconf 88' lang='grc' dir='ltr'><strong>τοῦ</strong></span> <span class='ocrx_word' id='word_1_76' title='bbox 1639 836 1854 905; x_wconf 75' lang='grc' dir='ltr'>κωφεῦ-</span> 
     </span>
    </p>
   </div>
   <div class='ocr_carea' id='block_1_11' title="bbox 1946 836 3532 912">
    <p class='ocr_par' dir='ltr' id='par_1_11' title="bbox 1959 837 3532 898">
     <span class='ocr_line' id='line_1_11' title="bbox 1959 837 3532 898; baseline 0.003 -5"><span class='ocrx_word' id='word_1_77' title='bbox 1959 846 2104 893; x_wconf 87' lang='lat' dir='ltr'><strong>terra</strong></span> <span class='ocrx_word' id='word_1_78' title='bbox 2151 837 2458 892; x_wconf 79' lang='lat' dir='ltr'><strong>terribilem</strong></span> <span class='ocrx_word' id='word_1_79' title='bbox 2497 839 2937 894; x_wconf 86' lang='lat' dir='ltr'><strong>enuntiationem</strong></span> <span class='ocrx_word' id='word_1_80' title='bbox 2981 856 3045 896; x_wconf 89' lang='lat' dir='ltr'><strong>ac</strong></span> <span class='ocrx_word' id='word_1_81' title='bbox 3077 843 3406 896; x_wconf 83' lang='lat' dir='ltr'><strong>sententiam</strong></span> <span class='ocrx_word' id='word_1_82' title='bbox 3437 860 3532 898; x_wconf 89' lang='lat' dir='ltr'><strong>ca-</strong></span> 
     </span>
    </p>
   </div>
   <div class='ocr_carea' id='block_1_12' title="bbox 273 927 1859 1004">
    <p class='ocr_par' dir='ltr' id='par_1_12' title="bbox 273 927 1856 1002">
     <span class='ocr_line' id='line_1_12' title="bbox 273 927 1856 1002; baseline -0.004 -16"><span class='ocrx_word' id='word_1_83' title='bbox 273 951 368 988; x_wconf 87' lang='grc' dir='ltr'><strong>σαι</strong></span> <span class='ocrx_word' id='word_1_84' title='bbox 414 933 552 1002; x_wconf 80' lang='grc' dir='ltr'>πρὸς</span> <span class='ocrx_word' id='word_1_85' title='bbox 598 930 792 996; x_wconf 86' lang='grc' dir='ltr'>ταῦτα,</span> <span class='ocrx_word' id='word_1_86' title='bbox 843 931 938 983; x_wconf 75' lang='grc' dir='ltr'>καὶ</span> <span class='ocrx_word' id='word_1_87' title='bbox 976 929 1112 1002; x_wconf 81' lang='grc' dir='ltr'>πρὸς</span> <span class='ocrx_word' id='word_1_88' title='bbox 1159 929 1218 983; x_wconf 81' lang='grc' dir='ltr'>τὸ</span> <span class='ocrx_word' id='word_1_89' title='bbox 1264 929 1338 1000; x_wconf 84' lang='grc' dir='ltr'>μὴ</span> <span class='ocrx_word' id='word_1_90' title='bbox 1385 927 1714 998; x_wconf 77' lang='grc' dir='ltr'><strong>μεταθέσθαι</strong></span> <span class='ocrx_word' id='word_1_91' title='bbox 1758 935 1856 998; x_wconf 75' lang='grc' dir='ltr'>τὴν</span> 
     </span>
    </p>
   </div>
   <div class='ocr_carea' id='block_1_13' title="bbox 1948 927 3534 1004">
    <p class='ocr_par' dir='ltr' id='par_1_13' title="bbox 1959 929 3534 1004">
     <span class='ocr_line' id='line_1_13' title="bbox 1959 929 3534 1004; baseline 0.006 -22"><span class='ocrx_word' id='word_1_92' title='bbox 1959 937 2115 993; x_wconf 88' lang='lat' dir='ltr'><strong>nant,</strong></span> <span class='ocrx_word' id='word_1_93' title='bbox 2160 937 2218 981; x_wconf 89' lang='lat' dir='ltr'><strong>ut</strong></span> <span class='ocrx_word' id='word_1_94' title='bbox 2266 936 2316 982; x_wconf 88' lang='lat' dir='ltr'><strong>el</strong></span> <span class='ocrx_word' id='word_1_95' title='bbox 2356 929 2612 984; x_wconf 82' lang='lat' dir='ltr'><strong>homines</strong></span> <span class='ocrx_word' id='word_1_96' title='bbox 2663 931 2875 984; x_wconf 83' lang='lat' dir='ltr'><strong>mixtim</strong></span> <span class='ocrx_word' id='word_1_97' title='bbox 2921 934 3133 1000; x_wconf 83' lang='lat' dir='ltr'><strong>angelis</strong></span> <span class='ocrx_word' id='word_1_98' title='bbox 3190 935 3534 1004; x_wconf 82' lang='lat' dir='ltr'><strong>tripudicnt?</strong></span> 
     </span>
    </p>
   </div>
   <div class='ocr_carea' id='block_1_14' title="bbox 273 1017 1859 1094">
    <p class='ocr_par' dir='ltr' id='par_1_14' title="bbox 273 1020 1856 1094">
     <span class='ocr_line' id='line_1_14' title="bbox 273 1020 1856 1094; baseline -0.003 -15"><span class='ocrx_word' id='word_1_99' title='bbox 273 1025 576 1094; x_wconf 79' lang='grc' dir='ltr'>άϐλεψίαν,</span> <span class='ocrx_word' id='word_1_100' title='bbox 627 1021 955 1094; x_wconf 82' lang='grc' dir='ltr'>προσλαϐεῖν</span> <span class='ocrx_word' id='word_1_101' title='bbox 1008 1023 1104 1076; x_wconf 76' lang='grc' dir='ltr'><strong>καὶ</strong></span> <span class='ocrx_word' id='word_1_102' title='bbox 1161 1021 1260 1092; x_wconf 85' lang='grc' dir='ltr'>τὴν</span> <span class='ocrx_word' id='word_1_103' title='bbox 1322 1021 1632 1090; x_wconf 66' lang='grc' dir='ltr'>τύφλωσιν,</span> <span class='ocrx_word' id='word_1_104' title='bbox 1679 1021 1773 1075; x_wconf 71' lang='grc' dir='ltr'>καὶ</span> <span class='ocrx_word' id='word_1_105' title='bbox 1827 1020 1856 1074; x_wconf 82' lang='grc' dir='ltr'><strong>δ</strong></span> 
     </span>
    </p>
   </div>
   <div class='ocr_carea' id='block_1_15' title="bbox 1951 1017 3537 1094">
    <p class='ocr_par' dir='ltr' id='par_1_15' title="bbox 1957 1017 3537 1092">
     <span class='ocr_line' id='line_1_15' title="bbox 1957 1017 3537 1092; baseline 0.008 -21"><span class='ocrx_word' id='word_1_106' title='bbox 1957 1017 2101 1086; x_wconf 83' lang='lat' dir='ltr'><strong>Quid</strong></span> <span class='ocrx_word' id='word_1_107' title='bbox 2136 1027 2318 1073; x_wconf 89' lang='lat' dir='ltr'><strong>autem</strong></span> <span class='ocrx_word' id='word_1_108' title='bbox 2359 1019 2761 1085; x_wconf 77' lang='lat' dir='ltr'><strong>miserabilius,</strong></span> <span class='ocrx_word' id='word_1_109' title='bbox 2807 1039 2970 1092; x_wconf 85' lang='lat' dir='ltr'><strong>quam</strong></span> <span class='ocrx_word' id='word_1_110' title='bbox 3011 1031 3070 1076; x_wconf 84' lang='lat' dir='ltr'><strong>ut</strong></span> <span class='ocrx_word' id='word_1_111' title='bbox 3115 1024 3183 1078; x_wconf 82' lang='lat' dir='ltr'><strong>ad</strong></span> <span class='ocrx_word' id='word_1_112' title='bbox 3241 1027 3344 1082; x_wconf 83' lang='lat' dir='ltr'><strong>ista</strong></span> <span class='ocrx_word' id='word_1_113' title='bbox 3389 1029 3537 1083; x_wconf 86' lang='lat' dir='ltr'><strong>velut</strong></span> 
     </span>
    </p>
   </div>
   <div class='ocr_carea' id='block_1_16' title="bbox 273 1112 1859 1188">
    <p class='ocr_par' dir='ltr' id='par_1_16' title="bbox 273 1112 1857 1187">
     <span class='ocr_line' id='line_1_16' title="bbox 273 1112 1857 1187; baseline -0.003 -16"><span class='ocrx_word' id='word_1_114' title='bbox 273 1116 470 1171; x_wconf 77' lang='grc' dir='ltr'>τούτου</span> <span class='ocrx_word' id='word_1_115' title='bbox 521 1114 924 1187; x_wconf 82' lang='grc' dir='ltr'>χαλεπώτερον,</span> <span class='ocrx_word' id='word_1_116' title='bbox 979 1112 1115 1183; x_wconf 75' lang='grc' dir='ltr'>πρὸς</span> <span class='ocrx_word' id='word_1_117' title='bbox 1160 1113 1414 1166; x_wconf 79' lang='grc' dir='ltr'>τοσοῦτον</span> <span class='ocrx_word' id='word_1_118' title='bbox 1472 1114 1857 1183; x_wconf 74' lang='grc' dir='ltr'><strong>ἀναισχυντίας</strong></span> 
     </span>
    </p>
   </div>
   <div class='ocr_carea' id='block_1_17' title="bbox 1953 1112 3539 1188">
    <p class='ocr_par' dir='ltr' id='par_1_17' title="bbox 1959 1112 3539 1188">
     <span class='ocr_line' id='line_1_17' title="bbox 1959 1112 3539 1188; baseline 0.007 -22"><span class='ocrx_word' id='word_1_119' title='bbox 1959 1112 2080 1166; x_wconf 86' lang='lat' dir='ltr'><strong>sine</strong></span> <span class='ocrx_word' id='word_1_120' title='bbox 2117 1126 2283 1166; x_wconf 82' lang='lat' dir='ltr'><strong>sensu</strong></span> <span class='ocrx_word' id='word_1_121' title='bbox 2333 1112 2642 1166; x_wconf 87' lang='lat' dir='ltr'><strong>manserint</strong></span> <span class='ocrx_word' id='word_1_122' title='bbox 2685 1112 2822 1184; x_wconf 69' lang='lat'><strong>(&#39;25),</strong></span> <span class='ocrx_word' id='word_1_123' title='bbox 2871 1131 2934 1170; x_wconf 87' lang='lat' dir='ltr'><strong>ac</strong></span> <span class='ocrx_word' id='word_1_124' title='bbox 2983 1117 3181 1171; x_wconf 80' lang='lat' dir='ltr'><strong>nedum</strong></span> <span class='ocrx_word' id='word_1_125' title='bbox 3218 1123 3539 1188; x_wconf 87' lang='lat' dir='ltr'><strong>aperuerint</strong></span> 
     </span>
    </p>
   </div>
   <div class='ocr_carea' id='block_1_18' title="bbox 277 1201 1863 1276">
    <p class='ocr_par' dir='ltr' id='par_1_18' title="bbox 277 1201 1858 1276">
     <span class='ocr_line' id='line_1_18' title="bbox 277 1201 1858 1276; baseline -0.004 -15"><span class='ocrx_word' id='word_1_126' title='bbox 277 1208 520 1276; x_wconf 79' lang='grc' dir='ltr'>φθάσαι,</span> <span class='ocrx_word' id='word_1_127' title='bbox 573 1205 649 1268; x_wconf 82' lang='grc' dir='ltr'>ὡς</span> <span class='ocrx_word' id='word_1_128' title='bbox 706 1209 802 1258; x_wconf 81' lang='grc' dir='ltr'><strong>καὶ</strong></span> <span class='ocrx_word' id='word_1_129' title='bbox 846 1203 1237 1272; x_wconf 77' lang='grc' dir='ltr'>ἀποστομίζειν</span> <span class='ocrx_word' id='word_1_130' title='bbox 1281 1202 1486 1272; x_wconf 77' lang='grc' dir='ltr'>τολμᾷν</span> <span class='ocrx_word' id='word_1_131' title='bbox 1537 1204 1664 1265; x_wconf 77' lang='grc' dir='ltr'>τοὺς</span> <span class='ocrx_word' id='word_1_132' title='bbox 1716 1201 1858 1255; x_wconf 76' lang='grc' dir='ltr'>οὓτω</span> 
     </span>
    </p>
   </div>
   <div class='ocr_carea' id='block_1_19' title="bbox 1955 1201 3541 1276">
    <p class='ocr_par' dir='ltr' id='par_1_19' title="bbox 1959 1201 3541 1268">
     <span class='ocr_line' id='line_1_19' title="bbox 1959 1201 3541 1268; baseline 0.007 -12"><span class='ocrx_word' id='word_1_133' title='bbox 1959 1202 2153 1257; x_wconf 89' lang='lat' dir='ltr'><strong>oculos</strong></span> <span class='ocrx_word' id='word_1_134' title='bbox 2180 1201 2245 1254; x_wconf 90' lang='lat' dir='ltr'><strong>ad</strong></span> <span class='ocrx_word' id='word_1_135' title='bbox 2278 1203 2600 1268; x_wconf 87' lang='lat' dir='ltr'><strong>videndum,</strong></span> <span class='ocrx_word' id='word_1_136' title='bbox 2639 1204 2733 1259; x_wconf 90' lang='lat' dir='ltr'><strong>sed</strong></span> <span class='ocrx_word' id='word_1_137' title='bbox 2761 1215 2814 1260; x_wconf 91' lang='lat' dir='ltr'><strong>et</strong></span> <span class='ocrx_word' id='word_1_138' title='bbox 2858 1207 3161 1262; x_wconf 76' lang='lat' dir='ltr'><strong>caecitatem</strong></span> <span class='ocrx_word' id='word_1_139' title='bbox 3195 1211 3541 1267; x_wconf 85' lang='lat' dir='ltr'><strong>asciverint?</strong></span> 
     </span>
    </p>
   </div>
   <div class='ocr_carea' id='block_1_20' title="bbox 276 1291 1862 1376">
    <p class='ocr_par' dir='ltr' id='par_1_20' title="bbox 276 1291 1858 1366">
     <span class='ocr_line' id='line_1_20' title="bbox 276 1291 1858 1366; baseline -0.005 -14"><span class='ocrx_word' id='word_1_140' title='bbox 276 1299 452 1352; x_wconf 84' lang='grc' dir='ltr'>ταῦτα</span> <span class='ocrx_word' id='word_1_141' title='bbox 482 1297 644 1358; x_wconf 80' lang='grc' dir='ltr'>θείως</span> <span class='ocrx_word' id='word_1_142' title='bbox 676 1295 774 1348; x_wconf 78' lang='grc' dir='ltr'><strong>καὶ</strong></span> <span class='ocrx_word' id='word_1_143' title='bbox 808 1293 1126 1366; x_wconf 70' lang='grc' dir='ltr'>Σεραφικῶς</span> <span class='ocrx_word' id='word_1_144' title='bbox 1158 1291 1603 1362; x_wconf 80' lang='grc' dir='ltr'>ἐξυμνήσαντας;</span> <span class='ocrx_word' id='word_1_145' title='bbox 1642 1310 1662 1342; x_wconf 71' lang='grc' dir='ltr'><strong>ι</strong></span> <span class='ocrx_word' id='word_1_146' title='bbox 1702 1292 1858 1345; x_wconf 80' lang='grc' dir='ltr'><strong>Ἰδόν-</strong></span> 
     </span>
    </p>
   </div>
   <div class='ocr_carea' id='block_1_21' title="bbox 1953 1291 3539 1376">
    <p class='ocr_par' dir='ltr' id='par_1_21' title="bbox 1959 1294 3539 1376">
     <span class='ocr_line' id='line_1_21' title="bbox 1959 1294 3539 1376; baseline 0.008 -29"><span class='ocrx_word' id='word_1_147' title='bbox 1959 1295 2221 1364; x_wconf 84' lang='lat' dir='ltr'><strong>quodque</strong></span> <span class='ocrx_word' id='word_1_148' title='bbox 2261 1295 2446 1350; x_wconf 89' lang='lat' dir='ltr'><strong>adhuc</strong></span> <span class='ocrx_word' id='word_1_149' title='bbox 2479 1297 2705 1366; x_wconf 81' lang='lat' dir='ltr'><strong>gravius</strong></span> <span class='ocrx_word' id='word_1_150' title='bbox 2737 1305 2842 1358; x_wconf 84' lang='lat' dir='ltr'><strong>est.</strong></span> <span class='ocrx_word' id='word_1_151' title='bbox 2879 1314 2946 1353; x_wconf 88' lang='lat' dir='ltr'><strong>eo</strong></span> <span class='ocrx_word' id='word_1_152' title='bbox 2977 1294 3329 1371; x_wconf 82' lang='lat' dir='ltr'><strong>proruperint</strong></span> <span class='ocrx_word' id='word_1_153' title='bbox 3359 1301 3539 1376; x_wconf 85' lang='lat' dir='ltr'><strong>impu-</strong></span> 
     </span>
    </p>
   </div>
   <div class='ocr_carea' id='block_1_22' title="bbox 277 1383 1863 1462">
    <p class='ocr_par' dir='ltr' id='par_1_22' title="bbox 277 1383 1860 1460">
     <span class='ocr_line' id='line_1_22' title="bbox 277 1383 1860 1460; baseline -0.005 -16"><span class='ocrx_word' id='word_1_154' title='bbox 277 1407 373 1454; x_wconf 85' lang='grc' dir='ltr'><strong>τες</strong></span> <span class='ocrx_word' id='word_1_155' title='bbox 402 1391 532 1460; x_wconf 77' lang='grc' dir='ltr'>γὰρ,</span> <span class='ocrx_word' id='word_1_156' title='bbox 568 1387 758 1458; x_wconf 64' lang='grc' dir='ltr'>φησιν,</span> <span class='ocrx_word' id='word_1_157' title='bbox 789 1387 839 1438; x_wconf 75' lang='grc' dir='ltr'>οἱ</span> <span class='ocrx_word' id='word_1_158' title='bbox 869 1387 1147 1457; x_wconf 77' lang='grc' dir='ltr'><strong>ἀρχιερεῖς</strong></span> <span class='ocrx_word' id='word_1_159' title='bbox 1179 1385 1274 1438; x_wconf 70' lang='grc' dir='ltr'><strong>καὶ</strong></span> <span class='ocrx_word' id='word_1_160' title='bbox 1303 1385 1350 1436; x_wconf 80' lang='grc' dir='ltr'>οἱ</span> <span class='ocrx_word' id='word_1_161' title='bbox 1385 1383 1760 1454; x_wconf 84' lang='grc' dir='ltr'>Γραμματεῖς,</span> <span class='ocrx_word' id='word_1_162' title='bbox 1790 1385 1860 1436; x_wconf 71' lang='grc' dir='ltr'>τὰ</span> 
     </span>
    </p>
   </div>
   <div class='ocr_carea' id='block_1_23' title="bbox 1954 1383 3540 1462">
    <p class='ocr_par' dir='ltr' id='par_1_23' title="bbox 1960 1387 3540 1462">
     <span class='ocr_line' id='line_1_23' title="bbox 1960 1387 3540 1462; baseline 0.008 -22"><span class='ocrx_word' id='word_1_163' title='bbox 1960 1387 2183 1450; x_wconf 66' lang='lat' dir='ltr'><strong>dentiaz,</strong></span> <span class='ocrx_word' id='word_1_164' title='bbox 2216 1397 2275 1441; x_wconf 93' lang='lat' dir='ltr'><strong>ut</strong></span> <span class='ocrx_word' id='word_1_165' title='bbox 2308 1388 2392 1442; x_wconf 89' lang='lat' dir='ltr'><strong>vel</strong></span> <span class='ocrx_word' id='word_1_166' title='bbox 2423 1387 2504 1442; x_wconf 89' lang='lat' dir='ltr'><strong>sic</strong></span> <span class='ocrx_word' id='word_1_167' title='bbox 2535 1389 2719 1444; x_wconf 80' lang='lat' dir='ltr'><strong>divine</strong></span> <span class='ocrx_word' id='word_1_168' title='bbox 2754 1405 2819 1444; x_wconf 90' lang='lat' dir='ltr'><strong>ac</strong></span> <span class='ocrx_word' id='word_1_169' title='bbox 2853 1393 3140 1462; x_wconf 89' lang='lat' dir='ltr'><strong>seraphice</strong></span> <span class='ocrx_word' id='word_1_170' title='bbox 3183 1395 3540 1453; x_wconf 84' lang='lat' dir='ltr'><strong>laudantibus</strong></span> 
     </span>
    </p>
   </div>
   <div class='ocr_carea' id='block_1_24' title="bbox 281 1474 1867 1551">
    <p class='ocr_par' dir='ltr' id='par_1_24' title="bbox 281 1474 1860 1551">
     <span class='ocr_line' id='line_1_24' title="bbox 281 1474 1860 1551; baseline -0.004 -16"><span class='ocrx_word' id='word_1_171' title='bbox 281 1481 566 1551; x_wconf 82' lang='grc' dir='ltr'>θαυμάσια</span> <span class='ocrx_word' id='word_1_172' title='bbox 601 1477 639 1532; x_wconf 75' lang='grc' dir='ltr'><strong>ἃ</strong></span> <span class='ocrx_word' id='word_1_173' title='bbox 669 1477 845 1531; x_wconf 80' lang='grc' dir='ltr'>ἐποίει</span> <span class='ocrx_word' id='word_1_174' title='bbox 871 1477 901 1529; x_wconf 77' lang='grc' dir='ltr'><strong>ὁ</strong></span> <span class='ocrx_word' id='word_1_175' title='bbox 941 1474 1168 1546; x_wconf 83' lang='grc' dir='ltr'>Ἰησοῦς,</span> <span class='ocrx_word' id='word_1_176' title='bbox 1212 1477 1306 1528; x_wconf 67' lang='grc' dir='ltr'>καὶ</span> <span class='ocrx_word' id='word_1_177' title='bbox 1338 1477 1464 1539; x_wconf 72' lang='grc' dir='ltr'>τοὺς</span> <span class='ocrx_word' id='word_1_178' title='bbox 1497 1476 1690 1537; x_wconf 76' lang='grc' dir='ltr'>παῖδας</span> <span class='ocrx_word' id='word_1_179' title='bbox 1726 1475 1860 1544; x_wconf 78' lang='grc' dir='ltr'>κρά-</span> 
     </span>
    </p>
   </div>
   <div class='ocr_carea' id='block_1_25' title="bbox 1956 1474 3542 1551">
    <p class='ocr_par' dir='ltr' id='par_1_25' title="bbox 1961 1477 3542 1548">
     <span class='ocr_line' id='line_1_25' title="bbox 1961 1477 3542 1548; baseline 0.006 -17"><span class='ocrx_word' id='word_1_180' title='bbox 1961 1493 2024 1532; x_wconf 92' lang='lat' dir='ltr'><strong>os</strong></span> <span class='ocrx_word' id='word_1_181' title='bbox 2052 1477 2346 1532; x_wconf 90' lang='lat' dir='ltr'><strong>obstruere</strong></span> <span class='ocrx_word' id='word_1_182' title='bbox 2378 1479 2878 1548; x_wconf 68' lang='lat' dir='ltr'><strong>prmsumpseriut?</strong></span> <span class='ocrx_word' id='word_1_183' title='bbox 2915 1480 3007 1534; x_wconf 85' lang='lat' dir='ltr'><strong>Ait</strong></span> <span class='ocrx_word' id='word_1_184' title='bbox 3033 1483 3180 1536; x_wconf 90' lang='lat' dir='ltr'><strong>enim</strong></span> <span class='ocrx_word' id='word_1_185' title='bbox 3217 1500 3230 1536; x_wconf 91' lang='lat'><strong>:</strong></span> <span class='ocrx_word' id='word_1_186' title='bbox 3269 1501 3288 1534; x_wconf 79' lang='grc' dir='ltr'><strong>ι</strong></span> <span class='ocrx_word' id='word_1_187' title='bbox 3335 1481 3542 1540; x_wconf 75' lang='lat' dir='ltr'><strong>Viden-</strong></span> 
     </span>
    </p>
   </div>
   <div class='ocr_carea' id='block_1_26' title="bbox 282 1566 1868 1640">
    <p class='ocr_par' dir='ltr' id='par_1_26' title="bbox 282 1566 1858 1639">
     <span class='ocr_line' id='line_1_26' title="bbox 282 1566 1858 1639; baseline -0.005 -13"><span class='ocrx_word' id='word_1_188' title='bbox 282 1573 478 1639; x_wconf 73' lang='grc' dir='ltr'>ζουτας</span> <span class='ocrx_word' id='word_1_189' title='bbox 502 1587 516 1602; x_wconf 89' lang='grc'><strong>·</strong></span> <span class='ocrx_word' id='word_1_190' title='bbox 582 1569 814 1624; x_wconf 79' lang='grc' dir='ltr'>Ὡσαννά</span> <span class='ocrx_word' id='word_1_191' title='bbox 873 1567 952 1639; x_wconf 81' lang='grc' dir='ltr'>τῷ</span> <span class='ocrx_word' id='word_1_192' title='bbox 1015 1567 1130 1638; x_wconf 84' lang='grc' dir='ltr'><strong>Υίῷ</strong></span> <span class='ocrx_word' id='word_1_193' title='bbox 1191 1567 1378 1633; x_wconf 72' lang='grc' dir='ltr'>Δαϐιδ,</span> <span class='ocrx_word' id='word_1_194' title='bbox 1447 1566 1858 1638; x_wconf 71' lang='grc' dir='ltr'>ἠγανάκτησαν,</span> 
     </span>
    </p>
   </div>
   <div class='ocr_carea' id='block_1_27' title="bbox 1957 1566 3543 1640">
    <p class='ocr_par' dir='ltr' id='par_1_27' title="bbox 1962 1568 3543 1640">
     <span class='ocr_line' id='line_1_27' title="bbox 1962 1568 3543 1640; baseline 0.005 -18"><span class='ocrx_word' id='word_1_195' title='bbox 1962 1576 2046 1622; x_wconf 89' lang='lat' dir='ltr'><strong>tes</strong></span> <span class='ocrx_word' id='word_1_196' title='bbox 2087 1578 2269 1622; x_wconf 88' lang='lat' dir='ltr'><strong>autem</strong></span> <span class='ocrx_word' id='word_1_197' title='bbox 2306 1568 2589 1638; x_wconf 84' lang='lat' dir='ltr'><strong>principes</strong></span> <span class='ocrx_word' id='word_1_198' title='bbox 2629 1569 2981 1626; x_wconf 83' lang='lat' dir='ltr'><strong>sacerdotum</strong></span> <span class='ocrx_word' id='word_1_199' title='bbox 3018 1581 3070 1627; x_wconf 90' lang='lat' dir='ltr'><strong>et</strong></span> <span class='ocrx_word' id='word_1_200' title='bbox 3107 1571 3336 1640; x_wconf 85' lang='lat' dir='ltr'><strong>Scrihae,</strong></span> <span class='ocrx_word' id='word_1_201' title='bbox 3376 1575 3543 1630; x_wconf 87' lang='lat' dir='ltr'><strong>mira-</strong></span> 
     </span>
    </p>
   </div>
   <div class='ocr_carea' id='block_1_28' title="bbox 281 1653 1867 1733">
    <p class='ocr_par' dir='ltr' id='par_1_28' title="bbox 281 1653 1861 1731">
     <span class='ocr_line' id='line_1_28' title="bbox 281 1653 1861 1731; baseline -0.005 -12"><span class='ocrx_word' id='word_1_202' title='bbox 281 1665 380 1719; x_wconf 71' lang='grc' dir='ltr'>καὶ</span> <span class='ocrx_word' id='word_1_203' title='bbox 435 1658 594 1716; x_wconf 72' lang='grc' dir='ltr'>εἷπον</span> <span class='ocrx_word' id='word_1_204' title='bbox 645 1661 840 1731; x_wconf 78' lang='grc' dir='ltr'>αὐτῷ·</span> <span class='ocrx_word' id='word_1_205' title='bbox 884 1659 1133 1722; x_wconf 81' lang='grc' dir='ltr'>Ἀκούεις</span> <span class='ocrx_word' id='word_1_206' title='bbox 1182 1659 1234 1711; x_wconf 87' lang='grc' dir='ltr'><strong>τί</strong></span> <span class='ocrx_word' id='word_1_207' title='bbox 1267 1653 1412 1713; x_wconf 77' lang='grc' dir='ltr'>οὗτοι</span> <span class='ocrx_word' id='word_1_208' title='bbox 1458 1659 1752 1728; x_wconf 82' lang='grc' dir='ltr'>λέγουσιν;</span> <span class='ocrx_word' id='word_1_209' title='bbox 1801 1657 1861 1712; x_wconf 82' lang='grc'><strong>’0</strong></span> 
     </span>
    </p>
   </div>
   <div class='ocr_carea' id='block_1_29' title="bbox 1955 1653 3541 1733">
    <p class='ocr_par' dir='ltr' id='par_1_29' title="bbox 1965 1658 3541 1733">
     <span class='ocr_line' id='line_1_29' title="bbox 1965 1658 3541 1733; baseline 0.007 -21"><span class='ocrx_word' id='word_1_210' title='bbox 1965 1658 2096 1712; x_wconf 86' lang='lat' dir='ltr'><strong>bilia</strong></span> <span class='ocrx_word' id='word_1_211' title='bbox 2137 1675 2260 1729; x_wconf 72' lang='lat' dir='ltr'><strong>quae</strong></span> <span class='ocrx_word' id='word_1_212' title='bbox 2317 1659 2552 1714; x_wconf 82' lang='lat' dir='ltr'><strong>faciebat</strong></span> <span class='ocrx_word' id='word_1_213' title='bbox 2594 1659 2778 1726; x_wconf 79' lang='lat' dir='ltr'><strong>Jesus,</strong></span> <span class='ocrx_word' id='word_1_214' title='bbox 2835 1669 2889 1717; x_wconf 81' lang='lat' dir='ltr'><strong>et</strong></span> <span class='ocrx_word' id='word_1_215' title='bbox 2939 1679 3140 1733; x_wconf 87' lang='lat' dir='ltr'><strong>pueros</strong></span> <span class='ocrx_word' id='word_1_216' title='bbox 3187 1665 3490 1723; x_wconf 81' lang='lat' dir='ltr'><strong>clamantes</strong></span> <span class='ocrx_word' id='word_1_217' title='bbox 3528 1685 3541 1722; x_wconf 88' lang='lat'>:</span> 
     </span>
    </p>
   </div>
   <div class='ocr_carea' id='block_1_30' title="bbox 279 1747 1865 1824">
    <p class='ocr_par' dir='ltr' id='par_1_30' title="bbox 279 1748 1860 1824">
     <span class='ocr_line' id='line_1_30' title="bbox 279 1748 1860 1824; baseline -0.003 -16"><span class='ocrx_word' id='word_1_218' title='bbox 279 1754 341 1808; x_wconf 73' lang='grc' dir='ltr'><strong>δὲ</strong></span> <span class='ocrx_word' id='word_1_219' title='bbox 379 1753 586 1824; x_wconf 83' lang='grc' dir='ltr'>Ἰησοῦς</span> <span class='ocrx_word' id='word_1_220' title='bbox 629 1751 780 1822; x_wconf 77' lang='grc' dir='ltr'>λέγει</span> <span class='ocrx_word' id='word_1_221' title='bbox 824 1752 1012 1816; x_wconf 77' lang='grc' dir='ltr'>αὐτοῖς</span> <span class='ocrx_word' id='word_1_222' title='bbox 1055 1769 1068 1783; x_wconf 92' lang='grc'>·</span> <span class='ocrx_word' id='word_1_223' title='bbox 1117 1748 1246 1804; x_wconf 86' lang='grc' dir='ltr'>Ναί.</span> <span class='ocrx_word' id='word_1_224' title='bbox 1297 1750 1570 1804; x_wconf 82' lang='grc' dir='ltr'><strong>Οὐδέποτε</strong></span> <span class='ocrx_word' id='word_1_225' title='bbox 1619 1750 1860 1820; x_wconf 81' lang='grc' dir='ltr'>ἀνέγνω-</span> 
     </span>
    </p>
   </div>
   <div class='ocr_carea' id='block_1_31' title="bbox 1962 1747 3548 1824">
    <p class='ocr_par' dir='ltr' id='par_1_31' title="bbox 1966 1747 3548 1824">
     <span class='ocr_line' id='line_1_31' title="bbox 1966 1747 3548 1824; baseline 0.008 -21"><span class='ocrx_word' id='word_1_226' title='bbox 1966 1747 2225 1805; x_wconf 83' lang='lat' dir='ltr'><strong>Hosanua</strong></span> <span class='ocrx_word' id='word_1_227' title='bbox 2267 1749 2414 1805; x_wconf 85' lang='lat' dir='ltr'><strong>Filio</strong></span> <span class='ocrx_word' id='word_1_228' title='bbox 2461 1753 2648 1815; x_wconf 84' lang='lat' dir='ltr'><strong>David,</strong></span> <span class='ocrx_word' id='word_1_229' title='bbox 2687 1752 2954 1824; x_wconf 78' lang='lat' dir='ltr'><strong>indignati</strong></span> <span class='ocrx_word' id='word_1_230' title='bbox 2993 1763 3144 1820; x_wconf 87' lang='lat' dir='ltr'><strong>sunt,</strong></span> <span class='ocrx_word' id='word_1_231' title='bbox 3195 1765 3248 1811; x_wconf 85' lang='lat' dir='ltr'><strong>et</strong></span> <span class='ocrx_word' id='word_1_232' title='bbox 3288 1760 3548 1815; x_wconf 81' lang='lat' dir='ltr'><strong>dixerunt</strong></span> 
     </span>
    </p>
   </div>
   <div class='ocr_carea' id='block_1_32' title="bbox 279 1813 1865 1914">
    <p class='ocr_par' dir='ltr' id='par_1_32' title="bbox 279 1813 1860 1914">
     <span class='ocr_line' id='line_1_32' title="bbox 279 1813 1860 1914; baseline -0.004 -15"><span class='ocrx_word' id='word_1_233' title='bbox 279 1861 366 1911; x_wconf 81' lang='grc' dir='ltr'><strong>τε,</strong></span> <span class='ocrx_word' id='word_1_234' title='bbox 411 1813 506 1897; x_wconf 61' lang='grc' dir='ltr'><strong>’ἐκ</strong></span> <span class='ocrx_word' id='word_1_235' title='bbox 551 1813 824 1914; x_wconf 74' lang='grc' dir='ltr'>στόματος</span> <span class='ocrx_word' id='word_1_236' title='bbox 865 1813 1079 1912; x_wconf 85' lang='grc' dir='ltr'>νηπίων</span> <span class='ocrx_word' id='word_1_237' title='bbox 1123 1841 1219 1895; x_wconf 73' lang='grc' dir='ltr'><strong>καὶ</strong></span> <span class='ocrx_word' id='word_1_238' title='bbox 1265 1839 1606 1912; x_wconf 82' lang='grc' dir='ltr'><strong>θηλαζόντων</strong></span> <span class='ocrx_word' id='word_1_239' title='bbox 1651 1813 1860 1912; x_wconf 73' lang='grc' dir='ltr'>κατηρο</span> 
     </span>
    </p>
   </div>
   <div class='ocr_carea' id='block_1_33' title="bbox 1957 1813 3543 1914">
    <p class='ocr_par' dir='ltr' id='par_1_33' title="bbox 1967 1813 3543 1912">
     <span class='ocr_line' id='line_1_33' title="bbox 1967 1813 3543 1912; baseline 0.008 -19"><span class='ocrx_word' id='word_1_240' title='bbox 1967 1839 2016 1893; x_wconf 90' lang='lat' dir='ltr'><strong>ei</strong></span> <span class='ocrx_word' id='word_1_241' title='bbox 2047 1859 2060 1894; x_wconf 91' lang='lat'><strong>:</strong></span> <span class='ocrx_word' id='word_1_242' title='bbox 2099 1841 2272 1897; x_wconf 86' lang='lat' dir='ltr'><strong>Audis</strong></span> <span class='ocrx_word' id='word_1_243' title='bbox 2303 1843 2434 1912; x_wconf 89' lang='lat' dir='ltr'><strong>quid</strong></span> <span class='ocrx_word' id='word_1_244' title='bbox 2479 1842 2570 1898; x_wconf 89' lang='lat' dir='ltr'><strong>isti</strong></span> <span class='ocrx_word' id='word_1_245' title='bbox 2601 1813 2833 1898; x_wconf 51' lang='lat' dir='ltr'><strong>dicunt;</strong></span> <span class='ocrx_word' id='word_1_246' title='bbox 2857 1843 3020 1900; x_wconf 81' lang='lat' dir='ltr'><strong>Jesus</strong></span> <span class='ocrx_word' id='word_1_247' title='bbox 3052 1813 3236 1903; x_wconf 78' lang='lat' dir='ltr'><strong>autem</strong></span> <span class='ocrx_word' id='word_1_248' title='bbox 3267 1850 3403 1905; x_wconf 78' lang='lat' dir='ltr'><strong>dixit</strong></span> <span class='ocrx_word' id='word_1_249' title='bbox 3427 1853 3543 1906; x_wconf 88' lang='lat' dir='ltr'><strong>eis:</strong></span> 
     </span>
    </p>
   </div>
   <div class='ocr_carea' id='block_1_34' title="bbox 279 1929 1865 2006">
    <p class='ocr_par' dir='ltr' id='par_1_34' title="bbox 279 1932 1865 2005">
     <span class='ocr_line' id='line_1_34' title="bbox 279 1932 1865 2005; baseline -0.004 -13"><span class='ocrx_word' id='word_1_250' title='bbox 279 1937 422 1992; x_wconf 75' lang='grc' dir='ltr'>τίσω</span> <span class='ocrx_word' id='word_1_251' title='bbox 461 1932 649 2003; x_wconf 79' lang='grc' dir='ltr'>αῐνον;</span> <span class='ocrx_word' id='word_1_252' title='bbox 686 1955 706 1989; x_wconf 77' lang='grc' dir='ltr'><strong>ι</strong></span> <span class='ocrx_word' id='word_1_253' title='bbox 770 1935 964 2005; x_wconf 87' lang='grc' dir='ltr'>Ὑμεῖς</span> <span class='ocrx_word' id='word_1_254' title='bbox 1003 1933 1064 1988; x_wconf 75' lang='grc' dir='ltr'><strong>δὲ</strong></span> <span class='ocrx_word' id='word_1_255' title='bbox 1115 1932 1240 1987; x_wconf 79' lang='grc' dir='ltr'>οὐδὲ</span> <span class='ocrx_word' id='word_1_256' title='bbox 1270 1935 1504 2004; x_wconf 86' lang='grc' dir='ltr'>νηπίων,</span> <span class='ocrx_word' id='word_1_257' title='bbox 1547 1933 1732 2004; x_wconf 68' lang='grc' dir='ltr'>φησιν,</span> <span class='ocrx_word' id='word_1_258' title='bbox 1777 1932 1865 1986; x_wconf 83' lang='grc' dir='ltr'>εὓ-</span> 
     </span>
    </p>
   </div>
   <div class='ocr_carea' id='block_1_35' title="bbox 1961 1929 3547 2006">
    <p class='ocr_par' dir='ltr' id='par_1_35' title="bbox 1970 1929 3547 2006">
     <span class='ocr_line' id='line_1_35' title="bbox 1970 1929 3547 2006; baseline 0.007 -20"><span class='ocrx_word' id='word_1_259' title='bbox 1970 1929 2194 2004; x_wconf 87' lang='lat' dir='ltr'><strong>Utique.</strong></span> <span class='ocrx_word' id='word_1_260' title='bbox 2227 1932 2520 2004; x_wconf 83' lang='lat' dir='ltr'><strong>Nunquam</strong></span> <span class='ocrx_word' id='word_1_261' title='bbox 2559 1935 2792 2004; x_wconf 59' lang='lat' dir='ltr'><strong>legistis,</strong></span> <span class='ocrx_word' id='word_1_262' title='bbox 2836 1937 2964 2006; x_wconf 87' lang='lat' dir='ltr'><strong>quia</strong></span> <span class='ocrx_word' id='word_1_263' title='bbox 3001 1937 3076 1992; x_wconf 82' lang='lat' dir='ltr'><strong>Ex</strong></span> <span class='ocrx_word' id='word_1_264' title='bbox 3111 1954 3206 1994; x_wconf 91' lang='lat' dir='ltr'><strong>ore</strong></span> <span class='ocrx_word' id='word_1_265' title='bbox 3249 1941 3547 1997; x_wconf 83' lang='lat' dir='ltr'><strong>infantium</strong></span> 
     </span>
    </p>
   </div>
   <div class='ocr_carea' id='block_1_36' title="bbox 280 2022 1866 2099">
    <p class='ocr_par' dir='ltr' id='par_1_36' title="bbox 280 2022 1866 2096">
     <span class='ocr_line' id='line_1_36' title="bbox 280 2022 1866 2096; baseline -0.003 -15"><span class='ocrx_word' id='word_1_266' title='bbox 280 2043 436 2082; x_wconf 85' lang='grc' dir='ltr'>νοιαν</span> <span class='ocrx_word' id='word_1_267' title='bbox 477 2023 846 2092; x_wconf 70' lang='grc' dir='ltr'>ἐπεδείξασθε,</span> <span class='ocrx_word' id='word_1_268' title='bbox 895 2025 1095 2096; x_wconf 82' lang='grc' dir='ltr'>μήτιγε</span> <span class='ocrx_word' id='word_1_269' title='bbox 1135 2022 1352 2095; x_wconf 81' lang='grc' dir='ltr'>ἀνδρῶν</span> <span class='ocrx_word' id='word_1_270' title='bbox 1390 2023 1720 2095; x_wconf 82' lang='grc' dir='ltr'>ὲχεφρόνων.</span> <span class='ocrx_word' id='word_1_271' title='bbox 1764 2023 1866 2078; x_wconf 81' lang='grc' dir='ltr'><strong>Οὑ-</strong></span> 
     </span>
    </p>
   </div>
   <div class='ocr_carea' id='block_1_37' title="bbox 1960 2022 3546 2099">
    <p class='ocr_par' dir='ltr' id='par_1_37' title="bbox 1970 2025 3546 2099">
     <span class='ocr_line' id='line_1_37' title="bbox 1970 2025 3546 2099; baseline 0.006 -20"><span class='ocrx_word' id='word_1_272' title='bbox 1970 2033 2024 2079; x_wconf 91' lang='lat' dir='ltr'><strong>et</strong></span> <span class='ocrx_word' id='word_1_273' title='bbox 2067 2025 2391 2080; x_wconf 86' lang='lat' dir='ltr'><strong>lactentium</strong></span> <span class='ocrx_word' id='word_1_274' title='bbox 2455 2026 2736 2095; x_wconf 79' lang='lat' dir='ltr'><strong>perfecisti</strong></span> <span class='ocrx_word' id='word_1_275' title='bbox 2775 2029 2990 2084; x_wconf 86' lang='lat' dir='ltr'><strong>laudem</strong></span> <span class='ocrx_word' id='word_1_276' title='bbox 3023 2031 3084 2084; x_wconf 82' lang='lat' dir='ltr'><strong>P?</strong></span> <span class='ocrx_word' id='word_1_277' title='bbox 3125 2049 3144 2083; x_wconf 75' lang='grc' dir='ltr'><strong>ι</strong></span> <span class='ocrx_word' id='word_1_278' title='bbox 3181 2031 3294 2088; x_wconf 80' lang='lat' dir='ltr'><strong>Vos</strong></span> <span class='ocrx_word' id='word_1_279' title='bbox 3340 2045 3546 2099; x_wconf 72' lang='lat' dir='ltr'><strong>autem,</strong></span> 
     </span>
    </p>
   </div>
   <div class='ocr_carea' id='block_1_38' title="bbox 279 2113 1865 2191">
    <p class='ocr_par' dir='ltr' id='par_1_38' title="bbox 279 2113 1865 2191">
     <span class='ocr_line' id='line_1_38' title="bbox 279 2113 1865 2191; baseline -0.003 -19"><span class='ocrx_word' id='word_1_280' title='bbox 279 2117 345 2172; x_wconf 67' lang='lat' dir='ltr'><strong>Bk</strong></span> <span class='ocrx_word' id='word_1_281' title='bbox 389 2119 438 2172; x_wconf 81' lang='grc' dir='ltr'><strong>εί</strong></span> <span class='ocrx_word' id='word_1_282' title='bbox 501 2119 575 2191; x_wconf 88' lang='grc' dir='ltr'><strong>μή</strong></span> <span class='ocrx_word' id='word_1_283' title='bbox 618 2135 674 2170; x_wconf 86' lang='grc' dir='ltr'><strong>τι</strong></span> <span class='ocrx_word' id='word_1_284' title='bbox 714 2115 863 2182; x_wconf 73' lang='grc' dir='ltr'>ἄλλο,</span> <span class='ocrx_word' id='word_1_285' title='bbox 908 2117 1010 2186; x_wconf 88' lang='grc' dir='ltr'><strong>τήν</strong></span> <span class='ocrx_word' id='word_1_286' title='bbox 1056 2131 1120 2184; x_wconf 88' lang='grc' dir='ltr'><strong>γε</strong></span> <span class='ocrx_word' id='word_1_287' title='bbox 1149 2113 1342 2168; x_wconf 82' lang='grc' dir='ltr'>πολιὰν</span> <span class='ocrx_word' id='word_1_288' title='bbox 1391 2115 1732 2178; x_wconf 81' lang='grc' dir='ltr'>αἰδεσθέντες</span> <span class='ocrx_word' id='word_1_289' title='bbox 1771 2113 1865 2186; x_wconf 82' lang='grc' dir='ltr'>τὴν</span> 
     </span>
    </p>
   </div>
   <div class='ocr_carea' id='block_1_39' title="bbox 1966 2113 3552 2191">
    <p class='ocr_par' dir='ltr' id='par_1_39' title="bbox 1971 2115 3552 2186">
     <span class='ocr_line' id='line_1_39' title="bbox 1971 2115 3552 2186; baseline 0.009 -18"><span class='ocrx_word' id='word_1_290' title='bbox 1971 2115 2174 2186; x_wconf 87' lang='lat' dir='ltr'><strong>inquit,</strong></span> <span class='ocrx_word' id='word_1_291' title='bbox 2207 2132 2390 2186; x_wconf 87' lang='lat' dir='ltr'><strong>neque</strong></span> <span class='ocrx_word' id='word_1_292' title='bbox 2439 2115 2760 2184; x_wconf 80' lang='lat' dir='ltr'><strong>infantium,</strong></span> <span class='ocrx_word' id='word_1_293' title='bbox 2811 2129 3020 2174; x_wconf 86' lang='lat' dir='ltr'><strong>tantum</strong></span> <span class='ocrx_word' id='word_1_294' title='bbox 3069 2123 3228 2178; x_wconf 86' lang='lat' dir='ltr'><strong>abest</strong></span> <span class='ocrx_word' id='word_1_295' title='bbox 3271 2135 3330 2180; x_wconf 85' lang='lat' dir='ltr'><strong>ut</strong></span> <span class='ocrx_word' id='word_1_296' title='bbox 3361 2141 3552 2182; x_wconf 84' lang='lat' dir='ltr'><strong>sensa—</strong></span> 
     </span>
    </p>
   </div>
   <div class='ocr_carea' id='block_1_40' title="bbox 284 2201 1870 2275">
    <p class='ocr_par' dir='ltr' id='par_1_40' title="bbox 284 2201 1868 2275">
     <span class='ocr_line' id='line_1_40' title="bbox 284 2201 1868 2275; baseline 0 -19"><span class='ocrx_word' id='word_1_297' title='bbox 284 2202 496 2256; x_wconf 71' lang='grc' dir='ltr'>ὗαντῶν</span> <span class='ocrx_word' id='word_1_298' title='bbox 529 2241 546 2270; x_wconf 89' lang='grc'><strong>,</strong></span> <span class='ocrx_word' id='word_1_299' title='bbox 606 2203 736 2268; x_wconf 83' lang='grc' dir='ltr'>τοὺς</span> <span class='ocrx_word' id='word_1_300' title='bbox 811 2205 871 2257; x_wconf 78' lang='grc' dir='ltr'><strong>ἐν</strong></span> <span class='ocrx_word' id='word_1_301' title='bbox 933 2202 1218 2273; x_wconf 71' lang='grc' dir='ltr'>Πνεῦματι</span> <span class='ocrx_word' id='word_1_302' title='bbox 1287 2201 1586 2268; x_wconf 82' lang='grc' dir='ltr'>λαλοῦντας</span> <span class='ocrx_word' id='word_1_303' title='bbox 1665 2204 1868 2275; x_wconf 75' lang='grc' dir='ltr'>ᾐσχύν-</span> 
     </span>
    </p>
   </div>
   <div class='ocr_carea' id='block_1_41' title="bbox 1967 2201 3553 2275">
    <p class='ocr_par' dir='ltr' id='par_1_41' title="bbox 1972 2207 3553 2273">
     <span class='ocr_line' id='line_1_41' title="bbox 1972 2207 3553 2273; baseline 0.008 -13"><span class='ocrx_word' id='word_1_304' title='bbox 1972 2215 2153 2260; x_wconf 88' lang='lat' dir='ltr'><strong>torum</strong></span> <span class='ocrx_word' id='word_1_305' title='bbox 2180 2207 2426 2262; x_wconf 81' lang='lat' dir='ltr'><strong>virorum</strong></span> <span class='ocrx_word' id='word_1_306' title='bbox 2451 2208 2815 2264; x_wconf 79' lang='lat' dir='ltr'><strong>exhibueritis</strong></span> <span class='ocrx_word' id='word_1_307' title='bbox 2843 2211 3292 2271; x_wconf 85' lang='lat' dir='ltr'><strong>benevolentiam</strong></span> <span class='ocrx_word' id='word_1_308' title='bbox 3325 2234 3339 2270; x_wconf 88' lang='lat'><strong>:</strong></span> <span class='ocrx_word' id='word_1_309' title='bbox 3372 2231 3436 2272; x_wconf 88' lang='lat' dir='ltr'><strong>ac</strong></span> <span class='ocrx_word' id='word_1_310' title='bbox 3455 2233 3553 2273; x_wconf 86' lang='lat' dir='ltr'><strong>ne-</strong></span> 
     </span>
    </p>
   </div>
   <div class='ocr_carea' id='block_1_42' title="bbox 286 2293 3554 2383">
    <p class='ocr_par' dir='ltr' id='par_1_42' title="bbox 286 2293 3554 2383">
     <span class='ocr_line' id='line_1_42' title="bbox 286 2293 3554 2383; baseline 0.01 -48"><span class='ocrx_word' id='word_1_311' title='bbox 286 2293 443 2366; x_wconf 75' lang='grc' dir='ltr'>θητε,</span> <span class='ocrx_word' id='word_1_312' title='bbox 1973 2315 2082 2368; x_wconf 89' lang='lat' dir='ltr'><strong>que</strong></span> <span class='ocrx_word' id='word_1_313' title='bbox 2113 2300 2194 2355; x_wconf 86' lang='lat' dir='ltr'><strong>vel</strong></span> <span class='ocrx_word' id='word_1_314' title='bbox 2227 2301 2400 2370; x_wconf 84' lang='lat' dir='ltr'><strong>ipsam</strong></span> <span class='ocrx_word' id='word_1_315' title='bbox 2447 2313 2688 2356; x_wconf 79' lang='lat' dir='ltr'><strong>vestram</strong></span> <span class='ocrx_word' id='word_1_316' title='bbox 2735 2304 2961 2358; x_wconf 85' lang='lat' dir='ltr'><strong>reveriti</strong></span> <span class='ocrx_word' id='word_1_317' title='bbox 3023 2308 3303 2369; x_wconf 79' lang='lat' dir='ltr'><strong>canitiem,</strong></span> <span class='ocrx_word' id='word_1_318' title='bbox 3347 2311 3416 2365; x_wconf 90' lang='lat' dir='ltr'><strong>iis</strong></span> <span class='ocrx_word' id='word_1_319' title='bbox 3455 2313 3554 2383; x_wconf 78' lang='lat' dir='ltr'><strong>qui</strong></span> 
     </span>
    </p>
   </div>
   <div class='ocr_carea' id='block_1_43' title="bbox 1976 2391 3409 2462">
    <p class='ocr_par' dir='ltr' id='par_1_43' title="bbox 1976 2391 3409 2462">
     <span class='ocr_line' id='line_1_43' title="bbox 1976 2391 3409 2462; baseline 0.006 -16"><span class='ocrx_word' id='word_1_320' title='bbox 1976 2391 2338 2462; x_wconf 78' lang='lat' dir='ltr'><strong>10quereutur</strong></span> <span class='ocrx_word' id='word_1_321' title='bbox 2367 2391 2421 2446; x_wconf 89' lang='lat' dir='ltr'><strong>in</strong></span> <span class='ocrx_word' id='word_1_322' title='bbox 2448 2392 2683 2462; x_wconf 88' lang='lat' dir='ltr'><strong>Spiritu,</strong></span> <span class='ocrx_word' id='word_1_323' title='bbox 2718 2394 2992 2451; x_wconf 79' lang='lat' dir='ltr'><strong>habuistis</strong></span> <span class='ocrx_word' id='word_1_324' title='bbox 3025 2401 3409 2455; x_wconf 83' lang='lat' dir='ltr'><strong>reverentiam.</strong></span> 
     </span>
    </p>
   </div>
   <div class='ocr_carea' id='block_1_44' title="bbox 366 2497 1952 2573">
    <p class='ocr_par' dir='ltr' id='par_1_44' title="bbox 366 2497 1874 2569">
     <span class='ocr_line' id='line_1_44' title="bbox 366 2497 1874 2569; baseline 0.001 -18"><span class='ocrx_word' id='word_1_325' title='bbox 366 2516 388 2550; x_wconf 76' lang='grc' dir='ltr'><strong>ι</strong></span> <span class='ocrx_word' id='word_1_326' title='bbox 417 2497 532 2552; x_wconf 72' lang='grc' dir='ltr'>Καὶ</span> <span class='ocrx_word' id='word_1_327' title='bbox 559 2497 874 2553; x_wconf 81' lang='grc' dir='ltr'>καταλιπὼν</span> <span class='ocrx_word' id='word_1_328' title='bbox 901 2497 1122 2564; x_wconf 75' lang='grc' dir='ltr'>αὐτοὺς,</span> <span class='ocrx_word' id='word_1_329' title='bbox 1157 2497 1345 2568; x_wconf 72' lang='grc' dir='ltr'>φησὶν,</span> <span class='ocrx_word' id='word_1_330' title='bbox 1377 2497 1600 2567; x_wconf 81' lang='grc' dir='ltr'>ἐξῆλθεν</span> <span class='ocrx_word' id='word_1_331' title='bbox 1650 2497 1754 2563; x_wconf 75' lang='grc' dir='ltr'>ἔξω</span> <span class='ocrx_word' id='word_1_332' title='bbox 1775 2515 1874 2569; x_wconf 89' lang='grc' dir='ltr'><strong>της</strong></span> 
     </span>
    </p>
   </div>
   <div class='ocr_carea' id='block_1_45' title="bbox 1969 2497 3555 2573">
    <p class='ocr_par' dir='ltr' id='par_1_45' title="bbox 2052 2500 3555 2573">
     <span class='ocr_line' id='line_1_45' title="bbox 2052 2500 3555 2573; baseline 0.007 -19"><span class='ocrx_word' id='word_1_333' title='bbox 2052 2520 2071 2554; x_wconf 70' lang='grc' dir='ltr'>ί</span> <span class='ocrx_word' id='word_1_334' title='bbox 2115 2500 2181 2555; x_wconf 87' lang='lat' dir='ltr'><strong>Et</strong></span> <span class='ocrx_word' id='word_1_335' title='bbox 2219 2501 2426 2558; x_wconf 88' lang='lat' dir='ltr'><strong>relictis</strong></span> <span class='ocrx_word' id='word_1_336' title='bbox 2461 2503 2592 2568; x_wconf 89' lang='lat' dir='ltr'><strong>illis,</strong></span> <span class='ocrx_word' id='word_1_337' title='bbox 2631 2504 2833 2573; x_wconf 86' lang='lat' dir='ltr'><strong>inquit,</strong></span> <span class='ocrx_word' id='word_1_338' title='bbox 2872 2505 3010 2560; x_wconf 84' lang='lat' dir='ltr'><strong>abiit</strong></span> <span class='ocrx_word' id='word_1_339' title='bbox 3050 2506 3205 2566; x_wconf 79' lang='lat' dir='ltr'><strong>foras</strong></span> <span class='ocrx_word' id='word_1_340' title='bbox 3230 2517 3386 2564; x_wconf 82' lang='lat' dir='ltr'><strong>extra</strong></span> <span class='ocrx_word' id='word_1_341' title='bbox 3422 2511 3555 2566; x_wconf 84' lang='lat' dir='ltr'><strong>civi-</strong></span> 
     </span>
    </p>
   </div>
   <div class='ocr_carea' id='block_1_46' title="bbox 291 2587 1877 2666">
    <p class='ocr_par' dir='ltr' id='par_1_46' title="bbox 291 2587 1875 2662">
     <span class='ocr_line' id='line_1_46' title="bbox 291 2587 1875 2662; baseline 0 -20"><span class='ocrx_word' id='word_1_342' title='bbox 291 2587 500 2653; x_wconf 81' lang='grc' dir='ltr'>πόλεως</span> <span class='ocrx_word' id='word_1_343' title='bbox 539 2589 621 2652; x_wconf 87' lang='grc' dir='ltr'><strong>είς</strong></span> <span class='ocrx_word' id='word_1_344' title='bbox 665 2587 960 2656; x_wconf 83' lang='grc' dir='ltr'>Βηθανίαν,</span> <span class='ocrx_word' id='word_1_345' title='bbox 997 2589 1094 2644; x_wconf 72' lang='lat' dir='ltr'><strong>xui.</strong></span> <span class='ocrx_word' id='word_1_346' title='bbox 1123 2589 1357 2662; x_wconf 80' lang='grc' dir='ltr'><strong>ηὐλίσθη</strong></span> <span class='ocrx_word' id='word_1_347' title='bbox 1405 2591 1546 2646; x_wconf 76' lang='grc' dir='ltr'>ἐκεῖ.</span> <span class='ocrx_word' id='word_1_348' title='bbox 1586 2609 1604 2642; x_wconf 77' lang='grc' dir='ltr'><strong>ι</strong></span> <span class='ocrx_word' id='word_1_349' title='bbox 1653 2589 1875 2662; x_wconf 83' lang='grc' dir='ltr'>Ἐπειδὴ</span> 
     </span>
    </p>
   </div>
   <div class='ocr_carea' id='block_1_47' title="bbox 1967 2587 3553 2666">
    <p class='ocr_par' dir='ltr' id='par_1_47' title="bbox 1981 2592 3553 2666">
     <span class='ocr_line' id='line_1_47' title="bbox 1981 2592 3553 2666; baseline 0.008 -21"><span class='ocrx_word' id='word_1_350' title='bbox 1981 2600 2143 2647; x_wconf 85' lang='lat' dir='ltr'><strong>tatem</strong></span> <span class='ocrx_word' id='word_1_351' title='bbox 2179 2594 2234 2648; x_wconf 92' lang='lat' dir='ltr'><strong>in</strong></span> <span class='ocrx_word' id='word_1_352' title='bbox 2282 2592 2624 2658; x_wconf 86' lang='lat' dir='ltr'><strong>Béthaniam,</strong></span> <span class='ocrx_word' id='word_1_353' title='bbox 2660 2597 2850 2666; x_wconf 88' lang='lat' dir='ltr'><strong>ibique</strong></span> <span class='ocrx_word' id='word_1_354' title='bbox 2880 2599 3084 2653; x_wconf 87' lang='lat' dir='ltr'><strong>mansit</strong></span> <span class='ocrx_word' id='word_1_355' title='bbox 3108 2609 3158 2652; x_wconf 75' lang='lat'><strong>1.</strong></span> <span class='ocrx_word' id='word_1_356' title='bbox 3188 2619 3210 2652; x_wconf 71' lang='grc' dir='ltr'><strong>ο</strong></span> <span class='ocrx_word' id='word_1_357' title='bbox 3243 2599 3385 2666; x_wconf 83' lang='lat' dir='ltr'><strong>Quia</strong></span> <span class='ocrx_word' id='word_1_358' title='bbox 3407 2603 3553 2657; x_wconf 86' lang='lat' dir='ltr'><strong>enim</strong></span> 
     </span>
    </p>
   </div>
   <div class='ocr_carea' id='block_1_48' title="bbox 290 2680 1876 2754">
    <p class='ocr_par' dir='ltr' id='par_1_48' title="bbox 290 2680 1876 2754">
     <span class='ocr_line' id='line_1_48' title="bbox 290 2680 1876 2754; baseline 0 -17"><span class='ocrx_word' id='word_1_359' title='bbox 290 2681 406 2754; x_wconf 77' lang='grc' dir='ltr'>γὰρ</span> <span class='ocrx_word' id='word_1_360' title='bbox 435 2680 725 2745; x_wconf 83' lang='grc' dir='ltr'>ἀκούοντες</span> <span class='ocrx_word' id='word_1_361' title='bbox 753 2681 964 2753; x_wconf 84' lang='grc' dir='ltr'>νηπίων</span> <span class='ocrx_word' id='word_1_362' title='bbox 993 2683 1280 2754; x_wconf 85' lang='grc' dir='ltr'>στόμασιν,</span> <span class='ocrx_word' id='word_1_363' title='bbox 1309 2683 1385 2748; x_wconf 87' lang='grc' dir='ltr'>ὼς</span> <span class='ocrx_word' id='word_1_364' title='bbox 1409 2685 1467 2736; x_wconf 83' lang='grc' dir='ltr'><strong>ἐν</strong></span> <span class='ocrx_word' id='word_1_365' title='bbox 1491 2682 1754 2752; x_wconf 80' lang='grc' dir='ltr'>ὑψίστοις,</span> <span class='ocrx_word' id='word_1_366' title='bbox 1783 2685 1876 2737; x_wconf 78' lang='grc' dir='ltr'><strong>ἐπὶ</strong></span> 
     </span>
    </p>
   </div>
   <div class='ocr_carea' id='block_1_49' title="bbox 1967 2680 3553 2754">
    <p class='ocr_par' dir='ltr' id='par_1_49' title="bbox 1979 2683 3553 2754">
     <span class='ocr_line' id='line_1_49' title="bbox 1979 2683 3553 2754; baseline 0.007 -19"><span class='ocrx_word' id='word_1_367' title='bbox 1979 2683 2268 2740; x_wconf 87' lang='lat' dir='ltr'><strong>audientes</strong></span> <span class='ocrx_word' id='word_1_368' title='bbox 2311 2699 2378 2738; x_wconf 83' lang='lat' dir='ltr'><strong>ex</strong></span> <span class='ocrx_word' id='word_1_369' title='bbox 2435 2683 2725 2740; x_wconf 71' lang='lat' dir='ltr'><strong>infantium</strong></span> <span class='ocrx_word' id='word_1_370' title='bbox 2763 2701 2884 2749; x_wconf 88' lang='lat' dir='ltr'><strong>ore,</strong></span> <span class='ocrx_word' id='word_1_371' title='bbox 2937 2687 3090 2740; x_wconf 86' lang='lat' dir='ltr'><strong>velut</strong></span> <span class='ocrx_word' id='word_1_372' title='bbox 3137 2688 3195 2742; x_wconf 89' lang='lat' dir='ltr'><strong>in</strong></span> <span class='ocrx_word' id='word_1_373' title='bbox 3241 2688 3553 2754; x_wconf 87' lang='lat' dir='ltr'><strong>altissimis,</strong></span> 
     </span>
    </p>
   </div>
   <div class='ocr_carea' id='block_1_50' title="bbox 291 2767 1877 2846">
    <p class='ocr_par' dir='ltr' id='par_1_50' title="bbox 291 2767 1876 2846">
     <span class='ocr_line' id='line_1_50' title="bbox 291 2767 1876 2846; baseline 0.001 -20"><span class='ocrx_word' id='word_1_374' title='bbox 291 2775 402 2845; x_wconf 80' lang='grc' dir='ltr'>γῆς</span> <span class='ocrx_word' id='word_1_375' title='bbox 443 2773 539 2826; x_wconf 70' lang='grc' dir='ltr'>τὸν</span> <span class='ocrx_word' id='word_1_376' title='bbox 575 2773 834 2842; x_wconf 78' lang='grc' dir='ltr'>’Υψιστόν</span> <span class='ocrx_word' id='word_1_377' title='bbox 876 2773 1310 2844; x_wconf 68' lang='grc' dir='ltr'>ἀνυμνοιῖμενον,</span> <span class='ocrx_word' id='word_1_378' title='bbox 1361 2775 1432 2829; x_wconf 82' lang='grc' dir='ltr'><strong>τά</strong></span> <span class='ocrx_word' id='word_1_379' title='bbox 1474 2767 1590 2830; x_wconf 80' lang='grc' dir='ltr'>ὦτα</span> <span class='ocrx_word' id='word_1_380' title='bbox 1635 2776 1732 2829; x_wconf 74' lang='grc' dir='ltr'>καὶ</span> <span class='ocrx_word' id='word_1_381' title='bbox 1776 2775 1876 2846; x_wconf 81' lang='grc' dir='ltr'>τὴν</span> 
     </span>
    </p>
   </div>
   <div class='ocr_carea' id='block_1_51' title="bbox 1973 2767 3559 2846">
    <p class='ocr_par' dir='ltr' id='par_1_51' title="bbox 1980 2772 3559 2844">
     <span class='ocr_line' id='line_1_51' title="bbox 1980 2772 3559 2844; baseline 0.004 -16"><span class='ocrx_word' id='word_1_382' title='bbox 1980 2772 2252 2829; x_wconf 88' lang='lat' dir='ltr'><strong>celebrari</strong></span> <span class='ocrx_word' id='word_1_383' title='bbox 2293 2773 2514 2830; x_wconf 88' lang='lat' dir='ltr'><strong>cantico</strong></span> <span class='ocrx_word' id='word_1_384' title='bbox 2543 2775 2594 2830; x_wconf 91' lang='lat' dir='ltr'><strong>in</strong></span> <span class='ocrx_word' id='word_1_385' title='bbox 2631 2783 2780 2830; x_wconf 89' lang='lat' dir='ltr'><strong>terra</strong></span> <span class='ocrx_word' id='word_1_386' title='bbox 2825 2777 3200 2844; x_wconf 88' lang='lat' dir='ltr'><strong>Altissimum,</strong></span> <span class='ocrx_word' id='word_1_387' title='bbox 3240 2795 3407 2836; x_wconf 87' lang='lat' dir='ltr'><strong>aures</strong></span> <span class='ocrx_word' id='word_1_388' title='bbox 3433 2797 3559 2835; x_wconf 91' lang='lat' dir='ltr'><strong>cor-</strong></span> 
     </span>
    </p>
   </div>
   <div class='ocr_carea' id='block_1_52' title="bbox 292 2863 1878 2942">
    <p class='ocr_par' dir='ltr' id='par_1_52' title="bbox 292 2863 1878 2938">
     <span class='ocr_line' id='line_1_52' title="bbox 292 2863 1878 2938; baseline -0.001 -16"><span class='ocrx_word' id='word_1_389' title='bbox 292 2863 526 2938; x_wconf 74' lang='grc' dir='ltr'>καρδίαν</span> <span class='ocrx_word' id='word_1_390' title='bbox 567 2865 768 2921; x_wconf 71' lang='grc' dir='ltr'>ἔϐυσαν</span> <span class='ocrx_word' id='word_1_391' title='bbox 812 2865 906 2919; x_wconf 84' lang='grc' dir='ltr'><strong>τοῦ</strong></span> <span class='ocrx_word' id='word_1_392' title='bbox 952 2867 1027 2938; x_wconf 82' lang='grc' dir='ltr'>μὴ</span> <span class='ocrx_word' id='word_1_393' title='bbox 1063 2866 1295 2922; x_wconf 86' lang='grc' dir='ltr'>ἀκοῦσαι</span> <span class='ocrx_word' id='word_1_394' title='bbox 1336 2869 1472 2938; x_wconf 84' lang='grc' dir='ltr'><strong>μηδέ</strong></span> <span class='ocrx_word' id='word_1_395' title='bbox 1520 2868 1762 2922; x_wconf 79' lang='grc' dir='ltr'>συνιέναι</span> <span class='ocrx_word' id='word_1_396' title='bbox 1810 2867 1878 2921; x_wconf 80' lang='grc' dir='ltr'><strong>τά</strong></span> 
     </span>
    </p>
   </div>
   <div class='ocr_carea' id='block_1_53' title="bbox 1975 2863 3561 2942">
    <p class='ocr_par' dir='ltr' id='par_1_53' title="bbox 1981 2866 3561 2942">
     <span class='ocr_line' id='line_1_53' title="bbox 1981 2866 3561 2942; baseline 0.004 -24"><span class='ocrx_word' id='word_1_397' title='bbox 1981 2880 2088 2936; x_wconf 90' lang='lat' dir='ltr'><strong>que</strong></span> <span class='ocrx_word' id='word_1_398' title='bbox 2123 2866 2546 2932; x_wconf 87' lang='lat' dir='ltr'><strong>obturaverunt,</strong></span> <span class='ocrx_word' id='word_1_399' title='bbox 2583 2873 2645 2923; x_wconf 88' lang='lat' dir='ltr'><strong>ut</strong></span> <span class='ocrx_word' id='word_1_400' title='bbox 2684 2883 2755 2922; x_wconf 86' lang='lat' dir='ltr'><strong>ne</strong></span> <span class='ocrx_word' id='word_1_401' title='bbox 2786 2868 3045 2922; x_wconf 85' lang='lat' dir='ltr'><strong>audirent</strong></span> <span class='ocrx_word' id='word_1_402' title='bbox 3073 2871 3155 2925; x_wconf 88' lang='lat' dir='ltr'><strong>vel</strong></span> <span class='ocrx_word' id='word_1_403' title='bbox 3190 2870 3561 2942; x_wconf 81' lang='lat' dir='ltr'><strong>intelligerent</strong></span> 
     </span>
    </p>
   </div>
   <div class='ocr_carea' id='block_1_54' title="bbox 293 2957 1879 3032">
    <p class='ocr_par' dir='ltr' id='par_1_54' title="bbox 293 2957 1878 3030">
     <span class='ocr_line' id='line_1_54' title="bbox 293 2957 1878 3030; baseline -0.002 -16"><span class='ocrx_word' id='word_1_404' title='bbox 293 2959 428 3030; x_wconf 77' lang='grc' dir='ltr'>περὶ</span> <span class='ocrx_word' id='word_1_405' title='bbox 488 2958 654 3012; x_wconf 84' lang='grc' dir='ltr'>αὐτοῦ</span> <span class='ocrx_word' id='word_1_406' title='bbox 703 2957 1070 3030; x_wconf 81' lang='grc' dir='ltr'>γεγραμμένα</span> <span class='ocrx_word' id='word_1_407' title='bbox 1099 2973 1114 2990; x_wconf 76' lang='grc' dir='ltr'><strong>ο</strong></span> <span class='ocrx_word' id='word_1_408' title='bbox 1165 2958 1253 3012; x_wconf 86' lang='grc' dir='ltr'>διά</span> <span class='ocrx_word' id='word_1_409' title='bbox 1299 2959 1460 3013; x_wconf 87' lang='grc' dir='ltr'>τοῦτο</span> <span class='ocrx_word' id='word_1_410' title='bbox 1511 2977 1530 3012; x_wconf 76' lang='grc' dir='ltr'><strong>ι</strong></span> <span class='ocrx_word' id='word_1_411' title='bbox 1561 2957 1878 3014; x_wconf 85' lang='grc' dir='ltr'>καταλιπὼν</span> 
     </span>
    </p>
   </div>
   <div class='ocr_carea' id='block_1_55' title="bbox 1971 2957 3557 3032">
    <p class='ocr_par' dir='ltr' id='par_1_55' title="bbox 1982 2957 3557 3032">
     <span class='ocr_line' id='line_1_55' title="bbox 1982 2957 3557 3032; baseline 0.006 -23"><span class='ocrx_word' id='word_1_412' title='bbox 1982 2973 2103 3028; x_wconf 84' lang='lat' dir='ltr'><strong>quae</strong></span> <span class='ocrx_word' id='word_1_413' title='bbox 2133 2959 2338 3028; x_wconf 83' lang='lat' dir='ltr'><strong>scripta</strong></span> <span class='ocrx_word' id='word_1_414' title='bbox 2381 2957 2450 3014; x_wconf 88' lang='lat' dir='ltr'><strong>de</strong></span> <span class='ocrx_word' id='word_1_415' title='bbox 2481 2973 2546 3014; x_wconf 91' lang='lat' dir='ltr'><strong>eo</strong></span> <span class='ocrx_word' id='word_1_416' title='bbox 2593 2969 2804 3025; x_wconf 87' lang='lat' dir='ltr'><strong>essent,</strong></span> <span class='ocrx_word' id='word_1_417' title='bbox 2857 2959 3070 3016; x_wconf 89' lang='lat' dir='ltr'><strong>idcirco</strong></span> <span class='ocrx_word' id='word_1_418' title='bbox 3110 2979 3130 3014; x_wconf 79' lang='grc' dir='ltr'><strong>ι</strong></span> <span class='ocrx_word' id='word_1_419' title='bbox 3168 2963 3382 3018; x_wconf 90' lang='lat' dir='ltr'><strong>relictis</strong></span> <span class='ocrx_word' id='word_1_420' title='bbox 3426 2964 3557 3032; x_wconf 88' lang='lat' dir='ltr'><strong>illis,</strong></span> 
     </span>
    </p>
   </div>
   <div class='ocr_carea' id='block_1_56' title="bbox 295 3048 1881 3124">
    <p class='ocr_par' dir='ltr' id='par_1_56' title="bbox 295 3048 1880 3120">
     <span class='ocr_line' id='line_1_56' title="bbox 295 3048 1880 3120; baseline -0.001 -16"><span class='ocrx_word' id='word_1_421' title='bbox 295 3050 518 3116; x_wconf 76' lang='grc' dir='ltr'>αὐτοὺς,</span> <span class='ocrx_word' id='word_1_422' title='bbox 570 3048 796 3120; x_wconf 74' lang='grc' dir='ltr'>ἐξῆλθεν</span> <span class='ocrx_word' id='word_1_423' title='bbox 849 3049 953 3116; x_wconf 76' lang='grc' dir='ltr'>ἔξω</span> <span class='ocrx_word' id='word_1_424' title='bbox 1003 3049 1102 3120; x_wconf 83' lang='grc' dir='ltr'>τῆς</span> <span class='ocrx_word' id='word_1_425' title='bbox 1153 3051 1400 3114; x_wconf 84' lang='grc' dir='ltr'>πόλεως·</span> <span class='ocrx_word' id='word_1_426' title='bbox 1437 3071 1456 3104; x_wconf 75' lang='grc' dir='ltr'><strong>ι</strong></span> <span class='ocrx_word' id='word_1_427' title='bbox 1509 3051 1597 3106; x_wconf 76' lang='grc' dir='ltr'>ἵνα</span> <span class='ocrx_word' id='word_1_428' title='bbox 1653 3051 1880 3120; x_wconf 83' lang='grc' dir='ltr'>γένηται</span> 
     </span>
    </p>
   </div>
   <div class='ocr_carea' id='block_1_57' title="bbox 1973 3048 3559 3124">
    <p class='ocr_par' dir='ltr' id='par_1_57' title="bbox 1984 3049 3559 3124">
     <span class='ocr_line' id='line_1_57' title="bbox 1984 3049 3559 3124; baseline 0.006 -22"><span class='ocrx_word' id='word_1_429' title='bbox 1984 3049 2122 3105; x_wconf 88' lang='lat' dir='ltr'><strong>abiit</strong></span> <span class='ocrx_word' id='word_1_430' title='bbox 2146 3049 2294 3106; x_wconf 82' lang='lat' dir='ltr'><strong>foras</strong></span> <span class='ocrx_word' id='word_1_431' title='bbox 2328 3058 2486 3105; x_wconf 81' lang='lat' dir='ltr'><strong>extra</strong></span> <span class='ocrx_word' id='word_1_432' title='bbox 2530 3051 2814 3107; x_wconf 81' lang='lat' dir='ltr'><strong>civitatem</strong></span> <span class='ocrx_word' id='word_1_433' title='bbox 2859 3071 2873 3107; x_wconf 87' lang='lat'><strong>:</strong></span> <span class='ocrx_word' id='word_1_434' title='bbox 2915 3071 2934 3106; x_wconf 78' lang='grc' dir='ltr'><strong>ι</strong></span> <span class='ocrx_word' id='word_1_435' title='bbox 2976 3064 3036 3106; x_wconf 85' lang='lat' dir='ltr'><strong>ut</strong></span> <span class='ocrx_word' id='word_1_436' title='bbox 3074 3053 3220 3124; x_wconf 86' lang='lat' dir='ltr'><strong>quod</strong></span> <span class='ocrx_word' id='word_1_437' title='bbox 3256 3054 3333 3108; x_wconf 91' lang='lat' dir='ltr'><strong>ait</strong></span> <span class='ocrx_word' id='word_1_438' title='bbox 3361 3054 3559 3119; x_wconf 85' lang='lat' dir='ltr'><strong>Isaias,</strong></span> 
     </span>
    </p>
   </div>
   <div class='ocr_carea' id='block_1_58' title="bbox 295 3136 1881 3245">
    <p class='ocr_par' dir='ltr' id='par_1_58' title="bbox 295 3136 1880 3214">
     <span class='ocr_line' id='line_1_58' title="bbox 295 3136 1880 3214; baseline 0 -18"><span class='ocrx_word' id='word_1_439' title='bbox 295 3141 438 3214; x_wconf 78' lang='grc' dir='ltr'>ὅπερ</span> <span class='ocrx_word' id='word_1_440' title='bbox 476 3141 710 3202; x_wconf 75' lang='grc' dir='ltr'>Ἠσαίας</span> <span class='ocrx_word' id='word_1_441' title='bbox 749 3139 884 3211; x_wconf 75' lang='grc' dir='ltr'>φησί</span> <span class='ocrx_word' id='word_1_442' title='bbox 919 3157 932 3170; x_wconf 90' lang='grc'><strong>·</strong></span> <span class='ocrx_word' id='word_1_443' title='bbox 992 3141 1140 3194; x_wconf 74' lang='grc' dir='ltr'>«Καὶ</span> <span class='ocrx_word' id='word_1_444' title='bbox 1173 3141 1418 3214; x_wconf 81' lang='grc' dir='ltr'><strong>ἐπλήσθη</strong></span> <span class='ocrx_word' id='word_1_445' title='bbox 1445 3144 1474 3196; x_wconf 78' lang='grc' dir='ltr'><strong>ὁ</strong></span> <span class='ocrx_word' id='word_1_446' title='bbox 1498 3136 1649 3206; x_wconf 81' lang='grc' dir='ltr'>οἶκος</span> <span class='ocrx_word' id='word_1_447' title='bbox 1697 3142 1880 3196; x_wconf 81' lang='grc' dir='ltr'>αὐτῶν</span> 
     </span>
    </p>
   </div>
   <div class='ocr_carea' id='block_1_59' title="bbox 1977 3136 3563 3245">
    <p class='ocr_par' dir='ltr' id='par_1_59' title="bbox 1986 3141 3563 3217">
     <span class='ocr_line' id='line_1_59' title="bbox 1986 3141 3563 3217; baseline 0.006 -22"><span class='ocrx_word' id='word_1_448' title='bbox 1986 3141 2266 3198; x_wconf 89' lang='lat' dir='ltr'><strong>accideret</strong></span> <span class='ocrx_word' id='word_1_449' title='bbox 2306 3161 2319 3198; x_wconf 90' lang='lat'><strong>:</strong></span> <span class='ocrx_word' id='word_1_450' title='bbox 2363 3161 2382 3194; x_wconf 70' lang='grc' dir='ltr'><strong>ι</strong></span> <span class='ocrx_word' id='word_1_451' title='bbox 2418 3143 2488 3198; x_wconf 84' lang='grc' dir='ltr'>Ει</span> <span class='ocrx_word' id='word_1_452' title='bbox 2541 3142 2741 3200; x_wconf 84' lang='lat' dir='ltr'><strong>demus</strong></span> <span class='ocrx_word' id='word_1_453' title='bbox 2783 3159 2976 3200; x_wconf 88' lang='lat' dir='ltr'><strong>eorum</strong></span> <span class='ocrx_word' id='word_1_454' title='bbox 3041 3145 3154 3216; x_wconf 71' lang='grc'>(26)</span> <span class='ocrx_word' id='word_1_455' title='bbox 3210 3148 3418 3217; x_wconf 85' lang='lat' dir='ltr'><strong>repleta</strong></span> <span class='ocrx_word' id='word_1_456' title='bbox 3477 3157 3563 3204; x_wconf 72' lang='lat' dir='ltr'><strong>est</strong></span> 
     </span>
    </p>
   </div>
   <div class='ocr_carea' id='block_1_60' title="bbox 298 3231 1884 3316">
    <p class='ocr_par' dir='ltr' id='par_1_60' title="bbox 298 3231 1882 3316">
     <span class='ocr_line' id='line_1_60' title="bbox 298 3231 1882 3316; baseline -0.001 -27"><span class='ocrx_word' id='word_1_457' title='bbox 298 3232 535 3289; x_wconf 77' lang='grc' dir='ltr'>καπνοῦ.</span> <span class='ocrx_word' id='word_1_458' title='bbox 566 3253 586 3285; x_wconf 72' lang='grc' dir='ltr'><strong>ι</strong></span> <span class='ocrx_word' id='word_1_459' title='bbox 621 3231 784 3288; x_wconf 78' lang='grc' dir='ltr'>Οἷκον</span> <span class='ocrx_word' id='word_1_460' title='bbox 817 3233 968 3302; x_wconf 80' lang='grc' dir='ltr'>λέγει</span> <span class='ocrx_word' id='word_1_461' title='bbox 1003 3233 1184 3288; x_wconf 82' lang='grc' dir='ltr'>αὐτῶν</span> <span class='ocrx_word' id='word_1_462' title='bbox 1225 3234 1446 3304; x_wconf 85' lang='grc' dir='ltr'>ἀληθῶς</span> <span class='ocrx_word' id='word_1_463' title='bbox 1487 3235 1587 3306; x_wconf 75' lang='grc' dir='ltr'>τὴν</span> <span class='ocrx_word' id='word_1_464' title='bbox 1629 3233 1882 3316; x_wconf 65' lang='grc' dir='ltr'>Συναγωο</span> 
     </span>
    </p>
   </div>
   <div class='ocr_carea' id='block_1_61' title="bbox 1977 3231 3563 3316">
    <p class='ocr_par' dir='ltr' id='par_1_61' title="bbox 1987 3232 3563 3310">
     <span class='ocr_line' id='line_1_61' title="bbox 1987 3232 3563 3310; baseline 0.004 -23"><span class='ocrx_word' id='word_1_465' title='bbox 1987 3233 2138 3288; x_wconf 82' lang='lat' dir='ltr'><strong>l‘umo</strong></span> <span class='ocrx_word' id='word_1_466' title='bbox 2171 3243 2214 3288; x_wconf 82' lang='grc' dir='ltr'><strong>ι’.</strong></span> <span class='ocrx_word' id='word_1_467' title='bbox 2268 3252 2288 3286; x_wconf 76' lang='grc' dir='ltr'><strong>ι</strong></span> <span class='ocrx_word' id='word_1_468' title='bbox 2337 3232 2478 3290; x_wconf 77' lang='lat' dir='ltr'><strong>Vere</strong></span> <span class='ocrx_word' id='word_1_469' title='bbox 2521 3233 2746 3290; x_wconf 88' lang='lat' dir='ltr'><strong>domum</strong></span> <span class='ocrx_word' id='word_1_470' title='bbox 2779 3251 2968 3292; x_wconf 89' lang='lat' dir='ltr'><strong>eorum</strong></span> <span class='ocrx_word' id='word_1_471' title='bbox 3003 3234 3348 3310; x_wconf 81' lang='lat' dir='ltr'><strong>SynagOgam</strong></span> <span class='ocrx_word' id='word_1_472' title='bbox 3387 3241 3563 3294; x_wconf 88' lang='lat' dir='ltr'><strong>dicit:</strong></span> 
     </span>
    </p>
   </div>
   <div class='ocr_carea' id='block_1_62' title="bbox 298 3319 1884 3400">
    <p class='ocr_par' dir='ltr' id='par_1_62' title="bbox 298 3319 1884 3400">
     <span class='ocr_line' id='line_1_62' title="bbox 298 3319 1884 3400; baseline -0.002 -19"><span class='ocrx_word' id='word_1_473' title='bbox 298 3330 446 3398; x_wconf 81' lang='grc' dir='ltr'>γήν’</span> <span class='ocrx_word' id='word_1_474' title='bbox 497 3321 585 3400; x_wconf 79' lang='grc' dir='ltr'>ἧς,</span> <span class='ocrx_word' id='word_1_475' title='bbox 641 3326 738 3396; x_wconf 82' lang='grc' dir='ltr'>ἀφ’</span> <span class='ocrx_word' id='word_1_476' title='bbox 767 3319 940 3394; x_wconf 71' lang='grc' dir='ltr'>οὗπερ</span> <span class='ocrx_word' id='word_1_477' title='bbox 975 3325 1036 3380; x_wconf 80' lang='grc' dir='ltr'><strong>τὸ</strong></span> <span class='ocrx_word' id='word_1_478' title='bbox 1067 3325 1183 3396; x_wconf 83' lang='grc' dir='ltr'><strong>φῶς</strong></span> <span class='ocrx_word' id='word_1_479' title='bbox 1215 3327 1244 3380; x_wconf 89' lang='grc' dir='ltr'>ὁ</span> <span class='ocrx_word' id='word_1_480' title='bbox 1291 3326 1526 3396; x_wconf 83' lang='grc' dir='ltr'>Χριστὸς</span> <span class='ocrx_word' id='word_1_481' title='bbox 1567 3324 1884 3398; x_wconf 82' lang='grc' dir='ltr'>καταλιπὼν</span> 
     </span>
    </p>
   </div>
   <div class='ocr_carea' id='block_1_63' title="bbox 1979 3319 3565 3400">
    <p class='ocr_par' dir='ltr' id='par_1_63' title="bbox 1985 3323 3565 3398">
     <span class='ocr_line' id='line_1_63' title="bbox 1985 3323 3565 3398; baseline 0.006 -20"><span class='ocrx_word' id='word_1_482' title='bbox 1985 3323 2146 3394; x_wconf 86' lang='lat' dir='ltr'><strong>cujus</strong></span> <span class='ocrx_word' id='word_1_483' title='bbox 2177 3324 2398 3394; x_wconf 89' lang='lat' dir='ltr'><strong>quidem</strong></span> <span class='ocrx_word' id='word_1_484' title='bbox 2441 3325 2650 3390; x_wconf 86' lang='lat' dir='ltr'><strong>lumen,</strong></span> <span class='ocrx_word' id='word_1_485' title='bbox 2687 3343 2758 3382; x_wconf 83' lang='lat' dir='ltr'><strong>ex</strong></span> <span class='ocrx_word' id='word_1_486' title='bbox 2782 3343 2892 3398; x_wconf 91' lang='lat' dir='ltr'><strong>quo</strong></span> <span class='ocrx_word' id='word_1_487' title='bbox 2919 3328 3106 3384; x_wconf 90' lang='lat' dir='ltr'><strong>lumen</strong></span> <span class='ocrx_word' id='word_1_488' title='bbox 3139 3331 3276 3386; x_wconf 91' lang='lat' dir='ltr'><strong>illud</strong></span> <span class='ocrx_word' id='word_1_489' title='bbox 3305 3329 3565 3388; x_wconf 86' lang='lat' dir='ltr'><strong>Christus</strong></span> 
     </span>
    </p>
   </div>
   <div class='ocr_carea' id='block_1_64' title="bbox 300 3417 1886 3494">
    <p class='ocr_par' dir='ltr' id='par_1_64' title="bbox 300 3417 1884 3490">
     <span class='ocr_line' id='line_1_64' title="bbox 300 3417 1884 3490; baseline -0.003 -16"><span class='ocrx_word' id='word_1_490' title='bbox 300 3420 502 3483; x_wconf 74' lang='grc' dir='ltr'>αὐτοὺς</span> <span class='ocrx_word' id='word_1_491' title='bbox 530 3418 874 3490; x_wconf 79' lang='grc' dir='ltr'>ἐξελήλυθεν,</span> <span class='ocrx_word' id='word_1_492' title='bbox 907 3417 1224 3488; x_wconf 77' lang='grc' dir='ltr'>ἀπεσϐέσθη</span> <span class='ocrx_word' id='word_1_493' title='bbox 1258 3417 1359 3489; x_wconf 81' lang='grc' dir='ltr'>μὲν</span> <span class='ocrx_word' id='word_1_494' title='bbox 1381 3417 1441 3471; x_wconf 82' lang='grc' dir='ltr'><strong>τὸ</strong></span> <span class='ocrx_word' id='word_1_495' title='bbox 1469 3417 1606 3487; x_wconf 79' lang='grc' dir='ltr'>φῶς,</span> <span class='ocrx_word' id='word_1_496' title='bbox 1637 3417 1884 3490; x_wconf 82' lang='grc' dir='ltr'>ἐπλήσθη</span> 
     </span>
    </p>
   </div>
   <div class='ocr_carea' id='block_1_65' title="bbox 2001 3417 3587 3494">
    <p class='ocr_par' dir='ltr' id='par_1_65' title="bbox 2010 3417 3587 3494">
     <span class='ocr_line' id='line_1_65' title="bbox 2010 3417 3587 3494; baseline 0.003 -20"><span class='ocrx_word' id='word_1_497' title='bbox 2010 3419 2056 3476; x_wconf 90' lang='lat' dir='ltr'><strong>is</strong></span> <span class='ocrx_word' id='word_1_498' title='bbox 2094 3418 2308 3473; x_wconf 87' lang='lat' dir='ltr'><strong>relictis</strong></span> <span class='ocrx_word' id='word_1_499' title='bbox 2343 3418 2500 3483; x_wconf 86' lang='lat' dir='ltr'><strong>abiit,</strong></span> <span class='ocrx_word' id='word_1_500' title='bbox 2553 3417 2890 3474; x_wconf 77' lang='lat' dir='ltr'><strong>exstinctum</strong></span> <span class='ocrx_word' id='word_1_501' title='bbox 2948 3430 3056 3487; x_wconf 87' lang='lat' dir='ltr'><strong>est,</strong></span> <span class='ocrx_word' id='word_1_502' title='bbox 3106 3429 3164 3476; x_wconf 89' lang='lat' dir='ltr'><strong>et</strong></span> <span class='ocrx_word' id='word_1_503' title='bbox 3218 3435 3306 3478; x_wconf 88' lang='lat' dir='ltr'><strong>est</strong></span> <span class='ocrx_word' id='word_1_504' title='bbox 3358 3424 3587 3494; x_wconf 73' lang='lat' dir='ltr'><strong>repleta.</strong></span> 
     </span>
    </p>
   </div>
   <div class='ocr_carea' id='block_1_66' title="bbox 301 3505 1887 3583">
    <p class='ocr_par' dir='ltr' id='par_1_66' title="bbox 301 3505 1885 3583">
     <span class='ocr_line' id='line_1_66' title="bbox 301 3505 1885 3583; baseline -0.004 -18"><span class='ocrx_word' id='word_1_505' title='bbox 301 3511 361 3566; x_wconf 71' lang='grc' dir='ltr'><strong>δὲ</strong></span> <span class='ocrx_word' id='word_1_506' title='bbox 386 3511 618 3576; x_wconf 82' lang='grc' dir='ltr'>καπνοῦ,</span> <span class='ocrx_word' id='word_1_507' title='bbox 652 3509 747 3563; x_wconf 86' lang='grc' dir='ltr'><strong>τοῦ</strong></span> <span class='ocrx_word' id='word_1_508' title='bbox 780 3508 1248 3583; x_wconf 83' lang='grc' dir='ltr'>ἐπιπροσθοῦντος</span> <span class='ocrx_word' id='word_1_509' title='bbox 1273 3507 1352 3579; x_wconf 82' lang='grc' dir='ltr'>τῷ</span> <span class='ocrx_word' id='word_1_510' title='bbox 1384 3507 1486 3578; x_wconf 81' lang='grc' dir='ltr'>τῆς</span> <span class='ocrx_word' id='word_1_511' title='bbox 1514 3506 1692 3578; x_wconf 79' lang='grc' dir='ltr'>ψυχῆς</span> <span class='ocrx_word' id='word_1_512' title='bbox 1733 3505 1885 3559; x_wconf 85' lang='grc' dir='ltr'>ὀπτι-</span> 
     </span>
    </p>
   </div>
   <div class='ocr_carea' id='block_1_67' title="bbox 1979 3505 3565 3583">
    <p class='ocr_par' dir='ltr' id='par_1_67' title="bbox 1989 3509 3565 3581">
     <span class='ocr_line' id='line_1_67' title="bbox 1989 3509 3565 3581; baseline 0.004 -15"><span class='ocrx_word' id='word_1_513' title='bbox 1989 3512 2178 3580; x_wconf 80' lang='lat' dir='ltr'><strong>fumo;</strong></span> <span class='ocrx_word' id='word_1_514' title='bbox 2210 3511 2302 3581; x_wconf 91' lang='lat' dir='ltr'><strong>qui</strong></span> <span class='ocrx_word' id='word_1_515' title='bbox 2339 3509 2602 3566; x_wconf 88' lang='lat' dir='ltr'><strong>nimirum</strong></span> <span class='ocrx_word' id='word_1_516' title='bbox 2633 3509 2874 3566; x_wconf 86' lang='lat' dir='ltr'><strong>obducat</strong></span> <span class='ocrx_word' id='word_1_517' title='bbox 2905 3512 3164 3567; x_wconf 87' lang='lat' dir='ltr'><strong>tenebras</strong></span> <span class='ocrx_word' id='word_1_518' title='bbox 3183 3514 3353 3568; x_wconf 84' lang='lat' dir='ltr'><strong>animi</strong></span> <span class='ocrx_word' id='word_1_519' title='bbox 3383 3516 3565 3572; x_wconf 88' lang='lat' dir='ltr'><strong>oculo.</strong></span> 
     </span>
    </p>
   </div>
   <div class='ocr_carea' id='block_1_68' title="bbox 303 3597 1889 3674">
    <p class='ocr_par' dir='ltr' id='par_1_68' title="bbox 303 3597 1888 3674">
     <span class='ocr_line' id='line_1_68' title="bbox 303 3597 1888 3674; baseline -0.004 -16"><span class='ocrx_word' id='word_1_520' title='bbox 303 3602 388 3674; x_wconf 76' lang='grc' dir='ltr'><strong>κῷ</strong></span> <span class='ocrx_word' id='word_1_521' title='bbox 419 3605 627 3668; x_wconf 83' lang='grc' dir='ltr'>σκότος.</span> <span class='ocrx_word' id='word_1_522' title='bbox 678 3600 852 3656; x_wconf 88' lang='grc' dir='ltr'>Τοῦτο</span> <span class='ocrx_word' id='word_1_523' title='bbox 895 3601 1006 3670; x_wconf 85' lang='grc' dir='ltr'>γὰρ</span> <span class='ocrx_word' id='word_1_524' title='bbox 1049 3599 1256 3666; x_wconf 80' lang='grc' dir='ltr'>καπνὸς</span> <span class='ocrx_word' id='word_1_525' title='bbox 1292 3603 1404 3664; x_wconf 86' lang='grc' dir='ltr'>τοῖς</span> <span class='ocrx_word' id='word_1_526' title='bbox 1434 3599 1577 3654; x_wconf 82' lang='grc' dir='ltr'>κατὰ</span> <span class='ocrx_word' id='word_1_527' title='bbox 1619 3597 1744 3652; x_wconf 84' lang='grc' dir='ltr'>νοῦν</span> <span class='ocrx_word' id='word_1_528' title='bbox 1794 3615 1888 3652; x_wconf 88' lang='grc' dir='ltr'><strong>τυ⁶</strong></span> 
     </span>
    </p>
   </div>
   <div class='ocr_carea' id='block_1_69' title="bbox 1984 3597 3570 3674">
    <p class='ocr_par' dir='ltr' id='par_1_69' title="bbox 1991 3599 3570 3660">
     <span class='ocr_line' id='line_1_69' title="bbox 1991 3599 3570 3660; baseline 0.001 -3"><span class='ocrx_word' id='word_1_529' title='bbox 1991 3601 2102 3657; x_wconf 90' lang='lat' dir='ltr'><strong>lloc</strong></span> <span class='ocrx_word' id='word_1_530' title='bbox 2141 3601 2288 3656; x_wconf 90' lang='lat' dir='ltr'><strong>enim</strong></span> <span class='ocrx_word' id='word_1_531' title='bbox 2321 3607 2406 3655; x_wconf 87' lang='lat' dir='ltr'><strong>est</strong></span> <span class='ocrx_word' id='word_1_532' title='bbox 2437 3599 2620 3655; x_wconf 81' lang='lat' dir='ltr'><strong>fumus</strong></span> <span class='ocrx_word' id='word_1_533' title='bbox 2673 3599 2838 3656; x_wconf 69' lang='lat' dir='ltr'><strong>caecis</strong></span> <span class='ocrx_word' id='word_1_534' title='bbox 2895 3609 3102 3656; x_wconf 87' lang='lat' dir='ltr'><strong>mente.</strong></span> <span class='ocrx_word' id='word_1_535' title='bbox 3153 3601 3327 3657; x_wconf 84' lang='lat' dir='ltr'><strong>Porro</strong></span> <span class='ocrx_word' id='word_1_536' title='bbox 3387 3604 3570 3660; x_wconf 81' lang='lat' dir='ltr'><strong>fumus</strong></span> 
     </span>
    </p>
   </div>
   <div class='ocr_carea' id='block_1_70' title="bbox 305 3691 1891 3771">
    <p class='ocr_par' dir='ltr' id='par_1_70' title="bbox 305 3694 1888 3771">
     <span class='ocr_line' id='line_1_70' title="bbox 305 3694 1888 3771; baseline -0.004 -18"><span class='ocrx_word' id='word_1_537' title='bbox 305 3699 610 3771; x_wconf 83' lang='grc' dir='ltr'>φλώττουσι</span> <span class='ocrx_word' id='word_1_538' title='bbox 663 3697 898 3768; x_wconf 85' lang='grc' dir='ltr'>γίνεται.</span> <span class='ocrx_word' id='word_1_539' title='bbox 945 3696 1168 3763; x_wconf 81' lang='grc' dir='ltr'>Καπνὺς</span> <span class='ocrx_word' id='word_1_540' title='bbox 1214 3697 1294 3762; x_wconf 82' lang='grc' dir='ltr'><strong>δὲ,</strong></span> <span class='ocrx_word' id='word_1_541' title='bbox 1332 3694 1506 3768; x_wconf 81' lang='grc' dir='ltr'>ὀργῆς</span> <span class='ocrx_word' id='word_1_542' title='bbox 1555 3695 1888 3766; x_wconf 80' lang='grc' dir='ltr'>ἀμυντήριον</span> 
     </span>
    </p>
   </div>
   <div class='ocr_carea' id='block_1_71' title="bbox 1985 3691 3571 3771">
    <p class='ocr_par' dir='ltr' id='par_1_71' title="bbox 1987 3691 3571 3764">
     <span class='ocr_line' id='line_1_71' title="bbox 1987 3691 3571 3764; baseline -0.001 -14"><span class='ocrx_word' id='word_1_543' title='bbox 1987 3701 2072 3750; x_wconf 86' lang='lat' dir='ltr'><strong>est</strong></span> <span class='ocrx_word' id='word_1_544' title='bbox 2109 3697 2256 3750; x_wconf 85' lang='lat' dir='ltr'><strong>velut</strong></span> <span class='ocrx_word' id='word_1_545' title='bbox 2289 3693 2387 3749; x_wconf 72' lang='lat' dir='ltr'><strong>irae</strong></span> <span class='ocrx_word' id='word_1_546' title='bbox 2416 3691 2764 3764; x_wconf 67' lang='lat' dir='ltr'><strong>praesidium,</strong></span> <span class='ocrx_word' id='word_1_547' title='bbox 2799 3691 3018 3748; x_wconf 88' lang='lat' dir='ltr'><strong>dicente</strong></span> <span class='ocrx_word' id='word_1_548' title='bbox 3043 3691 3268 3748; x_wconf 87' lang='lat' dir='ltr'><strong>Psalte:</strong></span> <span class='ocrx_word' id='word_1_549' title='bbox 3300 3713 3321 3746; x_wconf 73' lang='grc' dir='ltr'><strong>ι</strong></span> <span class='ocrx_word' id='word_1_550' title='bbox 3361 3695 3571 3750; x_wconf 79' lang='lat' dir='ltr'><strong>Ascen-</strong></span> 
     </span>
    </p>
   </div>
   <div class='ocr_carea' id='block_1_72' title="bbox 303 3783 1889 3863">
    <p class='ocr_par' dir='ltr' id='par_1_72' title="bbox 303 3785 1888 3863">
     <span class='ocr_line' id='line_1_72' title="bbox 303 3785 1888 3863; baseline -0.005 -18"><span class='ocrx_word' id='word_1_551' title='bbox 303 3791 382 3856; x_wconf 86' lang='grc' dir='ltr'><strong>ὣς</strong></span> <span class='ocrx_word' id='word_1_552' title='bbox 413 3807 576 3863; x_wconf 78' lang='grc' dir='ltr'>φησιν</span> <span class='ocrx_word' id='word_1_553' title='bbox 615 3791 643 3843; x_wconf 80' lang='grc' dir='ltr'><strong>ὁ</strong></span> <span class='ocrx_word' id='word_1_554' title='bbox 675 3789 894 3859; x_wconf 78' lang='grc' dir='ltr'>ψάλλων</span> <span class='ocrx_word' id='word_1_555' title='bbox 915 3804 930 3819; x_wconf 90' lang='grc'><strong>·</strong></span> <span class='ocrx_word' id='word_1_556' title='bbox 990 3805 1010 3840; x_wconf 84' lang='grc'>‹</span> <span class='ocrx_word' id='word_1_557' title='bbox 1045 3787 1237 3858; x_wconf 78' lang='grc' dir='ltr'>Ἀνέϐη</span> <span class='ocrx_word' id='word_1_558' title='bbox 1283 3785 1490 3850; x_wconf 76' lang='grc' dir='ltr'>καπνὸς</span> <span class='ocrx_word' id='word_1_559' title='bbox 1521 3787 1579 3838; x_wconf 84' lang='grc' dir='ltr'><strong>ἐν</strong></span> <span class='ocrx_word' id='word_1_560' title='bbox 1620 3785 1757 3856; x_wconf 81' lang='grc' dir='ltr'>ὀργῇ</span> <span class='ocrx_word' id='word_1_561' title='bbox 1795 3786 1888 3838; x_wconf 83' lang='grc' dir='ltr'><strong>αὐ-</strong></span> 
     </span>
    </p>
   </div>
   <div class='ocr_carea' id='block_1_73' title="bbox 1980 3783 3566 3863">
    <p class='ocr_par' dir='ltr' id='par_1_73' title="bbox 1987 3783 3566 3852">
     <span class='ocr_line' id='line_1_73' title="bbox 1987 3783 3566 3852; baseline 0.003 -14"><span class='ocrx_word' id='word_1_562' title='bbox 1987 3785 2069 3840; x_wconf 84' lang='lat' dir='ltr'><strong>dit</strong></span> <span class='ocrx_word' id='word_1_563' title='bbox 2112 3784 2297 3842; x_wconf 78' lang='lat' dir='ltr'><strong>fumus</strong></span> <span class='ocrx_word' id='word_1_564' title='bbox 2345 3787 2400 3840; x_wconf 89' lang='lat' dir='ltr'><strong>in</strong></span> <span class='ocrx_word' id='word_1_565' title='bbox 2455 3784 2537 3840; x_wconf 85' lang='lat' dir='ltr'><strong>ira</strong></span> <span class='ocrx_word' id='word_1_566' title='bbox 2571 3785 2750 3841; x_wconf 69' lang='lat' dir='ltr'><strong>eis.&#39;r</strong></span> <span class='ocrx_word' id='word_1_567' title='bbox 2793 3783 2916 3852; x_wconf 84' lang='lat' dir='ltr'><strong>Quo</strong></span> <span class='ocrx_word' id='word_1_568' title='bbox 2966 3793 3152 3842; x_wconf 84' lang='lat' dir='ltr'><strong>autem</strong></span> <span class='ocrx_word' id='word_1_569' title='bbox 3205 3787 3382 3842; x_wconf 82' lang='lat' dir='ltr'><strong>abiit?</strong></span> <span class='ocrx_word' id='word_1_570' title='bbox 3427 3807 3446 3840; x_wconf 71' lang='grc' dir='ltr'><strong>ε</strong></span> <span class='ocrx_word' id='word_1_571' title='bbox 3509 3784 3566 3842; x_wconf 83' lang='lat' dir='ltr'><strong>In</strong></span> 
     </span>
    </p>
   </div>
   <div class='ocr_carea' id='block_1_74' title="bbox 305 3877 1891 3952">
    <p class='ocr_par' dir='ltr' id='par_1_74' title="bbox 305 3879 1890 3952">
     <span class='ocr_line' id='line_1_74' title="bbox 305 3879 1890 3952; baseline -0.004 -13"><span class='ocrx_word' id='word_1_572' title='bbox 305 3885 426 3938; x_wconf 82' lang='grc' dir='ltr'>τοῦ.</span> <span class='ocrx_word' id='word_1_573' title='bbox 463 3902 483 3935; x_wconf 82' lang='grc'>›</span> <span class='ocrx_word' id='word_1_574' title='bbox 525 3881 749 3952; x_wconf 76' lang='grc' dir='ltr'>Ἐξῆλθε</span> <span class='ocrx_word' id='word_1_575' title='bbox 791 3881 849 3936; x_wconf 82' lang='grc' dir='ltr'><strong>δὲ</strong></span> <span class='ocrx_word' id='word_1_576' title='bbox 884 3880 1025 3948; x_wconf 87' lang='grc' dir='ltr'>ποῦ;</span> <span class='ocrx_word' id='word_1_577' title='bbox 1063 3901 1081 3932; x_wconf 77' lang='grc' dir='ltr'><strong>ι</strong></span> <span class='ocrx_word' id='word_1_578' title='bbox 1105 3881 1202 3942; x_wconf 72' lang='lat' dir='ltr'><strong>Ei;</strong></span> <span class='ocrx_word' id='word_1_579' title='bbox 1246 3880 1347 3951; x_wconf 76' lang='grc' dir='ltr'><strong>τὴν</strong></span> <span class='ocrx_word' id='word_1_580' title='bbox 1372 3879 1716 3952; x_wconf 75' lang='grc' dir='ltr'>Βηθανίαν-ι</span> <span class='ocrx_word' id='word_1_581' title='bbox 1766 3879 1890 3950; x_wconf 81' lang='grc' dir='ltr'>ἣτις</span> 
     </span>
    </p>
   </div>
   <div class='ocr_carea' id='block_1_75' title="bbox 1985 3877 3571 3952">
    <p class='ocr_par' dir='ltr' id='par_1_75' title="bbox 1987 3877 3571 3948">
     <span class='ocr_line' id='line_1_75' title="bbox 1987 3877 3571 3948; baseline 0.003 -15"><span class='ocrx_word' id='word_1_582' title='bbox 1987 3877 2348 3942; x_wconf 86' lang='lat' dir='ltr'><strong>Bethaniam;</strong></span> <span class='ocrx_word' id='word_1_583' title='bbox 2381 3897 2400 3930; x_wconf 73' lang='grc' dir='ltr'><strong>ι</strong></span> <span class='ocrx_word' id='word_1_584' title='bbox 2445 3893 2569 3948; x_wconf 65' lang='lat' dir='ltr'><strong>qua</strong></span> <span class='ocrx_word' id='word_1_585' title='bbox 2595 3879 2887 3935; x_wconf 86' lang='lat' dir='ltr'><strong>moraliter</strong></span> <span class='ocrx_word' id='word_1_586' title='bbox 2914 3880 3214 3948; x_wconf 79' lang='lat' dir='ltr'><strong>exponitur</strong></span> <span class='ocrx_word' id='word_1_587' title='bbox 3241 3879 3571 3937; x_wconf 68' lang='lat' dir='ltr'><strong>obedientite</strong></span> 
     </span>
    </p>
   </div>
   <div class='ocr_carea' id='block_1_76' title="bbox 304 3967 1890 4049">
    <p class='ocr_par' dir='ltr' id='par_1_76' title="bbox 304 3969 1890 4049">
     <span class='ocr_line' id='line_1_76' title="bbox 304 3969 1890 4049; baseline -0.004 -19"><span class='ocrx_word' id='word_1_588' title='bbox 304 3973 585 4049; x_wconf 79' lang='grc' dir='ltr'>τροπικῶς</span> <span class='ocrx_word' id='word_1_589' title='bbox 612 3969 760 4036; x_wconf 76' lang='grc' dir='ltr'>οἶκος</span> <span class='ocrx_word' id='word_1_590' title='bbox 787 3974 1032 4046; x_wconf 81' lang='grc' dir='ltr'>ὑπακοῆς</span> <span class='ocrx_word' id='word_1_591' title='bbox 1062 3972 1488 4042; x_wconf 77' lang='grc' dir='ltr'>ἐκλαμϐάνεται.</span> <span class='ocrx_word' id='word_1_592' title='bbox 1537 3969 1755 4042; x_wconf 85' lang='grc' dir='ltr'>Ἐπειδὴ</span> <span class='ocrx_word' id='word_1_593' title='bbox 1781 3971 1890 4044; x_wconf 82' lang='grc' dir='ltr'><strong>γάρ</strong></span> 
     </span>
    </p>
   </div>
   <div class='ocr_carea' id='block_1_77' title="bbox 1985 3967 3571 4049">
    <p class='ocr_par' dir='ltr' id='par_1_77' title="bbox 1989 3967 3571 4036">
     <span class='ocr_line' id='line_1_77' title="bbox 1989 3967 3571 4036; baseline 0.001 -11"><span class='ocrx_word' id='word_1_594' title='bbox 1989 3969 2209 4025; x_wconf 88' lang='lat' dir='ltr'><strong>domus.</strong></span> <span class='ocrx_word' id='word_1_595' title='bbox 2262 3968 2402 4036; x_wconf 87' lang='lat' dir='ltr'><strong>Quia</strong></span> <span class='ocrx_word' id='word_1_596' title='bbox 2431 3970 2581 4024; x_wconf 88' lang='lat' dir='ltr'><strong>enim</strong></span> <span class='ocrx_word' id='word_1_597' title='bbox 2627 3967 2804 4024; x_wconf 82' lang='lat' dir='ltr'><strong>Judaei</strong></span> <span class='ocrx_word' id='word_1_598' title='bbox 2855 3969 3063 4025; x_wconf 88' lang='lat' dir='ltr'><strong>mentis</strong></span> <span class='ocrx_word' id='word_1_599' title='bbox 3115 3971 3380 4026; x_wconf 85' lang='lat' dir='ltr'><strong>sensibus</strong></span> <span class='ocrx_word' id='word_1_600' title='bbox 3425 3973 3571 4026; x_wconf 70' lang='lat' dir='ltr'><strong>latsis</strong></span> 
     </span>
    </p>
   </div>
   <div class='ocr_carea' id='block_1_78' title="bbox 320 4061 1906 4138">
    <p class='ocr_par' dir='ltr' id='par_1_78' title="bbox 320 4062 1878 4138">
     <span class='ocr_line' id='line_1_78' title="bbox 320 4062 1878 4138; baseline -0.006 -14"><span class='ocrx_word' id='word_1_601' title='bbox 320 4068 572 4124; x_wconf 81' lang='grc' dir='ltr'>Ἰουδαῖοι</span> <span class='ocrx_word' id='word_1_602' title='bbox 619 4065 974 4138; x_wconf 82' lang='grc' dir='ltr'>πηρωθέντες</span> <span class='ocrx_word' id='word_1_603' title='bbox 1025 4063 1120 4118; x_wconf 80' lang='grc' dir='ltr'><strong>τὸν</strong></span> <span class='ocrx_word' id='word_1_604' title='bbox 1175 4063 1337 4128; x_wconf 87' lang='grc' dir='ltr'>νοῦν,</span> <span class='ocrx_word' id='word_1_605' title='bbox 1371 4062 1878 4134; x_wconf 79' lang='grc' dir='ltr'>ἁπετυφλὼθησαν,</span> 
     </span>
    </p>
   </div>
   <div class='ocr_carea' id='block_1_79' title="bbox 1987 4061 3573 4138">
    <p class='ocr_par' dir='ltr' id='par_1_79' title="bbox 1989 4061 3573 4127">
     <span class='ocr_line' id='line_1_79' title="bbox 1989 4061 3573 4127; baseline -0.001 -9"><span class='ocrx_word' id='word_1_606' title='bbox 1989 4061 2178 4118; x_wconf 70' lang='lat' dir='ltr'><strong>caecati</strong></span> <span class='ocrx_word' id='word_1_607' title='bbox 2201 4071 2382 4127; x_wconf 84' lang='lat' dir='ltr'><strong>erant,</strong></span> <span class='ocrx_word' id='word_1_608' title='bbox 2413 4062 2526 4118; x_wconf 92' lang='lat' dir='ltr'><strong>illis</strong></span> <span class='ocrx_word' id='word_1_609' title='bbox 2557 4061 2772 4116; x_wconf 88' lang='lat' dir='ltr'><strong>relictis</strong></span> <span class='ocrx_word' id='word_1_610' title='bbox 2802 4061 2940 4116; x_wconf 90' lang='lat' dir='ltr'><strong>abiit</strong></span> <span class='ocrx_word' id='word_1_611' title='bbox 2975 4061 3028 4115; x_wconf 90' lang='lat' dir='ltr'><strong>in</strong></span> <span class='ocrx_word' id='word_1_612' title='bbox 3065 4061 3286 4117; x_wconf 85' lang='lat' dir='ltr'><strong>domum</strong></span> <span class='ocrx_word' id='word_1_613' title='bbox 3314 4063 3573 4118; x_wconf 86' lang='lat' dir='ltr'><strong>obedien-</strong></span> 
     </span>
    </p>
   </div>
   <div class='ocr_carea' id='block_1_80' title="bbox 308 4153 1894 4229">
    <p class='ocr_par' dir='ltr' id='par_1_80' title="bbox 308 4154 1893 4229">
     <span class='ocr_line' id='line_1_80' title="bbox 308 4154 1893 4229; baseline -0.005 -13"><span class='ocrx_word' id='word_1_614' title='bbox 308 4160 629 4216; x_wconf 68' lang='grc' dir='ltr'>καταλιπὼν</span> <span class='ocrx_word' id='word_1_615' title='bbox 661 4161 878 4224; x_wconf 80' lang='grc' dir='ltr'>αὐτοὺς,</span> <span class='ocrx_word' id='word_1_616' title='bbox 912 4161 994 4224; x_wconf 84' lang='grc' dir='ltr'><strong>είς</strong></span> <span class='ocrx_word' id='word_1_617' title='bbox 1027 4157 1120 4212; x_wconf 82' lang='grc' dir='ltr'><strong>τδν</strong></span> <span class='ocrx_word' id='word_1_618' title='bbox 1163 4157 1262 4229; x_wconf 83' lang='grc' dir='ltr'>τῆς</span> <span class='ocrx_word' id='word_1_619' title='bbox 1293 4156 1540 4228; x_wconf 80' lang='grc' dir='ltr'>ὑπακοῆς</span> <span class='ocrx_word' id='word_1_620' title='bbox 1570 4154 1893 4226; x_wconf 80' lang='grc' dir='ltr'>ἐξελήλυθεν</span> 
     </span>
    </p>
   </div>
   <div class='ocr_carea' id='block_1_81' title="bbox 1989 4153 3575 4229">
    <p class='ocr_par' dir='ltr' id='par_1_81' title="bbox 1993 4153 3575 4227">
     <span class='ocr_line' id='line_1_81' title="bbox 1993 4153 3575 4227; baseline 0.001 -17"><span class='ocrx_word' id='word_1_621' title='bbox 1993 4157 2118 4222; x_wconf 71' lang='lat' dir='ltr'><strong>tiae;</strong></span> <span class='ocrx_word' id='word_1_622' title='bbox 2155 4156 2210 4210; x_wconf 92' lang='lat' dir='ltr'><strong>in</strong></span> <span class='ocrx_word' id='word_1_623' title='bbox 2237 4171 2346 4227; x_wconf 85' lang='lat' dir='ltr'><strong>qua</strong></span> <span class='ocrx_word' id='word_1_624' title='bbox 2381 4157 2650 4210; x_wconf 88' lang='lat' dir='ltr'><strong>hactenus</strong></span> <span class='ocrx_word' id='word_1_625' title='bbox 2680 4169 2782 4208; x_wconf 90' lang='lat' dir='ltr'><strong>nos</strong></span> <span class='ocrx_word' id='word_1_626' title='bbox 2811 4165 3024 4224; x_wconf 76' lang='lat' dir='ltr'><strong>gentes,</strong></span> <span class='ocrx_word' id='word_1_627' title='bbox 3072 4153 3208 4210; x_wconf 82' lang='lat' dir='ltr'><strong>foris</strong></span> <span class='ocrx_word' id='word_1_628' title='bbox 3239 4163 3396 4210; x_wconf 78' lang='lat' dir='ltr'><strong>extra</strong></span> <span class='ocrx_word' id='word_1_629' title='bbox 3429 4171 3575 4211; x_wconf 71' lang='lat' dir='ltr'><strong>vera:</strong></span> 
     </span>
    </p>
   </div>
   <div class='ocr_carea' id='block_1_82' title="bbox 309 4245 1895 4326">
    <p class='ocr_par' dir='ltr' id='par_1_82' title="bbox 309 4245 1890 4326">
     <span class='ocr_line' id='line_1_82' title="bbox 309 4245 1890 4326; baseline -0.006 -18"><span class='ocrx_word' id='word_1_630' title='bbox 309 4251 460 4309; x_wconf 79' lang='grc' dir='ltr'>οἷκον</span> <span class='ocrx_word' id='word_1_631' title='bbox 482 4271 497 4286; x_wconf 75' lang='grc' dir='ltr'><strong>ο</strong></span> <span class='ocrx_word' id='word_1_632' title='bbox 525 4255 582 4310; x_wconf 87' lang='grc' dir='ltr'><strong>ἐν</strong></span> <span class='ocrx_word' id='word_1_633' title='bbox 605 4245 756 4326; x_wconf 80' lang='grc' dir='ltr'>ᾧπερ</span> <span class='ocrx_word' id='word_1_634' title='bbox 782 4254 947 4323; x_wconf 78' lang='grc' dir='ltr'>ἡμεῖς</span> <span class='ocrx_word' id='word_1_635' title='bbox 975 4249 1043 4304; x_wconf 78' lang='grc' dir='ltr'>τὰ</span> <span class='ocrx_word' id='word_1_636' title='bbox 1071 4247 1196 4316; x_wconf 80' lang='grc' dir='ltr'>ἔθνη</span> <span class='ocrx_word' id='word_1_637' title='bbox 1220 4247 1358 4312; x_wconf 85' lang='grc' dir='ltr'>τέως</span> <span class='ocrx_word' id='word_1_638' title='bbox 1409 4245 1890 4318; x_wconf 78' lang='grc' dir='ltr'>ἐπιχωριάζοντες,</span> 
     </span>
    </p>
   </div>
   <div class='ocr_carea' id='block_1_83' title="bbox 1986 4245 3572 4326">
    <p class='ocr_par' dir='ltr' id='par_1_83' title="bbox 1993 4247 3572 4318">
     <span class='ocr_line' id='line_1_83' title="bbox 1993 4247 3572 4318; baseline -0.003 -12"><span class='ocrx_word' id='word_1_639' title='bbox 1993 4250 2237 4306; x_wconf 66' lang='lat' dir='ltr'><strong>scientiae</strong></span> <span class='ocrx_word' id='word_1_640' title='bbox 2289 4249 2439 4304; x_wconf 89' lang='lat' dir='ltr'><strong>velut</strong></span> <span class='ocrx_word' id='word_1_641' title='bbox 2483 4247 2663 4302; x_wconf 89' lang='lat' dir='ltr'><strong>civica</strong></span> <span class='ocrx_word' id='word_1_642' title='bbox 2720 4261 2885 4302; x_wconf 88' lang='lat' dir='ltr'><strong>sensa</strong></span> <span class='ocrx_word' id='word_1_643' title='bbox 2945 4256 3261 4314; x_wconf 86' lang='lat' dir='ltr'><strong>morantes,</strong></span> <span class='ocrx_word' id='word_1_644' title='bbox 3312 4257 3572 4318; x_wconf 85' lang='lat' dir='ltr'><strong>tauquam</strong></span> 
     </span>
    </p>
   </div>
   <div class='ocr_carea' id='block_1_84' title="bbox 310 4335 1896 4412">
    <p class='ocr_par' dir='ltr' id='par_1_84' title="bbox 310 4335 1892 4412">
     <span class='ocr_line' id='line_1_84' title="bbox 310 4335 1892 4412; baseline -0.006 -14"><span class='ocrx_word' id='word_1_645' title='bbox 310 4344 420 4412; x_wconf 79' lang='grc' dir='ltr'>ἔξω</span> <span class='ocrx_word' id='word_1_646' title='bbox 454 4343 566 4397; x_wconf 81' lang='grc' dir='ltr'><strong>τῶν</strong></span> <span class='ocrx_word' id='word_1_647' title='bbox 604 4343 842 4398; x_wconf 82' lang='grc' dir='ltr'>ἀστικῶν</span> <span class='ocrx_word' id='word_1_648' title='bbox 879 4342 982 4412; x_wconf 80' lang='grc' dir='ltr'>τῆς</span> <span class='ocrx_word' id='word_1_649' title='bbox 1026 4338 1258 4410; x_wconf 86' lang='grc' dir='ltr'>ἀληθοῦς</span> <span class='ocrx_word' id='word_1_650' title='bbox 1298 4335 1554 4406; x_wconf 84' lang='grc' dir='ltr'>γνώσεως</span> <span class='ocrx_word' id='word_1_651' title='bbox 1582 4337 1892 4408; x_wconf 85' lang='grc' dir='ltr'>νοημάτων,</span> 
     </span>
    </p>
   </div>
   <div class='ocr_carea' id='block_1_85' title="bbox 1991 4335 3577 4412">
    <p class='ocr_par' dir='ltr' id='par_1_85' title="bbox 1993 4339 3577 4412">
     <span class='ocr_line' id='line_1_85' title="bbox 1993 4339 3577 4412; baseline -0.003 -14"><span class='ocrx_word' id='word_1_652' title='bbox 1993 4357 2222 4398; x_wconf 86' lang='lat' dir='ltr'><strong>errones</strong></span> <span class='ocrx_word' id='word_1_653' title='bbox 2257 4339 2483 4412; x_wconf 87' lang='lat' dir='ltr'><strong>quidam</strong></span> <span class='ocrx_word' id='word_1_654' title='bbox 2515 4349 2569 4395; x_wconf 89' lang='lat' dir='ltr'><strong>et</strong></span> <span class='ocrx_word' id='word_1_655' title='bbox 2599 4340 2720 4397; x_wconf 87' lang='lat' dir='ltr'><strong>sine</strong></span> <span class='ocrx_word' id='word_1_656' title='bbox 2763 4339 2992 4395; x_wconf 87' lang='lat' dir='ltr'><strong>civitate</strong></span> <span class='ocrx_word' id='word_1_657' title='bbox 3048 4340 3098 4394; x_wconf 89' lang='lat' dir='ltr'><strong>id</strong></span> <span class='ocrx_word' id='word_1_658' title='bbox 3145 4339 3412 4410; x_wconf 88' lang='lat' dir='ltr'><strong>temporis</strong></span> <span class='ocrx_word' id='word_1_659' title='bbox 3452 4355 3577 4395; x_wconf 88' lang='lat' dir='ltr'><strong>era-</strong></span> 
     </span>
    </p>
   </div>
   <div class='ocr_carea' id='block_1_86' title="bbox 311 4425 1897 4507">
    <p class='ocr_par' dir='ltr' id='par_1_86' title="bbox 311 4425 1896 4507">
     <span class='ocr_line' id='line_1_86' title="bbox 311 4425 1896 4507; baseline -0.006 -16"><span class='ocrx_word' id='word_1_660' title='bbox 311 4437 510 4507; x_wconf 79' lang='grc' dir='ltr'>ἀλῆταί</span> <span class='ocrx_word' id='word_1_661' title='bbox 561 4453 704 4500; x_wconf 86' lang='grc' dir='ltr'>τινες</span> <span class='ocrx_word' id='word_1_662' title='bbox 753 4435 876 4488; x_wconf 83' lang='grc' dir='ltr'>τότε</span> <span class='ocrx_word' id='word_1_663' title='bbox 925 4433 1020 4485; x_wconf 75' lang='grc' dir='ltr'><strong>καὶ</strong></span> <span class='ocrx_word' id='word_1_664' title='bbox 1072 4431 1324 4494; x_wconf 83' lang='grc' dir='ltr'>ἀπόλιδες</span> <span class='ocrx_word' id='word_1_665' title='bbox 1365 4425 1526 4501; x_wconf 83' lang='grc' dir='ltr'>ἦμεν,</span> <span class='ocrx_word' id='word_1_666' title='bbox 1575 4430 1746 4499; x_wconf 83' lang='grc' dir='ltr'>μήπω</span> <span class='ocrx_word' id='word_1_667' title='bbox 1794 4429 1896 4500; x_wconf 78' lang='grc' dir='ltr'>τῆς</span> 
     </span>
    </p>
   </div>
   <div class='ocr_carea' id='block_1_87' title="bbox 1993 4425 3579 4507">
    <p class='ocr_par' dir='ltr' id='par_1_87' title="bbox 1995 4429 3579 4495">
     <span class='ocr_line' id='line_1_87' title="bbox 1995 4429 3579 4495; baseline -0.005 -7"><span class='ocrx_word' id='word_1_668' title='bbox 1995 4448 2143 4495; x_wconf 89' lang='lat' dir='ltr'><strong>mus,</strong></span> <span class='ocrx_word' id='word_1_669' title='bbox 2177 4433 2410 4487; x_wconf 89' lang='lat' dir='ltr'><strong>necdum</strong></span> <span class='ocrx_word' id='word_1_670' title='bbox 2443 4440 2649 4488; x_wconf 70' lang='lat' dir='ltr'><strong>sanetae</strong></span> <span class='ocrx_word' id='word_1_671' title='bbox 2678 4431 2826 4484; x_wconf 90' lang='lat' dir='ltr'><strong>illius</strong></span> <span class='ocrx_word' id='word_1_672' title='bbox 2868 4437 2924 4484; x_wconf 88' lang='lat' dir='ltr'><strong>et</strong></span> <span class='ocrx_word' id='word_1_673' title='bbox 2965 4429 3136 4484; x_wconf 90' lang='lat' dir='ltr'><strong>divini</strong></span> <span class='ocrx_word' id='word_1_674' title='bbox 3186 4429 3426 4484; x_wconf 91' lang='lat' dir='ltr'><strong>tramitis</strong></span> <span class='ocrx_word' id='word_1_675' title='bbox 3474 4437 3579 4483; x_wconf 82' lang='lat' dir='ltr'><strong>ter-</strong></span> 
     </span>
    </p>
   </div>
   <div class='ocr_carea' id='block_1_88' title="bbox 314 4518 1900 4597">
    <p class='ocr_par' dir='ltr' id='par_1_88' title="bbox 314 4521 1895 4597">
     <span class='ocr_line' id='line_1_88' title="bbox 314 4521 1895 4597; baseline -0.006 -13"><span class='ocrx_word' id='word_1_676' title='bbox 314 4530 480 4597; x_wconf 83' lang='grc' dir='ltr'>ἁγίας</span> <span class='ocrx_word' id='word_1_677' title='bbox 508 4527 604 4582; x_wconf 72' lang='grc' dir='ltr'><strong>καὶ</strong></span> <span class='ocrx_word' id='word_1_678' title='bbox 624 4524 932 4588; x_wconf 76' lang='grc' dir='ltr'>θεοστιϐοῦς</span> <span class='ocrx_word' id='word_1_679' title='bbox 959 4523 1065 4594; x_wconf 80' lang='grc' dir='ltr'><strong>γῆς</strong></span> <span class='ocrx_word' id='word_1_680' title='bbox 1105 4523 1320 4576; x_wconf 85' lang='grc' dir='ltr'>πολῖται</span> <span class='ocrx_word' id='word_1_681' title='bbox 1365 4521 1650 4590; x_wconf 85' lang='grc' dir='ltr'>γενόμενοι</span> <span class='ocrx_word' id='word_1_682' title='bbox 1679 4538 1695 4554; x_wconf 77' lang='grc' dir='ltr'><strong><em>ο</em></strong></span> <span class='ocrx_word' id='word_1_683' title='bbox 1749 4521 1895 4590; x_wconf 85' lang='grc' dir='ltr'>λέγω</span> 
     </span>
    </p>
   </div>
   <div class='ocr_carea' id='block_1_89' title="bbox 1991 4518 3577 4597">
    <p class='ocr_par' dir='ltr' id='par_1_89' title="bbox 2003 4518 3577 4594">
     <span class='ocr_line' id='line_1_89' title="bbox 2003 4518 3577 4594; baseline -0.005 -14"><span class='ocrx_word' id='word_1_684' title='bbox 2003 4525 2213 4594; x_wconf 62' lang='lat' dir='ltr'><strong>raz(27)</strong></span> <span class='ocrx_word' id='word_1_685' title='bbox 2243 4524 2392 4578; x_wconf 86' lang='lat' dir='ltr'><strong>cives</strong></span> <span class='ocrx_word' id='word_1_686' title='bbox 2434 4522 2644 4590; x_wconf 80' lang='lat' dir='ltr'><strong>eﬂ‘ecti;</strong></span> <span class='ocrx_word' id='word_1_687' title='bbox 2693 4537 2846 4576; x_wconf 84' lang='lat' dir='ltr'><strong>novae</strong></span> <span class='ocrx_word' id='word_1_688' title='bbox 2893 4523 3117 4590; x_wconf 87' lang='lat' dir='ltr'><strong>inquam</strong></span> <span class='ocrx_word' id='word_1_689' title='bbox 3158 4519 3311 4575; x_wconf 90' lang='lat' dir='ltr'><strong>illius</strong></span> <span class='ocrx_word' id='word_1_690' title='bbox 3354 4518 3577 4575; x_wconf 83' lang='lat' dir='ltr'><strong>Jerusa-</strong></span> 
     </span>
    </p>
   </div>
   <div class='ocr_carea' id='block_1_90' title="bbox 313 4607 1899 4694">
    <p class='ocr_par' dir='ltr' id='par_1_90' title="bbox 313 4607 1892 4694">
     <span class='ocr_line' id='line_1_90' title="bbox 313 4607 1892 4694; baseline -0.009 -19"><span class='ocrx_word' id='word_1_691' title='bbox 313 4622 379 4694; x_wconf 84' lang='grc' dir='ltr'><strong>δὴ</strong></span> <span class='ocrx_word' id='word_1_692' title='bbox 407 4621 506 4690; x_wconf 77' lang='grc' dir='ltr'>τῆς</span> <span class='ocrx_word' id='word_1_693' title='bbox 529 4620 659 4682; x_wconf 88' lang='grc' dir='ltr'>νέας</span> <span class='ocrx_word' id='word_1_694' title='bbox 696 4614 1052 4685; x_wconf 80' lang='grc' dir='ltr'>Ἰερουσαλὴμ</span> <span class='ocrx_word' id='word_1_695' title='bbox 1079 4607 1148 4685; x_wconf 83' lang='grc' dir='ltr'>ἦς</span> <span class='ocrx_word' id='word_1_696' title='bbox 1197 4613 1389 4682; x_wconf 82' lang='grc' dir='ltr'>ὅρασις</span> <span class='ocrx_word' id='word_1_697' title='bbox 1420 4612 1648 4683; x_wconf 88' lang='grc' dir='ltr'>εἰρήνης</span> <span class='ocrx_word' id='word_1_698' title='bbox 1685 4613 1718 4682; x_wconf 93' lang='grc' dir='ltr'><strong>ή</strong></span> <span class='ocrx_word' id='word_1_699' title='bbox 1773 4611 1892 4665; x_wconf 81' lang='grc' dir='ltr'>εἴσ-</span> 
     </span>
    </p>
   </div>
   <div class='ocr_carea' id='block_1_91' title="bbox 2087 4607 3673 4694">
    <p class='ocr_par' dir='ltr' id='par_1_91' title="bbox 2087 4609 3673 4682">
     <span class='ocr_line' id='line_1_91' title="bbox 2087 4609 3673 4682; baseline -0.003 -16"><span class='ocrx_word' id='word_1_700' title='bbox 2087 4629 2129 4678; x_wconf 76' lang='grc' dir='ltr'><strong>ι,</strong></span> <span class='ocrx_word' id='word_1_701' title='bbox 2169 4613 2329 4682; x_wconf 86' lang='lat' dir='ltr'><strong>cujus</strong></span> <span class='ocrx_word' id='word_1_702' title='bbox 2373 4612 2636 4668; x_wconf 87' lang='lat' dir='ltr'><strong>introitus</strong></span> <span class='ocrx_word' id='word_1_703' title='bbox 2680 4613 2832 4682; x_wconf 88' lang='lat' dir='ltr'><strong>pacis</strong></span> <span class='ocrx_word' id='word_1_704' title='bbox 2878 4611 3021 4666; x_wconf 90' lang='lat' dir='ltr'><strong>visio</strong></span> <span class='ocrx_word' id='word_1_705' title='bbox 3067 4616 3154 4664; x_wconf 84' lang='lat' dir='ltr'><strong>est</strong></span> <span class='ocrx_word' id='word_1_706' title='bbox 3205 4609 3296 4673; x_wconf 88' lang='lat' dir='ltr'><strong>iis,</strong></span> <span class='ocrx_word' id='word_1_707' title='bbox 3351 4609 3445 4679; x_wconf 89' lang='lat' dir='ltr'><strong>qui</strong></span> <span class='ocrx_word' id='word_1_708' title='bbox 3481 4623 3580 4678; x_wconf 84' lang='lat' dir='ltr'><strong>per</strong></span> <span class='ocrx_word' id='word_1_709' title='bbox 3665 4642 3673 4654; x_wconf 73' lang='grc' dir='ltr'><strong>ι</strong></span> 
     </span>
    </p>
   </div>
   <div class='ocr_carea' id='block_1_92' title="bbox 313 4701 1899 4784">
    <p class='ocr_par' dir='ltr' id='par_1_92' title="bbox 313 4705 1896 4784">
     <span class='ocr_line' id='line_1_92' title="bbox 313 4705 1896 4784; baseline -0.014 -13"><span class='ocrx_word' id='word_1_710' title='bbox 313 4718 434 4780; x_wconf 88' lang='grc' dir='ltr'>οδος</span> <span class='ocrx_word' id='word_1_711' title='bbox 465 4716 580 4778; x_wconf 88' lang='grc' dir='ltr'>τοῖς</span> <span class='ocrx_word' id='word_1_712' title='bbox 605 4709 1083 4784; x_wconf 82' lang='grc' dir='ltr'>είσπορευομένοις</span> <span class='ocrx_word' id='word_1_713' title='bbox 1111 4707 1200 4760; x_wconf 82' lang='grc' dir='ltr'><strong>διὰ</strong></span> <span class='ocrx_word' id='word_1_714' title='bbox 1225 4706 1320 4760; x_wconf 86' lang='grc' dir='ltr'><strong>τοῦ</strong></span> <span class='ocrx_word' id='word_1_715' title='bbox 1339 4705 1714 4776; x_wconf 82' lang='grc' dir='ltr'>βαπτίσματος</span> <span class='ocrx_word' id='word_1_716' title='bbox 1747 4705 1896 4774; x_wconf 77' lang='grc' dir='ltr'>γίνε-</span> 
     </span>
    </p>
   </div>
   <div class='ocr_carea' id='block_1_93' title="bbox 1992 4701 3578 4784">
    <p class='ocr_par' dir='ltr' id='par_1_93' title="bbox 2003 4701 3578 4775">
     <span class='ocr_line' id='line_1_93' title="bbox 2003 4701 3578 4775; baseline -0.003 -15"><span class='ocrx_word' id='word_1_717' title='bbox 2003 4719 2219 4760; x_wconf 84' lang='lat' dir='ltr'><strong>sacrum</strong></span> <span class='ocrx_word' id='word_1_718' title='bbox 2278 4705 2551 4775; x_wconf 87' lang='lat' dir='ltr'><strong>baptisma</strong></span> <span class='ocrx_word' id='word_1_719' title='bbox 2605 4705 2658 4759; x_wconf 91' lang='lat' dir='ltr'><strong>in</strong></span> <span class='ocrx_word' id='word_1_720' title='bbox 2687 4719 2804 4759; x_wconf 88' lang='lat' dir='ltr'><strong>eam</strong></span> <span class='ocrx_word' id='word_1_721' title='bbox 2838 4703 3246 4775; x_wconf 83' lang='lat' dir='ltr'><strong>ingrediuntur.</strong></span> <span class='ocrx_word' id='word_1_722' title='bbox 3301 4701 3578 4756; x_wconf 83' lang='lat' dir='ltr'><strong>Mundatis</strong></span> 
     </span>
    </p>
   </div>
   <div class='ocr_carea' id='block_1_94' title="bbox 315 4793 1901 4876">
    <p class='ocr_par' dir='ltr' id='par_1_94' title="bbox 315 4798 1896 4876">
     <span class='ocr_line' id='line_1_94' title="bbox 315 4798 1896 4876; baseline -0.009 -14"><span class='ocrx_word' id='word_1_723' title='bbox 315 4825 428 4862; x_wconf 84' lang='grc' dir='ltr'>ται.</span> <span class='ocrx_word' id='word_1_724' title='bbox 454 4804 859 4876; x_wconf 79' lang='grc' dir='ltr'>Καθαιρόμενοι</span> <span class='ocrx_word' id='word_1_725' title='bbox 883 4802 994 4872; x_wconf 79' lang='grc' dir='ltr'><strong>γάρ</strong></span> <span class='ocrx_word' id='word_1_726' title='bbox 1041 4799 1119 4871; x_wconf 84' lang='grc' dir='ltr'>τῷ</span> <span class='ocrx_word' id='word_1_727' title='bbox 1142 4798 1355 4870; x_wconf 82' lang='grc' dir='ltr'>λουτρῷ</span> <span class='ocrx_word' id='word_1_728' title='bbox 1374 4798 1475 4868; x_wconf 79' lang='grc' dir='ltr'>τῆς</span> <span class='ocrx_word' id='word_1_729' title='bbox 1488 4799 1896 4868; x_wconf 86' lang='grc' dir='ltr'>ἀναγεννήσεως</span> 
     </span>
    </p>
   </div>
   <div class='ocr_carea' id='block_1_95' title="bbox 1989 4793 3575 4876">
    <p class='ocr_par' dir='ltr' id='par_1_95' title="bbox 2003 4793 3575 4873">
     <span class='ocr_line' id='line_1_95' title="bbox 2003 4793 3575 4873; baseline -0.004 -19"><span class='ocrx_word' id='word_1_730' title='bbox 2003 4800 2150 4854; x_wconf 89' lang='lat' dir='ltr'><strong>enim</strong></span> <span class='ocrx_word' id='word_1_731' title='bbox 2224 4799 2447 4873; x_wconf 83' lang='lat' dir='ltr'><strong>lavacro</strong></span> <span class='ocrx_word' id='word_1_732' title='bbox 2527 4797 2970 4869; x_wconf 77' lang='lat' dir='ltr'><strong>regenerationis</strong></span> <span class='ocrx_word' id='word_1_733' title='bbox 3029 4796 3228 4850; x_wconf 71' lang='lat' dir='ltr'><strong>animae</strong></span> <span class='ocrx_word' id='word_1_734' title='bbox 3283 4793 3575 4858; x_wconf 85' lang='lat' dir='ltr'><strong>sordibus,</strong></span> 
     </span>
    </p>
   </div>
   <div class='ocr_carea' id='block_1_96' title="bbox 313 4885 1899 4974">
    <p class='ocr_par' dir='ltr' id='par_1_96' title="bbox 313 4893 1898 4974">
     <span class='ocr_line' id='line_1_96' title="bbox 313 4893 1898 4974; baseline -0.004 -20"><span class='ocrx_word' id='word_1_735' title='bbox 313 4901 416 4966; x_wconf 70' lang='grc' dir='ltr'><strong>τὰς</strong></span> <span class='ocrx_word' id='word_1_736' title='bbox 439 4901 675 4972; x_wconf 78' lang='grc' dir='ltr'>ψυχικάς</span> <span class='ocrx_word' id='word_1_737' title='bbox 701 4901 945 4974; x_wconf 85' lang='grc' dir='ltr'>κηλίδας,</span> <span class='ocrx_word' id='word_1_738' title='bbox 978 4899 1164 4953; x_wconf 81' lang='grc' dir='ltr'>οὐκέτι</span> <span class='ocrx_word' id='word_1_739' title='bbox 1191 4897 1289 4962; x_wconf 80' lang='grc' dir='ltr'>τὰς</span> <span class='ocrx_word' id='word_1_740' title='bbox 1321 4897 1379 4964; x_wconf 81' lang='grc' dir='ltr'>ἐξ</span> <span class='ocrx_word' id='word_1_741' title='bbox 1409 4895 1588 4950; x_wconf 79' lang='grc' dir='ltr'>αὐτῶν</span> <span class='ocrx_word' id='word_1_742' title='bbox 1621 4893 1898 4965; x_wconf 76' lang='grc' dir='ltr'>ἁμαρτίας</span> 
     </span>
    </p>
   </div>
   <div class='ocr_carea' id='block_1_97' title="bbox 1995 4885 3581 4974">
    <p class='ocr_par' dir='ltr' id='par_1_97' title="bbox 2003 4885 3581 4960">
     <span class='ocr_line' id='line_1_97' title="bbox 2003 4885 3581 4960; baseline -0.005 -14"><span class='ocrx_word' id='word_1_743' title='bbox 2003 4891 2436 4960; x_wconf 86' lang='lat' dir='ltr'><strong>haudquaquam</strong></span> <span class='ocrx_word' id='word_1_744' title='bbox 2491 4889 2636 4944; x_wconf 90' lang='lat' dir='ltr'><strong>ultra</strong></span> <span class='ocrx_word' id='word_1_745' title='bbox 2681 4887 2824 4943; x_wconf 85' lang='lat' dir='ltr'><strong>inde</strong></span> <span class='ocrx_word' id='word_1_746' title='bbox 2883 4888 3045 4942; x_wconf 88' lang='lat' dir='ltr'><strong>nobis</strong></span> <span class='ocrx_word' id='word_1_747' title='bbox 3105 4885 3302 4941; x_wconf 75' lang='lat' dir='ltr'><strong>infesta</strong></span> <span class='ocrx_word' id='word_1_748' title='bbox 3354 4894 3581 4954; x_wconf 87' lang='lat' dir='ltr'><strong>peccata</strong></span> 
     </span>
    </p>
   </div>
   <div class='ocr_carea' id='block_1_98' title="bbox 315 4975 1901 5067">
    <p class='ocr_par' dir='ltr' id='par_1_98' title="bbox 315 4986 1896 5067">
     <span class='ocr_line' id='line_1_98' title="bbox 315 4986 1896 5067; baseline -0.006 -19"><span class='ocrx_word' id='word_1_749' title='bbox 315 4993 763 5067; x_wconf 81' lang='grc' dir='ltr'>ἀντιμαχομένας</span> <span class='ocrx_word' id='word_1_750' title='bbox 801 4997 934 5067; x_wconf 83' lang='grc' dir='ltr'>ἡμῖν</span> <span class='ocrx_word' id='word_1_751' title='bbox 971 4993 1191 5066; x_wconf 74' lang='grc' dir='ltr'>ἔχομεν.</span> <span class='ocrx_word' id='word_1_752' title='bbox 1249 4989 1411 5043; x_wconf 81' lang='grc' dir='ltr'>Ἀλλὰ</span> <span class='ocrx_word' id='word_1_753' title='bbox 1467 4990 1532 5061; x_wconf 85' lang='grc' dir='ltr'>τῇ</span> <span class='ocrx_word' id='word_1_754' title='bbox 1581 4989 1720 5042; x_wconf 81' lang='grc' dir='ltr'>κατὰ</span> <span class='ocrx_word' id='word_1_755' title='bbox 1773 4986 1896 5040; x_wconf 78' lang='grc' dir='ltr'>νοῦν</span> 
     </span>
    </p>
   </div>
   <div class='ocr_carea' id='block_1_99' title="bbox 1991 4975 3577 5067">
    <p class='ocr_par' dir='ltr' id='par_1_99' title="bbox 2005 4975 3577 5050">
     <span class='ocr_line' id='line_1_99' title="bbox 2005 4975 3577 5050; baseline -0.006 -11"><span class='ocrx_word' id='word_1_756' title='bbox 2005 4985 2294 5040; x_wconf 82' lang='lat' dir='ltr'><strong>habemus.</strong></span> <span class='ocrx_word' id='word_1_757' title='bbox 2312 4979 2464 5050; x_wconf 85' lang='lat' dir='ltr'><strong>&#39;Quin</strong></span> <span class='ocrx_word' id='word_1_758' title='bbox 2485 4980 2685 5036; x_wconf 80' lang='lat' dir='ltr'><strong>tuentis</strong></span> <span class='ocrx_word' id='word_1_759' title='bbox 2703 4979 3173 5050; x_wconf 86' lang='lat' dir='ltr'><strong>contemplatione</strong></span> <span class='ocrx_word' id='word_1_760' title='bbox 3191 4981 3245 5032; x_wconf 91' lang='lat' dir='ltr'><strong>lu</strong></span> <span class='ocrx_word' id='word_1_761' title='bbox 3271 4975 3577 5042; x_wconf 88' lang='lat' dir='ltr'><strong>Christum,</strong></span> 
     </span>
    </p>
   </div>
   <div class='ocr_carea' id='block_1_100' title="bbox 389 5136 2693 5218">
    <p class='ocr_par' dir='ltr' id='par_1_100' title="bbox 389 5136 2693 5218">
     <span class='ocr_line' id='line_1_100' title="bbox 389 5136 2693 5218; baseline -0.007 -7"><span class='ocrx_word' id='word_1_762' title='bbox 389 5153 628 5210; x_wconf 77' lang='lat' dir='ltr'><strong>&#39;Matth.</strong></span> <span class='ocrx_word' id='word_1_763' title='bbox 658 5136 774 5217; x_wconf 70' lang='grc' dir='ltr'>χὶι,</span> <span class='ocrx_word' id='word_1_764' title='bbox 797 5149 852 5207; x_wconf 84' lang='lat'><strong>9.</strong></span> <span class='ocrx_word' id='word_1_765' title='bbox 929 5161 960 5201; x_wconf 75' lang='grc' dir='ltr'><strong>ν</strong></span> <span class='ocrx_word' id='word_1_766' title='bbox 1011 5147 1340 5218; x_wconf 74' lang='lat' dir='ltr'><strong>ibid.15,l6.</strong></span> <span class='ocrx_word' id='word_1_767' title='bbox 1376 5145 1565 5202; x_wconf 62' lang='lat' dir='ltr'><strong>«una.</strong></span> <span class='ocrx_word' id='word_1_768' title='bbox 1615 5147 1699 5198; x_wconf 74' lang='grc' dir='ltr'><strong>Π.</strong></span> <span class='ocrx_word' id='word_1_769' title='bbox 1749 5151 1807 5181; x_wconf 59' lang='grc' dir='ltr'><strong>τ</strong></span> <span class='ocrx_word' id='word_1_770' title='bbox 1843 5143 2135 5208; x_wconf 69' lang='grc' dir='ltr'>ίεο.ιί,έ.</span> <span class='ocrx_word' id='word_1_771' title='bbox 2213 5150 2234 5178; x_wconf 78' lang='grc' dir='ltr'><strong>ε</strong></span> <span class='ocrx_word' id='word_1_772' title='bbox 2282 5141 2428 5196; x_wconf 81' lang='lat' dir='ltr'><strong>Psal.</strong></span> <span class='ocrx_word' id='word_1_773' title='bbox 2471 5156 2604 5206; x_wconf 66' lang='grc' dir='ltr'>τινα,</span> <span class='ocrx_word' id='word_1_774' title='bbox 2637 5141 2693 5194; x_wconf 84' lang='lat'><strong>9-</strong></span> 
     </span>
    </p>
   </div>
   <div class='ocr_carea' id='block_1_101' title="bbox 1649 5294 2318 5354">
    <p class='ocr_par' dir='ltr' id='par_1_101' title="bbox 1649 5294 2318 5354">
     <span class='ocr_line' id='line_1_101' title="bbox 1649 5294 2318 5354; baseline -0.004 1"><span class='ocrx_word' id='word_1_775' title='bbox 1649 5295 2036 5354; x_wconf 74' lang='lat' dir='ltr'><strong>COMBEFISII</strong></span> <span class='ocrx_word' id='word_1_776' title='bbox 2085 5294 2318 5352; x_wconf 75' lang='grc' dir='ltr'><strong>ΝΟΤᾸΞ.</strong></span> 
     </span>
    </p>
   </div>
   <div class='ocr_carea' id='block_1_102' title="bbox 390 5424 3586 5524">
    <p class='ocr_par' dir='ltr' id='par_1_102' title="bbox 390 5424 3586 5524">
     <span class='ocr_line' id='line_1_102' title="bbox 390 5424 3586 5524; baseline -0.008 -22"><span class='ocrx_word' id='word_1_777' title='bbox 390 5449 510 5524; x_wconf 70' lang='lat'><strong>(25)</strong></span> <span class='ocrx_word' id='word_1_778' title='bbox 545 5446 838 5524; x_wconf 61' lang='lat' dir='ltr'><strong>Veiut_gine</strong></span> <span class='ocrx_word' id='word_1_779' title='bbox 881 5459 1033 5524; x_wconf 55' lang='lat' dir='ltr'><strong>sensu</strong></span> <span class='ocrx_word' id='word_1_780' title='bbox 1091 5443 1399 5524; x_wconf 63' lang='lat' dir='ltr'><strong>manserint.</strong></span> <span class='ocrx_word' id='word_1_781' title='bbox 1594 5436 1894 5524; x_wconf 43' lang='grc' dir='ltr'><strong>κωφειῦσειιιΣ</strong></span> <span class='ocrx_word' id='word_1_782' title='bbox 2000 5435 2147 5524; x_wconf 73' lang='lat' dir='ltr'><strong>quod</strong></span> <span class='ocrx_word' id='word_1_783' title='bbox 2184 5429 2511 5495; x_wconf 80' lang='lat' dir='ltr'><strong>reddideris,</strong></span> <span class='ocrx_word' id='word_1_784' title='bbox 2541 5427 2610 5482; x_wconf 85' lang='lat' dir='ltr'><strong>Et</strong></span> <span class='ocrx_word' id='word_1_785' title='bbox 2657 5429 2844 5481; x_wconf 78' lang='lat' dir='ltr'><strong>domus</strong></span> <span class='ocrx_word' id='word_1_786' title='bbox 2878 5426 2998 5488; x_wconf 81' lang='lat' dir='ltr'><strong>illa.</strong></span> <span class='ocrx_word' id='word_1_787' title='bbox 3041 5431 3266 5494; x_wconf 81' lang='lat' dir='ltr'><strong>propter</strong></span> <span class='ocrx_word' id='word_1_788' title='bbox 3293 5437 3332 5487; x_wconf 78' lang='grc' dir='ltr'><strong><em>Π</em></strong></span> <span class='ocrx_word' id='word_1_789' title='bbox 3363 5424 3586 5499; x_wconf 70' lang='lat' dir='ltr'><strong>empha-</strong></span> 
     </span>
    </p>
   </div>
   <div class='ocr_carea' id='block_1_103' title="bbox 319 5507 1905 5588">
    <p class='ocr_par' dir='ltr' id='par_1_103' title="bbox 319 5507 1900 5588">
     <span class='ocr_line' id='line_1_103' title="bbox 319 5507 1900 5588; baseline -0.012 -9"><span class='ocrx_word' id='word_1_790' title='bbox 319 5507 415 5579; x_wconf 66' lang='lat' dir='ltr'><strong>Sié</strong></span> <span class='ocrx_word' id='word_1_791' title='bbox 445 5507 673 5588; x_wconf 62' lang='lat' dir='ltr'><strong>eipouit</strong></span> <span class='ocrx_word' id='word_1_792' title='bbox 707 5515 1254 5588; x_wconf 56' lang='lat' dir='ltr'><strong>llesyehmte&#39;peiiaat,</strong></span> <span class='ocrx_word' id='word_1_793' title='bbox 1286 5507 1702 5581; x_wconf 62' lang='grc' dir='ltr'>ἀναισθητῆσαιζ</span> <span class='ocrx_word' id='word_1_794' title='bbox 1737 5507 1900 5564; x_wconf 75' lang='lat' dir='ltr'><strong>Velut</strong></span> 
     </span>
    </p>
   </div>
   <div class='ocr_carea' id='block_1_104' title="bbox 609 5507 2195 5588">
    <p class='ocr_par' dir='ltr' id='par_1_104' title="bbox 613 5507 2195 5588">
     <span class='ocr_line' id='line_1_104' title="bbox 613 5507 2195 5588; baseline -0.008 -18"><span class='ocrx_word' id='word_1_795' title='bbox 613 5519 673 5571; x_wconf 79' lang='lat' dir='ltr'><strong>iit</strong></span> <span class='ocrx_word' id='word_1_796' title='bbox 707 5515 1254 5588; x_wconf 65' lang='lat' dir='ltr'><strong>llesych.xto&#39;peﬁaat,</strong></span> <span class='ocrx_word' id='word_1_797' title='bbox 1286 5507 1702 5581; x_wconf 67' lang='lat' dir='ltr'><strong>dvaqut-qaat.</strong></span> <span class='ocrx_word' id='word_1_798' title='bbox 1737 5507 1900 5564; x_wconf 75' lang='lat' dir='ltr'><strong>Veiut</strong></span> <span class='ocrx_word' id='word_1_799' title='bbox 2000 5511 2195 5588; x_wconf 29' lang='grc' dir='ltr'>ιιι-ρει..</span> 
     </span>
    </p>
   </div>
   <div class='ocr_carea' id='block_1_105' title="bbox 320 5569 1906 5650">
    <p class='ocr_par' dir='ltr' id='par_1_105' title="bbox 320 5569 1837 5650">
     <span class='ocr_line' id='line_1_105' title="bbox 320 5569 1837 5650; baseline -0.011 -1"><span class='ocrx_word' id='word_1_800' title='bbox 320 5569 863 5650; x_wconf 56' lang='grc' dir='ltr'><strong>ῐὲὶἑτξιέἕιὶίόξδτάε.</strong></span> <span class='ocrx_word' id='word_1_801' title='bbox 894 5569 1204 5649; x_wconf 14' lang='grc' dir='ltr'>οινόὶἒιίιιιτ,</span> <span class='ocrx_word' id='word_1_802' title='bbox 1240 5569 1342 5638; x_wconf 82' lang='lat' dir='ltr'><strong>lsa.</strong></span> <span class='ocrx_word' id='word_1_803' title='bbox 1375 5597 1448 5636; x_wconf 77' lang='lat' dir='ltr'><strong>vi.</strong></span> <span class='ocrx_word' id='word_1_804' title='bbox 1503 5569 1514 5581; x_wconf 86' lang='grc'><em>’</em></span> <span class='ocrx_word' id='word_1_805' title='bbox 1577 5569 1587 5580; x_wconf 84' lang='grc'><em>’</em></span> <span class='ocrx_word' id='word_1_806' title='bbox 1625 5648 1643 5650; x_wconf 21' lang='grc' dir='ltr'><em>ᾉ</em></span> <span class='ocrx_word' id='word_1_807' title='bbox 1724 5649 1728 5650; x_wconf 13' lang='grc' dir='ltr'>ί</span> <span class='ocrx_word' id='word_1_808' title='bbox 1830 5648 1837 5650; x_wconf 14' lang='grc' dir='ltr'><strong>Α</strong></span> 
     </span>
    </p>
   </div>
   <div class='ocr_carea' id='block_1_106' title="bbox 1998 5569 3584 5650">
    <p class='ocr_par' dir='ltr' id='par_1_106' title="bbox 2077 5569 3584 5650">
     <span class='ocr_line' id='line_1_106' title="bbox 2077 5569 3584 5650; baseline -0.003 -20"><span class='ocrx_word' id='word_1_809' title='bbox 2077 5573 2412 5650; x_wconf 71' lang='lat' dir='ltr'><strong>(27)__Dirini</strong></span> <span class='ocrx_word' id='word_1_810' title='bbox 2437 5573 2678 5650; x_wconf 64' lang='lat' dir='ltr'><strong>tramitis</strong></span> <span class='ocrx_word' id='word_1_811' title='bbox 2729 5569 3232 5650; x_wconf 45' lang='grc' dir='ltr'>ιενῖωᾙεοστιᾷοῦς</span> <span class='ocrx_word' id='word_1_812' title='bbox 3264 5569 3390 5650; x_wconf 67' lang='grc' dir='ltr'>γῆς.</span> <span class='ocrx_word' id='word_1_813' title='bbox 3427 5569 3584 5650; x_wconf 82' lang='lat' dir='ltr'><strong>Velut</strong></span> 
     </span>
    </p>
   </div>
   <div class='ocr_carea' id='block_1_107' title="bbox 396 5641 3586 5731">
    <p class='ocr_par' dir='ltr' id='par_1_107' title="bbox 396 5641 3586 5731">
     <span class='ocr_line' id='line_1_107' title="bbox 396 5641 3586 5731; baseline -0.005 -20"><span class='ocrx_word' id='word_1_814' title='bbox 396 5641 830 5731; x_wconf 50' lang='grc' dir='ltr'>ζὲθῖειάοηηιε</span> <span class='ocrx_word' id='word_1_815' title='bbox 850 5641 1054 5710; x_wconf 67' lang='lat' dir='ltr'><strong>corum.</strong></span> <span class='ocrx_word' id='word_1_816' title='bbox 1097 5655 1155 5708; x_wconf 89' lang='grc' dir='ltr'>Ὁ</span> <span class='ocrx_word' id='word_1_817' title='bbox 1191 5641 1354 5731; x_wconf 60' lang='grc' dir='ltr'>ὀἶξιος</span> <span class='ocrx_word' id='word_1_818' title='bbox 1373 5651 1582 5731; x_wconf 40' lang='grc' dir='ltr'>αὐτῷν..</span> <span class='ocrx_word' id='word_1_819' title='bbox 1606 5648 1898 5731; x_wconf 47' lang='grc' dir='ltr'>ιιόοἰίνξιη</span> <span class='ocrx_word' id='word_1_820' title='bbox 2005 5641 2336 5731; x_wconf 57' lang='grc' dir='ltr'>ηυξιιιιύυιεε</span> <span class='ocrx_word' id='word_1_821' title='bbox 2367 5644 2544 5731; x_wconf 68' lang='lat' dir='ltr'><strong>calcet</strong></span> <span class='ocrx_word' id='word_1_822' title='bbox 2575 5651 2628 5699; x_wconf 92' lang='lat' dir='ltr'><strong>et</strong></span> <span class='ocrx_word' id='word_1_823' title='bbox 2664 5641 2906 5697; x_wconf 86' lang='lat' dir='ltr'><strong>incedat.</strong></span> <span class='ocrx_word' id='word_1_824' title='bbox 2941 5642 3032 5698; x_wconf 85' lang='lat' dir='ltr'><strong>Sic</strong></span> <span class='ocrx_word' id='word_1_825' title='bbox 3062 5644 3226 5698; x_wconf 85' lang='lat' dir='ltr'><strong>etiam</strong></span> <span class='ocrx_word' id='word_1_826' title='bbox 3257 5641 3490 5714; x_wconf 82' lang='lat' dir='ltr'><strong>Gregor.</strong></span> <span class='ocrx_word' id='word_1_827' title='bbox 3526 5645 3586 5702; x_wconf 84' lang='lat' dir='ltr'><strong>in</strong></span> 
     </span>
    </p>
   </div>
   <div class='ocr_carea' id='block_1_108' title="bbox 321 5717 2583 5792">
    <p class='ocr_par' dir='ltr' id='par_1_108' title="bbox 321 5717 2583 5792">
     <span class='ocr_line' id='line_1_108' title="bbox 321 5717 2583 5792; baseline -0.008 -5"><span class='ocrx_word' id='word_1_828' title='bbox 321 5717 521 5790; x_wconf 49' lang='lat' dir='ltr'><strong>aui-toi-</strong></span> <span class='ocrx_word' id='word_1_829' title='bbox 551 5729 608 5779; x_wconf 91' lang='lat' dir='ltr'><strong>in</strong></span> <span class='ocrx_word' id='word_1_830' title='bbox 637 5740 702 5778; x_wconf 84' lang='lat' dir='ltr'><strong>ea</strong></span> <span class='ocrx_word' id='word_1_831' title='bbox 741 5739 890 5792; x_wconf 86' lang='lat' dir='ltr'><strong>voce,</strong></span> <span class='ocrx_word' id='word_1_832' title='bbox 921 5739 1140 5780; x_wconf 82' lang='lat' dir='ltr'><strong>eorum:</strong></span> <span class='ocrx_word' id='word_1_833' title='bbox 1187 5725 1279 5779; x_wconf 90' lang='lat' dir='ltr'><strong>sed</strong></span> <span class='ocrx_word' id='word_1_834' title='bbox 1343 5739 1449 5776; x_wconf 86' lang='lat' dir='ltr'><strong>non</strong></span> <span class='ocrx_word' id='word_1_835' title='bbox 1499 5722 1700 5776; x_wconf 81' lang='lat' dir='ltr'><strong>habent</strong></span> <span class='ocrx_word' id='word_1_836' title='bbox 1739 5720 1897 5785; x_wconf 71' lang='lat' dir='ltr'><strong>Vulg.</strong></span> <span class='ocrx_word' id='word_1_837' title='bbox 2006 5729 2254 5772; x_wconf 83' lang='lat' dir='ltr'><strong>sanctum</strong></span> <span class='ocrx_word' id='word_1_838' title='bbox 2291 5717 2583 5784; x_wconf 79' lang='lat' dir='ltr'><strong>baptisma.</strong></span> 
     </span>
    </p>
   </div>
   <div class='ocr_carea' id='block_1_109' title="bbox 323 5795 1897 5871">
    <p class='ocr_par' dir='ltr' id='par_1_109' title="bbox 323 5795 1897 5871">
     <span class='ocr_line' id='line_1_109' title="bbox 323 5795 1897 5871; baseline -0.01 -12"><span class='ocrx_word' id='word_1_839' title='bbox 323 5813 422 5864; x_wconf 76' lang='lat' dir='ltr'><strong>aut</strong></span> <span class='ocrx_word' id='word_1_840' title='bbox 451 5795 620 5871; x_wconf 66' lang='grc' dir='ltr'>ωςχ,</span> <span class='ocrx_word' id='word_1_841' title='bbox 647 5811 709 5848; x_wconf 86' lang='lat' dir='ltr'><strong>ac</strong></span> <span class='ocrx_word' id='word_1_842' title='bbox 742 5811 908 5864; x_wconf 76' lang='lat' dir='ltr'><strong>neque</strong></span> <span class='ocrx_word' id='word_1_843' title='bbox 949 5795 1172 5852; x_wconf 69' lang='lat' dir='ltr'><strong>Hebraea</strong></span> <span class='ocrx_word' id='word_1_844' title='bbox 1210 5795 1301 5848; x_wconf 87' lang='lat' dir='ltr'><strong>ubi</strong></span> <span class='ocrx_word' id='word_1_845' title='bbox 1334 5802 1545 5848; x_wconf 86' lang='lat' dir='ltr'><strong>tantum</strong></span> <span class='ocrx_word' id='word_1_846' title='bbox 1584 5800 1664 5846; x_wconf 87' lang='lat' dir='ltr'><strong>est</strong></span> <span class='ocrx_word' id='word_1_847' title='bbox 1692 5798 1856 5850; x_wconf 52' lang='lat' dir='ltr'><strong>nam</strong></span> <span class='ocrx_word' id='word_1_848' title='bbox 1887 5809 1897 5843; x_wconf 93' lang='lat'><strong>:</strong></span> 
     </span>
    </p>
   </div>
  </div>
