4016 6130
466 339 572 405 999

1676 334 1742 394 S.
1771 330 2099 392 ANDRErE
2139 327 2561 390 CRETENSIS

3600 310 3740 376 10ιο

465 447 767 506 Paciﬁcum
805 448 958 503 illum
1008 446 1144 519 (28),
1178 445 1560 517 respicientes,
1607 442 2043 514 Hierosolymitre

2173 441 2359 511 ἐωρίᾳ
2409 441 2544 511 πρὸς
2589 437 2681 490 τὸν
2724 434 2823 505 τῆς
2871 433 3094 505 εἰρήνης
3141 427 3555 491 ἀποϐλέποντες
3600 426 3748 519 ,Χρι-

467 541 691 612 preprie
725 546 780 594 et
809 538 1077 594 ellicimur
1100 545 1153 592 et
1188 537 1446 591 dicimur.

539 722 609 772 At
638 715 811 771 Judaei
847 714 1090 785 quidem,
1130 721 1407 785 quotquot
1439 711 1644 767 Christi
1679 711 1890 766 lumine
1916 710 2044 764 illu-

468 810 633 866 strari
670 808 859 863 animo
904 806 1227 871 uoluerunt,
1279 805 1500 874 lugeant
1544 819 1607 858 ac
1654 804 2044 867 lameutcntur,

411 958 415 962 ς
469 901 626 955 l'umo
658 910 711 953 et
743 897 1001 970 lacrymis
1027 897 1193 967 pleni.
1219 896 1309 951 Sic
1332 897 1476 951 enim
1506 895 1574 949 iis
1610 895 1749 950 solet
1776 893 2049 957 accidere,

469 992 565 1062 qui
604 991 756 1045 fumo
783 991 1035 1046 sensibili
1071 989 1361 1060 propiores
1385 988 1679 1044 accedunt.
1713 986 1823 1042 Nos
1845 994 2048 1048 autem,

412 1142 421 1161 ἂ
467 1076 741 1149 quotquot
774 1095 840 1133 eo
884 1081 1091 1134 lumine
1126 1080 1448 1143 irradiante,
1494 1078 1780 1133 inductum
1829 1084 2056 1145 peccato

469 1173 599 1243 :rgri
634 1173 787 1226 visus
826 1172 1142 1242 depulimtts
1170 1171 1385 1238 vitium,
1425 1173 1638 1224 alacres
1670 1169 1724 1222 in
1759 1182 2054 1223 occursum

470 1280 690 1318 eamus.
745 1262 1024 1317 Excamus
1083 1262 1372 1327 Sodomis,
1437 1260 1761 1316 Gomorrhae
1820 1259 2057 1315 nefanda

479 1356 780 1425 fugiamus,
816 1354 979 1409 saluti
1019 1354 1073 1408 in
1109 1363 1295 1408 monte
1336 1353 1715 1409 consulamus.
1751 1351 1877 1407 Sole
1913 1351 2061 1406 occi-

474 1450 642 1504 dente
674 1463 780 1503 uua
829 1449 885 1501 in
942 1449 1116 1517 Segor
1144 1447 1484 1501 occidamus.
1537 1444 1623 1499 Sit
1670 1444 1833 1498 nobis
1891 1440 2062 1511 Segor

473 1540 765 1593 humilitas
798 1536 1050 1603 Domini;
1082 1552 1189 1605 qua
1225 1536 1558 1591 immensum
1600 1549 1837 1603 magnus
1860 1531 2064 1586 deitate

475 1640 686 1687 nostrae
716 1631 998 1700 particeps
1047 1630 1303 1683 humana:
1350 1635 1583 1689 natura).
1634 1626 1901 1680 minimus
1934 1624 2064 1680 ell‘e-

476 1734 604 1779 ctus
636 1733 753 1794 est,
797 1735 963 1793 atque
1011 1722 1324 1777 Cherubico
1355 1720 1608 1775 insidens
1664 1720 1883 1782 throno,
1942 1718 2063 1788 ipse

2157 533 2300 599 στὸν,
2337 531 2768 603 Ἱεροσολυμῖται
2800 526 3005 596 κυρίως
3046 525 3141 577 καὶ
3170 519 3442 593 γινόμεθα
3465 520 3563 573 καὶ
3593 517 3752 587 λεγό-

2154 625 2317 695 μεΟα.

2225 716 2337 771 Καὶ
2379 712 2653 767 Ἰουδαίων
2691 712 2790 782 μὲν
2817 696 3029 773 παῖδες,
3062 704 3279 776 ὅσοιτῷ
3315 702 3454 774 φωτὶ
3486 702 3583 758 τοίε
3612 703 3755 773 Χρι-

2155 807 2281 860 στοῦ
2307 807 2705 878 διαυγασθῆναι
2745 807 2838 861 τὸν
2887 806 3015 861 νοῦν
3073 803 3149 876 μὴ
3181 802 3756 875 τεθελήκασιν,οίμω-

2155 902 2398 965 ζέτωσαν
2439 902 2533 953 καὶ
2572 901 2965 971 θρηνείτωσαν,
3009 896 3379 969 πληρούμενοι
3414 895 3628 950 καπνοῦ
3655 896 3759 948 καὶ

2155 994 2427 1065 δακρύων.
2472 994 2657 1048 Ταῦτα
2702 995 2816 1064 γὰρ
2854 992 3177 1063 συμϐαίνειν
3208 990 3356 1061 φιλεῖ
3393 992 3507 1054 τοῖς
3554 988 3761 1058 αἰσθη-

2157 1085 2265 1149 τῶς
2315 1086 2393 1155 τῷ
2451 1085 2644 1156 καπνῷ
2707 1084 3142 1157 πλησιάζουσιν·
3173 1087 3338 1156 ἡμεῖς
3393 1082 3472 1148 δὲ,
3519 1082 3637 1136 ὅσοι
3671 1082 3762 1152 τῷ

2161 1177 2300 1245 φωτὶ
2334 1175 2813 1243 καταυγασθέντες
2857 1175 2958 1244 τὴν
2988 1175 3048 1238 ἐξ
3077 1174 3356 1245 ἁμαρτίας
3404 1173 3764 1243 έπεισαχθεῖ-

2164 1284 2260 1319 σαν
2287 1267 2650 1333 ἀμϐλυωπίαν
2687 1266 3182 1337 ἀποϐεϐλήκαμεν,
3233 1266 3409 1336 ἴωμεν
3450 1264 3766 1337 προθύμως

2161 1360 2253 1411 ἐπὶ
2293 1358 2389 1428 τὴν
2441 1360 2790 1429 συνάντησιν.
2835 1358 3175 1427 Ἐξέλθωμεν
3207 1357 3440 1427 Σόδομα,
3486 1356 3766 1427 φύγωμεν

2162 1451 2230 1504 τὰ
2259 1450 2589 1522 Γομμὸῥρας
2619 1449 2931 1522 ἀπόρρητα,
2983 1450 3065 1512 είς
3106 1449 3168 1501 τὸ
3193 1447 3323 1518 ὅρος
3355 1448 3646 1516 σωθῶμεν,
3674 1448 3768 1512 είς

2165 1540 2365 1612 Σηγὼρ
2393 1541 2470 1610 τῷ
2494 1541 2629 1611 ἡλίῳ
2649 1541 2895 1611 δυομένῳ
2923 1539 3447 1609 συγκαταδύσωμ-εν.
3503 1539 3770 1593 Γενέσθω

2166 1636 2297 1703 ἡμῖν
2323 1632 2519 1703 Σηγὼρ
2554 1635 2588 1701 ὴ
2619 1631 2712 1685 τοῦ
2741 1631 2948 1702 Κυρίου
2976 1630 3327 1696 ταπείνωσις,
3361 1630 3485 1683 καθ’
3510 1630 3578 1700 ῆν
3606 1630 3772 1683 ἀπει-

2168 1724 2475 1796 ρομεγέθης
2530 1723 2607 1777 ῶν
2657 1727 2724 1795 τῇ
2780 1724 3016 1791 θεότητι,
3073 1722 3441 1794 σμικρότατος
3483 1723 3585 1793 τῆς
3632 1724 3773 1777 καθ’

475 1816 766 1886 Seraphim
799 1812 1234 1885 iuaspectabilis,
1268 1828 1435 1882 super
1478 1812 1685 1881 pullum
1716 1810 1857 1866 sedit
1887 1810 2056 1864 lilium

2173 1816 2316 1885 ἡμᾶς
2349 1817 2403 1868 έν
2438 1815 2654 1885 μεθέξει
2689 1814 2913 1882 γέγονεν
2943 1812 3391 1884 ἀνθρωπότητος.
3427 1814 3524 1867 καὶ
3566 1814 3772 1885 θρόνον

478 1908 807 1977 subjugalis.
843 1905 922 1961 Ne
952 1905 1083 1975 quid
1131 1919 1263 1972 ergo
1297 1919 1486 1957 eorum
1532 1918 1653 1972 qua:
1702 1903 1960 1956 furantur
2001 1916 2064 1955 ac

479 2000 815 2054 subtrahunt
840 2011 1087 2060 sensum,
1113 1996 1460 2049 alacritatem
1482 2002 1727 2049 nostram
1756 1993 2017 2049 minucrit
2046 2009 2059 2044 :

477 2107 589 2147 non
622 2106 762 2146 uxor
793 2105 957 2159 quam
992 2103 1171 2158 nuper
1195 2090 1539 2155 duxerimus,
1569 2103 1678 2142 ιιοη
1695 2101 1823 2158 ager
1848 2096 2065 2154 emptus

479 2182 548 2235 de
587 2197 753 2244 novo,
792 2195 900 2234 non
932 2189 1113 2233 metus
1139 2177 1571 2243 Pharismorum,
1603 2194 1710 2231 non
1746 2177 2065 2231 Scribarum

481 2269 811 2331 reverentia,
849 2283 958 2323 non
992 2269 1072 2320 ira
1121 2265 1364 2336 Caiphae.
1395 2265 1474 2321 Ne
1503 2266 1634 2337 quid
1688 2258 1915 2335 parvum
1951 2281 2066 2320 ma—

479 2376 720 2432 gnumve
762 2358 1143 2415 cxcitatiorem
1206 2358 1351 2412 hunc
1387 2359 1610 2428 pictatis
1642 2373 1867 2412 cursum
1902 2356 2067 2411 hebe-

483 2454 733 2507 taverit:
792 2451 888 2507 sed
931 2459 989 2505 ut
1051 2450 1258 2519 Christi
1313 2449 1501 2517 amici,
1571 2449 1940 2520 discipuliun
2003 2463 2069 2503 ac

481 2552 812 2610 sectatores,
867 2543 1093 2599 Christo
1148 2544 1361 2611 pariter
1415 2557 1799 2597 occurramus.
1856 2540 2067 2595 Bonum

479 2646 567 2692 est
593 2645 652 2691 ut
682 2637 878 2690 iisdem
910 2638 977 2690 de
1006 2634 1228 2689 Christo
1250 2635 1455 2690 studiis
1482 2648 1870 2703 occurramus,
1904 2641 2071 2703 atque

483 2728 552 2782 ad
612 2727 923 2796 passionem
982 2726 1299 2796 properanti
1365 2725 1528 2780 simul
1587 2725 1818 2779 comites
1872 2723 2066 2779 simus.

482 2817 822 2879 Jucundum,
851 2817 1040 2871 videre
1080 2816 1283 2882 Regem
1326 2822 1674 2869 mansuetum
1699 2815 1844 2870 velut
1874 2816 2070 2885 exiguo

485 2910 717 2975 ferculo,
760 2909 840 2964 sic
863 2909 1015 2980 pullo
1048 2906 1403 2971 insidentem,
1428 2921 1641 2975 suaque
1670 2905 1847 2976 ipsum
1874 2914 2072 2976 sponte

486 3019 588 3073 pro
620 3004 686 3059 iis
715 3003 808 3071 qui
844 3017 1052 3056 morem
1089 3008 1309 3070 gerunt,
1339 3000 1478 3052 mori
1521 3000 1836 3067 eligentem.
1873 2999 2073 3055 Conci-

483 3095 580 3150 dat
621 3093 796 3150 fastus
847 3093 1138 3161 omnisque
1198 3090 1456 3146 elationis
1514 3099 1722 3154 tumor,
1781 3090 1871 3145 ubi
1926 3092 2071 3147 Deus

484 3200 655 3240 carne
720 3184 948 3238 humilis
989 3183 1188 3246 factus,
1252 3180 1603 3251 festinusque
1659 3180 1727 3235 ad
1761 3184 2073 3252 passionem

486 3277 861 3347 conspicitur.
904 3274 1051 3329 Vidit
1086 3274 1342 3329 infernus
1395 3282 1835 3343 percontantem,
1896 3294 1915 3327 ι
1972 3274 2077 3331 Ubi

485 3369 752 3440 posuistis
784 3385 802 3418 ι
823 3368 1084 3422 Lazarum
1128 3366 1187 3419 l?
1221 3375 1531 3436 putansque
1564 3366 1840 3420 hominem
1870 3367 2075 3421 nudum

485 3459 582 3529 qui
622 3468 1072 3529 percontaretur,
1110 3457 1165 3511 in
1195 3458 1469 3513 Deitatem
1513 3456 1767 3521 oﬂcndit,
1798 3457 2076 3527 jubentis-

487 3566 594 3621 que
627 3559 1018 3606 consternatus
1049 3564 1206 3611 voce,
1251 3564 1413 3618 quem
1449 3550 1614 3618 paulo
1653 3558 1780 3603 ante
1805 3549 1855 3601 vi
1889 3557 2076 3618 tyran-

487 3645 613 3699 nica
655 3643 836 3697 luerat
863 3639 1238 3710 depraedatns,
1276 3640 1395 3709 ipsa
1436 3639 1572 3693 hora
1617 3639 1813 3707 jussus
1864 3638 2072 3693 invitus

487 3735 754 3789 evomuit.
785 3730 907 3785 Non
949 3732 1093 3786 enim
1138 3731 1405 3786 resistere
1436 3737 1654 3800 poterat
1684 3733 1802 3784 voci
1837 3728 2075 3783 Domini-

488 3841 587 3880 (ιω.
616 3824 737 3879 Mox
772 3824 920 3878 enim
954 3832 1013 3876 ut
1036 3822 1157 3890 ejus
1188 3823 1487 3876 clamorem
1532 3820 1719 3876 emisit
1750 3819 1842 3889 qui
1897 3819 2074 3888 ipsius

490 3918 720 3986 diripuit
755 3917 952 3986 spolia,
983 3914 1177 3970 relicta
1207 3915 1296 3969 ille
1330 3913 1536 3984 prada,
1578 3913 1644 3967 ad
1692 3913 1943 3966 ultimum
1980 3928 2073 3981 pe.-

491 4020 712 4073 taurum
748 4008 861 4079 (29)
904 4008 1156 4074 secessit,
1197 4022 1309 4061 non
1343 4007 1553 4061 habens
1586 4000 1679 4061 ubi
1713 4006 1912 4061 timore
1944 4020 2070 4075 per-

490 4115 690 4156 cussus
726 4100 966 4154 latebras
997 4107 1290 4168 quaereret.

565 4189 765 4245 Vidisti
812 4199 1078 4259 quantum
1126 4188 1453 4245 humilitatis
1508 4189 1820 4244 sublimitas
1858 4189 2074 4243 valeat?

493 4283 634 4353 Ergo
666 4282 1037 4336 humilitatem
1073 4292 1371 4348 sectemur,
1408 4284 1810 4352 amplectamur
1842 4298 2072 4353 pauper-

2169 1905 2308 1977 ἔχων
2337 1906 2405 1982 τὰ
2435 1905 2740 1975 Χερουϐὶμ,
2769 1906 2863 1957 ἐπὶ
2886 1904 3069 1956 πῶλον
3095 1905 3212 1956 υἱὸν
3245 1904 3546 1972 ὑποζυγίου
3587 1905 3771 1958 κεκά-

2169 1998 2339 2062 θικεν,
2392 2000 2420 2051 ὀ
2461 2001 2575 2061 τοῖς
2630 1997 2885 2068 Σεραφὶμ
2931 1996 3269 2068 ἀθεώρητος.
3300 1996 3392 2066 Μὴ
3439 1993 3535 2051 οὖν
3560 2015 3619 2050 τι
3663 1999 3771 2069 τῆς

2168 2086 2478 2157 προθυμίας
2533 2089 2679 2157 ἡμᾶς
2746 2087 2966 2156 ἐπιστῇ,
3029 2086 3138 2138 τῶν
3202 2086 3305 2139 ὃσα
3371 2085 3599 2138 κλέπτει
3661 2086 3773 2154 τὴν

2169 2174 2458 2247 αἴσθησιν·
2502 2176 2577 2246 μὴ
2615 2174 2804 2247 νύμφη
2854 2175 3181 2246 νεόνυμφος,
3215 2177 3291 2246 μὴ
3337 2176 3507 2246 ἀγρὸς
3557 2175 3775 2247 νεώνη-

2168 2281 2281 2327 τος,
2322 2264 2397 2336 μὴ
2440 2265 2754 2335 Φαρισαίων
2802 2265 2990 2333 φόϐος,
3028 2265 3103 2336 μὴ
3154 2266 3542 2336 Γραμματέων
3571 2263 3771 2329 αἰδὼς,

2174 2356 2250 2427 μὴ
2274 2358 2498 2426 Καῖὰφα
2537 2357 2729 2428 θυμός.
2760 2358 2851 2428 Μή
2888 2363 2969 2427 ct:
2986 2357 3182 2428 μικρὸν
3209 2358 3242 2428 ἢ
3279 2358 3421 2427 μέγα
3462 2358 3562 2430 τὴν
3586 2357 3774 2412 τοιαύ-

2169 2465 2270 2519 την
2302 2450 2432 2520 ἡμῖν
2469 2450 2815 2505 ὲπικοπτέτω
2853 2449 2954 2519 τῆς
2977 2449 3262 2513 εὐσεϐείας
3293 2451 3495 2521 ὁρμὴν,
3541 2449 3660 2503 ἀλλ’
3686 2449 3772 2511 ὡς

2169 2539 2409 2610 Χριστοῦ
2439 2538 2582 2607 φίλοι
2615 2539 2710 2591 καὶ
2742 2538 2943 2608 μύσται
2989 2539 3085 2591 καὶ⁸
3113 2538 3327 2604 ὀπαδοὶ,
3364 2538 3590 2609 Χριστῷ
3636 2555 3771 2590 συν-

2171 2631 2520 2699 αντήσωμεν.
2584 2628 2765 2682 Καλὸν
2821 2627 2898 2699 τῷ
2955 2628 3178 2701 Χριστῷ
3232 2633 3614 2700 συναντῆσαι,
3665 2630 3772 2683 καὶ

2172 2720 2312 2792 πρὸς
2362 2720 2441 2790 τῷ
2484 2720 2680 2773 παθεῖν
2738 2720 3082 2792 ἐπειγομένῳ
3128 2720 3475 2790 συνέψεσθαι.
3519 2723 3774 2793 Τερπνὸν

2176 2814 2301 2866 ἰδεῖν
2325 2812 2551 2883 βασιλέα
2586 2814 2783 2884 πρᾶον,
2817 2812 2892 2877 ὡς
2916 2814 3007 2866 ἐπὶ
3045 2814 3249 2885 μικρᾶς
3281 2814 3553 2879 στιϐάδος,
3597 2814 3774 2889 πώλῳ

2172 2905 2639 2981 ὲνθρονιζόμενον,
2667 2905 2882 2959 καὶτῶν
2914 2906 3171 2975 ὑπηκόων
3197 2896 3526 2977 ὑπερθανεῖν
3566 2927 3773 2978 προαι-

2178 2997 2460 3069 ρούμενον.
2504 2997 2759 3051 Πιπτέτω
2787 2996 2955 3066 τύφος
2990 2999 3085 3052 καὶ
3135 3000 3243 3065 πᾶς
3278 3000 3568 3071 ὲπάρσεως
3600 3002 3774 3070 ὄγκος

2175 3089 2308 3141 Θεὸν
2339 3091 2503 3161 σαρκὶ
2536 3089 2969 3160 ταπεινούμενον
3001 3090 3241 3161 βλέπων,
3273 3093 3534 3165 καὶπρὸς
3560 3094 3625 3147 τὸ
3660 3112 3777 3149 m-

2178 3183 2290 3236 θεῖν
2320 3183 2700 3251 ἐπειγόμενον.
2739 3178 2894 3237 Εἷδεν
2937 3182 3072 3254 ᾅδης
3106 3183 3397 3254 ἐρωτῶντα
3416 3201 3431 3216 ·
3484 3203 3506 3236 ε
3530 3183 3643 3239 Ποῦ
3670 3203 3771 3239 τε·-

2177 3271 2394 3324 θείκατε
2421 3271 2713 3343 Λάζαρον;
2746 3290 2764 3324 ι
2796 3273 2893 3327 κα)⁵
2921 3273 3148 3341 νομίσας
3175 3273 3463 3344 ἄνθρωπον
3497 3269 3640 3329 εἶναι
3674 3275 3773 3329 τὸν

2175 3362 2465 3430 ἐρωτῶντα
2498 3361 2676 3429 ψιλὸν,
2730 3361 3040 3433 προσέκοψε
3066 3364 3131 3432 τῇ
3180 3361 3411 3433 Θεότητι
3438 3380 3452 3394 ·
3488 3364 3581 3416 καὶ
3628 3364 3774 3434 πτή-

2178 3449 2274 3516 ξας
2323 3453 2422 3521 τὴν
2474 3451 2661 3523 φωνὴν
2707 3453 2801 3506 τοῦ
2851 3451 3231 3516 κελεύσαντος,
3289 3451 3351 3504 δν
3403 3452 3510 3523 πρὸ
3566 3452 3774 3522 μικροῦ

2175 3543 2516 3616 τυραννικῶς
2559 3531 2930 3616 ἀπεσύλησεν,
2984 3544 3230 3615 αὑθωρὸν
3261 3543 3573 3605 κελευσθεὶς
3599 3544 3773 3597 ἀκου-

2179 3636 2311 3699 σίως
2375 3635 2657 3706 ἐξέμεσεν.
2711 3638 2787 3690 Οὐ
2834 3637 2942 3708 γὰρ
2989 3636 3176 3690 ἔσθενε
3234 3637 3373 3708 προς
3425 3635 3775 3706 Δεσποτικὴν

2177 3727 2496 3796 ἀντιστῆναι
2551 3729 2754 3798 φωνήν.
2801 3728 2890 3791 Ὠς
2948 3728 3058 3800 γὰρ
3129 3728 3290 3799 μόνον
3344 3728 3695 3800 ἐκραύγασεν
3745 3731 3776 3781 ὁ

2174 3819 2482 3889 διαρπάσας
2530 3821 2698 3873 αὑτοῦ
2749 3821 2818 3875 τὰ
2877 3820 3054 3875 σκῦλα
3085 3860 3100 3886 ,
3168 3820 3483 3874 καταλιπὼν
3560 3821 3777 3885 ἐκεῖνος

2175 3910 2235 3963 τὸ
2298 3911 2540 3982 λάφυρον
2572 3902 2613 3978 ,’
2659 3901 2805 3982 πρὸς
2865 3912 2927 3965 τὸ
2989 3912 3220 3983 ἔσχατον
3294 3912 3492 3984 ἐχώρει
3566 3912 3779 3966 dnu-

2181 4018 2273 4073 ρον
2297 4004 2364 4061 ⁸⁵.
2404 4004 2505 4055 οὑκ
2543 4002 2682 4074 ἔχων
2732 4004 2856 4058 ὅποι
2901 4004 2979 4076 τῷ
3027 4004 3178 4076 φόϐῳ
3210 4003 3454 4076 βληθεὶς,
3519 3986 3787 4075 ἁποκρύέ

2179 4108 2384 4149 πτοιτο.

2254 4182 2405 4249 Εἶδες
2454 4182 2545 4242 οἶα
2600 4187 2827 4243 δύναται
2881 4188 2943 4242 τὸ
2997 4187 3128 4261 ὕψος
3177 4191 3276 4260 τῆς
3335 4193 3777 4260 ταπεινώσεωςς

2181 4283 2389 4336 Οὐκοῦν
2414 4284 2863 4356 ταπεινωθῶμεν,
2883 4288 3315 4357 πτωχεύσωμεν,
3341 4288 3430 4340 ἵνα
3457 4288 3786 4360 πλουτήσω-

492 4383 660 4429 tatem
695 4382 753 4429 ut
789 4374 1089 4429 ellieiamur
1133 4374 1355 4430 divites.
1406 4374 1711 4430 Gustcmus
1760 4391 1977 4431 crucem
2016 4386 2066 4430 ut

2184 4393 2302 4440 μεν.
2332 4375 2668 4448 Γευσώμεθα
2698 4378 2955 4449 σταυροῦ,
2980 4379 3069 4434 ἵνα
3101 4380 3249 4450 ζωῆς
3279 4381 3606 4452 γλυκασμοῦ
3639 4384 3782 4435 ἀπο-

570 4550 588 4585 ί
612 4547 772 4603 Joan.‘
806 4565 886 4611 ιι,
911 4548 1003 4603 ⁸54.

1772 4689 2008 4747 ἾΑΒΗΕ
2039 4691 2452 4752 LECTIONES.

600 4825 645 4859 νδ
690 4824 986 4896 Πέταυρον,
1018 4823 1214 4890 imum,
1236 4824 1463 4880 ultimus
1495 4840 1771 4883 recessus.

1795 4962 2182 5018 COMBEFlSll
2226 4963 2462 5020 NOTIE.

566 5125 679 5198 (28)
720 5122 784 5179 In
810 5124 1080 5198 Christum
1125 5125 1619 5198 paci/icmnjuuin.
1650 5123 1752 5176 Τὸν
1789 5124 1888 5198 τῆς
1932 5126 2080 5195 εξρὴ·

495 5195 613 5269 νης.
644 5198 850 5269 Αιιυιῃι
877 5196 940 5250 ad
972 5196 1148 5269 verba
1179 5196 1269 5269 Dei
1306 5197 1359 5269 iu
1395 5195 1745 5269 Saltimmtem
1804 5196 2078 5249 referente

499 5264 724 5330 Davide,
754 5269 767 5320 l
793 5266 916 5322 Par.
948 5283 1082 5327 χχιι.
1126 5266 1179 5329 9,
1209 5268 1296 5321 ubi
1328 5268 1478 5335 Vulg.
1519 5265 1582 5319 Et
1613 5264 1675 5317 ob
1697 5266 1833 5317 hanc
1858 5274 2078 5329 causam

495 5340 750 5410 paciﬁcus
779 5339 1102 5410 vocabitur;
1140 5338 1284 5393 LXX
1342 5347 1522 5410 autem
1563 5345 1777 5410 retenta
1810 5335 2079 5390 chraiea

497 5406 633 5469 voce
662 5425 676 5462 :
712 5409 837 5464 Ὅτι
876 5409 1157 5479 Σαλωμὼν
1178 5410 1348 5479 ὄνομα
1378 5408 1546 5478 αύτῷ.
1736 5406 1749 5425 ⁸

568 5480 681 5550 (29)
703 5481 785 5533 Ad
807 5476 1051 5550 ulliumni
1073 5476 1372 5549 petaurum.
1398 5476 1619 5550 “posse
1632 5478 1858 5548 ἔσχατον
1879 5476 2077 5547 ἐχώρει

501 5549 791 5618 πεταυρον.
826 5549 1008 5604 Utitur
1043 5568 1106 5605 ea
1137 5568 1265 5606 Voce
1297 5551 1459 5604 etiam
1509 5549 1840 5618 Naucratitts
1860 5551 2078 5617 egregia

501 5620 593 5672 illa
618 5617 844 5688 epistola
884 5623 1253 5675 cousnlaturia
1296 5620 1363 5674 de
1406 5621 1555 5673 obitu
1587 5622 1764 5687 sancti
1803 5617 2077 5671 TM'Ullll‘l

505 5687 756 5759 Studttre,
798 5706 960 5757 quam
993 5709 1056 5744 ex
1087 5692 1252 5758 lli-.gia
1284 5704 1417 5759 gaza
1457 5693 1632 5743 habeo
1666 5699 2076 5758 exspectantem

509 5758 739 5826 prelum.
759 5760 861 5829 Mil
875 5759 1016 5829 ἁλῷς
1048 5763 1125 5823 είς
1155 5758 1424 5830 πὲοηυρω
1460 5759 1609 5830 ᾅδου,
1637 5762 1726 5814 ubi
1777 5768 1952 5830 potest
1986 5774 2078 5813 ac-

2182 5125 2687 5207 cipi'vellaque‘us,
2710 5128 2795 5182 vel
2822 5128 2986 5207 etiam
3012 5130 3178 5207 locus
3213 5130 3393 5188 instar
3425 5146 3633 5199 cavea,
3664 5149 3780 5204 quo

2185 5197 2313 5248 mali
2341 5199 2489 5271 velut
2512 5199 2928 5271 aviculaatenti,
2959 5203 3023 5253 ad
3058 5217 3278 5257 onmem
3314 5215 3553 5271 paveant
3587 5197 3779 5260 occ-ur-

2184 5281 2330 5328 smn,
2370 5269 2516 5343 velut
2580 5269 2734 5343 Gaia
2758 5270 2870 5343 ille,
2914 5271 3075 5343 cujus
3108 5273 3180 5326 ibi
3218 5269 3534 5343 exetiiplum
3567 5277 3723 5330 δῦθι-ι
3757 5293 3773 5329 :

2183 5351 2293 5413 quo
2324 5338 2688 5413 e_tiam_modo
2725 5341 2812 5394 hic
2845 5338 3020 5410 accipi
3055 5350 3253 5412 potest,
3317 5338 3397 5396 ιη’
3427 5346 3779 5413 signiﬁcetur

2106 5450 2111 5463 ,
2184 5406 2461 5481 diabolus,
2501 5409 2675 5481 instar
2704 5413 2951 5477 paventis
2973 5406 3239 5481 'ga'lliuae,
3291 5406 3508 5467 statqu
3527 5419 3594 5469 ad
3620 5417 3780 5472 audi-

2186 5485 2294 5529 tam
2332 5476 2799 5551 Doutiui‘vocein,
2838 5476 3308 5551 velut'gallinarii
3351 5499 3614 5540 recessus
3640 5488 3776 5541 ulti-

2182 5562 2323 5625 ntos,
2358 5548 2463 5625 ima
2492 5549 2693 5603 inl‘erni
2724 5554 2940 5625 petiis~e
2979 5567 2992 5603 :
3031 5548 3110 5607 sic
3160 5572 3224 5609 cx
3268 5567 3593 5625 contemptu
3626 5557 3778 5612 dicto

2183 5618 2276 5671 illo
2309 5619 2650 5697 captivorum
2682 5623 2976 5697 Spirituum
3007 5625 3216 5680 infelici
3250 5627 3388 5680 loco.
3424 5618 3595 5680 Plura
3630 5627 3779 5683 The-

2183 5703 2278 5741 sau
2290 5703 2381 5742 rus
2409 5694 2650 5765 _appeud.
