4016 6130
300 275 486 343 ‘1005

1497 279 1577 341 ΙΝ
1609 280 1863 339 RAMOS
1901 275 2354 339 PALMARUM.

3460 278 3595 348 1908

341 392 478 448 πολὺ
529 382 797 463 πρότερον
846 391 1327 463 {inaniinani}
1382 393 1471 447 ὅτε
1524 395 1617 447 τὸν
1666 394 1915 465 Λάζαρον

2022 406 2184 459 quam
2215 390 2482 443 Lazarum
2513 388 2870 444 suscitasset.
2912 387 2968 443 Si
2999 391 3144 445 enim
3178 391 3249 445 ita
3277 391 3483 448 factum
3509 413 3603 453 cs-

338 484 580 554 ῆγειρεν.
620 484 682 535 Et
717 485 825 553 γάρ
876 481 1021 536 τοῦτ’
1071 485 1317 552 ἐγεγόνει
1356 486 1541 557 τυχὸν,
1584 488 1686 542 οὐκ
1719 488 1786 541 ἂν
1834 489 1914 551 είς

339 574 501 627 τοῦτο
544 574 750 641 τάξεως
808 573 1069 639 Ἰουδαίας
1121 575 1260 647 ἤχθη
1315 576 1383 630 τά
1420 580 1746 649 πράγματα.
1804 580 1917 632 Καὶ

346 666 464 729 πῶς
508 666 574 720 ἂν
608 666 947 738 ἐπληροῦντο
981 669 1036 721 αἱ
1083 670 1259 737 φωναὶ
1298 669 1406 722 τῶν
1439 670 1774 739 προφητῶν;
1808 671 1917 725 Καὶ

346 758 457 826 μὴν
505 757 767 821 πολλάκις
813 758 1171 830 βουληθέντες
1224 760 1438 829 βάλλειν
1484 762 1571 813 ἐπ’
1627 762 1788 814 αὐτὸν
1818 762 1917 825 τάς

342 851 548 919 χεῖρας,
599 851 660 903 οὑ
708 851 1105 923 τετολμήκατε.
1147 870 1167 903 t
1197 852 1363 906 Οὔπω
1408 852 1517 925 γὰρ
1543 855 1669 924 ἥκει
1725 857 1758 924 ῆ
1798 853 1917 931 ε’ὗρα

339 940 526 994 αὐτοῦ.
564 940 853 1011 Θεωρεῖτε,
907 942 1093 1012 φησιν,
1139 943 1224 996 ὅτι
1272 944 1373 995 οὐκ
1419 943 1679 1012 ὠφελεῖτε
1718 946 1914 1012 οὖδὲν;

347 1030 472 1095 Ἴδε,
509 1033 538 1084 6
590 1016 794 1101 κόσμος
822 1032 944 1095 ὅλος
983 1034 1158 1087 ὀπίσω
1184 1034 1350 1087 αὐτοῦ
1382 1026 1617 1106 ἀπῆλθε.
1658 1055 1678 1089 ι
1709 1037 1822 1090 Καὶ
1866 1040 1917 1091 εί

340 1125 369 1175 ὀ
408 1124 612 1193 κόσμος
648 1124 769 1186 ὅλος
807 1125 987 1179 ὀπίσω
1021 1126 1115 1179 τοῦ
1146 1124 1323 1194 φωτὸς
1365 1108 1604 1196 ἀπῆλθε,
1632 1129 1684 1182 τί
1716 1130 1792 1200 μὴ
1820 1130 1916 1185 καὶ

341 1216 502 1284 ὑμεῖς
546 1215 609 1269 τὸ
649 1217 841 1280 σκότος
892 1219 990 1289 τῆς
1040 1218 1266 1286 ἀγνοίας
1293 1219 1584 1290 ἀφέμενοι,
1621 1222 1797 1276 ὀπίσω
1820 1223 1915 1277 τοῦ

341 1307 520 1376 φωτὸς
548 1308 913 1379 άποτρέχετες
945 1310 1011 1363 Τί
1040 1310 1115 1380 μὴ
1139 1310 1217 1381 τῷ
1241 1309 1482 1378 φαίνοντι
1510 1312 1611 1381 τῆς
1641 1312 1915 1367 δικαιοσύ-

340 1415 437 1467 νης
495 1397 638 1468 ἡλίῳ
672 1400 1018 1470 συντρέχετε,
1046 1401 1147 1469 τὴν
1180 1404 1238 1453 ὲν
1273 1401 1567 1472 γράμματι
1591 1404 1686 1458 καὶ
1722 1403 1917 1470 τύποις

342 1489 502 1540 σκιὰν
525 1491 961 1561 παρατρέχοντες
988 1509 1003 1557 ;
1040 1492 1103 1545 Τί
1136 1492 1209 1562 μὴ
1239 1491 1301 1543 τὸ
1334 1492 1601 1563 κάλυμμα
1626 1495 1727 1565 τῆς
1754 1496 1915 1550 ἀϐλε-

339 1578 470 1647 qua;
521 1579 827 1651 διάραντες,
880 1582 1014 1652 πρὸς
1065 1582 1273 1659 τὸῃτῆς
1316 1582 1577 1654 ἀληθείας
1626 1586 1913 1655 ἐπείγεσθε

342 1668 494 1738 φῶςς
560 1689 579 1723 ι
611 1672 737 1736 Ἴδε,
785 1674 972 1741 φησὶν,
1029 1675 1058 1727 6
1105 1673 1311 1743 κόσμος
1364 1676 1484 1740 ὅλος
1527 1676 1703 1731 ὀπίσω
1745 1679 1912 1733 αὐτοῦ

339 1761 576 1831 ἀπῆλθε.
609 1781 629 1815 ι
661 1763 726 1816 Τί
756 1764 845 1831 δέ;
893 1765 995 1819 οὐκ
1033 1742 1219 1819 ὲκοτοῦ
1249 1767 1456 1838 κόσμου
1485 1768 1681 1839 ὖμεῖς;
1713 1770 1824 1823 Καὶ
1859 1770 1913 1823 τί
1947 1742 1989 1799 Β

337 1854 504 1923 δῆτα;
535 1855 641 1907 Τοῦ
686 1856 895 1926 κόσμου
932 1858 1135 1921 παντὸς
1170 1859 1399 1923 ἑαυτοὺς
1442 1860 1910 1931 ἀποῤῥηγνῦντες,

337 1947 403 1998 οὐ
434 1946 669 1999 παύεσθε
715 1948 813 2017 τῆς
866 1948 1056 2020 ζάλης,
1089 1950 1183 2001 καὶ
1230 1948 1309 2019 τῷ
1353 1949 1544 2022 κόσμῳ
1591 1953 1914 2023 συντρέχετε

340 2035 474 2106 πρὸς
503 2036 564 2087 τὸ
587 2036 681 2088 τοῦ
720 2039 926 2107 κόσμου
953 2039 1251 2109 Σωτήριον,
1285 2039 1374 2093 ἵνα
1407 2040 1482 2109 μὴ
1510 2041 1607 2093 σὺν
1628 2042 1703 2111 τῷ
1724 2044 1915 2115 κόσμῳ

338 2127 752 2198 κατακριθῆτε;
808 2128 1010 2201 Κόσμῳ
1054 2130 1225 2201 ποίῳ;
1269 2131 1358 2200 Τῷ
1403 2132 1478 2201 μὴ
1523 2133 1798 2201 ἐπι-γνόντι
1825 2135 1914 2188 τὸν

340 2220 647 2289 ποιήσαντα
694 2220 877 2284 αὐτὸν,
921 2221 1059 2291 μηδὲ
1106 2223 1342 2275 συνιέντι
1369 2222 1459 2276 τὸν
1499 2223 1605 2276 ὑπὸ
1632 2224 1739 2277 τῶν
1767 2241 1916 2295 προ-

340 2310 529 2381 φητῶν
553 2313 645 2365 καὶ
678 2314 858 2383 πάσης
889 2311 1076 2377 ἁπλῶς
1122 2313 1483 2368 θεοπνεύστου
1509 2315 1734 2387 Γραφῆς
1778 2334 1913 2388 προ-

338 2398 775 2471 κεκηρυγμένον,
834 2400 894 2463 ὅς
940 2401 1087 2453 ἐστιν
1137 2402 1171 2471 ἡ
1228 2401 1527 2473 προσδοκία
1579 2401 1691 2455 τῶν
1719 2401 1913 2467 ἐθνῶν,

339 2480 437 2542 καὶ
466 2489 561 2542 τοῦ
596 2489 816 2558 Ἰσραὴλ
850 2490 884 2559 ἡ
916 2490 1284 2561 παράκλησις.
1329 2510 1348 2542 ι
1377 2490 1649 2561 Θεωρεῖτε
1697 2492 1779 2544 ὅτι
1814 2492 1917 2545 οὐκ

337 2581 601 2651 ὠφελεῖτε
629 2581 817 2646 οὒδὲνς
874 2580 1004 2647 Ἴδε,
1049 2584 1078 2635 6
1118 2582 1324 2652 κόσμος
1372 2582 1492 2646 ὅλος
1535 2581 1711 2636 ὀπίσω
1747 2583 1913 2637 αὑτοῦ

336 2672 574 2743 ἀπῆλθε.
605 2690 627 2725 ι
665 2673 774 2727 Καὶ
818 2673 868 2726 εί
899 2673 1002 2726 οὐκ
1028 2672 1332 2744 ὠφελοῦσιν
1359 2674 1535 2739 οὐδὲν,
1569 2675 1747 2746 μάτην
1787 2676 1916 2745 ὑμῖν

336 2766 410 2818 τά
446 2765 547 2836 τῆς
578 2765 859 2829 ἀπονοίας.
914 2767 995 2830 είς
1044 2765 1202 2819 κενὸν
1237 2765 1270 2817 ὀ
1318 2766 1499 2837 ζῆλος,
1549 2766 1847 2838 ἀσυντελὴς
1882 2769 1915 2838 ἡ

332 2858 508 2930 ὀρμή.
542 2858 604 2912 El
634 2857 693 2911 δὲ
724 2860 752 2911 ὀ
792 2858 999 2927 κόσμος
1032 2857 1154 2921 ὅλος
1191 2858 1366 2912 ὀπίσω
1403 2859 1569 2913 αὐτοῦ
1603 2859 1834 2928 ἀπῆλθε,
1863 2857 1918 2913 τί

340 2949 421 3021 μὴ
474 2950 568 3003 καὶ
612 2950 772 3019 ὑμεῖς
812 2948 890 3020 τῷ
928 2950 1122 3019 κόσμῳ
1168 2949 1511 3020 στοιχοῦντες
1545 2949 1913 3020 συντρέχετες

2020 490 2125 543 set,
2181 497 2287 534 non
2322 494 2387 534 eo
2442 478 2630 534 forsan
2683 492 2772 533 res
2837 477 3038 535 Judrcae
3090 490 3277 538 essent
3338 485 3591 541 redactae.

2018 573 2153 639 Quoi
2178 574 2463 629 enimvero
2489 572 2558 625 ita
2585 572 2949 641 itnplerentur
2975 576 3361 645 pmphetarum
3383 580 3596 634 voces?

2018 666 2183 735 Atqui
2217 682 2343 720 cum
2382 681 2526 736 smpe
2551 666 2867 723 voluissetis
2891 668 3109 724 mittere
3135 669 3337 725 incum
3370 687 3590 739 manus,

2020 772 2128 809 non
2162 755 2299 812 estis
2352 756 2521 811 ausi:
2566 775 2585 808 ι
2644 756 2896 813 Nondum
2962 760 3112 812 enim
3170 762 3390 833 venerat
3460 764 3593 818 hora

2016 849 2139 915 ejus
2169 886 2183 901 .
2254 844 2479 910 Videtis,
2515 846 2717 918 inquit,
2748 848 2877 919 quia
2928 849 3063 904 nihil
3111 848 3378 920 proﬁcitis
3406 854 3430 906 ?
3455 854 3596 911 Ecce

2020 937 2259 993 mundus
2296 946 2446 992 totus
2488 950 2614 1010 post
2636 955 2760 995 eum
2789 940 2964 995 abiit.
2998 959 3018 991 ι
3055 942 3219 1012 Atqui
3271 943 3318 999 si
3356 946 3595 1002 mundus

2019 1036 2168 1082 totus
2199 1028 2333 1082 abiit
2378 1038 2502 1098 post
2548 1031 2751 1094 lucem,
2821 1029 3015 1099 quidni
3073 1041 3126 1086 et
3181 1032 3310 1104 ipsi,
3362 1035 3594 1105 abiectis

2019 1118 2346 1189 ignorantiae
2372 1121 2636 1185 tenebris,
2671 1132 2794 1192 post
2826 1124 3001 1177 lucem
3040 1122 3198 1179 abire
3232 1127 3591 1185 contenditis.

2017 1210 2247 1277 Quidni,
2277 1211 2481 1267 omissa
2508 1212 2724 1276 umbra,
2748 1214 2800 1267 in
2833 1212 3119 1284 Scriptura
3150 1224 3205 1270 et
3225 1216 3413 1285 ﬁguris
3441 1221 3594 1288 posi-

2019 1311 2092 1366 ta,
2129 1317 2238 1356 una
2264 1304 2492 1360 curritis
2521 1319 2648 1358 eum
2675 1306 2937 1361 illucente
2963 1308 3080 1362 sole
3110 1307 3341 1376 iustitiae
3365 1309 3390 1363 ‘!
3421 1309 3594 1377 Quid-

2016 1394 2303 1457 ni,amoto
2348 1396 2617 1452 caecitatis
2675 1398 2966 1463 velamine,
3018 1398 3086 1453 ad
3121 1399 3304 1456 lumen
3344 1403 3596 1459 veritatis

2015 1486 2329 1553 properatis
2353 1486 2378 1539 ?
2404 1504 2421 1538 ι
2454 1486 2620 1550 Ecce,
2648 1487 2849 1556 inquit,
2871 1487 3114 1543 mundus
3142 1495 3291 1544 totus
3312 1498 3437 1560 post
3462 1508 3589 1547 eunt

2017 1575 2195 1631 abiit.
2236 1595 2256 1628 ι
2290 1576 2433 1644 Quid
2477 1576 2577 1631 ita?
2621 1575 2880 1647 Nunquid
2924 1588 2980 1633 et
3026 1593 3125 1634 vos
3181 1594 3292 1634 non
3346 1583 3483 1639 estis
3528 1583 3598 1639 de

2016 1665 2266 1719 mundo?
2297 1668 2575 1733 Quorsum
2619 1682 2771 1733 vero,
2817 1674 2934 1722 toto
2965 1683 3067 1723 vos
3106 1670 3314 1726 mundo
3365 1672 3599 1728 abrum-

2016 1767 2229 1824 pentes,
2272 1772 2382 1811 non
2410 1756 2661 1811 desinitis
2688 1768 2823 1812 a-stu
2844 1756 3080 1824 jactari?
3105 1756 3202 1813 Vel
3232 1774 3358 1816 cum
3392 1764 3598 1818 mundo

2016 1847 2227 1903 currite
2255 1847 2323 1901 ad
2357 1846 2542 1901 mundi
2572 1846 2826 1903 Salutare
2850 1848 3009 1914 illud,
3044 1836 3104 1903 ut
3130 1864 3349 1905 necum
3389 1853 3597 1910 mundo

2014 1933 2351 1989 damnemini
2383 1974 2399 1987 .
2427 1936 2563 1989 Cum
2590 1952 2702 2006 quo
2732 1937 2979 1991 mundo?
3017 1936 3216 2007 Utique
3244 1955 3368 1994 cuin
3401 1956 3466 1996 eo
3498 1946 3597 2013 qtti

2015 2042 2123 2080 non
2152 2029 2375 2098 agnovit
2418 2039 2700 2083 auctorem
2749 2043 2931 2093 suum,
2976 2045 3079 2085 nec
3118 2046 3244 2086 eum
3299 2032 3593 2099 intellexit,

2014 2118 2256 2188 quiante
2306 2135 2334 2172 a
2388 2119 2689 2189 prophetis.
2738 2119 3001 2190 omnique
3033 2136 3264 2191 prorsus
3318 2123 3589 2181 divinitus

2016 2210 2280 2278 inspirata
2306 2210 2591 2280 Scriptura
2628 2210 2961 2279 praedicatus
2995 2211 3138 2280 fuit;
3167 2229 3318 2281 eum,
3343 2217 3594 2287 inquam,

2015 2304 2107 2370 qui
2147 2308 2231 2355 est
2261 2292 2605 2371 exspectatio
2630 2303 2899 2372 gentium,
2929 2311 2986 2357 et
3016 2306 3332 2361 consolatio
3383 2310 3550 2365 Israel
3573 2348 3593 2363 .

2021 2411 2041 2444 ι
2083 2392 2288 2447 Videtis
2320 2395 2450 2463 quia
2478 2394 2614 2447 nihil
2648 2394 2963 2463 proiicitisl
2994 2395 3134 2452 Ecce
3168 2398 3409 2456 mundus
3442 2408 3596 2457 totus

2015 2493 2140 2553 post
2167 2497 2290 2537 eum
2330 2482 2508 2537 abiit.
2549 2501 2567 2533 ι
2608 2481 2923 2548 Enimvero,
2960 2484 3234 2553 siquidem
3260 2487 3397 2541 nihil
3430 2488 3598 2557 proii-

2015 2574 2194 2639 ciunt,
2239 2573 2447 2630 frustra
2479 2573 2627 2631 cedit
2650 2574 2811 2629 vobis
2839 2575 3078 2641 insania,
3107 2576 3293 2633 inanis
3316 2587 3404 2634 est
3426 2596 3598 2635 annu-

2018 2665 2168 2730 latio,
2197 2666 2410 2719 inutilis
2433 2665 2672 2736 impetus
2692 2707 2705 2722 .
2749 2664 2908 2732 Quod
2942 2666 2990 2722 si
3021 2670 3264 2724 mundus
3295 2678 3446 2726 totus
3469 2682 3596 2741 post

2015 2774 2143 2814 eum
2175 2759 2333 2825 abiit,
2364 2758 2560 2828 quidni
2587 2766 2643 2814 et
2670 2758 2779 2829 ipsi
2828 2759 2928 2829 qui
2963 2758 3153 2814 mundi
3206 2761 3461 2832 vestigiis
3509 2764 3599 2818 in-

2015 2850 2330 2921 gredimini,
2355 2850 2561 2919 pariter
2582 2850 2987 2906 cucurreritisit
3012 2848 3131 2907 Nisi
3158 2865 3258 2908 vos
3281 2854 3474 2925 utique
3494 2870 3595 2911 ne-

2015 2938 2160 3010 gatis
2186 2954 2254 2995 ex
2284 2938 2488 2994 mundo
2509 2947 2686 3004 ortos,
2723 2953 2787 2993 ac
2811 2929 3176 3007 providentia:
3207 2955 3316 3010 qua
3354 2942 3596 3000 mundus

339 3042 405 3095 Et
463 3042 538 3111 μή
578 3058 679 3094 που
734 3039 812 3111 μὴ
864 3045 930 3094 ὲκ
975 3039 1070 3094 τοῦ
1116 3040 1324 3111 κόσμου
1361 3039 1461 3113 τήν
1508 3041 1726 3110 γένεσιν
1770 3041 1915 3127 ἔχειν

2019 3031 2231 3101 regitur
2258 3030 2557 3101 subjectos,
2593 3030 2817 3100 forsque
2844 3043 2975 3085 vero
3000 3030 3167 3085 aliam
3192 3031 3349 3087 vobis
3371 3047 3593 3090 causam

339 3133 501 3202 φατὲ.
538 3133 673 3203 μηδὲ
701 3132 800 3203 τῆς
822 3133 950 3203 περὶ
977 3132 1068 3186 τὸν
1094 3132 1300 3202 κόσμον
1331 3132 1607 3204 εἰληχέναι
1638 3134 1913 3203 προνοίας,

338 3225 460 3278 ἀλλ’
488 3224 547 3290 ἐξ
572 3224 738 3294 ἄλλης
776 3225 938 3294 τυχὸν
974 3225 1150 3288 αἰτίας
1200 3224 1296 3278 καὶ
1347 3224 1581 3294 φύσεως,
1613 3224 1916 3296 λεληθότως

343 3316 445 3386 μὲν
463 3314 889 3387 ὑπογραφούσης
908 3316 971 3369 τὸ
993 3317 1323 3387 αὐτόματον,
1346 3317 1599 3387 φανερῶς
1619 3317 1676 3369 δὲ
1701 3331 1915 3372 συνεισ-

338 3409 479 3478 αγού
488 3426 586 3479 σης
615 3410 676 3462 τὸ
707 3410 897 3474 ἀθεον;

424 3500 566 3553 Ἀλλ’
608 3494 757 3554 οὗτοι
803 3500 902 3570 μὲν
940 3500 1341 3571 μαινέσθωσαν,
1369 3502 1482 3565 τοῖς
1511 3499 1721 3556 ἑαυτῶν
1755 3502 1916 3574 βλασ-

338 3591 544 3661 φήμοις
573 3591 754 3659 λόγοις
790 3590 1322 3661 λιθολευστούμενοι,
1355 3593 1450 3644 καὶ
1496 3593 1597 3661 τῆς
1630 3592 1780 3662 σφῶν
1809 3610 1914 3673 κα-

340 3684 486 3747 κίας,
524 3684 808 3755 βάλλοντες
842 3685 938 3738 καὶ
993 3684 1338 3755 βαλλόμενοι.
1390 3685 1631 3738 Τοιαῦτα
1686 3685 1795 3757 γὰρ
1847 3685 1914 3739 τὰ

338 3776 453 3829 τῶν
495 3775 755 3829 τοιούτων
803 3776 1074 3847 ἐπίχειρα.
1130 3776 1323 3845 Ἡμεῖς
1370 3775 1428 3829 δὲ
1461 3777 1520 3830 τὺ
1549 3777 1643 3830 τοῦ
1676 3775 1914 3847 Χριστοῦ

338 3868 612 3938 ποίμνιον,
644 3866 738 3930 οὓς
781 3870 810 3921 6
836 3868 1029 3940 Πατὴρ
1080 3868 1301 3938 ἡγίασε,
1328 3869 1423 3921 καὶ
1455 3871 1482 3922 6
1523 3867 1653 3932 Υίὸς
1687 3869 1918 3922 συνεκά-

337 3960 487 4026 λεσε,
515 3960 609 4013 καὶ
636 3960 697 4012 τὸ
742 3960 969 4029 Πνεῦμα
1008 3959 1068 4012 τὸ
1106 3958 1261 4027 ἅγιον
1295 3960 1671 4029 ἐπεσφράγισε
1700 3959 1789 4013 διά
1821 3958 1916 4012 τοῦ

338 4049 488 4103 θείου
517 4048 743 4120 λουτροῦ
789 4049 884 4102 τοῦ
922 4048 1324 4119 βαπτίσματος,
1366 4048 1531 4120 δεῦρο
1567 4049 1665 4112 τὰς
1700 4049 1919 4103 Ἰουδαῖ-

338 4140 445 4204 κάς
500 4140 923 4209 ἀποσεισάμενοι
954 4140 1160 4203 πλάνας
1201 4141 1296 4193 καὶ
1324 4139 1504 4205 δόξας,
1535 4141 1672 4210 πρὸς
1692 4141 1790 4210 τὴν
1823 4157 1921 4211 μο-

336 4231 535 4303 νογενῆ
616 4232 717 4299 τῆς
782 4232 1112 4302 Ἐκκλησίας
1182 4231 1437 4294 ἀπλανῶς
1515 4232 1919 4303 ἀναδράμωμεν

337 4326 544 4389 πίστιν,
570 4323 666 4393 τὴν
691 4322 859 4386 ὅντως
885 4324 1101 4394 ἀσφαλῆ
1132 4324 1223 4378 καὶ
1246 4324 1571 4393 δραστήριον
1595 4341 1609 4355 ·
1635 4324 1920 4378 πιστεύον-

2018 3132 2387 3194 naturamque
2418 3123 2720 3188 asciscitis,
2754 3138 2862 3195 qua
2892 3124 3117 3195 quidem
3148 3124 3467 3181 clanculum
3491 3142 3593 3184 cett

2018 3217 2192 3284 prima
2221 3215 2593 3270 delineatione
2629 3215 2992 3271 adumbretur
3018 3229 3209 3281 casus,
3240 3216 3423 3287 palam
3464 3232 3596 3274 vero

2018 3307 2342 3363 azlstruatur
2376 3306 2679 3376 impietas?

2088 3482 2292 3539 Verum
2335 3479 2616 3536 insaniant
2676 3479 2753 3534 illi
2784 3479 2898 3535 suis
2954 3480 3200 3549 ipsorum
3256 3480 3596 3552 blasphemis

2018 3576 2204 3632 verbis
2229 3591 2329 3630 ceu
2365 3573 2637 3643 lapidibus
2665 3572 2817 3639 Caesi,
2848 3585 2914 3626 ac
2949 3571 3157 3625 malitia
3195 3586 3296 3627 sua
3327 3583 3382 3627 et
3404 3574 3598 3630 vulne-

2019 3676 2205 3723 rantes
2243 3676 2298 3721 et
2331 3665 2636 3719 vulnerati.
2685 3664 2971 3735 Ejusmodi
3014 3663 3159 3719 enim
3224 3674 3354 3719 sunt
3401 3666 3594 3720 talium

2018 3761 2346 3816 conamina.
2389 3756 2501 3813 Nos
2535 3770 2720 3813 autem
2768 3757 2976 3813 Christi
3027 3772 3183 3828 grex,
3242 3771 3381 3828 quos
3433 3757 3597 3814 Pater

2017 3849 2401 3917 sanctiﬁeavit,
2431 3847 2717 3918 Filiusque
2751 3848 2956 3918 pariter
2971 3847 3211 3912 vocavit,
3241 3863 3309 3903 ac
3355 3846 3597 3917 Spiritus

2016 3953 2244 3999 sanctus
2307 3942 2499 3997 divino
2551 3942 2773 3996 lavacro
2823 3940 3082 4011 baptismi
3117 3941 3389 4013 signavit;
3430 3942 3595 4014 agite,

2018 4035 2264 4091 Judaicis
2322 4034 2608 4088 erroribus
2669 4033 3139 4104 opinionibusque
3198 4033 3468 4103 depulsis,
3527 4034 3596 4087 ad

2019 4130 2313 4200 unigenam
2342 4126 2601 4181 Ecclesiae
2632 4124 2793 4180 tidem
2825 4123 3057 4179 veritate
3084 4138 3402 4191 curramus,
3433 4126 3599 4196 plano

2021 4222 2166 4275 illam
2199 4228 2372 4273 tutam
2420 4232 2485 4271 ac
2516 4215 2829 4282 ellicacem;
2861 4213 3149 4269 credentes
3205 4214 3260 4269 in
3316 4229 3444 4271 eum
3499 4217 3593 4286 qui

2019 4319 2285 4367 venturus
2309 4318 2412 4375 est,
2444 4324 2643 4379 nempe
2669 4308 2725 4362 in
2755 4306 3061 4369 Christum,
3092 4306 3185 4376 qui
3226 4315 3313 4362 est
3343 4307 3522 4377 gratia
3541 4317 3599 4362 ct

334 4435 430 4481 τες
454 4419 533 4479 εἰς
559 4414 651 4470 τὸν
680 4417 994 4487 ἐρχόμενον,
1029 4416 1090 4479 ὃς
1121 4418 1237 4468 ὲστι
1262 4416 1520 4486 Χριστὸς,
1554 4418 1590 4487 ἡ
1636 4417 1795 4487 χάρις
1823 4418 1917 4472 καὶ

2022 4404 2264 4457 veritas:
2301 4416 2398 4472 per
2434 4413 2598 4470 quem
2626 4396 2989 4469 cognovimus
3019 4395 3262 4459 Patrem,
3284 4405 3339 4451 et
3370 4397 3439 4451 ad
3470 4412 3595 4453 cunt

334 4512 372 4581 ἡ
414 4508 665 4580 ἀλήθεια,
706 4509 776 4562 δι’
813 4496 874 4562 οἳ
915 4525 975 4561 τε
1026 4507 1119 4561 τὸν
1153 4507 1375 4579 Πατέρα
1416 4507 1771 4579 ἐγνώκαμεν.
1822 4511 1919 4566 καὶ

334 4602 441 4671 τὴν
496 4600 635 4671 πρὸς
683 4597 846 4652 αὐτὸν
892 4600 1264 4670 προσαγωγὴν
1320 4601 1668 4671 ἐσχήκαμεν,
1714 4602 1810 4655 καὶ
1858 4601 1922 4656 τὸ

336 4690 568 4761 Πνεῦμα
588 4691 650 4743 τὸ
677 4690 855 4759 ἅγιον.
881 4691 1040 4745 Οὕτω
1064 4691 1173 4761 γὰρ
1214 4693 1618 4763 πεφωτισμένοι
1655 4693 1748 4747 τὸν
1770 4692 1917 4761 νοῦν,

337 4781 437 4836 καὶ
462 4781 554 4833 τὸν
584 4780 750 4834 πόθον
788 4782 878 4834 ἀεὶ
922 4782 1014 4835 τὸν
1041 4781 1180 4851 πρὸς
1213 4781 1377 4836 αὐτὸν
1414 4783 1795 4848 δπιτείνοντες,
1825 4784 1917 4845 δυ,-

338 4872 617 4942 νησόμεθα
650 4873 926 4944 πανταχοῦ
954 4873 1049 4928 καὶ
1074 4876 1162 4928 ἀεὶ
1201 4877 1444 4929 συνεῖναι
1467 4875 1618 4946 αὐτῷ
1645 4877 1738 4930 καὶ
1792 4894 1919 4931 συν-

339 4963 591 5033 έψεσθαι,
641 4963 740 5018 καὶ
767 4965 890 5019 ὀποι
937 4968 1137 5037 χωρεῖν
1184 4968 1214 5020 6
1242 4965 1529 5037 άχὼρητος
1573 4966 1832 5037 βούλοιτο,
1860 4967 1920 5022 τὸ

336 5056 480 5127 πρὸς
507 5055 670 5110 αὐτὸν
698 5056 1020 5111 ἀδιάστατον
1047 5056 1215 5129 ἔχειν,
1247 5058 1540 5112 πείσεσθαί
1565 5075 1625 5111 τε
1653 5058 1749 5112 σὺν
1772 5058 1920 5129 αὐτῷ

334 5146 663 5218 προθύμως,
686 5150 783 5202 καὶ
817 5149 886 5202 δι’
919 5150 1104 5214 αὑτὸν,
1137 5150 1238 5204 ὅσα
1277 5150 1374 5204 καὶ
1397 5150 1511 5206 δέοι
1541 5151 1759 5208 παθεῖν.
1801 5151 1921 5207 Κᾶν

335 5240 404 5291 ἐκ
436 5239 647 5310 νεκρῶν
670 5241 897 5313 ἀναστῇ.
930 5242 1332 5313 συναναστῆναι
1359 5244 1454 5296 καὶ
1495 5243 1920 5313 συνδοξασοῆναι

335 5332 434 5384 καὶ
466 5331 900 5401 συμϐασιλεῦσαι
926 5334 1205 5405 βασιλείαν
1227 5336 1326 5407 τῆν
1355 5336 1651 5390 ἀσάλευτον
1678 5337 1771 5391 καὶ
1792 5338 1920 5390 ἀτε-

334 5418 625 5497 λεῦτητον.
657 5419 827 5489 Οὗτος
850 5428 878 5480 6
908 5427 1100 5495 μισθός
1126 5442 1144 5458 ’
1182 5422 1337 5490 οὗτος
1362 5429 1391 5481 6
1418 5425 1667 5491 πλοῦτος,
1697 5426 1757 5481 ὃν
1782 5427 1920 5497 μετά

337 5517 582 5588 Χριστοῦ
618 5517 878 5572 συναυλία
927 5520 1235 5591 χαρίζεται.
1297 5519 1445 5589 Αὕτη
1493 5519 1642 5589 παρᾶ
1680 5518 1917 5589 Χριστοῦ

339 5613 452 5670 τιίς
491 5607 645 5676 αὐτῷ
684 5607 1044 5679 κολλωμένοις
1077 5610 1110 5680 ἡ
1138 5608 1365 5679 ἀμοιϐή.
1409 5608 1649 5663 Τοιαῦτα
1684 5609 1797 5671 τοῖς
1825 5608 1920 5659 αὑ-

340 5698 419 5770 τῷ
458 5695 929 5769 μαθητευομένοις
970 5703 997 5754 ὀ
1034 5699 1269 5771 Χριστὸς
1300 5696 1700 5770 φιλοτιμεῖσθαι
1733 5695 1917 5769 βούλεα

2023 4493 2314 4548 habuimus
2342 4504 2652 4556 accessum,
2690 4487 3106 4558 recepintusque
3146 4485 3411 4557 Spiritum
3435 4500 3601 4542 sanc-

2019 4596 2137 4641 tum
2160 4624 2175 4642 .
2209 4584 2301 4640 Sic
2331 4584 2489 4639 enim‘
2525 4582 2712 4635 animo
2740 4578 3054 4645 illutninati,
3088 4588 3336 4634 nostrum
3383 4592 3598 4648 semper
3662 4650 3667 4655 ε

2022 4680 2087 4734 ad
2126 4694 2249 4733 eum
2272 4676 2607 4732 desiderium
2637 4673 3007 4733 intendentes.
3042 4671 3353 4743 poterimus
3392 4670 3600 4742 ubique

2020 4788 2084 4825 at:
2101 4785 2315 4842 semper
2328 4784 2452 4824 cum
2482 4782 2547 4822 eo
2564 4782 2687 4823 esse
2710 4774 2765 4822 et
2781 4765 3069 4830 assectari,
3099 4764 3258 4834 eique
3277 4779 3441 4836 quem
3471 4763 3599 4820 nul-

2023 4864 2109 4916 lus
2131 4862 2314 4931 capiat
2349 4862 2523 4924 locus,
2550 4872 2901 4928 quocumque
2938 4857 3186 4911 locorum
3232 4855 3367 4911 velit
3392 4868 3597 4911 conce-

2022 4956 2177 5017 dere,
2212 4952 2451 5007 indivise
2477 4949 2780 5015 adhaerere,
2814 4948 3100 5018 alaerique
3138 4947 3451 5004 constantia
3468 4961 3595 5001 cum

2022 5049 2142 5118 ipso
2172 5048 2281 5119 pati
2318 5055 2372 5101 et
2417 5055 2639 5116 propter
2668 5044 2873 5113 ipsum,
2908 5042 2954 5097 si
2989 5055 3097 5111 qua
3130 5040 3204 5097 sit
3251 5039 3595 5111 patiendum.

2022 5144 2100 5195 Ac
2136 5141 2217 5197 vel
2254 5140 2299 5195 si
2346 5154 2375 5192 a
2404 5138 2640 5193 mortuis
2681 5136 3076 5199 resurrexerit,
3127 5148 3237 5188 una
3291 5149 3595 5205 resurgere,

2021 5242 2076 5288 et
2103 5231 2527 5302 congloriﬁcari,
2549 5243 2603 5285 et
2622 5243 2987 5300 conregnare,
3005 5227 3271 5282 immobili
3300 5228 3396 5282 illo
3429 5241 3599 5298 regno

2021 5334 2077 5379 et
2114 5321 2447 5378 immortali.
2496 5320 2592 5375 Est
2641 5336 2705 5375 ea
2764 5334 2997 5383 merces,
3047 5319 3130 5374 hae
3179 5317 3411 5387 divitiae,
3457 5335 3599 5389 quas

2021 5414 2226 5471 Christi
2261 5412 2604 5468 consuetudo
2632 5411 2833 5480 praebet
2864 5450 2877 5465 .
2919 5412 2997 5466 Ita
3037 5412 3298 5468 Christus
3333 5413 3597 5468 retribuit

2024 5509 2125 5564 sibi
2159 5506 2563 5563 adhaereutihus
2586 5546 2599 5559 .
2632 5503 2752 5559 Tali
2774 5505 2829 5559 in
2856 5502 3161 5575 discipulos
3190 5503 3600 5576 magniﬁcentia

2025 5601 2197 5655 utitur
2222 5639 2236 5653 .
2265 5598 2483 5654 Nihilne
2514 5614 2645 5654 vero
2677 5606 2731 5654 et
2759 5598 2888 5669 ipsi,
2924 5598 3261 5653 condimenti
3297 5598 3470 5653 instar
3502 5599 3597 5654 ad-

2018 5693 2189 5760 jicere
2230 5690 2536 5761 poterimus
2564 5690 2727 5745 divtis
2760 5688 2826 5743 ad
2868 5689 3267 5760 simpliciorunt
3290 5687 3601 5746 cautelam?
