4016 6130
434 220 569 282 ῙΟΟἹ

1579 225 1638 285 S.
1678 224 2006 282 ΑΝὓΙὶΕΕ
2045 224 2465 285 CRETENSIS

3562 226 3697 291 ΗΕΒ

429 341 593 395 Forte
621 340 766 395 enim
795 339 1017 394 licuerit
1049 341 1288 409 aliquam
1323 355 1351 393 a
1375 341 1529 393 bonis
1551 342 1843 395 utilitatem
1868 360 1997 397 ron-

2107 360 2212 395 ται.
2244 344 2411 396 Οὐδὲν
2459 344 2514 397 δὶ
2545 338 2654 396 οἷον
2690 346 2783 399 καί
2823 347 2967 416 ἡμᾶς
3016 348 3235 418 ﬁducita:
3270 367 3321 401 τι
3377 348 3695 419 προσθεῖναι

428 432 609 502 sequi,
661 433 957 502 animoque
1007 431 1203 485 acriori
1261 430 1550 487 clzaritatis
1611 434 1665 486 in
1723 435 2004 488 Christum

430 525 706 580 desiderio
744 522 971 579 sabvehi
998 560 1013 575 .

2113 438 2227 498 τοῖς
2274 436 2605 507 εἰρημένοις,
2658 438 2792 508 πρὶς
2830 439 2928 509 τὴν
2955 440 3063 492 τῶν
3098 441 3484 513 ἁπλουστέρων
3522 444 3699 511 ἀσφά-

2114 528 2292 595 λειαν;
2351 529 2659 600 Προσέσται
2709 533 2818 599 γὰρ
2866 533 2996 593 ἴσως
3047 536 3231 597 αὐτοῖς
3276 534 3601 589 ἀπὼνασθαί
3642 554 3698 588 τι

427 622 535 674 τῶν
608 619 826 685 καλῶν,
875 620 968 672 καὶ
1036 617 1173 687 πρὸς
1255 619 1417 673 πόθον
1469 620 1802 692 δριμύτερον
1880 622 2096 690 ἐνάγειν
2148 625 2333 679 αὐτῶν
2402 627 2498 698 τὴν
2550 629 2789 682 διάνοιαν
2834 629 2934 698 τῆς
3014 633 3095 693 εἰς
3168 632 3403 700 Χριττδν
3476 633 3693 701 ἀγαπή.

427 732 585 778 σεως.

491 808 636 863 Ades
688 806 853 876 igitur
903 805 1060 870 mihi,
1109 804 1328 867 dilecte,
1396 808 1605 860 intenta
1647 805 1995 860 commodata

422 919 575 966 aure,
634 902 854 970 vimque
884 900 1147 954 moralem
1178 900 1451 954 sermonis
1495 901 1744 954 educere.
1773 898 1997 967 Qa'ppe

421 996 767 1052 licetstudio
800 993 1072 1063 cupienti,
1097 1003 1157 1046 ut
1187 991 1413 1047 Christi.
1434 992 1726 1062 passiones
1752 992 1997 1046 imitatus

421 1088 722 1159 suscipias,
780 1100 1087 1154 omnesque
1145 1084 1350 1140 Christi
1390 1100 1587 1141 sacras
1623 1086 1999 1139 institutioiies

417 1191 474 1236 et
509 1183 777 1246 actiones,
817 1178 1021 1249 quibus
1062 1178 1323 1231 nimirum
1376 1187 1597 1245 nostras
1620 1177 2000 1231 deformitates

418 1271 727 1363 inundavit,
772 1279 939 1341 atque
973 1286 1002 1323 a
1040 1279 1268 1340 peccato
1303 1270 1461 1325 nobis
1495 1270 1728 1324 adnatas
1757 1271 1999 1323 maculas

418 1366 536 1422 suis
586 1366 704 1435 ipse
737 1380 835 1435 pro
886 1364 1045 1419 nobis
1081 1364 1436 1433 passionihus
1497 1364 1830 1433 absumpsit,
1859 1378 2002 1433 per-

418 1473 633 1512 curras.
670 1455 764 1511 Vis
823 1457 1029 1526 itaque.
1092 1456 1312 1519 dilecte,
1381 1455 1526 1509 diem
1561 1454 1761 1509 festum
1838 1455 1994 1509 lactus

418 1550 725 1612 celebrare,
774 1549 1174 1619 splendideque
1204 1548 1511 1618 splendidis
1552 1550 1803 1602 moribus
1836 1549 1998 1602 Chri-

416 1653 503 1695 ειο
538 1642 604 1696 a.-l
651 1643 966 1709 passionem
1003 1640 1362 1695 contendenti
1401 1642 1618 1694 obviam
1673 1638 1998 1709 procedere.

2175 806 2343 877 Δεῦρο
2387 803 2481 860 οἷον
2519 826 2607 879 μοι
2638 809 2734 877 τὴν
2765 809 2933 880 ἀκοὴν
2973 810 3266 873 ἐπιτείνας,
3294 814 3566 884 ἀγαπητὲ,
3597 817 3698 885 τὴν

2090 899 2300 970 ἠθικὴν
2331 900 2423 954 τοῦ
2450 902 2610 969 λόγου
2631 903 2908 974 διδάχθητι
2942 904 3216 986 δύναμιν,⁸
3238 906 3453 972 Ἔξεστι
3482 910 3593 981 γὰρ
3612 927 3698 964 cx

2107 994 2410 1061 φιλοπόνως
2442 993 2817 1066 ἐπιθυμοῦντι,
2857 997 2924 1049 τὰ
2946 999 3181 1067 Χριστοῦ
3219 1001 3532 1070 μιμητικῶς
3563 1005 3699 1055 ἁνα-

2092 1085 2365 1153 ,δέξασθαι
2395 1088 2690 1157 «domm
2718 1089 2807 1142 διὰ
2852 1091 3043 1143 πατῶν
3077 1090 3294 1145 ὁδεῦσαι
3321 1092 3428 1145 τῶν
3459 1095 3697 1163 Χριστοῦ

2111 1179 2367 1249 μυήσεὼν
2398 1197 2457 1233 τε
2482 1182 2577 1234 καὶ
2619 1181 2889 1251 πράξεων,
2910 1176 2999 1245 αἷς
3026 1182 3230 1253 δηλαδὴ
3262 1183 3329 1237 τὰ
3363 1187 3421 1237 ἐν
3446 1187 3579 1257 ἡμῖν
3609 1188 3697 1239 ἐν·
3757 1186 3766 1193 ’

2107 1273 2377 1344 εκάθηρεν
2393 1274 2681 1344 αἵσχη,καὶ
2697 1276 2824 1338 τοὺς
2842 1278 3305 1346 προσ-γινομένους
3319 1278 3543 1343 σπίλους
3563 1280 3696 1350 ἡμῖν

2106 1366 2172 1419 ὲκ
2195 1367 2292 1436 τῆς
2315 1366 2612 1437 ἁμαρτίας,
2638 1368 2750 1429 τοῖς
2790 1366 2932 1437 ὑπὲρ
2954 1367 3114 1437 ἡμῶν
3148 1368 3313 1422 αὐτοῦ
3341 1372 3697 1441 κατηνάλωσε

2108 1463 2327 1516 πάθεσι.
2357 1462 2545 1515 Βούλει
2569 1462 2765 1524 τοίνυν,
2795 1462 3073 1530 ἀγαπητὲ,
3127 1463 3373 1534 φαιδρῶς
3415 1467 3695 1536 ἑορτάσαι.

2109 1559 2202 1610 καὶ
2231 1556 2504 1626 λαμπροῖς
2536 1558 2648 1620 τοῖς
2671 1555 2830 1627 ἢθεσι
2867 1557 3195 1626 συναντῆσαι
3227 1559 3321 1610 καὶ
3354 1559 3697 1630 συναφθῆναι

2106 1649 2351 1719 Χριστῷ,
2412 1649 2547 1719 πρὸς
2591 1647 2651 1700 τὸ
2675 1648 2846 1711 πάθος
2878 1650 3253 1719 ἐπειγομένῳ;
3291 1651 3438 1705 Λαὸὲ
3480 1652 3699 1721 σεαυτῷ

417 1736 577 1802 rique
602 1732 929 1787 adhmrere?
965 1732 1087 1786 Tibi
1122 1734 1175 1786 in
1208 1735 1386 1801 leipso
1411 1732 1814 1801 intelligihilem
1856 1733 1996 1784 ima-

2107 1741 2296 1812 νοητὴν
2334 1740 2554 1802 εἰκόνα,
2584 1739 2684 1809 τὴν
2709 1741 2768 1792 ἐν
2805 1739 3386 1812 καρδίᾳτυπουμένην
3414 1744 3700 1812 μυστικῶς

417 1827 880 1895 ginemassumc,
914 1840 1110 1895 nempe
1137 1824 1498 1879 deformatam
1525 1825 1755 1896 mystica
1786 1824 2000 1879 ratione

419 1916 475 1966 in
532 1913 701 1966 corde
755 1913 1300 1981 contemplationem,
1352 1910 1598 1980 mihique
1646 1927 1834 1967 rerum
1869 1919 2002 1966 tunc

419 2015 700 2074 gestarum
737 2004 977 2074 speciem
1031 2005 1284 2075 depingc.
1336 2003 1457 2060 Tibi
1494 2005 1634 2075 tinge
1676 2006 1862 2058 animo
1891 2020 1999 2058 una

418 2097 615 2153 adesse
644 2098 922 2151 Christum
964 2098 1058 2167 qui
1102 2097 1422 2152 Bethaniam
1474 2113 1674 2152 versus
1718 2098 1822 2150 iter
1853 2106 1997 2166 agat.

420 2190 736 2260 Adjungere
777 2188 1185 2259 discipulorum
1237 2189 1460 2260 populo.
1495 2188 1687 2257 Cogita
1721 2198 1780 2243 ut
1812 2189 1879 2241 ad
1908 2189 2003 2242 de-

420 2280 593 2334 functi
653 2291 1067 2336 monumentum
1119 2281 1450 2336 advenerit.
1505 2280 1775 2336 Esistima
1823 2281 2003 2335 oculis

418 2373 567 2441 ipsis.
589 2372 781 2427 videre
798 2371 1097 2437 Lazarum,
1136 2371 1459 2442 «flentesque
1499 2387 1720 2427 sorores
1782 2371 1998 2435 Lazari,

420 2464 733 2519 :lﬂ'tie-lillm
766 2473 918 2535 gesta
940 2466 1054 2519 illic
1084 2466 1270 2520 omnia
1317 2480 1503 2519 coram
1537 2464 1808 2533 aspicere.
1860 2462 1998 2517 Tum

423 2555 550 2609 inde
596 2555 877 2609 Christum
941 2571 1192 2625 sequere,
1256 2565 1487 2624 estoque
1542 2554 1736 2608 victori
1792 2570 1999 2617 comes,

423 2663 529 2701 una
594 2662 717 2701 eum
774 2650 935 2702 turba
1027 2649 1375 2717 praetendens
1437 2648 1682 2702 victoriae
1728 2647 2000 2718 symbola.

423 2741 554 2796 Esto
581 2756 723 2795 unus
744 2757 934 2795 eorum
960 2741 1053 2810 qui
1083 2742 1291 2795 honore
1318 2741 1551 2803 ducunt,
1576 2742 1803 2810 parique
1832 2756 2000 2795 cursu

419 2847 546 2885 cum
601 2832 669 2885 iis
698 2831 969 2886 contende
1024 2832 1117 2899 qui
1153 2831 1382 2884 comites
1409 2840 1743 2899 sequuntur.
1780 2830 2000 2885 Palma-

420 2940 542 2978 rtun
572 2924 841 2993 spatulas,
877 2923 1043 2977 vitam
1088 2939 1118 2978 e
1172 2925 1389 2978 ratione
1429 2925 1653 2978 virtutis
1685 2925 1999 2978 institutam

419 3019 698 3071 ostendas.
750 3017 955 3070 flauius
1006 3015 1105 3068 tibi
1149 3015 1444 3075 olivarum.
1495 3025 1750 3069 extentas
1804 3028 2002 3069 manus

420 3108 487 3163 ad
522 3107 895 3163 miserendum
929 3107 1156 3161 efficias.
1186 3105 1266 3162 Ne
1291 3108 1337 3162 ei
1371 3106 1617 3161 carnalia
1651 3106 2000 3172 vestimenta,

419 3217 520 3257 ceu
548 3205 889 3271 operimenta
926 3201 1325 3263 substraveris,
1363 3219 1383 3252 ι
1414 3201 1504 3271 qui
1528 3200 1730 3256 coelum
1760 3200 2001 3255 nubibus

420 3298 601 3367 operit
634 3311 648 3347 ε
689 3312 710 3346 ι
747 3292 841 3349 sed
872 3300 1048 3348 totum
1075 3294 1312 3363 teipsum
1340 3294 1438 3347 toti
1475 3293 2001 3362 propler‘te-incar-

419 3396 549 3441 nato
574 3384 677 3438 fide
708 3390 925 3453 aptans,
963 3389 1136 3436 totum
1172 3383 1350 3452 ipsum
1392 3381 1562 3435 vestis
1593 3381 1768 3433 instar
1807 3378 1998 3442 indue,

421 3489 709 3549 totumque
745 3476 810 3531 ad
846 3486 900 3532 te
966 3484 1192 3547 propter
1242 3484 1297 3528 te.
1354 3474 1690 3535 venientem,
1737 3482 1899 3540 atque
1932 3469 1999 3524 ad

422 3572 736 3641 passionem
797 3568 1155 3622 festinantem
1201 3565 1443 3636 suscipe.
1504 3564 1562 3617 Si
1622 3564 1727 3627 vis,
1786 3563 2000 3617 efficere

420 3663 624 3733 pullus,
656 3660 960 3730 juvenilem
992 3658 1125 3727 pulli
1168 3656 1510 3711 alacritatem
1549 3656 1599 3709 in
1628 3654 1786 3708 senili
1827 3667 1999 3708 sensu

419 3756 709 3811 exhibens.
765 3753 930 3807 Porta
964 3750 1244 3806 Christum
1298 3760 1518 3804 euntem
1562 3749 1615 3801 in
1665 3746 1996 3801 Jerusalem.

469 3847 753 3901 Fortasse
770 3861 905 3899 vero
936 3844 1223 3914 qumsieris
1260 3861 1273 3896 :
1308 3842 1444 3909 Quoi
1483 3841 1606 3894 [iam
1637 3842 1843 3910 puilus,
1903 3841 1996 3910 qui

420 3942 525 3995 sim
588 3938 918 3992 rationalis?
979 3935 1147 3991 Planc
1181 3936 1456 3997 eflieieris,
1515 3935 1678 3988 modo
1732 3933 1995 3987 volueris.

419 4033 540 4088 Non
577 4030 780 4086 audisti
813 4037 1103 4089 canentem
1165 4028 1423 4083 Davidem
1471 4044 1484 4080 :
1530 4045 1547 4077 ι
1584 4024 1990 4097 ‘Utjumentum

420 4126 598 4181 factus
663 4138 783 4179 eum
820 4123 962 4194 apud
1021 4132 1073 4178 te
1103 4118 1163 4175 t?
1204 4140 1222 4173 ι
1285 4120 1502 4175 Imitare
1571 4120 1777 4189 pullum
1813 4135 1827 4171 :
1860 4119 1994 4188 quin

344 4247 348 4253 -
419 4220 634 4273 efﬁcere
664 4219 847 4289 pullus
883 4216 1082 4271 mentis
1117 4215 1490 4284 simplicitate.
1523 4213 1600 4267 Ac
1641 4212 1991 4280 quemadmo-

420 4316 549 4367 dum
596 4312 686 4365 ille
717 4311 918 4363 missos
967 4308 1022 4361 in
1055 4306 1371 4375 Bethphage
1417 4305 1511 4373 qui
1542 4319 1603 4358 se
1633 4304 1911 4358 solverent
1942 4307 1996 4354 et

419 4407 774 4469 adducerent,
816 4411 1038 4456 secutus
1095 4409 1201 4461 est,
1240 4413 1339 4453 nec
1382 4394 1713 4450 contradixit
1746 4394 1990 4454 omnino,

330 4496 339 4503 ’
418 4498 514 4553 sed
556 4506 771 4550 tantum
806 4491 1131 4548 ductoribus
1166 4491 1456 4544 inclinavit
1491 4504 1505 4540 :
1563 4488 1635 4541 ita
1664 4496 1718 4542 et
1756 4494 1822 4540 tu
1866 4501 1995 4540 eru-

361 4637 381 4651 ,
417 4589 591 4643 dienti
624 4596 680 4640 ut
707 4585 914 4641 Christi
951 4583 1314 4637 humilitatem
1352 4579 1730 4650 amplectaris,
1755 4577 1995 4647 teipsum

418 4680 657 4750 subiice,
692 4679 749 4733 in
805 4678 956 4733 nullo
1007 4678 1298 4736 resistens,
1333 4672 1555 4742 erisque
1597 4684 1785 4725 revera
1815 4669 1999 4739 pullus

417 4771 645 4835 Christi,
682 4772 749 4825 ab
779 4769 926 4823 omni
990 4769 1148 4823 bruta
1198 4764 1432 4834 jumenti
1492 4761 1777 4816 aﬂ‘eetinne
1840 4760 1997 4814 liber.

416 4864 534 4917 Non
591 4875 761 4932 super
790 4869 1011 4914 'terram
1053 4871 1248 4913 sensus
1310 4852 1513 4908 terreni
1552 4851 1809 4922 gradiens
1845 4863 1858 4902 :
1893 4863 2000 4902 non

418 4944 681 5008 incurvus
747 4964 935 5013 onere,
1001 4948 1151 5001 velut
1187 4943 1590 4999 irrationalitun
1640 4941 1992 4995 aifectinnum

413 5049 682 5109 gravante
721 5054 928 5105 onere;
964 5038 1058 5093 sed
1110 5037 1213 5107 equi
1256 5050 1424 5104 super
1470 5043 1652 5089 vestes
1703 5035 1994 5087 muralium

414 5147 645 5203 operum
711 5131 1039 5193 inambnles,
1096 5144 1159 5183 ac
1207 5142 1375 5197 supra
1442 5128 1626 5181 carnis
1688 5128 1997 5195 voluptates

417 5224 637 5288 feraris,
671 5223 738 5278 ad
780 5223 1027 5293 hzecque,
1088 5221 1269 5276 inanis
1293 5221 1481 5291 gloria:
1539 5222 1754 5273 inanem
1796 5219 1995 5273 fastum

417 5316 736 5371 conculccs.
779 5312 870 5368 Sic
901 5315 1024 5384 quis
1060 5312 1266 5368 Christi
1293 5312 1476 5381 pullus
1519 5310 1722 5366 evadit.
1751 5309 1841 5363 Sic
1871 5310 1997 5379 quis

418 5407 566 5462 illius
620 5406 933 5461 vehiculum
993 5403 1445 5466 cstclliciendus,
1502 5403 1587 5456 cui
1646 5403 1806 5456 sedes
1862 5411 1993 5457 sunt

415 5495 733 5551 Cherubim.
784 5495 993 5552 Similis
1033 5505 1153 5552 esto
1192 5495 1407 5566 pueris
1449 5497 1818 5553 llebrmorum.
1864 5497 1997 5552 Par-

494 5666 515 5709 ί
536 5667 686 5725 Psal.
726 5686 899 5738 usu,
920 5674 990 5730 25

2104 1833 2487 1903 θεωρίαν,-καὶ
2508 1834 2899 1905 ωαζωγρὰφει
2929 1850 3018 1902 μοι
3049 1834 3160 1887 τῶν
3192 1834 3317 1888 τότε
3349 1837 3696 1907 πραγμάτων

2103 1925 2475 1979 ἀνατύπωσιν.
2535 1924 2706 1993 Ἤγοῦ
2762 1926 3123 1994 συμπαρῆναι
3160 1925 3408 1997 Χριστῷ,
3456 1928 3557 1998 τὴν
3599 1930 3699 1980 ἐπὶ

2103 2016 2378 2084 Βηθανίαν
2415 2014 2601 2086 τρίϐον
2628 2015 2890 2070 ὁδεύοντι.
2940 2016 3258 2088 Συνάφθητι
3285 2017 3365 2089 τῷ
3394 2018 3554 2089 δήμῳ
3585 2018 3698 2072 τῶν

2107 2108 2385 2179 μαθητῶν.
2431 2109 2716 2179 Ἐννόησον
2747 2110 2896 2173 ὅπως
2914 2110 3118 2179 ἐπέστη
3152 2109 3247 2163 τοῦ
3273 2111 3594 2181 οἰκουμένου
3618 2109 3700 2180 τῷ

2107 2204 2373 2273 μνήματι.
2409 2201 2571 2268 Δόξον
2604 2201 2700 2255 καὶ⁵
2725 2203 2819 2255 τὸν
2856 2204 3108 2275 Λάζαρον
3140 2205 3295 2275 ὁρᾷν,
3331 2205 3422 2258 καὶ
3454 2205 3556 2269 τὰς
3580 2206 3698 2260 Λα-

2104 2295 2273 2365 ζάρου
2310 2295 2691 2364 ποτνιωμένας
2714 2294 2975 2363 ἁδελφάς’
3009 2297 3240 2349 κάκεῖνα
3283 2290 3461 2351 τέἅντα
3492 2298 3695 2368 συλλή-

2104 2387 2235 2457 ϐδην
2263 2388 2425 2458 όρᾷν,
2449 2385 2484 2439 ἃ
2505 2387 2597 2440 καὶ
2625 2387 2962 2457 πέπρακται.
3000 2384 3135 2441 Εἶτα
3156 2388 3522 2452 τούντεῦθεν,
3554 2390 3692 2454 {7:02;

2103 2479 2347 2549 Χριστῷ,
2379 2479 2471 2531 καὶ
2509 2478 2858 2549 παρομάρτει
2912 2478 2992 2549 τῷ
3020 2482 3241 2551 νικητῇ,
3277 2479 3350 2534 τὰ
3392 2480 3499 2550 ’τῆς
3534 2480 3692 2548 νίκης

2103 2571 2364 2623 ἐπισείων
2391 2569 2542 2640 αὐτῷ
2590 2570 2730 2640 μετά
2767 2568 2860 2622 τοῦ
2919 2569 3160 2641 πλήθους
3205 2570 3473 2640 σύμϐολα.
3524 2571 3689 2624 Γενοῦ

2102 2662 2212 2714 τῶν
2234 2661 2477 2730 ἀγόντων
2507 2659 2609 2728 εἷς,
2636 2662 2731 2715 καὶ
2757 2662 2868 2715 τῶν
2899 2661 3342 2717 ἀκολουθοῦντων
3368 2662 3686 2736 σύνδρομος.

2117 2753 2262 2805 Ἀντὶ
2299 2752 2465 2822 βαῖων
2491 2753 2580 2806 τὸν
2608 2753 2730 2806 κατ’
2762 2753 2968 2824 ἀρετὴν
2994 2754 3341 2809 ἐπιδείκνυσο
3365 2754 3504 2825 βίον.
3541 2756 3692 2809 Kid-

2102 2842 2225 2907 δους
2254 2843 2447 2897 ἐλαιῶν
2477 2845 2574 2908 τὰς
2600 2848 2699 2908 σὰς
2729 2846 3042 2917 ἀπέργασαι
3079 2849 3268 2918 χεῖρας
3305 2848 3693 2917 ὲκτεινομένας

2104 2936 2242 3006 πρὸς
2264 2935 2429 2989 ἔλεον.
2475 2937 2711 3008 Ἵμάτια,
2748 2937 2822 3009 μὴ
2844 2939 2912 2992 τὰ
2936 2938 3037 3008 τῆς
3073 2940 3276 3010 σαρκὸς
3303 2939 3692 3012 ὑποστρὼσης,

2104 3025 2304 3080 ὡσανεὶ
2341 3028 2694 3097 περιϐόλαια,
2747 3048 2766 3080 ι
2801 3030 2880 3100 τῷ
2909 3030 3000 3083 τὸν
3048 3030 3280 3102 οὐρανὸν
3334 3033 3445 3094 τοῖς
3501 3032 3696 3099 νέφεσι

2030 3094 2072 3151 C
2108 3118 2542 3186 συγκαλύπτοντι
2566 3137 2613 3171 ἰ
2649 3120 2767 3174 ἀλλ’
2810 3121 2930 3175 ὅλον
2963 3121 3188 3175 σεαυτὸν
3222 3122 3331 3192 ὅλῳ
3357 3120 3447 3175 διὰ
3477 3122 3537 3175 σὲ
3562 3136 3698 3193 σαρ-

2103 3204 2331 3259 κωθέντι
2370 3207 2515 3260 κατὰ
2545 3207 2729 3261 πίστιν
2783 3209 3018 3278 ὲνείρας,
3060 3209 3180 3263 ὅλον
3228 3210 3429 3265 σαυτὸν
3466 3215 3696 3281 χιτῶνος

2103 3295 2319 3349 ἔνδυσαι
2377 3296 2597 3368 τρόπον,
2632 3298 2727 3351 καὶ
2780 3298 2903 3351 ὅλον
2935 3299 3199 3371 ὑποδέχου
3241 3300 3380 3371 πρὸς
3420 3301 3479 3354 σὲ
3510 3302 3599 3355 διὰ
3624 3304 3693 3355 ’σὲ

2101 3389 2327 3459 ἥκοντα,
2373 3390 2466 3442 καὶ
2494 3390 2685 3444 παθεῖν
2740 3391 3116 3463 ἐπειγόμενον.
3173 3392 3337 3446 Γενοῦ
3379 3393 3589 3459 πῶλος,
3642 3395 3694 3446 ει

2105 3481 2306 3551 βούλει,
2336 3482 2397 3535 τὸ
2431 3483 2670 3536 πωλικὸν
2703 3485 2761 3536 ὲν
2796 3483 3013 3556 γηραιῷ
3060 3483 3138 3555 τῷ
3173 3486 3482 3556 φρονήματι
3522 3485 3693 3538 ἐνδει-

2102 3572 2369 3643 κνύμενος
2392 3573 2693 3644 πρόθυμον.
2732 3574 3011 3628 Βάστασον
3046 3575 3280 3647 Χριστὸν
3319 3576 3413 3628 ἐπὶ
3443 3575 3545 3646 τὴν
3589 3575 3694 3629 Ἰε-

2106 3662 2340 3733 ρουσαλὴ
2349 3680 2386 3733 μ
2422 3663 2775 3734 ἀφικόμενον.

2184 3843 2322 3897 Ἀλλ’
2349 3845 2492 3915 ἐρεῖς
2538 3845 2714 3915 nixa"
2769 3845 2892 3909 Πῶς
2924 3846 3170 3916 γένωμαι
3229 3845 3428 3910 πῶλος,
3470 3845 3694 3915 λογικὸς

2100 3933 2374 4001 γεγονώς;
2400 3935 2539 3987 Ναί·
2573 3937 2776 4006 γενήσῃ
2810 3934 3155 4005 βουλόμενος.
3187 3936 3301 3988 οὐκ
3330 3935 3573 4005 ἤκουσας
3595 3934 3692 3988 τοῦ

2101 4024 2266 4078 Δασὶδ
2286 4024 2581 4094 ψάλλοντος
2604 4041 2619 4056 °
2659 4045 2677 4077 ι
2706 4025 3003 4096 Κτηνώδης
3034 4027 3301 4096 ἐγενήθην
3329 4028 3481 4096 παρὰ
3512 4028 3631 4094 σοῖς
3666 4047 3685 4077 ι

2100 4117 2355 4188 Μίμησαι
2381 4118 2473 4170 τὸν
2499 4108 2680 4171 πῶλον
2698 4135 2711 4150 ·
2736 4117 2938 4187 μᾶλλον
2962 4119 3042 4181 δὲ,
3073 4119 3251 4181 πῶλος
3273 4120 3433 4186 γενοῦ
3452 4122 3523 4189 τῇ
3547 4119 3691 4172 κατὰ

2100 4208 2325 4280 γνώμην
2353 4208 2638 4280 ἁπλότητι.
2676 4210 2788 4262 Καὶ
2817 4208 2941 4261 καθ’
2969 4208 3027 4261 ὃν
3065 4210 3267 4280 τρόπον
3317 4210 3529 4271 ἐκεῖνος
3573 4212 3691 4270 τοῖς

2100 4300 2533 4370 ἀπεσταλμένοις
2589 4301 2668 4364 εἰς
2702 4299 2963 4369 Βεθφαγῆ
3019 4301 3184 4355 λῦσαέ
3213 4318 3271 4353 τε
3321 4301 3414 4354 καὶ
3453 4301 3689 4369 ἀγαγεῖν

2100 4393 2263 4446 αὑτὸν
2294 4392 2500 4455 εῖπετο,
2543 4392 2707 4462 μηδὲν
2747 4392 3014 4463 μηδαμῶς
3048 4391 3355 4463 ἀντειπὼν,
3397 4393 3539 4463 πλὴν
3572 4391 3687 4445 τοῦ

2102 4484 2355 4553 κλιθῆναι
2406 4488 2518 4548 τοῖς
2548 4485 2795 4552 ἄγουσιν,
2833 4483 2977 4537 οὕτω
3016 4487 3112 4537 καὶ
3167 4459 3334 4547 ἷύτδς
3382 4484 3465 4556 τῷ
3498 4484 3689 4538 παιδο-

2098 4577 2373 4648 τριϐοῦντί
2405 4594 2464 4630 σε
2493 4578 2592 4648 τὴν
2630 4579 2772 4631 κατὰ
2812 4578 3053 4648 Χριστὸν
3097 4577 3316 4631 ἑλέσθαι
3353 4578 3689 4631 ταπείνωσιν

2100 4668 2426 4739 ὑποτάγηθι,
2480 4670 2617 4737 πρὸς
2684 4669 2850 4739 μηδὲν
2906 4668 3325 4739 ἀνθιστάμενος,
3364 4669 3458 4721 καὶ
3503 4667 3689 4729 πῶλος

2099 4762 2268 4819 ὅντως
2302 4762 2401 4833 ἔσῃ
2436 4760 2696 4831 Χριστοῦ,
2725 4762 2907 4831 πάσης
2928 4760 3236 4831 κτηνώδους
3264 4759 3493 4827 ἀλογίας
3514 4759 3690 4825 ἀπηλ-

2100 4853 2391 4923 λαγμένος.
2434 4855 2549 4906 Οὐκ
2576 4854 2669 4906 ἐπὶ
2719 4854 2823 4924 γῆς
2866 4852 3100 4921 βαδίζων
3133 4851 3228 4905 τοῦ
3259 4851 3449 4923 γηῖνου
3484 4853 3689 4922 φρονήο

2106 4963 2273 5017 ματος
2292 4963 2304 4975 ·
2337 4947 2396 4998 οὐ
2424 4945 2607 5016 φόρτῳ
2638 4945 3046 5015 καμπτόμενος,
3085 4943 3164 5013 τῷ
3197 4944 3353 5013 ἄχθει
3378 4944 3490 4997 τῶν
3516 4960 3691 5015 παρα-

2103 5038 2279 5105 λόγων
2310 5036 2500 5090 παθῶν
2525 5037 2725 5090 ὡσανεὶ
2745 5036 3112 5106 βαρυνόμενος
3135 5053 3148 5065 ·
3180 5036 3296 5088 ἀλλ’
3319 5037 3415 5088 ἐπὶ
3442 5035 3691 5105 χιτώνων

2105 5131 2212 5184 τῶν
2256 5130 2571 5201 πρακτικῶν
2600 5128 2777 5198 ἔργων
2808 5129 3289 5200 ἐπιπορευόμενος,
3324 5130 3417 5182 καὶ
3445 5130 3556 5181 τῶν
3588 5128 3691 5195 τῆς

2110 5222 2311 5293 σαρκὸς
2340 5220 2545 5290 ἡδονῶν
2568 5223 2750 5274 ἐπάνω
2780 5222 3079 5291 φερόμενος
3101 5238 3114 5251 ·
3170 5221 3308 5290 πρὸς
3347 5220 3425 5284 δὲ,
3461 5221 3558 5272 καὶ
3590 5220 3689 5289 τῆς

2107 5314 2269 5381 κενῆς
2300 5313 2516 5382 ἁπάσης
2546 5312 2704 5380 δόξης
2733 5329 2833 5382 sup
2847 5310 3030 5364 πατῶν
3062 5311 3124 5363 τὸ
3154 5311 3404 5363 διάκενον
3434 5310 3686 5379 φύσημα,

2108 5404 2277 5458 υῦτω
2297 5422 2379 5468 τις
2404 5405 2581 5467 πῶλος
2611 5403 2821 5469 γίνεται
2861 5402 3122 5473 Χριστοῦ.
3154 5401 3340 5465 Οὕτως
3369 5401 3558 5472 ὄχημα
3594 5399 3689 5452 τεῦ

2108 5499 2299 5569 θρόνον
2330 5497 2542 5566 ἔχοντος
2589 5498 2655 5549 τὰ
2685 5495 2966 5567 Χερουϐὶμ
2999 5493 3410 5564 τελεσθήσεται.
3460 5492 3691 5563 Ὀμοιώ-
