4016 6130
443 377 580 455 3011

1574 385 1633 444 S.
1677 384 2006 445 ANDREE
2053 386 2474 446 CRETENSIS

3567 391 3705 459 1012

441 497 691 559 milibus,
719 511 845 554 cum
876 498 1168 554 silentibus
1197 498 1474 554 silentium
1499 504 1753 556 observa.
1781 500 1839 556 Si
1870 501 2011 556 deni-

2122 501 2279 555 Μετά
2302 501 2413 556 τῶν
2435 501 2705 555 ταπεινῶν
2724 502 3117 572 ταπεινώθητι.
3159 502 3316 558 Μετά
3344 505 3478 560 τῶν·
3508 508 3706 576 σιγών-

440 604 548 660 ιιιιο
566 590 735 645 lueris
768 590 1155 660 interrogatus,
1179 590 1373 645 leuiter
1389 591 1658 657 responde
1678 592 1871 647 scienti
1904 608 2023 647 om-

440 682 554 744 nia,
588 696 652 736 ac
684 696 862 750 neque
891 681 1061 735 altum
1093 697 1259 751 supra
1295 697 1460 752 quam
1502 682 1697 738 deceat
1725 698 1838 753 prae
1895 684 2019 741 aliis

438 771 650 838 sapias,
707 776 764 823 ut
794 783 864 824 ne
890 779 946 824 et
977 770 1098 839 ipse
1153 771 1399 827 audieris
1428 789 1440 823 :
1474 792 1493 824 ι
1542 771 1623 826 Τιι
1657 772 1848 828 dixisti
1880 774 1907 813 ιι
1941 790 1954 827 :
1993 793 2012 825 ι

434 862 697 931 quodque
726 861 855 916 item
899 863 972 916 ait
1005 863 1293 932 Scriptura
1321 880 1335 917 :
1379 883 1400 916 ι
1456 866 1656 936 Arguit
1692 874 1746 921 te
1768 881 1829 921 os
1862 874 2017 921 tuum

431 963 487 1009 tt
520 969 630 1009 non
654 969 758 1025 ego
784 971 798 1008 :
825 966 878 1010 et
917 955 1062 1011 labia
1108 964 1200 1010 tua
1230 957 1524 1013 adversum
1559 967 1610 1014 te
1635 957 2017 1013 testimonium

433 1047 700 1104 dixeram
737 1048 783 1103 ι.
822 1065 841 1100 ›
891 1045 1095 1103 \lerum
1139 1052 1316 1104 oratio
1361 1050 1430 1105 ad
1468 1050 1679 1119 reliqua
1720 1050 2007 1119 procedat.

504 1225 673 1281 Cinna
745 1226 929 1296 itaque
976 1226 1153 1283 altera
1212 1227 1437 1298 quidem
1514 1229 1586 1285 ibi
1666 1227 2013 1296 Pharisaica,

433 1318 611 1374 altera-
647 1320 900 1390 mystiea.
956 1319 1055 1376 llic
1118 1321 1288 1391 pelvis
1335 1328 1421 1376 est
1469 1321 1800 1377 humilitatis
1836 1323 2013 1377 subli-

431 1415 678 1470 mitatem
773 1416 1023 1487 symbolo
1082 1416 1377 1480 referens;
1441 1415 1551 1470 illic
1579 1416 2016 1487 lacryrnaablu-

430 1517 588 1563 entes
677 1507 922 1562 maculas
979 1508 1196 1562 animae.
1276 1507 1391 1561 illic
1459 1507 1645 1563 crines
1695 1506 2015 1563 Dominicos

430 1607 723 1669 extergunt
755 1598 945 1669 pedes,
984 1598 1187 1668 quibus
1221 1598 1581 1668 proculcatus
1612 1597 1863 1652 infernus
1908 1611 2014 1651 una

434 1707 558 1746 cum
623 1691 858 1747 ostiaria
913 1698 1089 1745 morte
1141 1690 1467 1745 vulneratus
1496 1700 1622 1744 est:
1660 1689 1749 1743 hic
1784 1689 2013 1744 linteum

434 1785 606 1854 pedes
659 1783 916 1851 detergit,
945 1798 1086 1853 quos
1120 1782 1176 1835 in
1225 1781 1684 1852 praeparationem
1725 1780 2006 1851 Evangelii

436 1876 588 1944 pac‘s
626 1875 812 1945 gratia
846 1875 1069 1942 recepit.
1125 1873 1244 1928 ll~lic
1275 1872 1588 1929 Pharismus
1617 1913 1633 1939 ,
1668 1872 1758 1927 hic
1795 1892 1813 1923 ‹
1847 1874 2012 1929 homo

430 1967 655 2037 quidam
716 1966 1036 2035 amphoram
1088 1980 1243 2034 aqua:
1321 1972 1544 2031 portans
1574 1961 1622 2016 i.
1665 1982 1686 2015 ι
1736 1962 1873 2030 Quis
1923 1964 2012 2021 hic

439 2078 457 2109 ι
494 2059 658 2113 homo
690 2055 955 2127 quidam?
993 2074 1011 2107 ι
1051 2054 1512 2124 Uniuscujusque
1553 2055 1743 2123 utique
1801 2053 2009 2107 anima.

432 2148 574 2215 Quid
600 2165 728 2204 vero
746 2147 1002 2218 amphora
1020 2150 1044 2203 ξ)
1059 2148 1223 2202 Putre
1249 2147 1455 2216 peccati
1477 2146 1789 2211 vasculum;
1818 2161 2014 2216 nempe

432 2258 658 2312 corpus.
685 2241 827 2306 Quid
861 2243 1044 2311 aqua?
1072 2239 1403 2294 Emundatio
1430 2254 1551 2308 qua:
1585 2248 1668 2293 est
1699 2254 1794 2309 per
1826 2237 2010 2293 ﬁdem.

430 2331 584 2409 Quid
632 2331 1009 2387 (miraculum?
1039 2331 1251 2386 Sensus
1298 2330 1565 2386 cmlestis.
1609 2329 1750 2397 Quid
1779 2339 2014 2385 stratum

433 2423 613 2480 illud?
644 2426 1014 2480 Externarum
1045 2424 1527 2493 perturbationum
1560 2422 1776 2478 sedatio
1811 2440 1826 2479 :
1856 2438 2013 2477 man-

430 2518 572 2574 sueti
617 2518 846 2588 spiritus
894 2515 1137 2587 requies.
1168 2515 1313 2582 Quid
1353 2515 1563 2570 Pascha
1593 2516 1615 2568 2’
1644 2513 1940 2571 Transitus
1979 2530 2011 2568 a

428 2607 598 2663 rebus
631 2608 818 2662 sensui
849 2607 1114 2673 subjectis
1142 2605 1209 2659 ad
1237 2604 1529 2674 spiritalia.
1584 2603 1846 2668 Quisnam
1906 2602 2011 2656 mi-

431 2697 547 2752 sit?
593 2690 873 2751 Christus.
898 2695 1135 2760 Quinam
1171 2701 1300 2747 sunt
1344 2693 1543 2749 missi?
1599 2692 1715 2746 Duo
1736 2707 1802 2747 ex
1836 2692 2009 2747 disci-

431 2788 597 2858 pulis.
652 2786 888 2853 Quinam
926 2802 1059 2841 vero
1097 2785 1219 2839 illi?
1263 2783 1433 2839 Vetus
1481 2794 1536 2839 et
1572 2798 1774 2838 novum
1816 2782 2010 2838 Testa-

432 2883 677 2932 mentum
709 2893 722 2931 :
756 2889 821 2930 ac
848 2889 949 2929 nec
972 2882 1195 2945 gravate
1218 2873 1450 2928 dixerim
1476 2912 1492 2936 ,
1517 2871 2009 2942 contemplationis

431 2963 704 3037 perfectio
733 2972 789 3021 et
843 2964 1102 3027 actionis,
1135 2963 1187 3017 iu
1221 2962 1423 3032 quibus
1475 2972 1528 3017 et
1567 2977 1801 3033 quarum
1831 2960 2010 3017 oﬂicio

429 3059 687 3116 Christus
732 3057 934 3128 pascha
976 3055 1237 3113 celebrat.
1290 3054 1417 3120 Ubi,
1450 3061 1504 3108 ct
1535 3053 1681 3123 apud
1716 3053 1918 3122 quem?
1948 3052 2006 3110 In

2122 610 2253 658 των,
2289 595 2504 667 σιωπὴν
2547 593 2725 648 ἄσκει.
2769 595 2866 649 “Av
2913 595 2971 648 δὲ
3004 596 3309 668 ἐρωτηθῇς,
3343 598 3539 669 πράως
3566 602 3707 655 ἀπο-

2124 684 2313 754 κρίνου
2348 685 2428 754 τῷ
2462 686 2643 740 πάντα
2682 686 3032 754 γινώσκοντι,
3094 689 3190 741 καὶ
3247 689 3416 759 μηδὲν
3469 690 3634 746 πλέον
3671 694 3704 764 ἢ

2123 778 2302 841 καλῶς
2333 778 2446 848 ἔχει
2472 779 2579 831 τῶν
2608 778 2787 831 ἄλλων
2833 779 3278 854 ὑπερφρονήσῃς.
3315 780 3391 853 μὴ
3424 783 3522 835 καὶ
3545 783 3706 847 αὐτὸς

2123 868 2385 939 ἀκούσῃς,
2439 887 2456 919 ι
2499 868 2570 920 Σὺ
2623 864 2822 933 εἶπας·
2873 887 2893 920 ι
2934 869 3028 922 καὶ
3087 871 3116 923 ὃ
3172 887 3340 940 φησιν
3397 874 3432 942 ἡ
3477 874 3706 944 Γραφήυ

2126 974 2144 1007 ι
2183 956 2409 1026 Ἔλεγξὲ
2442 974 2501 1009 σε
2522 956 2591 1009 τδ
2614 957 2706 1010 σὺν
2738 960 2938 1029 στόμα,
2969 959 3064 1011 καὶ
3097 958 3171 1030 μὴ
3192 959 3336 1028 ἐγώ·
3368 960 3439 1014 τὰ
3465 962 3525 1016 δὲ
3552 961 3704 1033 χείλη

2123 1063 2238 1111 σου,
2305 1046 2806 1120 κατεμαρτύρησάν
2861 1066 2983 1103 σου.
3023 1069 3042 1102 ι
3078 1050 3222 1118 Πρὸς
3263 1051 3322 1106 δὲ
3364 1053 3436 1106 τὰ
3490 1053 3620 1123 ἑξῆς
3676 1057 3707 1107 6

2119 1136 2278 1207 λόγος
2308 1138 2423 1192 ετω.

2190 1232 2413 1283 Δεῖπνον
2436 1231 2638 1296 τοίνυν,
2669 1230 2731 1284 τὸ
2752 1230 2853 1301 μὲν
2878 1231 2996 1284 ἐκεῖ
3011 1231 3363 1302 Φαρισαῖκὸν.
3384 1235 3459 1287 τὰ
3471 1235 3705 1288 ἐνταῦθα

2119 1320 2174 1374 δὲ
2208 1321 2489 1391 μυστικόν.
2521 1317 2650 1375 Ὧδε
2682 1323 2885 1393 νιπτὴρ
2912 1322 2974 1375 τὸ
3011 1323 3109 1393 τῆς
3153 1322 3541 1388 ταπεινώσεως
3572 1324 3708 1394 641,0;

2119 1414 2594 1484 ὑπογραφόμενος,
2620 1417 2740 1469 ἐκεῖ
2786 1415 3000 1485 δάκρυα
3033 1415 3257 1487 κηλίδας
3287 1417 3469 1487 ψυχῆς
3517 1419 3706 1471 ἀπονί-

2120 1522 2343 1560 πτοντα.
2380 1506 2530 1559 Ἐκεῖ
2562 1506 2745 1576 τρίχες
2766 1505 3132 1569 Δεσποτικοὺς
3162 1508 3584 1577 ἀπομάσσουσαι
3611 1509 3710 1562 πό-

2114 1597 2229 1661 δας,
2260 1591 2343 1661 οἷς
2381 1597 2516 1669 ᾅδης
2565 1596 2944 1668 συμπατηθεὶς
2979 1597 3058 1667 τῷ
3108 1599 3448 1671 πυ).ωροῦντι
3487 1602 3707 1674 Θανάτῳ

2117 1689 2654 1759 συγκαταϐἐὸληταυ
2681 1683 2784 1743 ὧδε
2822 1690 3032 1743 λέντιον
3085 1690 3256 1755 πόδας
3284 1693 3586 1762 ὲκμάσσον,
3613 1694 3708 1759 οὓς

2117 1780 2175 1832 ὲν
2206 1781 2497 1852 ἑτοιμασίᾳ
2545 1780 2641 1834 τοῦ
2677 1780 3020 1848 Εὐαγγελίου
3051 1781 3147 1851 τῆς
3194 1783 3420 1855 εἰρήνης
3457 1787 3491 1855 ἡ
3540 1787 3706 1858 χάρις

2118 1872 2449 1941 προσήκατο.
2500 1873 2647 1924 Ἐκεῖ
2666 1872 2981 1941 Φαρισαῖος,
3016 1871 3250 1926 ἐνταῦθα
3276 1893 3294 1924 ι
3335 1876 3363 1928 6
3396 1875 3564 1941 δεῖνα,
3594 1880 3624 1932 6
3644 1881 3705 1932 τὸ

2114 1963 2380 2033 κεράμιον
2414 1962 2699 2033 βαστάζων
2719 1962 2815 2017 τοῦ
2847 1962 3063 2026 ὓδατος.
3104 1981 3123 2015 ι
3161 1966 3204 2017 Τ
3210 1964 3257 2028 ίς
3289 1967 3438 2018 ἐστιν
3471 1985 3490 2017 ι
3533 1969 3561 2020 6
3596 1969 3708 2022 δεῖ·

2118 2067 2222 2115 να;
2251 2070 2269 2103 ι
2323 2051 2387 2104 Ἦ
2404 2051 2638 2104 ἑκάστου
2685 2050 2856 2119 ψυχή.
2883 2051 2951 2102 Τί
2971 2051 3032 2104 t6
3061 2052 3346 2121 κεράμιον
3361 2069 3382 2117 ;
3408 2055 3485 2107 T6
3506 2056 3705 2126 σαθρὸν

2114 2144 2212 2213 τῆς
2249 2143 2524 2215 ἁμαρτίας
2560 2142 2771 2208 σκεῦος,
2794 2144 2856 2196 τὸ
2884 2143 3045 2211 σῶμα
3099 2144 3263 2213 λέγω.
3313 2147 3380 2199 Τί
3415 2148 3475 2200 τὸ
3502 2149 3700 2220 ὕδωρ,

2127 2232 2189 2286 Ἦ
2217 2232 2307 2286 διὰ
2337 2232 2573 2293 πίστεως
2596 2230 2884 2302 κάθαρσις.
2918 2232 2981 2285 Τί
3006 2232 3068 2285 1:6
3091 2233 3372 2301 ἀνώγεων
3393 2252 3413 2300 ;
3437 2236 3512 2289 Τὸ
3538 2239 3704 2308 οὐρά-

2114 2340 2227 2377 νιον
2251 2323 2524 2393 φρόνημα,
2567 2322 2633 2374 Τί
2656 2321 2715 2374 τὸ
2739 2321 3145 2391 ἐστρωμένον,
3184 2322 3247 2376 Ἦ
3279 2324 3345 2376 ὲκ
3367 2323 3478 2378 τῶν
3503 2325 3706 2391 ἔξωθεν

2115 2411 2360 2484 θορύϐων
2387 2412 2699 2474 ἀνάπαυσις
2721 2452 2736 2471 ,
2769 2413 2803 2483 ἡ
2827 2411 2920 2464 τοῦ
2944 2412 3121 2482 πράου
3157 2414 3504 2478 κατάπαυσις
3536 2418 3703 2470 πνεύ-

2117 2521 2306 2575 ματος.
2338 2501 2404 2555 Τί
2430 2502 2492 2555 τὸ
2526 2501 2782 2570 Πάσχα;
2820 2502 2885 2554 Ἡ
2914 2503 2979 2556 ὲκ
3004 2501 3114 2555 τῶν
3144 2504 3422 2572 αἰσθητῶν
3453 2507 3592 2576 πρὸς
3636 2511 3682 2560 τ

2113 2595 2281 2665 νοητά
2309 2595 2578 2658 διάϐασις.
2609 2594 2704 2656 Τίς
2727 2595 2755 2647 6
2783 2593 3113 2657 ἀποστείλας
3136 2611 3151 2659 ;
3179 2595 3437 2664 Χριστός.
3466 2598 3625 2661 Τίνες

2111 2687 2615 2757 ἀποστειλάμενοι;
2648 2685 2754 2738 Δύο
2778 2684 2888 2739 τῶν
2912 2683 3190 2757 μαθητῶν.
3246 2681 3408 2742 Οὗτοι
3451 2689 3509 2741 δὲ
3554 2692 3704 2755 τίνες

2111 2779 2159 2831 οἱ
2189 2777 2317 2845 δύο;
2359 2778 2423 2830 Ἡ
2460 2776 2672 2830 Παλαιὰ
2709 2775 2801 2829 καὶ
2832 2775 3010 2847 Καινὴ
3051 2776 3298 2848 Διαθήκη
3326 2795 3341 2809 ο
3366 2779 3426 2831 οὐ
3462 2779 3703 2849 χαλεπὸν

2109 2868 2166 2922 δὲ
2192 2870 2385 2932 εἰπεῖν,
2437 2869 2471 2938 ή
2506 2866 2788 2939 γνωστικὴ
2844 2867 2940 2921 καὶ
2975 2868 3255 2940 πρακτικὴ
3301 2868 3603 2941 τελειότης,
3634 2874 3694 2927 ὲν

2110 2952 2200 3020 αἷς
2219 2957 2314 3012 καὶ
2336 2956 2406 3011 δι’
2432 2952 2508 3010 ὧν
2523 2956 2669 3010 τελεῖ
2692 2957 2754 3010 τὸ
2787 2956 2985 3026 Πάσχα
3011 2957 3268 3027 Χριστός.
3293 2958 3405 3012 Ποῦ
3434 2961 3530 3013 καὶ
3551 2961 3703 3031 παρά

2109 3050 2251 3115 τίνι;
2293 3046 2383 3101 Ἑν
2419 3050 2485 3119 τῇ
2513 3047 2690 3111 οὕτως
2725 3046 3119 3119 ὲτοιμασθείσῃ
3168 3047 3336 3119 ψυχῇ.
3387 3050 3552 3104 Ποῖον
3588 3052 3703 3106 Πά-

427 3151 615 3209 anima
636 3165 761 3206 eum
791 3148 847 3205 in
877 3148 1099 3203 modum
1140 3157 1352 3216 parata.
1386 3144 1542 3212 Quod
1575 3144 1711 3200 illud
1755 3144 2008 3200 Pascha?

2119 3153 2253 3208 σχα;
2283 3136 2356 3191 Τὸ
2378 3137 2626 3208 νομικὸν,
2652 3137 2749 3191 xui.
2767 3137 2830 3189 τὸ
2866 3138 3150 3208 μυστικὸν,
3170 3138 3218 3189 εί
3251 3136 3452 3207 βούλει.
3476 3140 3553 3194 T6
3604 3141 3703 3211 μὲν

427 3237 652 3311 Legale,
713 3255 778 3294 ac
807 3243 857 3295 si
891 3239 997 3299 vis.
1027 3237 1338 3309 mysticum.
1373 3237 1619 3292 Alterum
1669 3237 2007 3307 contempla-

429 3330 602 3395 tione,
656 3331 889 3384 ahenum
948 3329 1183 3384 actione.
1257 3326 1394 3383 Illud
1461 3328 1865 3384 manducamus
1928 3336 1989 3383 ut

431 3434 627 3475 ovem:
654 3419 801 3475 istud
837 3426 899 3474 ut
937 3434 1129 3490 panem
1155 3419 1293 3489 (56),
1348 3424 1403 3473 et
1426 3417 1705 3473 victimam
1729 3425 1784 3473 et
1810 3416 1998 3472 mundi

434 3511 603 3568 totius
642 3511 976 3583 piacularem
1005 3511 1243 3565 hostiam
1283 3509 1644 3581 percipimus.

508 3602 644 3672 Quis
673 3618 841 3675 porro
875 3605 950 3657 ita
982 3603 1203 3667 beatus,
1234 3611 1295 3657 ut
1328 3601 1454 3654 talis
1479 3599 1770 3664 emciatur,
1791 3602 2009 3670 qualem

432 3713 617 3754 sermo
640 3693 979 3764 descripsit?
1009 3693 1148 3760 Quis
1192 3707 1290 3747 cor
1333 3706 1495 3748 suum
1531 3692 1807 3746 coenaculi
1839 3694 2013 3748 instar

432 3789 672 3859 paravit,
721 3798 781 3841 ut
837 3786 1121 3843 Christum
1191 3784 1502 3854 susceperit
1568 3783 2006 3852 recumbentem,

432 3896 802 3952 magnumque
840 3880 944 3935 hoc
968 3889 1371 3935 sacramentum
1403 3875 1694 3946 discipulis
1721 3891 2008 3932 commen-

432 3974 656 4030 dantem
694 3972 727 4025 ἓ
759 3971 897 4037 Quis
949 3970 1157 4025 Christi
1234 3983 1393 4024 caena
1447 3967 1788 4032 inveniatur,
1854 3984 2020 4024 suam.

432 4066 614 4137 ipsius
659 4065 824 4119 vitam
858 4063 986 4119 siin
1018 4061 1239 4133 epulum
1291 4073 1632 4131 proponens,
1674 4058 1771 4129 qui
1820 4059 1957 4113 dixit
1994 4075 2018 4118 ι

437 4175 466 4214 ε
494 4156 646 4212 Meus
673 4156 832 4212 cibus
869 4163 974 4215 est.
1006 4164 1066 4208 ut
1102 4152 1299 4208 faciam
1324 4151 1666 4207 voluntatem
1699 4149 1880 4205 Patris
1906 4151 2017 4205 mei

431 4251 524 4321 qui
552 4260 636 4307 est
658 4250 712 4305 in
739 4249 899 4305 caelis
923 4248 949 4288 ιι
966 4247 993 4301 3
1027 4265 1054 4297 ι
1075 4245 1179 4312 Qui
1207 4244 1480 4314 ejusmodi
1505 4251 1612 4309 est,
1638 4242 1797 4296 illum
1819 4257 2015 4312 quem-

431 4341 556 4396 dam
594 4340 865 4402 imitatur,
896 4347 951 4394 et
981 4337 1215 4406 suscipit
1244 4336 1548 4400 Christum,
1590 4333 2013 4389 sublimiornm-

433 4448 540 4503 que
605 4439 1078 4487 sacramentorum
1138 4427 1386 4483 rationes
1443 4424 1612 4481 veluti
1660 4440 1831 4480 sensu
1891 4424 2012 4494 ipso

2110 3232 2177 3300 τῇ
2208 3226 2432 3297 γνώσει,
2469 3227 2531 3281 τὸ
2580 3228 2636 3280 δὲ
2674 3229 2740 3298 τῇ
2794 3227 3015 3297 πράξει.
3069 3227 3143 3279 T6
3178 3227 3276 3297 μὲν
3310 3229 3387 3291 ὡς
3427 3230 3701 3300 πρόϐατον

2113 3318 2393 3388 ἐσθίομεν,
2426 3318 2488 3371 τδ
2514 3317 2570 3371 δὲ
2596 3317 2672 3381 ὡς
2696 3320 2882 3388 ἀρτον,
2916 3317 3012 3371 καὶ
3045 3316 3215 3387 θῦμα,
3247 3319 3342 3372 καὶ
3375 3321 3583 3385 παντὸς
3606 3321 3702 3378 τοῦ

2113 3411 2322 3482 κόσμου
2345 3410 2644 3482 καθάρσιον
2673 3408 3194 3481 μεταλαμόἀνομεν.

2183 3584 2296 3639 Καὶ
2319 3585 2404 3649 τίς
2435 3585 2577 3638 οὕτω
2607 3583 2901 3655 μακάριος,
2925 3583 3001 3646 ὡς
3039 3581 3295 3651 γενέσθαι
3324 3581 3565 3646 τοιοῦτος
3593 3577 3704 3637 οἷον

2112 3679 2142 3731 6
2161 3677 2319 3744 λόγος
2345 3675 2671 3746 ὑπέγραψε;
2703 3676 2798 3736 Τίς
2834 3673 3092 3741 ἀνώγεων
3121 3673 3223 3743 τὴν
3253 3673 3704 3746 ἑαυτοῦκαρδίαν

2113 3767 2432 3839 ἡτοίμασεν,
2478 3766 2565 3818 ἵνα
2597 3764 2836 3835 Χριστὸν
2891 3762 3269 3816 ἀναπίπτοντα
3313 3760 3560 3832 δέξηται,
3610 3766 3707 3817 καὶ

2111 3856 2370 3910 τελοῦντα
2397 3856 2511 3918 τοῖς
2560 3855 2833 3924 μαθηταῖς
2884 3852 2945 3904 τὸ
2979 3852 3123 3922 μέγα
3167 3850 3326 3925 τοῆτο
3359 3852 3701 3924 μυστήριον;

2114 3950 2210 4015 Τίς
2232 3951 2446 4004 δεῖπνον
2482 3948 2683 4020 εὑρέθη
2714 3947 2976 4018 Χριστοῦ,
3007 3947 3097 4000 τὸν
3128 3945 3326 3999 ἑαυτοῦ
3379 3945 3491 4016 βίον
3537 3965 3706 4021 προσ-

2114 4042 2229 4107 θεὶς
2256 4045 2338 4106 εἰς
2360 4041 2607 4096 ἑστίασιν
2639 4039 2718 4111 τῷ
2749 4039 2958 4092 εἰπόντι
2982 4056 2995 4070 ’
3035 4057 3054 4090 ι
3104 4038 3268 4109 Ἐμὸν
3299 4037 3498 4110 βρῶμά
3531 4042 3702 4101 ἐστιν,

2113 4135 2200 4188 ἵνα
2218 4134 2355 4187 ποιῶ
2382 4133 2443 4187 τὸ
2468 4133 2679 4203 θέλημα
2699 4131 2793 4186 τοῦ
2815 4129 3029 4201 Πατρός
3053 4146 3156 4200 μου
3177 4130 3273 4184 τοῦ
3301 4132 3359 4182 ἐν
3376 4131 3629 4201 οὐρανοῖς
3648 4147 3697 4197 ;ι

2125 4226 2184 4280 ’0
2236 4224 2476 4288 τοιοῦτος
2522 4226 2774 4293 μιμεῖται
2831 4221 2923 4275 τὸ,
2976 4223 3146 4283 δεῖνα,
3179 4220 3277 4276 καὶ
3324 4222 3417 4275 τδν
3464 4222 3702 4292 Χριστὸν

2113 4318 2455 4388 ὑποδέχεται,
2479 4317 2573 4369 καὶ
2607 4314 2715 4367 τῶν
2748 4311 3097 4385 ὐψηὶοτέρων
3128 4313 3455 4383 αἰσθήσεται
3490 4328 3701 4384 μυστη-

2117 4412 2248 4482 ρῖων
2273 4411 2402 4473 τοὺς
2433 4408 2647 4476 λόγους.
2684 4406 2779 4467 Τίς
2806 4405 2951 4460 οὕτω
2992 4405 3125 4475 περὶ
3167 4405 3268 4474 τὴν
3299 4405 3484 4457 πίστιν
3503 4404 3703 4458 διάπυ-

392 4518 395 4519 ⁷
436 4534 798 4597 percepturus
844 4529 949 4577 est.
982 4521 1117 4588 Quis
1169 4521 1243 4575 ita
1283 4519 1387 4574 tide
1409 4533 1701 4581 accensus,
1739 4528 1799 4571 ut
1831 4516 2004 4570 alacri

2119 4520 2230 4573 ρος,
2262 4503 2337 4566 ὡς
2365 4499 2786 4573 προθυμηθῆναι
2817 4497 3016 4552 παθεῖν
3047 4499 3144 4551 σὺν
3172 4495 3397 4569 Χριστῷ
3427 4496 3491 4549 τὸ
3516 4496 3702 4549 ἐπιθυο

435 4619 624 4673 animo
658 4617 786 4671 velit
824 4629 950 4669 cum
990 4612 1212 4668 Christo
1235 4612 1345 4681 pati
1398 4608 1821 4664 desiderabilem
1851 4606 2003 4660 illam

433 4709 764 4775 beatamque
812 4703 1146 4774 passionem,
1175 4710 1235 4754 ut
1265 4714 1390 4753 cum
1432 4698 1671 4752 audierit
1709 4694 2014 4766 praedicem

436 4809 544 4853 tem
575 4795 862 4865 discipulis
897 4811 912 4850 :
950 4812 969 4846 ι
1004 4791 1146 4847 Ecce
1175 4790 1524 4847 ascendimus
1544 4787 2009 4859 Hierosolymam,

434 4896 491 4946 et
522 4889 695 4943 Filius
726 4886 966 4941 hominis
986 4883 1234 4938 tradetur
1284 4881 1631 4952 principibus
1664 4879 2009 4934 sacerdotum

437 4992 494 5037 et
542 4980 767 5044 scribis,
816 4987 871 5034 et
902 4976 1352 5033 condemnabunt
1413 4990 1536 5028 eum
1571 4979 1746 5026 morte
1773 4988 1789 5037 ;
1821 4978 2013 5025 ettra-

437 5073 571 5127 dent
593 5087 715 5127 eum
743 5068 1015 5140 gentibus,
1044 5076 1099 5123 et
1129 5065 1359 5120 illudcnt
1387 5065 1459 5129 ei,
1490 5073 1544 5118 et
1572 5061 1825 5117 occident
1847 5075 1971 5114 eum
1996 5076 2011 5125 ;

437 5175 494 5218 et
539 5163 697 5219 ter-tia
749 5163 837 5217 die
887 5167 1140 5230 resurget
1174 5157 1243 5211 l:
1291 5176 1311 5209 ι
1346 5170 1471 5210 mox
1529 5154 1754 5224 quidem
1786 5166 2009 5206 oninem

439 5266 589 5311 retro
617 5253 804 5309 mundi
828 5251 1173 5307 aﬂectionem
1204 5248 1801 5323 abjcecrit;suumque
1836 5242 2015 5310 ipsius

441 5346 733 5406 Dominum
790 5343 958 5400 fuerit
1005 5342 1318 5404 amula—tus,
1383 5336 1568 5391 omnia
1610 5335 1787 5389 libens
1838 5334 2012 5402 ipsius

512 5525 539 5566 λι
571 5522 764 5581 Matth.
789 5535 945 5581 xuii,
969 5516 1059 5575 25.
1142 5516 1165 5555 ί-
1203 5512 1400 5568 Jerem.
1429 5527 1486 5577 ιι,
1526 5510 1610 5565 ις).
1689 5518 1702 5556 ι
1738 5505 1869 5564 Luc,
1901 5522 2007 5564 sui

2119 5508 2148 5557 ι.
2231 5503 2254 5544 ιι
2284 5501 2443 5557 Joan.
2473 5516 2545 5566 ιχ,
2568 5500 2658 5555 3i.

2120 4594 2291 4664 μητὸν
2322 4594 2499 4646 ἐκεῖνο
2530 4592 2626 4644 κα)⁸
2658 4591 2927 4661 μακάριον
2971 4587 3164 4651 πάθος,
3197 4588 3307 4653 ἵνα,
3336 4588 3465 4641 ὅταν
3491 4586 3698 4656 ἀκούσῃ

2113 4687 2228 4748 τοῖς
2258 4686 2526 4754 μαθηταῖς
2554 4680 3078 4754 προαναφωνοῦντος
3099 4678 3265 4733 αὐτοῦ
3285 4695 3298 4707 ·
3337 4698 3357 4729 ι
3406 4676 3538 4740 Ἰδοὺ
3570 4679 3700 4736 ἀνα-

2117 4776 2375 4849 ϐαίνομεν
2402 4779 2482 4842 εἰς
2521 4774 2891 4847 Ἰεροσόλυμα.
2918 4771 3012 4826 καὶ
3053 4774 3081 4826 6
3106 4772 3235 4835 Υἱὸς
3270 4770 3365 4823 τοῦ
3409 4768 3696 4841 ἀνθρώπου

2115 4868 2470 4941 παραδίδοται
2507 4869 2620 4931 τοῖς
2660 4863 2979 4937 ἀρχιερεῦσι
3005 4864 3100 4917 καὶ
3128 4860 3570 4933 Γραμματεῦσι,
3606 4858 3699 4913 καὶ.

2116 4957 2540 5027 κατακρινοῦσιν
2564 4957 2727 5010 αὐτὸν
2757 4955 2993 5022 θανάτῳ,
3026 4954 3120 5006 καὶ
3148 4949 3573 5022 παραδώσουσιν
3599 4949 3697 5002 αὐ-

2116 5054 2208 5108 τὸν
2245 5054 2359 5114 τοῖς
2394 5051 2591 5113 ἔθνεσι,
2615 5048 2712 5102 καὶ
2738 5046 3097 5119 ἐμπαίξουσιν
3136 5044 3308 5113 αὐτῷ,
3339 5043 3435 5096 καὶ
3462 5044 3696 5095 ἀποκτε-

2117 5143 2298 5196 νοῦσιν
2343 5142 2526 5204 αὐτὸν,
2589 5140 2683 5194 καὶ
2726 5140 2791 5210 τῇ
2820 5138 2979 5209 τρίτῃ
3024 5135 3210 5206 ἡμέρᾳ
3237 5134 3642 5203 ἀναστήσεται·
3674 5149 3691 5181 ι

2120 5239 2252 5309 ῥίψῃ
2281 5237 2381 5307 μὲν
2411 5235 2609 5289 αὐτίκα
2637 5234 2819 5287 πᾶσαν
2844 5230 3020 5284 ὀπίσω
3042 5227 3140 5297 τὴν
3163 5226 3259 5281 τοῦ
3293 5226 3504 5297 κόσμου
3529 5240 3695 5296 προσ-

2118 5327 2372 5390 πάθειαν,
2400 5324 2618 5396 ζηλώσῃ
2649 5325 2706 5377 δὲ
2735 5324 2826 5376 τὸν
2855 5320 3051 5375 ἑαυτοῦ
3085 5320 3386 5387 Δεσπότην,
3415 5317 3496 5388 τῷ
3523 5317 3699 5372 πάντα

2746 5486 2763 5526 ¹
2796 5497 2987 5553 Matth.
3018 5512 3109 5563 xx,
3147 5496 3230 5549 17.

1767 5639 2151 5697 (ΞΟΜΒΕΕΙΞΙΙ
2184 5639 2398 5697 NOTAE

519 5751 632 5822 (36)
672 5743 1489 5822 Utpamm.Exteruisscdicet
1521 5736 1783 5809 symbolis
1842 5744 1899 5789 et
1951 5749 2011 5803 sp

2119 5750 2129 5786 ν
2179 5734 2424 5789 sensibili
2453 5751 2464 5785 :
2494 5748 2614 5787 curn
2672 5731 2857 5801 reipsa
2877 5729 2945 5786 sit
2970 5738 3021 5784 et
3048 5723 3252 5816 intellig
3274 5731 3383 5774 stur
3410 5728 3465 5773 ut
3506 5729 3703 5785 agnitis

449 5816 901 5906 ευὲιιιξιέὶιιᾶοδιιιιι
933 5818 1070 5874 dixit
1093 5830 1248 5889 super
1266 5816 1370 5867 ius.
