4016 6130
261 417 401 486 1013

1413 408 1494 467 IN
1524 402 1779 466 nanos
1806 370 2265 469 i’ALMAHUM.

3398 392 3530 457 101's

262 532 463 588 παθεῖν
493 526 562 582 δι’
610 524 774 580 αὑτὸν
818 522 1059 590 ἑλέσθαι,
1091 523 1191 576 ὃσα
1219 519 1381 584 αὐτὸς
1413 520 1480 573 δι’
1528 518 1675 587 ἡμᾶς
1714 531 1848 584 προ-

1992 511 2125 563 ralia
2164 508 2271 577 pati
2296 507 2526 579 eligens,
2559 508 2604 562 si
2638 523 2745 578 qua
2796 507 2886 562 il'le
2916 507 3200 562 hominum
3234 523 3401 563 causa
3430 523 3536 562 cu-

264 623 641 697 θυμούμενος;
675 619 758 674 ὅτι
813 618 887 689 μὴ
947 617 1017 671 δι’
1066 615 1260 669 ἑαυτὸν
1310 611 1538 674 ἔπαθεν,
1568 610 1682 664 ἀλλ’
1714 610 1849 662 ὐπο-

264 713 532 790 γραμμδν
554 713 651 768 ⁴λιταὶ.
673 713 836 782 ὄρους
857 709 1028 772 τιθεὶς
1052 707 1304 776 ἀνδρείας
1327 706 1423 758 καὶ
1445 700 1848 765 ταπεινώσεως,

264 809 337 865 ῐν*
367 811 424 863 ἐν
456 804 647 879 μηδενὶ
671 803 783 857 τῶν
818 800 1059 873 ἀνιαρῶν
1093 799 1557 866 καταπίπτωμεν.

340 963 477 1018 Τίνα
495 962 699 1033 τρόπον
722 978 739 1027 ;
773 961 903 1015 Δότε
939 977 1028 1031 μοι
1050 958 1149 1031 τὴν
1179 955 1370 1027 ἀκοὴν,
1396 956 1485 1009 ἵνα
1513 953 1711 1023 συνῆτε
1748 952 1857 1006 τῶν

269 1056 584 1127 λεγομένων
620 1054 718 1124 τὴν
764 1050 1016 1122 δύναμιν.
1073 1048 1456 1120 Ἐλοιδορήθης
1502 1045 1643 1117 πρός
1677 1060 1856 1111 τινος;

277 1145 355 1218 μὴ
382 1146 706 1213 ἀγανάκτει.
741 1143 851 1197 Καὶ
879 1142 987 1213 γὰρ
1017 1141 1113 1194 καὶ
1133 1143 1161 1195 ό
1181 1141 1226 1193 Χ
1236 1138 1417 1210 ριστὸς
1459 1135 1737 1204 Δεσπότης
1784 1132 1859 1186 ὢν

275 1244 376 1297 καὶ
424 1238 575 1304 Θεδς,
610 1236 831 1292 καὶτοῦ
862 1234 1058 1289 παθεῖν
1107 1231 1459 1303 ὑψηλότερος,
1513 1228 1614 1281 οὐκ
1664 1226 1863 1279 ἐλοιδο-

280 1332 423 1405 ρήθη
456 1330 637 1403 μόνον,
663 1327 801 1383 ἀλλὰ
822 1326 917 1381 καὶ
939 1324 1271 1397 ἐμαστίχθη.
1314 1318 1608 1392 ’Υὸρίσθης
1629 1317 1734 1370 ὑπὸ
1766 1316 1862 1369 τοῦ

278 1425 484 1489 πέλας;
511 1420 649 1476 ἀλλὰ
687 1421 785 1473 καὶ
810 1421 840 1472 ὁ
858 1416 1095 1487 Χριστὸς
1120 1413 1453 1486 ἐρῤαπίσθη.
1499 1409 1862 1478 Ὡνειδίσθης;

278 1518 397 1573 ἀλλ’
432 1515 592 1578 αὐτὸς
624 1514 715 1568 καὶ⁵
749 1510 1085 1580 ἁνεπτὺσθη,
1115 1508 1214 1561 καὶ
1260 1506 1427 1579 χλεύῃ
1475 1503 1701 1573 χλαῖναν
1736 1501 1864 1570 ἐφό-

284 1625 435 1681 ρεσε.
471 1607 591 1660 Τῶν
612 1603 819 1675 τριχῶν
845 1600 1225 1671 κατεσχέθης;
1259 1597 1395 1654 ἀλλὰ
1428 1596 1667 1667 Χριστὸς
1696 1594 1867 1647 ἀκάν-

282 1702 406 1763 θαις
450 1696 831 1766 ἐστεφανώθη.
897 1693 1278 1763 Ἠτιμόισθηςς
1327 1689 1461 1743 ἀλλὰ
1497 1687 1592 1742 καὶ
1633 1685 1867 1757 Χριστὸς

282 1787 613 1858 ἐνεπαίχθη·
645 1786 789 1840 καὶό
816 1800 982 1855 φησιν
1024 1782 1251 1844 Ἡσαΐας
1279 1797 1293 1812 ο
1354 1800 1372 1832 ι
1427 1776 1732 1848 Ἦτιμάσθη
1772 1774 1870 1828 καὶ

1953 598 2124 669 pienti
2146 599 2331 653 animo
2350 613 2548 668 passus
2565 600 2676 655 est?
2690 596 2808 653 Non
2826 598 2971 653 enim
2994 604 3080 654 est
3098 612 3295 667 passus
3315 604 3536 668 propter

1956 692 2226 762 seipsum,
2255 692 2349 747 sed
2373 691 2686 761 exemplum
2712 691 2876 746 nobis
2898 689 3242 761 formamque
3266 692 3535 746 adhibens

1960 785 2300 840 fortitudinis
2331 799 2397 838 ac
2448 782 2800 848 humilitatis,
2842 793 2899 837 ut
2932 783 3197 853 quidquid
3243 783 3535 838 molestum

1959 876 2249 939 acciderit,
2280 890 2389 930 non
2416 875 2614 928 animis
2644 874 3028 929 concidamus.

2029 968 2149 1036 Qua
2204 966 2258 1022 id
2322 958 2575 1022 ratione?
2628 965 2757 1020 Mihi
2808 981 2998 1020 aurem
3045 967 3537 1034 accnmmmlatemt

1961 1079 2152 1120 eorum
2184 1078 2308 1132 quae
2335 1062 2599 1117 dicuntur
2644 1062 2752 1116 vim
2806 1062 3222 1134 perspexeritis.
3272 1059 3398 1115 Tibi
3439 1062 3540 1113 ali-

1961 1155 2090 1226 quis
2139 1165 2225 1209 cst
2271 1154 2649 1210 convitiatus?
2689 1170 2758 1209 ue
2792 1155 3116 1225 indigneris.
3138 1153 3272 1207 Nam
3302 1162 3355 1208 ct
3390 1152 3541 1208 Chri-

1966 1257 2107 1314 stus,
2159 1247 2251 1316 qui
2317 1245 2585 1301 Dominus
2636 1254 2691 1301 et
2741 1246 2885 1302 Deus
2937 1257 3117 1308 esset.
3169 1261 3234 1301 ac
3287 1245 3545 1315 passione

1966 1338 2242 1411 superior,
2300 1351 2411 1391 non
2478 1342 2687 1391 tantum
2745 1337 2997 1391 convicia
3056 1335 3313 1406 pertulit,
3361 1334 3458 1390 sed
3493 1342 3548 1388 et

1967 1427 2139 1498 virgis
2172 1442 2349 1482 caesus
2379 1436 2485 1481 est.
2521 1424 2756 1481 Gravem
2814 1425 3085 1497 injuriam
3113 1438 3143 1478 a
3181 1425 3365 1479 vicino
3393 1436 3550 1478 arce-

1967 1520 2140 1591 pisti?
2170 1519 2265 1575 sed
2291 1527 2345 1574 et
2378 1517 2633 1574 Christus
2659 1519 2850 1587 alapas
2883 1517 3031 1573 tulit.
3062 1514 3277 1573 Probro
3317 1514 3548 1570 aﬂectus

1968 1613 2070 1668 es?
2117 1613 2209 1668 ille
2263 1626 2394 1666 vero
2458 1611 2625 1666 etiam
2656 1618 2964 1680 consputus
3010 1616 3115 1676 est,
3175 1607 3552 1680 chlamydem-

1972 1720 2079 1775 que
2138 1704 2388 1759 illusorio
2422 1702 2614 1757 habitu
2664 1702 2918 1771 gestavit.
2964 1701 3176 1756 Tentus
3208 1716 3269 1755 es
3295 1695 3554 1770 capillis?
3598 1704 3602 1708 '

1974 1796 2070 1851 sed
2105 1803 2160 1849 et
2193 1793 2451 1849 Christus
2500 1793 2676 1863 spinis
2705 1802 2788 1848 est
2816 1798 3135 1847 coronatus.
3185 1791 3554 1864 lgnomiuiose

282 1882 384 1936 οὐκ
414 1877 690 1948 ἐλογίσθη.
735 1896 753 1929 ι
794 1874 1140 1945 Ἐτυπτήθης
1195 1871 1299 1925 ὕπο
1339 1869 1556 1942 χειρός;
1595 1868 1734 1921 ἀλλὰ
1774 1867 1869 1920 καὶ

1983 1888 2194 1941 habitus
2244 1886 2349 1940 es?
2405 1885 2499 1940 sed
2526 1894 2582 1940 et
2606 1885 2864 1939 Christus
2911 1884 3106 1939 illusus
3138 1892 3223 1939 est
3253 1903 3264 1937 :
3297 1882 3555 1954 quodque

282 1972 518 2044 Χριστὸς
548 1968 879 2042 ἐρῤαπίσθη,
931 1968 1025 2020 καὶ
1060 1965 1297 2034 καλάμῳ
1344 1962 1440 2034 τὴν
1477 1960 1717 2030 κεφαλὴν
1749 1960 1868 2012 ἐτυ-

283 2065 491 2136 πτήθη.
522 2060 944 2134 Ἐμαστιγώοης
970 2076 985 2123 ς
1019 2058 1156 2112 ἀλλὰ
1210 2058 1305 2110 καὶ
1338 2054 1571 2125 Χριστὸς
1601 2051 1871 2124 ἐφραγελ-

285 2155 458 2223 λώϐη.
500 2149 930 2220 Ἐκολαφίσθηςς
973 2147 1032 2215 'l)
1059 2147 1114 2199 δὲ
1141 2146 1376 2215 Χριστὸς
1400 2144 1493 2197 καὶ
1527 2140 1868 2211 ἐσταυρώθη,

286 2245 650 2316 διορυγέντων
684 2240 849 2295 αὑτοῦ
880 2242 987 2293 τῶν
1027 2238 1227 2309 χειρῶν
1276 2237 1370 2290 καὶ
1398 2236 1508 2288 τῶν
1558 2235 1735 2288 ποδῶν
1762 2232 1872 2296 τοῖς

287 2341 463 2410 ἥλοις.
489 2338 598 2390 Καὶ
641 2336 701 2388 οὐ
748 2332 908 2387 τοῦτο
963 2332 1159 2403 μόνον’
1189 2330 1327 2383 ἀλλὰ
1378 2330 1474 2382 καὶ
1514 2324 1868 2396 σταυρωθεὶς,

291 2431 432 2499 ὑπὲρ
453 2430 558 2481 τῶν
592 2425 969 2496 σταυρούντων
997 2422 1219 2496 ηὔχετο.
1250 2421 1421 2474 Πόσον
1452 2418 1677 2472 ἐκείνων
1699 2416 1873 2471 ταῦτα

294 2519 607 2591 βαρύτεραι
645 2520 817 2573 Πόσον
876 2516 946 2569 τὰ
979 2515 1072 2570 τοῦ
1129 2512 1365 2585 Χριστοῦ
1422 2511 1531 2565 τῶν
1586 2510 1874 2581 ἡμετέρων

293 2613 674 2683 ἁφορητότερα
722 2610 816 2663 καὶ⁹
846 2607 1180 2680 δριμύτεραι
1206 2608 1318 2660 Οὐκ
1354 2606 1471 2658 ἔστι
1516 2604 1626 2658 τῶν
1655 2603 1876 2672 γεγονό-

294 2724 403 2758 των
430 2704 599 2765 οὗδέν,
628 2703 730 2757 οὐκ
766 2702 936 2766 ἐστιν,
974 2700 1001 2753 ὃ
1050 2702 1163 2764 τοῖς
1217 2692 1460 2769 Χριστοῦ
1514 2695 1876 2767 συγκρίνηται

294 2796 517 2851 πάθεσι.
542 2795 626 2849 Τὰ
670 2795 770 2865 μὲν
802 2793 912 2865 γὰρ
943 2793 1204 2864 ἡμέτερα,
1234 2792 1311 2855 ὼς
1356 2790 1478 2844 λίαν
1538 2789 1753 2858 εὐτελῆ,
1784 2787 1879 2842 καὶ

294 2891 470 2952 οὐδὲν,
492 2891 571 2943 ὅτι
607 2889 680 2960 μὴ
711 2887 852 2959 πλὴν
877 2884 1185 2957 ἀνθρώπων
1226 2883 1568 2953 ἁμαρτωλῶν
1619 2882 1716 2936 καὶ
1749 2881 1879 2954 θνη-

295 2982 427 3046 τῶν,
459 2980 554 3034 καὶ
586 2979 691 3033 ὑπὸ
710 2977 918 3051 τροπὴν
949 2976 1139 3035 ὄντων,
1171 2977 1266 3029 καὶ
1289 2974 1525 3043 γένεσιν,
1561 2973 1658 3026 καὶ
1688 2970 1882 3043 προαί-

300 3091 453 3146 ρεσιν
485 3072 530 3105 ⁵⁸
548 3087 565 3104 ο
588 3071 657 3125 τὰ
677 3072 734 3124 δὲ
754 3069 991 3141 Χριστοῦ
1020 3068 1209 3140 ἡλίκον
1233 3067 1583 3137 ἀσυγκρίτως
1622 3063 1882 3136 ὑπερέχει

1971 1979 2048 2033 ait
2077 1978 2297 2032 Isaias:
2341 1995 2359 2028 ι
2394 1976 2764 2047 lgnominiose
2815 1975 3036 2030 habitus
3085 1983 3191 2040 cst,
3233 1983 3290 2030 et
3340 1990 3450 2029 non
3479 1989 3559 2029 re-

1971 2084 2198 2143 pntatus
2232 2082 2292 2126 ιιι.
2343 2090 2362 2121 ι
2395 2070 2554 2124 Manu
2615 2069 2929 2140 vapulasti?
2983 2069 3079 2124 scd
3126 2077 3181 2123 et
3213 2067 3469 2123 Christus
3498 2068 3553 2120 in

1974 2164 2169 2218 facient
2203 2178 2395 2219 ctcsus‘
2432 2168 2537 2227 est,
2568 2162 2802 2232 ejusque
2842 2173 3008 2231 caput
3040 2162 3258 2217 calamo
3301 2160 3406 2215 fuit
3436 2176 3558 2229 per-

1973 2271 2220 2311 cussum.
2274 2254 2531 2324 Flagellis
2593 2270 2774 2310 caesus
2805 2254 2911 2309 es?
2944 2255 3039 2309 sed
3088 2264 3140 2308 et
3169 2253 3428 2308 Christus
3455 2252 3559 2306 fuit

1975 2350 2302 2420 ﬂagellatus.
2359 2348 2622 2420 Colaphis
2692 2362 2960 2419 exceptus
3006 2348 3109 2402 es?
3147 2347 3402 2404 Christus
3429 2360 3558 2401 vero

1975 2443 2140 2498 etiam
2200 2440 2524 2505 cruciﬁxus,
2581 2441 2757 2496 clavis
2802 2441 2921 2512 ejus
2951 2440 3208 2496 manibus
3246 2449 3299 2495 et
3329 2440 3561 2511 pedibus

1977 2533 2179 2588 fossis:
2205 2546 2306 2587 nec
2335 2533 2387 2587 id
2426 2541 2663 2600 tantum;
2697 2533 2792 2587 sed
2819 2543 2873 2588 et
2906 2532 3101 2589 allixus
3119 2533 3296 2600 cruci,
3325 2548 3424 2603 pro
3444 2531 3562 2586 alli-

1976 2623 2229 2694 gentibus
2244 2622 2619 2689 oravit.Quam
2645 2624 2761 2679 haec
2790 2624 2898 2680 illis
2921 2625 3173 2696 graviora
3191 2625 3207 2679 l
3226 2625 3396 2689 Quam
3413 2624 3565 2679 Chri-

1978 2715 2048 2770 sti
2067 2715 2368 2778 cruciatus,
2388 2714 2593 2770 nostris
2610 2713 3075 2784 importabiliores
3108 2714 3530 2784 acerbioresque
3547 2716 3563 2768 ι

1977 2806 2128 2862 Nihil
2154 2807 2314 2877 plane
2340 2821 2530 2862 eorum
2561 2822 2687 2877 quae
2711 2806 2900 2877 gravia
2931 2820 3177 2877 unquam
3215 2806 3561 2873 acciderunt,

1981 2899 2183 2955 Christi
2219 2899 2577 2969 passionibus
2606 2899 2920 2970 comparari
2952 2906 3155 2969 potest.
3188 2896 3408 2955 Nostra:
3437 2914 3566 2970 pas-

1984 2989 2166 3045 siones
2193 2997 2252 3043 ut
2282 2989 2415 3060 quid
2443 2988 2601 3045 valde
2621 2989 2812 3059 exigui
2849 2987 3137 3052 momenti,
3171 3002 3372 3059 resque
3403 2988 3568 3043 nihili

1984 3078 2249 3134 habenda:
2271 3087 2423 3144 sunt,
2458 3078 2682 3149 quando
2704 3078 3092 3135 tantmnmodo
3128 3079 3244 3136 sint
3278 3079 3566 3135 hominum

296 3165 410 3221 τῶν
441 3164 729 3236 ἡμετέρων
757 3162 934 3225 οὐδεὶς
960 3159 1026 3215 ἄν
1064 3178 1150 3223 τις
1183 3158 1437 3231 ἀφίκοιτο
1468 3158 1644 3227 λόγος.
1678 3157 1878 3210 Δεσπό-

1990 3179 2343 3241 peccatorum
2437 3178 2603 3241 atque
2679 3171 3017 3236 mortalium,
3116 3186 3418 3242 eorumque
3476 3171 3569 3241 qui

297 3277 396 3314 του
417 3260 525 3329 γὰρ
551 3255 930 3321 ἀϐασιλεύτου,
961 3252 1097 3307 Θεοῦ
1129 3252 1544 3322 ἁναμαρτήτου,
1567 3250 1702 3303 Θεοῦ
1731 3249 1888 3318 ἀτρέ-

300 3369 461 3414 πτου,
492 3349 780 3413 ἀθανάτου,
823 3367 842 3400 ι
879 3347 1011 3418 παρ’
1112 3346 1214 3398 οὒκ
1250 3343 1366 3396 ἐστι
1404 3342 1734 3413 παραλλαγὴ
1763 3343 1890 3397 οὐδὲ

298 3443 512 3512 τροπῆς
541 3441 922 3510 ἀποσκίασμα.
966 3457 1001 3519 ι.
1022 3439 1134 3491 Καὶ
1160 3436 1290 3508 μὴν,
1323 3437 1372 3490 εἱ
1400 3437 1497 3488 καὶ
1531 3454 1549 3486 ι
1580 3434 1680 3498 τὰς
1712 3435 1893 3507 ἁμαρ-

300 3536 425 3599 τίας
450 3533 606 3605 ἡμῶν
639 3531 808 3603 αἴρει,
856 3530 951 3584 καὶ
994 3529 1127 3600 περὶ
1178 3527 1337 3596 ἡμῶν
1387 3526 1681 3580 όδυνᾶταιο
1723 3545 1742 3578 ι
1775 3524 1893 3579 ἀλλ’

309 3650 328 3683 ι
361 3627 640 3699 ἁμαρτίαν
678 3625 774 3696 μὲν
803 3622 967 3686 αὐτὸς
993 3621 1095 3674 οὐκ
1121 3618 1400 3690 ἐποίησεν,
1443 3619 1565 3703 οὐδὲ
1601 3618 1755 3681 δόλος
1797 3618 1892 3672 εὐ-

306 3720 444 3794 ρέθη
482 3720 539 3771 ἐν
566 3715 643 3787 τῷ
680 3714 908 3784 στόματι
933 3710 1122 3766 αὐτοῦ.
1158 3730 1177 3762 ι
1216 3738 1283 3749 --
1321 3729 1341 3761 ι
1371 3709 1695 3781 Δικαιοσύνη
1733 3728 1750 3760 ι
1782 3709 1892 3780 γὰρ

302 3812 425 3874 ὅλος
458 3808 594 3875 ἐστὶ,
641 3825 659 3859 ι
698 3808 792 3860 καὶ
823 3803 1117 3874 ἁγιασμὸς,
1159 3802 1255 3857 καὶ
1285 3799 1688 3872 ἀπολύτρωσις,
1729 3818 1748 3851 ι
1793 3802 1888 3854 καὶ

303 3904 489 3974 πάσης
518 3900 718 3970 ἐλατὴρ
755 3897 1051 3968 ἁμαρτίας.

1994 3261 2286 3315 mutationi
2375 3261 2728 3332 subiaceant,
2777 3272 3226 3334 generenturque
3289 3271 3346 3319 et
3403 3262 3570 3318 inter-

1990 3361 2117 3406 eant
2148 3350 2298 3422 (3'7);
2331 3366 2499 3423 quam
2554 3366 2685 3407 vero
2710 3352 2918 3408 Christi
2944 3353 3235 3423 passiones
3264 3354 3402 3410 citra
3430 3367 3574 3408 com-

1988 3443 2327 3514 parationem
2383 3450 2600 3500 nostras
2655 3452 2934 3514 superent,
3001 3444 3148 3498 nulla
3178 3445 3354 3514 possit
3398 3446 3574 3500 oratio

1967 3534 2232 3603 assequi.
2288 3533 2504 3605 Quippe
2569 3533 2791 3589 Domini
2846 3536 2977 3588 sunt
3034 3533 3329 3599 liberrimi,
3388 3534 3482 3590 Dei
3517 3535 3573 3589 in

1995 3638 2159 3693 quem
2194 3630 2479 3692 peccatum
2536 3637 2647 3678 non
2673 3623 2841 3689 cadit,
2892 3621 2983 3678 Dei
3037 3621 3417 3690 immutabilis,
3470 3624 3575 3677 im-

1997 3713 2270 3779 mortalis,
2336 3730 2355 3764 ι
2420 3712 2567 3784 apud
2629 3729 2794 3784 quem
2854 3728 2963 3769 non
3016 3720 3103 3769 est
3153 3713 3572 3780 transmutatio,

1996 3818 2096 3857 nec
2118 3804 2521 3862 vicissitudinis
2547 3804 2899 3860 obumbratio
2924 3813 2970 3860 η.
3011 3822 3032 3857 ι
3064 3802 3211 3861 Sane
3233 3819 3363 3860 vero
3389 3820 3575 3876 quam-

1995 3910 2162 3966 quam
2196 3913 2215 3946 ι
2248 3896 2393 3950 tollit
2434 3903 2660 3967 peccata
2707 3905 2924 3964 nostra,
2958 3908 3014 3953 et
3045 3909 3144 3963 pro
3163 3897 3324 3954 nobis
3347 3893 3523 3959 dolet;
3555 3914 3577 3950 ι

306 4001 431 4071 ipse
486 3996 852 4052 nihilominus
884 4012 902 4044 ι
937 3998 1225 4062 peccatum
1268 4003 1377 4045 non
1411 3988 1563 4057 fecit,
1600 4002 1781 4059 neque
1820 3988 1985 4045 dolus
2040 3990 2303 4046 inventus
2351 3999 2435 4047 est.
2470 3991 2526 4046 in
2577 4006 2675 4047 ore
2740 3989 2863 4061 ejus
2883 4001 2926 4048 °.
2963 4010 2983 4044 ι
3057 3990 3232 4046 Τοιιιε
3298 3991 3572 4061 siquidem

311 4112 330 4147 ι
351 4093 595 4165 justitia,
627 4087 1009 4152 sanctiﬁcatio,
1028 4097 1083 4141 et
1102 4085 1409 4157 redemptio
1440 4097 1484 4149 P,
1527 4105 1546 4137 ι
1581 4085 1874 4157 omnisque
1913 4086 2121 4157 peccati
2144 4086 2408 4158 depulsor
2424 4093 2530 4144 est.

380 4190 529 4256 Ὅρα
556 4184 735 4240 τοίνυν
762 4184 833 4238 τὰ
861 4182 954 4237 τοῦ
989 4180 1250 4254 Χριστοῦ,
1284 4180 1393 4234 τῶν
1440 4180 1726 4253 ἡμετέρων
1762 4183 1883 4236 ὅσον

306 4281 427 4351 ἔχει
454 4278 578 4333 καθ’
604 4276 881 4347 ὑπεροχὴν
912 4275 976 4328 τὸ
1012 4275 1299 4345 διάφορον
1332 4273 1424 4326 καὶ
1450 4272 1525 4344 μὴ
1561 4272 1754 4328 σκόπει
1794 4274 1888 4327 τοῦ

305 4372 520 4434 πάθους
552 4370 612 4424 τὺ
657 4369 913 4440 μέγεθος,
969 4367 1105 4421 ἀλλὰ
1166 4365 1331 4434 φοϐοῦ
1384 4365 1447 4419 τὸ
1483 4364 1578 4419 τοῦ
1629 4365 1893 4429 παθόντος

306 4461 553 4530 ἀξίωμα.
584 4460 732 4512 Ἐκεῖ
748 4476 844 4512 σου
872 4457 1242 4529 παράπεμψον
1270 4456 1369 4528 τὴν
1395 4456 1652 4511 διάνοιαν.
1677 4458 1898 4530 Ἐννόη-

2056 4180 2193 4238 Vide
2210 4183 2394 4253 itaque
2411 4197 2574 4253 quam
2594 4183 2735 4238 mala
2758 4180 2968 4239 Christi
2986 4191 3173 4238 nostra
3198 4190 3528 4253 exsuperent
3558 4197 3574 4235 :

1990 4288 2054 4329 ac
2082 4289 2150 4329 ne
2182 4274 2456 4345 passionis
2480 4273 2913 4344 magnitudinem
2939 4283 3154 4344 specta,
3189 4273 3285 4329 sed
3316 4273 3577 4344 patientis

1993 4366 2131 4421 time
2197 4366 2543 4437 dignitatem.
2597 4365 2866 4423 Transfer
2910 4368 3006 4423 illo
3060 4366 3329 4423 animum.
3386 4364 3579 4437 Cogita

1998 4466 2268 4529 quantum
2326 4462 2534 4516 referat
2559 4461 2747 4517 videre
2788 4461 3068 4517 hominem
3101 4476 3302 4533 purum
3336 4458 3582 4532 penden-

309 4570 407 4607 σον
443 4552 566 4605 ὅσον
600 4550 719 4605 ἐστὶ
757 4550 912 4621 ψιλὸν
942 4550 1228 4620 ἄνθρωπον
1262 4549 1392 4618 όρᾷν
1428 4549 1589 4621 ίκρίῳ
1615 4549 1878 4620 κρεμάμε

2004 4560 2168 4608 teme
2201 4553 2474 4624 patibulo,
2539 4564 2595 4610 et
2648 4553 2819 4610 Deum
2849 4554 3096 4624 aspicere
3123 4554 3277 4610 cruci
3337 4552 3580 4618 amxum,

311 4659 427 4709 νον,
453 4643 546 4696 καὶ
583 4642 717 4697 Θεὸν
759 4640 992 4712 σταυροῦ
1002 4657 1162 4711 μενον
1189 4640 1428 4710 βλέπειν,
1462 4639 1737 4695 καὶτοῦτο
1761 4641 1899 4713 μετὰ

311 4733 552 4806 λῃστῶν.
600 4732 881 4804 Ἐννόησον
908 4732 994 4795 τίς
1016 4730 1319 4804 ἀνθρώπων
1345 4731 1519 4784 εἵλετό
1537 4733 1654 4785 ποτ’
1675 4732 1740 4786 ἂν
1770 4733 1900 4785 ὑπο-

313 4826 533 4896 στῆναι,
569 4821 658 4878 οἴα
692 4825 811 4879 τότε
844 4824 1080 4896 Χριστὸς
1106 4823 1346 4876 ἐθελοντὶ
1365 4819 1468 4894 ἦκε
1490 4823 1652 4893 δεῦρο
1684 4823 1897 4880 παθεῖν.

311 4918 429 4971 Καὶ
449 4916 625 4970 ταῦτα
649 4956 664 4981 ,
698 4915 861 4981 πότε;
896 4916 1053 4970 Μετὰ
1090 4915 1189 4978 τὰς
1237 4915 1587 4985 θεοσημείας,
1629 4916 1768 4985 μετὰ
1804 4916 1902 4981 τὰς

317 5009 518 5074 ἰάσεις,
561 5011 700 5080 μετὰ
730 5009 831 5072 τὰς
859 5010 1134 5080 ἀρρήτους
1164 5008 1379 5073 ἐκείνας
1414 5009 1523 5062 τῶν
1562 5009 1732 5063 νόσων
1764 5013 1901 5066 ἀπο-

313 5099 568 5171 πομπὰς,
594 5099 734 5173 μετὰ
765 5098 863 5170 τὴν
899 5099 1009 5152 τῶν
1045 5098 1360 5171 μυστηρίων
1388 5100 1709 5169 παράδοσιν,
1756 5101 1895 5173 μετὰ

391 5284 434 5314 ιι
462 5272 643 5338 Jac.t,
689 5274 778 5328 Π.
856 5270 1014 5329 1³Ιειι.
1054 5272 1312 5338 cunt-9.
1390 5281 1416 5310 °
1458 5274 1633 5330 lCor'.
1678 5273 1717 5334 i.
1747 5277 1838 5332 50.

2002 4642 2170 4712 idque
2224 4644 2464 4699 medium
2525 4643 2829 4699 latronum.
2898 4643 3088 4716 Cogita
3145 4644 3272 4714 quis
3333 4656 3579 4713 unquam

2001 4734 2134 4787 talia
2201 4733 2483 4788 sustinere
2538 4734 2802 4799 voluerit,
2865 4736 3051 4804 qualia
3079 4733 3335 4790 Christus
3377 4739 3581 4805 sponte

2003 4839 2270 4895 passurus
2302 4824 2357 4878 in
2386 4824 2655 4880 mundum
2688 4824 2863 4881 venit.
2893 4824 3130 4892 Quando
3158 4834 3341 4881 autem
3375 4838 3581 4894 passu-

2000 4917 2136 4972 rus?
2186 4916 2319 4972 l’ost
2363 4918 2549 4973 divina
2579 4918 2761 4989 signa,
2817 4925 2944 4988 post
2996 4918 3286 4984 sanitates,
3334 4922 3461 4987 post
3497 4916 3581 4968 in-

2002 5008 2222 5063 auditas
2266 5009 2390 5063 illas
2442 5011 2767 5065 morborum
2820 5006 3194 5080 depulsiones,
3234 5013 3359 5080 post
3393 5020 3582 5061 sacra-

2003 5113 2186 5159 menta
2230 5105 2434 5160 tradita
2463 5146 2478 5172 ,
2547 5113 2673 5177 post
2719 5104 2983 5161 beneficia
3035 5103 3239 5174 quibus
3295 5113 3579 5171 nunquam

1506 5472 1509 5479 η
1593 5393 1829 5449 γΑιιιΑῖ
1874 5392 2281 5448 LECTIONES.

425 5489 475 5523 ⁸⁸
501 5489 646 5561 Lege
676 5489 877 5558 φθίσιν.

1590 5580 1981 5637 COMBEFISII

393 5671 511 5739 (57)
554 5670 622 5725 Et
672 5672 952 5728 intereant.
1012 5673 1270 5742 Legimus
1310 5675 1453 5728 velut
1505 5685 1651 5729 esset
1689 5673 1893 5742 φθίσιν.

316 5743 442 5798 Non
471 5742 624 5816 enim
664 5745 973 5816 antithesis
995 5753 1199 5812 putatur
1247 5745 1325 5803 τὴ.
1359 5747 1698 5816 προαίρεσιν.
1731 5743 1893 5798 Forte

314 5816 525 5867 desunt
556 5812 763 5877 aliqua,
788 5823 843 5864 ut
897 5814 1123 5867 voluerit
1173 5823 1361 5866 auctor
1390 5812 1673 5884 utrumme
1712 5825 1891 5868 muta-

2044 5581 2278 5637 NOTAE.

2006 5676 2270 5750 hilitatetn
2295 5675 2624 5750 exprimere.
2659 5683 2950 5750 ornatura:
2974 5684 3029 5750 et
3060 5676 3350 5748 propositi,
3381 5678 3435 5733 in
3472 5692 3578 5750 qua

2005 5746 2277 5801 intinitum
2311 5746 2578 5801 distamus
2621 5762 2647 5799 a
2683 5745 2903 5801 Christo
2925 5757 2978 5803 ct
3003 5745 3135 5804 Deo.
