4016 6130
379 323 516 418 ιιιῦ

371 563 472 616 τοῦ
513 563 652 634 πρὸς
685 563 776 618 τὸν
811 565 1070 635 Ἰσραήλ;
1102 567 1179 636 πῆ
1213 568 1332 638 μὲν,
1371 593 1388 620 ι
1427 573 1716 641 Δαιμόνιον
1755 577 1954 646 ἔχεις,›

369 653 677 719 λεγόντων,
737 655 812 726 πῆ
866 656 926 710 δὲ
964 674 982 708 ι
1023 658 1199 726 Φάγος
1228 659 1324 712 καὶ
1375 664 1682 733 οἰνοπότης.
1711 667 1961 722 τελωνῶν

367 747 462 797 καὶ
519 746 862 817 ἁμαρτωλῶν
919 749 1101 817 φίλος·
1145 769 1163 802 ι
1197 753 1287 805 ὁτὲ
1339 753 1416 819 δὲ,
1458 773 1476 806 ι
1534 757 1838 828 Παραλύων
1869 761 1962 814 τὸν

363 838 553 906 νόμον,
593 840 691 892 καὶ
711 839 780 892 τὰ
809 839 1064 894 Σάϐϐατα
1095 841 1340 914 βεϐηλῶν
1367 863 1380 875 ·
1419 865 1438 896 ι
1475 845 1683 912 ἄλλοτε,
1725 869 1746 900 ι
1775 851 1962 920 Σαμα-

367 929 554 999 ρείτης
583 931 798 984 καὶτοῦ
833 932 1088 996 τέκτονος
1121 933 1256 998 υίὸς,
1314 954 1332 986 ι
1369 937 1458 990 καὶ
1484 938 1586 990 ὅσα
1613 943 1734 1003 ταῖς
1787 935 1956 1010 εύίκγ-

366 1022 617 1087 γελικαῖς
647 1025 962 1094 περιέχεται
999 1025 1228 1094 βίϐλοις.
1261 1028 1371 1081 Ποῦ
1407 1031 1666 1100 θήσωμεν
1717 1033 1820 1102 τὴν
1867 1037 1956 1086 ἐπ’

362 1112 568 1183 ὀφρύος
596 1115 690 1166 τοῦ
722 1111 884 1184 ὅρους
906 1116 1151 1186 ἐνέδραν,
1180 1117 1281 1181 τὰς
1310 1120 1614 1188 είρωνείας,
1647 1121 1716 1173 τὰ
1756 1139 1953 1192 πειρα-

365 1204 551 1274 τήρια,
585 1204 684 1268 τὰς
717 1209 834 1275 μετ’
859 1208 1214 1279 ἐπικρύψεως
1257 1212 1596 1282 ἐρωτήσεις;
1637 1213 1830 1266 Ἔνθεν
1869 1214 1949 1280 τὸ,

371 1315 390 1344 ι
425 1295 487 1346 Et
521 1293 698 1358 ἔξεστι
729 1299 929 1369 κῆνσον
957 1299 1197 1370 Καίσαρι
1225 1299 1442 1366 δοῦναις
1469 1320 1488 1352 ι
1530 1303 1740 1356 ἐκεῖθεν
1763 1303 1824 1356 τὸ
1851 1305 1951 1375 τῆς

363 1387 494 1456 μιᾶς
523 1387 784 1454 γυναικὸς
823 1388 917 1440 ἐπὶ
948 1388 1088 1442 ἑπτὰ
1111 1391 1374 1461 ἀνδράσιν
1397 1391 1634 1456 ἁλούσης
1663 1392 1946 1466 ἐρώτημα,

360 1478 450 1531 ἴνα
517 1479 756 1550 Χριστὸν
811 1481 1244 1549 παγιδεύσωσιν
1293 1485 1412 1538 ἐκεῖ
1453 1487 1548 1551 τὸ,
1608 1505 1626 1537 ι
1688 1485 1776 1538 Ἑν
1817 1487 1949 1560 ποία

357 1571 583 1644 ἐξουσίᾳ
609 1572 783 1626 ταῦτα
824 1579 1030 1640 ποιεῖς;
1072 1595 1090 1626 ι
1127 1569 1252 1640 ὦδε,
1288 1595 1307 1629 ι
1344 1577 1410 1629 Τί
1440 1581 1664 1648 σημεῖον
1681 1578 1948 1643 δεικνύεις

355 1667 492 1734 ἡμῖν
552 1667 638 1720 τνα
689 1668 1074 1738 πιστεύσωμέν
1123 1685 1248 1735 σοις
1301 1689 1318 1720 ι
1379 1669 1681 1740 ἑτέρωθεν,
1740 1692 1760 1724 ι
1801 1673 1946 1736 Ἕως

355 1759 492 1808 ποτε
523 1756 622 1828 τὴν
655 1757 834 1829 ψυχὴν
861 1759 1020 1829 ἡμῶν
1055 1758 1269 1830 αῖρεις;
1299 1759 1364 1812 Εί
1412 1759 1536 1822 Υἱὸς
1574 1758 1626 1813 εἴ
1657 1761 1749 1814 τοῦ
1783 1761 1940 1827 Θεοῦ,

1391 367 1474 428 IN
1516 370 2112 434 EXALTATIONEM
2154 375 2213 434 S.
2245 374 2542 435 CRUCIS.
2575 374 2627 434 Ι.

373 469 606 534 πάθους,
639 470 776 542 μετὰ
807 471 868 525 τὸ
901 472 1092 538 πάθος,
1134 474 1228 544 ἀφ’
1265 477 1478 548 ἡμέρας
1512 483 1832 548 ἀναδείξεως
1861 487 1938 538 αὖ·

2067 487 2399 556 passionem,
2429 503 2458 540 a
2496 488 2582 543 die
2624 483 2962 542 ostensionis
2989 500 3100 540 suae
3131 483 3184 539 in
3220 483 3388 542 Israel
3433 487 3448 542 ί
3485 486 3646 544 Modo
3727 509 3734 518 ·

3503 373 3644 442 1018

2064 582 2282 649 quidem
2328 582 2638 636 dicentibus
2673 597 2686 634 :
2725 599 2742 631 ι
2779 579 3113 634 Daemonium
3170 579 3337 633 hach
3365 619 3380 642 ,
3422 596 3442 630 ι
3480 579 3647 634 modo

2067 681 2308 736 anteum:
2344 673 2514 727 Vorax
2546 683 2653 737 est,
2673 680 2726 727 et
2761 671 2869 724 vini
2893 678 3124 739 potator,
3150 669 3565 740 publicanorum
3587 679 3644 726 et

2063 772 2416 831 peccatorum
2443 764 2656 820 amicus
2689 773 2710 800 τ
2747 779 2760 816 :
2802 780 2820 811 ι
2849 760 3186 832 quandoque
3213 776 3347 816 vero
3377 777 3392 816 :
3419 779 3436 812 ι
3462 761 3643 816 Solvit

2061 853 2256 922 legem,
2288 865 2342 908 et
2370 855 2613 908 Sabbata
2655 853 2826 907 violat
2852 864 2916 906 ιιι
2953 871 2971 904 ι
3001 851 3301 914 interdum,
3332 870 3356 904 ι
3392 851 3643 907 Samari-

2061 955 2222 999 tanus
2246 953 2358 1008 est,
2391 953 2448 998 et
2477 946 2618 999 fabri
2653 945 2800 1000 [ilius
2820 949 2848 988 δ
2868 985 2882 1008 ,
2923 962 2940 995 ι
2981 959 3045 998 ac
3085 944 3130 998 si
3158 960 3261 1012 qua
3285 946 3645 1000 continentur

2059 1037 2114 1091 in
2153 1037 2484 1106 Evangeliis.
2517 1036 2636 1102 Quo
2675 1037 2792 1090 loco
2823 1051 3094 1106 ponemus
3141 1035 3379 1090 insidias
3411 1035 3466 1090 in
3493 1052 3644 1091 mon-

2057 1130 2130 1184 tis
2147 1131 2464 1198 supercilio,
2485 1129 2793 1194 irrisiones,
2815 1127 3164 1184 lentationes.
3184 1128 3644 1200 interrogationes

2053 1219 2522 1290 captiosasﬂlinc
2546 1221 2636 1274 illa
2659 1221 2891 1290 qmrstio
2921 1237 2968 1273 ει
2995 1217 3052 1272 Si
3087 1220 3213 1272 licet
3251 1221 3382 1274 dare
3411 1236 3640 1276 censum

2051 1305 2494 1365 Cesarichlnde
2538 1320 2593 1363 et
2623 1323 2708 1371 ca,
2741 1308 2808 1363 de
2851 1323 2960 1362 una
2995 1309 3230 1363 muliere
3257 1325 3381 1378 quae
3411 1311 3641 1366 habuis-

2052 1407 2136 1454 set
2177 1411 2388 1470 septem
2415 1401 2584 1462 viros,
2612 1409 2670 1452 ut
2720 1414 2845 1453 eum
2879 1407 3161 1468 caperent.
3198 1397 3315 1452 Illic
3345 1416 3358 1452 :
3387 1417 3408 1450 ι
3434 1399 3494 1453 lu
3529 1415 3637 1468 qua

2048 1498 2322 1560 potestate
2341 1491 2455 1545 hazc
2483 1490 2622 1546 facis
2642 1489 2732 1543 ἀί»
2757 1491 2846 1544 hic
2870 1505 2884 1543 :
2922 1509 2942 1542 ι
2970 1489 3128 1556 Quod
3153 1490 3369 1560 signum
3395 1492 3640 1546 ostendis

2049 1583 2232 1645 nobis,
2263 1591 2321 1636 ut
2347 1584 2636 1637 credamus
2660 1581 2886 1636 tibi”:
2923 1583 3046 1634 Alio
3077 1581 3200 1635 loco
3235 1600 3246 1634 :
3282 1599 3300 1632 ι
3335 1579 3638 1650 Quousque

2046 1673 2284 1728 animam
2315 1683 2560 1728 nostram
2588 1675 2778 1730 tollis?
2807 1673 2864 1728 Si
2897 1689 2958 1728 es
2993 1672 3168 1728 Filius
3197 1672 3316 1734 Dei,
3340 1672 3430 1726 dic
3463 1674 3629 1727 nobis

2047 1767 2250 1834 palam.
2293 1784 2313 1818 ι
2347 1763 2522 1832 Quam
2559 1768 2730 1821 multa
2763 1767 3001 1835 superbe
3035 1767 3348 1836 petulantes
3382 1773 3436 1820 ct
3475 1764 3637 1818 Chri-

353 1849 479 1901 εἰπὲ
527 1851 661 1918 ἡμῖν
693 1851 995 1922 παρρησίᾳ.
1057 1868 1076 1900 ι
1120 1851 1268 1903 Πόσα
1329 1851 1470 1902 κατὰ
1500 1849 1596 1904 τοῦ
1622 1853 1820 1923 πράου,
1855 1854 1938 1906 καῖ

2051 1859 2120 1914 sti
2180 1859 2368 1914 hostes
2429 1858 2608 1912 moliti
2663 1865 2795 1914 sunt
2856 1858 3125 1912 adversus
3185 1863 3536 1910 mansuetum
3581 1863 3638 1910 et

353 1939 636 2004 ταπεινοῦ,
669 1943 762 1994 καὶ
803 1939 1219 2011 νομοθετοῦντος
1257 1941 1358 2012 τὴν
1387 1942 1706 2007 ἐπιείκειαν,
1741 1945 1793 1996 οἱ
1817 1944 1948 2016 θρα-

355 2035 472 2095 σεῖς
527 2034 620 2086 καὶ
658 2033 1022 2104 χριστομάχοι
1087 2030 1340 2100 σοϐαρῶς
1394 2032 1828 2098 συνεσκεύασαν,
1886 2035 1948 2088 τὸ

353 2122 502 2192 ὕδωρ
523 2124 704 2186 αύτοῖς
729 2125 810 2186 εἰς
831 2122 974 2176 οἶνον
997 2121 1441 2192 μεταποιοῦντος,
1467 2122 1942 2194 συναυλιζομένου,

355 2213 753 2276 συνεσθίοντος,
812 2211 1280 2284 παρακαλοῦντος,
1309 2213 1660 2284 Σαμαρείτας
1708 2231 1946 2284 μετακα-

348 2304 592 2368 λοῦντος,
627 2304 864 2368 τελώνας
894 2303 1255 2372 δικαιοῦντος,
1291 2305 1500 2375 πόρνας
1531 2307 1612 2368 είς
1645 2305 1944 2376 παρθενίαν

353 2397 706 2467 μετάγοντος,
759 2397 948 2466 ῥύσεις
989 2397 1239 2466 αἱμάτων
1274 2395 1649 2467 ξηραίνοντος,
1681 2397 1943 2468 δαίμονας

349 2489 768 2556 ἀπελαύνοντος,
823 2490 1062 2561 λεπροὺς
1100 2490 1510 2562 καθαρίζοντος,
1565 2493 1773 2563 χωλοὺς
1799 2495 1943 2548 ἐκεῖ·

349 2587 465 2651 θεν,
501 2588 733 2656 κυρτοὺς
751 2588 999 2644 αὐτόθεν.
1035 2588 1141 2641 ’καὶ
1167 2589 1268 2659 τὴν
1305 2591 1480 2660 χαμαὶ⁹
1515 2579 1940 2658 συγκύπτουσαν

345 2679 730 2758 ἀνορθοῦντος,
773 2679 1123 2750 παραλύτους
1180 2681 1523 2750 σφίγγοντος,
1579 2684 1738 2752 χεῖρα
1767 2681 1940 2752 ξηράν

347 2772 697 2839 ὕγιάζοντος,
738 2774 942 2841 κωφοῖς
997 2769 1218 2824 ἀκούειν
1245 2810 1261 2834 ,
1328 2773 1553 2840 τυφλοῖς
1601 2773 1661 2826 τὸ
1696 2772 1936 2843 βλέπειν,

346 2861 574 2927 suam;
604 2863 788 2918 λαλεῖν
825 2863 1228 2934 παρεχομένου,
1259 2862 1328 2916 τὰ
1379 2864 1479 2934 μὲν
1506 2864 1574 2918 δι’
1620 2865 1840 2928 ἑαυτοῦ,
1870 2864 1939 2918 τά

343 2953 404 3006 δὲ
444 2953 534 3008 διὰ
567 2955 676 3006 τῶν
731 2953 990 3026 μαθητῶν
1015 2969 1029 2984 ’
1065 2953 1207 3007 κατὰ
1254 2956 1531 3024 πελάγους
1585 2955 1932 3022 πεζεύοντος,

343 3043 532 3114 ἄρτοις
560 3043 761 3114 ὀλίγοις
790 3045 1084 3115 τρέφοντος
1121 3045 1412 3116 μυριάδας,
1433 3049 1661 3116 νεκροὺς
1692 3047 1935 3118 ἐγείρον-

343 3153 441 3199 τος
473 3137 705 3208 ρήματι.
755 3137 842 3200 Ὠς
887 3135 1122 3204 ὤφειλον
1175 3139 1270 3190 καὶ
1299 3138 1448 3207 ἡμᾶς
1498 3139 1730 3208 νεκροὺς
1777 3138 1936 3203 ὂντας
1963 3173 2007 3230 c

341 3230 464 3292 τοῖς
495 3230 905 3300 παραπτώμασι
946 3230 1040 3282 καὶ
1067 3230 1190 3291 ταῖς
1231 3227 1554 3298 ἐπιθυμίαις
1581 3230 1681 3296 τῆς
1717 3232 1932 3299 ἀπάτης

346 3320 747 3391 συζωοποιήσει
789 3322 847 3373 ἑν
875 3321 1054 3390 ἑαυτῷ
1077 3361 1093 3386 ,
1137 3321 1326 3391 χάριτι
1353 3323 1448 3374 καὶ
1495 3322 1802 3392 οἰκτιρμοῖς
1835 3325 1933 3392 τῆς

345 3411 478 3480 περὶ
505 3413 653 3482 ἡμᾶς
683 3412 850 3466 αὐτοῦ
891 3412 1305 3482 φιλανθρωπίας
1335 3413 1349 3466 ι
1381 3413 1458 3464 Δι’
1483 3406 1566 3472 οῦ,
1604 3415 1699 3467 καὶ
1723 3414 1843 3484 μεθ’
1873 3409 1933 3469 οὗ

339 3500 422 3566 τῷ
447 3501 618 3573 Πατρὶ
639 3504 674 3571 ἡ
701 3502 852 3566 δόξα,
875 3503 968 3557 καὶ
997 3505 1030 3574 ἡ
1051 3503 1206 3574 τιμὴ,
1223 3503 1369 3573 καὶὴ
1408 3505 1802 3576 προσκύνησις,
1835 3508 1934 3560 σὺν

340 3588 424 3658 τῷ
443 3590 714 3660 παναγίῳ.
733 3591 826 3644 καὶ
847 3590 1056 3662 ἀγαθῷ,
1079 3591 1173 3644 καὶ
1191 3588 1437 3660 ζωοποιῷ
1455 3589 1617 3644 αὐτοῦ
1637 3591 1932 3660 Πνεύματι,

344 3677 444 3732 νῦν
463 3681 556 3733 καὶ
578 3680 688 3742 ἀεὶ,
707 3682 802 3735 καὶ
834 3683 915 3744 είς
933 3681 1060 3744 τοὺς
1085 3679 1404 3752 σύμπαντας
1437 3683 1527 3733 καὶ
1546 3681 1934 3752 άτελευτήτους

341 3770 550 3834 αἰῶνας
585 3770 694 3824 τῶν
724 3770 955 3826 αἰώνων.
989 3771 1186 3842 Ἀμήν.

982 3905 1204 3960 ΛΟΓΟΣ
1233 3909 1291 3959 l'.

341 4023 449 4086 Εἷς
496 4019 610 4089 τὴν
656 4019 1034 4092 πτιγκιξοομιον
1059 4021 1338 4092 frgi-wan-
1397 4024 1503 4078 τοῦ
1556 4025 1755 4092 τιμίου
1815 4022 1918 4077 καί

823 4087 1104 4150 (inerrare?)
1131 4087 1420 4162 ἁταυροῦ.

2051 1949 2337 2012 humilem,
2384 1965 2448 2005 ac
2477 1967 2600 2005 eum
2654 1950 2748 2021 qui
2801 1949 3130 2004 modestiam
3185 1947 3472 2002 sanciret!
3525 1945 3636 2000 Ad-

2049 2055 2268 2106 versus,
2306 2041 2555 2110 inquam,
2595 2056 2746 2106 eum,
2802 2041 2895 2111 qui
2941 2040 3024 2095 eis
3079 2053 3278 2109 aquam
3317 2039 3372 2092 in
3441 2038 3631 2092 vinum

2049 2143 2310 2196 mutaret,
2353 2133 2446 2204 qui
2511 2133 2676 2189 simul
2732 2144 3182 2197 conversaretur,
3209 2131 3302 2200 qui
3335 2145 3632 2186 convcsce-

2047 2233 2220 2288 retur,
2253 2222 2346 2292 qui
2395 2223 2802 2289 consolaretur,
2835 2223 2926 2292 qui
2962 2221 3271 2276 Samarites
3313 2228 3628 2286 revocaret,

2047 2314 2370 2384 publicanos
2395 2312 2750 2382 iustiﬁcaret,
2798 2315 3121 2367 meretrices
3157 2311 3223 2366 ad
3254 2312 3628 2381 virginitatem

2047 2405 2392 2473 transferret,
2453 2407 2634 2460 ﬂuxtts
2661 2407 2998 2474 sanguinem
3055 2406 3313 2469 siccaret,
3351 2406 3632 2462 daemones

2043 2499 2364 2566 erpelleret,
2426 2499 2674 2567 leprosos
2728 2497 3040 2562 mundarct,
3107 2497 3196 2550 hic
3251 2498 3482 2554 claudos
3515 2499 3631 2552 illic

2043 2603 2260 2652 curvos,
2293 2589 2687 2658 mulieremque
2723 2599 2836 2644 toto
2861 2601 3090 2658 corpore
3117 2589 3266 2642 humi
3300 2589 3622 2659 depressam

2041 2681 2300 2749 erigeret,
2351 2681 2671 2752 paralyticis
2718 2683 2962 2737 nientbra
2999 2681 3354 2751 astringeret,
3397 2697 3623 2735 manum

2043 2771 2254 2826 aridam
2314 2780 2560 2837 sanaret,
2621 2773 2808 2826 surdis
2868 2773 3144 2834 auditum,
3198 2773 3362 2828 caicis
3419 2773 3626 2832 visum.

2040 2862 2209 2914 mutis
2237 2861 2542 2931 loquelam,
2572 2877 2676 2930 qua
2701 2861 2819 2930 ipse
2851 2877 2946 2930 per
2966 2876 3046 2928 se,
3071 2877 3176 2930 qua
3206 2877 3300 2931 per
3324 2861 3628 2931 discipulos

2041 2961 2366 3021 praestaret:
2402 2967 2498 3022 per
2545 2969 2697 3007 mare
2747 2953 3078 3013 ambularet,
3133 2953 3302 3006 multa
3335 2953 3623 3006 hominum

2041 3045 2210 3098 millia
2263 3046 2458 3114 paucis
2520 3045 2758 3114 panibus
2806 3045 2998 3109 aleret,
3054 3053 3304 3100 mortuos
3365 3059 3627 3099 sermone

2040 3136 2358 3192 suscitaret.
2416 3139 2596 3206 Atque
2627 3139 2838 3190 utinam
2873 3137 3040 3190 etiam
3089 3151 3188 3190 nos
3219 3137 3490 3205 peccatis,
3530 3151 3626 3192 er-

2039 3231 2297 3299 rorisque
2315 3228 2715 3298 cupiditatibus
2751 3235 3020 3292 mortuos,
3057 3229 3109 3281 in
3134 3243 3194 3284 se
3225 3229 3340 3297 ipse
3369 3227 3623 3281 convivi-

2041 3319 2186 3385 ficet,
2225 3335 2324 3389 pro
2357 3335 2456 3374 sua
2485 3319 2637 3374 illius
2663 3320 2718 3372 in
2756 3334 2930 3388 genus
2969 3319 3269 3373 humanum
3301 3319 3624 3388 propensio-

2039 3413 2118 3466 ris
2171 3411 2378 3465 amoris
2423 3411 2601 3481 gratia
2663 3417 2719 3464 et
2752 3410 3250 3464 miserationibus:
3297 3425 3393 3478 per
3449 3425 3614 3480 quem

2041 3506 2096 3553 et
2145 3513 2269 3553 cum
2325 3513 2456 3566 quo,
2511 3497 2686 3567 gloria
2725 3505 2780 3560 et
2817 3499 2995 3550 honor
3041 3505 3097 3551 et
3142 3497 3396 3552 adoratio
3444 3497 3620 3566 Patri,

2042 3591 2526 3660 sanctissimoque,
2574 3601 2629 3644 et
2661 3591 2831 3650 bono.
2859 3596 2913 3644 et
2945 3589 3166 3642 vivitieo
3195 3589 3321 3657 ejus
3353 3589 3616 3660 Spiritui,

2040 3698 2180 3736 nune
2209 3690 2262 3738 et
2327 3697 2564 3752 seraper,
2615 3691 2670 3738 et
2713 3697 2808 3754 per
2847 3683 3036 3736 omnia
3067 3697 3132 3737 ac
3162 3681 3378 3736 infinita
3411 3681 3618 3738 saecula

2034 3777 2386 3828 saeculorum.
2427 3776 2624 3830 Amen.

2637 3903 2898 3961 ORATIO
2942 3904 3007 3961 Χ.

2027 4017 2096 4072 In
2127 4017 2478 4072 venerabile»:
2515 4020 2770 4100 pretiosa:
2817 4029 2868 4126 ῆι
2891 4019 3134 4158 (Erg/iere
3173 4017 3350 4072 crucis
3393 4015 3620 4071 Exulto.

2601 4098 2794 4141 tionem
3015 4126 3028 4142 .
3477 4111 3480 4120 '

2601 4098 2794 4141 tionem
2837 4098 2852 4126 ι
2891 4098 3028 4142 (581.
3477 4111 3480 4120 '

1731 4223 1968 4287 (Combef.
2013 4237 2063 4285 p.
2111 4222 2218 4285 96.)

411 4334 652 4406 Σταυροῦ
699 4335 1008 4408 πανήγυριν
1059 4334 1290 4406 ἄγομεν,
1326 4336 1420 4389 καὶ
1456 4336 1517 4389 τὸ
1546 4336 1646 4405 τῆς
1679 4335 1914 4404 Ἐκκλη-

335 4425 462 4488 σίας
493 4426 636 4480 ἆπαν
667 4427 1144 4492 καταπρὰπτεται
1187 4426 1482 4497 πλήρωμα.
1503 4425 1743 4495 Σταυροῦ
1775 4441 1911 4478 παν-

335 4519 536 4588 ήγυριν
569 4517 904 4587 άγομεν,κα“ι
923 4518 1096 4587 χαρᾶς
1123 4518 1511 4586 μαρμαρυγαῖς
1527 4517 1588 4568 τὸ
1615 4519 1714 4586 τῆς
1731 4517 1882 4568 οἱκου
1899 4542 1914 4554 ο

339 4607 512 4676 μένης
537 4608 954 4676 καταλάμπεται
976 4607 1289 4676 πρόσωπον.
1323 4606 1564 4678 Σταυροῦ
1598 4609 1908 4678 πανήγυριν
1946 4643 1986 4696 D

335 4703 549 4770 ἄγομεν
582 4702 648 4753 δι’
675 4695 740 4755 οὗ
768 4701 830 4754 τὸ
857 4701 1048 4764 σκότος
1098 4700 1295 4771 ἠλάθη,
1331 4700 1426 4753 καὶ
1455 4699 1514 4753 τὺ
1547 4698 1663 4768 φῶς
1696 4702 1910 4754 ἀντεισ-

381 4851 650 4906 ’τλιιιιιίμ
693 4870 766 4916 κι,
808 4854 892 4910 l9.
969 4866 992 4892 α
1036 4850 1195 4907 Joan.
1223 4868 1298 4908 rx.
1354 4853 1438 4905 Η.

343 4943 398 4991 x,
422 4927 509 4977 Ἡ.

1513 4852 1544 4892 ι’
1574 4850 1760 4904 Matth.
1789 4867 1906 4910 xui.
1935 4852 2024 4905 56.

593 4924 610 4961 τ
641 4925 737 4976 Ex.
761 4928 892 4979 edit.
925 4923 1144 4993 lugolst.
1180 4924 1334 4986 £600,
1365 4921 1548 4977 Gretz.
1584 4920 1642 4976 S.
1670 4921 1720 4976 J.
1750 4922 2198 4992 interpretatione
2236 4923 2532 4991 recognita.

2089 4331 2286 4387 Crucis
2316 4331 2516 4387 festum
2555 4333 2826 4402 agitamus
2851 4371 2866 4394 ,
2893 4341 2944 4386 et
2977 4328 3190 4396 fulgore
3230 4327 3470 4382 collucet
3501 4332 3614 4378 tota

2018 4422 2276 4479 Ecclesiae
2293 4423 2608 4488 multitudo,
2629 4423 2824 4478 Crucis
2849 4421 3043 4476 festum
3064 4419 3426 4480 celebramus,
3452 4427 3505 4469 et
3525 4415 3616 4468 he-

2019 4517 2155 4572 titiae
2183 4517 2476 4586 splendore
2509 4517 2658 4571 orbis
2688 4516 2858 4570 facies
2893 4514 3146 4581 refulget.
3193 4509 3387 4566 Crucis
3417 4508 3615 4564 festum

2019 4609 2385 4675 celebramus,
2427 4625 2524 4679 per
2565 4622 2733 4678 quam
2768 4607 3008 4662 tenebra:
3055 4604 3223 4674 pulsa:
3253 4609 3406 4663 sunt,
3436 4608 3490 4654 et
3529 4599 3613 4652 lu-

2024 4710 2169 4754 men°
2187 4698 2480 4754 redditum.
2515 4697 2709 4759 Crucis
2751 4697 2950 4752 festum
2992 4693 3356 4756 celebramus,
3409 4697 3462 4742 et
3503 4704 3614 4743 una

3393 4855 3415 4884 ⁸
3447 4841 3607 4899 .luan.

2104 4863 2126 4890 α
2161 4849 2633 4915 Matth.xsu,i7.
2709 4849 2736 4888 ἀ
2782 4848 2979 4903 Matth.
3032 4865 3147 4913 ut,
3200 4846 3292 4900 ‘25.

1647 5074 2035 5131 COMBEFISII
2076 5073 2307 5129 ΝΟΤίΕ.

415 5189 525 5260 (58)
555 5188 839 5260 Orationes
872 5191 925 5242 in
972 5189 1351 5260 exultationem
1411 5189 1584 5260 erucis
1609 5203 1916 5260 repraesen-

341 5258 525 5312 tamus
554 5259 747 5327 quales
807 5258 1044 5314 Jarohns
1090 5259 1404 5322 Gretserus,
1437 5263 1520 5311 vir
1551 5259 1746 5314 doctus
1779 5260 1836 5314 S.
1868 5258 1916 5312 Ι.

341 5341 476 5382 tum.
510 5330 546 5382 II
570 5329 638 5381 de
673 5345 836 5384 cruce
865 5330 1054 5390 edidit,
1097 5341 1151 5382 et
1181 5331 1300 5397 ipso
1355 5332 1674 5397 interprete,
1711 5344 1919 5398 paucu-

343 5402 414 5452 lis
439 5400 665 5453 mutatis
688 5409 781 5453 aut
809 5402 1094 5459 correctis,
1129 5416 1248 5468 qua:
1278 5399 1389 5452 fere
1415 5399 1602 5452 lectori
1627 5400 1916 5452 indicanda

340 5471 628 5530 duximus,
655 5479 712 5521 ιιι
735 5468 872 5523 sriat
896 5470 982 5522 vix
1015 5481 1382 5524 noncons'are
1405 5471 1458 5521 in
1491 5469 1737 5538 reliquis,
1761 5471 1919 5521 αύτο-

338 5539 531 5603 λεξεὶ,
579 5555 736 5592 suam
795 5539 1058 5594 Gretsero
1117 5543 1425 5594 versionem
1497 5547 1550 5592 et
1597 5540 1912 5592 editionem.

339 5609 501 5674 Quod
529 5623 696 5676 porro
725 5619 929 5675 spectat
979 5609 1045 5661 ad
1079 5610 1225 5676 ipsas
1265 5611 1542 5662 oralioues
1573 5611 1685 5660 sive
1708 5613 1914 5660 oralio-

339 5697 489 5740 nem,
515 5688 598 5731 rst
631 5679 804 5746 stylus
825 5688 1108 5732 commotis
1155 5681 1434 5740 incultior,
1467 5696 1628 5746 quam
1661 5682 1825 5732 solent
1861 5697 1910 5730 ιιι

338 5749 464 5812 aliis
517 5749 894 5803 esscAmlrcze
955 5749 1160 5814 nostri;
1209 5767 1305 5804 nec
1360 5765 1579 5803 δ;ιιιυι·;ι
1627 5750 1913 5818 nlujrstate

2029 5188 2210 5257 iisque
2269 5187 2527 5251 floribus,
2574 5201 2696 5239 cum
2730 5183 3318 5257 gravitutc__delertare
3345 5180 3608 5257 _vitlet_ur.

2026 5252 2191 5328 atque
2247 5259 2303 5312 in
2353 5257 2584 5324 reliquis
2613 5252 3160 5328 ειιὶδίοιειιίοιιίιιιιες
3208 5261 3286 5328 ut,
3313 5252 3356 5305 si
3385 5253 3609 5320 quidem

2027 5322 2155 5383 sunt
2211 5330 2350 5395 ejus.
2394 5322 2566 5380 videri
2632 5326 2807 5394 possit
2869 5322 3248 5395 temperatiori
3296 5333 3413 5376 arte
3449 5336 3608 5395 usus,

2029 5416 2093 5451 ac
2158 5391 2438 5468 σχέδιάσαι
2494 5391 2674 5465 potius
2724 5395 2899 5462 λόγον.
2951 5391 3093 5462 quod
3131 5393 3321 5468 titulus
3364 5391 3604 5468 praefert.

2024 5463 2222 5536 quain"
2254 5463 2570 5521 accuratius
2609 5468 2922 5519 elaborasse
2967 5487 2978 5514 ι
3034 5465 3178 5536 quod
3229 5463 3405 5530 potuit
3463 5463 3608 5536 οίκλος

2023 5531 2186 5607 νομέα
2219 5538 2432 5603 fugere:
2461 5539 2542 5591 vel
2577 5537 2738 5591 etiam
2775 5537 2957 5607 minus
2993 5531 3187 5607 adhuc
3221 5531 3607 5607 uraturojnuti-

2021 5601 2110 5660 riu
2163 5601 2230 5662 ἰιι
2274 5601 2498 5662 cst-ulto
2562 5605 2947 5674 inget'tiomu'm
2990 5605 3039 5656 in
3079 5603 3381 5656 minoribus
3429 5601 3614 5674 adhuc)

2039 5679 2436 5747 lin-msuiylnis
2501 5673 2707 5746 ageret,
2759 5677 2848 5728 ubi
2901 5676 3115 5726 \itletur
3148 5676 3246 5728 lius
3300 5673 3614 5734 orationes.

2022 5750 2136 5802 sive
2163 5758 2468 5803 ornttonem
2503 5749 2639 5801 Itane
2685 5747 3040 5803 declamasse.

3694 805 3732 941 ί,
