4016 6130
454 338 591 404 1919

1599 349 1656 409 s.
1696 348 2024 409 ANDREAZ
2062 345 2477 408 CRETENSlS
2502 412 2520 431 ,

3564 353 3702 421 1020

449 472 574 511 cum
623 455 898 510 Cruciﬁto
926 456 979 511 in
1028 456 1261 515 sublime
1294 460 1563 524 tollimur,
1600 471 1661 515 ut
1712 472 1858 517 terra
1902 476 2026 516 cum

2143 459 2292 530 ἢχθη.
2332 461 2576 533 Σταυροῦ
2611 463 2914 534 πανήγυριν
2948 464 3174 535 ἄγομεν,
3204 468 3298 522 καὶ
3340 469 3418 540 τῷ
3451 471 3705 545 Σταυρω-

453 559 674 617 peccato
724 546 865 603 infra
906 550 1114 615 relicta,
1161 567 1398 621 superna
1443 568 1843 624 comparemus.
1874 555 2022 610 Crux

448 638 697 709 erigitur.
730 646 782 693 et
813 654 1001 694 secum
1033 640 1193 710 erigit
1237 642 1390 699 humi
1422 645 1693 715 abjeetam
1739 647 2021 700 hominum

448 738 727 783 naturam.
780 730 926 786 Crux
979 735 1229 802 erigitur,
1286 747 1340 790 ct
1392 737 1699 792 daemonum
1763 739 2022 793 ferociam

448 830 642 876 terret.
669 819 817 877 Crux
847 823 1214 892 exaltaturfet
1241 827 1427 883 fractae
1451 830 1778 885 adversaria:
1809 831 2025 886 Satanae

449 914 598 967 vires
643 913 909 969 decidunt
956 927 1011 972 ct
1063 929 1418 975 encrvantur.
1461 921 1605 975 Crux
1654 924 1943 990 exaltatur,
1974 932 2026 978 et

452 1003 695 1058 Ecclesia
751 1016 1061 1062 conventus
1111 1008 1372 1063 celebrat.
1425 1010 1573 1064 Crux
1624 1013 1922 1074 exaltatur,
1973 1023 2026 1068 et

449 1095 697 1152 civitates
735 1097 930 1152 festum
978 1099 1120 1153 diem
1171 1111 1462 1170 peragunt,
1498 1102 1795 1171 populique
1841 1104 2024 1159 laetitia

450 1188 713 1256 gestiunt.
747 1190 938 1243 Crueis
969 1191 1239 1258 siquidem
1278 1193 1612 1255 meminisse,
1643 1194 1873 1264 insignis
1893 1210 2025 1266 gau-

451 1277 528 1330 dii
561 1278 813 1343 materia,
847 1282 1210 1350 mmt'orisque
1240 1281 1549 1336 imminutio
1583 1292 1687 1339 est.

528 1550 631 1606 Se—l
662 1559 929 1621 quantum
971 1562 1055 1608 est
1081 1553 1263 1609 crucis
1308 1553 1532 1625 ﬁguram
1566 1557 1851 1626 aspicere?
1887 1558 2025 1613 Nam

453 1657 572 1697 eam
605 1645 928 1705 intuentem,
950 1643 1141 1698 fortem
1162 1645 1323 1698 efficit
1365 1656 1527 1715 atque
1548 1663 1577 1701 a
1596 1650 1790 1703 timore
1812 1647 2025 1704 liberat.

455 1731 606 1786 Talis
653 1739 739 1787 est
795 1741 1055 1802 tantaque
1076 1734 1258 1787 crucis
1308 1736 1631 1803 possessio:
1675 1744 1730 1790 et
1764 1737 1854 1806 qui
1887 1736 2027 1790 hanc

2135 550 2278 604 θέντι
2341 553 2799 624 συνιπαιρόμεθα.
2835 556 2935 623 τὴν
2955 557 3059 625 γῆν
3117 560 3350 627 ἀφέντες
3382 562 3535 615 κάτω
3567 565 3711 633 μετὰ

2131 640 2233 708 τῆς
2288 642 2599 713 ἁμαρτίας,
2666 645 2753 698 ἵνα
2795 645 2862 700 τὰ
2894 648 3007 702 ἄνω
3063 649 3412 721 κτησώμεθα.
3467 653 3711 725 ,Σταυρὸς

2134 731 2384 802 ὑψοῦται,
2418 735 2512 787 καὶ
2536 736 2759 805 συνυψοῖ
2810 740 2983 808 χαμαὶ
3023 742 3288 812 κειμένην
3343 743 3439 813 τὴν
3499 745 3712 817 ἀνθρω-

2134 824 2365 894 πότητα,
2419 827 2514 879 καὶ
2558 828 2626 881 τὰ
2677 828 2947 898 δαιμόνων
3012 834 3389 902 καταπλήσσει
3435 836 3503 889 τά
3535 838 3713 908 φρυά-

2134 916 2599 987 γματα.Σταυρδς
2630 918 2882 985 ὑψοῦται,
2911 923 3006 975 καὶ
3033 922 3129 975 τοῦ
3147 923 3323 979 Σατᾶν
3354 927 3390 995 ἡ
3420 927 3713 992 ἀντίπαλος

2134 1007 2554 1063 καταπίπτουσα
2589 1010 2817 1080 δύναμις
2868 1013 3157 1085 ὑποχωρεῖ
3207 1019 3304 1070 καὶ
3336 1018 3707 1074 συστέλλεται.

2133 1095 2373 1166 Σταυρδς
2402 1097 2656 1166 ὑψοῦται,
2681 1100 2775 1152 καὶ
2820 1103 3104 1172 συντρέχει
3153 1104 3252 1173 τῆς
3286 1103 3619 1175 Ἐκκλησίας
3651 1110 3713 1161 τὸ

2134 1182 2428 1255 πλήρωμα.
2472 1186 2715 1256 Σταυρὸς
2770 1187 3021 1256 ὑψοῦται,
3052 1190 3145 1242 καὶ
3179 1190 3363 1253 πόλεις
3405 1193 3711 1263 πανηγυρί-

2135 1272 2308 1337 ζουσι,
2345 1274 2441 1326 καὶ
2495 1273 2612 1327 λαοὶ
2643 1277 2968 1345 χαρμόσυνα
3000 1277 3313 1333 σπένδουσι.
3341 1280 3451 1332 Καὶ
3480 1280 3542 1333 τὸ
3574 1298 3713 1351 μνη-

2137 1364 2330 1433 σθῆναι
2365 1365 2473 1436 γὰρ
2498 1366 2754 1437 σταυροῦ,
2788 1369 2966 1437 χαρᾶς
2995 1368 3259 1433 ὑπόθεσις
3290 1365 3582 1440 πρόδηλος,
3615 1370 3714 1425 καὶ

2138 1455 2367 1524 συστολὴ
2393 1457 2873 1527 σκυθρωπότητος.

2207 1544 2280 1597 Τὸ
2299 1545 2351 1598 δὲ
2368 1546 2463 1599 καὶ
2482 1545 2652 1599 τὺπον
2671 1546 2903 1616 ὁρᾶσθαι
2929 1547 3169 1617 σταυροῦ
3199 1548 3384 1618 ἡλίκον
3405 1565 3419 1615 ;
3436 1549 3716 1619 Ἀνδρείας

2135 1635 2245 1706 γὰρ
2292 1636 2553 1705 πρόξενον
2609 1637 2703 1689 καὶ
2772 1637 2975 1701 δειλίας
3026 1637 3316 1709 ἀπαλλαγὴ
3338 1638 3416 1709 τῷ
3452 1639 3718 1708 προσελέ-

2137 1742 2294 1779 ποντι
2346 1727 2579 1794 γίνεται.
2638 1726 2893 1781 Τοιοῦτόν
2937 1745 2992 1781 τι
3029 1728 3176 1798 μέγα
3223 1729 3319 1781 τοῦ
3386 1729 3623 1800 σταυροῦ
3654 1731 3717 1783 τὸ

459 1819 704 1887 possidet
726 1859 742 1881 ,
774 1821 1022 1888 possidet
1054 1822 1394 1876 thesaurum.
1430 1822 1502 1877 De
1529 1824 1647 1878 auri
1683 1841 1767 1880 me
1802 1824 2028 1879 forsitan

2143 1814 2321 1885 κτῆμα
2339 1814 2576 1886 καθέστη
2585 1832 2667 1869 κε·
2691 1818 2784 1870 καὶ
2801 1816 3032 1871 ότοῦτον
3048 1818 3417 1889 κτησάμενος,
3444 1821 3717 1889 ἐκτήσατο

455 1911 661 1978 putatis
681 1909 826 1978 loqui
852 1910 1128 1975 thesauro,
1146 1920 1238 1965 aut
1259 1913 1698 1981 margaritarum,
1715 1929 1776 1967 ac
1793 1915 2032 1984 lapidum

461 2001 841 2072 pretiosorum
874 2000 1210 2067 lndicorum,
1254 2004 1452 2074 quibus
1489 2006 1733 2074 corporis
1785 2008 1869 2061 sui
1913 2016 2030 2062 stuc

457 2091 690 2157 diosi,et
721 2093 857 2145 nihil
896 2095 1095 2149 excelsi
1122 2097 1441 2165 cogitantes.
1461 2112 1579 2151 sese
1604 2098 1899 2152 oblectant.
1923 2100 2034 2170 Ego

466 2198 599 2237 vero
618 2182 670 2237 id
691 2184 835 2253 quod
866 2186 1109 2238 omnium
1136 2186 1401 2240 bonorum
1425 2189 1850 2256 pulcherrimum
1876 2199 1957 2245 est
1976 2206 2034 2246 re

459 2289 525 2328 ac
557 2274 798 2340 nomine,
823 2275 1138 2329 thesaurum
1159 2276 1284 2344 jure
1303 2278 1684 2345 appellaverint
1707 2280 1791 2342 ;in
1825 2296 1954 2348 quo,
1981 2288 2035 2335 et

458 2374 556 2429 per
583 2376 824 2428 quem,et
851 2364 905 2417 in
928 2379 1086 2430 quem
1105 2366 1298 2419 salutis
1321 2377 1519 2421 nostra:
1542 2384 1751 2422 summa
1774 2371 2031 2439 reposita,

461 2462 514 2504 et
542 2452 779 2521 pristino
839 2455 1004 2508 statui
1042 2457 1291 2510 restituta
1323 2467 1431 2513 est.
1470 2457 1526 2512 Si
1552 2459 1697 2513 enim
1758 2476 1890 2514 crux
1924 2478 2033 2515 non

461 2542 624 2609 foret,
672 2542 927 2600 Christus
965 2548 1262 2604 crucifixus
1297 2564 1406 2603 non
1447 2558 1616 2606 esset.
1663 2549 1720 2607 Si
1750 2567 1884 2607 crux
1927 2568 2033 2607 non

461 2640 627 2694 esset,
668 2633 777 2684 vita
814 2633 965 2702 ligno
1023 2636 1193 2689 clavis
1248 2637 1438 2690 suﬂixa
1492 2653 1601 2692 non
1650 2646 1816 2694 esset.
1860 2641 1918 2694 Si
1970 2655 2034 2695 ea

463 2720 638 2773 clavis
669 2720 856 2774 sullixa
887 2737 994 2776 non
1023 2733 1190 2789 esset,
1245 2742 1308 2780 ex
1344 2727 1515 2782 latere
1545 2727 1723 2784 fontes
1754 2731 2036 2785 immorta-

463 2811 659 2872 litatis.
685 2813 1007 2882 sanguinem
1033 2825 1088 2871 et
1116 2830 1335 2887 aquam,
1362 2834 1483 2887 qua:
1504 2820 1763 2874 mundum
1789 2823 2033 2892 expiant,

464 2916 577 2957 non
627 2900 901 2958 fudissent
944 2923 957 2960 :
1010 2909 1218 2975 peccati
1263 2909 1690 2980 chirographum
1726 2913 2034 2984 disruptum

465 3012 574 3052 non
608 2996 770 3063 foret,
808 2999 862 3053 in
899 3000 1206 3056 libertatem
1249 3006 1446 3059 asserti
1500 3020 1606 3060 non
1658 3022 1921 3074 essemus,
1969 3010 2038 3064 li-

467 3103 575 3160 gno
631 3090 755 3145 vita:
795 3106 903 3145 non
944 3092 1272 3159 frueremur,
1303 3098 1592 3165 paradisus
1641 3114 1750 3155 non
1802 3110 2034 3172 pateret,

468 3182 742 3237 versatilis
769 3185 1039 3253 romphaaa
1064 3199 1095 3237 e
1122 3185 1208 3238 via
1246 3185 1412 3242 Edem
1441 3203 1550 3245 non
1578 3193 1921 3262 recessisset,
1953 3195 2036 3250 la-

470 3282 558 3327 tro
586 3274 900 3343 paradisum
940 3290 1051 3331 non
1081 3277 1363 3334 incoleret.

540 3536 605 3591 Et
639 3538 767 3608 quid
801 3539 885 3595 his
921 3541 1221 3596 immorer?
1261 3540 1329 3596 Si
1359 3558 1496 3597 crux
1533 3559 1641 3598 non
1679 3555 1846 3611 esset,
1880 3546 2042 3602 Chri-

472 3631 668 3686 stusin
710 3639 853 3686 terra
895 3648 1001 3688 non
1062 3631 1285 3697 fuisset;
1330 3644 1382 3687 et
1412 3634 1456 3688 si
1492 3634 1745 3690 Christus
1784 3636 1838 3689 in
1878 3638 2039 3691 terris

471 3735 582 3774 non
619 3720 833 3783 fuisset,
863 3737 969 3775 non
998 3718 1185 3791 Virgo,
1226 3736 1336 3775 non
1368 3722 1606 3777 secunda
1635 3723 1841 3778 Christi
1877 3740 2043 3794 gene-

468 3809 615 3864 ratio
645 3808 870 3872 fuisset;
897 3823 1005 3862 non
1024 3809 1418 3865 humanitatem
1446 3811 1710 3866 induisset
1732 3811 1876 3867 Deus
1897 3830 1911 3879 ;
1930 3828 2041 3867 non

461 3897 672 3955 fuisset
709 3909 916 3968 partus,
953 3917 1060 3954 non
1098 3917 1358 3972 praesepe,
1407 3918 1518 3957 non
1558 3902 1761 3970 fasciae,
1807 3921 1917 3960 non
1954 3922 2045 3961 oc-

458 3999 598 4044 aavo
631 3990 717 4045 die
743 3994 1110 4057 circumcisio,
1156 4010 1264 4049 non
1297 3995 1535 4051 exhibita
1572 3997 1891 4066 parentibus
1916 3997 2045 4053 obe-

465 4082 700 4147 dientia,
747 4098 857 4137 non
910 4086 1085 4139 artatis
1131 4100 1479 4154 progressus,
1519 4101 1627 4141 non
1675 4089 1923 4157 corporis
1959 4088 2044 4142 in-

456 4182 859 4240 crementum,
908 4189 1017 4229 non
1051 4178 1365 4246 apparitio,
1412 4192 1523 4231 non
1579 4179 1836 4247 baptismi
1888 4195 2041 4245 usus,

458 4281 581 4322 mon
616 4275 827 4337 patrata
855 4267 1140 4333 miracula,
1172 4284 1282 4322 non
1309 4267 1481 4324 ludas
1530 4270 1798 4338 proditor,
1829 4285 1934 4325 non
1966 4268 2048 4324 Pi-

464 4355 618 4411 Jatus
648 4355 929 4421 judicans,
978 4370 1089 4409 non
1119 4354 1432 4412 Iudaeorum
1469 4358 1697 4411 audacia
1737 4358 1791 4412 in
1827 4374 2045 4415 crucem

2136 1907 2430 1976 θησαυρόν.
2490 1906 2707 1977 Χρυσοῦ
2744 1924 2812 1978 με
2853 1909 2999 1979 τάχα
3057 1908 3240 1962 οίεσθε
3297 1909 3492 1964 τοῦτον
3532 1911 3717 1978 λέγειν

2134 1993 2227 2048 τὸν
2289 1994 2650 2066 θησαυρὸν,ἢ
2690 1996 3032 2066 μαργαρίτου
3095 1997 3191 2050 καὶ
3250 1997 3418 2051 λίθων
3473 1997 3716 2053 Ἰνδικῶν

2137 2087 2473 2158 βαρυτίμων,
2513 2081 2596 2150 οἷς
2621 2088 2670 2140 oi
2696 2087 3069 2159 φιλοσώματοι
3118 2088 3396 2160 χαίρουσι,
3453 2090 3584 2160 περὶ
3645 2091 3717 2145 τὰ

2140 2179 2365 2250 μηδενὸς
2408 2177 2535 2242 ἄξια
2566 2179 3115 2251 σμικρολογούμενοι.
3183 2180 3326 2250 Ἐγὼ
3372 2182 3429 2234 δὲ
3492 2184 3714 2236 πάντων

2136 2268 2319 2322 καλῶν
2347 2268 2640 2321 κάλλιστόν
2657 2286 2715 2335 τε
2749 2270 2843 2322 καὶ
2874 2271 3334 2326 πολυτελέστατον
3361 2275 3455 2326 καὶ
3478 2276 3714 2344 πρᾶγμα

2137 2359 2230 2413 καὶ
2256 2359 2444 2430 ὄνομα,
2480 2360 2754 2431 θησαυρὸν
2790 2360 2855 2414 ἂν
2878 2362 3105 2425 εἰκότως
3158 2365 3367 2417 ἐκεῖνον
3420 2364 3717 2419 άποκαλοξ-

2141 2468 2282 2522 μην,
2328 2453 2384 2505 ὲν
2417 2446 2493 2519 ᾧ,
2526 2453 2620 2505 καὶ
2657 2452 2723 2504 δι’
2762 2444 2860 2517 οὗ,
2903 2454 2995 2506 καὶ
3037 2446 3123 2513 ἐίς
3153 2454 3247 2521 ὃν,
3295 2454 3444 2509 ἅπαν
3491 2458 3625 2526 ἡμῖν
3653 2457 3718 2510 τὸ

2134 2542 2233 2612 τῆς
2266 2543 2544 2614 σωτηρίας
2574 2542 2842 2596 ἀποτεθὲν
2880 2543 3258 2616 ὲπανωρθώθη
3295 2545 3618 2614 κεφάλαιον.
3654 2545 3716 2598 Εἰ

2140 2633 2218 2703 μὴ
2269 2634 2377 2705 γὰρ
2440 2632 2710 2704 σταυρὸς,
2759 2634 2862 2687 οὑκ
2904 2633 2971 2687 ἂν
3017 2635 3046 2688 ὁ
3087 2636 3326 2706 Χριστὸς
3376 2637 3713 2707 ὲσταὺρωτο.

2138 2720 2202 2774 El
2232 2722 2306 2792 μὴ
2329 2723 2579 2794 σταυρὸς,
2598 2724 2697 2776 οὐκ
2726 2721 2792 2776 ἂν
2819 2725 2853 2794 ἡ
2875 2723 2989 2792 ζωὴ
3014 2722 3092 2793 τῷ
3120 2723 3265 2795 ξύλῳ
3288 2726 3634 2796 προσήλωτο.
3654 2727 3717 2780 Ei

2142 2813 2216 2885 μὴ
2258 2813 2613 2886 προσήλωτο,
2662 2815 2761 2868 οὑκ
2797 2814 2865 2867 ἂν
2908 2817 2972 2866 ὲκ
3005 2813 3248 2887 πλευρᾶς
3281 2818 3329 2870 oi
3361 2817 3584 2888 κρουνοὶ
3616 2818 3721 2888 τῆς

2136 2904 2443 2976 ἀφθαρσίας
2468 2906 2769 2975 ὲπήγαζον,
2799 2902 2939 2975 αἷμα
2966 2908 3061 2959 καὶ
3084 2905 3254 2978 ὕδωρ,
3277 2906 3349 2960 τά
3380 2907 3475 2962 τοῦ
3506 2910 3717 2979 κόσμου

2138 2996 2433 3068 καθάρσια,
2468 2999 2568 3052 οὐκ
2598 2998 2664 3053 ἂν
2702 2998 2804 3068 τῆς
2835 2999 3114 3069 ἁμαρτίας
3146 2998 3518 3070 χειρόγραφον
3547 3000 3714 3071 ερῤη-

2139 3106 2256 3155 κτο,
2316 3090 2417 3143 οὑκ
2447 3089 2513 3143 ἂν
2543 3090 2640 3159 τῆς
2686 3088 3001 3159 ἐλευθερίας
3057 3089 3343 3160 ἐτύχομεν,
3379 3090 3481 3144 οὑκ
3519 3091 3591 3144 ἂν
3620 3089 3717 3143 τοῦ

2145 3181 2303 3250 ξύλου
2332 3182 2431 3252 τῆς
2482 3179 2628 3250 ζωῆς
2692 3181 3115 3252 ἀπηλαὺσαμεν,
3161 3182 3262 3234 οὑκ
3288 3181 3354 3235 ἂν
3382 3183 3719 3253 παράδεισος

2142 3275 2397 3341 ἄνυικτο,
2427 3275 2528 3326 οὑκ
2559 3275 2625 3327 ἂν
2660 3274 2693 3345 ὴ
2722 3271 3067 3344 στρεφομένη
3132 3273 3383 3344 ῥομφαία
3427 3274 3532 3344 τῆς
3557 3275 3719 3345 Ἐδὲμ

2142 3366 2243 3437 τὴν
2268 3366 2385 3420 ὁδὸν
2412 3364 2749 3437 παρεχώρει,
2778 3365 2880 3418 οὑκ
2904 3364 2970 3418 ἂν
2990 3366 3016 3417 ὁ
3041 3364 3248 3436 λῃστὴς
3269 3366 3362 3417 τδν
3388 3366 3720 3435 παράδεισον

2194 3473 2299 3510 κει.

2143 3456 2477 3601 ᾥκ’ίὶῗταῦτα
2502 3546 2647 3614 λέγω
2670 3565 2686 3613 ;
2709 3546 2771 3598 El
2802 3546 2877 3616 μὴ
2914 3545 3168 3616 σταυρὸς,
3201 3546 3302 3599 οὑκ
3332 3545 3400 3599 ἂν
3421 3547 3449 3599 ό
3482 3546 3721 3615 Χριστὸς

2148 3641 2242 3695 ἐπὶ
2273 3641 2410 3710 γῆς·
2431 3640 2523 3690 καὶ
2554 3639 2603 3690 εί
2642 3639 2715 3708 μὴ
2747 3637 2987 3707 Χριστὸς
3042 3639 3136 3690 ἐπὶ
3196 3638 3321 3706 γῆς,
3354 3638 3455 3690 οὑκ
3489 3638 3558 3690 ἂν
3581 3639 3721 3706 Παρ·

2150 3732 2322 3797 θένος,
2375 3731 2475 3784 οὑκ
2506 3730 2571 3783 ἂν
2606 3730 2863 3799 γέννησις
2920 3729 3160 3802 Χριστοῦ
3212 3728 3469 3800 δευτέρω
3515 3730 3631 3782 οὐδ’
3657 3728 3720 3782 ἂν

2149 3825 2206 3876 έν
2238 3819 2509 3892 ἀνθρώπῳ
2563 3819 2729 3882 Θεός’
2788 3818 2898 3871 οὐδ’
2951 3819 3018 3872 ἂν
3047 3821 3226 3882 τόκος,
3272 3819 3333 3872 οὑ
3391 3818 3594 3888 φάτνη,
3652 3817 3715 3871 οὑ

2152 3915 2465 3986 σπάργανα,
2497 3913 2557 3965 οὑ
2589 3911 2863 3984 περιτομὴ
2904 3913 3273 3983 ὀκταήμερος,
3319 3912 3420 3983 οὑχ
3467 3913 3719 3981 ὑποταγὴ

2150 4005 2374 4075 γονέων,
2402 4005 2462 4058 οὑ
2491 4003 2882 4074 μεθηλικίωσις
2916 4019 2931 4035 ο
2963 4004 3064 4057 οὑκ
3112 4003 3345 4074 αὔξησις
3410 4003 3668 4075 σώματος
3702 4042 3718 4070 ,

2152 4099 2253 4149 οὑκ
2277 4093 2570 4160 ἀνάδειξις,
2589 4098 2651 4148 οὑ
2679 4093 3057 4165 βαπτίσματος
3083 4095 3397 4166 μέθεξις,οὑ
3424 4094 3715 4164 θαυμάτων

2154 4188 2433 4254 ἐπίδειξις,
2460 4188 2560 4240 οὐκ
2588 4187 2785 4250 Ἰούδας
2805 4187 3092 4257 προδότης,
3122 4188 3183 4239 οὑ
3211 4187 3442 4250 Πιλάτος
3465 4187 3720 4251 δικάζων,

2153 4282 2255 4336 οὐκ
2305 4277 2577 4332 Ἰουδαίων
2636 4277 2811 4347 τόλμα
2863 4276 3231 4347 σταυροῦσθαι
3291 4277 3384 4330 τὸν
3427 4276 3722 4330 ἀνεύθυνον

2156 4371 2462 4444 κράζουσα.
2517 4370 2624 4423 Καὶ
2649 4370 2699 4421 εί
2742 4368 2816 4439 μὴ
2869 4368 3125 4439 σταυρὸς,
3162 4368 3265 4421 οὑκ
3299 4368 3365 4421 ἂν
3412 4368 3723 4435 ὲπεπάτητο

473 4447 559 4518 agi
592 4448 968 4501 indemnatum
1013 4448 1251 4502 clamore
1303 4449 1605 4518 postulans.
1658 4449 1715 4503 Si
1760 4466 1892 4505 crux
1938 4467 2037 4505 non

2156 4465 2406 4524 θάνατος,
2462 4461 2560 4513 οὑκ
2616 4458 2910 4512 ὲσκὺλευτο
2955 4458 3112 4530 ᾇδης,
3173 4459 3549 4535 οὑχόπικρὺς
3605 4459 3723 4527 ὄφις

460 4547 644 4603 .esset,
676 4553 823 4592 mors
854 4546 1127 4607 prostrata
1158 4554 1266 4592 non
1297 4548 1467 4605 esset,
1500 4539 1750 4595 infernus
1784 4557 1891 4594 non
1921 4557 2048 4612 spo-

462 4630 663 4690 rliatus,
705 4644 814 4683 nou
849 4638 1074 4684 enectus
1117 4630 1311 4684 noxius
1348 4645 1598 4700 serpens.
1643 4630 1838 4702 Magna
1883 4632 2046 4702 igitur

456 4733 528 4779 νει
558 4723 797 4793 pretiosa
821 4740 908 4778 res
932 4738 1069 4777 crux
1095 4731 1198 4778 est.
1229 4722 1421 4792 Magna
1445 4722 1688 4792 quidem,
1723 4725 1851 4793 quia
1878 4724 2045 4778 multa

464 4831 573 4885 per
605 4817 779 4883 ipsam
800 4814 947 4870 bona
977 4813 1167 4869 effecta
1194 4822 1363 4880 sunt;
1392 4820 1449 4869 et
1470 4821 1622 4867 tanto
1643 4816 1819 4884 plura,
1844 4825 2050 4885 quanto

471 4909 653 4978 attagis
705 4906 914 4961 Christi
964 4907 1247 4962 miraculis
1290 4914 1345 4960 et
1391 4906 1730 4960 cruciatibus
1803 4907 2046 4975 potiores

465 5009 660 5071 partes
708 4998 1013 5052 tribuenda!
1065 5007 1215 5052 sunt.
1266 4995 1511 5051 Pretiosa
1553 5011 1719 5061 vero,
1776 4996 1904 5065 quia
1951 4996 2043 5051 Dei

468 5094 661 5165 passio
701 5102 756 5147 et
806 5101 1091 5159 tropaeum,
1143 5105 1276 5143 crux
1315 5097 1441 5143 est:
1476 5088 1660 5158 passio
1691 5088 1935 5157 quidem,
1977 5087 2046 5142 ob

468 5192 833 5254 spontaneam
877 5182 932 5235 in
972 5182 1088 5248 ipsa
1136 5178 1413 5249 passionis
1452 5184 1725 5245 mortem;
1786 5188 2044 5247 tropaeum

467 5285 684 5341 autem,
712 5276 839 5344 quia
865 5274 918 5327 in
950 5274 1067 5342 ipsa
1092 5271 1342 5326 diabolus
1369 5270 1673 5332 sauciatus,
1716 5277 1771 5323 et
1816 5285 1940 5323 cum
1981 5285 2047 5324 eo

475 5383 629 5422 mors
678 5366 890 5421 devicta
944 5375 1064 5429 est;
1108 5372 1272 5432 atque
1326 5360 1626 5417 inferorum
1654 5360 1892 5415 claustra
1920 5375 2050 5414 eon-

472 5461 633 5522 trita,
666 5467 720 5512 et
743 5455 1052 5511 communis
1091 5454 1335 5509 universi
1365 5453 1515 5508 orbis
1556 5452 1708 5507 salus
1733 5468 1867 5506 crux
1906 5451 2048 5506 facta

479 5559 587 5603 εει.

553 5637 699 5690 Crux
733 5632 1175 5692 Christianorum
1217 5653 1363 5705 spes,
1400 5637 1823 5706 desperatorum
1865 5648 2047 5689 serra-

486 5728 618 5792 trix,
648 5737 969 5797 tempestate
997 5729 1218 5798 iactatis
1244 5737 1440 5799 portus
1460 5767 1473 5793 ,
1504 5729 1847 5783 infirmorum
1889 5726 2055 5780 medie

2144 4554 2496 4621 ὲνενέκρωτο.
2529 4549 2628 4603 Διὰ
2672 4548 2834 4601 τοῦτο
2893 4549 3037 4618 μέγα
3067 4566 3120 4603 τι
3155 4551 3344 4621 χρῆμα
3395 4552 3492 4602 καὶ
3548 4547 3724 4618 τίμιον

2143 4644 2172 4697 ὁ
2204 4640 2455 4711 σταυρὸς.
2493 4638 2651 4706 Μέγα
2687 4638 2810 4707 μὲν,
2842 4638 2924 4691 ὃτι
2956 4637 3129 4691 πολλὰ
3148 4638 3215 4690 δι’
3243 4638 3411 4691 αὑτὸν
3447 4637 3558 4690 τῶν
3595 4640 3725 4704 ἀγα-

2146 4732 2256 4786 θῶν
2285 4728 2644 4800 κατωρθώθη,
2679 4730 2774 4781 καὶ
2802 4729 3048 4799 τοσούτῳ
3100 4728 3294 4790 πολλὰ,
3368 4729 3482 4797 ὅσῳ
3540 4732 3636 4781 καὶ
3660 4727 3724 4780 τὰ

2145 4807 2384 4892 Χριστοῦ
2411 4818 2670 4887 θαύματα
2703 4818 2798 4872 καὶ
2830 4818 3134 4889 παθήματα
3192 4818 3337 4871 κατὰ
3368 4818 3573 4882 παντὸς
3618 4818 3726 4887 ἔχει

2147 4914 2309 4980 λόγου
2338 4909 2409 4964 τὰ
2430 4911 2747 4980 νικητήρια.
2779 4908 2970 4978 Τίμιον
2996 4908 3076 4973 δὲ,
3099 4910 3184 4962 ὅτι
3209 4908 3347 4961 Θεοῦ
3373 4909 3608 4978 πάθημα
3638 4910 3729 4963 καὶ

2151 5004 2411 5074 τρόπαιον
2432 5002 2460 5054 ὁ
2482 5000 2734 5070 σταυρόςσ
2761 4998 2990 5068 πάθημα
3016 4999 3136 5068 μὲν,
3159 5000 3241 5051 ὅτι
3259 4998 3347 5052 διὰ
3365 5000 3458 5053 τὸν
3485 5000 3728 5051 ἑκούσιον

2153 5099 2211 5149 ὲν
2247 5093 2398 5163 αὑτῷ
2425 5092 2519 5145 τοῦ
2568 5092 2774 5154 πάθους
2834 5090 3095 5146 θάνατον·
3130 5094 3392 5163 τρόπαιον
3423 5094 3503 5159 δὲ,
3532 5094 3622 5147 διὰ
3673 5094 3732 5147 τὸ

2154 5181 2616 5255 τετραυματίσθαι
2663 5184 2722 5234 ἐν
2756 5181 2905 5251 αὑτῷ
2954 5182 3045 5234 τὸν
3092 5182 3370 5247 διάϐολον,
3420 5183 3731 5252 νενικῆσθαι

2146 5277 2203 5331 δὲ
2234 5277 2331 5329 σὺν
2370 5274 2518 5343 αὑτῷ
2552 5273 2643 5326 τὸν
2704 5273 2931 5327 θάνατον
2951 5295 2964 5306 ο
3007 5274 3396 5345 συντετρίφθαι
3426 5275 3487 5329 δὲ
3519 5278 3615 5329 καὶ
3642 5273 3731 5325 τοῦ

2151 5368 2277 5440 ᾅδου
2310 5366 2377 5419 τὰ
2409 5365 2660 5434 κλεῖθρα,
2696 5365 2790 5417 καὶ
2819 5365 3002 5419 κοινὸν
3032 5365 3234 5430 παντὸς
3283 5367 3616 5436 γεγενῆσθαι
3642 5366 3731 5419 τοῦ

2156 5450 2366 5529 κόσμου
2395 5459 2666 5528 σωτήριον
2692 5458 2783 5511 τὸν
2813 5459 3064 5529 σταυρόν.

2231 5633 2469 5704 Σταυρὸς
2487 5633 2832 5705 Χριστιανῶν
2854 5634 3033 5698 ἐλπὶς.
3065 5634 3498 5704 ἐπεγνωσμένων
3530 5634 3730 5702 σωτὴρ,

2159 5724 2572 5795 χειμαζομένων
2626 5724 2789 5795 λιμὴν
2830 5764 2844 5788 ,
2880 5725 3251 5779 ἀσθενούντων
3284 5725 3484 5795 ίατρδς,
3547 5725 3731 5778 παθῶν
