4016 6130
258 404 280 466 1
292 400 391 468 0‘21

1246 407 1331 470 IN
1368 410 1964 477 EXALTATIONEM
1989 417 2050 477 S.
2088 415 2386 477 CRUCIS.
2422 412 2472 476 I.

3405 413 3540 483 1022

250 509 482 585 ἐλατὴρ,
508 510 691 582 ὑγείας
721 512 909 587 δοτὴρ,
932 519 1358 588 νενεκρωμένων
1386 522 1522 591 ζωὴ,
1557 524 1844 588 εὐσεϐείας

1950 528 2146 590 catrix,
2188 525 2671 596 perturbationum
2699 524 2996 595 cxpultrix,
3029 522 3289 581 sanitatis
3317 528 3542 584 restitn-

251 605 625 677 πρόγραμμα,
672 606 1027 679 βλασφημίας
1052 610 1336 681 φίμοτρον.
1378 616 1620 687 Σταυρὸς
1672 617 1837 673 ὅπλον

248 697 380 750 κατ’
410 697 643 768 ἐχθρῶν,
674 700 953 770 σκῆπτρον
983 700 1286 771 βασιλείας,
1315 705 1558 777 διάδημα
1584 708 1838 774 κάλλους,

248 787 424 852 τύπος
447 788 720 859 ἄγραφος.
755 791 951 861 ῥάϐδος
971 793 1275 864 δυνάμεως,
1310 797 1548 871 ἔρεισμα
1573 802 1834 866 πίστεως,

252 880 529 952 βακτηρία
544 884 614 952 γή
624 899 772 953 ρους,
800 884 997 955 ὁδηγὸς
1018 886 1257 954 τυφλῶν,
1278 888 1398 958 φῶς
1411 890 1520 943 τῶν
1546 895 1604 945 ὲν
1632 893 1837 961 σκότει,

253 974 554 1044 παιδευτὴς
595 976 871 1046 ἀφρόνων,
903 977 1227 1043 διδάσκαλος
1283 983 1528 1052 νηπίων,
1558 983 1843 1054 ἁμαρτίας

254 1062 562 1133 ἀναίρεσις,
596 1067 885 1135 μετανοίας
925 1067 1174 1136 ἔνδειξις,
1208 1072 1557 1145 δικαιοσύνης
1591 1077 1838 1146 ὑπογρα-

256 1153 414 1222 φεύς.
473 1155 713 1227 Σταυρὸς
759 1157 964 1229 κλίμαξ
1029 1163 1111 1224 εἰς
1159 1163 1387 1233 οὐρανὸν
1435 1164 1666 1233 ἄγουσα,
1722 1168 1843 1231 ὁδὸς

257 1242 397 1310 πρὸς
448 1241 652 1312 ἀρετὴν
706 1244 1002 1315 ὁδηγοῦσα,
1060 1247 1207 1320 ζωῆς
1262 1252 1545 1322 πρόξενος,
1606 1256 1839 1310 θανάτου

254 1331 433 1393 λύσις.
476 1333 684 1403 φθορᾶς
726 1335 1106 1406 ἀλλοτρίωσις,
1153 1343 1329 1414 πυρὸς
1361 1346 1677 1418 σσετήριον,
1701 1350 1841 1419 πρὸς

257 1514 435 1582 φύλαξ
461 1516 519 1567 ὲν
548 1519 703 1569 νυκτὶ
727 1559 742 1583 ,
770 1521 827 1571 ὲν
863 1520 1048 1592 ἡμέρα
1105 1523 1338 1596 πύργος,
1366 1529 1426 1581 ὲν
1458 1530 1638 1584 σκότει
1695 1549 1846 1604 χειρ-

258 1606 504 1695 αγωγὸς,
545 1609 606 1661 ἐν
638 1609 875 1681 εὐθυμία
903 1615 1142 1682 χαλινὸς,
1168 1619 1227 1672 ἐν
1250 1619 1466 1692 ἀθυμίᾳ
1491 1623 1841 1695 ψυχαγωγδς,

257 1694 700 1765 διαλλαγτήριος,
734 1698 960 1765 ἱκέσιος,
987 1703 1184 1769 φίλιος,
1218 1708 1542 1779 συνήγορος,
1569 1694 1846 1780 προασπί-

261 1787 397 1856 στὴς
422 1826 437 1851 ,
495 1787 810 1860 ἐπίκουρος.
861 1792 1101 1864 Σταυρὸς
1129 1798 1185 1849 ὲν
1216 1803 1545 1869 πειρασμοῖς
1610 1801 1806 1873 βοηθὸς
1827 1844 1841 1869 ,

259 1877 319 1927 ὲν
364 1875 631 1940 κινδύνοις
697 1877 898 1948 σωτὴρ,
964 1883 1024 1934 ὲν
1081 1883 1346 1953 ἀθυμίαις
1404 1871 1744 1960 παρηγορος,
1783 1894 1844 1945 ὲν
1876 1871 1917 1928 Β

257 1965 529 2034 ἀνάγκαις
559 1967 775 2038 βοηθὸς,
816 1971 876 2023 ἐν
904 1969 1149 2044 θαλάσσῃ
1207 1975 1574 2049 κυϐερνήτης.
1612 1982 1670 2034 ὲν
1709 1998 1848 2052 συμ-

261 2059 462 2129 φοραῖς
493 2059 777 2129 άνάψυξις.
802 2063 1045 2134 Σταυρὸς
1069 2069 1470 2135 νυκτοφυλακεῖ
1493 2071 1618 2135 τοὺς
1649 2073 1848 2127 καθεύ-

260 2149 474 2213 δοντας,
505 2156 878 2221 συναγρυπνεί
928 2158 1044 2221 τοῖς
1076 2158 1443 2227 ἀγρυπνοῦσι,
1492 2165 1608 2225 τοῖς
1636 2180 1850 2234 κεκμη-

261 2242 391 2294 κόσι
424 2241 821 2312 συνεπαμύνει.
878 2246 1119 2318 Σταυρὸς
1156 2250 1492 2305 ἀτονούντων
1543 2253 1848 2324 νεύρωσις,

220 2401 226 2405 η
263 2331 593 2388 κοπιώντων
617 2335 952 2400 ἀνάπαυσις,
988 2340 1317 2395 πεινούντων
1341 2344 1541 2414 τροφὴ,
1569 2346 1852 2415 νηστευόν-

260 2440 376 2477 των
418 2426 589 2494 ἰσχὺς,
649 2427 969 2495 ἀγωνιστῶν
1026 2431 1313 2504 ἀλείπτης,
1361 2437 1588 2505 γυμνῶν
1641 2438 1847 2510 σκέπη,

263 2518 645 2587 συνοδοιπόρος
678 2519 788 2572 τῶν
810 2521 1269 2592 ὲπιξενουμένων.
1303 2526 1544 2596 Σταυρὸς
1577 2528 1849 2584 πλουσίων

264 2610 668 2680 σωφρονιστὴς,
711 2612 964 2681 πενητῶν
994 2614 1322 2686 προνοητὴς,
1357 2617 1545 2688 χηρῶν
1606 2623 1849 2688 προστά-

261 2706 387 2770 της,
418 2702 673 2771 ὀρφανῶν
693 2704 982 2773 ἀντίληψις
1040 2706 1137 2759 καὶ
1189 2709 1449 2778 τροφεύς.
1479 2712 1721 2783 Σταυρὸς
1749 2714 1850 2783 ἀρ-

263 2792 472 2862 χόντων
513 2794 674 2864 τιμὴ,
733 2793 999 2865 βασιλέων
1046 2800 1270 2868 κράτος,
1321 2798 1649 2872 στρατηγῶν
1676 2807 1845 2872 νῖκος,

262 2884 490 2952 ἁγνείας
559 2886 799 2955 σφραγὶς
830 2927 846 2951 ,
905 2886 1166 2955 συζυγίας
1220 2889 1542 2961 σύνδεσμος.
1602 2894 1848 2966 Σταυρὸς

263 2976 476 3029 πόλεων
498 2976 696 3046 φύλαξ,
728 2977 894 3032 οἴκων
917 2980 1208 3049 ἀσφάλεια,
1233 2982 1418 3052 φιλίας
1439 2987 1846 3058 συναρμοστὴς,

261 3066 372 3121 τῶν
398 3068 608 3139 ἐχθρῶν
634 3070 996 3142 ἀμυντήριον,
1029 3072 1309 3144 πολεμίων
1329 3076 1650 3144 ἀντίπαλος,
1673 3079 1847 3135 ἐθνῶν

1944 618 2071 681 trix,
2101 619 2555 688 interemptorum
2592 617 2726 681 vita,
2767 617 2851 672 lex
2885 617 3132 686 pietatis,
3176 600 3538 689 blasphemia!

1944 707 2265 763 refrenatio.
2306 710 2453 764 Crux
2496 718 2691 764 contra
2746 709 2931 764 hostes
2977 723 3158 776 arma,
3210 711 3364 780 regni
3414 727 3542 768 scca

1942 812 2145 872 ptrum,
2177 801 2428 856 diadema
2464 801 2915 872 pulchritudinis,
2959 810 3121 873 typus
3149 810 3204 857 et
3256 805 3547 873 exemplar

1944 909 2052 946 non
2086 894 2354 964 scriptum
2412 894 2550 963 ('59),
2598 895 2753 965 virga
2801 896 3079 964 potentiae,
3131 896 3544 950 ﬁrmamentum-

1944 985 2095 1048 iidei.
2129 986 2360 1041 baculus
2386 987 2715 1051 senectutis,
2750 987 2863 1041 dux
2889 1001 3185 1052 catcorum,
3223 987 3411 1042 lumen
3444 1004 3538 1044 eo~

1942 1092 2065 1130 rum
2092 1077 2185 1145 qui
2226 1086 2354 1132 sunt
2396 1078 2453 1131 in
2484 1079 2748 1142 tenebris,
2783 1077 3161 1148 insipientium
3203 1078 3542 1144 iustitutrix,

1944 1168 2243 1224 infantium
2274 1170 2561 1239 magistra,
2603 1171 2817 1239 peccati
2853 1173 3036 1235 ruina,
3073 1171 3412 1240 paenitentia:
3452 1171 3538 1225 in-

1944 1261 2320 1330 dex.justitiaa
2351 1260 2705 1315 fortna.Crux
2741 1262 2885 1315 scala
2918 1262 2971 1314 in
3008 1262 3205 1316 caelum
3239 1262 3535 1327 deducens,

1943 1355 2031 1406 via
2068 1352 2134 1405 ad
2168 1354 2423 1406 virtutem
2450 1351 2754 1415 adducens,
2788 1354 2913 1408 vitae
2942 1354 3313 1415 conciliatrix,
3343 1356 3544 1409 mortis

1945 1445 2167 1510 solutio,
2207 1444 2587 1512 corruptionis
2623 1444 2975 1509 abalienatio,
3022 1445 3166 1515 ignis
3213 1446 3541 1509 exstinctio,

1950 1539 2004 1593 in
2069 1538 2240 1593 Deum
2304 1536 2526 1599 iidncia,
2592 1536 2765 1591 clavis
2833 1537 2983 1605 regni
3028 1538 3317 1591 caelorum.
3387 1538 3538 1591 Crux.

1945 1637 2136 1684 custos
2185 1629 2240 1683 in
2288 1637 2469 1690 nocte,
2504 1629 2559 1681 in
2591 1629 2680 1683 die
2738 1629 2928 1694 turris,
2963 1630 3016 1681 in
3062 1628 3225 1684 terris
3271 1631 3540 1684 manutlue

1944 1722 2110 1781 ctrix.
2140 1719 2345 1775 lzetitiae
2369 1720 2608 1784 frenum,
2651 1720 2895 1775 tristitia:
2921 1720 3405 1785 oblectamentum,
3455 1738 3541 1776 rec

1945 1811 2316 1877 conciliatrix,
2350 1810 2738 1880 supplicatrix,
2764 1812 3136 1866 amicitiarum
3161 1812 3535 1875 conciliatrix,

1947 1914 2198 1976 patrona,
2244 1903 2661 1973 propngnatrix,
2698 1901 2964 1971 adiutrix.
3000 1902 3149 1956 Crux
3191 1903 3243 1956 in
3284 1905 3541 1957 tentatio-

1946 1997 2111 2052 nibus
2164 1996 2501 2060 auxiliatrix,
2556 1997 2612 2049 in
2658 1996 2923 2065 periculis
2975 1995 3111 2050 dans
3164 1997 3427 2061 salutem,
3482 1997 3537 2049 in

1949 2093 2211 2148 maestitia
2267 2093 2472 2157 solans,
2530 2093 2584 2145 in
2638 2089 3060 2144 necessitatibus
3121 2087 3437 2156 Opitulans,
3480 2086 3536 2140 in

1949 2184 2083 2238 mari
2128 2184 2485 2255 gubernatrix
2520 2225 2534 2248 ,
2592 2183 2645 2236 in
2699 2182 3114 2236 calamitatibus
3161 2179 3533 2249 refrigerium.

1947 2276 2095 2332 Crux
2133 2285 2297 2330 noctu
2350 2284 2534 2331 servat
2579 2276 2942 2337 dormientes,
2980 2273 3173 2342 vigilat
3230 2287 3354 2326 cum
3396 2272 3538 2340 vigi-

1948 2369 2231 2433 lantibus,
2288 2368 2602 2422 laborantes
2655 2366 2898 2434 adjuvat.
2952 2363 3098 2419 Crux
3155 2363 3535 2432 languidorum

1949 2459 2119 2522 vires,
2150 2456 2525 2511 laborantium
2556 2455 2735 2525 quies,
2767 2452 3129 2508 esurientium
3179 2452 3531 2513 alimentum,

1945 2549 2319 2620 jejunantinm
2372 2546 2561 2612 robur,
2593 2547 2837 2616 pugilum
2888 2544 3109 2613 aliptes.
3154 2541 3425 2595 nudorum
3458 2548 3541 2594 te-

1949 2651 2293 2711 gementum,
2350 2654 2536 2693 comes
2588 2637 3058 2708 peregrinorum;
3135 2648 3272 2688 crux
3333 2632 3538 2689 divites

1955 2729 2233 2785 modestos
2291 2729 2514 2801 retinet,
2576 2727 2911 2798 pauperibus
2989 2724 3292 2794 prospicit,
3345 2723 3538 2778 viduas

1951 2819 2208 2890 protegit,
2243 2818 2617 2889 orpltanorum
2652 2818 2918 2873 auxilium
2953 2824 3008 2871 et
3039 2816 3225 2870 nutrix
3259 2823 3361 2870 est.
3389 2814 3534 2870 Crux

1949 2911 2258 2981 principum
2299 2912 2495 2974 honor,
2531 2925 2716 2980 regum
2744 2909 3013 2979 potentia,
3056 2908 3181 2963 belli
3210 2909 3411 2964 ducum
3452 2908 3537 2960 vi-

1949 3004 2144 3069 ctoria,
2180 3002 2452 3058 castitatis
2500 3002 2866 3073 signaculum,
2925 2999 3165 3069 coniugii
3214 3000 3534 3063 vinculum;

1950 3109 2085 3148 crux
2126 3093 2384 3148 civitates
2433 3092 2701 3156 custodit,
2754 3090 2949 3145 domos
3007 3097 3213 3155 tuetur,
3260 3089 3536 3144 amicitias

259 3160 608 3230 διωκτήριον,
633 3160 926 3232 βαρϐάρων
947 3162 1171 3232 σκόλοψ,
1210 3167 1440 3238 εἰρήνης
1508 3168 1843 3242 βραϐευτής.

1950 3187 2319 3256 conglutinat,
2346 3185 2415 3240 ab
2448 3185 2796 3238 inimicorum
2834 3183 3037 3252 injuria
3069 3181 3332 3244 vindicat,
3360 3181 3536 3236 hosﬁ-

261 3252 504 3322 Σταυρδς
536 3252 760 3321 ἀγάπης
820 3257 1224 3326 πρυτανευτης,
1255 3257 1465 3326 κόσμου
1506 3262 1843 3333 καταλλαγὴ,

262 3343 516 3412 περάτων
530 3342 828 3414 διαγραφὴ,
847 3343 982 3413 ὕψος
997 3347 1254 3415 ούρανοῦ,
1274 3348 1379 3417 γῆς
1398 3349 1587 3418 βάθος,
1612 3352 1845 3418 κτίσεως

261 3434 562 3504 σύμπηξις,
629 3435 802 3504 μῆκος
830 3437 950 3511 ,τῆς
1011 3440 1371 3510 φαινομένης,
1430 3442 1593 3512 εὖρος
1630 3444 1732 3513 τῆς
1769 3448 1849 3500 οι-

261 3525 554 3594 κουμένης·
579 3526 676 3580 καὶ
689 3527 976 3582 συνελόντα
997 3531 1191 3594 εἰπεῖν,
1222 3532 1457 3603 σταυρὸς
1480 3534 1588 3587 τῶν
1610 3537 1846 3607 Χριστοῦ

261 3613 459 3668 παθῶν
506 3615 568 3667 τὸ
628 3612 964 3685 κεφάλαιον,
1011 3618 1121 3673 τῶν
1165 3621 1248 3685 είς
1299 3622 1444 3692 ἡμᾶς
1493 3622 1847 3698 θαυμάτωνή

264 3704 523 3775 κορωνίς.

332 3881 506 3935 Τοῦτο
552 3884 649 3937 καὶ
700 3884 828 3950 δόξα
891 3887 1134 3958 Χριστοῦ
1203 3889 1499 3953 καλεῖται,
1563 3893 1657 3947 καὶ
1714 3893 1847 3964 ὕψος

259 3973 498 4043 Χριστοῦ
547 3979 1047 4049 προσαγορεύεται.
1074 3980 1242 4034 Τοῦτο
1297 3984 1392 4037 καὶ
1420 3986 1684 4056 ποτήριον
1720 3991 1845 4041 ἐπι-

260 4065 506 4139 θυμητὸν
529 4072 750 4130 νοεῖται,
770 4071 865 4123 καὶ
898 4070 1007 4123 τῶν
1041 4073 1181 4140 ὑπὲρ
1204 4074 1361 4144 ἡμῶν
1392 4075 1637 4146 Χριστοῦ
1670 4077 1850 4150 παθη-

264 4158 458 4227 μάτων
487 4160 667 4228 συμπέ
681 4177 886 4231 ρασμα.
921 4161 1042 4216 ’Ὁτι
1057 4163 1112 4217 δὲ
1129 4164 1259 4229 δόξα
1282 4167 1524 4236 Χριστοῦ
1543 4170 1571 4221 ό
1594 4171 1845 4242 σταυρὸς,

258 4250 499 4304 ἄκουσον
530 4251 697 4305 αὐτοῦ
728 4252 1012 4322 λέγοντοςο
1056 4275 1075 4306 ι
1100 4256 1214 4310 Νῦν
1236 4257 1504 4330 ἐδοξάσθη
1533 4263 1561 4314 ό
1592 4261 1719 4324 Υἱὸς
1752 4261 1848 4314 τοῦ

259 4342 575 4411 ἀνθρώπου,
608 4345 704 4398 καὶ
725 4348 753 4398 ό
777 4346 909 4410 Θεὸς
933 4346 1193 4418 ἐδοξάσθη
1213 4352 1271 4403 ὲν
1301 4351 1476 4423 αὐτῷ,
1513 4356 1608 4408 καὶ
1640 4356 1849 4421 εὐθέως

256 4434 478 4500 δοξάσει
498 4436 677 4490 αὐτόν.
696 4456 714 4490 ι
751 4436 855 4491 Καὶ
881 4439 1069 4492 πάλιν·
1122 4459 1142 4492 ι
1171 4441 1404 4506 Δόξασόν
1430 4463 1496 4514 με
1524 4448 1612 4513 σὺ,
1643 4450 1846 4520 Πάτερ,

1949 3276 2054 3330 bus
2084 3276 2315 3342 resistit,
2363 3286 2551 3345 gentes
2601 3274 2976 3343 persequitur,
3028 3272 3394 3326 barbarorum
3436 3273 3540 3326 sti-

1951 3365 2154 3429 mulus;
2193 3363 2347 3432 pacis
2377 3362 2585 3415 arbitra
2620 3368 2726 3416 est.
2769 3362 2916 3414 Crux
2950 3361 3237 3415 cltaritatis
3267 3361 3538 3431 guberna-

1952 3454 2080 3515 trix,
2125 3453 2313 3505 mundi
2366 3450 2775 3514 reconciliatio,
2825 3449 3017 3503 [inium
3054 3450 3379 3520 descriptio,
3412 3452 3537 3504 alti-

1950 3544 2081 3597 tudo
2115 3543 2263 3607 cmli,
2297 3552 2459 3597 terra:
2502 3540 2875 3610 profunditas,
2920 3547 3191 3594 creaturae
3242 3555 3543 3610 coagmen-

1951 3635 2102 3696 tatio,
2136 3634 2286 3688 orbis
2311 3634 2623 3703 apparentis
2664 3632 2955 3702 longitudo
2986 3672 3000 3696 ,
3033 3630 3266 3685 latitudo
3300 3632 3484 3684 mundi
3518 3649 3546 3684 ε

1948 3732 2002 3777 et
2046 3733 2105 3778 ut
2154 3725 2344 3793 paucis
2385 3724 2746 3791 complectar,
2787 3738 2920 3775 crux
2963 3722 3169 3776 Christi
3211 3722 3543 3791 passionume

1950 3830 2184 3879 summa,
2227 3816 2615 3870 miraculorum
2663 3817 2823 3870 nobis
2861 3815 3135 3867 factorum
3173 3814 3420 3869 coronis.

2021 3904 2145 3959 llaec
2201 3916 2254 3959 et
2308 3907 2513 3961 Christi
2571 3906 2745 3975 gioria
2807 3908 3154 3976 appellatur,
3214 3915 3269 3960 et
3329 3905 3532 3960 Christi

1948 3998 2209 4052 exaltatio
2235 3998 2460 4052 dicitur.
2494 3997 2620 4052 llaec
2650 4007 2703 4052 et
2742 3999 2888 4052 calix
2912 3998 3300 4054 desiderabilis
3327 4000 3535 4053 intelli-

1949 4094 2114 4161 gitur,
2171 4097 2227 4144 et
2284 4090 2663 4155 cruciatunm,
2719 4105 2860 4158 quos
2909 4105 3010 4159 pro
3068 4090 3231 4145 nobis
3280 4088 3551 4151 Christus

1951 4198 2247 4253 perpessus
2285 4193 2390 4244 est,
2424 4183 2727 4237 conclusio.
2759 4180 2921 4248 Quod
2959 4195 3098 4236 vero
3118 4180 3322 4233 Christi
3352 4180 3550 4249 gloria.

1952 4275 2025 4329 sit
2050 4288 2210 4341 crux,
2235 4274 2362 4329 audi
2391 4275 2567 4342 ipsum
2594 4273 2865 4328 dicentem
2899 4293 2912 4329 :
2953 4294 2973 4326 ι
3006 4272 3163 4327 Nunc
3196 4265 3550 4329 clarificatus.

1951 4378 2036 4423 est
2069 4367 2242 4423 Filius
2274 4367 2536 4430 hominis,
2583 4375 2636 4422 et
2668 4366 2811 4423 Deus
2859 4367 3199 4423 clariﬁcatus
3238 4367 3403 4421 estin
3442 4381 3536 4427 eo,

1952 4466 2005 4511 et
2029 4458 2296 4512 continuo
2324 4457 2648 4512 clariﬁcabit
2676 4472 2800 4511 eum
2829 4458 2881 4510 ⁸.
2922 4477 2942 4510 ι
2978 4456 3042 4510 Ει
3077 4471 3271 4512 rursus
3309 4473 3322 4511 :
3351 4475 3369 4506 ι
3409 4454 3541 4509 (λιιι-ι

258 4526 483 4618 τῇδόξῃ
510 4527 576 4598 ἢν
603 4524 754 4618 εἶξον
796 4529 903 4601 πρὸ
936 4530 1031 4583 τοῦ
1080 4533 1172 4587 τὸν
1231 4535 1438 4605 κόσμον
1497 4535 1641 4591 εἶναι
1693 4543 1844 4613 παρά

1954 4550 2099 4604 rifica
2134 4566 2240 4616 me,
2275 4557 2353 4617 tu,
2402 4550 2582 4614 Pater,
2615 4551 2864 4605 claritate
2906 4565 3070 4618 quam
3128 4549 3325 4611 habui,
3374 4554 3543 4601 ante‘

262 4616 372 4670 σοί.
410 4635 430 4668 ι
459 4619 569 4671 Καὶ
619 4616 809 4683 αὖθιςο
850 4639 868 4673 ι
905 4623 1107 4689 Πάτερ,
1145 4624 1369 4691 δόξασόν
1410 4644 1503 4682 σου
1546 4630 1608 4684 τὸ
1652 4631 1845 4701 ὄνομα.

256 4706 471 4762 Ἦλθεν
532 4705 628 4762 οὖν
686 4712 838 4783 φωνὴ
873 4713 936 4764 ὲκ
969 4713 1082 4768 τῶν
1121 4718 1366 4784 ούρανῶν
1392 4712 1551 4774 ·⁶Καὶ
1588 4723 1842 4790 ἐδόξασα,

259 4802 359 4852 καὶ
391 4799 554 4853 πάλιν
598 4800 826 4868 δοξάσω.
850 4823 869 4855 ι
914 4804 1083 4870 Δόξαν
1125 4808 1360 4862 ἐνταῦθα
1412 4809 1586 4879 λέγων
1624 4813 1722 4885 τὴν
1756 4817 1848 4869 ἐπὶ

256 4890 341 4965 τῷ
371 4892 589 4964 σταυρῷ
618 4896 1053 4967 προσγινομένην
1084 4899 1202 4953 τότε
1237 4901 1347 4953 τῶν
1372 4906 1656 4974 στοιχείων
1690 4907 1846 4962 ἐναλ-

257 4984 435 5054 λαγὴν
456 4987 550 5038 καὶ
574 4987 937 5056 συμπάθειαν.
961 4990 1109 5042 Ἔδει
1136 4993 1243 5063 γάρ
1268 4993 1344 5063 τῷ
1381 4996 1588 5065 xum-ﬁ
1622 5014 1840 5067 συμπα,

259 5076 381 5128 θεῖν
432 5078 525 5130 καὶ
552 5078 621 5129 τὰ
654 5078 946 5150 κτίσματα.
992 5082 1191 5137 Ὅτιδὲ
1227 5087 1319 5139 καὶ
1370 5087 1502 5156 ὕψος
1531 5090 1773 5161 Χριστοῦ
1815 5092 1841 5144 ό

350 5257 552 5315 ⁸]υςιιι.
594 5277 707 5324 xm,
759 5262 847 5316 51.
923 5262 952 5304 ιι
986 5260 1143 5317 Joan.
1188 5281 1319 5329 xm,
1347 5265 1399 5319 5.

1956 4657 2117 4711 quam
2169 4643 2407 4696 mundus
2440 4649 2609 4705 esset,
2667 4642 2809 4711 apud
2860 4649 2912 4696 te
2971 4639 3027 4694 ιι.
3076 4660 3097 4692 ι
3165 4639 3230 4693 Ει
3283 4640 3479 4694 iterum
3515 4656 3549 4695 :-

1970 4754 1989 4786 ι
2020 4734 2200 4799 Pater,
2231 4735 2470 4789 clariﬁca
2506 4751 2703 4789 nomen
2754 4743 2932 4788 tuum.
2965 4732 3126 4788 Venit
3162 4747 3291 4803 ergo
3325 4747 3425 4783 vox
3466 4730 3554 4784 de

1956 4826 2099 4879 ratio
2136 4845 2149 4881 :
2187 4825 2253 4879 Et
2292 4826 2611 4890 clariﬁcavi,
2660 4833 2715 4880 et
2765 4825 2962 4879 iterum
3016 4824 3330 4877 clarilicato
3391 4820 3447 4883 λ.
3510 4839 3548 4876 ι.

1952 4916 2098 4969 illam
2137 4916 2471 4987 significans,
2501 4931 2621 4985 qute
2655 4925 2785 4970 tunc
2817 4917 2870 4967 in
2900 4929 3063 4969 cruce
3094 4921 3388 4967 consecuta
3416 4920 3522 4975 est,

1951 5007 2353 5060 elementorum
2392 5007 2608 5061 scilicet
2653 5005 3092 5060 immutationem
3142 5011 3197 5057 et
3243 5018 3400 5057 ctuna
3427 5002 3549 5054 isc-L

1952 5099 2242 5153 rationem.
2263 5097 2562 5168 Oportebat
2583 5098 2730 5153 enim
2760 5112 2884 5151 cum
2910 5096 3170 5152 Creatore
3228 5108 3281 5151 et
3313 5103 3547 5152 creatit-

1487 5265 1691 5323 iJoan.
1731 5285 1825 5331 xu,
1866 5269 1956 5326 23.

1588 5371 1979 5447 connerisu
2020 5391 2252 5448 NOTIE.

349 5470 665 5553 (59)_Typus
687 5482 741 5527 ει·
761 5475 1031 5553 ετεηιριᾳι·
1051 5494 1153 5530 non
1180 5482 1457 5545 scriptum.
1484 5483 1666 5545 Τύπος
1684 5485 1857 5553 ἄγρα-

267 5559 394 5617 φος.
471 5541 741 5617 Moveretn
800 5559 900 5617 ego
940 5546 1015 5609 τὸ,
1067 5556 1115 5600 et
1161 5541 1449 5617 exeniplar.
1496 5541 1677 5617 Tum;
1711 5541 1853 5607 edim

270 5615 422 5663 velut
466 5611 614 5677 regia
653 5613 866 5665 sattrtio
897 5623 998 5675 est,
1037 5631 1100 5669 ac
1142 5611 1419 5673 decretum
1464 5611 1720 5676 ιιοειιτιιίι
1751 5627 1857 5678 lim)

269 5681 675 5759 ,ιίιιιυΙιιιίυιιίξέ2
734 5683 880 5748 quod
915 5686 1128 5759 adjecta
1160 5689 1256 5759 illa
1291 5707 1387 5741 vox
1433 5696 1615 5759 potius.
1649 5694 1858 5748 videtur

268 5751 611 5831 plist'_ttrat't‘.'._
632 5750 744 5831 Hoc
782 5766 943 5831 sep-sn
977 5757 1388 5831 Atttpltilocltins
1420 5750 1623 5822 noster,
1651 5781 1770 5831 cap.
1802 5767 1852 5823 8,

268 5820 331 5879 in
360 5818 544 5875 Vitutn
576 5818 757 5872 Ilasiltt
796 5837 804 5870 ;
851 5821 1000 5875 Mati
1046 5818 1148 5896 γάρ
1183 5828 1345 5898 ἕκτην
1385 5818 1855 5905 ἠξιέρσειγκλτῖῇὲθξ

1955 5487 2137 5558 τύπος
2159 5488 2458 5558 ἐλευθερῶν
2481 5488 2642 5541 αὑτὸν
2675 5488 2927 5555 ἀγωγῶν,
2983 5487 3152 5543 Venit.
3193 5505 3309 5542 seu.
3339 5486 3540 5558 ﬁeri!“

1958 5569 2039 5610 tua
2070 5557 2139 5609 nd
2167 5575 2282 5610 eum
2316 5556 2592 5627 cistlypus.
2630 5567 2735 5611 etc.
2781 5558 2920 5610 Sunt
2970 5575 3153 5625 regum
3197 5556 3540 5628 typiiltujus‘

1958 5629 2099 5681 modi
2135 5629 2401 5698 ἔγγραφοι
2426 5643 2440 5658 ’
2474 5639 2523 5681 rt
2554 5629 2750 5682 litteris
2795 5629 2826 5682 d
2850 5630 3078 5680 ἐύιίιιιιιί
3111 5644 3125 5691 ;
3159 5627 3338 5680 ιιιυιιὶ
3371 5635 3544 5696 typus.

1958 5702 2043 5750 ttic
2095 5700 2380 5767 ἄγραφος,
2441 5707 2494 5751 et
2555 5701 2781 5754 veritate
2830 5711 3110 5757 constans.
3159 5701 3370 5767 expiata
3410 5710 3542 5754 vent

1959 5784 2115 5837 pinna
2148 5770 2440 5822 abundanti
2481 5770 2871 5833 satisfactione,
2907 5787 3009 5824 non
3032 5769 3233 5825 \et'blS-.
