4016 6130
345 213 483 280 1029

1336 211 1420 275 IN
1458 207 2054 272 EXALTATIONEM
2094 207 2157 265 S.
2198 203 2561 265 CRUCISJ.

3462 202 3608 269 1030

340 324 474 378 κούν
501 319 878 393 ἐστηλίτευσεν
929 319 1075 391 ὅφιν.
1120 320 1320 375 Οὐκέτι
1374 321 1589 376 δάκνων
1638 319 1783 390 ὄφις,
1810 318 1913 403 ,ἐφ’

2025 328 2235 368 aeneum
2273 308 2837 380 serpentem'pnblice
2878 312 3090 367 notavit
3131 311 3266 385 (49).
3309 311 3429 369 Non
3480 332 3600 368 am-

339 415 463 470 δδοῦ
498 414 735 485 πτέρναν
777 415 956 482 τηρεῖ.
1010 413 1207 466 Οὐκέτι
1240 413 1477 483 χαλκοῦς
1504 414 1647 483 ὄφις,
1697 413 1765 466 τά
1814 410 1923 464 τῶν

339 508 647 562 δακνόντων
680 505 857 574 ὄψεων
900 506 1177 560 ἀποπαύει
1206 506 1680 576 προσϐλεπόμενος
1711 506 1924 575 δήγμα-

340 617 430 652 τα.
463 597 658 653 Οὐκέτι
695 616 713 649 ι
769 598 1175 667 ἑπικατάρατος
1214 600 1322 660 πᾶς
1361 599 1390 651 ό
1430 596 1778 668 κρεμάμενος
1829 594 1924 648 ἐπὶ

343 690 525 756 ξύλου.
562 708 580 741 ι
615 687 761 751 Πῶς,
801 688 897 740 καὶ
924 689 1049 742 τίνα
1070 689 1306 759 τρόπον;
1332 689 1439 741 Τοῦ
1476 687 1770 757 εὐλογητοῦ
1797 704 1923 740 παι-

338 779 429 842 δὸς
473 768 668 849 Ἰησοῦ,
703 775 798 830 τοῦ
827 777 958 831 Υίού
984 778 1077 831 τοῦ
1106 778 1262 843 Θεοῦ,
1287 778 1386 848 τὴν
1438 781 1685 850 κατάραν
1716 781 1796 842 εἰς
1831 778 1923 831 εύ-

336 871 525 940 λογίαν
552 873 685 940 ήμῖν
714 868 1140 933 ὐπαλλάξαντος.
1167 871 1367 923 Οὐκέτι
1384 871 1693 939 κατάρατος
1721 871 1749 922 ό
1767 887 1923 923 σταυ·

340 965 455 1036 ρὸς,
500 964 599 1032 τῆς
644 962 896 1032 κατάρας
941 961 1019 1032 τῷ
1065 960 1286 1031 σταυρῷ
1328 962 1769 1032 προσπαγείσης,
1825 962 1920 1015 καὶ

336 1051 579 1125 Χριστοῦ
612 1052 712 1123 τὴν
757 1051 1004 1122 κατάραν
1039 1050 1355 1119 ὲξάραντος,
1390 1054 1485 1104 καὶ
1526 1052 1626 1122 τὴν
1668 1051 1920 1121 εὐλογίαν

337 1144 474 1213 ἡμῖν
507 1140 947 1206 άντεισάξαντος.

454 1227 577 1295 ὐτος
608 1233 637 1284 ὁ
660 1230 754 1283 τοῦ
788 1227 1026 1301 Χριστοῦ
1064 1230 1297 1301 σταυρὸς
1350 1230 1571 1285 πάντων
1607 1230 1741 1301 ⁴ἡμῖν
1768 1229 1921 1299 γέγοι

338 1338 432 1375 νεν
465 1323 803 1388 εἰσαγωγεύς
848 1317 959 1371 τῶν
990 1318 1193 1372 καλῶν.
1215 1312 1396 1382 Ὀὗτος
1427 1321 1455 1372 ό
1496 1317 1590 1371 τοῦ
1644 1317 1916 1370 Δεσπότου

339 1412 571 1483 σταυρὸς
592 1411 808 1473 πολλοῖς
824 1410 1053 1479 ὀνόμασι
1078 1409 1365 1479 κέκληται.
1384 1408 1622 1478 Σταυρὸς
1648 1407 1916 1474 καλεῖται,

339 1505 539 1566 όάϐδος
579 1501 899 1571 εὐθύτητος,
955 1499 1254 1569 βασιλείας,
1302 1500 1608 1570 δυνάμεως,
1663 1498 1920 1568 κληρονο-

340 1598 493 1667 μίας.
530 1613 549 1645 ι
620 1593 679 1646 '0
711 1592 900 1663 θρόνος
942 1608 1058 1656 σου,
1091 1593 1120 1644 ό
1168 1590 1323 1655 Θεὸς,
1359 1591 1440 1653 είς
1478 1590 1570 1643 τὸν
1619 1589 1792 1642 αίῶνα
1818 1586 1914 1641 τοῦ

334 1686 552 1749 αίῶνοςο
582 1684 778 1757 ῥάϐδος
828 1682 1146 1753 εὐθύτητος,
1184 1684 1218 1752 ἡ
1274 1680 1465 1753 ῥάϐδος
1508 1680 1610 1749 τῆς
1641 1677 1917 1750 βασιλείας

338 1795 456 1832 σου.
498 1795 517 1828 ι
547 1803 620 1817 -
666 1794 691 1843 ι,
738 1773 1061 1845 Ἐλυτρὼσω
1104 1773 1284 1845 ῥάϐδῳ
1324 1772 1691 1843 κληρονομίαν
1737 1788 1853 1825 σου.
1891 1789 1912 1822 ι

331 1888 446 1920 -ι
499 1867 724 1922 Ῥάϐδον
751 1867 1034 1936 δυνάμεως
1076 1864 1434 1930 ὲξαποστελεῖ
1469 1882 1551 1917 σοι
1602 1863 1806 1935 Κύριος
1853 1864 1918 1917 ὲκ

333 1960 496 2017 Σιών.
541 1981 561 2014 ι
595 1961 900 2030 Βακτηρία·
944 1978 962 2010 ι
998 1958 1061 2012 'H
1099 1957 1374 2028 βακτηρία
1404 1958 1550 2028 καὶὴ
1582 1956 1772 2028 ῥάϐδος
1799 1972 1914 2020 σου,

332 2050 497 2110 αὐταί
526 2071 592 2125 με
638 2053 1044 2123 παρεκάλεσαν.
1089 2070 1109 2103 ι
1148 2050 1314 2104 Ξύλον
1338 2050 1504 2121 ζωῆς·
1542 2069 1560 2102 ι
1588 2048 1742 2118 Ζωῆς
1762 2048 1917 2111 ξύλον

333 2149 455 2202 ἐστὶ
487 2149 622 2200 πᾶσι
648 2148 761 2208 τοῖς
796 2144 1180 2215 ἀντεχομένοις
1212 2142 1400 2203 αὐτοῦ,
1434 2143 1529 2195 καὶ
1559 2144 1669 2204 τοῖς
1699 2144 1917 2211 ἐπερει-

331 2239 579 2309 δομὲνοις
610 2237 697 2289 ἐπ’
726 2235 886 2289 αὐτὸν
912 2236 988 2298 ὡς
1014 2236 1105 2289 ἐπὶ
1135 2234 1338 2305 Κύριον
1372 2234 1638 2303 ἀσφαλής.
1674 2254 1691 2285 ι
1727 2232 1914 2285 Ξύλον⁸

336 2351 361 2384 ε
403 2331 514 2385 Καὶ
545 2329 699 2383 ἔσται
739 2327 815 2392 ὡς
837 2329 899 2380 τὸ
932 2327 1089 2392 ξύλον
1129 2326 1189 2380 τὸ
1227 2326 1657 2396 πεφυτευμένον.
1705 2344 1723 2375 ι
1770 2323 1914 2388 Ποῦς

328 2422 500 2477 Δαϐὶδ
524 2421 693 2489 λέγει’
747 2438 765 2471 ι
805 2420 965 2489 Παρὰ
1002 2418 1103 2478 τὰς
1150 2417 1417 2481 διεξόδους
1468 2417 1577 2469 τῶν
1625 2415 1853 2468 ὑδάτων.
1890 2433 1909 2465 ι

330 2514 513 2567 Ποίων
544 2512 753 2566 ὑδάτων
779 2528 795 2579 ;
826 2511 949 2564 Τῶν
980 2509 1354 2562 θεοπνεύστων
1389 2507 1643 2578 Γραφῶν.
1680 2506 1919 2560 ’Υποπόο

326 2604 467 2659 διον*
504 2621 523 2653 ι
569 2601 801 2671 Ὕψοῦτε
846 2600 1053 2672 Κύριον
1088 2600 1179 2653 τὸν
1217 2600 1350 2652 Θεὸν
1383 2599 1559 2670 ἡμῶν.
1609 2600 1704 2652 καὶ
1748 2615 1918 2669 προσ-

328 2695 545 2748 κυνείτε
602 2692 681 2763 τῷ
714 2692 994 2760 ὑποποδίῳ
1046 2690 1157 2744 τῶν
1217 2690 1395 2744 ποδῶν
1422 2688 1608 2754 αὐτοῦ,
1637 2690 1719 2743 ὅτι
1761 2688 1916 2757 ἅγιός

330 2787 475 2838 ἐστι.
511 2801 531 2835 ι
558 2782 759 2845 Τόπος·
799 2801 818 2834 ι
852 2780 1307 2851 Είσελευσώμεθα
1350 2783 1430 2844 είς
1471 2779 1542 2833 τὰ
1584 2782 1918 2850 σκηνώματα

326 2872 526 2936 αὐτοῦ,
545 2872 1024 2944 προσκυνήσωμεν
1055 2873 1134 2935 εἰς
1164 2873 1255 2925 τὸν
1278 2871 1463 2934 τόπον,
1493 2865 1556 2925 οὐ
1601 2870 1838 2941 ἔστησαν
1866 2871 1914 2924 (ί

2027 407 2176 477 plius
2206 420 2435 473 serpens
2471 404 2758 469 mordens,
2798 404 2849 457 in
2895 407 2979 459 via
3029 406 3351 461 calcaneum
3406 407 3602 462 obser-

2025 509 2118 553 vat
2149 499 2357 569 l1‘;uon
2393 496 2631 566 amplius
2681 510 2866 549 aeneus
2909 511 3138 565 serpens
3170 513 3195 540 ο
3232 497 3599 552 mordentium

2025 591 2367 660 serpentium
2413 589 2691 643 morsibus
2748 598 2970 655 astiectn
3006 593 3287 656 medetur;
3333 607 3439 646 non
3484 606 3603 645 am-

2024 685 2171 756 plius
2235 703 2255 736 ι
2296 684 2619 738 Maledictus
2655 683 2838 736 omnis
2866 684 2959 751 qtti
2994 683 3195 751 pendet
3248 685 3302 737 in
3338 684 3488 754 ligno
3512 694 3595 737 ι’.»

2024 775 2312 843 Quomodo
2360 783 2416 829 et
2463 790 2567 844 qua
2597 775 2844 829 ratione?
2888 774 3185 829 Benedicto
3231 791 3401 847 puero
3445 775 3601 843 Jesu,

2024 865 2118 919 Dei
2153 862 2296 918 Filio
2320 903 2335 926 ,
2370 863 2814 918 maledictionem
2850 864 2903 918 in
2952 865 3393 922 benedictionem
3447 882 3603 923 com-

2022 964 2295 1010 mutante.
2317 953 2438 1009 Non
2468 956 2708 1025 amplius
2746 959 3089 1012 exsecranda
3123 973 3282 1025 crux,
3328 974 3453 1013 eum
3486 975 3604 1017 ma-

2022 1047 2280 1102 ledictum
2347 1049 2500 1102 cruci
2566 1047 2785 1102 aﬂixnm
2850 1058 2905 1103 et
2961 1065 2991 1103 a
3051 1050 3277 1106 Christo
3318 1053 3601 1108 sublatum

2022 1139 2209 1203 fuerit,
2246 1139 2545 1193 substituta
2582 1139 2635 1193 in
2665 1139 2785 1208 ejus
2813 1141 2991 1196 locum
3023 1143 3426 1198 benedictione.

2089 1228 2217 1284 Haec
2266 1245 2401 1283 crux
2428 1231 2676 1284 omnium
2702 1232 2867 1285 nobis
2906 1233 3175 1287 honorum
3206 1235 3514 1304 auspicatio
3547 1245 3601 1292 et

2019 1319 2589 1393 insinuatio(50)l'uit.
2617 1320 2742 1376 Haec
2772 1339 2909 1377 crux
2966 1324 3180 1378 Domini
3207 1327 3394 1381 multis
3421 1328 3605 1398 appel-

2020 1413 2134 1468 lata
2167 1423 2250 1467 est
2276 1414 2780 1470 nominibus.Crux
2810 1415 3036 1477 dicitur.
3062 1416 3214 1486 virga
3259 1417 3600 1483 directionis,

2018 1506 2198 1575 regni,
2235 1507 2478 1572 virtutis,
2498 1508 2892 1562 hatreditatisa
2920 1509 3176 1564 Thronus
3204 1520 3354 1572 tuus,
3386 1511 3530 1567 Deus
3546 1521 3598 1574 ς,

2020 1596 2076 1651 ἰιι
2104 1601 2364 1653 steculum
2402 1600 2592 1655 saeculi
2623 1619 2637 1655 :
2672 1602 2822 1670 virga
2854 1602 3200 1666 directionis,
3257 1605 3408 1673 virga
3443 1605 3601 1674 regni
3658 1612 3677 1622 “

2023 1689 2099 1742 ιιιὶ
2136 1696 2182 1743 ³.
2210 1718 2281 1728 -
2320 1688 2621 1745 Redemisti
2655 1691 2805 1760 virga
2839 1692 3219 1747 btereditatem
3270 1703 3415 1748 tuam
3465 1695 3599 1768 (51).

2016 1811 2087 1822 —
2113 1779 2337 1852 Virgam
2366 1782 2595 1837 virtutis
2644 1793 2755 1837 tua:
2788 1783 3005 1839 emittet
3037 1785 3137 1840 tibi
3206 1785 3476 1842 Dominus
3532 1805 3601 1843 ex

2022 1872 2152 1927 Sion
2196 1882 2242 1928 ⁸.
2283 1892 2302 1924 ι
2361 1871 2596 1929 Baculus
2632 1889 2646 1926 :
2685 1893 2703 1925 ι
2741 1872 2905 1946 Virga
2957 1884 3072 1942 tua,
3105 1884 3158 1932 et
3192 1877 3421 1934 baculus
3449 1886 3600 1945 tuus,

2020 1958 2137 2029 ipsa
2166 1974 2250 2013 me
2270 1962 2556 2015 consolata
2585 1971 2712 2014 sunt
2739 1961 2777 2012 ι.
2811 1980 2829 2012 ι
2870 1960 3100 2031 Lignum
3126 1965 3252 2017 vitae
3283 1980 3296 2016 :
3323 1983 3340 2014 ι
3371 1962 3598 2034 Lignum

2017 2053 2144 2106 vita!
2173 2062 2260 2107 est
2292 2052 2551 2107 omnibus
2596 2052 2689 2121 qui
2724 2053 3169 2121 complectuntur
3205 2069 3360 2120 eam,
3422 2064 3477 2110 et
3534 2057 3600 2112 iis

2019 2144 2114 2212 qui
2173 2143 2502 2197 incumbunt
2558 2143 2612 2197 in
2670 2160 2791 2199 eam
2829 2144 2941 2215 (52)
2988 2146 3132 2200 sicut
3178 2146 3229 2199 in
3277 2143 3598 2215 Dominum,

2018 2251 2214 2290 secura
2246 2245 2301 2291 τι.
2350 2255 2369 2288 ι
2407 2234 2687 2305 Lignnm:
2732 2256 2751 2289 ι
2798 2236 2863 2290 Ει
2894 2238 2999 2293 erit
3042 2246 3306 2309 tanquam
3367 2240 3598 2310 lignum,

2017 2330 2163 2397 quod
2192 2330 2497 2398 plantatum
2529 2338 2615 2383 est
2646 2338 2696 2384 ν.
2739 2347 2758 2380 ι
2792 2326 3022 2384 Ubinam
3056 2330 3403 2400 plantatum?
3434 2328 3599 2388 David

2018 2418 2251 2475 edocet:
2314 2440 2332 2471 ι
2367 2419 2539 2475 Seeus
2596 2419 2871 2476 decursus
2929 2430 3305 2491 aquarnm'.»
3340 2422 3597 2489 Qualiutn

2019 2512 2329 2581 aquarum?
2390 2512 2434 2565 A
2504 2512 2615 2567 Deo
2689 2513 3088 2582 inspiralarum
3159 2513 3593 2585 Scripturarum.

2021 2602 2329 2658 Scabellum
2364 2617 2380 2657 :
2421 2622 2440 2654 ι
2482 2602 2727 2657 Exaltate
2762 2603 3053 2658 Dominum
3106 2603 3272 2660 Deum
3319 2617 3594 2673 nostrum,

2018 2704 2072 2750 et
2105 2695 2330 2749 adorato
2368 2694 2670 2748 scabellum
2691 2696 2887 2764 pedum
2913 2695 3059 2764 ejus,
3084 2698 3347 2766 quoniam
3372 2708 3596 2757 sanctus

2019 2793 2104 2840 est
2139 2786 2326 2855 H53).
2365 2805 2384 2837 ι
2443 2783 2621 2840 Locus
2666 2806 2680 2838 :
2738 2805 2756 2836 ι
2794 2784 3067 2841 lntremus
3134 2787 3188 2840 in
3243 2791 3595 2845 tabernacula

2019 2875 2161 2945 ejus,
2194 2876 2490 2931 adoremus
2524 2877 2577 2930 in
2614 2877 2738 2930 loco
2762 2914 2777 2940 ,
2818 2876 2911 2930 ubi
2948 2884 3218 2931 steterunt
3253 2879 3422 2948 pedes
3451 2880 3593 2950 ejus.

326 2965 493 3027 πόδες
526 2964 714 3018 αὐτοῦ.
752 2964 817 3017 Ei
850 2963 1010 3016 δώσω
1054 2961 1226 3016 ὕπνον
1277 2965 1387 3027 τοῖς
1437 2962 1739 3033 ὀφθαλμοῖς
1789 2979 1912 3031 μου,

2019 2967 2073 3021 Si
2108 2966 2314 3022 dedero
2352 2982 2605 3022 somnum
2653 2968 2830 3022 oculis
2862 2968 3020 3035 meis,
3055 2978 3109 3022 et
3146 2969 3428 3039 palpebris
3458 2972 3595 3027 meis

326 3058 563 3122 καὶτοῖς
593 3058 890 3129 βλεφάροις
930 3075 1029 3129 μου
1058 3058 1388 3127 νυσταγμόν·
1424 3058 1528 3120 ἕως
1559 3052 1620 3111 οὐ
1654 3056 1802 3126 εὐρω
1820 3055 1913 3109 τό·

331 3168 440 3203 πον
476 3150 556 3219 τῷ
585 3151 802 3221 Κυρίῳ,
836 3151 1102 3220 σκήνωμα
1142 3150 1222 3220 τῷ
1253 3149 1373 3219 Θεῷ
1405 3147 1617 3202 Ἰακώϐ.
1662 3166 1681 3199 ι
1711 3148 1911 3201 Τοῦτον

329 3239 707 3307 αἰνιττόμενος
760 3238 852 3291 τὸν
897 3240 1155 3309 σταυρὸν,
1210 3238 1405 3291 Ἰακὼϐ
1463 3241 1493 3292 ό
1539 3240 1909 3311 πατριάρχης,

332 3330 567 3397 ἐναλλάξ
623 3348 752 3383 ποτε
806 3331 904 3395 τὰς
952 3333 1141 3400 χεῖρας
1193 3333 1304 3394 τοῖς
1365 3331 1613 3399 ἐγγόνοις
1671 3330 1911 3393 ὑποθεὶς,

334 3420 683 3490 συμϐολικῶς
721 3424 1090 3492 προεμήνυσε.
1124 3420 1323 3473 Τοῦτον
1345 3423 1373 3474 ό
1409 3421 1571 3483 αὐτὸς
1603 3418 1914 3491 προτ-υπού-

336 3530 521 3583 μενος,
560 3531 580 3563 ι
626 3513 717 3565 ἐπὶ
740 3513 800 3565 τὸ
829 3513 997 3582 ἄκρον
1037 3514 1137 3583 τῆς
1169 3513 1368 3586 ῥάϐδου
1398 3513 1476 3583 τῷ
1516 3512 1712 3582 Ἰωσὴφ
1745 3529 1913 3581 προσ-

330 3604 594 3674 εκύνησε.
624 3623 644 3657 ι
680 3603 924 3674 Σταυροῦ
949 3604 1119 3656 τύπον
1138 3606 1355 3675 ἐπεῖχεν
1381 3606 1414 3676 ὴ
1449 3604 1644 3674 ῥάϐδος
1684 3602 1776 3657 τοῦ
1812 3604 1912 3657 αὐ-

392 3754 446 3789 ¹¹⁹
471 3756 607 3811 Gen.
635 3771 781 3820 ms,
842 3757 931 3812 Π.
1008 3764 1033 3793 ⁸
1059 3756 1221 3812 Num.
1252 3774 1365 3813 nt.
1389 3758 1441 3813 8.
1518 3768 1546 3807 Ρ
1570 3757 1725 3812 Dent.
1759 3774 1875 3823 xxi,
1908 3762 1913 3810 ‘.

417 3826 565 3880 Psal.
612 3843 744 3885 xxii.
784 3827 840 3880 4.
944 3835 969 3864 ι
1013 3825 1173 3880 Prov.
1229 3843 1310 3885 ιιι.
1353 3829 1406 3882 8.
1482 3828 1683 3885 'Psal.
1720 3844 1758 3885 ι.
1793 3831 1849 3884 ὅ.

2079 3771 2105 3811 ει
2134 3759 2279 3815 Psal.
2319 3777 2464 3824 πων,
2498 3760 2550 3814 7.

2022 3830 2158 3885 ibid.
2271 3829 2462 3885 IPsai.
2494 3843 2550 3885 xc

2022 3847 2158 3884 ιοιιι.

341 3825 364 3863 ί
417 3826 565 3880 Psal.
612 3843 744 3887 xxii,
784 3827 840 3880 4.
944 3835 969 3864 ι
1013 3825 1173 3880 Prov.
1229 3843 1310 3886 ιιι.
1353 3829 1406 3882 8.
1482 3828 1683 3885 'Psal.
1720 3844 1758 3893 ι,
1793 3831 1849 3884 ὅ.

332 3907 364 3936 ⁸
411 3896 546 3951 Gen.
602 3911 790 3959 ιινιιι,
820 3897 907 3952 Η.
986 3897 1012 3936 δ
1046 3897 1179 3951 ibid.
1222 3896 1308 3950 15.

2019 3059 2504 3126 dormitationem;
2562 3059 2743 3114 donec
2791 3060 3069 3115 inveniam
3126 3060 3306 3116 locum
3355 3060 3592 3128 Domini.

2019 3150 2434 3202 tabernaculum
2488 3151 2599 3203 Deo
2640 3149 2812 3204 Jacob
2842 3159 2886 3203 ι.
2954 3169 2973 3203 ι
3022 3149 3177 3205 lianc
3229 3166 3449 3207 crucem
3497 3168 3594 3223 pa-

2021 3226 2261 3293 triarcha
2285 3240 2455 3295 Jacob
2487 3253 2535 3305 ε,
2571 3257 2695 3295 eum
2726 3250 3066 3311 permutatas
3091 3243 3220 3298 olim
3250 3259 3446 3299 manus
3497 3260 3597 3301 ne-

2021 3333 2244 3400 poribus
2277 3333 2609 3402 imponeret.
2649 3334 2948 3403 symbolice
2982 3335 3444 3404 praesigniﬁcavit.
3477 3334 3590 3390 liu-

2015 3424 2108 3493 jus
2170 3424 2310 3478 idem
2368 3424 2594 3493 ﬁguram
2648 3424 2989 3494 exprimens,
3055 3443 3073 3476 ι
3121 3428 3369 3481 adoravit
3424 3444 3591 3497 super

2020 3515 2390 3569 summitatem
2419 3515 2585 3585 virgae
2617 3500 2671 3577 ιι,
2706 3532 2724 3565 ι
2752 3513 2980 3584 Josepb.
3028 3513 3225 3570 Crucis
3276 3524 3439 3587 typus
3488 3517 3593 3571 fuit

2019 3606 2268 3677 ejusdem
2313 3606 2643 3677 patriarcha:
2687 3603 2861 3660 Jacob
2920 3606 3096 3675 virga,
3153 3620 3279 3660 cum
3311 3607 3593 3662 .transivit

2634 3773 2657 3801 ι
2680 3755 2826 3816 Psal.
2853 3776 2953 3821 vn,
2980 3760 3033 3815 5.
3130 3769 3152 3797 ⁸
3186 3758 3333 3814 Psal.
3392 3773 3501 3822 σιτ,
3534 3759 3589 3813 1.

2271 3829 2462 3886 yPsai.
2494 3843 2682 3895 xcvm,
2717 3831 2772 3885 5.
2890 3840 2910 3869 ⁸
2938 3829 3092 3887 Psal.
3117 3844 3307 3902 exul,
3344 3828 3400 3898 ι,
3446 3829 3502 3897 5,
3534 3827 3592 3886 7.

1639 4053 2031 4111 COMBEFISII
2063 4049 2301 4109 NOTAE.

411 4164 531 4238 (l9),
550 4164 764 4219 Publice
791 4166 1018 4221 notavit.
1062 4166 1492 4238 Ἐστηλίτευσεν.
1527 4167 1602 4223 Ita
1625 4182 1689 4224 ex
1722 4167 1906 4223 Grets.

332 4237 684 4300 retinuitnus,
719 4251 1030 4304 quanquam
1056 4237 1351 4294 obscurius
1386 4247 1489 4302 est,
1516 4254 1615 4294 nec
1644 4240 1779 4292 satis
1811 4255 1907 4293 ex-

2013 4165 2486 4289 ἓέἓιὲεξῖῖῇυπτρον
2529 4158 2861 4232 κληρουχίας
2908 4174 3039 4212 σου·
3090 4158 3369 4228 εσῳινυιη
3422 4160 3594 4216 litare-

332 4306 539 4385 primat
566 4298 696 4374 quid
728 4298 817 4385 hic
846 4298 1102 4385 :Kndreas
1129 4306 1219 4359 illa
1246 4323 1382 4385 voce
1403 4298 1550 4364 velit.
1584 4308 1905 4385 l_pse_auter_n
1943 4326 1992 4385 ο
2026 4304 2201 4385 Λ-(5Ξ)
2235 4302 2301 4355 Et
2327 4303 2392 4355 iis
2426 4301 2523 4385 qui
2572 4299 2968 4385 incumbunthin
3002 4315 3139 4385 tam,
3169 4306 3278 4385 etc.
3333 4298 3409 4385 [ta
3438 4299 3595 4383 Syxt.

331 4375 610 4447 Andreas,
662 4384 802 4447 orat.
844 4375 900 4433 2.
943 4376 1088 4447 clare
1138 4377 1397 4445 explicat,
1456 4388 1514 4432 ut
1564 4375 1645 4442 τὸ,
1695 4378 1913 4447 ὲστηλί-

329 4460 496 4496 τευσε
516 4446 586 4496 sit
611 4483 625 4505 ,
660 4445 836 4514 palam
860 4445 1103 4515 traduxit
1126 4456 1180 4515 et
1210 4448 1577 4515 ignominioso
1609 4445 1834 4512 habnit,’
1860 4457 1918 4501 ut

332 4521 547 4584 typum,
583 4512 691 4568 non
735 4515 909 4587 ipsius
936 4512 1172 4587 gliristi,
1211 4512 1324 4587 sed-
1359 4519 1468 4587 typi
1497 4518 1827 4587 antitypum,
1863 4524 1918 4571 et

333 4583 526 4654 typum
568 4586 772 4652 peccati
810 4598 910 4638 sua
935 4583 1026 4637 illa
1054 4585 1344 4654 rubigine;
1374 4583 1535 4654 quem
1567 4583 1792 4655 proinde
1816 4601 1915 4640 sua

339 4655 987 4726 in‘crncegelevatione,
1031 4662 1085 4707 et
1142 4656 1332 4726 erucis
1385 4658 1739 4723 exaltatione,
1798 4657 1916 4726 ipse

332 4722 676 4796 subtuovet'it
704 4741 717 4796 ι
748 4739 871 4796 qua;
899 4739 1032 4777 sane
1055 4725 1341 4793 explicatio
1370 4726 1668 4796 singularis
1690 4722 1743 4779 et
1775 4722 1913 4779 nova

329 4792 510 4865 videri
576 4795 782 4861 possit;
845 4795 1004 4865 juxta
1044 4792 1163 4846 eam
1216 4810 1349 4848 vero
1388 4792 1532 4850 recte
1563 4796 1910 4865 intelligitur,

329 4862 583 4917 Ezechiae
638 4865 783 4930 regis
831 4865 884 4917 itt
945 4864 1065 4931 ejus
1119 4865 1498 4920 contractione
1543 4862 1912 4932 religio,.non

332 4939 549 5001 tantum
576 4941 633 4985 ut
661 4934 896 4988 honores
927 4942 1139 5001 quosut
1173 4932 1282 4987 Deo
1304 4943 1358 4989 et
1388 4935 1538 4989 idolo
1562 4933 1731 4988 Judaei
1757 4934 1913 4988 aditi-

333 5000 907 5074 bebanl,amolirctur
927 5000 953 5067 ;’
971 5017 1156 5056 verum
1182 5004 1369 5066 etiam,
1408 5015 1464 5058 ut
1488 5020 1628 5074 quos
1651 5014 1909 5072 tanquam

330 5070 536 5142 divina:
565 5072 811 5142 imagini,
835 5074 984 5127 velut
1013 5074 1176 5126 etiam
1202 5083 1408 5127 arcazet
1429 5070 1588 5139 aliis;
1615 5074 1660 5128 si
1690 5070 1909 5142 quidem

328 5141 402 5193 ad
442 5143 556 5213 hoc
610 5156 655 5213 pa
705 5141 837 5205 Deo,
888 5158 1052 5211 penes
1098 5159 1259 5212 quem
1294 5144 1387 5213 jus
1410 5154 1529 5199 erat
1559 5141 1910 5208 instituendi,

328 5211 581 5281 positivai
609 5211 745 5281 lege,
782 5214 1069 5267 institutus
1093 5211 1234 5266 erat.

403 5280 517 5351 (50)
550 5280 800 5352 omnium
848 5285 995 5336 nobis
1039 5285 1297 5337 bonorum
1352 5284 1650 5352 auspicatio
1686 5291 1736 5336 et
1774 5284 1909 5337 insi-

328 5350 543 5405 nuntio.
585 5350 951 5421 Εἰσαγωγεύς.
979 5352 1136 5407 Velut
1157 5354 1280 5410 fons
1296 5350 1540 5408 omnium
1569 5354 1906 5409 benedictio-

329 5435 485 5495 num,
541 5429 595 5495 et
642 5421 988 5495 int_roductio_
1034 5424 1204 5495 totius
1236 5424 1387 5495 boni.
1433 5424 1614 5480 Minus
1652 5424 1909 5495 exprimit

327 5488 803 5549 Grets.0mntbus
837 5509 930 5546 nos
971 5492 1119 5547 bonis
1159 5494 1476 5549 cumulavit.

400 5560 484 5626 (51
500 5565 522 5633 )_
539 5546 824 5633 Redemisti
841 5546 985 5633 virga
1006 5546 1574 5633 hareditatemvt’n’am.
1599 5562 1690 5617 Sic
1736 5564 1901 5617 etiam

340 5627 613 5685 Tlteodor.
647 5630 772 5686 aliis
802 5627 1123 5702 legentibus,
1170 5632 1378 5704 Virgam
1405 5634 1731 5688 lta'rcditatis
1758 5643 1902 5688 tua‘:

2020 4368 2239 4430 Clarius
2270 4387 2400 4427 vero
2438 4368 2586 4437 ἐριιὶ
2630 4370 2715 4423 illi
2778 4371 3100 4434 innituntur,
3142 4371 3278 4424 sicut
3325 4368 3596 4424 Domino:

2022 4458 2239 4512 nempe,
2292 4442 2605 4512 Sapientiat,
2641 4441 2709 4495 de
2762 4453 2877 4512 qua_
2904 4440 2977 4494 ibi
3021 4450 3078 4494 ut
3119 4456 3241 4509 quae
3268 4442 3386 4510 ipsa
3422 4441 3601 4494 subsi-

2019 4508 2193 4574 stens.
2226 4512 2297 4566 sit
2348 4508 2464 4580 ipse
2519 4511 2804 4565 Dominus.
2848 4508 2943 4564 Pie
2986 4525 3113 4565 vero
3142 4508 3443 4580 detorquet
3481 4512 3597 4580 An-

2017 4584 2181 4639 dreas
2235 4582 2302 4635 ad
2341 4579 2586 4639 crucem.
2628 4583 2716 4635 cui
2761 4589 2817 4632 et
2875 4580 2976 4648 ipsi
3008 4580 3193 4644 inniti,
3235 4581 3307 4634 sit
3342 4579 3595 4637 Domino.

2017 4668 2129 4707 non
2173 4654 2319 4722 ligno
2373 4650 2668 4711 materiali,
2723 4650 2906 4722 inniti.
2968 4650 3318 4722 Ahsitenim,
3354 4658 3413 4722 ut
3448 4650 3597 4704 velut

2018 4723 2122 4792 ipsi
2164 4719 2397 4776 seorsim
2416 4722 2729 4791 cruci,qn:e
2756 4736 2842 4775 res
2874 4720 3131 4792 inanimis
3153 4721 3243 4792 sit,
3268 4719 3594 4792 innitamur,

2016 4789 2279 4862 spemque
2309 4792 2363 4845 in
2388 4806 2448 4862 ea
2466 4789 2767 4862 ponamus.
2802 4789 3265 4862 quanadmodum
3297 4791 3426 4862 olim
3460 4804 3594 4862 εφη-

2018 4859 2139 4917 tiles
2169 4859 2224 4916 in
2250 4862 2370 4916 suis
2426 4860 2624 4925 idolis;
2676 4862 2771 4914 sed
2812 4860 3104 4914 innitimur
3154 4861 3209 4913 in
3240 4873 3327 4923 ea,
3364 4859 3599 4913 Domino

2012 4930 2166 4995 Jesu,
2200 4946 2361 5001 quem
2395 4931 2477 4984 vel
2508 4939 2566 4984 ut
2593 4932 2774 4999 imago
2805 4930 2961 4983 nobis
2983 4929 3260 5001 ethibeat,
3294 4932 3377 5001 vel
3416 4936 3476 4982 ut
3503 4944 3594 4983 sa-

1984 5018 2167 5055 ,crutn
2209 4999 2416 5070 quidet
2467 5001 2715 5069 quaedam
2756 5001 2877 5068 ejus
2919 4999 3187 5069 reliquiae,
3236 4999 3598 5067 conjunctunt

2012 5069 2293 5126 moraliter
2343 5069 2563 5133 habeat,
2606 5072 2902 5125 Gretserus
2942 5078 3245 5123 truncatum
3294 5070 3597 5123 auctorita-

2013 5150 2115 5195 tem
2153 5158 2261 5197 non
2306 5140 2491 5209 potuit
2516 5141 2654 5194 bene
2690 5140 2944 5194 reddere.

2040 5215 2047 5222 ’
2082 5212 2195 5280 (53)
2226 5205 2500 5280 Quoniam
2556 5219 2774 5264 sanctus
2825 5220 2923 5265 est.
2954 5209 3076 5264 Ὀτι
3124 5208 3278 5278 ἅγιός
3309 5209 3460 5280 ἐστι.
3505 5205 3599 5260 Sic

2011 5279 2185 5335 etiam
2204 5280 2363 5351 Syst.
2395 5288 2451 5337 et
2490 5279 2857 5351 Hieronymus
2906 5294 3048 5334 :nec
3086 5279 3600 5351 debititrfacile‘mu-

2011 5354 2136 5414 tari,
2170 5345 2430 5405 reddente
2479 5345 2765 5412 Gretsero,
2817 5358 2876 5404 ut
2918 5352 3122 5404 habent
3184 5348 3419 5404 Latina:
3452 5345 3599 5415 Quo-

2008 5422 2156 5474 niam
2206 5429 2451 5474 snnctum
2494 5430 2596 5474 est.
2641 5418 2799 5473 llunc
2845 5418 3124 5476 delectum
3187 5426 3454 5473 notarunt
3490 5417 3598 5471 viri

2009 5492 2168 5544 amici
2202 5490 2483 5557 doctique,
2519 5491 2576 5543 in
2620 5490 2835 5544 novella
2867 5492 3029 5544 unius
3064 5487 3292 5543 Patrum
3329 5488 3595 5551 editione,

2007 5561 2170 5632 cujus
2200 5572 2502 5627 auctorem,
2544 5562 2866 5617 reverentia:
2895 5573 3087 5627 causa,
3128 5574 3239 5618 non
3272 5559 3532 5615 nomino.
