4016 6130
247 1219 257 1233 ι

248 1250 274 1314 '5

265 1318 278 1346 1

241 1353 278 1400 ιε

321 331 457 396 1033

387 444 548 513 Μέγα
587 441 804 512 ἀληθῶς
835 443 864 494 6
893 446 1147 514 σταυρὸς,
1194 442 1291 496 καὶ
1334 444 1602 514 πολλαχοῦ
1630 445 1726 514 τῆς
1756 444 1893 513 Γρα-
1922 444 1969 498 Α

315 535 425 606 φῆς
465 532 974 605 μαρτυρούμενοςῆ
1019 534 1492 606 προτυπούμενος,
1533 536 1626 588 καὶ
1680 534 1787 588 τῶν
1825 535 1894 586 δι’

312 628 483 682 αὐτοῦ
538 628 871 698 τελουμένων
909 629 1179 700 ὁσημέραι
1221 630 1516 699 Θαυμάτων
1557 627 1891 699 προδιαγρά-

311 738 433 790 φων
454 721 521 774 τὰ
552 720 949 790 ὑποδείγματα.
998 722 1364 792 Προσκυνεῖτε
1398 720 1491 774 τὸν
1523 720 1776 792 σταυρὸν,
1809 720 1892 772 ὃτι

310 813 376 865 δι’
397 811 563 866 αὐτοῦ
593 813 684 864 τὸν
721 812 925 883 Κύριον
953 813 1220 884 ἔγνωμεν,
1254 813 1639 885 Προσκυνητὸς
1669 815 1698 865 6
1732 829 1893 865 σταυ-

311 903 423 973 ρὸς,
471 903 554 955 ὅτι
613 905 671 956 ὲν
717 903 865 972 αὐτῷ
922 903 1013 956 τὸν
1074 903 1476 975 σταυρούμενον
1537 902 1892 971 εὐλογοῦμεν.

307 994 690 1064 Προσκυνητὸς
734 996 762 1046 6
804 995 1055 1064 σταυρὸς,
1087 996 1168 1048 ὅτι
1207 997 1276 1047 δι’
1315 995 1482 1048 αὐτοῦ
1511 995 1608 1068 τὴν
1638 996 1889 1064 εὐλογίαν

306 1083 592 1152 ἐλάϐομεν,
629 1083 725 1136 καὶ
760 1084 862 1152 τῆς
891 1083 1137 1154 κατάρας
1167 1085 1613 1156 ἠλευθερώμεοα.
1641 1085 1890 1154 Προσκυ-

308 1175 466 1243 νητὸς
498 1175 525 1226 6
560 1174 814 1244 σταυρὸς,
843 1175 924 1228 ὅτι
956 1175 1024 1226 δι’
1051 1173 1216 1228 αὐτοῦ
1247 1176 1346 1246 τὴν
1372 1177 1576 1245 πικράν
1601 1175 1695 1228 τοῦ
1725 1175 1886 1240 ξύλου

306 1263 409 1333 τῆς
455 1264 740 1335 παρακοῆς
782 1265 1141 1336 ἐξεμέσαντες
1171 1267 1382 1334 γεῦσιν,
1428 1267 1522 1320 τοῦ
1568 1266 1885 1338 γλυκασμοῦ

305 1355 407 1425 τῆς
442 1357 716 1426 σωτηρίας
755 1357 1084 1428 γεγεύμεοα.
1118 1359 1428 1430 Πύλόγηται
1481 1359 1542 1412 τὸ
1593 1359 1768 1424 ξύλον,
1817 1359 1886 1410 δι’

305 1440 476 1518 οὗπερ
499 1447 781 1517 ηὐλογήϐη
814 1449 881 1500 τὰ
925 1449 1078 1520 ἕΘνη.
1109 1451 1422 1520 Ηύλόγηται
1455 1450 1513 1503 τὸ
1549 1450 1725 1516 ξύλον,
1757 1452 1816 1504 ὲν

219 1537 250 1587 ἰ
304 1539 440 1602 Θεὸς
458 1540 786 1608 σωματικῶς
811 1540 1072 1624 ἐξετάοηπ
1095 1543 1205 1594 Καὶ
1231 1543 1281 1594 τί
1303 1542 1494 1595 τούτου
1523 1543 1884 1614 παραδοξότε-

307 1649 433 1702 ρον,
481 1631 614 1685 Θεὸν
671 1633 1074 1702 σταυρούμενον
1107 1633 1346 1703 βλέπειν,
1398 1637 1492 1688 καὶ
1543 1635 1702 1688 τοῦτο
1744 1635 1884 1705 μετὰ

303 1719 540 1790 λῃστά;;
574 1719 882 1790 Ηύλόγηται
912 1723 972 1774 τὸ
1015 1721 1191 1788 ξύλον,
1223 1723 1288 1776 δι’
1318 1719 1379 1778 οὗ
1415 1723 1618 1796 λῃστὴς
1649 1725 1740 1778 τὸν
1773 1742 1882 1779 πα-

1305 329 1387 388 IN
1419 325 2012 389 EXALTATIONEM
2054 327 2112 386 S.
2150 327 2446 390 CRUCIS.
2489 331 2538 389 I.

3409 339 3575 405 »ιοτξι

2063 442 2256 514 Magna
2284 446 2530 514 profecto
2563 461 2650 501 res
2687 462 2820 502 crux
2848 429 2960 514 est,
2995 458 3072 505 tat
3093 450 3406 522 Scriptum
3433 457 3572 512 locis

2000 542 2198 590 testata
2239 544 2293 590 et
2317 538 2685 607 praeﬁgurata,
2709 547 2764 595 et
2787 555 2850 594 ea
2879 556 3002 610 quae
3034 543 3236 598 virtute
3263 545 3413 602 illius
3432 563 3572 617 quo-

1997 625 2130 680 tidie
2161 635 2447 696 patrantur
2479 630 2764 693 miracula,
2801 633 2957 702 prius
2976 633 3316 700 describere,
3347 645 3401 691 et
3428 653 3566 706 prte-

1995 715 2278 772 deliucare
2311 727 2599 774 consueta.
2625 721 2864 776 Adorate
2887 738 3130 790 crucem,
3162 727 3295 794 quia
3334 743 3430 796 per
3450 743 3571 783 eam

1995 807 2288 862 Dominum
2341 813 2720 881 cognovimus.
2775 813 3064 869 Adorantla
3113 834 3286 882 crux,
3337 823 3463 889 quia
3515 825 3572 877 in

1995 899 2112 968 ipsa
2143 901 2465 956 crucifixum
2503 905 2902 961 bent-dicimus.
2940 909 3235 964 Adoranda
3259 926 3573 980 crux,quo—

1993 992 2140 1044 niam
2177 1008 2275 1060 per
2323 993 2494 1061 ipsam
2545 996 2988 1053 benedictionem
3043 1002 3379 1070 accepimus,
3428 1015 3480 1056 et
3539 1020 3570 1055 ιι

1993 1083 2290 1138 maledicto
2311 1085 2524 1140 liberati
2555 1102 2764 1144 sumus.
2792 1091 3083 1144 Adoranda
3114 1108 3270 1156 crux,
3305 1097 3565 1162 quoniam

1991 1189 2089 1243 per
2121 1175 2323 1244 ipsam,
2373 1193 2500 1230 eum
2545 1194 2788 1232 amarum
2842 1182 2974 1250 ligni
3026 1184 3566 1238 iﬂOthiit‘IlliIBCVO-

1990 1264 2327 1319 muissemus
2359 1266 2568 1330 cibum,
2615 1272 2942 1324 suavitatem
2997 1273 3192 1327 salutis
3243 1275 3564 1343 degustavi-

1988 1370 2134 1409 mus.
2176 1354 2532 1411 Benedictum
2571 1359 2816 1428 lignum,
2867 1379 2962 1431 per
2995 1365 3137 1433 quod
3181 1376 3368 1433 gentes
3403 1367 3566 1420 bene-

1987 1448 2150 1502 dictae
2210 1457 2356 1503 sunt.
2425 1450 2776 1506 Benedictum:
2839 1456 3082 1524 lignum,
3145 1457 3197 1510 in
3256 1473 3369 1528 quo
3424 1458 3565 1514 Deus

1986 1553 2219 1608 corpore
2258 1550 2520 1598 extensus
2559 1557 2659 1598 est.
2703 1545 2843 1612 Quid
2893 1559 3074 1603 autem
3123 1551 3225 1606 hoc
3260 1551 3562 1624 admirabi-

1985 1627 2136 1684 lius?
2179 1629 2420 1686 Cernere.
2453 1635 2620 1688 Deum
2666 1637 2721 1690 iu
2765 1654 2929 1693 cruce
2962 1643 3310 1710 pendentem,
3343 1652 3398 1698 et
3434 1647 3561 1715 qui-

1984 1717 2106 1773 dem
2136 1720 2282 1775 inter
2314 1723 2557 1790 latrones
2578 1725 2600 1778 ?
2625 1725 2980 1781 Bcnctlicttnn
3031 1730 3256 1799 lignum,
3288 1750 3385 1801 per
3413 1737 3560 1803 quod

303 1788 552 1882 ράδεισον
587 1788 788 1882 ᾤκησε,
829 1813 924 1865 καὶ
951 1814 985 1883 ὴ
1014 1815 1109 1866 τοῦ
1135 1813 1290 1879 ξύλου
1328 1788 1517 1884 γεῦσις
1543 1788 1640 1888 την
1675 1816 1880 1888 πικρὰν

1985 1807 2126 1881 latro
2160 1811 2480 1878 paradisum
2529 1814 2959 1884 inhabitavit;et
2985 1819 3282 1888 lignicsus,
3310 1838 3558 1876 amarum

299 1901 664 1971 ὲξεκρούσατο
689 1901 898 1970 γεῦσιν·
953 1896 1011 1954 οὐ
1039 1903 1090 1957 τί
1131 1904 1612 1977 θαυμασιώτερον;
1647 1909 1768 1960 Ὅτι.
1820 1907 1879 1960 ὃν

298 1992 542 2046 ἔκλεισεν
584 1992 744 2057 ἁλοὺς
775 1997 804 2046 6
845 1995 1038 2065 Ἀδὰμ,
1067 1995 1254 2052 τοῦτον
1299 1997 1478 2069 ἤνοιξε
1517 1997 1718 2070 λῃστὴς
1758 2002 1877 2052 ὲπι-

297 2084 482 2156 γνούς·
515 2085 610 2138 καὶ
637 2079 699 2139 οὗ
728 2087 940 2150 ἐκεῖνος
987 2088 1264 2158 ὲξόριστος
1289 2089 1534 2160 γέγονεν,
1559 2084 1714 2155 οὗτος
1741 2091 1876 2163 κλη-

293 2175 389 2240 τὸς
427 2177 703 2248 ἐνεγράφη
748 2178 996 2250 πολίτης.
1043 2176 1186 2249 Εὖγε
1231 2181 1331 2251 τῆς
1365 2181 1702 2253 καταλλήλου
1733 2200 1876 2254 παρ-

293 2267 540 2340 αλλαγῆς
561 2271 573 2323 l
593 2269 814 2341 Ἐξῆλθε
841 2271 1098 2344 κλέπτης.
1133 2273 1227 2328 καὶ
1249 2273 1570 2344 άντεισῆλθε
1609 2275 1872 2346 κλέπτης·

291 2361 324 2414 ὁ
359 2363 458 2432 μὲν
480 2361 568 2416 διὰ
596 2362 930 2434 παράϐασιν·
982 2367 1011 2418 6
1057 2365 1136 2429 δὲ,
1184 2365 1254 2420 δι’
1301 2366 1619 2436 ἐπίγνωσιν.
1667 2367 1728 2420 ὐ
1774 2366 1875 2436 μὲν

293 2452 558 2524 ὑπαχθεὶς
601 2453 681 2526 τῷ
710 2455 1080 2528 πτερνῑσαντι·
1130 2458 1159 2510 6
1202 2456 1282 2522 δὲ,
1345 2456 1755 2528 συσταυρωθεὶς
1793 2459 1894 2529 τῷ·

289 2545 605 2616 ποιήσαντι.

359 2803 670 2890 Ηύλόγηται
701 2820 765 2874 τὸ
795 2821 974 2889 ξύλον,
1004 2821 1064 2886 ἐξ
1082 2815 1142 2876 οὗ
1166 2821 1397 2884 κιϐωτὸς
1431 2819 1868 2890 κατεσκευάσθη,

285 2911 500 2982 κόσμον
538 2913 930 2984 κατακλυσμοῦ
967 2913 1314 2986 συμϐολικῶς
1345 2912 1710 2976 διασώζουσα.
1757 2912 1870 2965 Ηύ-

283 3003 515 3074 λόγηται
542 3005 602 3058 τὸ
631 3004 808 3073 ξύλον,
836 3005 896 3073 ἐξ
924 2999 986 3060 οὗ
1015 3006 1194 3078 πατὴρ
1223 3006 1400 3076 Ἀδὰμ
1428 3004 1503 3076 μὴ
1531 3004 1869 3075 γευσάμενος

1985 1900 2196 1970 expulit
2245 1902 2527 1972 edulium;
2587 1923 2700 1976 quo
2747 1909 2876 1977 quid
2921 1911 3304 1967 admirandum
3351 1915 3560 1988 magis?

1984 1989 2120 2044 Nam
2165 2009 2327 2062 quem
2374 1995 2553 2052 lacum
2607 1999 2808 2053 clausit
2855 2001 3115 2072 deceptus
3159 2004 3356 2070 Adam,
3411 2009 3560 2062 hunc

1985 2084 2201 2151 aperuit
2227 2086 2386 2151 latro,
2413 2086 2482 2140 ad
2510 2089 2625 2142 veri
2661 2090 2757 2144 Dei
2787 2092 3122 2161 agnitionem
3165 2106 3406 2162 evectus,
3432 2107 3484 2152 et
3527 2115 3558 2153 a

1981 2185 2090 2241 quo
2124 2171 2218 2228 ille
2241 2174 2362 2229 loco
2391 2178 2629 2232 extorris
2663 2178 2843 2236 factus
2872 2191 2974 2245 est,
3001 2182 3168 2252 hujus
3211 2185 3322 2250 ille,
3359 2187 3555 2241 invita-

1979 2271 2087 2327 tus,
2119 2265 2395 2336 ascriptus
2433 2275 2517 2322 est
2556 2269 2715 2324 civis.
2765 2269 2809 2326 Ο
2862 2287 3166 2343 congruam
3199 2279 3556 2346 permutatio-

1978 2358 2138 2411 neml
2170 2356 2438 2428 Egressus
2467 2368 2550 2414 est
2596 2359 2683 2414 i'ur
2703 2401 2718 2425 ,
2753 2370 2806 2416 et
2848 2363 2968 2430 loco
2997 2365 3122 2433 ejus
3152 2367 3438 2437 ingressus
3469 2378 3557 2424 est

1977 2446 2100 2503 fur:
2133 2449 2227 2504 ille
2249 2449 2474 2520 quidem
2518 2452 2590 2506 ob
2623 2455 3160 2524 praevaricationem,
3201 2460 3288 2514 hic
3317 2476 3448 2515 vero
3481 2461 3554 2517 ob

1975 2540 2332 2611 agnitionem.
2361 2542 2457 2597 llle
2492 2545 2758 2601 seductus
2781 2547 2848 2602 ab
2875 2563 2940 2602 eo
2968 2550 3063 2619 qui
3097 2549 3250 2605 illttm
3287 2553 3550 2624 supplau-

1975 2639 2210 2698 taverat,
2268 2632 2370 2686 hie'
2413 2647 2546 2688 vero
2594 2635 2760 2690 simul
2803 2637 3108 2695 cruciﬁxus
3163 2655 3288 2695 cum
3329 2657 3417 2710 eo,
3455 2644 3552 2713 qui

1973 2723 2152 2793 ipsum
2183 2732 2422 2780 crearat.
2673 2792 2680 2802 ι

2046 2814 2409 2870 Benedictum
2445 2822 2532 2872 est
2561 2816 2798 2887 lignum,
2829 2835 2895 2874 ex
2927 2836 3039 2891 quo
3087 2837 3218 2880 arca
3276 2824 3549 2882 fabricata

1970 2915 2079 2971 est,
2099 2909 2366 2964 mundmn
2384 2911 2436 2964 in
2451 2911 2658 2967 diluvio
2673 2912 2974 2984 symbolice
2997 2929 3356 2973 conservans.
3372 2919 3550 2976 Bene-

1970 3002 2179 3057 dictum
2215 3009 2301 3058 est
2326 3002 2559 3072 lignum,
2595 3021 2663 3058 ex
2704 3019 2816 3074 quo
2845 3019 2970 3060 eum
3014 3007 3153 3062 latro
3181 3009 3544 3076 comedisset,

283 3097 578 3169 πρότερον,
615 3099 713 3169 τῆς
751 3095 898 3168 ζωῆς
929 3097 1021 3152 τὸν
1055 3097 1284 3152 θάνατον
1311 3097 1702 3168 ἀντηλλάξατοο
1729 3112 1866 3166 προ-

1982 3094 2194 3149 delieiis
2256 3097 2570 3150 cumulatus
2621 3105 2728 3151 est.
2787 3096 3143 3154 Benedictum
3195 3101 3425 3172 lignum.
3477 3119 3546 3158 ex

282 3191 483 3262 πετείᾳ
517 3191 780 3259 γεύσεως,
813 3191 904 3244 τοῦ
937 3191 1093 3257 ξύλου
1124 3193 1222 3263 τῆς
1250 3191 1504 3261 γνώσεως
1539 3191 1884 3261 καθαψάμεω

284 3299 400 3345 νος.
426 3275 563 3336 Εἶτα
592 3279 912 3352 μεταλαϐὼν
939 3281 1185 3354 ὕστερον,
1205 3284 1302 3352 τῆς
1334 3282 1621 3352 ποιότητος
1650 3282 1865 3353 ᾔσθετο,

283 3372 387 3426 καὶ
418 3373 518 3443 τὴν
545 3372 845 3443 ἀνάκλησιν
874 3372 1103 3445 ηὕρατο.
1151 3374 1462 3444 Ηύλόγηται
1488 3372 1550 3426 τὸ
1578 3372 1754 3440 ξύλον,
1800 3373 1868 3426 δι’

281 3459 350 3520 οὗ
407 3463 646 3535 βραχίων
707 3465 1056 3538 ὑπερήφανος
1105 3467 1440 3534 κάμπτεται,
1498 3466 1594 3519 καὶ
1640 3465 1869 3534 αὐχένες

281 3557 498 3629 ἐχθρῶν
535 3557 932 3624 ὑποκύπτουσι,
969 3563 1065 3613 καὶ
1119 3559 1264 3612 νῶτα
1320 3558 1505 3612 δίδωσι
1557 3557 1856 3630 βάρϐαρος,

245 3687 252 3693 -
281 3650 381 3704 καὶ
418 3649 610 3719 φεύγει
662 3650 874 3720 Σκύθης
923 3651 1152 3721 μηδενὸς
1197 3651 1504 3714 διώκοντος.
1555 3648 1858 3721 Τοιγαροῦν
1967 3666 2092 3706 lem
2123 3651 2351 3706 invenit.
2387 3648 2743 3706 [Benedictum
2764 3649 3213 3721 est,lignum,per
3235 3651 3384 3720 quod
3411 3667 3494 3736 cut

282 3742 538 3811 ὑψὼσατε
559 3742 660 3813 τὴν
700 3741 884 3814 φωνὴν
915 3744 1011 3797 σὺν
1055 3743 1178 3814 ἐμοὶ
1215 3745 1473 3814 σήμερον,
1509 3743 1602 3796 καὶ
1637 3740 1778 3813 μετὰ
1801 3741 1881 3781 δί’-³

1982 3751 2128 3798 ratur
2169 3743 2453 3798 brachium
2481 3743 2804 3813 superbum,
2825 3751 2880 3799 et
2911 3743 3156 3800 cervices
3183 3743 3537 3798 inimicorum

180 3904 201 3910 ό
279 3833 383 3904 τῆς
416 3834 638 3904 Γραφῆς
670 3832 748 3904 τῷ
772 3834 867 3887 τοῦ
897 3833 1131 3903 σταυροῦ
1164 3833 1424 3905 Θησαυρῷ
1459 3835 1856 3906 προσκυνήσω-

282 3939 388 3997 μεν
419 3923 463 3956 ⁸¹
508 3925 687 3994 λόγια.
732 3925 1015 3997 Θησαυρὸν
1044 3925 1100 3980 δέ
1133 3943 1276 3997 φημι
1325 3925 1420 3980 τοῦ
1471 3927 1728 3998 σταυροῦ,
1764 3927 1856 3982 τὸν

277 4015 415 4070 Υῑὸν
442 4014 536 4071 τοῦ
569 4015 701 4093 Θεῷ
731 4017 824 4072 τὸν
855 4017 1110 4090 Χριστὸν,
1145 4011 1190 4086 ᾧ
1220 4019 1313 4072 καὶ
1341 4019 1538 4091 πρέπει
1561 4019 1760 4092 μᾶλλον
1785 4019 1851 4072 τὰ

1968 3207 2078 3265 quo
2107 3205 2230 3244 cum
2258 3189 2432 3242 Adam
2463 3192 2776 3246 communis
2827 3205 3030 3261 parens
3071 3208 3179 3248 non
3233 3195 3388 3263 prius
3447 3210 3546 3248 co-

1970 3283 2230 3337 medisset
2263 3279 2400 3351 (57),
2426 3286 2660 3334 mortem
2688 3293 2812 3334 cum
2851 3283 2964 3335 vita
2993 3285 3376 3347 commutavit.
3396 3287 3546 3340 velut

1966 3375 2063 3444 qui
2114 3373 2285 3426 nimia
2319 3370 2745 3438 praecipitantia,
2782 3371 2993 3443 lignum
3043 3375 3289 3430 scientiae
3320 3385 3544 3448 gustas-

1965 3476 2072 3522 set.
2107 3464 2247 3520 Tum
2279 3466 2524 3531 demum,
2564 3463 2697 3534 ligni
2729 3463 3000 3532 ejusmodi
3034 3465 3210 3523 factus
3239 3471 3542 3540 particeps.

1967 3558 2291 3630 qualitatem
2345 3559 2538 3620 sensit.
2581 3568 2747 3628 atque
2785 3561 2840 3612 in
2885 3558 3179 3627 pristinum
3233 3563 3544 3617 revocatio-

1967 3666 2092 3706 Iem
2123 3651 2351 3706 invenit.
2387 3648 2743 3706 [Benedictum
2764 3649 3097 3721 estlignum,
3117 3665 3213 3720 per
3235 3651 3384 3720 quod
3411 3667 3542 3706 cur-

1967 3836 2344 3899 inﬂectuntur,
2389 3835 2594 3905 datque
2616 3841 2767 3904 terga
2787 3835 3080 3896 barbarus.
3109 3837 3381 3909 etScytha
3400 3835 3542 3908 fugit

1966 3927 2188 3983 nemine
2267 3939 2646 3996 persequente.
2719 3928 3064 3998 Quapmpter
3111 3931 3282 3998 ‘hodie
3346 3949 3536 3990 vocem

1967 4034 2182 4076 merum
2214 4018 2470 4085 attollite,
2499 4019 2793 4089 crucisque
2810 4019 3068 4077 thesauro
3089 4022 3394 4082 inferamus
3419 4027 3535 4098 (58)

1545 4281 1775 4338 νΑιιιΑι
1820 4280 2114 4338 LECTION
2124 4283 2224 4337 ES.

829 4383 873 4415 "
898 4381 1024 4452 Leg.
1060 4380 1460 4453 προσοίσωμεν.

325 4372 450 4417 ἰ’-⁸⁸
630 4381 721 4439 τά.

1393 4559 1398 4565 ι
1529 4492 1914 4548 COMBEFISII
1944 4487 2175 4545 ΝΟΤΛΕ.

349 4584 697 4661 (51)Exquo
726 4602 844 4661 eum
879 4587 1050 4661 Adam
1083 4606 1186 4643 non
1207 4591 1356 4657 prius
1393 4587 1720 4661 comedisset.
1757 4589 1848 4658 Μὴ
1887 4595 1930 4648 1)
1954 4587 2254 4661 Gretzerus
2301 4585 2380 4661 τὸ,
2426 4586 2715 4661 πρότερον,
2756 4588 3408 4661 sequentibusanuectit,
3461 4613 3525 4654 ac

266 4657 615 4732 γευσάμενος
645 4657 932 4732 πρότερον.
977 4657 1041 4712 Ut
1076 4669 1361 4732 peccatum
1403 4658 1569 4710 fuerit
1603 4661 1656 4710 iu
1711 4657 1842 4726 przeJ

268 4727 502 4802 postero
530 4742 631 4781 usu
671 4727 749 4780 rei
785 4727 894 4802 neu
928 4727 1104 4802 malae,
1128 4738 1190 4802 et
1221 4729 1326 4782 ben
1347 4747 1381 4802 e_
1409 4743 1669 4802 congruo
1699 4735 1842 4782 teut-

235 4797 427 4870 ,ραι-θ,
470 4798 629 4870 juxta
669 4798 828 4870 quod
881 4801 1106 4868 exponit
1152 4798 1456 4870 Gregorius
1503 4797 1838 4870 'l‘heologus,

266 4866 430 4927 Orat.
472 4872 524 4920 in
556 4866 758 4923 Christi
789 4866 1057 4935 Natalem,
1091 4886 1141 4937 p.
1169 4868 1306 4933 619;
1345 4883 1504 4936 quem
1538 4868 1631 4921 hic
1689 4866 1840 4922 asse-

264 4947 456 4996 ctatur
483 4937 736 4994 Andreas
767 4947 981 5002 noster,
1010 4950 1066 4994 ut
1099 4947 1153 4993 et
1195 4939 1308 5006 ipse
1341 4938 1518 5006 palam
1562 4938 1696 4992 satis
1729 4938 1841 4994 Me-

265 5009 514 5071 thmlius,
552 5010 606 5061 in
641 5009 710 5062 iis
743 5025 864 5078 quze
897 5011 965 5063 de
999 5010 1100 5064 hac
1134 5011 1356 5070 arbore,
1395 5024 1459 5060 ac
1505 5023 1662 5076 pinna
1698 5024 1842 5062 mor-

263 5080 508 5135 talitatis
541 5079 774 5149 ex_rjus
815 5095 939 5143 usu,
1000 5081 1052 5132 in
1088 5096 1194 5149 qua
1240 5079 1619 5149 misericordia
1653 5079 1746 5139 sit,
1784 5080 1838 5133 in

262 5149 555 5214 Exeerptis
584 5147 706 5216 ejus
741 5166 862 5217 quae
897 5147 1198 5204 damus—ex
1235 5149 1328 5202 lib.
1369 5148 1441 5202 De
1476 5165 1644 5202 resnr.
1693 5150 1836 5202 scri-

262 5222 402 5290 psit.
447 5217 608 5270 Prius
638 5234 772 5290 ergo
812 5223 1150 5290 gustandum
1205 5221 1412 5287 lignum
1459 5221 1645 5290 crucis
1670 5235 1834 5287 quam

261 5289 540 5346 scientia},
575 5290 701 5356 quia
736 5289 1001 5358 Θεωρίας,
1041 5305 1162 5358 quae
1197 5301 1278 5342 est
1321 5291 1414 5342 illa
1470 5289 1712 5344 scientiae
1744 5304 1836 5342 ar-

259 5361 393 5418 bor,
428 5359 624 5420 Μόνοις
670 5359 972 5410 ἐπιϐαίνειν
1027 5360 1267 5426 ἀσφαλὲς
1315 5361 1429 5421 τοῖς
1466 5359 1562 5429 τὴν
1609 5359 1720 5429 ἕξιν
1747 5375 1838 5412 τεο

257 5428 690 5498 λειοτέροιςέού
735 5429 898 5481 καλὸν
931 5429 986 5481 δὲ
1011 5433 1136 5498 τοῖς
1174 5428 1565 5498 ἁπλουστέροις
1601 5428 1699 5491 ἔτι,
1743 5431 1837 5481 καὶ

218 5543 228 5549 .
253 5500 365 5566 τῆν
389 5497 573 5568 ἔφεσιν
607 5497 957 5567 λιχνοτέροις.
992 5497 1069 5551 [is
1100 5501 1248 5556 solis.
1281 5497 1473 5568 inquit,
1502 5508 1647 5550 tutus
1664 5508 1742 5552 est
1767 5498 1835 5552 ad

254 5567 756 5634 contemplationem
775 5585 1020 5622 ascensus
1039 5571 1124 5636 qui
1143 5571 1324 5623 habitu
1349 5567 1649 5636 perfectiori
1673 5579 1830 5624 sunt:

221 5638 677 5706 .Itaudquaqumn
714 5648 884 5689 autem
919 5637 1052 5691 bona
1085 5649 1181 5701 est,
1213 5639 1628 5707 simplicioribus
1657 5639 1830 5693 adhuc

253 5709 480 5772 animis,
513 5717 665 5775 atque
694 5709 924 5771 appetitu
975 5709 1202 5762 avidiori
1223 5710 1485 5775 pra‘ilitis.
1532 5709 1664 5775 Qua:
1697 5711 1828 5764 alle-

252 5779 479 5852 gorica,
522 5793 630 5830 non
665 5777 949 5832 otl'ec'erint
975 5781 1162 5833 sensui
1197 5797 1332 5848 pure
1367 5781 1653 5838 historico.
1686 5778 1825 5836 Male

589 5868 858 5932 PA'J'ROL.
899 5875 1014 5934 Gn.
1055 5874 1284 5942 XCVII.

1953 4658 2166 4710 clarum
2216 4658 2353 4724 satis
2392 4659 2724 4724 extilicatum
2783 4659 3014 4712 Autler
3067 4675 3292 4716 sensum
3344 4675 3523 4721 totum

1949 4727 2206 4780 destruit.
2243 4723 2588 4806 _§equen_tia
2629 4727 2822 4806 “etiam
2891 4729 3208 4806 μεταλαϐὼν
3253 4732 3514 4806 ὕστερον.

1931 4799 2210 4866 ,ποιότητα
2235 4795 2456 4873 ῇσοετο,
2478 4796 2786 4873 simplicius
2809 4795 3169 4873 reddidimus,
3207 4795 3524 4873 qualitatem

1949 4871 2111 4921 sensit
2143 4882 2160 4919 :
2195 4878 2300 4918 nou
2353 4876 2409 4918 ut
2447 4867 2582 4935 ipse,
2623 4868 3011 4936 pinguedinem,
3036 4872 3184 4924 velut
3220 4867 3367 4927 esset
3395 4878 3520 4930 πιό-

1947 4953 2110 5006 τητα,
2147 4937 2292 5015 qt_t_ud
2337 4941 2648 5015 necipsum
2691 4939 2955 5015 displicet
2997 4957 3012 4992 :
3051 4957 3174 4994 nam
3217 4952 3271 4996 et
3305 4960 3367 5015 ea
3400 4948 3522 5015 glo-
3577 4942 3589 4956 ’

1947 5009 2130 5080 riatur
2155 5009 2298 5058 oliva
2339 5006 2520 5080 ,ΙιιιιὶκεἸ
2569 5025 2646 5073 ιτ,
2689 5008 2740 5062 9.
2792 5010 2978 5062 Sensit
3023 5026 3154 5080 ergo
3194 5006 3520 5080 qualitatem

1948 5078 2166 5131 arboris
2221 5079 2445 5154 erui-is,
2512 5077 2614 5154 hac
2656 5088 2778 5154 _est,
2831 5081 2967 5154 quid
3024 5077 3144 5143 illa,
3199 5077 3516 5154 quanquam

1947 5149 2222 5200 austerior
2254 5147 2531 5210 videatur,
2581 5149 2780 5203 habeat
2840 5147 3001 5217 boui;
3056 5167 3184 5206 vere
3218 5147 3518 5210 'bouorum

1944 5218 2309 5290 conciliatrix
2340 5218 2636 5290 uhi‘etiam
2677 5234 2739 5290 ea
2788 5219 2991 5287 aliquis
3035 5231 3260 5290 peccato
3306 5225 3514 5287 amisit,

1945 5287 2407 5356 quemadmodum
2448 5287 2568 5360 ipse
2603 5287 2778 5360 Adam
2833 5287 3116 5360 amiserat,
3159 5293 3513 5360 postmodum

1947 5374 2044 5426 per
2066 5359 2704 5432 eam._et_pmnitentiatn
2739 5359 3040 5430 ἀνάκλησιν
3074 5359 3273 5432 εὑρών,
3306 5364 3515 5417 instau-

1946 5440 2094 5480 ratus
2129 5444 2190 5479 ac
2217 5428 2268 5478 in
2300 5427 2557 5495 integrant
2581 5429 2876 5482 restitutus.
2939 5427 2949 5430 ⁷
3091 5444 3109 5470 ί

2018 5497 2128 5566 (58)
2164 5495 2449 5564 Crucisque
2475 5498 2720 5552 thesauro
2751 5500 3066 5568 inferamus,
3096 5508 3202 5556 etc.
3237 5501 3514 5558 Vitiosum

1946 5575 2154 5621 textum
2204 5568 2590 5642 corresimtts,_
2607 5570 2811 5642 notatis
2848 5571 2900 5624 in
2937 5573 3200 5638 nmrgine.
3231 5573 3516 5642 Significat

1940 5647 2120 5713 autem
2146 5653 2208 5689 ea
2236 5653 2300 5690 ex
2333 5637 2529 5690 divina:
2561 5639 2862 5713 Seriptttrte
2890 5644 3134 5699 oraculis
3165 5637 3366 5713 elogia,
3398 5658 3512 5700 non

1937 5719 2046 5762 tum
2077 5711 2398 5784 in_cruee_m,
2431 5711 2588 5778 quasi
2621 5720 2844 5779 propter
2873 5713 3074 5780 ipsam,
3104 5711 3278 5784 quam
3307 5715 3362 5768 in
3386 5729 3514 5770 eum

1931 5793 2093 5852 quem
2133 5779 2245 5850 ipsa
2285 5778 2607 5836 thesaurum
2635 5778 2796 5836 suum
2841 5778 3006 5840 habet
3048 5778 3234 5857 etquo
3263 5793 3358 5842 est
3384 5799 3535 5868 pro-1

3031 5879 3109 5939 33
