4016 6130
362 341 504 408 ῙΟΖΠ

1355 342 1439 405 ΙΝ
1468 340 2066 403 EXALTATIONEM
2098 340 2159 402 S.
2198 339 2493 402 CRUCIS.
2535 341 2618 402 II.

3473 344 3612 412 1038

353 456 502 512 ποιεί
530 455 558 508 ὁ
582 452 740 518 Θεὸς,
779 453 807 506 6
835 453 895 505 ἐν
930 450 1081 523 αὑτῷ
1110 451 1205 505 καὶ
1252 450 1320 505 δι’
1360 451 1525 505 αὑτοῦ
1574 452 1674 524 τὴν
1723 452 1933 521 παγκό-

2060 450 2351 519 :lauditur,
2396 452 2527 520 quid
2574 450 2706 505 facit
2763 450 2926 515 Deus,
2967 453 3058 523 qui
3111 454 3166 508 in
3208 469 3394 524 cruce,
3432 468 3486 513 et
3514 476 3612 529 per

357 563 521 620 σμιον
567 544 887 614 «σωτηρίαν
918 543 1019 614 τῆς
1068 543 1173 613 γῆς
1222 543 1281 595 ἐν
1315 542 1467 613 μέσῳ
1510 544 1935 613 κατεργασάμε-

353 656 487 707 veg;
520 658 539 691 ι
577 638 657 709 Τῇ
700 636 801 709 μὲν
833 634 1084 707 βασιλίδι,
1113 635 1189 698 ὡς
1215 634 1399 705 μικρῷ
1420 633 1659 705 πρόσθεν
1694 634 1931 704 ἔφαμεν,

356 730 526 785 πόθον
556 712 733 799 ἐνίησι
763 724 986 791 ζέοντα·
1026 727 1140 789 τοῖς
1176 724 1257 791 δὲ,
1285 724 1451 794 φόὸον
1494 724 1779 796 ὲμόάλλει,
1809 717 1951 796 ὃλην

353 819 535 874 αὐτῶν
570 818 984 889 ἐκταράσσοντα
1019 815 1120 886 τὴν
1161 815 1331 886 ζωήν.
1367 816 1428 870 Οἱ
1481 816 1525 869 δ’
1569 817 1794 872 ἐπειδὰν
1839 817 1941 888 τῆς

355 911 589 984 ἐρεύνης
641 910 703 964 τὸ
750 908 1127 981 ἀπαραίτητον
1163 903 1324 972 εῐδον,
1384 906 1636 961 ἑκούσιον
1664 908 1727 962 τὸ
1774 908 1940 962 ἀϐού-

354 1003 520 1076 λητον
552 1002 851 1070 δείξαντες,
879 997 1307 1071 πεφανερώκασι
1343 1001 1405 1053 τὸ
1440 1001 1813 1071 πολυτίμητον
1843 999 1940 1054 τοῦ

356 1098 633 1152 Δεσπότου
667 1096 916 1164 σημεῖον.
960 1092 1020 1148 '0
1046 1093 1104 1146 δὲ
1128 1093 1426 1165 προῆλθεν,
1467 1091 1657 1164 ὥσπερ
1685 1091 1745 1157 ἐξ
1778 1092 1941 1148 ἄλλου

358 1187 508 1252 τινὸς
544 1184 931 1256 στερεώματος
978 1183 1089 1237 τῶν
1126 1184 1226 1252 τῆς
1255 1184 1359 1253 γῆς
1402 1183 1742 1254 ὑποχθονίων
1787 1182 1943 1254 ἡλίου

359 1281 541 1350 δίκην,
573 1278 675 1341 τὰς
712 1277 1056 1340 Δεσποτικάς
1089 1275 1485 1345 ἐξαστράπτων
1519 1277 1768 1339 ἀκτῖνας.
1798 1278 1946 1347 Προ-

361 1370 496 1442 ἧλθε
536 1368 723 1422 τοίνυν
772 1368 837 1420 ἐκ
866 1367 967 1437 τῆς
1012 1366 1116 1436 γῆς
1157 1365 1392 1434 ἀδύτων,
1425 1367 1488 1420 τὸ
1527 1365 1623 1420 τοῦ
1670 1367 1943 1422 Δεσπότου

367 1462 618 1531 σημεῖον,
667 1459 735 1512 δι’
795 1449 858 1511 οὗ
913 1456 1234 1528 κευθμῶνες
1282 1457 1412 1529 ᾅδου
1464 1459 1944 1526 κατασεισθέντες,

361 1551 547 1622 ψυχὰς
575 1549 677 1612 τὰς
721 1548 920 1602 αὐτόσε
962 1548 1339 1619 κατεχομένας
1382 1548 1774 1603 ἁπολελύκασι.
1806 1550 1948 1620 Προ-

240 1684 249 1695 .
363 1641 530 1715 ἦλθεν
555 1640 632 1705 ὡς
668 1640 732 1693 ἐκ
766 1639 1040 1702 παστάδος
1084 1639 1343 1710 νυμφίος,
1384 1640 1495 1693 τῶν
1533 1640 1734 1711 χοῖκῶν
1779 1640 1949 1695 θαλά-

371 1750 510 1806 μων,
543 1735 571 1785 ὁ
600 1729 696 1784 τοῦ
720 1731 929 1802 Κυρίου
958 1732 1216 1803 σταυρὸς,
1248 1731 1314 1785 δι’
1346 1726 1409 1787 οὗ
1443 1731 1522 1803 τῷ
1555 1732 1779 1804 Χριστῷ
1807 1749 1947 1804 νυμ-

2037 553 2256 594 crucem
2290 540 2537 594 universi
2586 538 2779 593 mundi
2804 557 2827 592 ι
2866 541 3097 595 salutem
3142 544 3197 597 in
3249 544 3429 602 medio
3455 554 3615 610 terra:

2037 640 2301 700 operatus
2343 631 2515 685 est'?
2574 648 2592 682 ι
2646 629 2989 702 hnperatrici
3043 632 3287 703 quidem,
3338 644 3399 695 ut
3447 641 3615 709 paulo

2038 730 2168 776 ante
2219 721 2485 785 diximus,
2539 720 2741 776 ardens
2790 722 3037 778 immittit
3090 724 3470 783 desiderium:
3505 732 3616 791 illis

2039 820 2220 865 autem
2268 812 2520 866 timorem
2575 812 2794 878 incutit,
2830 813 2922 882 qui
2974 820 3146 868 totam
3195 816 3417 872 illorum
3449 819 3659 887 vitam_

2039 904 2417 959 conturbaret.
2450 904 2534 957 Illi
2569 919 2721 970 vero,
2749 920 2873 959 cum
2904 906 3151 962 viderent
3181 909 3295 965 fieri
3324 926 3430 965 non
3458 927 3621 981 posse

2043 1002 2105 1050 ut
2138 996 2211 1051 ab
2254 996 2612 1065 inquisitione
2642 996 2867 1070 [crucis
2912 997 3172 1071 latentis]
3232 1001 3617 1070 desisteretur,

2041 1085 2400 1143 ostendentes
2453 1102 2515 1143 se
2546 1102 2645 1144 sua
2674 1099 2871 1158 sponte
2921 1087 3292 1159 facere,quod
3344 1092 3622 1150 faciebant

2043 1177 2225 1245 inviti,
2253 1178 2528 1248 imprimis
2568 1179 2944 1234 venerandum
2988 1179 3203 1235 Domini
3243 1183 3460 1251 signum
3503 1200 3620 1236 ma-

2044 1268 2398 1347 nifestarunt.
2433 1270 2528 1324 Illa
2573 1279 2781 1337 autem,
2836 1278 3097 1339 tauquam
3132 1286 3199 1326 ex
3234 1273 3344 1327 alio
3382 1273 3620 1342 quodam

2044 1361 2320 1432 processit
2377 1361 2762 1416 firmamento:
2826 1376 3020 1431 nempe
3060 1378 3127 1417 ex
3176 1369 3334 1418 terrae
3365 1373 3623 1433 penetra-

2046 1454 2217 1518 libus,
2280 1453 2457 1509 instar
2510 1454 2644 1511 solis
2700 1454 3021 1511 Dominicos
3095 1456 3284 1511 radios
3336 1457 3618 1517 emittens.

2047 1543 2326 1600 Processit
2379 1546 2564 1615 itaque
2607 1560 2637 1599 e
2668 1552 2830 1601 terrae
2864 1546 3046 1617 adytis
3092 1548 3311 1603 Domini
3367 1549 3613 1619 signum,

2049 1651 2148 1707 per
2177 1636 2323 1706 quod
2379 1636 2683 1692 inferorum
2727 1653 3018 1694 concussae
3068 1653 3336 1705 cavernae,
3373 1640 3627 1697 absolve-

2050 1735 2181 1782 runt
2234 1729 2471 1793 animas,
2532 1745 2654 1797 qua:
2708 1730 2824 1784 illic
2874 1730 3288 1785 detinebantur.
3345 1731 3626 1789 Processit

367 1824 632 1894 φευθεῐσα
680 1825 715 1893 ἠ
768 1823 829 1890 ἐξ
889 1823 1061 1877 ἐθνῶν
1122 1822 1454 1895 Ἐκκλησία,
1498 1826 1596 1897 τὴν
1651 1824 1947 1896 πολύγονον

2060 1828 2317 1899 tanquam
2362 1835 2428 1875 ex
2485 1821 2657 1875 cubili
2709 1836 2970 1890 sponsus,
3006 1837 3037 1877 e
3082 1825 3320 1880 terrenis
3368 1826 3628 1881 thalamis

379 1917 653 1986 Ἐλλήνων
685 1916 873 1970 ἀθεταν
912 1915 1167 1971 ἀπέθετο.
1215 1916 1493 1988 Προῆλθεν
1527 1918 1556 1970 6
1604 1919 1794 1989 νοητὸς
1840 1919 1950 1972 τῶν

310 2079 320 2087 ⁸
369 2008 579 2061 πιστῶν
612 2007 984 2079 μαργαρίτης,
1016 2005 1095 2077 τῷ
1137 2009 1392 2079 στεφάνῳ
1431 2006 1525 2063 τοῦ
1558 2009 1822 2081 Χριστοῦ,
1856 2010 1951 2063 λυ-

371 2102 559 2173 χνίτου
588 2100 747 2171 δίκην
776 2101 1304 2170 ἐμπεπορπημένος,
1337 2101 1425 2154 ἴνα
1452 2100 1819 2175 καταστράψῃ
1849 2102 1951 2172 τὴν

374 2193 675 2264 σύμπασαν
714 2190 1066 2263 οἰκουμένην.
1098 2192 1379 2264 Προῆλθεν
1404 2194 1433 2247 6
1462 2194 1669 2263 κόσμος
1695 2193 1796 2264 τῆς
1831 2193 1954 2247 Ἐκ-

372 2285 630 2358 κλησίας,
660 2286 689 2338 ὁ
721 2284 817 2338 τοῦ
851 2283 1059 2356 Κυρίου
1090 2284 1341 2357 σταυρὸς,
1374 2285 1502 2355 ὃλην
1534 2284 1706 2358 αὐτὴν
1742 2285 1956 2358 κοσμή-

374 2395 485 2433 σων
511 2379 611 2449 τὴν
640 2376 924 2450 περίγειον
954 2377 1152 2432 κτίσιν.
1178 2375 1462 2448 Προῆλθεν
1496 2376 1573 2441 ώς
1606 2378 1674 2431 ἐκ
1707 2378 1955 2449 φρουρᾶς

371 2474 403 2527 6
430 2470 741 2535 ἀνεύθυνος,
772 2470 863 2525 ἵνα
892 2470 1020 2537 τοὺς
1050 2468 1389 2532 ὑπευθύνους
1419 2467 1828 2541 ἀνακαλὲσηται
1847 2485 1861 2501 ⁶
1891 2471 1957 2523 ἐκ

371 2561 484 2617 τῶν
517 2561 755 2633 δεσμῶν,
778 2562 806 2614 ό
830 2561 1167 2632 ἀκράτητος,
1203 2560 1292 2613 ἶνα
1310 2561 1440 2623 τοὺς
1468 2559 1728 2630 δεσμίους
1757 2559 1957 2624 λυτοὺς

373 2653 763 2723 ἀπεργάσηται
782 2670 798 2686 ο
832 2655 897 2707 ὲκ
934 2652 1047 2708 τῶν
1072 2652 1367 2707 σκοτεινῶν
1395 2652 1634 2724 χωρίων,
1657 2651 1750 2706 τοῦ
1781 2651 1958 2723 φωτὸς

375 2748 410 2818 ἡ
439 2744 654 2816 λυχνία,
685 2745 775 2801 ἵνα
804 2744 904 2817 τὴν
958 2744 1131 2799 νύκτα
1170 2744 1383 2799 λύσασα
1434 2745 1533 2816 τῆς
1563 2743 1865 2814 ἀγνωσίας,
1897 2742 1959 2796 τὸ

377 2837 495 2909 φῶς
522 2837 781 2910 ἐκλάμψῃ
813 2837 916 2909 τῆς
946 2833 1321 2906 ἐπιγνώσεως.

450 3097 693 3159 Εἰκότως
723 3096 818 3152 οὖν
860 3098 895 3167 ὴ
929 3096 1228 3167 Ἐκκλησία
1255 3097 1335 3169 τῷ
1367 3098 1587 3169 σταυρῷ
1613 3097 1709 3152 τοῦ
1750 3098 1958 3171 Κυρίου

381 3189 778 3260 συγχαίρουσα,
808 3188 901 3242 τὸν
931 3190 1132 3259 ἑαυτῆς
1161 3188 1366 3258 χιτῶνα
1401 3190 1729 3255 στολίζεται,
1760 3194 1857 3244 καὶ
1898 3191 1961 3244 τὸ

336 3272 337 3277 “
380 3278 663 3350 νυμφικὸν
712 3276 1136 3332 ἐκκαλύπτουσα
1173 3277 1397 3343 κάλλος,
1447 3277 1817 3348 ἀποσεμνύνει
1862 3278 1961 3349 τῆς

379 3368 602 3440 ἡμέρας
630 3369 695 3422 τὸ
738 3368 1055 3439 πρόσωπον.
1098 3367 1341 3431 Είκότως
1386 3368 1482 3423 καὶ
1526 3370 1554 3422 ό
1586 3369 1755 3432 πολὺς
1804 3362 1962 3433 οὗτος

380 3460 512 3523 λαὸς
560 3459 973 3531 συναγήγερται
1009 3461 1284 3532 σήμερον,
1328 3460 1416 3513 ἵνα
1463 3460 1682 3513 καὶτὸν
1726 3460 1962 3530 σταυρὸν

385 3552 778 3624 φανερωθέντα
818 3550 1087 3621 θεάσηται
1123 3552 1390 3623 σήμερον,
1443 3551 1538 3604 καὶ
1580 3550 1674 3604 τὸν
1724 3550 1962 3621 Χριστὸν

274 3692 278 3695 Α
385 3646 445 3698 ἐν
473 3644 621 3715 αὐτῷ
644 3643 1048 3713 συνυψούμενον
1080 3644 1436 3716 προσκυνήσῃ
1462 3643 1758 3715 θεώμενος.
1798 3644 1965 3713 Ἐφα-

384 3736 597 3809 νερώθη
648 3737 780 3807 γὰρ,
831 3735 923 3790 ἵνα
982 3736 1210 3807 ὑψωθῇ·
1261 3735 1494 3806 ὑψοῦται
1546 3736 1625 3801 δὲ,
1676 3735 1766 3790 ἵνα
1799 3752 1966 3805 φανε-

390 3830 562 3903 ρωθῇ.
593 3830 726 3894 Τίς;
776 3829 836 3883 Ὃ
885 3829 993 3900 πρὸ
1049 3829 1249 3901 μικροῦ
1287 3830 1387 3900 μὲν
1435 3832 1493 3883 ἐν
1536 3830 1693 3899 τόπῳ
1735 3829 1964 3900 κρανίου

387 3921 809 3991 κρυπτόμενος,
855 3920 1137 3991 πανταχοῦ
1195 3921 1255 3975 δὲ
1314 3921 1412 3995 νῦν
1462 3923 1963 3993 προσκυνούμενος.

388 4011 595 4067 Τοῦτον
641 4012 975 4084 ἑορτάζομεν
1022 4014 1300 4084 σήμερονο
1350 4012 1542 4066 τοῦτον
1587 4012 1967 4082 πανηγυρίζο-

392 4120 532 4176 μενο
581 4102 743 4158 τοῦτο
795 4104 895 4176 τῆς
954 4105 1241 4175 παρούσης
1288 4105 1483 4175 ἑορτῆς
1527 4105 1589 4157 τὸ
1645 4105 1965 4173 κεφάλαιον.

388 4195 566 4252 Τοῦτο
583 4199 618 4268 ὴ
637 4196 729 4250 τοῦ
757 4197 1058 4268 μυστηρίου
1085 4198 1413 4266 φανέρωσις.
1444 4196 1586 4251 Ἀλλ’
1611 4195 1728 4268 ὥρα
1760 4196 1966 4261 λοιπὸν,

387 4289 488 4343 καὶ
512 4287 613 4358 τὴν
642 4288 855 4358 ὖψωσιν
883 4289 1054 4343 αὑτοῦ
1080 4289 1178 4343 τοῦ
1224 4288 1462 4362 σταυροῦ
1485 4291 1792 4361 Γραφικαῖς
1822 4307 1967 4361 μαρ-

386 4381 609 4452 ⁴ιυρίαις
648 4380 1045 4437 πιστώσασθαι.
1088 4382 1264 4435 Τοῦτο
1306 4382 1417 4453 γὰρ
1469 4383 1652 4454 μικρῷ
1697 4383 1968 4455 πρότερον

389 4472 773 4545 ὑπεσχόμεθα,
834 4472 942 4528 κᾶν
982 4475 1066 4527 ὅτι
1124 4474 1459 4545 προδραμὼν
1505 4476 1535 4528 6
1569 4474 1750 4545 λόγος,
1795 4474 1864 4529 τά
1910 4475 1970 4528 ἐν

2052 1926 2189 1966 crux
2216 1911 2458 1977 Domini,
2512 1927 2609 1982 per
2636 1928 2800 1983 quam
2840 1913 3066 1969 Christo
3120 1914 3474 1986 desponsata,
3507 1934 3630 1989 qua:

2052 2014 2121 2056 ex
2176 2001 2437 2070 gentibus
2497 2000 2742 2057 Ecclesia
2786 2011 2891 2069 εει,
2951 2002 3213 2073 deposuit
3265 2007 3631 2077 multiplicem

2053 2092 2341 2163 gentilium
2401 2094 2761 2163 impietatem.
2811 2095 3093 2151 Processit
3128 2095 3501 2168 intelligibilis
3534 2098 3631 2155 illa

2056 2180 2297 2236 fidelium
2333 2184 2654 2252 margarita.
2707 2198 2927 2238 corona:
2968 2184 3175 2240 Christi
3210 2185 3388 2242 instar
3418 2188 3636 2260 lychni;

2055 2270 2127 2327 tis
2158 2286 2385 2343 gemmae
2435 2286 2500 2326 ac
2529 2273 2853 2328 carbunculi
2890 2272 3012 2344 (60)
3064 2274 3252 2341 inﬁxa,
3306 2282 3367 2331 ut
3409 2279 3632 2334 univer-

2057 2377 2180 2418 sum
2244 2372 2516 2417 terrarum
2569 2364 2760 2419 orbem
2823 2363 3076 2419 irradiet.
3139 2363 3419 2422 Processit
3465 2383 3634 2423 orna-

2058 2463 2304 2511 mentum
2362 2455 2646 2520 Ecclesiaz,
2706 2470 2842 2510 crux
2897 2456 3135 2522 Domini,
3202 2468 3261 2513 ut
3316 2459 3633 2515 universam

2059 2554 2376 2602 terrestrem
2441 2557 2699 2602 naturam
2753 2547 3106 2604 condecoret.
3175 2549 3454 2607 Processit
3507 2561 3633 2607 tan-

2059 2653 2222 2707 quam
2265 2654 2333 2693 ex
2384 2640 2640 2693 custodia
2673 2638 2885 2704 insons,
2919 2647 2979 2693 ut
3030 2648 3218 2697 sontes
3252 2654 3536 2698 revocaret
3567 2659 3632 2698 ex

2064 2730 2318 2796 vinculis,
2349 2745 2473 2800 quae
2516 2732 2691 2786 teneri
2746 2731 2939 2801 nequit
2977 2739 3032 2786 et
3069 2732 3292 2800 vinciri,
3328 2743 3390 2788 ut
3419 2736 3637 2790 vinctos

2061 2821 2302 2875 vinculis
2332 2822 2688 2887 exsolveret;
2721 2837 2785 2877 ex
2824 2822 3189 2880 tenebricosis
3233 2824 3371 2880 locis
3413 2824 3639 2881 lucerna

2062 2912 2225 2979 lucis,
2258 2921 2319 2968 ut
2350 2912 2588 2983 disjecta
2624 2913 2950 2984 ignorantiae
2991 2923 3175 2980 nocte,
3214 2916 3310 2971 lux
3366 2918 3639 2991 cognitio-

2062 3004 2151 3061 nis
2181 3004 2484 3076 alfulgeret.

2132 3096 2267 3155 Jure
2312 3099 2484 3170 igitur
2536 3097 2808 3164 Ecclesia,
2855 3100 3012 3156 cruci
3053 3097 3272 3153 Domini
3325 3099 3637 3170 gratulans,

2066 3201 2216 3248 veste
2246 3206 2345 3247 sua
2395 3192 2682 3257 amicitur,
2722 3200 2776 3247 et
2818 3206 3037 3262 sponsae
3068 3200 3355 3248 ostentans
3386 3192 3637 3263 pulchri-

2062 3284 2328 3348 tudinem,
2359 3282 2468 3336 diei
2492 3281 2658 3351 hujus
2683 3283 3009 3338 cohonestat
3039 3284 3412 3352 prmsentiam.
3446 3282 3643 3340 Merito

2060 3376 2224 3428 etiam
2255 3374 2450 3443 ingens
2486 3374 2603 3427 haec
2638 3374 2931 3428 multitudo
2958 3374 3125 3430 hodie
3157 3387 3488 3447 congregata
3523 3386 3632 3443 est,

2062 3476 2121 3520 ut
2141 3473 2195 3520 et
2222 3480 2440 3521 crucem
2462 3464 2797 3536 patefactam
2846 3466 3009 3521 hodie
3034 3470 3454 3538 contempletur,
3487 3469 3643 3524 Chri-

2063 3566 2318 3626 stumque
2354 3557 2592 3612 simulin
2614 3558 2703 3611 illa
2722 3558 3025 3612 exaltatum
3060 3558 3250 3614 videns
3282 3561 3471 3615 adoret
3504 3561 3638 3633 (61).

2062 3649 2337 3707 Patefacta
2376 3652 2520 3707 enim
2562 3660 2664 3715 est,
2714 3660 2773 3707 ut
2804 3652 3081 3707 exaltetur
3132 3642 3152 3708 ι
3196 3654 3468 3709 exaltatur
3510 3669 3646 3710 vero

2064 3747 2126 3795 ιιι
2176 3740 2576 3797 manifestetur.
2642 3741 2950 3807 Quaenam?
3002 3740 3099 3797 Illa
3173 3743 3456 3812 videlicet,
3523 3760 3646 3815 quae

2067 3835 2230 3904 paulo
2265 3841 2396 3888 ante
2426 3834 2481 3887 in
2521 3834 2646 3888 loco
2695 3833 2962 3888 Calvarite
3003 3833 3468 3902 abstondcbatur,
3497 3850 3647 3889 nunc

2069 3929 2252 3976 autem
2294 3923 2502 3993 ubique
2548 3924 2837 3977 adoratnr.
2876 3922 3015 3978 Huic
3050 3924 3214 3979 hodie
3264 3925 3468 3980 festum
3500 3926 3645 3981 diem

2071 4015 2426 4080 dedicamus;
2482 4015 2650 4084 hujus
2681 4016 2856 4084 gratia
2921 4016 2974 4069 in
3028 4033 3199 4071 unum
3258 4019 3645 4073 convenimus.

2071 4105 2191 4161 Hoc
2226 4108 2516 4177 praesentis
2567 4105 2691 4160 festi
2737 4115 2904 4177 caput
2933 4115 3053 4174 est;
3100 4107 3216 4161 haec
3276 4108 3521 4179 mysterii
3553 4108 3653 4162 de-

2072 4199 2326 4254 claratio.
2370 4197 2477 4254 Sed
2515 4198 2629 4268 jam
2682 4206 2898 4268 tempus
2947 4207 3134 4253 monet
3165 4206 3224 4252 ut
3259 4199 3648 4254 exaltationem

2077 4293 2254 4362 ipsius
2306 4292 2490 4347 crucis
2540 4290 2842 4361 Scripturae
2868 4290 3200 4346 testimoniis
3230 4292 3648 4345 conlirmemus.

2080 4383 2195 4438 lloc
2234 4384 2382 4439 enim
2410 4385 2575 4453 paulo
2605 4383 2863 4453 superius
2907 4383 3140 4453 polliciti
3189 4397 3402 4450 sumus,
3434 4383 3652 4437 etiamsi

2081 4492 2427 4547 praecurrens
2448 4477 2647 4542 oratio,
2668 4491 2731 4530 ea
2767 4491 2889 4547 quae
2919 4477 2974 4531 in
3014 4474 3199 4531 medio
3224 4483 3406 4541 erant,
3427 4483 3655 4546 praetcr-

391 4565 547 4637 μέσῳ
569 4564 843 4638 παρῆκεν.
871 4565 1021 4620 Ἔδει
1046 4564 1178 4637 γάρ,
1218 4564 1328 4620 ἔδει
1351 4568 1587 4640 φανερὸν
1625 4565 1878 4636 γενέσθαι
1907 4565 1959 4619 τὶ

2078 4570 2162 4626 iit.
2209 4568 2518 4641 Oportebat
2567 4571 2754 4636 enim,
2816 4569 3110 4640 oportebat
3164 4568 3552 4625 absconditum
3594 4578 3655 4624 et

468 4752 493 4785 ³
531 4740 677 4803 Psal.
693 4759 877 4810 Lxxm,
890 4743 982 4801 12.

1721 4873 2115 4931 COMBEFISII
2143 4876 2352 4931 NOTAE.
2367 4918 2379 4932 .

466 4998 581 5070 (60)
605 4996 792 5070 Iusta!
822 4996 1072 5067 lychnitis
1101 5011 1319 5070 gemma:
1350 5006 1400 5049 et
1443 4994 1772 5070 carbuncuti:
1805 4994 1974 5070 Δίκην

387 5064 667 5141 λυχνίτου.
753 5064 1042 5141 Si_§_apte
1105 5064 1355 5141 cohaeret
1408 5064 1600 5141 _priori
1647 5133 1659 5141 _
1691 5064 1771 5117 illi
1830 5064 1977 5131 quod

389 5133 966 5210 ειβιίεειμπροῆλθεν
1007 5138 1035 5188 6
1099 5133 1474 5210 r@v__1ttcth
1513 5133 1704 5203 νοητὸς
1760 5151 1979 5210 μαργα-

394 5203 573 5284 ρίτης.
603 5203 785 5284 Minus
812 5203 949 5284 vero
983 5213 1043 5259 ut
1067 5204 1383 5260 reddiderat
1418 5204 1717 5284 Crelzerns
1746 5203 1982 5284 {instar

391 5275 991 5350 iampndis._lnaudita
1049 5284 1197 5329 certe
1249 5275 1606 5350 metaphora,
1648 5287 1730 5350 ut_
1762 5275 1982 5350 dicatur

389 5346 606 5418 lampas
636 5348 785 5416 infigi
818 5346 980 5418 regiae
1022 5359 1263 5408 coronae,
1316 5360 1416 5418 seu
1449 5347 1615 5418 etiam
1663 5346 1873 5418 aliquid
1921 5346 1979 5401 in

391 5416 623 5479 modum
654 5417 955 5487 lampadis;
1000 5430 1065 5487 ac
1119 5430 1228 5470 non
1280 5417 1454 5487 magis
1506 5416 1645 5485 lapis
1677 5417 1971 5487 pretiosus,

393 5491 640 5548 maxime
711 5486 1129 5557 carbunculus,
1188 5492 1340 5539 totus
1380 5486 1638 5557 emicans
1702 5486 1973 5557 fulgorem

392 5564 673 5633 igneum,“
673 5556 891 5633 qualem
923 5554 1110 5633 Graeca
1132 5569 1240 5633 _v_ox
1279 5556 1556 5633 exprimit.

468 5628 582 5702 (ﬁt)
630 5625 825 5682 Viden:
860 5626 1099 5702 _ado_ret._
1132 5624 1524 5702 llpocmuvqsq
1549 5624 1845 5702 θεώμενος.
1892 5628 1974 5702 Ita

395 5695 665 5767 csum.
695 5710 819 5766 quae
860 5697 1023 5752 lectio
1048 5696 1170 5749 visa
1187 5695 1282 5749 est
1309 5695 1616 5765 probatior.
1653 5695 1862 5753 Videns
1888 5699 1975 5752 ni-

400 5772 605 5839 mitiga
660 5781 888 5823 crucem
946 5768 1271 5831 exaltatam,
1324 5773 1378 5822 et
1430 5767 1608 5838 palam
1660 5768 1975 5838 expositam

2072 4994 2418 5051 adorationis
2447 5011 2641 5055 causa.
2677 4997 2729 5051 iu
2771 5010 2834 5052 ea
2869 4995 2995 5051 fidei
3048 4996 3231 5051 oculis
3254 4995 3547 5051 Christum
3576 4997 3660 5051 vi-

2073 5065 2223 5128 deat,
2249 5074 2304 5121 et
2329 5082 2438 5121 una
2470 5069 2697 5133 adoret;
2737 5082 2858 5135 quae
2889 5075 2977 5121 est
3003 5068 3146 5121 ratio
3195 5067 3319 5122 festi
3348 5066 3660 5122 Exaltatio-

2076 5137 2165 5191 nis
2196 5137 2401 5202 crucis,
2431 5146 2562 5191 ante
2586 5137 2712 5207 ejus
2749 5139 2915 5192 etiam
2937 5138 3319 5207 reductionem
3347 5152 3376 5191 a
3405 5135 3659 5203 Perside,

2076 5221 2145 5262 eo
2175 5207 2398 5278 nomine
2426 5206 2693 5265 celebris:
2725 5215 2784 5261 ut
2815 5209 2965 5278 velut
2991 5206 3352 5278 ἐγκαινισμδς
3381 5217 3436 5278 et
3459 5207 3660 5278 trium-
3715 5234 3723 5243 -

2077 5276 2262 5348 phalis
2316 5277 2458 5344 dies,
2524 5278 2594 5332 ab
2638 5278 2756 5345 ipsa
2811 5277 3053 5348 inventa,
3112 5276 3330 5348 semper
3395 5276 3661 5335 Ecclesiis

2081 5346 2285 5419 fuerit;
2318 5347 2485 5402 aucta
2509 5354 2698 5402 tamen
2725 5346 3020 5419 plurimum
3046 5346 3337 5419 religione,
3359 5363 3391 5401 a
3414 5349 3663 5405 secunda

2076 5417 2188 5490 illa;
2226 5418 2351 5490 ejus
2380 5419 2660 5490 positione
2702 5434 2806 5490 per
2862 5417 3176 5490 ljeracliuni
3238 5418 3660 5490 Hierosolymis.

2079 5486 2269 5543 Refert
2297 5486 2546 5560 Andreas
2586 5487 2654 5541 ad
2699 5486 2817 5558 ipsa
2857 5488 3206 5545 Constantini
3236 5486 3666 5560 temporalium;

2077 5559 2245 5631 ritum
2278 5559 2576 5631 elevandae
2624 5555 2844 5631 crucis,
2873 5568 2928 5614 et
2982 5560 3324 5631 exhibendae
3350 5555 3558 5631 populo
3594 5555 3667 5614 ad

2079 5629 2504 5701 adorationem;
2558 5644 2673 5699 quo
2722 5629 3236 5701 modopetiamnum
3281 5628 3512 5701 Taprini
3575 5643 3669 5685 sa.

2081 5713 2249 5773 crum
2282 5699 2590 5773 sudarium,
2623 5701 2863 5770 aliisque
2900 5699 3042 5773 locis
3078 5699 3383 5757 sacratalia
3412 5701 3668 5773 pignora.

2081 5769 2341 5828 manibus
2376 5771 2703 5841 pontiﬁcum
2732 5769 3064 5844 quandoque
3091 5769 3500 5832 monstrantur:
