4016 6130
365 325 494 386 1L“

1345 324 1428 385 IN
1461 322 2057 384 EXALTATIONEM
2096 321 2156 380 S.
2205 315 2500 378 CRUCIS.
2542 314 2626 375 II.

3475 307 3623 375 1042

357 435 772 506 παυρωθέντος
800 433 1062 507 Χριστοῦ,
1089 435 1184 490 καὶ
1213 434 1310 488 τοῦ
1341 434 1436 488 νῦν
1459 433 1748 504 ὐψωμένου
1783 449 1942 486 σταυ-

2069 445 2102 483 n
2143 428 2372 498 ﬁgurant
2429 423 2678 479 cruciﬁxi
2739 421 2966 484 Christi,
3009 429 3072 477 et
3128 422 3270 492 ejus,
3327 435 3452 492 qua:
3479 436 3626 476 nunc

361 533 483 605 ροῦ.
523 550 544 584 ι
571 527 764 602 Στήτω
812 531 967 602 ἥλιος
1010 531 1155 586 κατὰ
1202 528 1456 594 Γαϐαὼν,
1510 529 1606 582 καὶ
1641 530 1674 599 ἡ
1734 527 1937 597 σελήνη

359 625 504 680 κατὰ
535 624 797 695 φάραγγα
823 623 1020 688 Αίλὼν,
1055 642 1072 674 ι
1109 622 1526 677 καταναλίσκων
1561 618 1772 690 Ἰησοῦς
1807 635 1940 672 ποτε

324 763 331 769 .
357 721 454 775 τὸν
483 717 734 790 Ἀμαλὴκ
759 718 981 790 ηὔχετο,
1009 720 1108 789 οὐχ
1139 718 1227 772 ἵνα
1260 719 1422 789 μόνον
1457 716 1554 770 τοῦ
1579 714 1814 786 σταυροῦ
1845 712 1943 783 τὴν

359 812 598 884 ἡμέραν.
629 809 756 865 καθ’
787 811 854 882 ἢν
878 813 940 865 τὸ
963 813 1152 875 σκότος
1185 813 1270 880 ἐφ’
1301 811 1430 880 ὃλην
1461 811 1560 882 τὴν
1587 811 1692 880 γῆν
1714 808 1944 877 ἐξετάθη

365 903 609 976 μηνύσῃ,
641 903 751 956 οὐδ’
783 903 871 956 ἵνα
921 903 983 956 τὸ
1009 903 1110 974 τῆς
1138 902 1426 972 δυνάμεως
1477 901 1611 972 ὕψος
1654 900 1748 954 τοῦ
1781 898 1944 963 Θεοῦ,

362 995 576 1049 καὶτὸν
608 996 732 1048 κατ’
763 993 978 1066 ἐχθρῶν
1023 994 1312 1064 ὑψωθέντα
1356 993 1619 1064 βραχίονα
1651 993 1771 1046 κατ’
1799 992 1946 1044 ἐκεί⁴

364 1101 468 1154 νην
503 1083 849 1154 πιστώσηται
878 1087 977 1156 τὴν
1006 1085 1248 1156 ἡμέραν,
1271 1084 1388 1138 ἀλλ’
1416 1084 1504 1138 ἵνα
1527 1084 1622 1138 καὶ
1649 1085 1745 1136 τοῦ
1779 1101 1946 1138 σταυ-

369 1174 466 1246 ροῦ
508 1176 611 1246 τὴν
641 1174 852 1245 ὕψωσιν
894 1175 1242 1248 προμηνύσῃ,
1287 1177 1384 1229 xa‘t
1427 1175 1524 1246 τὴν
1555 1177 1615 1228 ἐν
1661 1173 1813 1245 αὕτῷ
1849 1173 1946 1228 τοῦ

377 1266 563 1320 Ἡλίου
592 1267 692 1335 τῆς
725 1266 884 1337 δόξης
913 1267 1100 1322 ἄνοδον
1129 1265 1500 1338 -προτυπὼσῃ,
1546 1265 1823 1339 Προσάγει
1853 1265 1949 1320 καὶ

383 1357 639 1428 Ἀϐραάμ
679 1360 760 1422 εἰς
793 1357 968 1410 τύπον
1001 1356 1094 1411 τοῦ
1151 1357 1417 1428 μυστικοῦ
1448 1357 1690 1427 θύματος
1723 1355 1824 1426 τὴν
1855 1355 1949 1408 θυ-

372 1449 518 1514 σίαν,
555 1447 693 1501 άλλά
719 1449 787 1518 τῇ
818 1447 874 1514 ἐξ
909 1446 1077 1517 ὕψους
1116 1449 1270 1518 φωνῇ
1300 1449 1646 1517 παραχρῆμα
1685 1443 1948 1512 πεισθεὶς,

370 1541 465 1594 τὸν
491 1541 548 1594 ὲν
589 1539 742 1609 φυτῷ
777 1539 958 1594 Σαϐὲκ
996 1539 1265 1608 ὁραθέντα
1305 1537 1478 1609 κριὸν,
1527 1540 1588 1592 ἐν
1633 1537 1811 1608 ὑψηλῇ
1856 1536 1952 1590 τοῦ

370 1631 536 1702 ϐρους
571 1633 830 1702 περιωπῇ
889 1630 1238 1700 συμϐολικῶς
1280 1629 1464 1695 ἔθυσε,
1502 1628 1601 1700 τὴν
1657 1629 1744 1698 ἐφ’
1784 1628 1954 1698 ὕψους

369 1723 467 1776 τοῦ
499 1722 740 1794 σταυροῦ
769 1723 1227 1794 προτυπούμενος
1261 1720 1516 1792 ἔπαρσιν.

2045 521 2322 577 exaltatur
2351 517 2558 572 crucis.
2594 535 2612 568 ι
2649 515 2765 571 Stet
2797 516 2879 572 sol
2909 529 3106 570 Contra
3132 513 3378 576 Gabaon,
3413 521 3469 568 et
3495 513 3627 568 luna

2045 624 2240 668 contra
2289 611 2487 665 vallem
2525 610 2688 663 Ailon
2725 611 2772 673 ε,
2819 627 2838 660 ι
2894 619 3151 678 precatus
3210 614 3295 662 est
3347 603 3627 676 quondam

2045 705 2208 760 Jesus
2251 718 2588 758 consumens
2619 701 2843 755 Amalec
2877 717 2894 754 :
2946 717 3055 755 non
3098 705 3314 754 tantum
3347 706 3407 752 ιιι
3447 696 3630 752 crucis

2017 798 2215 863 diem,
2258 811 2368 866 qua
2410 795 2652 850 tenebrae
2693 808 2858 864 super
2911 793 3232 848 universam
3286 799 3488 846 terram
3519 788 3632 844 diﬁ-
3679 819 3689 828 -

2049 890 2188 944 fusae
2212 887 2412 953 sunth,
2443 893 2800 957 praenotaret,
2833 899 3012 956 neque
3065 893 3124 939 ut
3169 885 3259 939 die
3303 885 3398 939 illo
3430 885 3631 939 conﬁr-

2050 989 2227 1038 maret
2269 979 2618 1034 altitudinem
2655 977 2920 1048 potentiae
2952 976 3073 1042 Dei,
3122 985 3176 1031 et
3205 977 3495 1032 brachium
3531 975 3630 1030 ad-

2050 1089 2245 1130 versus
2293 1073 2482 1128 hostes
2521 1072 2823 1136 elevatum,
2863 1069 2958 1126 scd
3000 1079 3058 1125 ut
3104 1078 3158 1124 et
3193 1071 3377 1125 crucis
3407 1069 3632 1125 cxzilta—

2053 1167 2261 1223 tionem
2295 1164 2766 1236 pratsigniﬁcaret,
2795 1170 2851 1218 ct
2882 1163 2938 1218 in
2971 1178 3031 1216 ea
3063 1161 3183 1232 ejus
3217 1163 3310 1233 qui
3340 1163 3422 1218 sol
3447 1162 3635 1232 gloria:

2052 1267 2160 1323 est,
2217 1272 2512 1313 ascensum
2566 1255 2967 1326 praeﬁguraret.
3003 1255 3180 1310 Otl‘crt
3207 1263 3260 1310 et
3296 1255 3574 1310 Abraham
3610 1256 3629 1297 ί

2055 1349 2110 1402 in
2142 1347 2372 1418 ﬁguram
2405 1352 2657 1419 mysticae
2691 1347 2931 1402 victima:
2954 1347 3289 1402 sacriﬁcium
3317 1365 3332 1400 :
3379 1347 3475 1403 sed
3505 1363 3638 1402 con-

2055 1435 2213 1490 tinuo
2241 1435 2363 1490 voci
2395 1451 2460 1489 ex
2491 1435 2602 1489 alto
2639 1437 2898 1491 demissa:
2945 1436 3356 1506 obtemperans,
3387 1437 3634 1501 arietem,

2057 1545 2220 1601 quem
2278 1531 2332 1584 in
2394 1530 2582 1600 planta
2643 1529 2817 1586 Salicc
2871 1529 2984 1600 (65)
3029 1530 3268 1594 viderat,
3311 1529 3365 1583 in
3415 1530 3638 1584 excelso

2031 1623 2266 1714 ‘montis
2294 1621 2518 1692 fastigio
2547 1623 2850 1694 symbolice
2883 1621 3240 1687 sacriﬁcavit,
3281 1622 3640 1693 praeﬁgurans

2059 1715 2246 1769 crucis
2279 1715 2334 1768 in
2373 1715 2544 1770 altum
2581 1715 2902 1770 elationem.

441 1810 631 1887 τΗρίιν
663 1831 797 1868 ποτε
827 1817 910 1878 εἰς
940 1813 1074 1885 ὕψος
1096 1815 1198 1878 τὰς
1235 1817 1426 1886 χεῖρας
1455 1817 1503 1868 οἱ
1538 1816 1670 1887 περὶ
1691 1815 1957 1886 Ἀζαρίαν

2134 1805 2494 1861 Sustulerunt
2547 1806 2678 1860 olim
2746 1822 2943 1862 manus
3000 1809 3054 1862 in
3085 1808 3280 1872 altum,
3330 1807 3557 1862 Azarias
3589 1814 3641 1859 et

373 1909 434 1961 ἑν
455 1907 532 1979 τῷ
552 1907 654 1978 τῆς
681 1907 1286 1978 Βαϐυλωνίας-καμίνου
1318 1908 1472 1979 πυρὶ,
1501 1909 1954 1980 προσευχόμενοι,

375 2002 472 2053 καὶ
505 1999 605 2070 τὴν
661 2000 742 2063 είς
794 1999 928 2070 ὕψος
977 1999 1242 2070 ἀρθεῖσαν
1279 1999 1454 2070 φλόγα
1496 1999 1590 2054 τοῦ
1655 2000 1831 2071 πυρὸς
1857 2001 1957 2072 τῆς

375 2091 612 2162 καμίνου
639 2090 1009 2146 κατέσϐεσανο
1063 2093 1130 2164 τῇ
1159 2088 1284 2146 τῶν
1317 2091 1516 2164 χειρῶν
1567 2092 1825 2154 ἐκτάσει,
1867 2093 1959 2145 τὸν

375 2183 686 2253 ὕψούμενον
749 2183 984 2256 σταυρὸν
1037 2183 1492 2254 σχηματίζοντες.
1545 2184 1770 2254 ’Ύψωσέ
1818 2203 1959 2251 ,ποτε

389 2274 580 2337 Ἰωνᾶς
613 2273 714 2346 τὴν
743 2276 952 2344 φωνὴν,
986 2275 1348 2346 σταυροειδῶς
1377 2275 1600 2346 ὕψώσας
1621 2276 1722 2340 τὰς
1747 2280 1958 2348 χεῖρας,

377 2365 475 2418 καὶ
501 2364 600 2436 τὴν
643 2365 704 2430 ἐξ
733 2365 902 2435 ὕψους
943 2365 1144 2420 αὐτίκα
1185 2366 1413 2438 δύναμιν
1459 2369 1830 2432 ἐπεσπάσατο,
1870 2369 1960 2434 ἐξ·

379 2454 602 2525 εμεθεὶς
657 2455 754 2508 τοῦ
799 2455 992 2528 θηρίου
1045 2457 1361 2529 ἀλωϐἡτως.
1405 2459 1633 2529 ’Ύψωσέ
1683 2477 1815 2512 ποτε
1868 2461 1963 2515 τὸν

380 2547 655 2617 ἀκινάκην
689 2546 897 2618 Ἰουδὴθ
932 2549 966 2618 ἡ
1017 2548 1347 2620 περιϐόητος
1380 2551 1526 2604 κατὰ
1563 2551 1662 2620 τῆς
1704 2549 1962 2620 Ὀλοφέρ-

381 2655 477 2692 νου
511 2639 758 2710 κεφαλῆς
783 2640 1160 2706 καθεύδοντος,
1189 2643 1284 2696 τοῦ
1330 2643 1568 2712 σταυροῦ
1608 2643 1964 2714 προτυποῦσα

379 2729 484 2801 τὴν
515 2729 747 2801 ὕψωσιν,
775 2735 870 2786 καὶ¹
907 2733 1008 2804 τὴν
1059 2735 1339 2806 σωτηρίαν
1363 2735 1443 2806 τῷ
1482 2735 1702 2807 Ἰσραὴλ
1743 2752 1966 2807 κατειρ-

382 2823 612 2890 γάσατο.
643 2825 901 2895 Ὗψωσεν
932 2827 990 2881 ὲν
1009 2826 1200 2898 λάκκῳ
1223 2826 1452 2880 λεόντων
1481 2827 1614 2880 ποτὲ
1644 2827 1844 2900 Δανιὴλ.
1864 2831 1965 2898 τὴν

383 2909 572 2982 φωνὴν
602 2912 742 2983 πρὸς
772 2913 866 2967 τὸν
890 2913 1179 2984 ’Υψιστοιη
1213 2915 1306 2968 τοῦ
1350 2914 1590 2986 σταυροῦ
1621 2916 1722 2988 τὴν
1753 2915 1966 2986 ὕψωσιν

384 3003 704 3072 προτυπῶν,
749 3006 841 3059 ὅτε
871 3005 931 3058 τὸ
972 3005 1195 3077 ἄριστον
1245 3007 1274 3058 ὁ
1303 3007 1594 3078 προφήτης
1640 3005 1966 3078 Ἀμϐακοῦμ

383 3093 536 3164 αὐτῷ
573 3095 964 3165 προσηγάγετο
1003 3096 1368 3168 διαρπασθεὶς
1409 3102 1466 3152 ὲν
1517 3099 1681 3170 ῥοπῇ.
1707 3100 1772 3152 Τί
1799 3099 1856 3152 δὲ
1889 3100 1967 3170 τῷ

2058 1897 2197 1951 socii
2255 1897 2310 1951 in
2367 1897 2719 1968 Babyloniae
2783 1897 3028 1954 fornacis
3088 1899 3214 1962 ine
3267 1908 3557 1968 precantes
3590 1895 3638 1961 i,

2057 1996 2113 2041 et
2132 1988 2332 2042 elatam
2359 1988 2413 2040 in
2441 1989 2610 2042 altum
2633 1989 2774 2059 ignis
2792 1987 3066 2043 ﬂammam
3093 1991 3500 2054 cxstinxerunt,
3529 2005 3644 2042 ma—

2061 2095 2230 2134 nuum
2263 2080 2590 2136 extensione
2642 2095 2864 2136 crucem
2894 2081 3190 2136 exaltatum
3224 2081 3639 2136 adumbrantes.

2063 2169 2308 2224 Elevavit
2363 2169 2664 2239 aliquando
2721 2169 2890 2228 Jonas
2943 2187 3129 2228 vocem
3183 2173 3232 2235 ιι,
3283 2173 3536 2225 manilius
3587 2176 3644 2225 in

2063 2261 2247 2315 crucis
2289 2259 2520 2314 formam
2572 2263 2846 2328 sublatis,
2903 2273 2956 2318 et
3015 2266 3202 2318 statim
3264 2264 3528 2318 virtutem
3575 2279 3641 2318 ex

2063 2354 2174 2408 alto
2222 2354 2469 2420 attraxit,
2511 2353 2633 2409 sine
2687 2369 2832 2408 noxa
2885 2369 2952 2409 ex
3018 2355 3204 2410 bellua
3237 2355 3464 2422 ejcctus.
3521 2356 3646 2408 Ele-

2063 2451 2213 2502 vavit
2263 2447 2562 2517 aliquando
2617 2447 2978 2504 celeberrima
3035 2449 3125 2502 illa
3177 2447 3364 2502 Juditli
3398 2447 3416 2486 ι
3454 2451 3645 2503 acina-

2064 2555 2183 2596 cem
2215 2541 2270 2595 in
2301 2539 2668 2610 llol0phernis
2703 2540 3033 2597 dormientis
3063 2550 3248 2612 caput,
3295 2543 3482 2597 crucis
3511 2557 3649 2612 prae-

2067 2634 2312 2706 ﬁguraus
2343 2635 2756 2698 exaltatiouem,
2797 2635 3146 2702 salutemque
3186 2633 3376 2690 Israeli
3411 2637 3646 2703 peperit.

2066 2725 2316 2781 Elevavit
2370 2727 2675 2797 aliquando
2709 2728 2764 2781 in
2808 2728 2928 2781 lacu
2971 2729 3193 2781 leonum
3236 2729 3422 2782 Daniel
3456 2743 3647 2782 vocem

2067 2820 2134 2874 ad
2213 2819 2591 2882 Altissimum,
2661 2820 2847 2876 crucis
2925 2819 3318 2875 exaltationem
3392 2821 3648 2890 prcedclio

2069 2926 2240 2967 neans
2271 2921 2334 2976 π’,
2384 2913 2610 2982 quando
2657 2912 2948 2982 prandium
2977 2913 3252 2982 propheta.
3277 2913 3536 2968 llabacuc
3568 2924 3654 2967 at-

2072 3003 2219 3065 tulit,
2283 3003 2336 3056 in
2387 3011 2666 3058 momento
2715 3005 2986 3073 temporis
3025 3011 3236 3074 raptus.
3279 3005 3343 3057 Et
3399 3007 3650 3075 quat-nam

2070 3093 2343 3148 sententia
2395 3093 2669 3158 Jeremiaa,
2725 3111 2788 3149 ex
2830 3111 3064 3165 persona
3119 3111 3312 3150 eorum
3345 3098 3437 3167 qui
3468 3097 3652 3152 Domi-

396 3185 641 3258 Ἱερεμίᾳ
675 3189 844 3255 δοκεῖ,
871 3189 1082 3258 λέγοντι
1118 3191 1182 3244 ὲκ
1218 3189 1520 3262 προσώπου
1550 3193 1962 3262 Κυριοκτόνων,

2073 3200 2204 3238 num
2271 3185 2612 3250 occiderunt,
2669 3187 2950 3242 dicentis:
3016 3207 3034 3240 ι
3106 3187 3318 3254 Venite,
3372 3191 3656 3245 mittamus

390 3294 411 3329 ι
441 3276 608 3331 Δεῦτε
653 3281 746 3332 καὶ
813 3281 1165 3352 ἐμϐάλωμεν,
1215 3281 1508 3350 λεγόντων.
1542 3281 1703 3348 ξύλον
1748 3285 1830 3346 εἰς
1875 3283 1968 3336 τὸν

385 3369 556 3436 ἄρτον
600 3361 788 3436 αὐτοῦ,
839 3374 934 3424 καὶ
979 3371 1328 3444 ὲκτρίψωμεν
1358 3373 1466 3426 ἀπὸ
1511 3374 1616 3444 γῆς
1667 3373 1769 3444 τὴν
1823 3363 1969 3446 ζωὴν

385 3461 586 3524 αῦτοῦ;
616 3481 635 3512 ι
663 3463 726 3516 Τί
753 3464 810 3517 δὲ
835 3463 930 3518 τοῦ
963 3465 1185 3518 Ἡσαΐου
1215 3465 1465 3536 βούλεται
1489 3468 1556 3520 τά
1581 3467 1967 3538 παραπλήσια,

385 3550 661 3620 λέγοντος,
693 3555 768 3625 πῆ
807 3555 904 3625 μέν
925 3573 936 3584 ·
977 3575 995 3608 ι
1027 3556 1114 3619 Ὠς
1145 3556 1416 3628 πρόϐατον
1447 3558 1539 3610 ἐπὶ
1563 3558 1776 3628 σφαγὴν
1801 3558 1966 3629 ἢχθη,

387 3644 485 3696 καὶ
505 3643 580 3708 ὡς
607 3645 774 3715 ἀμνὸς
799 3647 1042 3702 ἐναντίον
1057 3647 1152 3701 τοῦ
1171 3649 1450 3718 κείραντος
1473 3649 1657 3713 αὐτὸν,
1683 3651 1918 3720 ἄφωνος·
1943 3671 1964 3705 ι

387 3737 506 3802 καὶ,
537 3756 555 3788 ι
593 3737 686 3790 Ἐν
706 3743 770 3810 τῇ
796 3741 1122 3794 ταπεινώσει
1150 3743 1314 3796 αὐτοῦ
1346 3745 1378 3812 ἡ
1409 3743 1589 3812 κρίσις
1615 3743 1780 3797 αὐτοῦ
1801 3743 1966 3816 ἣρθη,

386 3828 472 3882 ὅτι
493 3828 702 3900 αἴρεται
719 3831 828 3884 ἀπὸ
848 3831 997 3902 γῆςή
1021 3831 1134 3904 ζωὴ
1160 3832 1348 3886 αὑτοῦ·
1381 3853 1398 3885 ι
1423 3835 1496 3904 πῆ
1520 3835 1599 3900 δὲ,
1625 3854 1644 3885 ι
1677 3836 1788 3888 Καὶ
1805 3837 1968 3898 αὐτὸς

389 3920 669 3992 ἁμαρτίας
724 3925 936 3976 πολλῶν
998 3927 1288 3996 ἀνήνεγκε.
1322 3945 1340 3977 ι
1381 3927 1528 3991 Ποῦ,
1574 3929 1623 3980 εἰ
1691 3927 1765 3998 μὴ
1794 3927 1852 3980 ὲν
1891 3927 1970 3998 τῷ

386 4015 483 4070 τοῦ
525 4016 762 4086 σταυροῦ
796 4017 973 4088 iulg);
1017 4020 1094 4082 εις
1117 4019 1176 4072 ὂν
1223 4019 1433 4073 καὶτὸν
1467 4020 1632 4091 ἄρτον
1663 4022 1972 4092 ὲμπερονή-

389 4125 608 4172 σαντες,
641 4109 702 4161 οὕ
739 4109 1007 4180 μεθῆκαν,
1039 4113 1086 4164 εί
1121 4112 1196 4182 μὴ
1239 4113 1332 4164 καὶ
1381 4113 1462 4174 εἰς
1509 4111 1642 4181 ὕψος
1674 4112 1968 4178 ἀνέθεσαν,

387 4203 470 4262 εἰς
496 4199 801 4270 μαρτύριον
823 4203 932 4254 τῶν
973 4201 1246 4274 ὁρώντων,
1290 4206 1384 4256 καὶ
1416 4203 1586 4256 τόπον
1619 4204 1720 4274 τῆς
1746 4221 1964 4275 προκει-

389 4291 566 4362 μένης
607 4292 890 4362 fidae-302mg.
920 4295 1093 4348 Τοῦτο
1122 4289 1184 4348 δὲ’
1207 4295 1258 4347 τί
1288 4295 1407 4348 ποτ’
1439 4295 1505 4348 ἂν
1536 4296 1786 4365 εἴποιμεν
1812 4295 1971 4363 εἶναι,

385 4383 421 4454 ἢ
457 4384 550 4436 τοῦ
579 4385 814 4452 σταυροῦ
841 4387 1162 4458 τὴνῦψωσιν
1198 4387 1291 4440 καὶ
1319 4386 1622 4452 ἀνάδειξινς
1661 4388 1851 4460 ὥσπερ
1882 4390 1976 4442 καὶ

2075 3277 2285 3344 lignum
2315 3277 2368 3329 in
2424 3293 2616 3346 panem
2667 3278 2810 3345 ejus,
2869 3289 2924 3333 et
2960 3279 3244 3336 deleamus
3288 3281 3360 3336 de
3397 3292 3539 3337 terra
3569 3283 3656 3337 vi-

2074 3377 2180 3422 tam
2207 3367 2332 3436 ejus
2369 3378 2418 3421 ιι.
2453 3387 2470 3418 ι
2527 3370 2669 3434 Quid
2724 3380 2906 3424 autem
2965 3372 3059 3425 illa
3120 3371 3276 3428 Isaiae
3309 3375 3411 3428 sibi
3466 3377 3658 3430 volu‘nt

2074 3461 2160 3514 his
2196 3461 2426 3525 similia,
2463 3461 2726 3525 dicentis,
2757 3462 2963 3515 alicubi
2993 3461 3218 3531 quidem
3254 3485 3268 3520 :
3310 3485 3330 3517 ι
3369 3465 3656 3538 Tanquam

2072 3553 2192 3608 ovis
2245 3553 2312 3607 ad
2351 3553 2687 3608 occisionem
2754 3553 2957 3608 ductus
3003 3566 3119 3619 est,
3150 3565 3204 3608 et
3261 3559 3423 3625 quasi
3481 3573 3659 3628 agnus

2075 3659 2259 3700 coram
2296 3645 2559 3699 tondente
2591 3653 2874 3709 se,mutus
2904 3657 2953 3700 ι’.
2995 3665 3013 3699 ι
3054 3649 3138 3713 Ει,
3192 3667 3212 3699 ι
3255 3648 3311 3702 In
3345 3649 3661 3706 humilitate

2074 3734 2196 3803 ejus
2245 3735 2518 3805 judicium
2563 3737 2687 3808 ejus
2735 3739 3014 3794 sublatum
3060 3750 3168 3806 est,
3228 3742 3491 3812 qtmniam
3556 3744 3661 3797 tol—

2075 3825 2210 3879 litur
2237 3827 2305 3881 de
2347 3835 2496 3882 terra
2539 3831 2650 3882 vita
2683 3830 2802 3900 ejus
2838 3841 2914 3880 tm
2939 3833 3144 3887 alicubi
3185 3850 3350 3890 vero:
3392 3854 3410 3887 ι
3450 3835 3513 3890 Et
3545 3837 3662 3906 ipse

2075 3929 2306 3986 peccata
2359 3921 2658 3976 multorum
2724 3925 2850 3976 tulit
2881 3933 2931 3976 ει.
2974 3944 2993 3976 ι
3035 3926 3160 3988 Ubi,
3204 3929 3305 3982 nisi
3357 3929 3410 3982 in
3471 3931 3661 3983 crucis

2077 4008 2266 4078 ligno?
2299 4011 2352 4064 in
2389 4027 2496 4078 qua
2530 4026 2587 4067 et
2615 4028 2812 4082 panem
2845 4031 2974 4069 cum
3013 4018 3334 4084 aﬁixisscnt,
3371 4036 3474 4074 ltOu
3509 4024 3662 4092 prius

2079 4101 2412 4158 dimiserunt
2450 4119 2614 4172 quam
2651 4106 2708 4158 in
2735 4107 2906 4160 altum
2947 4109 3284 4170 crevissent,
3319 4111 3373 4164 in
3413 4115 3664 4167 testimo-

2081 4194 2231 4248 nium
2271 4205 2647 4263 spectatorum
2682 4207 2735 4251 et
2776 4197 2828 4250 in
2895 4198 3124 4266 ﬁguram
3183 4200 3464 4257 hodierna
3518 4207 3665 4256 exal—

2081 4287 2332 4342 tationfs.
2397 4287 2508 4342 Hoc
2565 4305 2690 4343 vero
2723 4291 2856 4358 quid
2919 4291 3068 4344 aliud
3120 4308 3244 4346 esse
3294 4297 3663 4361 retinebimus,

2081 4395 2246 4448 quam
2285 4379 2472 4434 crucis
2519 4381 2911 4436 exultationem
2953 4393 3008 4436 et
3061 4385 3471 4440 ostensioncm:
3521 4387 3667 4441 sietit

387 4476 491 4546 τὴν
521 4479 614 4530 τοῦ
645 4479 924 4548 προϐάτου
976 4480 1213 4549 σφαγὴν,
1267 4479 1704 4552 ἀνε[νε]χθέντος
1745 4483 1838 4534 ἐπὶ
1871 4481 1962 4534 τοῦ

2081 4479 2136 4526 et
2166 4472 2500 4526 occisionem
2536 4475 2656 4528 ovis
2694 4476 2745 4527 in
2781 4491 3004 4529 crucem
3065 4478 3315 4536 sublata-9.
3368 4487 3424 4532 et
3457 4481 3668 4550 alligen-

389 4568 654 4638 σταυροῦ,
683 4570 778 4623 καὶ
815 4571 1232 4640 προσπήξαντος
1265 4571 1356 4624 τοῦ
1399 4572 1606 4643 κόσμου
1640 4572 1741 4636 τὰς
1785 4574 1972 4642 ἁμαρ-

385 4657 532 4722 τίας,
561 4651 604 4726 ᾧ
661 4661 756 4712 καὶ
797 4660 945 4730 αὕτῴ
987 4659 1081 4713 τοῦ
1120 4663 1354 4730 σταυροῦ
1404 4661 1502 4730 τὴν
1549 4661 1757 4731 ὕψωσιν
1799 4678 1973 4716 κατα-

389 4749 580 4817 φανῶς
613 4751 1030 4820 παραδείκνυσι.
1061 4755 1172 4805 Καὶ
1210 4752 1332 4816 ἃλις
1362 4754 1461 4815 τὰς
1501 4753 1792 4821 Γραφικᾶς
1825 4771 1968 4824 μαρι-

387 4843 587 4912 τυρίας
618 4845 871 4911 ἐπάγειν,
899 4845 992 4898 τοῦ
1027 4845 1262 4914 σταυροῦ
1295 4846 1844 4914 προαναφωνησάσας
1880 4845 1978 4916 τὴν

391 4933 628 5002 ὕψωσιν,
663 4937 737 5001 ὡς
786 4937 851 4990 ἂν
879 4936 954 5008 μὴ
1006 4937 1320 5007 προσκορης
1351 4938 1376 4988 ὀ
1415 4937 1574 5004 λόγος
1617 4936 1830 5004 γένοιτο
1866 4939 1980 5001 τοῖς

391 5026 636 5088 πολλοῖς.

481 5119 674 5190 Ἡμεῖς
718 5120 796 5186 δὲ,
827 5120 918 5173 τὸν
949 5122 1186 5192 Χριστὸν
1221 5124 1278 5176 ἐν
1313 5122 1462 5193 αὐτῷ
1517 5123 1976 5198 προσκυνοῦντες,

367 5212 756 5282 κατανοῶμεν
799 5215 898 5282 τῆς
931 5215 1096 5268 αὑτοῦ
1151 5215 1434 5285 δυνάμεως
1485 5215 1545 5268 τὸ
1594 5215 1849 5284 μέγεθος,
1885 5217 1979 5269 καὶ

391 5305 497 5357 ὅσα
523 5304 592 5357 δι’
624 5306 791 5358 αὑτοῦ
839 5309 969 5376 περὶ
992 5309 1138 5378 ἡμᾶς
1160 5308 1508 5379 ᾠκονόμηται
1541 5307 1816 5376 θαύματα,
1834 5307 1980 5360 καθά

491 5421 516 5459 ε
552 5419 686 5484 Jos.,
767 5439 820 5480 κ,
870 5421 951 5476 12.

1069 5424 1092 5462 ¹ι
1153 5423 1344 5476 Matth.
1395 5440 1564 5483 xxvtt,
1616 5425 1703 5478 43.

397 5487 417 5528 ³
453 5487 680 5560 Juditlt,
705 5508 825 5554 xm,
858 5494 908 5546 9.

990 5493 1170 5546 mDan.
1214 5512 1322 5559 .‘tlt’,
1361 5497 1448 5548 30.

1817 5426 1832 5464 ί
1881 5423 2017 5478 Gen.
2085 5423 2308 5484 x'm,l.'i
2354 5438 2511 5490 seqq.

1529 5503 1552 5529 "
1588 5494 1887 5560 Jcrcm.xr,
1927 5496 2014 5548 l9.

2083 4565 2154 4618 tis
2211 4575 2437 4634 peccata
2473 4569 2661 4620 mundi
2697 4585 2808 4636 quo
2869 4569 2990 4638 ipso
3045 4571 3232 4624 crucis
3275 4573 3663 4628 cxaltationem

2027 4714 2033 4720 ,
2080 4659 2377 4728 perapicue
2427 4661 2793 4716 demonstrat.
2828 4661 2892 4714 Et
2924 4666 3062 4718 satis
3088 4663 3306 4734 quidem
3337 4667 3500 4722 fuerit
3531 4668 3666 4721 liac-

2079 4759 2238 4806 tenus
2272 4752 2574 4808 adduxisse
2607 4751 2910 4822 Scriptum
2947 4757 3288 4820 testimonia,
3329 4775 3448 4826 qme
3480 4761 3667 4813 crucis

2077 4844 2475 4900 exultationem
2536 4851 3008 4916 pranntmtiarunt,
3049 4868 3116 4905 ne
3150 4852 3290 4906 forte
3325 4855 3512 4908 multis
3542 4869 3669 4908 ora-

2081 4939 2156 4990 tio
2187 4938 2410 4992 taedium
2443 4948 2498 4994 et
2530 4942 2842 4998 satietatem
2872 4945 3086 4999 aﬁ‘erat.

2150 5115 2262 5172 Nos
2290 5135 2421 5174 vero
2477 5119 2760 5176 Christum
2791 5123 2843 5176 in
2879 5124 2970 5176 illa
3023 5125 3340 5187 adoran'es,
3383 5114 3666 5196 intelliga-

2089 5229 2211 5268 mus
2239 5214 2498 5282 potcntize
2538 5214 2659 5283 ejus
2717 5205 3174 5286 magnitudinem,
3237 5229 3286 5271 ct
3324 5227 3528 5286 quanta
3575 5211 3670 5288 per

2090 5306 2238 5359 illam
2267 5307 2414 5360 circa
2445 5322 2566 5372 nos,
2605 5307 2792 5362 divina
2853 5309 3293 5378 dispensatione.
3333 5311 3450 5364 sint.
3473 5325 3668 5380 perpe-

2623 5422 2636 5473 i
2687 5424 2822 5478 Dan.
2871 5442 2952 5490 Ill,
2999 5428 3090 5480 Ἡ-
3205 5427 3230 5466 ιι
3271 5428 3425 5482 Joaae.
3505 5443 3564 5492 ιι,
3608 5427 3668 5484 2.

2095 5504 2116 5526 ο
2141 5494 2244 5546 lsa.
2280 5508 2396 5557 LIII,
2437 5494 2484 5547 7.
2563 5505 2590 5542 ρ
2623 5495 2754 5548 ibid.
2789 5495 2841 5549 8.
2920 5506 2946 5544 (ι
2974 5497 3104 5552 ibid.
3145 5497 3228 5551 19..

1659 5603 2046 5658 (.IOMBEFlSll
2078 5603 2308 5658 NOTAE.

471 5693 585 5760 ((35)
625 5692 688 5767 In
734 5695 921 5761 planta
957 5696 1147 5750 Situm.
1183 5697 1259 5750 Ita
1287 5697 1453 5760 LXX,
1491 5697 1582 5751 ubi
1625 5698 1782 5767 Vulg.
1830 5697 1982 5752 Inter

395 5779 578 5834 vepres
616 5764 923 5831 hwrcntcm,
958 5782 1087 5833 ιιιεη
1123 5770 1173 5819 in
1217 5785 1379 5836 quam
1407 5785 1593 5823 γυςιιιιι
1631 5770 1692 5822 .ι(ί
1727 5764 1852 5822 cum
1899 5771 1977 5822 lo-

2090 5715 2214 5750 cum
2249 5697 2404 5773 _(:e‘n.
2443 5713 2558 5750 vxu
2595 5697 2845 5773 Nobilius
2895 5707 2949 5756 et
2981 5699 3104 5765 alii,
3141 5701 3372 5773 ipscqtte
3421 5700 3667 5769 Andreas

2089 5769 2260 5838 primi
2297 5781 2417 5822 orat
2479 5777 2535 5821 ut
2569 5786 2625 5823 ιι.
2663 5770 2742 5824 l7.
