4016 6130
331 381 335 384 ἡ
448 280 605 355 ’1043

1646 300 1706 359 S.
1734 297 2066 361 ANDREzE
2116 300 2540 366 CRETENSIS
3585 305 3720 374 10M

469 430 611 479 trata
672 419 961 494 miracula,
1021 422 1165 486 sient
1203 429 1341 485 dicit
1376 430 1756 488 divintssmus
1811 432 1981 489 David
2026 452 2037 489 :

2150 433 2287 487 φησι
2309 419 2477 473 Δαόὶδ
2515 421 2543 474 6
2591 418 2895 486 Θειότατος·
2932 440 2954 475 ι
2981 417 3048 476 Ὀ
3098 421 3230 488 Θεὸς
3269 423 3427 495 ἡμῶν
3473 424 3721 496 βασιλεὺς

473 533 496 568 ι
536 515 684 573 Deus
714 514 901 573 noster
931 513 1044 572 Rex
1080 528 1206 574 ante
1237 520 1459 585 secula,
1484 529 1748 592 operatus
1774 534 1859 578 est
1892 523 2037 577 salu-

2150 511 2258 583 πρὸ
2286 511 2523 578 αἰώνων,
2545 512 2846 584 εἰργάσατο
2869 513 3145 585 σωτηρίαν
3165 516 3223 569 ὲν
3247 515 3401 587 μέσῳ
3427 515 3534 585 τῆς
3562 517 3716 588 γῆς..

465 613 578 663 tem
633 607 688 662 in
737 608 918 664 medio
954 616 1116 664 terra:
1179 619 1225 666 ι,
1273 612 1478 678 »ρυοά
1535 620 1720 670 autem
1751 614 1804 669 in
1861 615 2037 671 medio

2152 604 2276 658 Ὅτι
2307 604 2363 658 δὲ
2402 605 2461 659 ὲν
2495 605 2647 675 μέσῳ
2673 607 2774 675 τῆς
2803 608 2907 678 γῆς
2955 608 2985 660 6
3019 607 3260 676 Κρανίου
3298 613 3721 682 κατεστήρικται

463 707 628 753 terrae
660 697 928 756 Calvarize
966 702 1122 758 locus
1155 703 1298 759 situs
1355 705 1450 771 sit,
1487 720 1647 759 nemo
1669 704 1904 761 dubitet.
1933 704 2037 761 Ne-

2148 695 2336 761 τόπος,
2381 695 2774 766 ἀμφιϐαλλέτω
2827 697 3037 768 μηδείς.
3077 697 3230 752 Ἔδει
3271 697 3383 770 γὰρ
3428 697 3621 773 ὥσπερ
3667 704 3723 757 ὲν

460 801 619 843 nesse
652 796 792 852 erat,
830 797 889 843 nt
916 794 1074 861 quasi
1102 791 1157 847 in
1189 792 1340 863 plani
1398 795 1593 849 circuli
1651 796 2037 866 descriptione,

2151 788 2395 859 ἐπιπέδῳ
2435 787 2639 843 κύκλου
2696 790 2978 860 διαγραφῇ
3049 788 3194 844 κατὰ
3243 790 3420 862 μέσης
3475 792 3578 863 τῆς
3623 795 3723 866 γῆς

468 879 788 949 inligeretur
811 883 863 935 in
885 884 1065 939 medio
1090 887 1362 941 universae
1386 893 1547 942 terra:
1564 888 1808 944 salutare
1821 890 2037 958 signum

2152 879 2373 951 ἁπάσης
2422 881 2746 952 ἐμπαγῆναι
2774 881 2837 934 τὸ
2872 884 3139 952 σωτήριον
3159 882 3339 950 ξύλον,
3377 882 3446 937 ἵν’
3475 883 3551 950 ὡς
3571 886 3723 950 ἄλλος

462 979 526 1026 ιιι
562 973 707 1027 velut
731 973 873 1028 alter
901 989 932 1030 e
970 977 1110 1032 creto
1146 978 1504 1048 resplentlens
1556 979 1659 1041 sol,
1700 978 1927 1047 iustitiae
1952 979 2046 1034 ille

464 1065 652 1119 medio
710 1068 854 1121 cmlo
885 1066 981 1122 Sol
1049 1069 1302 1125 invectus
1360 1077 1621 1140 tanquam
1683 1085 1753 1124 ex
1803 1070 2044 1138 quodam

458 1157 648 1213 crucis
690 1159 1060 1224 lirmamento,
1089 1160 1344 1217 lucilluos
1379 1176 1512 1217 suos
1545 1162 1750 1227 radios,
1784 1162 2045 1217 occidens

462 1245 519 1301 in
551 1262 736 1312 cruce,
764 1251 1012 1305 vibraret
1046 1251 1153 1306 illis
1193 1253 1284 1321 qui
1315 1254 1369 1306 in
1396 1262 1553 1309 terra:
1576 1256 1787 1324 pulvere
1809 1255 1921 1325 (66)
1947 1255 2044 1310 de-

460 1338 784 1394 tinebantur
817 1349 864 1398 ³.
887 1340 1037 1397 Crux
1072 1344 1186 1398 haec
1217 1353 1270 1399 et
1302 1345 1507 1416 lignum
1547 1349 1885 1416 aspectabile
1936 1356 2042 1410 est,

460 1436 519 1483 et
566 1430 785 1500 signum
819 1434 1015 1488 crebro
1045 1436 1098 1491 in
1159 1436 1445 1507 Scriptura
1499 1439 1829 1508 appellatur.
1897 1438 2044 1506 Quid

461 1523 609 1575 enim
641 1531 743 1590 est,
776 1523 919 1593 quod
956 1527 1122 1582 David
1158 1531 1278 1584 ait?
1308 1548 1325 1581 ι
1365 1529 1475 1584 Fac
1538 1545 1755 1585 mecum
1822 1533 2043 1603 signum

461 1608 521 1663 in
554 1609 754 1665 bonum
784 1614 861 1668 ⁸η
885 1613 990 1668 Et:
1026 1633 1046 1666 ι
1073 1616 1330 1687 Signetur
1350 1632 1516 1687 super
1534 1632 1635 1672 nos
1654 1617 1838 1672 lumen
1859 1618 2044 1672 vultus

460 1702 565 1765 tui,
587 1700 815 1757 Domine
833 1715 881 1760 ιι.
916 1724 935 1757 ι
959 1704 1057 1759 Et:
1084 1725 1103 1757 ι
1136 1706 1340 1761 Dedisti
1372 1708 1741 1762 metuentibus
1758 1715 1814 1762 te
1837 1709 2046 1777 signiti-

2150 988 2238 1036 τις
2290 973 2714 1044 ούρανοφεγγὴς
2732 974 2959 1046 ἧλιος,ὀ
3000 974 3101 1046 τῆς
3144 975 3497 1049 δικαιοσύνης
3531 995 3722 1047 μεσου-

2156 1065 2334 1138 ρανῶν
2361 1066 2575 1130 Ἥλιος,
2625 1061 2739 1120 οἷον
2773 1066 2837 1120 ἐκ
2876 1084 3021 1132 τινος
3061 1067 3157 1121 τοῦ
3204 1068 3445 1140 σταυροῦ
3494 1069 3722 1140 στερεώ-

2154 1172 2346 1226 ματος,
2368 1155 2468 1219 τὰς
2506 1154 2704 1209 ἑαυτοῦ
2734 1157 3046 1224 φωτοειδεῖς
3074 1159 3324 1225 ἀκτῖνας,
3358 1159 3457 1212 καὶ
3484 1162 3594 1222 τοῖς
3630 1179 3649 1211 ι
3670 1161 3721 1213 ὲν

2151 1250 2223 1318 γῇ
2251 1245 2509 1317 χώματος
2527 1249 2572 1281 ⁵⁸
2598 1267 2616 1299 ι
2654 1249 3067 1319 κατεχομένοις,
3096 1248 3284 1314 δύνας,
3316 1250 3375 1303 ὲν
3403 1249 3483 1320 τῷ
3514 1250 3723 1320 σταυρῷ

2152 1338 2592 1410 καταλάμψειεν.
2644 1335 2814 1403 Οὗτος
2867 1341 2896 1393 6
2940 1339 3179 1411 σταυρὸς
3232 1342 3334 1394 καὶ
3381 1339 3537 1406 ξύλον
3583 1342 3723 1394 ἐστὶν

2150 1431 2367 1501 ὁρατὸν,
2399 1429 2494 1484 καὶ
2534 1433 2759 1500 σημεῖον
2798 1430 2952 1502 παρὰ
2977 1433 3045 1501 τῇ
3096 1431 3287 1501 Γραφῇ
3325 1430 3596 1500 πολλαχοῦ
3631 1447 3724 1482 κα-

2151 1521 2349 1576 λεῖται.
2404 1522 2470 1573 Τί
2517 1521 2631 1593 γάρ
2683 1523 2830 1575 ἐστιν
2869 1522 2898 1575 ὅ
2930 1536 3101 1591 φησιν
3149 1523 3179 1574 6
3206 1520 3391 1574 Δαϐίδ·
3432 1539 3452 1573 ι
3496 1521 3723 1589 Ποίησον

2155 1614 2272 1685 μετ’
2302 1613 2436 1684 ἐμοῦ
2462 1615 2688 1684 σημεῖον
2709 1615 2789 1677 είς
2815 1615 3041 1681 ἀγαθόν.
3077 1634 3095 1668 ι
3123 1614 3257 1681 Kal,
3291 1632 3311 1666 ‹
3351 1611 3723 1683 Σημειωθήτω

2153 1708 2238 1777 ἐφ’
2275 1708 2423 1776 ἡμᾶς
2473 1706 2534 1758 τὸ
2567 1705 2682 1772 φῶς
2710 1704 2805 1759 τοῦ
2835 1705 3132 1777 προσώπου
3164 1721 3285 1787 σου,
3312 1704 3506 1775 Κύριε.
3537 1721 3557 1756 ι
3593 1703 3719 1767 Καὶ,

454 1790 757 1856 cntionem,
792 1802 851 1846 ut
875 1792 1085 1863 fugiant
1106 1811 1134 1847 a
1163 1796 1299 1850 facie
1318 1812 1480 1852 arcus
1503 1806 1528 1832 ν
1553 1815 1566 1863 ;
1603 1817 1621 1849 ι
1648 1798 1732 1852 vel
1753 1798 1897 1866 quod
1921 1799 2037 1868 ipse

2151 1818 2170 1851 ι
2196 1798 2446 1861 Ἔδωκας
2485 1800 2598 1861 τοῖς
2651 1797 3012 1868 φοϐουμένοις
3055 1782 3363 1869 σημείωσιν
3388 1795 3484 1848 τοῦ
3530 1796 3720 1866 φυγεῖν

462 1878 731 1937 Dominus
766 1885 821 1938 in
849 1884 1143 1956 Evangelii)
1173 1888 1374 1941 clamat
1412 1905 1426 1941 :
1459 1887 1554 1941 «Et
1580 1896 1713 1942 tunc
1775 1889 2038 1943 videbunt

463 1972 682 2041 signum
714 1975 839 2029 Filii
867 1966 963 2031 Dei
990 1990 1037 2031 ι.
1077 1996 1097 2029 ι
1135 1977 1199 2031 Ει
1230 1988 1358 2033 ante
1380 1979 1493 2033 haec
1529 1996 1542 2032 :
1580 1997 1599 2030 ι
1635 1977 1860 2049 Signum
1887 1994 2039 2049 qum-

462 2065 537 2119 rit
572 2068 853 2134 generatio
883 2068 1015 2136 ista;
1050 2078 1105 2125 et
1135 2072 1351 2140 signum
1391 2087 1504 2125 non
1531 2071 1754 2127 dabitur
1782 2073 1888 2138 eis,
1922 2074 2036 2129 nisi

461 2156 678 2227 signum
731 2156 883 2213 J0me
944 2162 1225 2230 propheta:
1254 2171 1326 2229 r;
1376 2180 1394 2213 ›
1441 2162 1588 2232 quod
1635 2170 1690 2218 et
1725 2163 1902 2234 ipsum
1938 2180 2037 2235 per

461 2261 685 2301 crucem
726 2248 1160 2307 demonstratur.
1222 2253 1459 2324 Symeon
1495 2262 1700 2319 autem,
1732 2259 1827 2326 qui
1859 2255 2029 2313 Deum

459 2337 608 2392 ulnis
640 2339 788 2403 tulit,
850 2338 1124 2411 Virginem
1175 2343 1529 2410 benedicens,
1591 2346 1812 2415 quando
1863 2347 2033 2403 Deum

456 2429 568 2485 sub
614 2429 850 2502 imagine
910 2431 1138 2490 infantis
1193 2437 1427 2504 excepit,
1483 2438 1611 2506 quid
1645 2438 1749 2492 sibi
1800 2440 1913 2493 vult
1948 2440 2035 2498 his

454 2522 680 2577 verbis:
719 2540 737 2574 ι
770 2523 869 2579 Hie
904 2528 1118 2592 positus
1154 2534 1238 2582 est
1267 2528 1320 2582 in
1358 2529 1574 2583 ruinam
1602 2537 1654 2584 et
1685 2531 1739 2583 in
1776 2546 2027 2587 resurre-

458 2614 698 2670 ctionem
753 2619 1050 2671 multorum
1092 2620 1149 2673 in
1213 2618 1400 2682 Israel,
1437 2628 1493 2675 et
1548 2621 1600 2674 in
1652 2621 1894 2692 signum,
1944 2621 2034 2675 cui

459 2706 873 2761 contradicetur
909 2709 971 2763 η
1000 2728 1018 2760 ι
1055 2708 1247 2764 Nonne
1288 2726 1509 2767 crucem
1542 2712 1656 2780 (67)
1685 2714 1825 2784 signi
1856 2715 2035 2769 nomi-

455 2810 529 2850 ne
559 2797 851 2866 perspicue
877 2798 1259 2868 signiﬁcavit?

526 2889 670 2955 Quin
711 2897 764 2946 et
794 2892 970 2946 virtus
997 2907 1132 2947 crux
1165 2893 1501 2949 nominatur.
1522 2892 1667 2960 Quid
1707 2894 1855 2947 enim
1884 2893 2032 2947 dicit

455 2980 659 3036 David?
682 3002 701 3035 ι
724 2982 916 3039 Notam
944 2982 1121 3040 fecisti
1149 2984 1202 3038 in
1232 2986 1447 3053 populis
1471 2987 1732 3039 virtutem
1757 2993 1907 3038 tuam
1929 2997 1979 3038 ιι.
2009 3005 2028 3036 ι

456 3074 563 3130 Sed
595 3083 649 3130 et
679 3075 963 3130 brachium
993 3095 1006 3131 :
1046 3095 1065 3128 ι
1097 3076 1391 3131 Redemisti
1442 3077 1497 3131 in
1530 3077 1753 3131 brachio
1797 3088 1893 3131 tuo
1938 3091 2034 3146 p0-
2061 3117 2106 3177 Ο

455 3168 641 3239 pulum
662 3177 814 3224 tuum
840 3169 890 3227 ὓ.
917 3188 934 3221 ι
956 3170 1111 3235 Quod
1139 3177 1320 3224 autem
1345 3170 1550 3225 Christi
1580 3173 1755 3226 virtus
1781 3171 2030 3237 sitcrux,

456 3263 583 3317 audi
606 3261 833 3317 Paulum
856 3263 1128 3318 dicentem
1159 3281 1172 3318 :
1206 3283 1223 3317 ι
1256 3262 1494 3319 Verbum
1529 3266 1735 3332 crucis,
1755 3265 2032 3335 pereunti-

454 3352 559 3407 bus
582 3353 801 3422 quidem
856 3355 1089 3410 stultitia
1141 3363 1246 3420 est,
1290 3357 1452 3411 nobis
1513 3365 1693 3411 autem
1729 3357 1824 3426 qui
1851 3356 2031 3412 salva-

454 3456 602 3508 mur,
633 3442 810 3499 virtus
837 3442 929 3499 Dei
963 3452 1048 3499 est
1084 3455 1133 3499 ο.
1173 3464 1192 3498 ι
1223 3445 1362 3500 Audi
1417 3461 1549 3500 vero
1578 3455 1632 3500 et
1663 3446 1844 3516 ipsum
1875 3445 2034 3500 Chri-

455 3541 603 3587 sunn
638 3534 916 3589 dicentem
941 3537 1007 3590 ad
1041 3535 1282 3607 Moysem
1325 3555 1337 3589 :
1371 3555 1389 3588 ι
1429 3536 1704 3592 lndurans
1756 3537 2033 3592 indurabo

453 3640 551 3679 cor
578 3624 905 3690 Pharaonis,
940 3634 999 3680 ut
1020 3627 1305 3681 ostendam
1370 3627 1540 3680 inillo
1595 3642 1816 3682 omnem
1851 3629 2032 3683 virtu-

453 3729 561 3771 tem
599 3734 778 3773 meam
809 3717 864 3783 ά,
907 3736 927 3770 ι
967 3718 1227 3773 virtutem
1263 3717 1351 3773 hic
1387 3718 1708 3789 signiﬁcans
1738 3733 1882 3778 eam.
1909 3735 2033 3789 quas

454 3824 551 3878 per
592 3810 743 3878 virga
770 3827 798 3861 n
828 3809 1051 3881 Moysis,
1087 3825 1196 3865 non
1224 3811 1347 3866 sine
1375 3812 1566 3867 crucis
1598 3819 1727 3881 typo
1757 3853 1771 3878 ,
1794 3813 2025 3867 demon-

455 3905 630 3952 strata
665 3898 791 3963 fuit,
829 3899 1129 3954 multorum
1164 3901 1357 3970 utique
1415 3900 1757 3955 mirabilium
1783 3899 2030 3956 effectri-

453 4005 597 4054 cem,
636 4006 733 4060 per
770 4007 936 4062 quam
967 3993 1293 4048 admiranda
1327 4008 1427 4048 sua
1474 3994 1564 4046 illa
1602 3992 1850 4064 prodigia
1875 3994 2032 4048 exhi-

455 4082 642 4140 bebat.
677 4081 769 4138 Sic
801 4099 901 4138 nos
919 4084 986 4139 de
1015 4090 1180 4140 cruce
1203 4086 1411 4141 sentire
1427 4092 1479 4138 et
1501 4085 1820 4140 existimare
1847 4084 2028 4139 edocti

452 4189 682 4240 sumus;
712 4175 792 4231 sic
826 4178 1085 4247 populum
1117 4178 1326 4233 lidelezn
1361 4186 1634 4248 perpetuo
1661 4176 2031 4231 adhortamur

453 4267 634 4323 colere
664 4277 718 4324 et
749 4270 1002 4324 venerari
1065 4285 1316 4326 crucem.
1371 4269 1478 4324 Per
1510 4270 1835 4345 illamcnim
1867 4270 2028 4339 quasi

453 4374 551 4428 per
582 4374 838 4430 sagenatn
870 4370 1047 4430 capta:
1088 4371 1230 4417 sunt.
1273 4369 1491 4432 gentes,
1549 4376 1614 4417 ac
1641 4359 1778 4418 ﬁdes
1825 4362 2030 4432 ubique

2142 1889 2251 1944 ἀπὸ
2279 1890 2578 1961 προσώπου
2612 1888 2791 1956 τόξου,
2827 1910 2846 1942 ι
2873 1890 2907 1961 ἢ
2935 1890 3075 1961 ὅπερ
3103 1891 3198 1943 καὶ
3225 1889 3390 1952 αὐτὸς
3428 1888 3635 1959 Κύριος
3666 1887 3721 1941 ὲν

2140 1983 2497 2050 Εὑαγγελίοις
2548 1982 2677 2053 βοᾷο
2717 1983 2875 2036 «Καὶ
2918 1983 3043 2036 τότε
3092 1982 3317 2053 δψονται
3372 1981 3437 2034 τὸ
3494 1982 3720 2051 σημεῖον

2139 2074 2235 2128 τοῦ
2279 2075 2437 2129 Θεοῦ.
2466 2093 2484 2125 ι
2540 2075 2651 2128 Kal
2694 2073 2802 2147 πρὸ
2839 2073 3032 2128 τούτου
3059 2090 3072 2104 °
3126 2093 3145 2126 ι
3186 2075 3425 2144 Σημεῖον
3473 2071 3721 2141 ἐπιζητεῖ

2140 2165 2174 2235 ἡ
2204 2165 2369 2233 γενεὰ
2414 2163 2577 2234 αὕτη,
2617 2166 2713 2217 καὶ
2759 2164 2985 2235 σημεῖον
3042 2163 3104 2216 ού
3157 2162 3445 2233 δοθήσεται
3465 2152 3489 2160 “’
3515 2161 3717 2227 αὐτοῖς,

2139 2258 2191 2310 ει
2257 2256 2331 2326 μὴ
2388 2256 2451 2308 τὸ
2495 2258 2724 2327 σημεῖον
2765 2256 2921 2310 Ἰωνᾶ
2968 2253 3069 2308 τοῦ
3126 2255 3429 2327 προφήτου,
3460 2272 3480 2306 ι
3538 2253 3567 2306 ὃ
3632 2254 3722 2307 καὶ

2139 2344 2272 2398 αὐτὸ
2318 2343 2405 2398 διὰ
2449 2344 2544 2398 τοῦ
2582 2345 2817 2416 σταυροῦ
2870 2345 3336 2416 παραδείκνυταις
3395 2342 3624 2414 Συμεὼν
3664 2343 3721 2397 δὲ

2136 2436 2236 2508 τὴν
2295 2436 2575 2508 Παρθένον
2607 2437 2870 2503 εὐλογῶν,
2898 2438 2927 2489 6
2970 2436 3216 2507 Bso66xog
3237 2475 3251 2500 ,
3299 2437 3388 2490 ὅτε
3417 2436 3508 2489 τὸν
3530 2452 3721 2505 νηπιο-

2137 2530 2285 2599 φανῆ
2325 2530 2528 2602 Κύριον
2563 2528 2881 2596 ὑπεδέξατο,
2905 2530 2958 2583 τί
2985 2528 3236 2600 βούλεται
3262 2529 3438 2596 λέγων
3461 2543 3478 2559 ⁸
3510 2547 3530 2581 ι
3555 2523 3719 2591 Οὗτος

2138 2625 2318 2676 κεῖται
2373 2625 2457 2686 εἰς
2504 2620 2714 2675 πτῶσιν
2772 2622 2868 2675 καὶ
2928 2621 3227 2675 ἀνάστασιν
3270 2619 3487 2674 πολλῶν
3538 2622 3598 2674 ὲν
3641 2618 3718 2689 τῷ

2150 2714 2387 2786 Ἰσραὴλ,
2418 2715 2514 2768 καὶ
2542 2715 2621 2777 είς
2649 2716 2873 2785 σημεῖον
2891 2713 2952 2768 τὸ
2983 2712 3440 2782 ἁντιλεγόμενον;
3471 2731 3492 2765 ι
3525 2713 3598 2768 Οὐ
3628 2710 3718 2765 τὸν

2139 2806 2373 2876 σταυρὸν
2395 2805 2486 2859 διὰ
2507 2804 2601 2859 τοῦ
2638 2806 2870 2875 σημείου
2903 2803 3120 2875 τρανῶς
3146 2803 3580 2875 παρυπέφηνενς

2223 2894 2386 2949 Ἀλλὰ
2425 2894 2522 2949 καὶ
2562 2894 2795 2965 δύναμις
2827 2894 2856 2946 ὁ
2902 2892 3136 2965 σταυρὸς
3189 2894 3461 2948 καλεῖται.
3497 2893 3564 2946 Τί
3611 2892 3717 2964 γάρ

2139 3000 2305 3055 φησιν
2330 2986 2357 3038 6
2387 2984 2586 3047 Aa6i6;
2628 3002 2647 3034 ι
2677 2981 3018 3053 Ἐγνώρισας
3059 2983 3115 3035 ὲν
3147 2982 3263 3044 τοῖς
3315 2979 3467 3043 λαοῖς
3496 2978 3597 3050 τὴν
3634 2977 3720 3033 65-

2137 3078 2304 3151 ναμίν
2337 3094 2454 3131 σου.
2483 3096 2501 3128 ι
2529 3076 2694 3131 Ἀλλὰ
2720 3076 2816 3128 καὶ
2844 3074 3116 3147 βραχίωνο
3149 3091 3169 3124 ι
3205 3071 3532 3144 Ἐλυτρώσω
3559 3073 3619 3123 ὲν
3642 3069 3717 3139 τῷ

2149 3168 2398 3241 βραχίονί
2440 3186 2533 3223 σου
2581 3169 2672 3222 τὸν
2701 3167 2830 3221 λαόν
2863 3183 2979 3219 σου.
3012 3184 3033 3218 ι
3074 3165 3199 3218 Ὅτι
3237 3163 3295 3216 δὲ
3344 3163 3440 3216 καὶ
3492 3160 3718 3231 δύναμις

2140 3261 2382 3334 Χριστοῦ
2429 3263 2457 3314 6
2501 3260 2762 3330 σταυρὸς,
2812 3260 2979 3315 ἄκουε
3030 3257 3247 3313 Παύλου
3294 3254 3572 3323 λέγοντος⁹
3605 3271 3625 3304 ι
3658 3250 3715 3304 '0

2140 3355 2299 3424 λόγος
2349 3354 2443 3408 τοῦ
2479 3353 2715 3425 σταυροῦ
2738 3392 2754 3418 ,
2803 3354 2918 3416 τοῖς
2951 3351 3049 3421 μὲν
3087 3348 3487 3419 ἀπολλυμένοις
3541 3344 3718 3417 μωρία

2140 3446 2290 3499 ἐστίν
2309 3462 2323 3475 ο
2350 3447 2465 3507 τοῖς
2485 3444 2543 3498 δὲ
2567 3443 2896 3515 σωζομένοις
2920 3445 3072 3512 ἡμῖν,
3095 3441 3325 3511 δύναμις
3353 3438 3491 3493 Θεοῦ
3513 3440 3711 3491 ἔστιν.»

2145 3539 2414 3590 ’Ἄκουσον
2444 3535 2501 3589 δὲ
2535 3534 2633 3588 καὶ
2662 3532 2828 3587 αὑτοῦ
2861 3531 2957 3585 τοῦ
2974 3531 3214 3601 Χριστοῦ
3241 3529 3376 3600 πρὸς
3398 3527 3607 3595 Μωσῆν
3633 3524 3717 3577 λέ-

2139 3642 2329 3694 γοντος
2352 3641 2365 3656 °
2399 3643 2415 3674 ι
2435 3624 2766 3694 Σκληρύνων
2801 3612 3092 3692 σκληρυνῶ
3114 3619 3216 3687 τὴν
3243 3616 3471 3688 καρδίαν
3496 3612 3715 3685 Φαραὼ,

2141 3720 2208 3771 ἵν’
2232 3717 2559 3786 ἐνδείξωμαι
2587 3717 2646 3768 ὲν
2676 3713 2829 3783 αὐτῷ
2854 3714 3034 3767 πᾶσαν
3057 3711 3155 3782 τὴν
3180 3707 3411 3778 δύναμιν
3439 3723 3539 3778 μου
3556 3721 3571 3736 ο
3595 3704 3718 3758 »δύο

2138 3829 2305 3882 ναμιν
2333 3808 2571 3864 ἐνταῦθα
2589 3809 2786 3876 λέγων,
2802 3807 2904 3877 τὴν
2923 3805 3013 3858 διὰ
3030 3805 3133 3873 τῆς
3157 3802 3358 3875 ῥάϐδου
3374 3798 3622 3862 Μωσέως
3640 3798 3718 3859 εἰς

2138 3903 2312 3957 τύπον
2336 3901 2432 3955 τοῦ
2479 3898 2712 3971 σταυροῦ
2741 3896 3177 3968 προδειχθεῖσαν,
3204 3890 3613 3960 παντοδύναμον
3637 3887 3719 3941 ἔν-

2139 3992 2327 4066 δειξιν,
2354 3993 2420 4047 δι’
2444 3986 2512 4064 ἧς
2532 3991 2601 4045 τὰ
2625 3988 2905 4061 παράδοξα
2925 3986 3037 4040 τῶν
3061 3984 3366 4056 τεραστίων
3389 3979 3557 4035 αὐτοῦ
3578 3995 3718 4049 παρ-

2140 4085 2572 4148 εδείκνυ.οῦτως
2605 4084 2769 4154 ἡμεῖς
2799 4080 2930 4153 περὶ
2954 4078 3047 4132 τοῦ
3076 4073 3443 4147 σταυροῦ.κα“ι
3463 4073 3603 4125 νοεῖν
3626 4066 3717 4122 καὶ

2139 4178 2361 4249 φρονεῖν
2385 4172 2764 4241 δεδιδαγμεθα.
2784 4169 2942 4224 υῦτιι)
2960 4167 3052 4221 τὸν
3079 4165 3273 4219 πιστὸν
3296 4163 3425 4217 λαὸν
3458 4160 3554 4215 τοῦ
3583 4154 3715 4213 Θεοῦ

2137 4272 2303 4341 τιμᾷν
2322 4269 2414 4322 τὸν
2436 4266 2691 4336 σταυρὸν,
2707 4263 2801 4317 καὶ
2822 4261 3149 4326 σεὸἀζεσθαι
3170 4259 3238 4313 δι’
3260 4258 3387 4313 ὅλου
3418 4254 3718 4326 προτρέπο-

2142 4379 2263 4432 μεν.
2281 4362 2359 4414 Δι’
2377 4357 2542 4414 αὐτοῦ
2569 4356 2676 4427 γὰρ
2702 4352 3046 4424 ὲσαγηνεύθη
3068 4352 3135 4407 τὰ
3152 4350 3303 4421 ἔθνη·
3327 4350 3362 4418 ἠ
3380 4347 3565 4408 πίστις
3586 4358 3718 4397 πανο

452 4448 812 4506 disseminata
857 4462 963 4506 est.
1020 4450 1132 4505 llac
1158 4467 1283 4506 cum
1336 4452 1541 4506 Christi
1584 4452 1871 4521 discipuli,
1909 4461 2028 4508 tan-

2143 4451 2304 4524 ταχοῦ
2356 4448 2706 4521 κατεσπάρη.
2746 4445 2937 4517 Τούτῳ
2965 4443 3081 4516 γὰρ
3113 4444 3164 4496 οἱ
3189 4438 3428 4513 Χριστοῦ
3458 4434 3715 4509 μαθηταὶ,

527 4589 552 4618 ι
575 4579 729 4652 ΡειιιἈ
751 4594 945 4645 Lxxttt,
977 4580 1110 4652 12.77
1143 4582 1168 4612 "
1204 4579 1336 4652 Dan:
1366 4596 1466 4646 xu,
1521 4580 1574 4634 Ξ.
1615 4651 1620 4652 γ
1654 4582 1675 4618 ί
1735 4579 2037 4652 Psa|._t.xx:

2160 4586 2264 4640 l7.’
2318 4593 2345 4622 ιι
2371 4583 2517 4640 Psal.
2552 4599 2628 4647 tv,
2658 4582 2713 4636 7.

1821 4663 1847 4693 ι
1881 4650 2031 4712 Psal.
2086 4650 2276 4722 1.1x“,
2319 4654 2407 4711 15.

456 4650 546 4707 50.
655 4660 689 4702 1
714 4650 905 4705 Matth.
931 4668 1027 4715 ιιι,
1053 4651 1145 4707 59.

458 4737 535 4790 ιν,
565 4722 669 4789 2|;
711 4737 809 4787 vn,
842 4723 913 4790 5;
941 4737 1021 4791 lx,
1046 4725 1133 4780 12.

1260 4661 1283 4689 ι
1314 4649 1451 4706 Luc.
1519 4667 1581 4715 tt,
1611 4651 1698 4707 54.

2787 4580 2965 4635 'Psal.
3000 4593 3111 4639 ιιι,
3143 4577 3198 4633 6.
3274 4585 3302 4615 ³
3332 4573 3528 4629 Matth.
3568 4586 3713 4634 xxiv.

2522 4639 2838 4711 ruimus.
2915 4648 2993 4702 et
3046 4648 3177 4704 Cor.
3212 4663 3252 4712 ι,
3287 4646 3377 4701 ts.
3488 4639 3713 4698 «Exod.

1758 4812 1994 4869 VARUE
2031 4810 2437 4868 LECTIONES.

523 4908 571 4940 ⁸³
604 4906 707 4961 '16.
740 4907 844 4979 γῆς
883 4907 1125 4978 χώμασι,
1156 4917 1217 4965 ut
1251 4909 1395 4981 apud
1431 4907 1609 4962 Dund.

1756 4999 2146 5059 COMBEFISII
2181 4996 2416 5055 ΝΟΤᾹΞ.

529 5092 661 5170 (66)“
694 5091 762 5170 In
793 5103 948 5170 terra
993 5098 1225 5167 pulvere.
1275 5098 1365 5153 Ἐν
1397 5099 1466 5169 γῇ
1513 5096 1792 5170 χώματος.
1856 5098 2030 5170 Yerha

451 5175 581 5222 sunt
631 5166 872 5220 Danielis
919 5166 1200 5239 paululum
1256 5166 1612 5223 commutata.
1658 5169 1818 5223 Velut
1850 5168 2031 5239 dicat,

448 5239 508 5292 in
532 5248 681 5309 terra
721 5237 955 5309 aggestti,
989 5250 1039 5293 et
1067 5238 1283 5293 tumulis
1317 5250 1493 5302 terrm,
1520 5239 1801 5309 quomodo
1836 5237 2029 5293 Gretz.

448 5304 919 5381 reddiderat.'§ic
964 5325 1130 5381 porro
1158 5311 1392 5381 detentis
1426 5317 1482 5364 et
1529 5304 1933 5381 dormientibus
1963 5310 2030 5362 il-

450 5379 592 5434 luxit
648 5377 742 5432 Sol
809 5378 900 5435 ille
953 5377 1216 5436 dedidi-ns
1269 5380 1324 5433 in
1380 5396 1566 5442 cruce,
1618 5395 1745 5434 eum
1813 5380 2031 5433 animas

451 5456 841 5520 exspectantes
912 5450 1033 5520 ejus
1099 5451 1558 5519 redemptionem.
1625 5450 1913 5520 claustris'
1951 5449 2035 5502 in.

456 5518 595 5588 terni
670 5518 977 5588 disruptis',
1046 5536 1111 5575 ac
1163 5518 1411 5575 vectibus
1482 5519 1787 5575 contractis
1852 5519 2031 5572 victor

456 5585 578 5654 ipse
597 5601 695 5654 per
737 5585 956 5644 crucem
980 5629 995 5652 ,
1035 5588 1300 5644 Dominus
1328 5588 1488 5645 Jesus
1509 5631 1523 5654 ,
1564 5604 1790 5643 carcere
1818 5589 2024 5644 eduxit.

460 5601 572 5652 Ipse
592 5601 695 5705 per
737 5602 995 5652 crucem,
1035 5601 1300 5644 UOminus
1328 5601 1488 5645 Jesus
1509 5631 1523 5654 ,
1564 5604 1790 5643 carcere
1818 5601 2024 5644 eduxnt.

460 5651 892 5738 Ξ-ςβψλὶῖοτιιηι
938 5674 1166 5738 crucem,
1216 5667 1323 5738 etc.
1354 5659 1475 5738 _Sic
1525 5660 1687 5728 plane
1740 5659 2029 5738 legendum

462 5726 855 5792 interrogative
885 5727 1054 5783 series
1084 5735 1199 5781 tota
1221 5728 1415 5797 exigit,
1461 5726 1635 5799 eoque
1690 5726 2028 5783 mutavimus

2138 5096 2221 5161 τὸ,
2256 5090 2340 5161 οὗ,
2370 5096 2427 5150 in
2458 5094 2520 5165 ού
2546 5110 2566 5165 ογ
2588 5092 2803 5165 adjecta
2836 5099 2966 5147 nota
2996 5087 3472 5165 interrogationis.
3496 5087 3718 5165 Cretae-

2140 5159 2238 5238 ru‘s
2264 5159 2438 5238 vero;
2466 5163 2633 5234 Cujus
2655 5159 2893 5238 signum,
2918 5159 3328 5238 etc.,sed_n_ulla
3355 5159 3714 5238 cohaerentia.

2139 5235 2312 5291 Paulo
2345 5236 2513 5290 etiam
2540 5230 2800 5304 superius
2828 5233 2914 5311 τὸ,
2945 5233 3001 5303 ἦ,
3028 5230 3333 5311 qu_od_ips_e
3369 5230 3720 5311 _cmnpurati-

2138 5322 2266 5361 vum
2319 5301 2666 5377 {acceperat
2724 5301 3060 5377 accepimus
3103 5301 3209 5377 ipsi
3277 5301 3716 5377 disjttnctivum,

2137 5368 2417 5445 quomOdo
2451 5368 2836 5446 accipiendum
2865 5368 3141 5446 'vidissrt
3172 5371 3288 5439 ipse
3314 5368 3638 5446 Gretgerus,
3669 5368 3717 5421 si

2136 5438 2293 5502 locos
2333 5447 2480 5499 inter
2502 5438 2644 5514 quos
2692 5444 2934 5517 medium
2967 5438 3220 5517 ponitur,
3266 5447 3321 5494 et
3367 5438 3577 5517 quibus
3622 5452 3719 5491 eo-

2137 5517 2257 5571 dem
2306 5516 2470 5570 modo
2505 5507 2668 5588 crux,
2709 5515 2855 5588 signi
2905 5507 3142 5588 nomine,
3183 5524 3310 5588 non
3336 5507 3493 5588 nihil,
3521 5509 3727 5588 obsguc

2133 5588 2253 5643 rius
2278 5593 2339 5657 et
2389 5584 2693 5657 symbolice
2738 5575 3090 5657 designatur,
3132 5578 3409 5633 tantillum
3442 5575 3725 5657 attendis-

2133 5667 2237 5711 set.
2284 5654 2378 5710 Sic
2420 5645 2558 5711 sane
2606 5645 2953 5725 interpret'eS,
2995 5652 3288 5708 innumera
3315 5654 3534 5720 .contra
3567 5645 3725 5716 judi-

2128 5726 2273 5781 cium
2309 5733 2560 5796 peccant.
