4016 6130
361 266 500 328 1045

1404 273 1488 333 ΙΝ
1529 275 2075 345 DORMITIONEM
2107 281 2169 351 S.
2211 286 2497 351 MARUE.
2535 289 2591 350 ῐ-

3495 295 3676 365 ιοιο

355 377 619 450 καθάπερ
651 378 873 451 ἀρότρῳ
905 380 1003 456 τὴν
1029 382 1388 457 ἀνθρωπίνην
1433 387 1598 457 φύσιν
1622 391 1722 464 τὴν
1746 393 1948 465 ἄγονον

2055 409 2219 466 quam
2304 408 2542 463 aratro,
2610 400 2966 458 infecundam
3024 405 3311 459 hominum
3376 417 3639 467 naturam

357 471 800 543 γεωργήσαντες,
822 472 1051 545 ἀειθαλῆ
1083 493 1143 531 τε
1171 476 1272 548 τῆς
1320 478 1655 553 Ἐκκλησίας
1694 485 1762 539 τὰ
1806 485 1940 559 λήῖα

355 559 655 629 δείξαντες,
691 561 961 635 πολύχουν
988 564 1098 620 τῶν
1122 568 1204 631 είς
1229 567 1466 639 Χριστὸν
1490 577 1940 637 πεπιστευκότων

355 655 451 710 τὸν
475 655 688 727 ἄμητον
715 657 1071 726 ἐκομίσαντο.
1109 657 1299 731 Τούτῳ
1342 661 1683 734 ρωννύμενοι
1723 668 1936 741 μάρτυν

352 762 473 818 ρες,
496 746 592 809 καὶ
625 745 940 811 πίπτοντες,
968 749 1096 813 τοὺς
1126 749 1424 821 βάλλοντας
1453 752 1702 811 ἔτυπτον.
1730 757 1811 810 Δι’
1842 758 1941 812 αὐ-

292 826 305 837 ’
356 839 457 895 τοῦ
488 839 728 909 Χριστὸς
756 840 1104 915 ἐπεγνώσθη,
1134 842 1230 899 καὶ
1261 844 1371 900 τῶν
1400 847 1607 901 πιστῶν
1638 850 1671 918 ἡ
1704 849 1938 922 Ἐκκλη-

356 931 453 987 σία
485 932 580 986 διὰ
615 933 825 999 παντὸς
856 935 956 1004 τὴν
981 935 1207 1008 Γρατρὴν
1242 936 1623 1007 ἀναπτύξασα,
1651 940 1744 995 τδν
1774 941 1939 997 αὐτὸν

350 1025 574 1095 εἰσάγει
614 1025 853 1098 Χριστὸν
887 1026 982 1083 τὸν
1037 1027 1132 1085 τοῦ
1166 1028 1302 1082 Θεοῦ
1333 1030 1483 1095 Υίδν,
1539 1032 1635 1086 καὶ
1681 1034 1939 1090 αὐτόθεον

354 1116 454 1177 καὶ
506 1116 853 1189 αὐτοκύριον,
906 1118 1311 1190 μεγαλοφώνως
1342 1123 1658 1193 ἐμϐοῶνταο
1697 1144 1715 1178 ι
1763 1128 1830 1181 Ei
1854 1146 1939 1193 τις

358 1209 504 1267 θέλει
539 1210 720 1265 ὀπίσω
748 1228 852 1282 μου
901 1211 1098 1290 ἐλθεῖν,
1141 1215 1555 1288 ἀπαρνησάσθω
1604 1218 1821 1286 ἑαυτὸν,
1845 1223 1940 1275 καὶ⁵

358 1302 551 1372 ἀράτω
578 1302 673 1356 τὸν
730 1303 964 1374 σταυρὸν
1009 1303 1200 1369 αὐτοῦ,
1236 1306 1332 1360 καὶ
1361 1307 1731 1364 ἀκολουθείτω
1765 1329 1878 1382 μοι.
1912 1331 1931 1365 ο

357 1394 438 1451 Δι’
472 1392 641 1446 αὐτοῦ
674 1393 743 1447 τὰ
782 1393 892 1447 τῶν
923 1395 1268 1465 Χριστιανῶν
1320 1397 1495 1462 ἀνθεῖ,
1529 1400 1624 1452 καὶ
1659 1403 1939 1474 πανταχοῦ

356 1485 761 1538 ἑπεκτεῐνεται.
799 1487 875 1538 Δι’
902 1485 1067 1539 αὐτοῦ
1108 1485 1354 1557 βασιλεία
1402 1491 1755 1560 κρατύνεται,
1793 1495 1938 1548 πολιν

358 1575 480 1631 τεία
505 1577 845 1648 στηρίζεται,
866 1577 1119 1648 πολέμιοι
1145 1578 1421 1642 πίπτουσι,
1445 1582 1617 1654 ὀφρῦς
1641 1584 1939 1657 Βαρϐάρων

358 1674 677 1739 ἁλίσκεται,
725 1673 947 1747 Ἰσραὴλ
1015 1675 1491 1744 κατασφάττεται,
1545 1681 1938 1751 κεραυνοῦνται

359 1765 653 1834 δαίμονες’
697 1767 781 1821 ὄτι
828 1768 887 1819 ὲν
940 1765 1091 1838 αὐτῷ
1136 1767 1231 1822 καὶ
1266 1768 1332 1822 δι’
1390 1768 1558 1824 αὐτοῦ
1604 1772 1938 1844 πιστεύομεν

362 1857 658 1924 σώζεσθαι,
683 1858 778 1911 καὶ
803 1857 967 1925 αὐτός
998 1861 1117 1913 ἐστι
1150 1861 1211 1913 τὸ
1247 1878 1266 1911 t
1291 1864 1517 1932 σημεῖον
1550 1863 1647 1917 τοῦ
1688 1865 1818 1919 Υἱοῦ
1844 1866 1938 1921 τοῦ

359 1946 678 2019 ἀνθρώπουο
710 1968 731 2002 ι
764 1949 881 2012 καὶ,
916 1970 936 2008 t
958 1951 1050 2005 Ἐν
1095 1951 1246 2024 αὑτῷ
1278 1955 1428 2015 πᾶσα
1466 1955 1625 2027 σὰρξ,
1657 1977 1675 2009 t
1712 1957 1852 2012 κατὰ
1880 1959 1941 2013 τὸ

358 2039 783 2111 γεγραμμένον,
813 2059 831 2094 t
855 2040 1047 2113 ὅψεται
1076 2044 1138 2099 τὸ
1161 2047 1429 2116 σωτήριον
1450 2046 1543 2101 τοῦ
1565 2048 1700 2105 Θεοῦ
1725 2051 1900 2120 ἡμῶν.
1916 2070 1934 2104 ι

359 2133 493 2198 Καὶ,
526 2151 548 2185 ε
590 2133 926 2205 ὐψονταιοί
965 2135 1208 2192 Ἰουδαῖοι
1254 2138 1375 2211 [καὶ
1419 2126 1702 2214 κόψονται]
1750 2145 1834 2208 είς
1880 2142 1940 2198 ὃν

359 2226 743 2299 ἐξεκέντησαν.
773 2248 792 2287 ι
826 2228 1017 2300 Ἡμεῖς
1040 2232 1122 2297 δὲ,
1141 2232 1256 2287 ὅσοι
1271 2233 1348 2303 τῷ
1370 2213 1510 2303 φωτῖ
1527 2213 1698 2297 αὐτοῦ
1719 2236 1942 2310 ἐπορεύ-

362 2320 561 2393 θημεν,
597 2321 695 2374 σὺν
734 2320 885 2393 αὐτῷ
933 2323 1407 2397 δοξασθησόμεθα,
1447 2330 1544 2382 καὶ
1582 2327 1942 2398 συμϐασιλεύ-

364 2422 530 2478 σομεν
554 2415 633 2482 τῷ
660 2410 799 2483 Θεῷ.
827 2414 891 2484 τῇ
924 2414 1115 2484 Τριάδι
1139 2416 1235 2473 σὺν
1258 2416 1514 2486 ἀγγέλοις
1550 2417 1940 2490 περιχορεύον-

360 2518 487 2566 τες·
540 2506 609 2575 τῇ
654 2507 713 2558 ὲν
772 2508 971 2578 Πατρὶ,
1019 2510 1114 2562 καὶ
1156 2509 1293 2580 Υίῷ,
1348 2512 1444 2564 καὶ
1480 2512 1622 2584 ἁγίῳ
1659 2514 1940 2583 Πνεῦματι

364 2595 842 2670 προσκυνουμένῃ,
885 2596 982 2652 νῦν
1022 2600 1122 2653 καὶ
1149 2600 1262 2666 ἀεὶ,
1309 2602 1403 2656 καὶ
1458 2605 1538 2669 είς
1582 2605 1709 2667 τοὺς
1737 2604 1944 2671 αἰῶνας

362 2684 473 2751 τῶν
508 2683 746 2741 αἰώνων.
787 2689 986 2761 Ἀμήν.

965 2912 1188 2966 ΛΟΓΟΣ
1234 2915 1333 2968 ΙΒ’.

434 3023 540 3088 Εις
568 3021 688 3094 τὴν
724 3025 1166 3136 κοίμηὲεέἔτέιὲ
1182 3033 1507 3136 {asportare
1538 3036 1874 3106 Δεσποίνης
1970 3073 2019 3136 c

893 3096 1062 3173 ἡμῶν
1092 3096 1403 3157 Θεοτόιὶουζ

1972 1741 2012 1795 Β

2041 486 2369 556 coluissent,
2406 496 2461 547 et
2486 488 2713 547 uberem
2757 490 3146 565 virentemque
3175 492 3447 553 Ecclesiae
3476 511 3635 568 sege-

2038 581 2148 631 tem
2173 574 2514 644 effecissent,
2531 594 2747 646 eorum,
2767 580 2862 651 qui
2886 580 2942 636 in
2971 580 3254 639 Christum
3273 583 3635 645 crediderunt

2036 681 2297 739 magnam
2368 684 2607 731 messem
2681 681 3064 743 reportarunt.
3144 672 3262 733 Hac
3312 678 3632 739 contlrmati

2037 768 2333 829 martyres,
2364 774 2491 829 cum
2523 762 2689 817 etiam
2721 761 2982 823 caderent
3004 777 3069 821 ac
3097 763 3487 819 occiderentur
3516 767 3630 837 (68)

2038 848 2391 910 incessentes
2441 851 2843 924 ferientesqne,
2894 855 3292 911 verberabant.
3343 856 3630 919 Perillam

2004 938 2295 1005 Christus
2335 944 2559 1016 agnitus
2586 953 2695 1009 est,
2760 946 3122 1018 fideliumque
3172 945 3426 1005 Ecclesia
3473 949 3627 1007 Scri-

2038 1043 2267 1103 pturam
2299 1045 2567 1106 perpetuo
2594 1037 2882 1101 evolvens,
2919 1037 3174 1093 eumdem
3229 1039 3445 1094 inducit
3467 1038 3629 1107 Cbri—
3690 1024 3699 1029 ’

2038 1132 2188 1189 stum
2218 1124 2314 1181 Dei
2347 1125 2580 1194 Filium,
2612 1135 2670 1183 et
2722 1129 2905 1198 ipsum
2961 1144 3064 1200 per
3094 1144 3155 1186 se
3186 1127 3384 1195 Deum,
3410 1131 3639 1201 ipsum~

2038 1234 2153 1290 que
2182 1233 2286 1288 per
2332 1234 2393 1274 se
2454 1218 2775 1284 Dominum,
2817 1235 3015 1290 magna
3049 1235 3188 1276 voce
3241 1222 3570 1277 clamantem
3604 1239 3623 1278 ε

2045 1328 2064 1361 ι
2104 1309 2160 1363 Si
2189 1310 2315 1380 quis
2338 1309 2452 1364 vult
2479 1321 2604 1380 post
2629 1324 2716 1364 me
2735 1310 2947 1374 venire,
2978 1312 3211 1382 abneget
3238 1314 3624 1385 semetipsum,

2039 1407 2093 1456 et
2126 1400 2281 1456 tollat
2339 1415 2561 1456 crucem
2609 1416 2791 1465 suam,
2826 1409 2883 1456 et
2936 1411 3202 1471 sequatur
3244 1419 3332 1458 me
3372 1414 3418 1459 ο.
3460 1423 3480 1456 ι
3517 1403 3626 1461 Per

2042 1478 2219 1563 ipsam
2273 1495 2477 1546 llorent
2508 1507 2599 1548 res
2668 1491 3152 1558 Christianorum,
3204 1501 3259 1549 et
3290 1496 3346 1550 in
3396 1510 3619 1551 onmem

2043 1595 2254 1657 partem
2285 1597 2686 1658 propagentur.
2747 1585 2852 1642 Per
2898 1589 3074 1657 ipsam
3112 1601 3302 1657 regum
3331 1586 3624 1658 imperium

2044 1681 2315 1745 ﬁrmatur,
2347 1682 2658 1750 respublica
2714 1680 3018 1741 stabilitur,
3042 1679 3249 1733 cadunt
3281 1678 3496 1742 hostes,
3528 1693 3626 1733 su-

2044 1773 2335 1841 percilium
2376 1773 2750 1827 Barbarorum
2792 1772 3150 1841 deprimitur,
3178 1769 3376 1826 lsmael
3408 1770 3626 1825 interli-

2040 1865 2209 1929 citur,
2242 1863 2522 1918 daemones
2554 1861 2790 1916 fulmine
2820 1861 3243 1931 percelluntur,
3278 1852 3540 1930 quoniam
3569 1859 3625 1912 in

2041 1957 2160 2027 ipsa
2218 1962 2273 2010 et
2299 1970 2394 2025 per
2424 1955 2603 2025 ipsam
2641 1968 2742 2009 nos
2776 1954 2964 2007 salvos
2998 1949 3119 2006 fore
3152 1950 3478 2016 credimus;
3514 1955 3628 2005 est-

2040 2064 2149 2120 que
2172 2051 2291 2119 ipsa
2321 2065 2341 2099 ι
2364 2045 2593 2116 Signum
2626 2044 2752 2099 Filii
2806 2044 3049 2101 hominis
3082 2041 3104 2082 τ
3137 2059 3154 2111 ;
3190 2061 3209 2094 ι
3244 2048 3412 2110 atque
3447 2041 3502 2095 in
3531 2056 3624 2108 ea,

2042 2142 2195 2196 sicut
2224 2141 2495 2208 scriptum
2532 2145 2620 2192 est
2659 2153 2672 2191 :
2707 2138 2733 2186 t‘
2756 2134 2978 2190 Videbit
3008 2135 3194 2189 omnis
3214 2146 3350 2188 caro
3380 2132 3629 2190 salutare

2044 2231 2140 2287 Ι)θὶ
2179 2231 2357 2285 nostri
2393 2231 2452 2290 li;
2494 2247 2514 2282 υ
2549 2235 2646 2282 et:
2684 2246 2702 2278 ι
2732 2224 3019 2281 Videbunt
3084 2221 3300 2287 Judaei,
3354 2231 3409 2279 ct
3463 2224 3624 2295 plan-

2042 2331 2188 2396 gent,
2219 2339 2276 2378 tn
2319 2337 2484 2393 quem
2523 2319 2874 2377 condxerunt
2902 2316 2971 2374 lll
3004 2335 3023 2372 ι
3057 2316 3171 2373 Nos
3219 2332 3373 2380 vero,
3426 2316 3522 2387 qui
3570 2316 3626 2372 in

2043 2414 2253 2472 lumine
2284 2415 2406 2485 ejus
2433 2413 2808 2479 ambulamus,
2840 2426 2969 2467 cum
3003 2410 3119 2481 ipsa
3151 2407 3614 2481 gloriﬁcabimur,

2041 2516 2099 2566 et
2126 2507 2483 2579 regnabimus
2512 2504 2682 2561 simul
2717 2519 2844 2559 cum
2908 2502 3040 2566 Deo,
3095 2501 3249 2556 circa
3285 2497 3623 2554 Trinitatem

2044 2616 2168 2657 cum
2199 2594 2415 2668 angelis
2464 2597 2697 2652 choreas
2747 2596 3016 2650 ducentes
3056 2610 3072 2648 :
3104 2607 3227 2663 qua:
3255 2593 3529 2646 adoratur
3559 2592 3616 2649 in

2043 2691 2230 2755 Patre,
2258 2700 2313 2745 et
2333 2686 2475 2743 Filio
2496 2695 2552 2743 et
2585 2686 2800 2756 Spiritu
2836 2695 3063 2750 sancto,
3095 2697 3249 2738 nunc
3274 2691 3331 2737 et
3383 2696 3623 2753 semper,

2044 2792 2097 2838 et
2121 2784 2173 2837 in
2199 2781 2399 2839 saecula
2433 2780 2766 2836 satculorum
2809 2776 3006 2830 Amen.

2624 2909 2877 2966 ORATIO
2909 2907 3023 2964 XII.

2053 3030 2115 3087 In
2145 3031 2521 3087 dormitionem
2566 3023 3205 3167 δαηοιὶεεὶιηὲἕθςεὶραηε
3236 3022 3478 3078 Domina
3527 3001 3624 3077 ne-

2684 3107 2831 3153 rtrre.
2908 3114 2923 3141 ι

2684 3107 2831 3153 τινα.
2868 3107 2923 3153 (ὓ

1639 3237 1950 3303 (Interprete
2003 3237 2346 3298 Comhefisio.)

442 3314 594 3369 Ὅσοι
622 3314 681 3369 τὸ
732 3316 933 3373 σεπτὸν
978 3317 1135 3373 τοῦτο
1156 3320 1254 3389 τῆς
1287 3320 1548 3376 Θεοτόκου
1579 3324 1946 3397 κατειλήφατε

366 3406 617 3474 τέμενος,
655 3407 816 3479 δεῦρό
847 3426 959 3478 μοι,
992 3409 1227 3487 λιπαρῷ,
1254 3416 1743 3483 συνεπαμῦνασθαι
1771 3419 1945 3488 σήμε-

369 3514 465 3569 ρον
495 3500 624 3568 περὶ
659 3498 751 3552 τὸν
788 3499 945 3570 λόγον
974 3501 1260 3572 κάμνοντι,
1303 3505 1396 3558 καὶ
1430 3507 1566 3573 προς
1596 3508 1654 3561 τὸ
1688 3508 1821 3578 ὕψος
1852 3509 1948 3564 καὶ

370 3586 538 3658 βάθος
562 3588 938 3658 ἀμηχανοῦντι
996 3592 1091 3646 τοῦ
1126 3594 1427 3666 Θαύματος.
1463 3593 1579 3651 Εἶθ’
1614 3598 1785 3665 οὕτως
1821 3618 1949 3655 συν-

368 3681 676 3743 αναϐάντας
696 3683 789 3735 ἐπὶ
817 3682 878 3735 τὸ
896 3684 1065 3756 ἄκρον
1086 3688 1187 3757 τῆς
1211 3690 1521 3759 κεφαλίδας,
1544 3692 1608 3745 τὺ
1627 3693 1690 3762 δὴ
1712 3693 1945 3764 λεγόμε-

370 3786 483 3836 νον,
526 3772 608 3837 είς
654 3772 789 3827 Θεοῦ
824 3775 1099 3845 μυστήρια
1146 3778 1585 3853 παρακύψωμεν,
1629 3782 1724 3835 καὶ
1772 3782 1947 3853 λόγων

371 3860 678 3932 ἰπιταιρίων
715 3864 1060 3935 ἀκούσωμεν.

444 4074 467 4098 ⁶
504 4066 641 4125 Luc.
706 4086 784 4140 tr,
838 4071 930 4130 25.
1012 4072 1445 4151 {Mattlt‘um
1499 4075 1589 4133 50.
1637 4080 1663 4127 β
1701 4076 1811 4133 lsa.
1851 4082 2010 4144 n..5.
2043 4094 2055 4116 ἐ

2117 3322 2398 3390 Quotquot
2431 3320 2486 3374 in
2528 3318 2844 3374 venerabile
2877 3316 2982 3371 hoc
3017 3315 3107 3372 Det
3142 3313 3443 3369 Genttrtcis
3484 3322 3623 3373 tem-

2044 3415 2191 3483 plum
2226 3411 2603 3475 concessistis,
2640 3409 2849 3472 adeste,
2885 3421 3040 3477 rogo,
3096 3407 3254 3461 hodie
3287 3405 3512 3460 auxilio.
3544 3404 3629 3483 la-

2045 3505 2262 3563 boranti
2299 3504 2353 3558 in
2407 3501 2677 3558 sermonis
2709 3513 2904 3570 agone,
2939 3514 3040 3554 nec
3075 3498 3328 3552 miraculi
3374 3497 3629 3551 altitudi-

2046 3614 2170 3654 nem
2210 3595 2752 3663 profunditatemque
2791 3591 2993 3647 valenti
3036 3590 3172 3647 satis
3205 3589 3444 3658 assequi.
3486 3588 3624 3661 Tum

2047 3703 2180 3744 vero
2208 3686 2412 3758 pariter
2439 3685 2507 3739 ad
2537 3699 2809 3741 summum
2842 3683 2921 3738 rei
2972 3689 3160 3751 caput,
3195 3679 3344 3752 quod
3392 3677 3618 3742 dicitur,

2052 3779 2436 3844 ascendentes,
2465 3778 2520 3830 in
2559 3776 2650 3830 Dei
2688 3781 3034 3830 sacramenta
3072 3772 3216 3828 velut
3253 3766 3623 3825 incumbendo

2054 3873 2246 3927 oculos
2276 3871 2580 3927 inferamus
2600 3874 2619 3946 (_
2642 3868 2768 3931 70).
2797 3882 2862 3923 ac
2895 3881 3181 3924 sermones
3236 3862 3499 3919 funebres
3531 3877 3627 3923 au-

2057 3963 2297 4018 diamus.

2165 4077 2194 4121 Ιι
2219 4076 2453 4133 Zachar.
2474 4088 2571 4139 xu,
2602 4071 2713 4130 lO.‘

1671 4169 2058 4228 COMBEFISII
2095 4169 2333 4226 NOTE.

443 4254 558 4326 (68)
601 4255 735 4311 Cum
784 4259 947 4313 etiam
995 4259 1243 4314 caderent
1299 4270 1349 4315 et
1409 4260 1792 4317 occiderentur.
1836 4262 1950 4317 Καὶ

369 4333 686 4404 πίπτοντεςἷ
750 4327 899 4404 δῇίιίί
948 4330 1177 4404 clarius,
1234 4342 1291 4385 et
1336 4333 1391 4386 in
1430 4340 1724 4404 martyres,
1771 4342 1952 4387 morte

2060 4277 2203 4316 mam
2231 4262 2352 4329 ejus
2383 4259 2811 4329 solemnitatem,
2856 4254 3247 4329 devotissimus
3278 4255 3451 4329 cliens
3483 4257 3633 4329 cele-

2057 4332 2181 4412 brat
2214 4325 2498 4412 i‘totaque
2524 4327 2840 4412 _modestia,
2887 4325 3017 4412 quid
3050 4325 3137 4412 pia
3187 4326 3484 4412 traditione
3517 4326 3631 4412 jam

370 4417 497 4466 Sua,
524 4414 623 4451 ceu
668 4399 723 4484 in
753 4397 966 4484 Christi
998 4402 1186 4469 pt'aalio
1227 4394 1615 4483 prosternent'e
1644 4394 1820 4484 hoste,
1873 4404 1951 4484 vi:
1987 4425 2028 4479 ι)
2058 4403 2186 4484 olim
2214 4394 2459 4484 Ec‘elesia
2487 4399 2572 4468 pie
2601 4407 2781 4484 tentent
2809 4412 2823 4449 :
2848 4395 2992 4465 quod
3018 4394 3291 4484 etsmculo
3319 4395 3431 4484 fere
3454 4394 3633 4484 postea

373 4480 579 4541 (stores,
616 4472 819 4541 aptius.
844 4468 980 4541 Nam
1004 4468 1100 4525 est
1127 4473 1409 4541 proprium
1442 4487 1630 4526 eorum
1651 4472 1743 4541 qui
1774 4472 1946 4525 Occisi

372 4540 583 4594 cadunt
618 4540 672 4593 in
712 4540 859 4610 bello
889 4540 973 4605 τὸ,
1009 4540 1268 4594 πίπτεινο
1305 4542 1585 4610 quomodo
1624 4540 1812 4596 statim
1860 4557 1953 4596 se-

372 4611 565 4678 quitur
601 4628 614 4663 :
654 4609 906 4681 πολέμιοι
938 4611 1220 4666 πίπτουσι.
1259 4609 1360 4667 Ubi
1393 4610 1579 4667 Gretz.
1610 4611 1821 4668 Cadunt
1849 4612 1953 4669 ini-

374 4681 539 4742 mici;
572 4680 801 4745 melius,
824 4680 1019 4737 hostes.
1055 4681 1156 4736 llic
1186 4690 1368 4735 atttem
1408 4684 1570 4749 plane
1619 4697 1904 4751 perperam
1938 4699 1953 4736 :

374 4751 449 4805 Et
497 4750 618 4803 huic
659 4753 1034 4818 procidentes:
1084 4752 1236 4806 velut
1293 4753 1481 4806 crucis
1546 4750 1953 4817 aderatiunetn,

377 4837 487 4876 non
524 4829 756 4892 mortem
794 4824 1094 4892 martyrum
1139 4822 1494 4892 victoriosam
1545 4833 1738 4875 auctor
1799 4822 1956 4875 dire—

376 4900 484 4963 ret.
521 4891 613 4963 Sic
647 4905 821 4959 nuper
853 4890 1038 4945 fucum
1071 4891 1199 4963 fecit
1244 4893 1298 4946 in
1332 4890 1523 4945 eadem
1557 4907 1694 4960 pene
1726 4892 1956 4945 materia

378 4962 723 5016 adorationie
754 4977 1036 5018 sacrarum
1074 4977 1258 5017 rerum
1280 5002 1295 5026 ,
1347 4978 1455 5015 non
1486 4962 1621 5015 nihil
1655 4962 1956 5028 ampullata

379 5047 521 5088 nova
556 5032 816 5086 neoterici
871 5031 1162 5097 cujusdam
1215 5033 1379 5085 unius
1429 5040 1676 5085 veterum
1726 5029 1953 5084 Patrum

377 5104 564 5156 versio
594 5120 607 5155 :
650 5111 712 5156 ut
745 5103 871 5156 inde
906 5104 1134 5169 petitum
1169 5103 1438 5157 adversus
1475 5100 1836 5157 Calvinistam
1868 5116 1958 5159 ar-

380 5179 727 5241 gumentum,
762 5173 964 5227 collato
986 5180 1159 5233 textu.
1189 5172 1456 5242 nonnullo
1477 5181 1625 5228 certe
1652 5172 1952 5242 arguentis,

381 5253 547 5310 atque
587 5244 797 5295 utinam
847 5257 957 5296 non
1005 5242 1272 5312 licclesiaa
1327 5241 1561 5305 Christi,
1612 5241 1953 5312 contemptu,

380 5314 667 5380 explosum
703 5313 793 5365 sit.
823 5312 944 5367 Non
988 5310 1189 5367 desunt
1220 5326 1370 5375 vera,
1412 5320 1474 5367 ut
1499 5312 1799 5371 debeamus
1828 5310 1954 5366 cor-

383 5398 580 5453 rogare
617 5382 883 5437 ementita
930 5392 1181 5453 praestota
1215 5398 1231 5438 :
1267 5397 1582 5453 quanquam
1620 5397 1723 5437 nec
1765 5383 1952 5438 Gretz.

384 5467 487 5523 nec
543 5452 644 5511 illi,
705 5468 864 5523 ιιιιρηι
902 5455 1154 5523 l:onor.s
1197 5452 1365 5508 causa
1402 5452 1565 5517 sileo,
1614 5453 1721 5523 piis
1765 5455 1953 5522 utique

382 5522 521 5576 viris
574 5529 631 5576 et
676 5522 968 5590 religiosis.
1019 5523 1318 5592 quidquam
1369 5524 1549 5579 studio
1583 5522 1736 5577 iisin
1788 5526 1952 5579 rebus

385 5592 530 5663 male
559 5593 916 5663 commissum
943 5593 1243 5663 putandum
1262 5595 1352 5647 sit.

459 5661 575 5733 (69)
611 5661 833 5733 Tripliri
868 5661 1129 5733 criminin
1171 5666 1385 5733 egregie
1420 5663 1670 5721 Andreas
1710 5661 1947 5719 festivisv

387 5731 585 5787 nimam
639 5732 728 5786 Dei
772 5731 1065 5788 Genitricis
1118 5731 1530 5798 Dormitioncm,
1569 5734 1727 5799 longe
1775 5736 1950 5789 maxi-

2057 4473 2203 4526 riore
2271 4465 2641 4524 Damascenus
2681 4466 3102 4535 Germanusque
3131 4465 3481 4536 postmodum
3530 4466 3631 4536 Alu-

2055 4543 2307 4596 culenter
2364 4539 2591 4600 fecere,
2682 4546 2903 4592 enarrat
2961 4534 3147 4605 atque
3197 4546 3448 4592 exornat.
3528 4534 3631 4591 Vix

2061 4614 2171 4667 alio
2216 4611 2375 4666 titulo
2432 4610 2748 4664 inveniatur
2775 4607 2915 4677 apud
2964 4610 3127 4662 etiam
3162 4608 3333 4677 _metlii
3374 4606 3499 4670 aevi,
3530 4623 3635 4661 nec

2058 4682 2132 4736 ita
2178 4682 2433 4752 antiquos
2482 4673 3024 4752 scriptoressacros,
3062 4691 3125 4752 ea
3161 4673 3401 4752 Dominae
3430 4686 3634 4752 nostra:

2056 4744 2407 4817 solemnitas,
2439 4752 2521 4805 sic
2566 4744 2727 4802 etiam
2770 4746 3155 4818 Martyrologio
3186 4744 3434 4801 Romano
3481 4749 3628 4801 anti-

2056 4837 2187 4890 quo,
2218 4821 2431 4884 Adone,
2462 4830 2518 4874 et
2559 4820 2681 4874 aliis
2723 4817 3098 4890 vocitantibus
3125 4832 3140 4870 :
3167 4818 3318 4890 velut
3362 4832 3468 4890 non
3497 4819 3632 4873 satis

2060 4886 2276 4946 fiducia;
2322 4900 2491 4950 esset.
2542 4900 2604 4942 ut
2651 4890 2794 4957 quod
2839 4887 2983 4942 Deus
3031 4886 3284 4941 nonnihil
3332 4888 3631 4941 obscurum

2056 4964 2369 5025 voluisset,
2423 4967 2810 5030 praematurum
2841 4996 2857 5021 ,
2923 4960 3170 5030 inquam,
3227 4958 3634 5030 Assutnptignis

2057 5031 2242 5087 Mariae
2275 5031 2330 5085 in
2387 5027 2629 5099 corpore
2660 5028 2905 5099 glorioso
2936 5029 3304 5099 triumphum,
3353 5028 3476 5096 ipso
3509 5027 3631 5099 festi

2056 5103 2235 5172 palam
2265 5097 2748 5172 nomine—profiteri
2779 5108 2833 5152 et
2866 5113 3114 5152 asserere
3143 5097 3482 5172 viderentur.
3514 5097 3632 5162 Qua

2056 5166 2110 5227 in
2155 5189 2211 5227 re
2246 5166 2618 5241 indulgentior
2668 5166 3162 5241 fuit_posterorum
3215 5170 3429 5241 pietas;
3467 5183 3629 5241 qttam

2014 5272 2017 5277 ν
2054 5253 2108 5314 et
2154 5256 2278 5314 ego
2312 5237 2733 5314 indulgentiam,
2755 5239 2896 5314 _dt_t_tn
2924 5248 2978 5314 et
3013 5240 3128 5307 ipsa
3162 5237 3409 5314 modesta
3437 5238 3529 5314 sit,
3569 5252 3634 5291 ac

2056 5307 2215 5367 ἰηιιεί
2247 5311 2448 5365 limites
2471 5307 2602 5378 'pia:
2639 5308 3011 5373 credulitatis,
3054 5322 3220 5375 quam
3263 5308 3434 5378 solam
3471 5307 3630 5368 Deus.

2054 5399 2163 5437 non
2195 5389 2405 5436 tantum
2459 5375 2789 5433 veneranda:
2832 5378 2909 5431 illi
2954 5378 3291 5445 antiquitati,
3318 5375 3411 5431 sed
3443 5386 3497 5431 et
3536 5395 3633 5444 po-
3687 5411 3695 5418 ο

2057 5454 2180 5507 tiori
2214 5452 2343 5520 jure
2392 5450 2600 5507 secutis
2639 5450 2820 5513 nobis,
2878 5448 3198 5519 permisisse
3238 5447 3475 5520 videtur,
3508 5463 3634 5501 cou-

2053 5519 2256 5578 stitet‘it
2293 5537 2307 5575 :
2349 5521 2441 5589 qui
2484 5520 2644 5571 velim
2676 5520 2897 5574 sobrius
2928 5534 3072 5577 esse.
3119 5533 3182 5571 ac
3230 5519 3429 5588 pietate
3468 5532 3632 5587 quam

2054 5608 2219 5647 sensu
2263 5591 2563 5650 abundare,
2597 5590 2740 5643 haud
2780 5597 3004 5659 gravate
3036 5589 3379 5658 probaverim
3412 5602 3477 5653 ac
3513 5590 3631 5642 lau-

2052 5663 2316 5717 davet'im.

2122 5732 2234 5804 (70)
2281 5730 2427 5791 Velut
2460 5729 2805 5785 incutitbendo
2859 5732 3035 5799 oculos
3088 5729 3404 5800 inferamus.
3445 5728 3627 5802 Πιθε-
