4016 6130
424 325 430 337 ε
447 302 584 370 1047

423 441 432 454 ·
520 418 792 478 Salutaris
830 430 960 488 ergo
1020 413 1212 469 Sermo
1243 409 1335 465 ille
1366 421 1429 462 ac
1489 403 1754 476 Optimus,
1801 402 2093 478 Semo,_A

443 515 696 585 inquam,
734 508 1067 570 subsistens,
1098 516 1161 556 ac
1194 499 1372 568 major
1403 493 1735 560 substantia,
1785 491 1881 546 ubi
1932 497 2020 543 to-

447 613 561 660 tam
597 617 698 674 pro
732 599 889 655 nobis
923 597 976 650 in
1011 603 1159 650 terra
1188 590 1375 646 carnis
1405 585 1872 658 dispensationem
1899 595 2022 652 ges-

369 697 375 719 ‘
450 692 636 758 sisset,
681 689 744 744 ac
775 689 906 744 olim
941 685 1007 742 de
1037 683 1156 754 ipso
1185 679 1449 753 prmdicta
1483 677 1785 747 implesset,
1813 684 2024 742 nosque

452 785 510 840 in
565 773 854 853 s'eipso’ac
885 793 944 834 se
979 777 1034 830 in
1072 773 1234 830 nobis
1260 779 1436 826 totum
1465 771 1584 842 ipso
1633 765 2018 828 exhibuisset,

449 875 650 930 emtum
685 872 950 940 deinceps
977 882 1041 922 ac
1072 875 1272 920 terram
1300 863 1471 934 gloria
1501 860 1768 932 implevit,
1815 869 2026 927 suaque

433 963 818 1024 sanctimonia
852 970 1048 1016 creata
1091 957 1347 1012 universa
1400 944 1614 1009 ditavit.
1653 952 1723 1006 At
1755 965 1887 1006 vero
1929 953 2026 1020 per

448 1059 668 1114 crucem
696 1067 1048 1127 congressus,
1081 1050 1209 1105 mali
1241 1047 1521 1119 superavit
1563 1053 1887 1110 auctorem;
1937 1041 2025 1096 lu-

450 1157 742 1218 ctatusque
775 1161 900 1200 cum
937 1147 1133 1209 morte,
1163 1155 1326 1212 quam
1358 1154 1422 1196 ea
1459 1139 1515 1193 in
1553 1153 1654 1194 nos
1675 1133 2024 1208 tyrannidem

439 1241 747 1298 exercebat
779 1235 1153 1302 labefactavit,
1185 1242 1350 1304 atque
1375 1230 1579 1286 inferni
1609 1230 1900 1284 obscuram
1939 1240 2028 1280 re-

450 1335 667 1406 gionem
701 1329 1136 1398 infernalemque
1161 1326 1391 1396 regiam,
1425 1323 1669 1378 omnium
1699 1319 1880 1375 voraci
1905 1316 2027 1388 eius

453 1434 652 1480 ventre
680 1421 926 1484 occluso,
957 1425 1017 1474 ut
1044 1432 1114 1472 ne
1161 1417 1422 1486 deinceps
1451 1412 1746 1468 deifornzes
1803 1415 2026 1464 sancto-

449 1530 579 1570 rum
617 1513 832 1568 animas
865 1526 963 1566 ceu
1012 1508 1257 1581 potentia
1287 1506 1637 1575 maneipante
1697 1500 2026 1570 susciperet,

453 1607 668 1664 evertit.
705 1604 812 1660 Par
837 1619 1000 1675 porro
1026 1601 1172 1674 quod
1209 1600 1470 1656 existimo
1499 1604 1639 1660 erat,
1670 1606 1729 1650 ut
1759 1609 1828 1649 ne
1871 1606 2029 1664 pror-

455 1715 553 1755 sus
582 1694 838 1768 antiquae
863 1694 1268 1751 maledictionis
1293 1692 1419 1761 jura
1448 1689 1825 1743 abolerentur.
1859 1683 2029 1752 Quip-

1640 297 1681 356 s
1734 279 2066 354 A‘NnaE/E
2093 281 2516 350 CRETENSIS

3561 269 3713 333 ’10ξὸ

2205 401 2264 452 '0
2293 397 2478 452 τοίνυν
2517 393 2784 466 σωτήριος
2807 389 2903 446 καὶ
2926 387 3280 460 ὕπεράγαθος
3306 370 3486 455 λόγος
3511 424 3528 452 ,
3560 384 3590 438 ὁ
3619 385 3710 438 ἐν-

2131 489 2437 554 υπόστατός
2461 505 2522 542 τε
2555 487 2648 542 καὶ
2682 485 3034 557 ύπερούσιος,
3053 483 3234 536 πᾶσαν
3259 479 3361 552 τὴν
3385 478 3528 550 ὑπὲρ
3555 477 3711 548 ἡμῶν

2129 583 2444 656 οἰκονομίαν
2500 581 2592 634 ἐπὶ
2643 581 2748 648 γῆς
2801 575 2941 646 μετά
2980 574 3182 644 σαρκὸς
3233 569 3709 642 ὲμπολιτευπάμε-

2131 693 2243 738 νος,
2296 673 2394 726 καῖ
2432 672 2500 724 τὰ
2567 669 2737 724 πάλαι
2789 665 2923 737 περὶ
2969 663 3140 718 αὐτοῦ
3193 660 3710 732 κεχρησμῳδημένα

2132 765 2452 839 πληρώσας,
2475 760 2656 828 δείξας
2687 777 2746 814 τε
2795 761 2944 832 ἡμᾶς
2969 761 3027 811 ὲν
3071 755 3260 826 conp;
3277 755 3373 808 καὶ
3399 754 3526 808 ὅλον
3553 753 3709 808 αὑτὸν

2133 861 2192 914 ὲν
2218 861 2372 929 ἡμῖν,
2397 855 2730 926 πεπλήρωκε
2767 851 2860 905 τὸν
2889 848 3117 922 οὐρανὸν
3157 849 3252 902 καὶ
3277 847 3378 918 τὴν
3405 847 3510 918 γῆν
3532 845 3708 916 δόξης,

2134 951 2234 1007 καὶΓ
2249 927 2656 1020 τῆξάγιστείας
2681 943 2846 998 αὑτοῦ
2882 941 2980 1014 τὴν
3009 941 3304 1012 σύμπασαν
3325 939 3708 993 κατεπλούτισε

2135 1044 2334 1099 κτίσιν.
2386 1041 2661 1110 Νενίκηκε
2689 1037 2767 1100 δὲ,
2805 1035 2895 1090 διὰ
2943 1033 3184 1104 σταυροῦ
3233 1031 3580 1103 συμπλακεὶς
3618 1030 3708 1085 τὸν

2134 1135 2470 1208 ἀρχέκακον,
2505 1134 2601 1186 καῖ
2639 1129 2718 1201 τῷ
2743 1128 2960 1198 Θανάτῳ
2993 1125 3435 1198 προσπαλαίσας,
3463 1124 3564 1194 τὴν
3591 1122 3708 1176 καθ’

2137 1229 2292 1301 ἡμῶν
2322 1225 2481 1280 ἔλυσε
2509 1221 2834 1295 τυραννίδα·
2875 1220 3004 1291 ᾅδου
3031 1237 3090 1272 τε
3123 1219 3218 1272 τὸν
3263 1217 3490 1288 ἀφεγγῆ
3517 1216 3708 1288 χῶρον,

2136 1321 2233 1374 καὶ
2265 1319 2334 1372 τὰ
2379 1319 2497 1370 ἐκεῖ
2525 1315 2744 1370 καθεῖλε
2787 1311 3056 1384 βασίλεια,
3085 1312 3182 1382 τὴν
3223 1311 3524 1381 παμφάγον
3553 1307 3712 1363 αὑτοῦ

2143 1409 2471 1478 συγκλείσας
2511 1404 2776 1474 γαστέρα,
2807 1403 2944 1474 πρὸς
2983 1401 3043 1454 τὸ
3078 1401 3153 1471 μὴ
3181 1399 3281 1464 τὰς
3315 1398 3572 1462 θεοειδεῖς
3609 1399 3716 1453 τῶν

2139 1503 2312 1572 ἁγίων
2341 1499 2521 1570 ψυχὰς
2544 1498 2623 1552 ἔτι
2655 1497 2776 1550 κατ’
2821 1493 3178 1564 ἐπικράτειαν
3211 1491 3487 1562 δέχεσθαι.
3527 1493 3718 1564 Ἐχρῆν

2136 1595 2217 1660 δὲ’
2249 1591 2428 1664 οἶμαιν
2475 1591 2551 1662 μὴ
2592 1591 2767 1660 πάντη
2807 1590 2908 1659 τῆς
2937 1588 3174 1660 ἀρχαίας
3207 1587 3350 1657 ἀρᾶς
3393 1585 3721 1655 ἀποπαυθῆ-

2139 1705 2227 1742 ναι
2249 1685 2320 1740 τὰ
2357 1683 2629 1756 ὁροθέσια.
2665 1679 2802 1735 Θεοῦ
2833 1681 2944 1750 γάρ
2972 1675 3040 1751 ἦν
3073 1678 3247 1750 φωνὴ,
3281 1678 3409 1742 τοὺς
3440 1676 3591 1743 ἅπαξ
3616 1677 3723 1731 ἀπὺ

455 1807 524 1862 pe
551 1767 736 1846 divina
767 1801 901 1842 voce
947 1787 1228 1842 decretum
1297 1789 1567 1843 manaral,
1607 1786 1668 1832 ut
1723 1775 1818 1845 qui
1867 1771 2033 1828 semel

2157 1777 2244 1848 (ἧς
2269 1774 2681 1848 παραχθέντας.
2721 1773 2801 1836 εις
2833 1770 2938 1840 γῆν
2977 1769 3354 1840 ὲπανάγεσθαι
3377 1785 3390 1798 ·
3415 1769 3500 1822 ὅτι
3525 1767 3600 1838 μὴ
3623 1767 3725 1836 τῆς

463 1900 495 1940 e
521 1893 668 1938 terra
693 1879 877 1936 educti
902 1888 1103 1942 essent,
1133 1878 1185 1931 in
1219 1883 1419 1930 terram
1444 1877 1871 1931 reverterentur,
1895 1880 2033 1920 non-

459 1975 590 2030 dum
630 1979 824 2027 natura
870 1984 992 2040 qua:
1024 1967 1216 2024 fuisset
1249 1973 1423 2019 tracta
1452 1977 1480 2018 e
1509 1970 1677 2028 terra,
1728 1961 2034 2015 libertatem

461 2081 491 2120 a
529 2065 796 2120 servitute
825 2062 879 2116 in
907 2069 1029 2114 ortu
1075 2057 1413 2128 interituque
1449 2055 1650 2125 posita,
1710 2060 2032 2108 consecuta.

457 2157 629 2212 Plane
656 2155 838 2210 autem
881 2167 979 2224 par
1040 2159 1178 2216 erat,
1211 2159 1271 2204 ut
1301 2166 1319 2200 ι
1347 2147 1439 2218 qui
1490 2161 1587 2217 per
1628 2143 1813 2200 omnia
1857 2141 2036 2197 factus

459 2255 606 2304 esset
634 2245 897 2319 fratribus
932 2241 1175 2298 similisi
1227 2251 1248 2285 ι
1295 2240 1504 2309 absque
1547 2243 1792 2308 peccato,
1851 2233 2036 2290 omnia

441 2337 673 2395 'naturae
697 2337 844 2393 velut
895 2333 1152 2404 insignia,
1201 2331 1258 2386 in
1289 2346 1350 2388 se
1384 2332 1502 2401 ipse
1551 2326 1865 2384 ostenderet
1898 2343 1912 2380 :
1943 2325 2036 2393 qui

461 2445 525 2486 ea
561 2429 627 2484 de
657 2445 735 2496 re,
771 2426 914 2484 Deus
945 2427 1241 2490 exsistens,
1294 2422 1614 2494 impensiori
1653 2419 1707 2474 in
1731 2419 2037 2473 humanum

461 2537 635 2593 genus
696 2520 880 2576 studio
939 2518 1116 2574 factus
1190 2527 1338 2573 esset
1401 2516 1588 2580 homo,
1651 2519 2040 2592 gustassetque

463 2613 780 2668 affectiones
814 2611 1104 2675 humanas,
1137 2619 1199 2664 ut
1238 2622 1394 2664 suam
1423 2607 1477 2661 in
1503 2620 1607 2661 nos
1656 2604 1910 2658 homines
1943 2617 2042 2655 ne-

463 2699 853 2754 cessitudinem
886 2699 1160 2767 proderet.
1194 2698 1239 2751 si
1288 2695 1510 2765 quando
1561 2676 1682 2764 ejus
1735 2691 2042 2746 aﬂectioni-

463 2791 590 2854 bus,
622 2788 716 2859 qui
744 2789 812 2844 ab
835 2787 1219 2844 aﬂectionibus
1247 2794 1394 2842 esset
1427 2787 1712 2850 immunis,
1766 2785 2044 2841 immunes

464 2880 574 2952 ipsi
608 2890 662 2936 et
703 2880 862 2935 liberi
898 2879 966 2934 ab
1023 2877 1408 2934 affectionibus
1464 2877 1846 2933 redderemur.
1907 2876 2044 2930 Pro-

465 2982 652 3044 pterea
671 2973 834 3029 etiam
864 2971 1194 3027 interitionis
1221 2969 1524 3040 periculum
1555 2970 1822 3026 sustinuit
1843 2969 2044 3035 facere;

468 3081 536 3121 ac
569 3067 756 3123 subire
789 3074 1044 3128 mortem,
1079 3071 1245 3132 atque
1276 3062 1343 3117 ad
1378 3063 1594 3118 tristem
1635 3061 1834 3117 inferni
1863 3062 2046 3132 regio-

2143 1872 2201 1924 ὲν
2232 1869 2442 1940 γενέσει
2475 1868 2568 1922 καὶ
2606 1867 2783 1938 φθορᾷ
2811 1864 3056 1928 δουλείας
3085 1863 3118 1934 ἡ
3147 1864 3280 1934 πρὶν
3314 1861 3726 1930 άπογαιωθεῖσα

2143 1960 2306 2032 φύσις
2351 1959 2490 2023 τέως
2543 1955 2991 2029 ἀπηλευθέρωτο.
3057 1955 3207 2008 Ἔδει
3267 1954 3328 2008 δὲ
3377 1972 3396 2006 ι
3437 1954 3535 2008 τὸν
3583 1953 3728 2006 κατά

2145 2055 2325 2108 πάντα
2349 2054 2462 2116 τοῖς
2489 2050 2742 2120 ἀδελφοῖς
2774 2050 3114 2121 ὁμοιωθέντα
3137 2048 3308 2120 χωρὶς
3353 2045 3631 2118 ἁμαρτίας
3655 2085 3671 2109 ,
3701 2064 3720 2097 ο

2145 2147 2326 2202 πάντα
2356 2147 2416 2200 ὲν
2453 2144 2604 2218 αὑτῷ
2637 2143 2706 2198 τὰ
2741 2143 2844 2215 τῆς
2881 2143 3100 2212 φύσεως
3145 2139 3475 2212 παραδεῖξαι
3523 2135 3728 2208 γνωρί-

2148 2254 2331 2310 σματα
2351 2253 2364 2268 ·
2397 2235 2457 2300 ὃς
2484 2236 2577 2290 διὰ
2617 2236 2796 2302 τοῦτο,
2822 2234 2958 2298 Θεὸς
2996 2232 3096 2299 ὢν,
3143 2233 3286 2304 ὑπὲρ
3315 2229 3728 2301 φιλανθρωπίας

2147 2329 2366 2399 ἐγένετο
2397 2327 2707 2400 ἄνθρωπος’
2735 2327 2831 2380 καὶ
2865 2325 3054 2381 παθῶν
3087 2323 3432 2394 ἀπεγεύσατο
3475 2323 3615 2393 πρὸς
3647 2319 3730 2372 ἒν-

2148 2421 2314 2486 δειξιν
2353 2421 2454 2492 τῆς
2505 2420 2642 2492 πρὸς
2679 2421 2828 2491 ἡμᾶς
2864 2417 3216 2481 οἰκειώσεως,
3257 2416 3314 2470 εῖ
3337 2432 3457 2478 πως
3501 2415 3614 2477 τοῖς
3634 2411 3728 2466 τοῦ

2149 2511 2398 2576 ἀπαθοῦς
2425 2511 2657 2566 πάθεσιν
2683 2509 2788 2576 ἔξω
2818 2509 3009 2564 παθῶν
3041 2507 3344 2578 κατασταίη
3356 2522 3482 2576 μεν.
3511 2505 3730 2575 Ταύτη-

2148 2625 2233 2662 τοι
2257 2608 2352 2663 καὶ
2385 2607 2596 2678 φθορᾶς
2637 2609 2834 2678 πεῖραν
2873 2604 3061 2660 λαόεϊν
3107 2600 3459 2667 κατεδέξατο,
3493 2598 3592 2652 καῖ
3633 2597 3732 2650 θα-

2153 2700 2300 2770 νάτῳ
2333 2698 2760 2770 προσομιλῆσαι,
2785 2697 2878 2752 κα)⁵
2907 2698 3006 2766 τὴν
3044 2692 3247 2767 ἀμειδῆ
3267 2692 3363 2746 τοῦ
3391 2691 3520 2763 ᾅδου
3548 2687 3731 2760 χώραν

2153 2789 2506 2856 καταλαϐεῖν,
2553 2789 2618 2844 ἵν’
2654 2791 2818 2862 ἡμεῖς
2863 2787 2972 2842 τῶν
3017 2785 3269 2841 ἐντεῦθεν
3321 2779 3734 2854 ἀποδραμόντες

2153 2882 2401 2953 δεσμῶν,
2434 2884 2514 2946 είς
2560 2881 2876 2951 ἀφθαρσίαν
2926 2879 3443 2950 μεταχωρήσαιμεν.
3491 2869 3634 2926 Ἀλλ’
3672 2869 3732 2922 οὐ

2155 2943 2308 3044 παρὰ
2371 2943 2529 3026 τοῦτο
2585 2943 2677 3026 τ’δν
2714 2943 2969 3040 ’φυσικδν
3035 2943 3420 3039 ἐκφευξόμεθα
3461 2943 3782 3044 θάνατονοξ-

2156 3033 2274 3132 εἴγε
2302 3063 2444 3118 κατὰ
2479 3064 2650 3136 μόνην
2676 3033 2777 3135 τὴν
2797 3063 2980 3135 χάριν,
3013 3033 3130 3116 ἀλλζ
3161 3059 3223 3114 οὐ
3255 3033 3396 3112 κατά
3423 3054 3524 3127 τὴν
3551 3033 3766 3124 prima"

469 3174 597 3214 nem
633 3157 843 3222 venire,
877 3163 938 3209 ut
969 3154 1072 3224 ipsi
1122 3152 1488 3208 infernalibus
1518 3151 1760 3222 exempti
1790 3129 2046 3216 vinculis,

2157 3129 2378 3207 τὸεῖναι
2405 3129 2684 3219 λαθόντες,
2715 3129 2974 3208 ἀθάνατοι
2999 3147 3426 3217 διεπλάσθημεν.

475 3247 1024 3318 inincorruptionem
1073 3243 1520 3300 transferremur.
1564 3241 1766 3298 Verum
1797 3243 2082 3300 enimvero
2146 3243 2569 3317 haudquaquam
2634 3247 2756 3302 ideo
2799 3258 2992 3301 sumus
3051 3238 3277 3296 vitaturi
3333 3242 3573 3290 mortem
3640 3245 3734 3286 na-

479 3342 735 3409 turalem,
788 3337 1059 3408 siquidem
1092 3331 1266 3407 gratia
1297 3344 1531 3404 tantum,
1563 3351 1671 3392 non
1699 3347 1883 3392 autem
1945 3351 2044 3407 per
2083 3343 2340 3394 naturam
2383 3347 2642 3410 suscepto
2665 3352 2810 3404 esse,
2864 3332 3207 3389 immortales
3277 3341 3474 3385 sumus
3540 3337 3736 3380 recon-

473 3437 682 3493 cinnati
717 3433 813 3506 (7i
839 3431 859 3505 )
885 3471 902 3489 .

549 3527 826 3594 Quorsum
883 3539 1012 3581 vero
1040 3524 1159 3581 haec
1211 3525 1430 3594 loquor,
1475 3523 1695 3587 fratres,
1729 3540 1793 3579 ac
1847 3539 1954 3594 qua
1985 3515 2054 3578 de

475 3633 644 3673 causa
675 3617 780 3672 huc
812 3613 1084 3671 sermonis
1115 3621 1410 3683 provectus
1433 3613 1594 3667 sum?
1627 3612 1783 3677 Quod
1809 3612 1854 3666 si
1886 3611 2055 3666 nimi-

475 3727 622 3775 rum,
681 3707 954 3778 siquidem
981 3705 1280 3759 debeamus
1313 3703 1562 3774 prteclari
1587 3702 1736 3757 illius
1786 3702 2056 3760 transitus

481 3809 828 3859 sacramenta
872 3798 1144 3868 attingere
1175 3839 1191 3863 ,
1247 3811 1473 3852 necesse
1505 3802 1596 3860 sit,
1633 3805 1694 3850 ut
1745 3796 2059 3866 aliquantu-

479 3897 596 3950 lum
651 3901 962 3949 sermonem
1019 3891 1348 3946 reducamus
1389 3890 1455 3944 ad
1497 3890 1742 3944 omnium
1803 3897 2055 3944 nostrum

484 3987 778 4041 Dominum
822 3985 1128 4054 horumque
1173 3998 1236 4036 ae
1288 3983 1456 4038 Deum
1513 3980 1698 4038 Jesum
1752 3982 2056 4048 Christum,

483 4089 710 4148 tumque
741 4075 933 4131 ordine
989 4075 1236 4144 subjecto
1267 4081 1596 4144 argumento
1630 4075 1934 4130 orationem
1960 4088 2060 4142 ap-

485 4181 665 4226 temus
698 4185 760 4225 ac
785 4182 1164 4225 conseramus.
1206 4167 1478 4234 Quoniam
1515 4184 1644 4238 ergo
1684 4167 2058 4223 necessarium

481 4264 799 4320 hominibus
840 4263 1190 4318 incumbebat
1229 4271 1287 4317 ut
1317 4264 1483 4318 semel
1534 4263 1901 4327 Ino‘rerentur,
1947 4275 2062 4316 res.

2223 3517 2366 3589 Πρὸς
2394 3516 2488 3571 οὖν
2516 3515 2569 3568 τί
2593 3512 2766 3568 ταῦτά
2802 3525 2968 3583 φημι,
2999 3507 3249 3577 ἀδελφοὶ,
3282 3505 3377 3559 καὶ
3412 3505 3537 3557 ὅτου
3582 3499 3737 3571 χάριν

2153 3614 2233 3676 είς
2256 3610 2480 3671 τούτους
2507 3607 2602 3660 νῦν
2632 3603 2920 3677 προήχθην
2955 3603 3083 3666 τοὺς
3118 3600 3346 3668 λὸγους;
3379 3596 3507 3666 Ὅτι
3528 3595 3580 3646 el
3613 3589 3736 3662 μὲλ-

2155 3703 2344 3774 λοιμεν
2373 3699 2482 3754 τῶν
2531 3695 2674 3752 κατὰ
2709 3695 2810 3766 τὴν
2858 3693 3117 3764 ὑπερφυᾶ
3155 3690 3494 3762 μετάστασιν
3539 3697 3738 3774 μυστηο

2160 3773 2292 3867 ρίιυν
2319 3790 2684 3861 ἐφάπτεσθαι,
2725 3789 2940 3856 ἀνάγκη
2984 3783 3178 3856 μικρὸν
3209 3779 3374 3835 αὑτοῦ
3409 3795 3515 3832 που
3535 3777 3628 3830 τὸν
3659 3773 3739 3826 λό⁴

2171 3903 2266 3958 γον
2301 3886 2596 3954 ἀναγαγεῖν
2615 3923 2628 3947 ,
2665 3883 2758 3934 ἐπὶ
2790 3881 2882 3933 τὸν
2919 3881 3136 3933 πάντων
3159 3875 3318 3948 ἡμῶν
3343 3872 3626 3939 Δεσπότην
3651 3864 3741 3920 καὶ

2170 3981 2378 4052 Κύριον
2405 3980 2498 4032 καὶ
2520 3975 2654 4030 Θεὸν
2685 3972 2891 4042 Ἰησοῦν
2917 3970 3173 4042 Χριστὸν,
3201 3963 3301 4020 εἷθ’
3329 3965 3505 4027 οὕτως
3527 3963 3595 4016 δι’
3619 3961 3742 4013 ἀκο-

2169 4069 2364 4124 λούθου
2403 4066 2608 4132 τάξεως
2669 4061 3061 4136 συναναζεῦξαι
3098 4058 3234 4129 πρὸς
3269 4057 3328 4110 τὸ
3370 4053 3738 4126 προκείμενον.

2175 4161 2400 4231 Ἐπειδὴ
2443 4161 2552 4230 γὰρ
2591 4159 2650 4224 ἐξ
2685 4157 2932 4225 ἀνάγκης
2981 4154 3242 4207 ἀπέκειτο
3288 4149 3400 4210 τοῖς
3442 4142 3742 4216 ἀνθρώποις

2173 4255 2324 4319 ἅπαξ
2353 4253 2666 4313 ἀποθανεῖν,
2695 4251 2787 4302 καὶ
2833 4237 2902 4318 ἦν
2935 4246 3095 4300 τοῦτο
3139 4241 3319 4310 πάντη
3355 4242 3424 4310 τῇ
3462 4234 3744 4305 καθ’ήμᾶς

487 4374 591 4426 quo
624 4357 850 4411 eumino
901 4357 1139 4409 hrniano
1175 4356 1360 4425 generi
1411 4355 1832 4424 indeprecabilis
1891 4359 2046 4408 erat.

2169 4347 2544 4420 ἀπαραίτητον
2583 4343 2782 4414 φύσει,
2816 4341 2895 4410 τῷ
2949 4338 3183 4410 μάλιστα
3212 4333 3299 4388 διὰ
3327 4333 3428 4404 τῆς
3469 4327 3745 4400 παρακοῆς

484 4450 634 4518 quod
672 4449 908 4501 maxime
933 4447 986 4500 id
1017 4464 1047 4501 a
1078 4447 1368 4516 principio,
1423 4447 1633 4500 ferente
1689 4444 1928 4507 Fictore,
1977 4444 2062 4498 in-

437 4573 442 4578 ο
486 4540 813 4595 οϋειίίςηιῑτρ
844 4539 1053 4592 crimen
1093 4545 1145 4592 et
1168 4539 1532 4609 transgressio
1567 4539 1855 4593 sententiae
1884 4555 2046 4595 acce-

488 4634 657 4703 pisset
685 4671 700 4694 ,
735 4631 941 4686 ideirco
973 4631 1136 4686 etiam
1175 4630 1440 4684 Dominus
1483 4631 1652 4684 semel
1688 4639 1936 4686 mortuus
1960 4639 2064 4696 est,

493 4724 662 4778 unius
693 4723 844 4778 illius
886 4723 1198 4778 communis
1225 4721 1418 4775 mortis
1478 4723 1709 4790 pretium
1775 4722 1974 4788 factus,
2007 4733 2068 4780 ut

489 4831 682 4872 omnes
711 4817 872 4886 plane
899 4816 965 4871 ab
1003 4830 1190 4868 amara
1239 4814 1430 4867 mortis
1471 4815 1738 4869 servitute
1781 4817 2066 4882 eximeret,

569 4993 587 5032 ί
637 4990 804 5046 Hebr.
838 5005 898 5055 ιι,
933 4990 1020 5044 17.

2167 4441 2376 4496 ἄνωθεν
2401 4439 2590 4491 τοῦτον
2623 4433 2881 4502 δέξασθαι
2909 4432 3060 4502 παρὰ
3080 4428 3174 4484 τοῦ
3215 4426 3457 4480 πλάστου
3484 4423 3577 4476 τὸν
3608 4423 3742 4492 ὅρον·

2169 4541 2259 4596 διὰ
2301 4539 2456 4593 τοῦτο
2499 4539 2588 4607 δὴ,
2639 4537 2736 4588 καὶ
2778 4537 2806 4587 ὁ
2849 4533 3052 4602 Κύριος
3105 4529 3252 4594 ἅπαξ
3305 4525 3602 4588 ἀπέθανεν,
3636 4518 3746 4579 ἐνὸς

2171 4633 2466 4702 γενόμενος
2508 4629 2742 4683 θανάτου
2783 4625 3130 4695 ἀντίλυτρον,
3183 4623 3270 4675 ἵνα
3315 4620 3526 4680 πάντας
3573 4609 3746 4670 ἁπλῶς

2176 4721 2464 4792 ἀπαλλάξῃ
2493 4720 2590 4789 τῆς
2623 4719 2826 4788 πικρᾶς
2857 4715 2950 4770 τοῦ
2995 4714 3229 4767 θανάτου
3265 4708 3538 4771 δουλείας,
3568 4703 3676 4766 καὶ,

2180 4830 2344 4884 φησιν
2375 4815 2401 4866 ὁ
2440 4812 2812 4883 Ἱεροφάντης,
2843 4828 2859 4860 ι
2899 4807 3036 4869 Τοὺς
3058 4806 3174 4858 ὅσοι
3193 4802 3346 4873 φόϐῳ
3374 4801 3608 4855 θανάτου
3637 4795 3748 4848 δια-

1801 5095 2185 5154 COMBEFlSll
2224 5093 2455 5149 NOTAE.

491 5200 779 5270 κῦιξιιυίιεν.
807 5196 919 5270 νοτ
943 5194 1378 5270 ςῑᾳηαιιιὶςειιιιη,
1413 5193 1478 5246 ad
1511 5191 1732 5270 modum
1760 5189 2075 5270 exprimen-

491 5259 796 5336 dufn,‘quo
827 5267 974 5320 velut
1003 5266 1176 5320 ievius
1210 5265 1494 5336 oculorum
1531 5263 1702 5333 jactu,
1751 5276 1813 5314 ac
1840 5259 2076 5336 quadam

433 5357 437 5361 '
493 5360 557 5396 ex
592 5328 825 5392 adverso
870 5338 1247 5406 protensione,
1298 5335 1484 5406 divina
1515 5328 1566 5386 in
1602 5345 1830 5406 corpore
1861 5328 2078 5406 ipositi,

492 5413 584 5464 vix
637 5401 911 5462 medicum
975 5408 986 5458 i
1033 5417 1366 5474 spectamus.
1415 5405 1508 5468 Τό,
1558 5404 1720 5470 φύσις
1763 5403 1892 5472 πρὶν
1943 5401 2080 5453 ἀπο·

494 5478 813 5549 γοειιυθεῐςα.
857 5475 918 5530 D.
952 5478 1005 5539 7,
1039 5481 1179 5530 ma'e
1214 5475 1482 5528 redditum
1513 5483 1598 5549 est
1638 5491 1650 5526 :
1695 5490 1820 5526 nam
1851 5482 1956 5549 est,
1990 5485 2080 5522 ve—

498 5541 577 5603 lut
604 5550 736 5603 olim
780 5548 833 5600 in
880 5561 1080 5600 tenam
1119 5562 1299 5608 Versa,
1333 5563 1426 5600 seu
1460 5545 1706 5598 azldieta-
1731 5559 1852 5614 qua:
1880 5541 1932 5594 in
1967 5547 2080 5592 ter-

500 5635 616 5672 ram
641 5627 966 5670 VCl'lCI'ElUI‘.

575 5686 686 5746 (Ἠ)
707 5685 1038 5738 Inmortales
1057 5703 1170 5740 sum
1181 5702 1238 5738 us
1256 5681 2078 5750 νεεοηεὶηηαιί.Διεπλάσθημεν.

508 5754 762 5808 Secunda
795 5771 888 5822 per
916 5755 1197 5812 Christum
1231 5753 1582 5816 formatione,
1608 5763 1662 5812 et
1697 5752 2085 5810 reformatione

2185 5191 2250 5246 ad
2283 5205 2404 5243 esse
2430 5186 2758 5251 immortale,
2799 5184 2942 5254 quod
2973 5184 3224 5239 absolute
3243 5196 3342 5252 per
3372 5181 3603 5254 gratiam
3644 5186 3757 5245 est,

2185 5275 2361 5328 eoque
2389 5275 2488 5328 par
2525 5269 2609 5313 cst
2637 5251 2842 5328 differri
2886 5257 3034 5310 velut
3067 5251 3391 5328 indebitum.
3418 5251 3603 5328 Potest
3646 5265 3761 5304 esse

2190 5323 2512 5397 n‘e'taphora
2553 5343 2581 5380 a
2637 5327 2896 5382 membris
2959 5327 3160 5379 luxatis
3199 5335 3252 5376 et
3292 5323 3594 5390 quassatis.
3647 5336 3762 5397 quae

2190 5391 2420 5456 Subinde
2453 5399 2662 5452 Im'dit‘u
2693 5407 2810 5450 arte
2831 5399 3318 5452 reconcinnantur.
3345 5408 3456 5460 quo
3489 5407 3652 5460 sensu
3687 5391 3762 5443 ri-

2191 5480 2340 5523 tatur
2360 5487 2420 5523 ev
2454 5469 2680 5523 Caleno.
2709 5466 2880 5520 Paulo
2913 5478 3035 5535 post.
3062 5467 3096 5518 1.
3124 5467 3184 5518 (.2.
3216 5459 3604 5535 rorrigendum
3631 5471 3686 5535 nt
3712 5460 3762 5513 in

2190 5552 2353 5594 errat.
2376 5549 2521 5592 mota
2550 5531 2996 5606 interrogatione.
3025 5535 3087 5588 Ι).
3115 5535 3168 5606 tl.
3195 5533 3247 5606 ιι.
3274 5531 3766 5606 τὺίιςηιρονίιίευιί

2191 5622 2250 5666 ut
2279 5611 2421 5680 quod
2445 5609 2690 5664 auctoris
2719 5596 3046 5680 sententiam
3079 5603 3242 5680 nimis
3277 5596 3596 5673 restringat,
3621 5608 3675 5656 et
3701 5596 3768 5654 ad

2194 5674 2447 5749 mortem,
2489 5679 2554 5735 de
2579 5693 2680 5752 qua
2715 5680 2852 5735 forte
2877 5692 2982 5733 non
3011 5674 3268 5745 loquitur.
