4016 6130
405 253 544 320 1949

1412 271 1497 333 ΙΝ
1532 271 2080 338 DORMITIONEM
2135 279 2198 338 S.
2240 280 2524 345 MARIIE.
2583 285 2635 346 Ι.

3523 295 3659 362 1030

401 369 610 436 παντὸς
629 371 726 426 τοῦ
741 373 840 446 ζῇν
862 347 1038 448 ἔνοχοι
1052 373 1194 450 ἦσαν
1207 379 1474 446 δουλείας.
1489 386 1584 439 »Τί
1604 387 1700 441 νῦν
1722 390 1784 443 οὐ
1801 389 1968 461 τεθνη·

2085 398 2184 458 et,
2248 403 2300 447 ul
2362 396 2582 452 divinus
2659 397 2737 453 ait
2807 399 3133 470 interpres,
3203 423 3222 456 ι
3277 402 3486 464 Omnes
3561 410 3656 478 qui

391 462 613 532 ξύρεθα
632 463 728 518 τὸν
771 465 1002 522 θάνατον
1044 471 1286 536 ἐκεῖνον;
1319 475 1678 546 ἀντιφήσαιεν
1718 481 1786 535 ἀν
1831 499 1978 546 τινες

401 555 555 618 ἴσως.
587 555 1074 630 Ναὶτεθνηξόμεθα
1093 562 1162 617 ⁵³⁸.
1182 565 1327 635 Πλὴν
1356 568 1421 620 οὐ
1443 569 1712 639 μενοῦμεν
1745 573 1804 624 ἐν
1829 572 1980 644 αὐτῷ

396 644 762 736 δεδηλωμένοι
781 649 924 704 καθά
943 652 1337 727 καὶπρότερον,
1355 658 1442 712 ὅτε
1461 660 1537 731 τῷ
1553 661 1770 736 θανάτῳ
1791 683 1923 720 κατε
1932 687 1979 721 ι-

395 735 608 806 χόμεθα
634 737 846 808 δέσμιοι
892 743 970 812 τῷ
993 745 1090 815 τῆς
1117 747 1396 818 ἁμαρτίας
1431 735 1819 826 γραμματείῳ.
1867 759 1978 813 Καὶ

395 827 446 879 εί
478 827 672 894 οὕτως,
705 829 817 883 οὐδ’
854 833 1150 890 ἀποθανεῖν
1187 839 1414 906 εἰκότως
1451 843 1612 899 τοῦτο
1651 845 1850 910 λέγοιτ’
1882 849 1970 904 ἀν.

395 919 536 984 Είσὶ,
549 919 680 993 γὰρ,
700 922 810 978 είσί
837 941 1004 992 τινες,
1022 929 1073 983 οἳ
1105 929 1204 984 καὶ
1229 933 1418 988 τοῦτον
1439 936 1820 1007 διαφεύξονται
1851 943 1970 1013 μὲν,

393 1011 794 1101 ἀλλαγήσονται
829 1015 917 1078 δὲ,
954 1021 1096 1073 κατά
1121 1021 1222 1091 τὴν
1265 1023 1418 1094 ίεράν
1449 1028 1833 1101 ὲκφαντορίαν.
1855 1011 1976 1086 Oa-

395 1099 558 1154 νάτοῡ
578 1101 636 1154 δὲ
664 1107 921 1176 τυραννὶς
947 1107 1043 1161 καὶ
1085 1109 1316 1176 θάνατος
1345 1115 1557 1180 ἐκεῖνος
1589 1099 1760 1182 ὄντως
1797 1121 1968 1188 ἐστὶν,

394 1191 486 1244 ὅτε
519 1194 717 1264 μηκέτι
751 1200 1197 1272 ωγχωρηθῶμεν
1239 1204 1607 1274 ἀποθανόντες
1650 1213 1972 1269 ἐπανελθεῖν

393 1283 475 1373 είς
503 1281 670 1355 ζωήν.
731 1285 962 1344 Ὀπόταν
995 1291 1050 1346 δὲ
1091 1295 1186 1346 καὶ
1222 1296 1586 1368 τεθναίημεν,
1617 1303 1713 1356 καὶ
1744 1303 1884 1373 μετά
1911 1307 1974 1360 τὺ

391 1371 576 1428 θανεῖν
609 1376 854 1443 είσαῦθις
892 1381 1171 1453 ζήσωμεν,
1206 1387 1300 1439 καὶ
1337 1387 1482 1458 ζωὴν
1510 1391 1608 1461 τὴν
1631 1371 1844 1463 ἀμείνω
1863 1412 1877 1428 ο
1908 1397 1969 1450 οὔ

355 1463 622 1531 -θάνατος
660 1471 948 1542 προδήλως
986 1475 1143 1528 τοῦτό
1169 1479 1340 1545 ἐστιν,
1374 1481 1514 1536 ἀλλά
1550 1484 1841 1556 κοίμησις,
1876 1489 1971 1542 καὶ

387 1559 531 1628 πρὸς
566 1560 665 1632 τὴν
685 1561 944 1636 δευτέραν
971 1565 1116 1638 ζωὴν
1144 1571 1402 1637 ἐπάνοδος
1420 1615 1435 1638 ,
1475 1575 1561 1629 διά
1593 1578 1691 1647 τῆς
1711 1578 1821 1633 τῶν
1847 1581 1972 1652 γηΐ-

388 1667 497 1704 νων
523 1654 822 1718 παντελοῦς
841 1657 1227 1727 ἀποπαύσεως,
1256 1664 1381 1725 τοὺς
1407 1667 1692 1734 μετιόντας
1714 1669 1965 1724 ἐντεῦθεν

2083 483 2282 536 timore
2313 487 2510 541 mortis
2537 503 2634 558 per
2666 497 2840 544 totam
2882 493 3052 546 vitam
3094 494 3319 550 obnoxii
3351 505 3510 551 erant
3535 513 3660 553 ser-

2081 573 2243 628 vituti
2286 574 2336 629 i.
2366 596 2384 628 ι
2425 576 2564 632 Num
2593 580 2763 647 enim,
2795 583 3102 652 objecerint
3151 588 3290 642 forte
3325 587 3518 658 aliqui,
3545 603 3660 646 non

2081 681 2272 724 sumus
2305 677 2536 726 mortem
2579 671 2730 727 illam
2787 677 3086 732 morituri?
3125 678 3219 734 Sic
3251 681 3411 750 plane
3463 697 3659 740 sumus

2079 756 2356 810 morituri.
2401 757 2835 831 Haudquaquam
2899 771 3082 820 tamen
3122 768 3274 822 velut
3320 769 3474 834 olim,
3506 771 3560 824 in
3594 787 3660 827 ea
3730 843 3742 852 .

2080 847 2338 902 servituti
2371 849 2601 916 addicti,
2661 868 2788 907 cum
2837 859 3049 922 peccati
3105 858 3290 914 libello
3341 867 3659 917 teneremur.

2077 939 2245 993 vincti
2281 955 2295 992 :
2337 949 2504 1010 atque
2533 942 2668 999 adeo
2701 945 2774 1000 sit
2797 950 2893 1016 qul
2933 963 3036 1004 nec
3092 951 3395 1008 morituros
3449 955 3650 1010 merito

2077 1030 2298 1086 dixerit.
2330 1030 2496 1088 Plane
2523 1037 2668 1090 enim
2701 1047 2850 1104 sunt,
2886 1041 2983 1110 qui
3015 1047 3070 1096 et
3094 1041 3238 1098 hanc
3268 1043 3486 1112 quidem
3518 1053 3658 1101 tem-

2079 1122 2326 1190 poralem
2385 1133 2615 1181 mortem
2685 1129 2798 1182 sint
2846 1131 3090 1199 evasuri,
3149 1148 3465 1205 quanquam
3506 1145 3562 1190 et
3593 1136 3653 1204 ii,

2073 1211 2229 1281 juxta
2256 1229 2471 1269 sacram
2529 1215 2683 1272 Pauli
2723 1218 3064 1286 doctrinam,
3113 1231 3244 1280 sunt
3302 1227 3650 1281 immutandi.‘

2077 1301 2151 1356 Ea
2188 1319 2356 1374 porro
2376 1308 2569 1363 mortis
2604 1311 2856 1380 tyrannis
2889 1327 2954 1366 ac
2985 1328 3111 1368 vera
3141 1331 3291 1371 mors
3321 1327 3426 1382 est,
3473 1333 3654 1388 quan:-

2074 1395 2148 1450 do
2179 1397 2348 1451 semel
2383 1400 2617 1454 mortuis
2653 1415 2760 1454 non
2793 1402 2870 1456 sit
2919 1418 3183 1460 concessa
3222 1407 3289 1461 ad
3341 1407 3510 1473 vitam
3563 1423 3652 1464 re-

2073 1489 2312 1557 gressio.
2345 1487 2580 1555 Quando
2631 1503 2816 1548 autem
2848 1502 2905 1549 et
2965 1498 3291 1564 moriamur,
3345 1499 3654 1572 iterumque

2076 1593 2104 1632 a
2141 1589 2320 1634 morte
2351 1581 2626 1646 vivamus,
2657 1599 2720 1637 ac
2763 1585 2930 1638 vitam
2985 1587 3294 1656 meliorem,
3351 1591 3534 1660 palam
3567 1597 3653 1646 est

2078 1683 2189 1723 non
2220 1669 2274 1724 id
2303 1680 2534 1726 mortem
2568 1681 2716 1738 esse,
2751 1675 2850 1730 sed
2899 1678 3312 1744 dormitionem,
3376 1689 3544 1751 atque
3581 1681 3650 1736 ad

387 1741 509 1796 ἐκεῖ
529 1744 844 1815 προάγουσα
874 1749 968 1802 καὶ
1003 1728 1428 1823 προπέμπουσα.
1457 1759 1560 1810 Ἦν
1598 1728 1967 1831 δὴ-σαερέστε-

2701 1728 2714 1738 ,
2791 1728 2803 1730 -
3376 1728 3544 1751 “1——
3582 1728 3650 1736 w-

2079 1760 2248 1814 vitam
2301 1763 2530 1817 alteram
2590 1765 2989 1830 reversionem,
3038 1785 3164 1837 quin
3218 1772 3364 1824 omni
3419 1771 3585 1826 modo
3619 1786 3650 1824 a

390 1847 484 1900 ραν
503 1834 532 1886 ὀ
551 1833 968 1908 Παροιμιαστής
984 1840 1392 1912 ἐνδεικνύμενος
1405 1886 1422 1912 ,
1451 1865 1470 1898 ‹
1501 1848 1760 1916 Θάνατος,
1781 1851 1969 1922 φησὶν,

385 1921 546 1992 ἀνδρὶ
578 1923 909 1990 ἀνάπαυσις.
952 1947 972 1980 ι
1011 1929 1336 1986 Συνέκλεισε
1365 1939 1474 2008 γὰρ
1501 1941 1530 1991 ὁ
1549 1939 1683 2004 Θεὸς
1722 1921 1851 1995 κατέ
1871 1945 1971 1996 αὑ-

384 2011 504 2080 τοῦ,
526 2013 618 2068 τοῦ
649 2017 850 2088 μηκέτι
875 2020 1305 2094 τυχὸνξὲνεργεῖν
1329 2027 1357 2078 ὅ
1384 2045 1436 2080 τι
1468 2027 1565 2082 καὶ
1599 2031 1832 2099 πέφυκε.
1857 2034 1970 2088 Θά-

385 2107 627 2171 νατοςδὲ
660 2109 714 2162 τί
743 2110 862 2163 ποτ’
891 2111 958 2166 ἂν
995 2112 1124 2168 ἀλλο
1170 2120 1362 2182 νοοῖτο,
1399 2118 1433 2189 ἢ
1475 2120 1656 2192 ψυχῆς
1687 2125 1968 2194 χωρισμὸς

385 2195 496 2252 ἀπὸ
528 2197 803 2268 σώματος,
843 2201 942 2274 τὴν
983 2205 1082 2274 μὲν
1119 2207 1310 2262 ἐλπίδα
1355 2211 1456 2281 τῆς
1492 2213 1846 2279 ἀναστάσεως
1881 2216 1971 2270 διά

385 2287 490 2360 τῆς
514 2291 731 2346 τοιᾶσδε
759 2292 870 2348 τῶν
892 2297 1076 2368 μερῶν
1100 2298 1448 2370 διαζεύξεως,
1480 2302 1600 2360 εἷτα
1634 2324 1698 2360 συ
1709 2309 1970 2380 μπήξεως

387 2382 898 2457 προσκαλούμενος·
927 2389 1028 2460 τὴν
1057 2391 1115 2444 δὲ
1143 2394 1226 2457 είς
1249 2394 1558 2468 ἀφθαρσίαν
1584 2402 1680 2454 καὶ
1709 2403 1789 2466 είς
1816 2403 1971 2472 λῆξιν

387 2476 488 2546 τὴν
503 2476 715 2546 ἀμείνω
737 2479 1063 2550 μετάϐασιν,
1090 2483 1179 2540 διά
1207 2486 1308 2556 τῆς
1329 2487 1548 2554 ἐλπίδος
1579 2493 1966 2565 πιστούμενος,

385 2569 484 2624 τοῦ
509 2570 712 2642 μηκέτι
735 2573 1012 2628 δουλεύειν
1039 2577 1189 2647 ἡμᾶς
1215 2581 1282 2648 τῇ
1315 2572 1598 2654 ἁμαρτίᾳῖ
1615 2585 1758 2640 κατά
1785 2587 1884 2659 τὴν
1911 2591 1968 2642 ὲν

386 2663 556 2733 σαρκὶ
603 2664 738 2736 πρὸς
801 2665 871 2722 τά
933 2667 1174 2742 αἰσθητά
1241 2671 1484 2742 δηλονότι
1541 2675 1970 2750 ὲμπαθεστάτην

385 2752 535 2825 ζωήν
561 2770 580 2822 ;

2071 1853 2310 1908 terrenis
2345 1855 2552 1924 quiete,
2587 1855 2720 1910 hinc
2753 1857 3056 1926 migrantes
3107 1860 3204 1914 illo
3261 1861 3529 1929 provehat
3568 1870 3651 1919 at-

2070 1960 2180 2014 que
2219 1947 2535 2016 praemittat.
2561 1947 2738 2014 Quam
2787 1963 2923 2005 sane
2954 1954 3202 2020 requiem
3236 1951 3444 2006 clarius
3472 1953 3648 2022 signi-

2070 2036 2244 2092 ﬁcans
2289 2037 2716 2094 Proverbiorum
2769 2041 3240 2112 scriptor(72),
3292 2062 3310 2094 ι
3359 2042 3530 2108 Mors,
3567 2043 3652 2097 in-

2069 2129 2211 2198 quit,
2250 2130 2368 2186 viro
2402 2131 2624 2200 requies
2653 2139 2738 2187 est
2775 2132 2830 2180 ιιο
2886 2151 2908 2186 ι
2945 2133 3026 2188 Εο
3055 2135 3204 2188 enim
3268 2133 3448 2206 adegit
3505 2135 3654 2190 Deus

2072 2217 2183 2290 (75
2207 2218 2248 2288 ),
2285 2227 2344 2272 ut
2370 2233 2444 2273 ne
2473 2219 2606 2288 quid
2641 2220 2780 2275 forte
2807 2230 3072 2290 operetur
3107 2237 3326 2286 eorum,
3354 2238 3478 2293 quae
3519 2231 3654 2278 nata

2070 2309 2144 2364 sit
2184 2309 2423 2379 operari.
2465 2310 2607 2376 Quid
2665 2319 2848 2368 autem
2883 2327 3036 2368 mors
3066 2313 3216 2368 aliud
3252 2313 3454 2368 habeat
3482 2313 3648 2369 intel-

2071 2401 2187 2470 ligi,
2230 2415 2396 2471 quam
2455 2403 2734 2472 separatio
2795 2403 2992 2458 animae
3031 2419 3096 2459 ac
3141 2405 3427 2474 corporis,
3488 2413 3547 2458 ut
3582 2419 3648 2460 ea

2071 2491 2308 2562 partium
2335 2491 2734 2562 disiunctione,
2765 2507 2830 2547 ac
2857 2494 3210 2562 postmodum
3235 2494 3646 2558 commissione,

2071 2599 2224 2654 spem
2250 2583 2468 2654 quidem
2494 2586 2922 2639 resurrectionis
2954 2593 3238 2654 provocet,
3263 2601 3470 2654 speque
3491 2593 3648 2639 tran-

2070 2676 2236 2732 situm
2275 2673 2329 2728 in
2382 2673 2856 2746 incorruptionem
2897 2690 2961 2728 ac
2989 2675 3272 2730 meliorem
3325 2682 3553 2738 sortem,
3591 2682 3652 2728 ut
3707 2697 3714 2704 -

2069 2781 2138 2827 ne
2169 2767 2408 2836 amplius
2438 2766 2746 2821 serviamus
2797 2775 3043 2836 peccato,
3077 2780 3176 2834 pro
3207 2766 3330 2819 vitae
3385 2765 3647 2818 nimirum

2069 2855 2311 2910 carnalis
2345 2855 2511 2910 rebus
2543 2855 2732 2910 sensui
2763 2853 3028 2924 subjectis
3057 2853 3452 2909 addictissimae
3479 2851 3652 2906 ratio-

2069 2962 2159 3012 ne,
2194 2946 2442 3002 astruat?

457 3016 522 3070 Ei
554 3011 648 3073 οὖν
684 3019 847 3085 αὐτὸς
883 3021 912 3073 ό
945 3020 1090 3095 ζωῆς
1127 3026 1222 3079 καὶ
1256 3027 1489 3082 θανάτου
1526 3029 1754 3101 Κύριος,
1785 3034 1819 3103 ή
1854 3032 1966 3103 ζωὴ

2139 3011 2279 3094 Cum
2310 3039 2481 3109 igitur
2525 3038 2644 3106 ipse
2674 3037 2802 3091 vita!
2853 3043 3163 3106 mortisque
3216 3033 3504 3098 Dominus,
3538 3033 3648 3087 vita

381 3107 492 3162 τῶν
527 3109 807 3177 ἁπάντων,
835 3115 870 3184 ή
902 3115 1200 3180 ἀνάστασις
1232 3119 1342 3174 τῶν
1374 3123 1820 3194 νενεκρωμένων,
1859 3142 1878 3176 ι
1906 3125 1968 3178 τὸ

383 3199 506 3268 φῶς
535 3199 632 3255 τοῦ
659 3203 890 3286 κόσμου,
937 3208 966 3260 ό
1007 3207 1085 3278 τῷ
1127 3209 1316 3282 οἰκείῳ
1359 3211 1576 3282 θανάτῳ
1612 3217 1970 3286 καταργήσας

381 3292 478 3346 τὸν
503 3293 564 3348 τὸ
596 3281 1029 3368 κράτοξέχοντα
1057 3301 1152 3353 τοῦ
1186 3301 1418 3357 θανάτου
1437 3345 1453 3370 ,
1483 3323 1501 3356 ι
1531 3306 1632 3359 οὐκ
1663 3305 1800 3377 ᾤετο
1829 3309 1963 3376 δεῖν,

382 3383 490 3438 ὑπὸ
542 3385 953 3458 φιλανθρωπίας
1001 3394 1424 3462 καμπτόμενος,
1491 3397 1613 3450 οὐδὲ
1673 3399 1828 3452 τόνδε
1875 3402 1968 3454 τὸν

379 3475 550 3546 νόμον
582 3479 962 3552 παραδραμεῖν
991 3483 1414 3558 ἀλειτούργητον
1434 3505 1452 3520 ν
1483 3487 1599 3542 ἀλλ’
1625 3491 1700 3554 ὡς
1731 3491 1798 3544 ἂν
1825 3493 1968 3546 κατὰ

381 3567 566 3622 πάντα
585 3571 718 3640 ἡμῖν
744 3574 1006 3646 ὁμοιωθῇ,
1027 3575 1180 3648 δείξῃ
1207 3595 1268 3631 τε
1301 3579 1508 3650 ταύτην
1537 3581 1858 3650 ἀναγκαίως
1885 3587 1966 3648 είς

378 3658 490 3728 γῆν
513 3661 844 3729 πεποιῆσθαι
872 3664 970 3736 τὴν
996 3666 1245 3733 κάθοδον,
1269 3671 1364 3723 καὶ
1386 3672 1549 3736 αὐτὸς
1570 3673 1704 3742 ἡμῖν
1734 3674 1824 3727 τὸν
1855 3675 1966 3729 ἴσον

380 3749 560 3805 εἵλετο
586 3753 804 3824 δεσμὸν,
840 3775 858 3806 ί
883 3759 1172 3828 πορευθεὶς
1191 3759 1263 3815 ’ἐν
1301 3763 1451 3832 μέσῳ
1483 3767 1641 3828 σκιᾶς
1665 3767 1921 3834 θανάτου,
1943 3789 1964 3822 ι

380 3843 528 3898 κατά
555 3843 617 3898 τὸ
639 3849 1047 3918 γεγραμμένον,
1086 3852 1180 3904 ἐπὶ
1213 3854 1361 3926 τρισί
1403 3872 1462 3908 τε
1507 3857 1744 3928 ἡμέραις
1786 3859 1967 3913 ἐνδια-

379 3934 583 4006 τρίψας
631 3940 714 4002 εἰς
753 3939 821 3992 τὰ
860 3942 1149 3997 κατώτατα
1187 3945 1326 4017 μέρη
1367 3947 1468 4016 τῆς
1514 3949 1640 4018 γῆς,
1690 3949 1820 4003 ἔνθα
1856 3949 1966 4006 τῶν

380 4027 486 4099 ἠδη
509 4027 780 4084 θανόντων
821 4032 879 4084 αἱ
907 4032 1078 4103 ψυχαὶ
1109 4037 1537 4108 προκατείχοντο
1578 4043 1791 4110 σειραῖς
1819 4042 1962 4110 ἀφύ-

379 4135 536 4184 κτοις
578 4122 966 4194 σφιγγόμεναι,
1009 4122 1099 4188 αἷς
1139 4129 1235 4182 καὶ
1269 4129 1636 4202 εὐηγγελίσθη
1686 4135 1828 4188 κατά
1873 4134 1964 4189 τὸν

381 4211 656 4284 μακάριον
681 4214 890 4285 Πέτρον
909 4233 924 4246 ·
971 4235 992 4268 ‹
1037 4217 1150 4272 Καὶ
1181 4222 1295 4284 τοῖς
1329 4222 1386 4274 ὲν
1415 4221 1630 4294 φυλακῇ
1661 4226 1770 4296 γάρ
1797 4225 1962 4278 πνεύ-

377 4319 524 4378 μασι
563 4305 850 4374 πορευθεὶς
887 4307 1161 4379 ὲκήρυξε’
1189 4330 1208 4362 ι
1255 4313 1370 4376 πῶς
1415 4315 1516 4366 οὐκ
1560 4314 1626 4368 ἂν
1671 4317 1755 4388 εἴη
1802 4317 1963 4370 τοῦτο

383 4397 556 4466 σαφὲς
579 4399 674 4452 καὶ
691 4399 970 4463 παντελῶς
997 4403 1412 4473 ἀναντίρρητον,
1443 4407 1516 4470 ὡς
1541 4409 1634 4462 καὶ
1663 4409 1758 4462 νῦν
1787 4410 1963 4464 ἀπάν-

378 4503 492 4540 των
537 4485 648 4539 τῶν
693 4487 1016 4560 ἀνθρώπων,
1054 4495 1147 4544 καὶ
1190 4495 1374 4561 μέντοι
1420 4497 1516 4549 καὶ
1561 4497 1672 4550 τῶν
1699 4499 1872 4568 ἁγίων
1906 4503 1963 4555 at

377 4579 553 4649 ψυχαὶ
591 4579 684 4634 τὸν
736 4580 891 4652 ἀειδῆ
937 4583 1102 4636 τόπον
1144 4586 1352 4640 ἐκεῖνον
1396 4587 1702 4660 διέρχονται
1742 4592 1862 4663 μὲν,
1902 4594 1964 4647 οὐ

457 4762 471 4801 ι
529 4751 696 4809 llebr.
757 4769 820 4820 ιι,
867 4757 956 4813 15.

1063 4759 1088 4798 ιι
1122 4757 1294 4816 Eccli.
1353 4778 1583 4831 xxxvm,
1613 4763 1701 4820 24.

383 4831 410 4860 ο
449 4826 462 4877 1
494 4823 640 4879 Pctr.
688 4833 873 4890 “1,19.

1818 4763 1835 4804 ι
1884 4765 2044 4822 Joan.
2080 4785 2200 4835 vm,
2240 4771 2329 4825 12.

2067 3128 2478 3194 universorum,
2521 3129 2915 3185 dormientium
2977 3127 3334 3192 resurrectio,
3379 3144 3398 3176 ι
3436 3123 3648 3178 Lumen

2064 3224 2200 3279 illud
2232 3220 2421 3276 mimdi
2464 3219 2505 3284 ι,
2534 3221 2624 3276 »ιε
2660 3239 2678 3270 ι
2717 3219 2824 3286 Qui
2855 3227 3035 3276 morte
3073 3234 3195 3282 sua,
3245 3231 3372 3272 eum
3421 3217 3648 3271 destru-

2064 3317 2258 3378 xisset,
2313 3317 2407 3384 qui
2464 3315 2658 3368 mortis
2688 3314 2982 3382 imperium
3049 3311 3285 3365 habebat
3323 3316 3419 3366 ³³.»
3491 3305 3646 3362 inﬂe—

2067 3413 2251 3460 ctcnte
2278 3419 2377 3459 sua
2408 3405 2495 3456 illa
2523 3401 2814 3457 clementia
2831 3416 2898 3456 ac
2925 3401 2982 3454 in
3007 3399 3294 3453 hominum
3322 3413 3496 3468 genus
3513 3409 3646 3467 pro-

2066 3497 2310 3566 pensiori
2336 3495 2541 3556 studio,
2577 3509 2678 3550 nec
2712 3492 2819 3548 sibi
2845 3493 2963 3562 ipse
2990 3489 3446 3544 committendum
3475 3497 3635 3556 puta-

2066 3591 2212 3646 verit
2238 3600 2296 3644 ut
2329 3605 2396 3644 ne
2423 3605 2484 3646 ea
2519 3603 2629 3643 non
2663 3587 3053 3656 defungeretur
3081 3585 3224 3653 lege,
3252 3581 3347 3636 sed
3386 3589 3444 3647 ut
3482 3579 3647 3635 nobis

2065 3697 2163 3752 per
2192 3681 2375 3736 omnia
2432 3672 2775 3736 assimilatus
2807 3680 3021 3732 huncce
3052 3675 3159 3731 sibi
3187 3678 3240 3728 in
3286 3682 3492 3728 terram
3551 3672 3649 3727 de-

2069 3787 2352 3838 scensum,
2383 3771 2756 3826 necessarium
2811 3767 3149 3831 ostenderet,
3185 3773 3240 3820 et
3271 3767 3514 3820 eamdem
3543 3763 3652 3818 sibi

2069 3865 2358 3920 nobiscum
2445 3865 2652 3917 salvam
2721 3861 2961 3916 voluerit
3005 3861 3144 3930 legis
3216 3857 3699 3917 dislrictionem,.

2073 3975 2092 4008 ι
2127 3955 2416 4009 ambulans
2459 3954 2512 4007 in
2572 3953 2753 4007 medio
2811 3953 3022 4005 umbrae
3087 3951 3281 4004 mortis
3321 3957 3372 4014 τι,
3437 3967 3456 3998 ι
3505 3949 3650 4002 sicut

2067 4047 2337 4116 scriptum
2369 4053 2476 4108 est,
2536 4043 2659 4097 dies
2695 4049 2808 4096 tres
2849 4047 3098 4094 moratus
3129 4039 3184 4092 in
3233 4037 3438 4092 inﬁmis
3489 4033 3652 4093 terra:

2065 4137 2337 4209 partibus,
2373 4151 2483 4206 quo
2511 4135 2632 4188 loco
2665 4131 3169 4202 praedefunctorum
3220 4129 3418 4182 animae
3452 4129 3652 4181 ineno-

2069 4226 2345 4281 dabilibus
2389 4227 2719 4279 tenebantur
2773 4220 3090 4274 constrictae
3143 4217 3383 4279 tatcnis,
3446 4217 3650 4285 quibus

1997 4295 2040 4350 θ
2068 4321 2234 4376 etiam
2263 4316 2680 4388 evangelizavil,
2711 4316 2868 4386 juxta
2897 4312 3042 4383 quod
3077 4311 3272 4366 scribit
3321 4310 3518 4362 beatus
3546 4307 3650 4362 Pe-

2070 4417 2230 4466 trus:
2271 4429 2289 4462 ι
2327 4410 2392 4464 Ει
2422 4410 2506 4464 his
2535 4411 2632 4480 qui
2657 4409 2711 4462 in
2751 4422 2974 4463 carcere
2996 4412 3174 4466 erant,
3237 4401 3526 4471 spiritibus
3559 4415 3654 4452 ve-

2071 4503 2232 4559 niens
2260 4502 2575 4572 praedicavit
2605 4517 2648 4556 °.
2696 4521 2714 4554 ι
2751 4501 2912 4561 Cum,
2946 4503 3188 4566 inquam,
3214 4497 3288 4548 ita
3335 4495 3392 4547 in
3421 4492 3660 4546 Christo-
3738 4578 3756 4586 '

2074 4595 2289 4660 habeat,
2326 4597 2418 4664 qui
2459 4609 2566 4647 non
2610 4593 2966 4664 perspicuum
3002 4593 3074 4644 sit
3106 4603 3169 4641 ac
3231 4596 3389 4640 extra
3431 4599 3650 4637 omnem

2443 4780 2480 4800 "‘
2544 4769 2709 4826 llehr.
2769 4788 2828 4834 ιι,
2899 4771 2986 4823 Η.
3098 4770 3305 4824 nPsal.
3376 4787 3513 4835 χχιι,
3587 4769 3648 4824 4.

1662 4925 1896 4984 νΑΒΗΕ
1929 4931 2342 4990 LECTIONES.

441 5010 485 5044 ⁵⁵
518 5008 680 5064 Deest
704 5009 961 5067 θάνατον.

1675 5152 1682 5158 -
1715 5119 2101 5179 COMBEFISII
2129 5123 2362 5184 NOTAE.

455 5205 568 5276 (7‘2)
620 5206 1027 5302 ξνυυενξῖῖονανη
1093 5213 1458 5302 σεε-ἰριοτηζρ
1523 5213 1960 5302 Πσρτριμξασςτής.
2063 5220 2300 5275 lomonis
2333 5219 2722 5302 citenturlihri
2747 5235 2940 5301 clunes
2966 5219 3346 5302 sapientiales,
3369 5219 3519 5272 velut
3541 5234 3653 5272 ma-

380 5275 769 5358 Forteualium
823 5282 1001 5363 locum
1029 5275 1588 5371 ei..Prove.rbiis'altt.
1613 5275 1965 5371 'Ec'cle'siaste
2063 5301 2461 5371 gnam-partem
2492 5307 2556 5343 ex
2585 5291 2799 5371 iisquae
2828 5291 2946 5360 ipse
2973 5275 3314 5371 scripsisset,
3336 5304 3653 5359 quanquam

381 5348 636 5414 respicit,
661 5359 722 5430 ut
755 5351 1441 5450 variantinill'isplurinue
1466 5355 1965 5450 Igelion‘eségmcus
2063 5348 2490 5450 aliqdiggrentc
2518 5348 2781 5450 corrrec-ili.
2936 5431 2972 5450 Ὀ
3052 5348 3258 5450 ’.ζ-ἒν
3295 5428 3416 5450 μμ.
3463 5428 3621 5450 ΛΨ,

379 5433 544 5497 quem
570 5420 928 5499 ascripsinms
961 5425 1190 5508 margini
1230 5439 1294 5508 ei:
1331 5421 1460 5478 Jesu
1493 5425 1710 5505 Sirach,
1733 5426 1824 5508 '58,
1849 5443 1966 5480 om~
2128 5420 2364 5508 £75)on
2395 5429 2762 5508 enim/(degit,
2793 5439 2900 5483 etc.
2936 5429 3262 5508 Συνέκλεισε
3295 5428 3650 5508 κατξαὺτοῦ,

382 5487 518 5541 nino
549 5487 755 5542 similis
781 5499 865 5544 est
893 5509 905 5543 :
947 5493 1036 5545 ’Ev
1063 5487 1368 5579 ἀναπαύσει
1394 5495 1589 5563 νεκροῦ
1612 5487 1964 5550 κατάπαυσον
2063 5489 2178 5554 τοῐί.
2221 5487 2369 5553 l’elut
2398 5487 2961 5579 conclusitvadversnm
2991 5517 3134 5579 eam,
3159 5507 3236 5563 ut,
3263 5505 3401 5579 etc.‘,
3433 5498 3487 5579 in
3511 5513 3648 5552 con~

382 5557 439 5579 ’λ
514 5559 810 5579 ---...--Ι,.λ..Α
961 5563 974 5576 9
1056 5561 1114 5579 ’κ
1403 5565 1414 5576 ο
1618 5577 1624 5579 _
1677 5567 1688 5578 α
2187 5571 2194 5579 Ι
2462 5572 2472 5579 ι
2579 5571 2590 5579 ι

379 5557 444 5608 τὸ
511 5559 852 5628 μνημόσυνον
916 5561 1116 5613 αὐτοῦ·
1151 5561 1217 5615 In
1268 5565 1443 5638 requie
1492 5557 1708 5638 inermi,
1769 5581 1963 5638 nempe
2066 5571 2292 5624 trarium
2333 5572 2506 5623 versis
2543 5571 2664 5635 ejus
2707 5571 3188 5635 machinamentis,
3245 5565 3391 5638 quod
3445 5568 3502 5623 iu
3558 5583 3646 5620 sc-

383 5636 598 5711 tuortf,
638 5631 914 5711 quiescere
958 5633 1044 5699 [ne
1090 5631 1410 5711 premor-irim
1463 5636 1577 5711 ejus
1611 5651 1630 5688 :
1668 5651 1766 5711 nec
1823 5631 1960 5711 forte
2069 5641 2366 5711 quentibus
2400 5631 2642 5694 deducit.

382 5697 492 5750 alio
525 5695 772 5757 Andreas
801 5695 1061 5770 resiufxit.
1090 5702 1230 5754 Nihil
1263 5704 1405 5758 enim
1437 5695 1560 5760 novi
1591 5714 1649 5760 ut
1682 5707 1826 5762 velut
1861 5707 1958 5761 8.1-
2086 5695 2102 5711 ⁸
2160 5695 2165 5696 ί
2236 5736 2242 5743 -
