4016 6130
358 265 502 336 1053

1411 268 1492 332 IN
1527 269 2079 336 DORMITIONEM
2107 275 2169 337 S.
2204 276 2494 341 MARIE.
2535 277 2565 337 1

3498 251 3645 347 mat

352 377 521 431 νάτου
546 373 648 447 μὲν
676 373 1047 444 ἀπεγεύσατο,
1068 377 1129 432 ού
1162 377 1273 450 μὴν
1292 378 1352 437 Bt
1382 380 1598 453 ἐμεινεν
1629 384 1881 455 κάτοχος,
1906 385 1941 456 ἢ

2052 386 2219 460 partis
2255 390 2487 458 recepit.
2522 388 2582 445 lo
2632 387 2782 445 hunc
2822 386 3072 447 arbitror
3092 387 3327 449 modum
3354 401 3616 462 superna

354 468 483 522 δσον
510 470 622 530 τοῖς
650 469 898 535 φυσικοῖς
928 463 1069 533 εἶξαι
1100 466 1356 540 θεσμοίς,
1388 472 1485 525 καὶ
1510 474 1612 545 τὴν
1634 475 1948 546 οἰκονομίαν

355 550 667 627 πληρῶσαι,
723 555 791 627 ἢν
837 556 896 624 ἐξ
940 546 1117 631 ἀρχῆς
1149 561 1183 631 ἡ
1230 560 1451 617 πάντων
1502 560 1769 636 διήκουσα
1818 565 1949 637 περὶ

355 649 509 719 ἡμᾶς
534 649 775 719 ἐπήξατο
804 649 1040 722 Πρόνοια
1058 665 1074 685 ο
1108 653 1204 706 καί⁵
1229 652 1292 724 δὴ
1323 656 1416 709 καὶ
1441 654 1533 709 τὸν
1554 657 1755 729 τρόπον
1777 657 1947 724 δεῖξαι

356 735 570 807 σαφῶς,
599 737 751 802 ὅπως
783 737 885 811 τὴν
923 740 990 793 ἐκ
1018 739 1127 793 τῶν
1158 740 1417 814 φθαρτῶν
1461 744 1601 816 πρὸς
1634 744 1704 799 τά
1734 744 1948 818 ἀφθαρ-

353 845 424 882 τα
449 822 824 901 μεταϐατικὴν
874 822 1225 903 ύπηλλάξατο
1252 833 1468 906 κίνησιν
1491 851 1505 867 ο
1539 835 1662 889 ἐπεὶ
1697 836 1832 907 μηδέ
1854 837 1949 892 ἄλ-

359 918 468 983 λως
493 913 563 990 ἦν
593 919 836 991 θεμιτὸν,
869 920 903 993 ἢ
945 921 1044 994 τῆς
1080 923 1296 978 τοιᾶσδε
1349 922 1461 979 τῶν
1504 922 1692 998 μερῶν
1736 926 1949 993 διαζεύ-

360 1006 497 1076 ξεως
525 1011 823 1083 προσφυῶς
850 1013 1168 1084 γενομένης,
1198 1014 1298 1085 τὴν
1330 1014 1562 1086 ῥέουσαν
1591 1015 1738 1087 ζωὴν
1779 1034 1946 1087 μεταοη

362 1101 723 1172 κρούσασθαι.
784 1103 847 1155 Et
908 1103 1018 1175 γὰρ
1076 1105 1178 1158 οὐκ
1240 1104 1378 1168 ἐστι,
1451 1107 1597 1161 κατὰ
1639 1108 1703 1160 τὸ
1740 1106 1945 1177 λόγιον,

360 1192 649 1261 ἄνθρωπος
689 1191 748 1256 δς
781 1193 1005 1263 ζήσεται
1035 1193 1131 1249 καὶ⁹
1159 1193 1258 1248 οὐκ
1293 1194 1485 1265 ὄψεται
1526 1195 1760 1251 θάνατον
1781 1213 1795 1227 °
1854 1198 1949 1252 ἄν·

361 1277 581 1349 θρωπος
613 1281 670 1334 δέ
691 1282 786 1335 καὶ
822 1282 1130 1354 ἀνθρώπων
1155 1285 1415 1340 ἐπέκεινα
1445 1288 1540 1341 καὶ
1570 1289 1603 1359 ἡ
1638 1288 1732 1343 νῦν
1754 1291 1951 1360 ὑμνου-

364 1369 543 1441 μένη,
598 1371 867 1428 δέδεικται
919 1374 1094 1445 δήπου
1126 1376 1359 1446 τρανῶς,
1395 1376 1471 1441 ὡς
1518 1379 1617 1432 καὶ
1664 1379 1805 1449 αὕτη
1857 1383 1950 1436 τὸν

363 1461 478 1514 ίσον
504 1462 636 1532 ἡμῖν
660 1464 1056 1535 ἐκπεπλήρωκε
1081 1467 1245 1536 νόμον
1285 1467 1384 1536 τῆς
1406 1467 1641 1536 φύσεως,
1671 1472 1720 1523 εί
1747 1472 1842 1524 καὶ
1872 1472 1948 1544 μὴ

360 1550 485 1636 καθ’
507 1553 653 1622 ἡμᾶς
682 1553 830 1618 ἴσως.
852 1555 966 1609 ἀλλ’
996 1555 1138 1626 ὑπὲρ
1163 1558 1333 1627 ἡμᾶς.
1363 1558 1453 1611 καὶ
1480 1557 1577 1629 τὴν
1607 1561 1786 1615 αἰτίαν
1806 1562 1949 1636 ὑπὲρ

357 1634 427 1715 ἦς
446 1643 605 1697 τοῦτο
627 1645 844 1709 πάντως
861 1646 1053 1701 παθεῖν
1082 1649 1410 1719 ἐναγὸμεθα.
1436 1649 1591 1704 Οὕτω
1614 1669 1703 1722 μοι
1735 1656 1948 1724 νοήσεις

358 1734 529 1804 αὐτῆς
558 1735 637 1798 είς
670 1735 798 1806 ᾅδου
837 1737 1140 1791 κατάϐασιν
1168 1756 1181 1769 ·
1212 1736 1280 1811 ἦς
1315 1740 1552 1813 τοσαύτη
1589 1743 1812 1811 γέγονεν
1860 1747 1949 1799 ἐπ’
1979 1737 2024 1792 Β

355 1824 552 1895 αὐτῆς,
586 1827 726 1881 κατά
758 1843 822 1895 γε
850 1829 943 1882 τὸν
979 1828 1111 1899 ἐμὸν
1138 1830 1263 1899 ὅρον
1298 1832 1392 1885 καὶ
1420 1832 1602 1903 λόγον,
1635 1837 1702 1906 τῇ
1722 1836 1945 1891 διαστά-

358 1931 442 1968 σει
465 1916 574 1968 τῶν
605 1917 788 1988 μερῶν
815 1921 848 1990 ἡ
880 1919 975 1973 τοῦ
1008 1920 1201 1989 καιροῦ
1231 1922 1578 1992 ἐπικράτεια,
1611 1925 1743 1996 ὅσης
1771 1927 1945 1983 ἐδεῖτο

354 2007 457 2074 τῆς
490 2010 724 2080 φυσικῆς
759 2012 1028 2082 κινήσεως
1059 2012 1092 2083 ἡ
1127 2013 1396 2083 περίοδος,
1423 2018 1481 2068 ἐν
1504 2019 1616 2080 τοῖς
1645 2017 1945 2085 ἀγνώστοις

356 2098 581 2168 χωρίοις
613 2102 781 2173 πείρᾳ
810 2101 909 2174 τὴν
948 2103 1161 2172 γνῶσινι
1198 2103 1386 2159 λαϐεῖν
1406 2145 1423 2170 ,
1471 2106 1704 2178 πρώτως
1733 2110 1946 2176 τούτοις

353 2189 812 2256 ἐπιϐατεύουσαν,
846 2194 943 2248 καὶ
984 2189 1074 2249 οἷα
1100 2196 1168 2249 δι’
1197 2197 1512 2268 ἀλλοδαπῆς
1544 2198 1642 2253 καὶ
1687 2202 1946 2274 ἀτριϐοῦς

355 2282 587 2353 πορείας
614 2283 1129 2353 διήκουσαν.Ἴλεως
1155 2287 1214 2341 δὲ
1244 2286 1366 2359 εῐης
1387 2291 1523 2361 ημῖν
1557 2289 1722 2361 αύτὴ,
1757 2292 1944 2362 θεηδό-

356 2390 421 2442 χε
469 2376 563 2428 καὶ
594 2374 831 2440 ζωοτόκε
872 2378 1121 2449 Παρθένε
1146 2417 1164 2444 ,
1202 2380 1311 2433 τῶν
1342 2381 1653 2450 ἀνεφίκτων
1678 2385 1946 2439 κατατολ-

360 2465 528 2534 μῶσι,
568 2468 662 2522 καὶ
687 2468 797 2522 τῶν
824 2471 955 2542 περὶ¹
984 2472 1044 2524 σέ
1073 2472 1321 2543 κρυφίων
1352 2472 1807 2545 διερευνωμένοις
1839 2495 1943 2546 μυο

358 2558 601 2628 στηρίων
632 2561 692 2613 τὸ
719 2561 903 2632 βάθος.
928 2563 1023 2617 καὶ
1046 2563 1147 2625 τὰς
1178 2561 1255 2633 τῷ
1298 2564 1691 2637 ἀκαταλήπτῳ
1719 2566 1829 2619 τῶν
1851 2566 1944 2620 τοῦ

354 2646 495 2701 Θεοῦ
528 2652 817 2719 κριμάτων
842 2653 988 2725 βυθῷ
1021 2654 1153 2726 περὶ
1206 2654 1265 2708 σὲ
1292 2656 1611 2727 πεπηγυίας
1636 2657 1945 2729 ἐγχειροῦσι

356 2742 644 2794 κατανοεῖν
678 2740 968 2814 θεουργίας
987 2760 999 2774 ο
1029 2741 1116 2807 αῖς
1143 2745 1317 2799 καὶτὸ
1354 2747 1515 2816 μόνον
1558 2749 1945 2817 προσατενίσαι

352 2831 422 2900 τῇ
458 2831 597 2886 κατὰ
632 2833 757 2888 νοῦν
785 2835 1009 2909 θεωρίᾳ,
1035 2836 1153 2901 δέος
1176 2834 1403 2907 ἐμποιεῖ
1415 2840 1508 2892 καὶ
1536 2839 1722 2903 αὐτοῖς
1745 2856 1809 2908 γε
1834 2843 1947 2907 τοῖς

356 2918 586 2988 ὑψηλοῖς
616 2922 714 2994 τὴν
743 2924 1003 2992 διάνοιαν,
1047 2928 1122 2998 μή
1156 2927 1207 2980 τί
1234 2945 1297 2997 γε
1326 2930 1441 2992 τοῖς
1480 2911 1946 3002 σαρκωδεστέροις

356 3009 516 3080 ἡμῖν,
541 3014 637 3068 καὶ
664 3014 741 3086 τῷ
764 3016 948 3088 κωδίῳ
977 3022 1067 3072 τὸν
1103 3016 1246 3089 θῆρα
1273 3017 1767 3090 περικαλύπτουσι.
1788 3036 1801 3064 ι’

2051 492 2106 543 et
2153 482 2272 552 ipsa
2324 481 2584 552 equidem
2638 482 2890 553 gustavit
2939 490 3199 548 mortem.
3247 481 3395 541 haud
3444 492 3632 549 tamen

2051 574 2271 631 detenta
2334 575 2559 642 mansit,
2619 574 2728 633 nisi
2766 582 2978 629 tantum
3029 583 3089 631 ut
3140 582 3354 633 natura:
3408 575 3635 635 cederet
3726 617 3733 639 ι

2050 661 2286 735 legibus,
2356 679 2421 719 ac
2488 664 2975 735 dispensationem
3042 664 3317 734 impleret,
3376 680 3543 735 quam
3601 682 3635 725 ο

2051 756 2329 827 principio
2379 755 2436 812 in
2493 757 2779 813 hominum
2831 771 3035 828 genus.
3093 757 3284 814 omnia
3325 757 3634 827 pervadens

2050 847 2402 905 Providentia
2432 849 2668 914 ﬁxisset,
2696 862 2759 903 ac
2801 848 3069 905 voluisset
3104 849 3389 903 immotam
3419 869 3432 904 :
3466 858 3634 919 atque

2052 939 2214 1003 adeo,
2247 950 2308 994 ut
2338 948 2392 993 et
2424 940 2609 1008 palam
2662 938 2886 992 modum
2924 938 3210 1008 proderet,
3249 954 3362 1007 quo
3399 938 3633 994 tenden-

2053 1038 2161 1087 tem
2217 1045 2248 1084 a
2298 1032 2466 1086 rebus
2524 1031 2874 1103 eorruptioni
2917 1031 3181 1086 obnoxiis
3213 1031 3281 1085 ad
3314 1045 3405 1087 res
3434 1030 3632 1085 incor—

2052 1130 2245 1193 ruptas
2276 1132 2485 1178 motum
2522 1124 2826 1179 identidem
2870 1131 3143 1179 mutasset
3178 1140 3192 1177 :
3227 1123 3447 1191 quando
3479 1122 3633 1182 nefas

2052 1216 2254 1284 alioqui
2284 1223 2428 1279 erat,
2484 1224 2543 1270 ut
2592 1216 2703 1272 nisi
2756 1216 2855 1269 illa
2888 1216 3132 1286 partium
3176 1215 3327 1269 velut
3359 1230 3388 1269 a
3433 1223 3631 1271 natura

2052 1305 2453 1376 disjunctione,
2510 1306 2715 1361 ﬂuxam
2765 1307 2935 1360 vitam
2978 1305 3250 1363 mutando
3308 1306 3629 1374 depelleret.

2052 1398 2190 1453 Cum
2247 1398 2417 1462 enim,
2464 1400 2621 1469 juxta
2683 1399 2931 1454 divinum
2996 1400 3284 1455 oraculum
3312 1410 3491 1467 r,non
3553 1400 3633 1456 sit

2052 1488 2219 1543 homo
2270 1491 2365 1559 qui
2420 1492 2588 1555 vivat,
2661 1498 2719 1545 et
2789 1505 2901 1547 non
2949 1490 3026 1546 sit
3078 1490 3303 1544 visurus
3353 1498 3627 1546 mortem:

2052 1579 2220 1636 fuerit
2272 1590 2454 1637 autem
2506 1584 2669 1637 etiam
2707 1582 2872 1637 homo
2920 1598 3089 1652 quam
3140 1582 3507 1644 celebramus,
3566 1595 3632 1639 ac

2053 1673 2231 1743 major
2284 1672 2543 1740 homine;
2597 1674 2892 1742 probatum
2943 1675 3137 1741 utique
3187 1674 3478 1743 perspicue
3510 1689 3631 1726 ma-

2051 1773 2168 1829 net,
2222 1763 2475 1819 eamdem
2533 1770 2591 1819 et
2628 1764 2805 1833 ipsam
2854 1762 3146 1819 nobiscum
3198 1771 3409 1817 natura:
3454 1762 3628 1831 legem

2051 1854 2347 1923 implesse;
2397 1870 2717 1927 quanquam
2770 1853 2919 1908 forte
2973 1868 3086 1907 non
3140 1867 3202 1906 ea
3235 1867 3341 1920 qua
3373 1852 3499 1921 ipsi,
3531 1849 3627 1906 sed

2052 1944 2237 1999 altiori
2269 1953 2324 1999 et
2359 1961 2527 2015 supra
2566 1945 2845 2000 hominem
2903 1946 3142 2008 ratione,
3173 1957 3237 1997 ac
3279 1954 3476 2013 praeter
3507 1958 3627 2017 eam
3724 1938 3725 1941 “

2050 2050 2159 2105 qua
2212 2035 2264 2091 id
2322 2036 2427 2105 ipsi
2476 2035 2703 2090 omnino
2761 2035 3016 2106 cogimur
3070 2034 3376 2090 sustinere.
3430 2031 3525 2087 Sic
3572 2040 3630 2087 tu

2050 2126 2206 2192 mihi,
2239 2125 2365 2193 ejus
2399 2124 2466 2180 ad
2508 2124 2718 2181 inferos
2761 2126 3093 2181 descensum
3129 2124 3336 2194 cogita,
3378 2123 3539 2193 cujus
3573 2123 3631 2179 in

2051 2230 2114 2269 ea
2150 2224 2325 2281 tanta,
2357 2216 2505 2286 quod
2542 2216 2721 2272 sentio
2765 2225 2819 2270 et
2866 2215 3089 2286 loquor,
3140 2215 3380 2284 partium
3408 2213 3632 2283 disjnn-

2051 2305 2237 2360 ctione
2292 2306 2561 2375 temporis
2610 2321 2769 2361 mora
2815 2306 3079 2373 obtinuit,
3127 2315 3388 2375 quantam
3443 2314 3632 2360 motus

2051 2384 2320 2450 naturalis
2344 2395 2589 2450 ambitus
2620 2395 2900 2466 exigebat,
2938 2404 3001 2449 ut
3028 2411 3149 2465 qua:
3180 2396 3417 2462 primum
3447 2394 3630 2465 ignota

2052 2485 2147 2539 illa
2178 2486 2309 2551 loca
2350 2486 2657 2554 incederet,
2691 2502 2757 2542 ac
2789 2490 2940 2543 velut
2976 2489 3325 2558 peregrinum
3380 2487 3629 2539 invium-

2051 2591 2159 2645 que
2211 2578 2317 2644 iter
2371 2578 2693 2642 conﬁceret,
2747 2581 3130 2648 experimento
3158 2580 3212 2633 in
3262 2578 3345 2632 eis
3384 2576 3516 2646 quid
3564 2588 3631 2630 ea

2051 2667 2324 2723 baberent
2351 2677 2733 2738 cognosceret.
2772 2670 3036 2741 Ignoscas
3066 2684 3217 2730 vero,
3241 2684 3276 2723 ο
3308 2667 3403 2723 Dei
3437 2681 3633 2722 susce-

2002 2816 2007 2821 ,
2049 2757 2202 2828 ptri:
2233 2756 2404 2829 Virgo
2441 2767 2496 2812 et
2526 2769 2707 2815 mater
2734 2760 2884 2822 vitae,
2927 2760 3024 2829 qui
3080 2760 3372 2813 inaccessa
3418 2772 3633 2827 praesu-

2052 2863 2288 2913 luamus,
2316 2856 2651 2921 tuorumque
2672 2857 3153 2905 sacramentorum
3177 2862 3439 2903 arcanam
3473 2861 3635 2902 SCI'II-

2051 2944 2232 2992 temur
2282 2942 2749 3011 profunditatem,
2795 2957 2862 2998 ac
2892 2942 2990 2996 Dei
3021 2940 3362 3012 judiciorum
3414 2940 3625 2994 incom-

2056 3030 2334 3098 prehensa
2365 3034 2594 3105 abysso,
2630 3036 2685 3088 in
2746 3042 2800 3089 te
2830 3033 3051 3088 ﬁrmata
3085 3032 3437 3103 dispicienda
3468 3044 3631 3086 assu-

356 3118 578 3162 mamus
631 3106 815 3163 divina
878 3126 1084 3181 opera:
1152 3110 1357 3182 quibus
1405 3113 1492 3168 vel
1561 3114 1680 3169 sola
1747 3116 1954 3172 mentis
1988 3126 2463 3192 contemplatione
2509 3125 2744 3182 intentio
2797 3127 2966 3181 etiam
3047 3123 3358 3183 sublimiori
3427 3119 3628 3176 intelli-

360 3201 549 3269 gentia
583 3201 855 3270 przeditis,
898 3211 1103 3258 metum
1143 3204 1344 3275 injicit,
1385 3206 1585 3260 nedum
1618 3206 1785 3263 nobis
1818 3211 1992 3280 magis
2046 3217 2388 3285 carnalibus,
2452 3221 2658 3290 quique
2722 3219 2885 3274 oviua
2954 3217 3099 3288 pelle
3166 3216 3409 3273 belluam
3483 3228 3624 3269 cou-

361 3302 632 3363 tegamus.

432 3384 582 3454 Πλὴν
604 3385 726 3440 ὅσον
747 3385 918 3453 δεῖξαι
940 3387 1176 3457 κοινωνή
1186 3403 1358 3442 σασαν
1387 3388 1521 3459 ἡμῖν
1541 3387 1652 3442 τῶν
1678 3389 1818 3444 κατά
1849 3389 1951 3461 φύ-

2124 3392 2422 3457 Caeterum,
2457 3407 2521 3447 ea
2555 3393 2844 3459 hactenus,
2879 3407 2991 3462 quo
3021 3399 3237 3447 tantum
3275 3389 3495 3447 easdem
3530 3401 3630 3442 no-

360 3489 450 3528 σιν
478 3474 717 3545 θεσμῶν,
752 3476 930 3531 ταῦτα
952 3479 1087 3551 πρὸς
1106 3478 1268 3549 ἡμῶν
1296 3477 1406 3532 δέει
1434 3478 1613 3550 πολλῷ
1648 3480 1955 3553 προδιείλη-

359 3581 516 3619 πται.
565 3565 648 3620 Τά
699 3568 759 3622 δὲ
813 3568 1127 3641 ὑψηλότερα
1184 3569 1293 3623 τῶν
1322 3569 1417 3623 ἐπὶ
1456 3570 1541 3623 σοὶ
1594 3570 1954 3627 τελεσθέντων

363 3657 939 3728 μεγαλουργηνμάτων,
992 3660 1088 3713 ἆτε
1143 3661 1209 3729 τῇ
1270 3660 1437 3730 πείρᾳ
1483 3659 1586 3731 τὴν
1646 3661 1782 3732 πρὸς
1813 3662 1955 3717 αὐτὰ

358 3749 647 3803 κοινωνίαν
681 3750 954 3814 παθοῦσα,
986 3752 1125 3822 αὐτὴ
1145 3751 1212 3806 ἂν
1243 3752 1442 3821 εἰδείης
1478 3752 1708 3822 μᾶλλον,
1740 3746 1785 3806 ὦ
1815 3771 1954 3807 παν-

358 3840 538 3907 ολϐία,
596 3840 868 3914 θειότερόν
896 3860 956 3895 τε
1001 3845 1098 3898 καὶ
1130 3842 1538 3915 καθαρώτερον,
1584 3844 1617 3914 ἢ
1644 3844 1720 3908 ὡς
1752 3847 1780 3898 ὁ
1811 3845 1951 3916 ἡμέ-

358 3950 520 4004 τερος
573 3933 911 4007 διεξέρχεται
939 3935 1118 4004 λόγος.
1140 3936 1249 3989 Καὶ
1279 3935 1386 4006 πρό
1429 3952 1492 4004 γε
1523 3934 1764 4000 πάντων,
1789 3935 1954 3999 αὐτὸς

358 4026 389 4079 ὁ
416 4026 716 4098 μονογενής
746 4043 839 4080 σου
862 4026 1014 4091 Υἱὸς,
1048 4028 1076 4079 ὁ
1107 4028 1233 4090 τοὺς
1264 4028 1470 4093 αἰῶνας
1519 4028 1950 4098 συστησάμενος,

360 4120 460 4172 καὶ
499 4118 582 4172 σοί
610 4135 674 4187 γε
695 4119 854 4183 δόξαν
880 4118 1132 4188 εὐπρεπῆ
1168 4119 1413 4188 περιθεὶς
1444 4118 1539 4173 καὶ
1562 4118 1948 4190 λαμπρότητα,

359 4208 451 4263 διὰ
469 4208 569 4280 τὴν
599 4208 1041 4263 ἐκδανεισθεῖσαν
1067 4207 1219 4277 αὐτῷ
1248 4208 1347 4278 τῆς
1386 4208 1586 4277 σαρκὸς
1641 4208 1953 4279 πρόσληψιν

362 4302 460 4356 καὶ
500 4299 790 4354 οὐσίωσινο
840 4300 935 4354 καὶ
972 4301 1277 4372 τοσαύτην,
1325 4301 1457 4371 ὅσην
1484 4302 1585 4353 οὐκ
1627 4299 1692 4354 ἄν
1724 4317 1808 4363 τις
1842 4298 1952 4354 τῶν

362 4392 489 4447 καθ’
511 4393 675 4463 ἡμᾶς,
713 4393 822 4446 οὐδ’
852 4390 1032 4445 αὐτῶν
1070 4392 1216 4461 τάχα
1262 4389 1371 4444 τῶν
1433 4390 1814 4460 ὑπερεχόντων
1848 4392 1951 4460 ἀγ-

362 4485 562 4555 γέλων,
609 4484 687 4554 νῷ
725 4484 1002 4539 διαλαϐεῖν
1034 4483 1393 4554 ἐξισχύσειεν.
1431 4483 1571 4536 Ἀλλ’
1602 4482 1743 4537 ἔστω
1778 4482 1953 4536 ταῦτα

359 4575 656 4639 διαπαντὸς
696 4575 760 4647 τῇ
818 4574 942 4647 θείᾳ
969 4573 1249 4644 μυστικῶς
1294 4573 1626 4644 κρυφιότητι
1663 4570 1954 4643 τιμώμενά

358 4686 421 4722 τε
451 4668 550 4721 καὶ
582 4666 1014 4738 συντηρούμενα,
1061 4666 1157 4720 καὶ
1186 4665 1278 4718 τὸν
1310 4666 1513 4717 οἰκεῖον
1557 4663 1659 4734 τῆς
1689 4663 1953 4734 ἀληθείας

357 4761 523 4829 λόγον
543 4759 882 4831 ἀκράδαντον
918 4758 1132 4829 ἔχοντα,
1168 4757 1332 4828 μέχρι
1368 4757 1472 4827 τῆς
1493 4757 1813 4821 τελευταίας
1842 4756 1951 4811 τῶν

361 4849 537 4903 ὄντων
554 4849 1073 4912 ἀποκαταστάσεως.
1122 4848 1210 4911 '0;
1237 4847 1304 4902 ἀν
1326 4848 1384 4901 δὲ
1417 4850 1569 4918 ἡμᾶς
1592 4847 1701 4902 τῶν
1732 4848 1843 4902 σῶν
1869 4851 1954 4901 ὲν-

367 4939 512 4993 θέων
541 4940 805 5011 ἀμοίρους
836 4940 1193 5011 διηγημάτων
1237 4939 1313 5011 μὴ
1357 4939 1772 5010 ἀποπέμψειας,
1807 4939 1953 4993 δίδου

365 5030 529 5100 λόγον
562 5032 714 5103 ἡμῖν,
747 5032 823 5096 ὡς
850 5032 1023 5101 Λόγου
1053 5032 1278 5103 Μήτηρ,
1314 5031 1535 5101 καὶτῆς
1565 5032 1662 5083 ἐπὶ
1687 5032 1769 5084 σοὶ
1799 5031 1951 5084 τελε-

367 5122 593 5193 σθείσης
622 5123 881 5187 ἀποικίας
906 5124 999 5176 τὸν
1031 5124 1233 5192 τρόπον
1264 5122 1535 5191 γνώρισον
1562 5123 1717 5192 ἡμῖν.
1748 5122 1955 5192 Ἐστηο

364 5233 434 5270 κε
465 5217 576 5286 γὰρ
614 5217 784 5271 εἰσέτι
831 5218 938 5280 πᾶς
968 5218 998 5271 ό
1040 5216 1153 5269 τῶν
1184 5215 1346 5269 θείων
1391 5215 1692 5286 ἀκροατὴς,
1744 5215 1813 5268 τὰ
1841 5209 1957 5269 ὦτα

363 5307 788 5379 προσκεκλικώς
811 5324 917 5372 σοι,
932 5308 1182 5378 φωνῆςτε
1198 5308 1297 5377 τῆς
1312 5307 1412 5377 σῆς
1440 5307 1676 5372 ἐπαΐειν,
1694 5306 1840 5360 καθά
1862 5307 1958 5361 καὶ

363 5401 637 5472 πρότερον
660 5401 764 5471 τῆς
792 5400 943 5466 θείας
968 5403 996 5455 ὁ
1025 5400 1242 5473 Ἰσραὴλ
1263 5399 1570 5470 ἐφιέμενος.
1594 5402 1697 5453 Ἦν
1719 5401 1799 5464 εἰς
1825 5398 1960 5468 ὕψος

366 5498 631 5573 διάραστι,
650 5500 745 5556 καὶ
775 5501 940 5554 πλέον
963 5502 996 5573 ἢ
1031 5502 1330 5570 σάλπιγγος
1350 5500 1720 5572 γεγωνότερον
1738 5542 1756 5570 ,
1786 5500 1951 5570 Ἐγὼ,

441 5685 472 5719 τ
500 5675 650 5734 Psal.
685 5690 951 5743 Lxxxvm,
984 5676 1073 5731 49.

2054 3484 2270 3540 hiscum
2322 3484 2566 3539 subiisse
2613 3491 2827 3537 naturae
2879 3482 3025 3552 leges
3072 3481 3498 3539 conﬁceremus,
3530 3490 3636 3531 nec

2055 3577 2163 3631 nisi
2199 3576 2373 3630 multo
2424 3576 2623 3629 timore
2658 3582 2942 3646 praeeunte
2974 3572 3402 3641 disputavimus.
3440 3568 3630 3623 Subli-

2054 3667 2232 3723 miora
2278 3675 2459 3722 autem
2506 3666 2563 3721 in
2600 3675 2653 3722 te
2704 3666 2900 3721 eﬂ'ecta
2946 3664 3243 3735 magnalia,
3294 3669 3353 3714 ιιι
3388 3674 3629 3730 quorum

2055 3758 2176 3827 ipsa
2228 3758 2678 3812 communionem
2723 3756 3109 3826 experimento
3158 3753 3426 3818 senseris,
3459 3756 3652 3803 tumet-

2054 3849 2255 3905 tnelius
2280 3851 2531 3914 noveris,
2577 3862 2611 3903 0
2656 3848 3005 3910 beatissima,
3040 3844 3396 3911 diviniusque
3433 3855 3497 3895 ac
3529 3855 3633 3909 pu-

2054 3941 2173 3994 rius
2211 3952 2376 4008 quam
2408 3948 2599 3992 nostra
2633 3936 2816 3991 oratio
2847 3949 3112 3990 enarrare
3142 3933 3359 4002 possit,
3407 3944 3657 4000 praeque-
3746 3946 3755 3951 ’

2054 4028 2355 4092 universis,
2409 4027 2527 4098 ipse
2577 4028 2902 4096 unigenitus
2941 4024 3117 4078 Filius
3167 4031 3320 4076 tuus.
3362 4020 3508 4091 Ipse,
3541 4019 3633 4072 in-

2053 4136 2243 4194 quam,
2285 4109 2392 4192 'qui
2440 4119 2737 4175 constituit
2775 4116 3001 4177 saecula,
3052 4126 3473 4181 congruamque
3526 4107 3653 4167 tibi

2055 4214 2285 4285 gloriam
2332 4219 2387 4267 et
2442 4210 2816 4281 splendorem,
2871 4220 2971 4276 pro
3031 4202 3382 4257 commodata
3438 4198 3653 4254 carnis

2055 4305 2440 4375 assumptione
2485 4300 2824 4364 substantia,
2888 4296 3140 4352 adhibuit
3175 4312 3191 4362 ;
3226 4294 3393 4363 idque
3441 4306 3505 4347 ea
3535 4308 3634 4346 ex-

2053 4398 2334 4462 cellentia,
2364 4411 2474 4467 qua
2508 4409 2622 4449 non
2670 4400 2885 4447 tantum
2940 4391 3221 4444 humanus
3260 4386 3502 4449 animus,
3532 4382 3632 4438 sed

2055 4506 2158 4546 nec
2188 4490 2331 4545 forte
2358 4488 2731 4545 eminentium
2774 4485 3096 4554 angelorum
3129 4479 3451 4535 intellectus
3484 4475 3633 4532 ullus

2055 4582 2351 4652 complecti
2400 4580 2594 4651 possit.
2659 4574 2952 4631 Enimvero
2997 4580 3259 4628 maneant
3285 4569 3404 4624 hac
3440 4567 3669 4622 divina"

2056 4688 2271 4742 sempcr
2297 4671 2636 4727 obscuritate
2666 4669 2903 4741 mystice
2941 4666 3329 4734 occultiusque
3360 4661 3652 4715 honoratav

2048 4766 2264 4834 pariter
2317 4772 2372 4819 et
2404 4771 2753 4827 conservata,
2784 4774 3083 4827 veramque
3122 4758 3403 4827 propriam
3460 4755 3643 4807 ratior.

2052 4873 2175 4912 nem
2213 4857 2625 4917 inconcussam,
2680 4854 2747 4907 ad
2785 4868 2961 4920 usque
3007 4863 3324 4919 supremam
3354 4861 3541 4902 rerum
3576 4846 3669 4899 in:

2053 4952 2329 5022 integrum
2382 4949 2811 5011 restitutionem,
2869 4946 3166 4999 retineant.
3208 4941 3277 4996 Ut
3304 4956 3373 4994 ne
3411 4953 3517 4993 nos
3545 4948 3641 4991 ta-

2058 5056 2183 5096 men
2212 5041 2531 5097 divinarum
2565 5047 2787 5091 tuarum
2816 5051 3000 5088 rerum
3045 5039 3295 5100 expertes
3327 5024 3650 5090 dimiseris,

2053 5133 2281 5188 verbum
2321 5130 2530 5201 largire
2552 5145 2654 5182 ceu
2685 5127 2849 5181 Verbi
2897 5125 3092 5189 Mater,
3136 5123 3473 5187 modumque
3500 5117 3639 5171 edo-

2059 5238 2208 5285 ceas,
2235 5237 2346 5292 quo
2377 5231 2467 5276 tua
2503 5222 2595 5275 illa
2629 5218 2890 5288 migratio
2920 5217 3136 5271 habuit.
3172 5214 3457 5268 Hactenus
3484 5212 3647 5261 enim»

2058 5322 2173 5371 stat
2202 5313 2384 5368 omnis
2415 5313 2729 5365 divinorum
2763 5311 3004 5372 auditor,
3039 5308 3273 5360 auribus
3298 5305 3354 5356 in
3390 5311 3442 5355 te
3468 5298 3647 5354 accli-~

2068 5407 2153 5460 nis
2189 5410 2694 5481 vocemqueduam,
2722 5416 2829 5463 qua
2861 5400 2994 5453 olim
3042 5396 3208 5453 Israel
3240 5393 3455 5449 ratione
3484 5388 3641 5445 divi-

2067 5494 2439 5561 nam,audire
2488 5494 2659 5563 cupit.
2704 5492 2820 5557 Qua
2875 5491 2927 5544 in
2974 5491 3189 5552 altum,~
3217 5500 3282 5541 ac
3312 5483 3443 5540 tuba
3463 5495 3634 5550 pene-
