4016 6130
437 332 574 416 tuas

1623 333 1684 391 S.
1716 329 2049 391 ANDRErE
2089 325 2506 390 CRETENSIS

3557 299 3694 361 103.6

438 412 696 498 trabilius
730 438 873 496 elata
905 453 920 494 :
957 438 1072 510 Ego
1092 437 1299 509 inquit,
1333 436 1467 492 nihil
1500 436 1783 492 immutari
1820 452 2014 492 eorum

2125 436 2304 506 φησὶν,
2340 433 2492 488 οὐδὲν
2523 429 2634 484 τῶν
2681 423 3040 498 ἀνθρωπίνων
3098 415 3497 510 παραμείψασα
3553 411 3695 466 κατά

436 548 562 606 quae
594 537 782 588 essent
835 529 980 600 juris
1027 538 1274 596 naturae;
1311 529 1571 584 omnibus
1629 543 1760 584 vero
1807 527 2011 584 decore

438 639 502 680 ac
537 630 774 695 cognata
824 621 1039 676 ratione
1071 620 1326 690 patratis,
1359 638 1378 672 ‹
1409 621 1591 674 anima
1634 620 1858 690 quidem
1889 633 2010 673 ma-

437 715 642 785 gniﬁco
690 711 1005 776 Dominum,
1038 719 1092 767 et
1124 712 1323 782 Spiritu
1377 711 1598 766 exsulto
1632 718 1682 777 ³,
1719 731 1738 764 ι
1776 723 2013 780 corpore

438 811 624 858 autem
682 809 1053 866 transmutor,
1086 799 1418 869 principium
1461 813 1524 853 ac
1572 799 1734 854 linem
1767 813 1888 852 eam
1922 795 2010 850 l'a-

439 894 598 949 ciens
627 892 852 947 deitatis
890 891 1148 962 gratiam,
1193 905 1359 958 quam
1410 889 1798 944 divinissimus
1829 889 1922 956 ille
1951 890 2009 943 in

437 999 565 1038 meo
593 996 798 1040 arcane
836 989 998 1036 utero
1051 979 1382 1034 incarnatus
1425 979 1689 1043 ostendit,
1744 991 1872 1031 cum
1904 977 2014 1033 sci-

435 1075 569 1130 licet
617 1075 674 1129 in
737 1090 796 1130 sc
857 1075 978 1144 ipse
1028 1072 1376 1127 divinitatem
1417 1059 1676 1125 indutum
1733 1067 2012 1123 hominem

434 1165 782 1225 reformavit.
843 1163 1116 1233 nobisque
1201 1162 1625 1232 participatione
1693 1159 1926 1231 Spiritus
1983 1173 2012 1212 a

433 1265 585 1311 terra
646 1257 701 1310 in
749 1257 920 1312 caelos
978 1270 1216 1324 corpore
1254 1255 1494 1320 rediens,
1547 1269 1686 1324 quos
1730 1265 2013 1321 nunquam

436 1349 775 1419 reliquisset,
815 1349 1114 1404 concessit.
1149 1345 1274 1412 Qui-
1299 1355 1528 1418 paterna
1570 1361 1680 1416 qua
1722 1343 2049 1416 prosequi-~

435 1449 528 1496 tur
567 1441 866 1508 hominem,
927 1456 1062 1496 cura
1111 1449 1381 1506 movente,
1431 1458 1450 1491 ι
1491 1440 1730 1510 respexit
1789 1437 2011 1508 quidem

436 1533 803 1588 humilitatem
851 1533 1068 1587 ancillae
1103 1547 1217 1588 sua:
1253 1532 1306 1600 ί,
1339 1551 1356 1585 ι
1398 1533 1581 1588 statim
1617 1531 1922 1586 decernens
1954 1533 2014 1581 ut

437 1625 673 1694 primam
737 1621 1340 1679 Evmmaledictionem
1411 1621 1704 1676 auferret:
1761 1617 2012 1674 visitavit

437 1726 622 1770 autem
670 1730 770 1771 sua
824 1717 876 1768 in
908 1731 1078 1770 carne
1131 1715 1479 1785 apparitione
1517 1729 1614 1768 eos
1644 1715 1737 1783 qui
1771 1711 1826 1766 in
1861 1717 2014 1764 tene-

438 1806 555 1861 bris
597 1812 652 1859 et
687 1803 882 1857 umbra
940 1803 1136 1859 mortis
1188 1803 1486 1868 sederent,
1541 1801 1740 1856 Oriens
1794 1802 1913 1870 ipse
1945 1816 2012 1855 ex

438 1897 552 1950 alto
609 1894 842 1950 orientis
870 1933 885 1958 ,
949 1894 1232 1964 pedesque
1265 1901 1488 1948 nostros
1521 1892 1725 1947 direxit
1781 1893 1834 1946 in
1866 1893 2011 1946 viam

439 1985 594 2054 pacis
617 1990 669 2037 ιι.
702 1980 836 2036 Nam
867 1998 991 2038 cum
1019 1984 1162 2036 Deus
1193 1984 1424 2036 veritate
1448 1991 1614 2045 esset,
1641 1997 1776 2036 nova
1806 1989 2012 2036 natura!

439 2075 805 2144 conceptione
853 2080 908 2129 et
969 2074 1261 2129 nativitate
1292 2073 1544 2140 inducta,
1599 2073 1838 2128 mirabili
1875 2087 2015 2142 qua-

440 2165 566 2220 dam
620 2166 840 2220 ratione
889 2181 953 2220 ex
1015 2165 1382 2235 virginalibus
1448 2165 1586 2220 meis
1647 2163 2016 2234 sanguinibus

440 2259 608 2314 homo
640 2257 826 2314 factus
859 2265 966 2325 est,
999 2266 1061 2312 ut
1111 2256 1394 2312 innovatis
1425 2255 1642 2313 naturis
1670 2266 1861 2311 vetera
1895 2255 2018 2326 qui-

440 2351 563 2405 dem
589 2351 936 2415 tollerentur,
967 2365 1272 2421 eorumque
1304 2349 1858 2404 locoinducerentur
1875 2361 2018 2402 nova

437 2447 498 2496 et
558 2453 680 2507 quae
739 2455 849 2494 non
914 2446 1287 2504 veterascunt,
1329 2437 1786 2508 emcerenturque
1832 2435 2018 2491 omnia

441 2545 608 2594 nova,
641 2545 894 2600 novaque
923 2545 1114 2586 revera
1143 2540 1394 2585 creatura
1431 2543 1574 2584 nova
1615 2528 1720 2583 hac
1751 2527 2024 2583 laudatis-

441 2622 694 2693 simaque
725 2619 890 2678 Verbi
929 2621 1338 2677 incarnatione.

517 2795 748 2862 Quando
777 2795 923 2850 enim
956 2795 1238 2866 prioribus
1281 2796 1504 2851 saaculis
1531 2797 1785 2852 auditum
1815 2803 1922 2862 est,
1965 2805 2025 2851 ut

445 2887 655 2944 femina
707 2885 802 2942 Dei
855 2886 1029 2942 Mater
1079 2886 1275 2942 eﬂ'ecta
1328 2887 1440 2942 sit?
1493 2885 1591 2944 Vel
1629 2888 1852 2958 quando
1883 2887 2024 2944 Dens

448 2982 668 3038 femina:
727 2981 878 3036 ﬁlius
930 2981 1116 3036 dictus
1173 2981 1293 3037 est?
1348 2981 1456 3036 Aut
1508 2981 1730 3052 quando
1787 2983 2026 3036 humana

449 3072 628 3128 forma
657 3075 912 3144 superior
935 3075 1080 3128 facta
1099 3072 1456 3140 Cherubinis,
1483 3074 1674 3129 divina
1703 3090 1764 3130 se
1783 3075 2027 3130 editione

405 3218 414 3226 ,
449 3179 518 3219 ac
549 3175 711 3235 partu
761 3163 1160 3228 manifestavit,
1188 3180 1390 3236 resque
1417 3169 1716 3222 universas
1749 3167 2026 3236 guberna-

2047 1787 2088 1841 Β

2117 529 2276 598 φύσιν
2314 524 2554 596 θεσμῶν,
2584 520 2760 576 πάντα
2787 520 2842 574 δὲ
2877 513 3262 586 κωνοπρεπῶς
3293 527 3355 564 τε
3402 507 3505 598 ut
3521 523 3695 598 προσ-

2115 597 2268 684 ῲυῶς
2296 611 2616 678 διανύσασα,
2657 627 2676 662 ι
2705 611 2774 679 τῇ
2806 608 2906 678 μὲν
2960 605 3112 677 ψυχῇ
3148 599 3438 674 μεγαλύνω
3462 597 3553 650 τὸν
3579 597 3690 650 Κύ-

2119 725 2253 778 ριον,
2283 725 2300 758 ι
2337 707 2432 759 καὶ
2460 701 2805 772 ἀγαλλιῶμαι
2837 698 2916 770 τῷ
2947 698 3242 768 πνεύματι,
3272 693 3350 764 τῷ
3381 689 3594 761 σώματι
3636 689 3692 742 δὲ

2118 799 2558 871 μεταλλάττομαι
2589 797 2684 848 καὶ
2713 791 3033 864 μορφοῢμαι
3057 789 3156 859 τὴν
3183 789 3238 841 ὲν
3269 786 3455 857 χάριτι
3479 782 3690 845 θέωσιν,

2115 891 2288 962 ἀρχὴν
2320 889 2537 956 ἐκείνην
2575 887 2674 941 καὶ
2707 886 2882 954 πέρας
2915 879 3218 952 ποιουμένη
3245 878 3343 948 τὴν
3361 877 3576 936 θέωσιν,
3626 873 3694 944 ἢν

2113 982 2445 1055 ἀποῤῥήτως
2471 981 2536 1051 τῇ
2557 979 2741 1050 μήτρᾳ
2770 979 2836 1048 τῇ
2869 977 2994 1045 ἐμοὶ
3019 971 3328 1044 σαρκωθεὶς
3353 969 3382 1022 ὁ
3407 965 3690 1038 ὑπέρθεος,

2115 1073 2448 1140 ἐπεδείξατο,
2504 1071 2669 1142 ἡνίκα
2718 1067 2922 1139 δηλαδὴ
2978 1066 3040 1121 τὸ
3068 1064 3414 1134 ἀνθρώπινον
3440 1062 3498 1114 ὲν
3521 1055 3693 1126 ἑαυτῷ

2115 1163 2410 1234 θεούμενον
2469 1159 2797 1225 ἀνέπλαττε,
2837 1157 2930 1210 καὶ
2980 1157 3048 1228 ἢν
3099 1156 3230 1227 ἡμῖν
3284 1151 3430 1206 κατά
3480 1145 3694 1220 μέθεξιν

2115 1254 2435 1324 Πνεύματος
2462 1251 2778 1323 ἐχαρίσατο,
2830 1249 2940 1302 τῶν
2963 1247 3072 1302 ἀπὸ
3115 1247 3219 1316 γῆς
3247 1244 3465 1314 χωρίων
3495 1245 3577 1306 εἰς
3605 1241 3698 1294 οὐ·

2119 1347 2315 1417 ρανοὺς
2337 1343 2507 1400 ἀνιὼν
2540 1341 2682 1414 μετά
2711 1341 2982 1411 σώματος,
3039 1336 3134 1399 οὓς
3161 1335 3358 1389 οὔποτε
3383 1332 3698 1388 καταλέλοι-

2116 1453 2236 1490 πεν.
2281 1438 2376 1498 Ὃς
2407 1436 2472 1505 τῇ
2500 1433 2632 1504 περὶ
2673 1433 2766 1485 τὸν
2798 1431 3086 1502 ἄνθρωπον
3125 1427 3428 1498 κηδεμονίᾳ
3452 1425 3700 1497 καμπτό-

2119 1543 2298 1595 μενος,
2335 1544 2352 1576 ι
2373 1524 2640 1593 ὲπέϐλεψε
2679 1525 2778 1594 μὲν
2801 1523 2894 1575 ἐπὶ
2919 1522 3015 1592 τὴν
3035 1519 3364 1574 ταπείνωσιν
3389 1519 3489 1590 τῆς
3507 1517 3700 1585 δούλης

2115 1617 2303 1681 αὑτοῦ,
2343 1635 2361 1668 ι
2400 1615 2498 1688 τὴν
2533 1615 2760 1686 πρώτην
2787 1614 2950 1677 εὐθὺς
2983 1611 3126 1676 Εὔας
3171 1609 3311 1682 ἀράν
3341 1609 3534 1680 ἐξᾶραι
3565 1625 3700 1679 προ-

2117 1706 2363 1778 θέμενος,
2427 1703 2774 1774 ἐπεσκέψατο
2804 1703 2860 1756 δὲ
2907 1705 2974 1774 τῇ
3011 1703 3102 1755 διὰ
3153 1701 3358 1773 σαρκὸς
3405 1698 3702 1768 ἐπιφανείᾳ

2117 1799 2242 1862 τοὺς
2268 1800 2324 1852 ἐν
2355 1796 2541 1851 σκότει
2586 1796 2680 1849 καλ⁵
2711 1797 2840 1863 σκιᾷ
2872 1794 3105 1849 θανάτου
3131 1789 3504 1864 καθημένους,
3547 1788 3704 1841 Ἀνα-

2119 1889 2248 1960 τολὴ
2275 1889 2366 1958 ἀφ’
2405 1887 2574 1957 ὕψους
2607 1886 2902 1951 ἀνατολῶν,
2935 1886 3032 1940 καὶ
3059 1884 3359 1938 κατεύθυνε
3382 1881 3510 1944 τοὺς
3538 1879 3704 1943 πόδας

2117 1979 2276 2050 ήμῶν
2297 1980 2378 2042 είς
2403 1978 2519 2032 ὁδὸν
2545 1979 2792 2050 εἰρήνης.
2815 1977 2948 2042 Θεὸς
2979 1975 3056 2030 ὢν
3077 1975 3186 2046 γάρ
3219 1973 3460 2044 ἀληθῶς,
3491 1971 3705 2040 ἄνθρω-

2119 2087 2220 2134 πος
2253 2073 2318 2125 ὲκ
2343 2069 2688 2143 παρθενικῶν
2733 2069 2987 2141 αἱμάτων
3013 2067 3313 2140 ὑπερφυῶς
3343 2066 3405 2130 ἐξ
3440 2063 3580 2136 ἐμοῦ
3611 2079 3706 2116 κε-

2119 2162 2454 2234 χρημάτικε,
2495 2161 2658 2228 ξένην
2685 2164 2752 2232 τῇ
2790 2160 2949 2230 φύσει
2996 2158 3262 2229 σύλληψιν
3306 2157 3402 2210 καὶ
3448 2155 3706 2226 γέννησιν

2119 2253 2428 2322 εἰσαγαγών
2447 2268 2460 2282 ·
2494 2253 2582 2306 ἵνα
2607 2255 2674 2323 τῇ
2701 2249 3025 2322 καινοτομίᾳ
3039 2249 3148 2302 τῶν
3177 2249 3414 2318 φύσεων,
3433 2246 3579 2318 ἀρθῇ
3607 2246 3708 2316 μὲν

2118 2344 2187 2398 τὰ
2217 2344 2444 2410 παλαιὰ,
2471 2343 2799 2413 ἀντεισαχθῇ
2833 2341 2890 2396 δὲ
2918 2340 2989 2394 τά
3011 2341 3132 2403 νέα,
3149 2341 3246 2395 καὶ
3267 2339 3344 2411 μὴ
3362 2335 3708 2406 παλαιούμε-

2119 2453 2208 2502 νά,
2243 2437 2336 2490 καὶ
2364 2433 2593 2505 γένηται
2619 2433 2798 2487 πάντα
2848 2431 3034 2494 καινὰ,
3075 2431 3171 2484 καλ⁹
3203 2428 3372 2499 καινὴ
3401 2427 3545 2497 πρὸς
3577 2424 3709 2497 ἀλή-

2123 2529 2272 2584 θειαν
2306 2527 2504 2592 κτίσις,
2540 2525 2630 2579 διὰ
2684 2523 3012 2595 τῆς-καινῆς
3036 2522 3242 2594 ταύτης
3273 2521 3372 2576 καὶ
3393 2519 3710 2586 ἀξιεπαινε-

2121 2624 2370 2690 τωτάτης
2389 2617 2482 2672 τοῦ
2505 2617 2680 2686 Λόγου
2713 2613 3065 2687 σαρκώσεως.

2196 2798 2305 2853 Ποῦ
2335 2797 2446 2870 γὰρ
2479 2798 2537 2851 ὲν
2587 2797 2701 2860 τοῖς
2748 2795 2856 2866 πρὸ
2898 2793 3058 2866 ήμῶν
3089 2795 3356 2866 ήκουσται
3383 2791 3526 2866 γυνὴ
3573 2787 3709 2846 Θεοῦ

2123 2893 2327 2963 Μήτηρ
2359 2889 2626 2961 γενομένη
2649 2887 2809 2956 ποτέ;
2850 2888 2885 2960 ἢ
2910 2887 3042 2952 Θεὸς
3066 2886 3326 2956 γυναικὸς
3350 2885 3466 2951 υίὸς
3493 2900 3712 2957 χρημα-

2123 2984 2316 3050 τίσας;
2371 2981 2406 3053 ἢ
2439 2981 2756 3054 ἀνθρωπεία
2800 2979 2988 3052 μορφὴ
3059 2979 3170 3032 τῶν
3224 2977 3514 3052 Χερουϐὶμ
3547 2976 3711 3045 ὕπερ-

2128 3077 2262 3141 ἀνω,
2291 3075 2498 3138 θεῖκοτς
2539 3073 2918 3145 ἐμφανίζουσα
2962 3072 3168 3137 τόκοις,
3199 3071 3296 3125 καὶ
3339 3073 3402 3123 τὸ
3433 3071 3542 3122 πᾶν
3572 3065 3710 3133 διεξ-

2129 3167 2336 3237 ἀγουσα
2359 3185 2374 3236 ;
2404 3166 2502 3230 Τίς
2529 3165 2622 3220 τδν
2657 3165 2828 3236 πηλὸν
2851 3163 3257 3230 θεωθέντα,καὶ
3290 3161 3382 3216 τὸν
3409 3160 3543 3232 χοῦν
3566 3157 3710 3227 ὑψω-

451 3256 572 3310 vit?
597 3255 732 3322 Quis
761 3256 1019 3310 caelestes
1045 3271 1111 3309 ac
1136 3264 1430 3312 terrestres
1457 3257 1790 3313 adoratores
1816 3257 2021 3324 docuit,

2129 3259 2314 3325 θέντα,
2374 3258 2504 3321 τοὺς
2539 3257 2652 3311 ἀνω
2702 3257 2800 3310 καὶ
2844 3257 2974 3319 τοὺς
3026 3256 3181 3310 κάτω
3213 3251 3625 3325 προσκυνητάς,
3656 3251 3710 3303 ἓν

454 3349 515 3400 ιιι
555 3346 732 3400 lutum
767 3344 1022 3400 deitatem
1057 3345 1330 3412 indutum,
1369 3363 1432 3403 ac
1471 3349 1755 3418 pulverem
1787 3349 2026 3404 sublime

450 3437 686 3503 elatutn,
738 3451 907 3490 unum
969 3438 1130 3492 amho
1188 3438 1474 3509 proprium
1529 3437 1746 3494 Numen
1781 3439 2026 3494 indivise

447 3526 786 3580 adorarent?
837 3525 972 3590 Quis
1008 3527 1270 3582 humilem
1299 3529 1562 3596 humique
1595 3528 1914 3598 depressam
1943 3527 2028 3581 in-

448 3619 628 3674 ﬁmam
657 3617 936 3672 hominum
972 3616 1256 3681 vilitatem,
1293 3625 1504 3670 natura:
1558 3617 1823 3672 terminos
1881 3615 2028 3672 deiﬁ-

445 3711 680 3766 cationis
717 3709 894 3780 gratia
928 3723 1364 3780 supergressam,
1431 3709 1498 3763 ad
1535 3711 1708 3764 cmlos
1752 3709 2025 3775 subvexit,

385 3813 394 3816 ’
447 3811 755 3870 novataque
784 3801 870 3854 via
902 3801 1134 3854 terrenis
1172 3801 1376 3870 ignota,
1407 3801 1576 3854 caelos
1652 3802 1889 3870 pervios,
1919 3815 2028 3870 quo

446 3902 504 3948 et
529 3893 784 3946 homines
811 3891 1022 3962 angelis
1057 3891 1316 3946 concives
1349 3890 1568 3956 ﬁerent,
1591 3891 1873 3945 ostendit?
1902 3891 2028 3946 llaec

446 3986 632 4053 itaque
675 3985 730 4036 in
767 3998 852 4036 me
887 3984 1067 4052 palam
1103 3997 1440 4052 praecesserc
1487 3983 1789 4053 magnalia,
1831 3983 2030 4054 bisque

442 4089 548 4144 ego
581 4083 788 4128 tantam
821 4075 1052 4144 gloriam
1089 4082 1144 4128 et
1177 4075 1528 4143 Splendorem
1558 4090 1680 4128 sum
1702 4083 2024 4130 consecuta.

443 4165 713 4230 Quocirca
746 4165 938 4218 merito
967 4183 984 4215 ι
1021 4166 1235 4219 beatam
1264 4182 1328 4220 ex
1361 4168 1462 4218 hoc
1495 4179 1582 4220 me
1613 4165 1804 4220 dicent
1833 4181 2028 4221 omnes

443 4257 862 4326 generationes:
898 4255 1030 4310 fecit
1053 4258 1246 4326 (enim)
1283 4258 1416 4311 mihi
1469 4273 1664 4327 magna
1704 4259 1797 4327 qui
1831 4266 2026 4328 potens

441 4356 550 4410 est,
577 4355 630 4402 et
661 4356 910 4401 sanctum
937 4349 1376 4418 nomcnejus'.»
1423 4347 1564 4414 Quid
1598 4353 1742 4404 enim
1761 4351 1826 4405 ad
1857 4351 2028 4420 maje-
2069 4339 2071 4341 1

449 4450 649 4496 stratem
683 4439 886 4510 majus,
925 4455 1088 4508 quam
1143 4450 1201 4492 ut
1235 4455 1398 4494 vocer
1426 4441 1644 4506 simque
1677 4441 1766 4494 Dei
1803 4441 2027 4494 mater?

441 4533 575 4588 Mere
613 4541 791 4588 autem
835 4533 901 4587 ab
931 4533 1184 4587 humanis
1217 4536 1270 4586 in
1299 4533 1434 4587 alias
1468 4542 1521 4588 et
1553 4535 1810 4589 caelestes
1859 4534 2018 4590 sedcs

443 4624 824 4693 migrationis,
861 4623 1153 4678 clariorem
1193 4633 1345 4676 certa
1379 4624 1700 4693 conjectura
1762 4625 2014 4678 noritiam

439 4714 752 4772 habueritis
791 4731 820 4770 a
857 4717 980 4770 loco
1018 4715 1164 4768 unde
1207 4717 1480 4770 translata
1517 4717 1722 4770 terreni
1753 4717 1917 4784 hujus
1943 4724 2024 4769 ta-

441 4807 752 4870 bernaculi,
802 4807 1117 4876 virginalis,
1146 4807 1396 4876 inquam,
1443 4817 1496 4860 et
1528 4810 1798 4878 assumpli
1849 4824 1878 4862 a
1915 4810 2026 4864 Deo

442 4898 788 4967 corpusculi,
840 4897 1164 4966 conspersio
1217 4897 1498 4965 migravit.
1532 4914 1596 4951 ex
1632 4915 1736 4966 qua
1795 4900 2022 4968 simplex

445 4990 606 5046 Jcsus
658 4992 1120 5062 compositionem
1174 4993 1392 5044 aScivit.
1445 4991 1578 5044 Nam
1612 4994 1866 5062 quisquis
1900 4994 2025 5047 Velit

441 5087 596 5163 dicta
647 5087 832 5139 omnia
874 5094 1028 5140 certo
1079 5085 1381 5152 conjecerit
1429 5102 1494 5138 ex
1549 5086 1702 5140 visis.
1765 5085 2025 5141 Prostant

443 5193 576 5246 ergo
607 5177 678 5230 oh
708 5192 896 5230 eorum
929 5177 1120 5230 oculos
1158 5176 1252 5242 qui
1287 5175 1430 5228 lidcli
1465 5177 1650 5230 :mimo
1683 5177 1866 5230 divina
1899 5193 2028 5230 con-

445 5278 498 5320 lo
525 5267 800 5336 nplantur,
833 5275 1038 5336 aperta:
1083 5265 1336 5334 quaedam
1369 5267 1662 5334 imagines,
1702 5268 1921 5336 vivique
1963 5282 2026 5320 ac

448 5361 500 5410 in
526 5369 735 5426 inclitos
777 5361 1128 5415 characteres
1187 5361 1571 5416 translationis
1615 5377 1746 5416 meae
1781 5383 1791 5414 :
1829 5377 2026 5430 nempe

448 5450 556 5532 huc
604 5451 782 5520 ipsum
842 5453 1179 5522 sepulcrum,
1244 5452 1298 5504 in
1336 5461 1491 5520 pclra
1543 5454 1816 5520 excisura,
1876 5454 2021 5524 quod

536 5727 559 5758 ⁸
586 5726 719 5783 Luc.
773 5749 808 5796 ι,
849 5733 936 5790 46.
1019 5733 1036 5771 ί
1078 5735 1210 5792 ibid.
1265 5737 1353 5791 43.
1429 5749 1454 5776 ιι
1484 5735 1802 5801 ὶΙ›ἰι1.’ἱ3,Ἱθ.
1845 5744 1871 5774 ν
1913 5735 2026 5790 ibid

2129 3351 2296 3420 ἄμφω
2321 3349 2529 3419 Κύριον
2565 3348 2733 3422 σέϐας
2761 3348 3087 3420 ἀδιαιρέτως
3139 3347 3473 3418 προσκυνεῖν
3499 3342 3714 3408 ἐξεπαί-

2127 3439 2315 3504 δευσε;
2357 3440 2451 3502 Τίς
2483 3439 2582 3510 τὴν
2615 3437 2882 3508 ταπεινὴν
2913 3438 3010 3490 καὶ
3040 3434 3380 3508 χαμαίζηλον
3409 3432 3714 3505 ἀνθρώπων

2129 3532 2416 3602 ἐσχατιὰν,
2453 3535 2520 3604 τῇ
2551 3530 2742 3586 θεὼδει
2771 3533 2898 3591 τοὺς
2923 3531 3086 3599 ὅρους
3129 3527 3593 3600 ὑπερνηξαμένην
3621 3525 3713 3595 τῆς

2129 3625 2366 3692 φύσεως,
2409 3627 2488 3687 είς
2528 3625 2792 3695 οὐρανοὺς
2844 3622 3160 3688 ἀνεϐίϐασε,
3213 3623 3310 3675 καὶ
3341 3621 3544 3692 βατοὺς
3594 3620 3715 3681 τοὺς

2129 3719 2361 3782 ἀϐάτους
2389 3719 2696 3791 παρέδειξε,
2729 3717 2914 3790 τρίϐον
2965 3717 3219 3779 καινίσας
3271 3718 3386 3780 τοῖς
3413 3714 3714 3785 ἐγχθονίοις

2129 3809 2486 3879 ἀγνὼριστον,
2521 3807 2608 3861 ἵνα
2637 3809 2732 3861 καὶ
2770 3805 3024 3875 ἀγγέλοις
3056 3805 3386 3877 συμπολῖται
3437 3803 3714 3876 ἄνθρωποι

2130 3899 2518 3970 ἀναδειχθῶσι;
2577 3900 2764 3954 Ταῦτα
2794 3899 2974 3953 τοίνυν
3024 3899 3113 3950 ἐπ’
3147 3898 3273 3968 ἐμοὶ
3331 3898 3400 3949 τὰ
3457 3894 3715 3964 μεγαλεῖα

2130 3985 2460 4054 καταφανῶς
2489 3986 2842 4056 προελήλυθε,
2873 3989 2970 4040 καὶ
2996 3986 3212 4049 τούτοις
3239 3983 3352 4053 ἐγὼ
3374 3983 3712 4054 τηλικαύτην

2131 4075 2616 4148 ἀπεκληρωσάμην
2663 4075 2818 4141 δόξαν
2858 4094 2917 4130 τε
2972 4078 3068 4131 καὶ
3115 4077 3504 4147 λαμπρότητα.
3554 4073 3714 4128 Ὅθεν

2131 4168 2356 4230 είκότως
2393 4187 2410 4220 ι
2446 4168 2552 4222 ἀπὸ
2579 4168 2673 4221 τοῦ
2703 4169 2800 4222 νῦν
2832 4168 3164 4240 μακκριοῦσί
3211 4186 3278 4238 με
3306 4170 3484 4222 πᾶσαι
3523 4169 3580 4220 αἱ
3623 4182 3712 4234 γε·

2129 4257 2282 4310 νεαί·
2321 4259 2587 4329 πεποίηκε
2633 4258 2785 4332 [γάρ]
2837 4277 2925 4328 μοι
2981 4261 3248 4328 μεγαλεῖα
3286 4261 3315 4312 ὁ
3346 4259 3598 4323 δυνατὸς,
3623 4257 3712 4310 καὶ

2131 4349 2285 4418 ἅγιον
2313 4351 2373 4402 τὸ
2417 4351 2590 4420 ὄνομα
2624 4352 2810 4406 αὐτοῦ.
2846 4372 2864 4404 ι
2907 4355 3019 4405 Καὶ
3051 4354 3102 4405 τί
3131 4355 3242 4426 γὰρ
3302 4353 3713 4423 μεγαλειότερον

2130 4441 2224 4494 τοῦ
2262 4443 2471 4512 μητέρα
2496 4443 2796 4512 κεκλῆσθαι
2831 4445 2926 4498 καὶ
2972 4439 3112 4497 εἶναι
3152 4445 3322 4511 Θεοῦ;
3357 4445 3470 4514 Τῆς
3493 4460 3558 4510 γε
3612 4442 3713 4513 μὴν

2132 4536 2388 4597 ἀποικίας
2437 4536 2502 4604 ἢν
2556 4535 2614 4600 ἐξ
2648 4533 2950 4606 ἀνθρώπιον
3006 4535 3338 4607 πεποίημαι,
3381 4537 3712 4604 σαφέστερον

2121 4625 2222 4696 τὴν
2254 4626 2454 4694 γνῶσιν
2488 4627 2716 4679 αὐτόθεν
2745 4627 3162 4698 τεκμαίροισθε,
3217 4628 3342 4681 ὅθεν
3387 4627 3484 4680 τοῦ
3515 4624 3710 4697 γεηροῦ

2131 4733 2230 4785 μου
2269 4716 2500 4785 σκήνους
2534 4716 2828 4784 μετατεθὲν
2859 4717 3150 4786 ἀπῳκίσθη
3209 4715 3272 4769 τὸ
3323 4716 3558 4787 φύραμα
3621 4713 3710 4767 τοῦ

2129 4807 2462 4877 παρθενικοῦ
2514 4807 2658 4874 λέγω
2709 4809 2801 4860 καὶ
2837 4809 3136 4880 θεολήπτου
3167 4810 3421 4878 σώματος
3457 4810 3515 4874 ἐξ
3549 4802 3712 4876 οὗπερ

2126 4898 2154 4949 ὁ
2195 4898 2396 4960 ἁπλοῦς
2449 4899 2658 4969 Ἰησοῦς
2712 4899 2995 4970 συνετέθη.
3029 4899 3254 4966 ’Ἔξεστι
3290 4900 3402 4971 γὰρ
3429 4901 3506 4967 τῷ
3536 4899 3716 4968 βουλο-

2137 4989 2282 5058 μένῳ
2316 4987 2499 5050 παντὶ,
2520 4989 2588 5040 τὰ
2613 4989 2877 5059 εἰρημένα
2899 4989 2985 5040 διὰ
3007 4989 3114 5041 τῶν
3137 4989 3435 5058 ὁρωμένων
3457 5003 3713 5040 καταστο-

2135 5080 2422 5150 xeo-1501:.
2482 5082 2808 5152 Πρόκεινται
2864 5081 2995 5150 γοῦν
3055 5082 3174 5134 κατ’
3239 5078 3557 5148 ὀφθαλμοὺς
3611 5079 3714 5132 τῶν

2137 5172 2424 5241 θεωμένων
2455 5174 2523 5224 τά
2577 5172 2693 5226 θεῖα
2725 5173 2956 5236 πιστῶς,
2998 5173 3204 5234 εἰκόνες
3263 5171 3409 5232 τινες
3442 5172 3712 5240 ἐναργεῖς,

2137 5267 2230 5318 καὶ
2285 5266 2637 5336 χαρακτῆρες
2677 5265 2827 5320 λάλοι
2865 5267 2962 5335 τῆς
3018 5265 3156 5334 ἐμῆς
3221 5263 3612 5335 μεταστάσεως
3638 5280 3650 5294 ·
3689 5262 3716 5312 ὸ

2133 5360 2304 5426 τάφος
2335 5355 2488 5421 οὗτος
2516 5361 2742 5420 ἐκεῖνος,
2763 5360 2790 5410 ὁ
2818 5360 2874 5410 ὲν
2904 5360 2970 5427 τῇ
2997 5356 3174 5426 πέτρᾳ
3194 5355 3445 5424 γλυφεῖς,
3466 5355 3525 5416 ὃς
3558 5353 3716 5423 μέχρι

2133 5449 2228 5503 νῦν
2279 5451 2509 5520 ἕστηκεν
2567 5449 2795 5521 ἀσινὴς,
2848 5452 2947 5521 τῆς
3019 5447 3309 5517 ὲντυμϐἕου
3373 5445 3717 5517 περιγραφῆς

2039 5771 2050 5790 .
2098 5733 2187 5800 ιε,
2249 5731 2340 5787 ιι).
