4016 6130
381 302 522 366 Ῑθῦτ

1405 307 1489 368 ΙΝ
1523 308 2071 372 DORMlT-IONEM
2113 313 2174 373 S.
2207 313 2493 375 MARI/E.
2536 317 2589 377 Ι.

3476 351 3484 359 ·
3501 327 3641 397 1058

367 417 674 489 ἀκηρύκτῳ
729 413 799 447 ⁵⁶⁴
840 416 993 485 φωνῇ
1073 413 1448 486 διασημαίνων
1537 420 1608 473 τά
1688 421 1948 493 σύμϐολα.

2063 425 2368 479 etiamnum
2397 424 3340 504 consistensincolume,irrequieta
3355 454 3492 499 voce
3523 447 3637 522 (75)

440 597 553 667 Τῆς
583 594 715 665 γοῦν
744 595 1065 666 σωματικῆς
1096 599 1154 650 ὲν
1175 596 1324 667 αὑτῷ
1372 599 1745 662 κατακλίσεως
1781 600 1952 670 ἀψευ-

365 684 946 760 δὲττατοιμάρτυρες,
977 690 1046 743 τὰ
1083 691 1143 743 ὲν
1167 693 1236 762 τῇ
1263 692 1441 761 πέτρᾳ
1479 690 1818 762 κοιλώματα,
1852 691 1951 756 τὰς

365 785 473 837 τῶν
529 781 706 852 μελῶν
755 781 1216 852 ἱερογραφοῦντες
1253 783 1554 853 εὐπρεπεῖς
1585 783 1947 848 ὲκτυπὼσεις.

363 875 478 929 Καὶ
512 873 727 944 πρῶτος
753 875 781 926 6
816 875 1148 942 χειμάρρους
1203 873 1411 938 ἐκεῖνος
1467 875 1576 927 τῶν
1605 875 1852 946 Κεδρῶν,
1905 867 1952 942 ᾧ

361 967 536 1020 ταῦτα
559 963 810 1035 διαμπὰξ
840 964 1321 1035 ὲμπεριείληπται,
1347 965 1596 1028 σαλπίζει
1613 965 1951 1037 διαπρυσίως

361 1058 431 1112 τὰ
457 1057 738 1126 θαύματα.
778 1055 844 1108 Ἥ
897 1054 1104 1121 κοιλὰς,
1165 1057 1330 1125 φημὶ,
1361 1055 1454 1107 τοῦ
1488 1055 1858 1122 Κλαυθμῶνος
1881 1057 1948 1120 ⁸⁵,

364 1149 485 1202 καθ’
539 1149 604 1217 ἢν
647 1149 674 1200 6
714 1145 885 1213 τάφος
920 1144 1130 1215 ἵδρυται
1181 1143 1277 1197 τοῦ
1349 1146 1616 1214 Ἰωσαφὰτ
1681 1145 1951 1216 βασιλέως

375 1240 568 1303 Ἰούδα,
597 1241 655 1292 ὲν
703 1230 748 1306 ᾧ
772 1238 834 1290 τὸ
869 1237 1140 1307 μακάριον
1175 1238 1350 1290 ἐκεῖνο
1373 1238 1434 1290 τὸ
1461 1236 1634 1300 πάθος
1677 1239 1774 1291 τοῦ
1806 1239 1951 1291 άπα-

363 1329 490 1393 θοῦς
519 1328 792 1399 ἐλάμϐανε
825 1328 892 1380 τὰ
929 1327 1216 1397 προοίμια.
1261 1328 1412 1380 Ἑκεί
1453 1328 1562 1398 γὰρ
1594 1327 1802 1396 θαμινά
1836 1329 1950 1390 τοῖς

365 1421 640 1494 μαθηταῖς
687 1423 714 1474 6
748 1419 938 1490 Σωτὴρ
983 1418 1356 1490 συνηυλίζετο.
1403 1419 1550 1472 Ἐκεῖ
1603 1419 1951 1490 προσηύξατο

364 1515 478 1578 θεὶς
508 1515 575 1568 τὰ
611 1513 818 1581 γόνατα
850 1513 988 1582 πρὸς
1031 1511 1124 1564 τὸν
1175 1513 1234 1564 ὲν
1278 1513 1532 1580 οὐρανοῖς
1577 1513 1822 1582 Πατέρα,
1853 1511 1948 1564 τοῦ

363 1602 705 1675 ὲπιθυμητοῦ
739 1603 1001 1673 ποτηρίου
1033 1605 1153 1656 κατ’
1176 1604 1492 1671 οἰκονομίαν
1509 1603 1748 1674 ἄρρητον
1770 1602 1953 1656 ποιού-

363 1712 527 1767 μενος
558 1695 656 1765 τὴν
709 1695 1064 1764 παραίτησιν.
1109 1693 1258 1747 Ἐκεῖ
1281 1694 1362 1764 τῷ
1395 1695 1630 1765 προδότῃ
1670 1693 1946 1762 φιλωθεὶς,

360 1765 579 1850 ἔκδοτος
605 1789 718 1848 τοῖς
775 1785 1083 1848 θεοκτόνοις
1115 1784 1432 1855 γεγένηται.
1485 1788 1595 1839 Καὶ
1636 1785 1812 1840 ταῦτα
1858 1785 1948 1840 διὰ
1981 1765 2022 1820 Β

362 1878 562 1948 πείρας
587 1875 815 1947 μάθοιεν
840 1874 1206 1944 ἀληθέστερον
1231 1877 1280 1928 οί
1314 1877 1406 1930 ἐπὶ
1432 1875 1618 1948 χώρας
1642 1873 1942 1948 γινόμενοι.

373 1969 434 2023 '0
461 1969 556 2024 οὖν
585 1969 814 2030 ἄπιστος
856 1966 1056 2034 ἀπίτω,
1101 1967 1199 2020 καὶ⁵
1231 1967 1554 2037 μανθανέτω
1587 1967 1658 2021 δι’
1681 1967 1948 2038 αὐτοψίας

359 2062 470 2118 τῶν
498 2061 810 2133 λεγομένων
834 2059 934 2130 τὴν
960 2059 1189 2128 δύναμιν
1209 2075 1222 2089 ο
1253 2061 1282 2113 6
1311 2061 1502 2125 πιστὸς
1527 2060 1802 2132 ἀρκείσθω
1833 2063 1946 2124 τοῖς

360 2153 698 2225 λεγομένοις,
735 2151 830 2206 καὶ
853 2153 1193 2206 κατανοείτω
1221 2153 1309 2206 διά
1343 2151 1451 2206 τῶν
1482 2153 1830 2222 φαινομένων
1875 2152 1946 2206 τὰ

364 2247 444 2320 μὴ
467 2245 745 2318 ὁρώμενα,
777 2243 872 2298 καὶ
894 2243 1224 2315 θαυμαζέτω
1249 2243 1320 2298 τὰ
1337 2241 1619 2320 θαύματος
1637 2243 1782 2310 ἄξια.
1802 2242 1944 2298 Ἀλλ’

361 2318 397 2408 ἢ
429 2318 528 2408 μὲν
560 2334 706 2407 ταφὴ
757 2334 982 2406 τοιαύτη
1013 2336 1109 2388 καὶ
1165 2331 1337 2398 οὕτως
1374 2318 1604 2405 ἔχουσα.
1657 2335 1716 2389 Ὀ
1756 2335 1814 2389 δὲ
1844 2337 1946 2406 τῆς

363 2428 753 2502 μεταστάσεως
801 2426 1026 2496 τρόπος,
1075 2427 1126 2478 εί
1162 2426 1257 2480 καὶ⁹
1297 2427 1474 2490 κοινὸς
1512 2427 1650 2498 πρὸς
1675 2425 1944 2496 ἅπαντας,

359 2522 477 2576 ἀλλ’
503 2519 650 2574 ἐστιν
693 2519 848 2590 αὺτῷ
870 2519 967 2572 καὶ
992 2517 1194 2583 ἰδιάζον
1219 2516 1462 2588 ἀξίωμα,
1503 2518 1568 2571 τὸ
1599 2517 1790 2590 περιὸν
1822 2517 1946 2590 ἔχον

361 2615 501 2684 πρὸς
529 2611 622 2666 τὸν
649 2609 772 2665 καθ’
802 2610 1052 2665 ἕκαστον.
1090 2610 1156 2664 Ἡ
1171 2608 1230 2663 δέ
1253 2626 1338 2663 τοι
1373 2609 1661 2680 μετάθεσις
1682 2609 1946 2682 κρείττων

363 2706 465 2775 μὲν
485 2703 647 2774 λόγου
679 2703 776 2758 καὶ
801 2700 1140 2772 ἀκοῆς,πλὴν
1174 2703 1240 2756 ὲκ
1267 2701 1515 2756 παλαιῶν
1537 2699 1736 2772 ἔχουσα
1765 2718 1948 2773 παρα-

313 2861 324 2868 _
358 2796 670 2866 δειγμάτων
726 2794 829 2865 τὴν
856 2793 1112 2864 μίμησιν.
1161 2793 1258 2856 Τίς
1285 2792 1344 2846 δὲ
1369 2794 1398 2846 ό
1421 2795 1522 2864 τῆς
1545 2792 1946 2857 καταπαύσεως

359 2893 564 2958 τόπος;
597 2887 727 2962 τΑρ’
757 2888 1011 2962 αἰσθήσει
1065 2888 1292 2960 ληπτὸς,
1336 2887 1370 2960 ἦ
1401 2887 1611 2960 διανοίᾳ
1653 2889 1944 2961 χωρητός;

359 2982 662 3056 Οὑμενοῦν.
697 2981 821 3046 Πῶς
848 2981 960 3053 γὰρ
999 2981 1066 3036 ἂν
1095 2979 1290 3052 ὁρῷτο,
1317 2981 1412 3034 καὶ
1443 2980 1596 3051 παρά
1619 2981 1730 3033 τίσι
1749 2981 1942 3046 νοοῖτο,

313 3132 319 3139 ,
362 3078 442 3148 μὴ
469 3073 754 3146 πεφυκὼς,
787 3073 927 3145 πλὴν
947 3075 996 3126 εί
1030 3073 1107 3144 μὴ
1141 3073 1210 3126 δι’
1249 3071 1524 3136 ἀπαθείας
1567 3072 1688 3126 κατ’
1721 3072 1947 3143 ἀπειρόο

360 3169 536 3240 δωρον
563 3168 727 3240 χάριν
777 3165 868 3220 τὸν
907 3165 1036 3237 τῇδε
1089 3163 1332 3234 φθάσασι
1357 3163 1558 3234 χῶρον,
1606 3163 1702 3218 καὶ
1729 3163 1832 3234 τῆς
1861 3166 1948 3218 ὲν-

359 3259 554 3315 ταυθοῖ
581 3255 849 3321 θεοειδοῦς
881 3256 1267 3318 καταστάσεως
1309 3256 1524 3326 τρυφῆς
1575 3253 1943 3324 ἡξιωμένοις;

360 3349 398 3430 ᾖ
454 3369 621 3424 φησιν
656 3353 684 3406 ὁ
709 3351 842 3422 ἐμὸς
888 3349 1193 3420 προπάτωρ
1221 3348 1417 3402 Δαϐίδ·
1457 3366 1478 3399 ι
1527 3347 1614 3402 Ἐν
1639 3347 1790 3418 τόπῳ
1815 3363 1949 3417 σκη-

361 3449 462 3518 νῆς
489 3447 833 3516 θαυμαστῆς,
881 3443 987 3508 ἓως
1011 3441 1108 3496 τοῦ
1141 3443 1294 3494 οἴκου
1334 3439 1428 3494 τοῦ
1461 3439 1622 3496 Θεοῦ.
1672 3440 1762 3494 Ἐν
1790 3441 1944 3510 φωνῇ

360 3535 742 3606 ἀγαλλιάσεως
801 3535 898 3589 καὶ
959 3531 1405 3604 ὲξομολογήσεως
1457 3531 1593 3602 ῆχου
1657 3529 1946 3602 ἑορταζόν-

359 3647 496 3686 των.
534 3653 554 3682 ο

433 3803 676 3859 Τοιαῦτα
721 3804 822 3874 μὲν
852 3803 887 3874 ἡ
916 3801 1200 3866 Θεοτόκος,
1228 3794 1300 3874 ἦς
1333 3799 1443 3854 ἀπὸ
1466 3797 1722 3870 γλώσσης
1755 3799 1784 3851 6
1813 3795 1946 3865 γλυ-

360 3895 575 3967 κασμδς
603 3895 903 3960 ἀποστάζει
927 3893 1020 3948 τοῦ
1063 3891 1396 3962 πνεύματος,
1433 3910 1453 3942 ‹
1491 3889 1586 3943 καὶ
1614 3890 1649 3958 ἡ
1675 3888 1835 3960 χάρις
1887 3887 1946 3939 ὲν

358 3989 570 4060 χείλεσι
591 3990 840 4059 κέχυται.
857 4006 876 4038 ι
909 3987 1088 4056 Ἠμᾶς
1113 3985 1171 4039 δὲ
1196 3984 1250 4038 τί
1278 3985 1358 4037 δεῖ
1385 3987 1520 4053 πρὸς
1544 3983 1720 4035 ταῦτα
1745 3981 1942 4044 εἰπεῖν,

358 4081 606 4148 ἀδελφοὶ,
634 4080 668 4150 ἢ
719 4077 1002 4150 θαυμάσαι
1045 4078 1146 4147 τὴν
1175 4074 1586 4147 ἀπειρομεγέθη
1631 4074 1726 4128 καὶ
1756 4073 1825 4126 τὰ
1849 4071 1949 4125 ὅλα

360 4170 656 4238 πανσόφως
686 4169 980 4224 διέπουσαν
1013 4168 1280 4240 Πρόνοιαν
1297 4209 1322 4234 ,γ
1351 4185 1370 4218 ι
1401 4162 1473 4218 ’Ὦ
1501 4166 1662 4238 βάθος
1691 4163 1945 4224 πλούτου,

355 4265 642 4334 λέγοντας,
679 4262 776 4317 καὶ
807 4262 1034 4330 σοφίας
1053 4261 1150 4314 καὶ
1175 4259 1432 4329 γνώσεως
1461 4257 1596 4312 Θεοῦ
1621 4259 1632 4311 !
1670 4257 1756 4318 Ὠς
1783 4253 1946 4320 ἀνεξ-

355 4354 632 4428 ερεύνητα
676 4353 746 4408 τὰ
803 4353 1048 4425 κρίματα
1081 4351 1270 4421 αςιτοῦ,
1302 4353 1398 4405 καὶ
1444 4349 1844 4420 ἀνεξιχνίαστοι
1891 4348 1945 4400 αἱ

2060 521 2446 577 tumulationis
2479 539 2614 577 mete
2645 525 2894 594 symbola
2925 541 3350 599 commonstrat,

2128 609 2290 676 Quod
2330 627 2464 690 sane
2493 613 2550 666 in
2579 629 2646 669 eo
2671 631 2902 683 corpore
2932 617 3322 688 decubuerim,
3355 628 3636 688 verissimi

2058 707 2229 756 testes
2259 711 2390 757 sunt
2427 706 2695 761 cavitates
2732 707 2860 772 illm,
2896 725 3020 777 quae
3059 711 3294 771 decoras
3347 733 3636 776 sacrorum

2057 793 2432 850 membrorum
2467 797 2901 855 deformationes
2935 802 2988 855 in
3025 814 3178 871 petra
3210 820 3634 876 repraesentant.

2058 881 2395 955 Primusque
2437 895 2658 943 torrens
2691 891 2783 945 ille
2823 891 3064 958 Cedron,
3097 911 3207 965 quo
3239 899 3356 954 haec
3389 905 3637 973 undique

2057 989 2190 1045 gyro
2240 976 2599 1041 clauduntur,
2650 979 2800 1034 clara
2851 996 2950 1036 ceu
2991 984 3141 1039 tuba:
3182 1003 3316 1042 voce
3365 991 3636 1048 miracula

2055 1067 2336 1135 prazdicat.
2375 1068 2515 1135 Quo,
2555 1069 2802 1138 inquam,
2841 1073 3004 1127 vallis
3052 1075 3437 1136 Clauthmonis
3492 1083 3631 1154 (76),

2053 1156 2244 1228 inqua
2291 1160 2460 1215 situm
2495 1170 2582 1217 est
2616 1165 2934 1232 sepulcrum
2983 1165 3252 1235 Josaphat
3281 1155 3632 1242 regis'Juda,

2055 1247 2148 1301 ubi
2197 1247 2358 1302 beata
2406 1249 2557 1304 illius
2587 1252 2796 1319 passio,
2839 1253 2930 1322 qui
2977 1269 3006 1306 a
3063 1258 3320 1324 passione
3371 1261 3638 1318 immunis

2053 1347 2158 1402 est,
2189 1339 2428 1406 sumpsit
2457 1341 2714 1394 exordia.
2746 1342 2864 1396 Illic
2897 1344 3044 1396 enim
3084 1346 3340 1402 Salvator
3369 1350 3634 1422 frequens

2052 1431 2384 1484 versabatur
2415 1446 2550 1486 cum
2586 1433 2879 1502 discipulis
2919 1437 3040 1492 suis
3067 1451 3115 1490 ι.
3156 1439 3271 1495 Illic
3302 1443 3497 1509 positis
3531 1462 3632 1516 ge-

2053 1521 2219 1576 nibus
2254 1521 2472 1577 Patrem
2507 1534 2772 1592 precatus
2804 1527 2897 1595 qui
2934 1537 3020 1583 est
3051 1530 3104 1584 in
3140 1533 3322 1598 cmlis,
3365 1535 3632 1593 ineffabili

2053 1612 2468 1682 dispensatione
2491 1615 2893 1684 deprecabatur
2912 1618 3290 1676 dcsideratmn
3317 1626 3548 1680 calicem
3572 1635 3626 1682 γ.

2054 1703 2171 1758 Illic
2213 1705 2500 1773 proditore
2545 1708 2730 1775 specie
2764 1710 3026 1765 amicitia:
3063 1713 3316 1766 osculum
3369 1716 3631 1786 inﬁgente

2049 1795 2282 1853 deicidis
2319 1798 2552 1852 traditus
2582 1807 2666 1853 est
2699 1809 2745 1854 ³.
2773 1800 2855 1854 Ac
2877 1815 2990 1854 rem
3017 1804 3226 1858 certius
3250 1806 3631 1874 experimento

2049 1887 2330 1950 noverint,
2362 1888 2454 1958 qui
2491 1887 2701 1943 fuerint
2731 1889 2786 1943 in
2811 1903 2876 1944 ea
2907 1891 3152 1961 regiooe.
3190 1891 3294 1960 Qui
3328 1895 3513 1964 itaque
3545 1897 3631 1950 in-

2049 1977 2313 2032 credulus
2351 1987 2455 2044 est,
2503 1978 2684 2042 abeat,
2733 1979 2968 2049 ipsoque
3016 1994 3206 2035 coram
3259 1983 3380 2037 visu
3437 1999 3630 2040 eorum

2048 2081 2174 2136 qua:
2219 2067 2462 2123 dicimus
2514 2067 2624 2122 vim
2657 2076 2968 2137 agnoscat:
3028 2070 3205 2126 fidelis
3249 2080 3432 2128 autem
3464 2073 3632 2128 dictis

2049 2163 2370 2220 contentus,
2427 2172 2492 2210 ex
2526 2157 2594 2212 iis
2635 2173 2759 2226 quae
2806 2159 3110 2228 conspicua
3145 2169 3300 2223 sunt,
3351 2179 3474 2230 qua:
3520 2180 3632 2220 non

2048 2247 2308 2302 videntur
2335 2247 2659 2318 perspiciat,
2702 2263 2902 2317 resque
2928 2251 3122 2319 plenas
3149 2253 3422 2308 miraculo
3449 2255 3632 2309 admi-

2051 2337 2263 2394 rationi
2302 2337 2530 2394 habeat.
2595 2338 2891 2395 Enimvero
2927 2342 3054 2396 talis
3087 2342 3311 2411 quidem
3343 2347 3633 2414 sepultura

2049 2438 2158 2493 est,
2193 2446 2434 2502 eumque
2481 2431 2705 2486 modum
2749 2431 2987 2488 habens.
3019 2433 3090 2486 At
3131 2435 3276 2488 ratio
3333 2437 3630 2503 transitus,

2051 2535 2368 2593 quanquam
2405 2523 2472 2575 ad
2523 2536 2717 2579 omnes
2763 2523 3100 2588 communis,
3137 2523 3304 2580 habet
3343 2525 3629 2582 nihilomi-

2049 2631 2156 2672 nus
2182 2613 2553 2685 praccellentia
2589 2614 2938 2684 singulorum
2964 2616 3247 2686 propriam
3277 2617 3626 2688 dignitatem.

2049 2706 2224 2762 Porro
2258 2714 2486 2777 superat
2519 2705 2744 2776 quidem
2774 2706 3048 2762 transitus
3075 2705 3181 2762 iste
3211 2707 3326 2762 vim
3354 2708 3631 2764 sermonis
3678 2774 3683 2783 1

2049 2800 2408 2871 auditusque,
2439 2801 2523 2856 sic
2554 2809 2738 2855 tamen
2783 2807 2844 2854 ut
2872 2800 3124 2870 exempla
3163 2809 3348 2856 vetera
3381 2801 3633 2857 imitetur
3677 2847 3680 2851 .

2048 2906 2116 2946 ac
2161 2891 2391 2948 referat.
2445 2889 2646 2946 Verum
2679 2890 2808 2961 quis
2856 2891 3015 2946 locus
3057 2891 3634 2960 requietiouis?Sen-
3673 2926 3679 2932 ρ

2036 2994 2189 3038 ‘sune
2228 2983 2406 3053 possit
2435 2982 2852 3052 comprehendi,
2889 2997 2960 3038 an
3007 2994 3192 3038 mente
3220 2985 3381 3056 capi?
3409 2985 3632 3043 Minime

1973 3102 2016 3162 ο
2051 3086 2206 3128 sane.
2238 3071 2343 3137 Qui
2375 3073 2522 3126 enim
2549 3071 2830 3138 videatur,
2863 3080 2960 3126 aut
2991 3087 3021 3126 a
3051 3073 3255 3143 quibus
3287 3075 3476 3130 animo
3503 3091 3632 3132 conv

2048 3161 2318 3231 cipiatur?
2353 3160 2457 3228 Qui
2489 3162 2595 3216 nisi
2635 3162 2727 3227 iis,
2761 3163 2854 3232 qui
2883 3163 3159 3219 immensa
3186 3165 3422 3236 quadam
3453 3165 3631 3237 gratia

2045 3249 2439 3306 affectionibus
2493 3252 2676 3316 vacui,
2729 3254 2797 3306 ad
2831 3267 2960 3306 eum
3009 3253 3194 3309 locum
3231 3265 3628 3326 pervenerunt,

2046 3343 2254 3414 quique
2281 3343 2573 3398 deiformis
2601 3343 2756 3398 illius
2792 3352 2978 3402 status
3009 3345 3228 3404 deliciis
3260 3347 3372 3404 frui
3392 3360 3631 3406 ‘mcrue-

2045 3443 2196 3503 runt,
2226 3435 2410 3490 animo
2441 3433 2692 3504 conspici
2731 3434 3166 3505 haudquaquam
3191 3441 3393 3508 possit.
3424 3439 3632 3508 Quem-

2045 3528 2344 3584 admodum
2385 3528 2464 3582 ait
2493 3541 2632 3582 avus
2678 3541 2836 3583 meus
2869 3525 3084 3581 David:
3123 3545 3143 3579 ι
3185 3528 3244 3583 In
3289 3529 3411 3584 loco
3441 3532 3629 3587 taber-

2037 3617 2218 3674 naculi
2242 3617 2572 3674 admirabilis
2607 3634 2786 3688 usque
2839 3616 2908 3673 ad
2944 3615 3167 3672 domum
3217 3617 3333 3674 Dei.
3385 3619 3444 3674 1n
3495 3637 3630 3677 voce

2045 3711 2434 3768 exsultationis
2462 3718 2517 3765 et
2555 3708 2930 3765 confessionis
2959 3723 3132 3764 sonus
3159 3709 3508 3780 epulantium
3539 3723 3623 3765 ι.»

2121 3801 2213 3858 Sic
2242 3800 2464 3872 quidem
2491 3799 2584 3854 Dei
2627 3799 2908 3862 Genitrix,
2942 3809 2999 3855 et
3034 3801 3196 3870 cujus
3229 3801 3418 3870 lingua
3441 3802 3630 3856 distil-

2046 3895 2124 3949 lat
2173 3892 2412 3948 dulcedo
2462 3892 2743 3962 spiritus:
2789 3899 2845 3946 et
2875 3910 2892 3942 ι
2938 3893 2995 3946 in
3049 3892 3210 3960 cujus
3252 3893 3418 3948 labiis
3449 3895 3629 3964 gratia

2048 3987 2249 4042 diﬂ'usa
2281 3993 2368 4040 cst
2400 3984 2448 4036 δ.
2485 4003 2503 4034 ι
2534 3983 2646 4038 Nos
2679 3991 2886 4048 autem,
2922 3983 3148 4046 fratres.
3183 3987 3312 4053 qttid
3345 3986 3531 4041 dicere
3561 3987 3630 4041 ad
3663 4013 3670 4020 -

2050 4078 2166 4131 haec
2206 4083 2450 4146 oportet,
2485 4074 2594 4128 nisi
2640 4081 2700 4126 ut
2739 4074 3112 4128 admiratione
3142 4090 3474 4129 veneremur
3521 4074 3632 4129 im-

2049 4177 2301 4218 mensum
2322 4175 2573 4230 magnam
2602 4160 2972 4230 universaque
3004 4161 3418 4230 sapientissime
3437 4163 3628 4232 dispo-

2059 4263 2278 4309 nentem
2301 4249 2956 4322 providentiamdicentes
2984 4268 3037 4304 τι
3061 4249 3106 4306 Ο
3133 4251 3366 4306 altitudo
3395 4253 3616 4306 divitia-

2049 4359 2172 4398 rum
2215 4341 2508 4412 sapientiae
2530 4347 2586 4396 et
2608 4342 2857 4396 scicntia:
2895 4341 3628 4412 Deilquaminscrutabilia

355 4449 472 4506 ὁδοὶ
505 4445 710 4502 αὑτοῦί
750 4465 770 4498 ι
834 4447 932 4500 καὶ
961 4447 1061 4500 ὅσα
1083 4445 1212 4516 ἑξῆς
1259 4443 1355 4497 τοῦ
1403 4442 1586 4512 λόγου.
1643 4441 1806 4504 Θείας
1834 4440 1944 4509 γὰρ

2051 4441 2180 4492 sunt
2199 4433 2410 4502 judicia
2432 4431 2574 4502 ejus,
2596 4442 2648 4489 et
2682 4434 3220 4506 impervestigabilcs
3250 4435 3350 4492 via:
3372 4435 3494 4506 ejus
3521 4445 3544 4476 ο
3572 4437 3624 4490 ι»

438 4621 650 4678 xJoan.
689 4638 850 4689 xviii,
905 4623 962 4676 2.
1037 4630 1068 4670 γ
1101 4619 1298 4676 Matth.
1357 4635 1508 4690 xxvi,
1548 4617 1636 4674 59.
1744 4625 1766 4652 ι
1799 4569 2066 4672 ibid.‘49.
2166 4623 2185 4644 ·
2216 4611 2359 4669 Psal.
2419 4609 2614 4678 xu,5,
2672 4609 2727 4664 6.
2803 4612 2832 4652 δ
2865 4611 3016 4670 Psal.
3057 4627 3202 4674 mv.
3251 4611 3306 4667 5.
3381 4613 3403 4642 ⁸
3456 4609 3624 4670 Rom.

395 4709 482 4761 ιι,
525 4693 620 4759 55,
683 4693 776 4748 54.
847 4712 851 4717 ·

1654 4749 1891 4806 VARIE
1924 4748 2220 4806 LECTION
2228 4749 2330 4804 ES.

464 4873 900 4947 ⁸⁸”Δκηρύκτῳ,
933 4869 1122 4938 tacita,
1155 4876 1388 4926 secreta.
1469 4831 1542 4902 ’⁸³
1565 4866 1898 4938 Κλαυθμών,
1929 4867 2111 4924 fletus.

1662 5016 2052 5076 COMBEFISII
2089 5019 2320 5085 ΝΟΤᾹΞ,

435 5124 549 5196 (75)
588 5123 1058 5196 lrrequicta_vo_ce.
1105 5118 1428 5196 Ἀκηρύκτιρ
1458 5117 1631 5186 φωνῇ.
1659 5115 1816 5196 Velut
1845 5115 1946 5196 d-u-

357 5185 451 5256 cta
487 5185 804 5264 metaphora
831 5209 858 5246 a
888 5193 1054 5252 bello,
1101 5185 1631 5264 qttod'_6.xﬂpuaf.rov,
1657 5201 1766 5240 non
1800 5185 1944 5264 indi-

355 5280 538 5329 ctum,
571 5257 934 5333 ac-praeronis
959 5277 1092 5316 voce
1120 5257 1434 5333 ctsolemni
1470 5257 1577 5310 ritu
1601 5272 1666 5310 ex
1701 5257 1942 5333 gentium

353 5343 486 5411 jure
520 5327 902 5411 denuntiarunt)
934 5372 966 5411 ,.
1011 5329 1548 5411 truculentissimum
1603 5342 1744 5411 esse
1783 5327 1943 5406 solet.

357 5396 428 5462 ac
462 5405 834 5474 ituplacabile,
889 5396 1033 5456 velut
1063 5404 1127 5474 ad
1159 5400 1612 5474 internecionem.
1652 5396 1747 5452 Vel
1779 5397 1944 5450 etiam

355 5471 704 5535 fuerit—idem
733 5481 897 5542 atque
945 5473 1024 5530 τὸ,
1059 5471 1365 5542 ἀλαλῄτως,

315 5607 322 5616 ,
433 5546 550 5618 (76)
572 5535 970 5618 Οιιοηὶιιίίιιαηι,
1003 5543 1156 5596 vallis
1177 5535 1943 5618 Cia_ut[t_ntoitis.‘Retinuimus

357 5606 564 5672 nomen
593 5606 733 5668 illud
770 5606 895 5666 cum
935 5615 1230 5682 interprete
1267 5607 1431 5674 LXX,
1468 5610 1522 5662 in
1570 5606 1751 5682 Judic.
1794 5621 1850 5664 ll.
1885 5615 1940 5659 et

356 5688 405 5742 ll
447 5686 577 5753 Reg.
635 5698 686 5753 γ.
738 5681 934 5738 Posset
972 5679 1095 5753 cum
1147 5680 1474 5750 Hieronymo
1527 5679 1664 5753 psal.
1708 5691 1937 5735 Luam,

356 5750 731 5815 reddi—Vallis
772 5753 946 5822 ﬂetus.
994 5750 1111 5807 Non
1169 5767 1360 5806 omnes
1386 5751 1760 5814 consentiunt,
1815 5761 1939 5802 esse

2050 5113 2195 5167 hanc
2232 5111 2450 5178 vallem,
2508 5111 2704 5166 vallem
2749 5107 3044 5178 Josaphat,
3105 5123 3211 5176 qua
3247 5107 3314 5162 de
3370 5121 3431 5178 re
3470 5107 3627 5176 plura

2049 5183 2298 5252 disputat
2352 5175 2575 5252 Bonl‘ret
2601 5179 2784 5234 Judic.
2827 5175 2900 5236 n.—
2933 5179 3006 5233 De
3035 5175 3326 5252 valleitcm
3361 5175 3631 5252 manus:

2049 5248 2204 5322 plura
2227 5251 2446 5322 Adjicit.
2475 5252 2714 5304 'l‘heatro
2736 5259 2894 5305 terrm
2908 5259 3132 5322 sanctae.
3155 5248 3442 5322 Qum-esui.
3466 5251 3630 5322 etiam

2052 5317 2182 5377 iom.
2215 5324 2254 5374 Il
2283 5320 2554 5374 Elucidal.
2585 5331 2740 5374 terra:
2765 5329 2983 5373 sanctm.
3020 5317 3117 5372 Ubi
3147 5318 3312 5370 etiam
3349 5318 3415 5370 de
3449 5319 3634 5384 ευριιί-

2049 5407 2144 5446 cro
2177 5391 2438 5459 Josaphat
2468 5391 2521 5444 in
2553 5406 2614 5442 ea
2657 5389 2795 5459 valle
2820 5431 2832 5448 ,
2871 5387 3017 5459 quod
3059 5395 3255 5440 auctor
3293 5387 3379 5439 hic
3419 5402 3632 5459 memo-

2052 5471 2134 5514 rat
2173 5481 2184 5515 :
2219 5478 2282 5514 ac
2312 5455 2454 5515 bene
2491 5458 2734 5514 ostendit
2767 5455 3086 5512 non'fuisse
3119 5459 3172 5510 in
3208 5471 3272 5510 eo
3299 5455 3632 5511 tumulatutn

2051 5549 2230 5601 regem
2254 5530 2540 5599 Josaphat,
2576 5531 2905 5582 reclamante
2951 5527 3235 5601 Scriptura
3262 5543 3276 5592 ;
3305 5535 3469 5601 atque
3497 5529 3633 5601 adco

2049 5595 2272 5656 aliunde
2304 5595 2498 5654 nomen
2527 5600 2778 5652 sortitam
2806 5613 2923 5652 eam
2962 5595 3178 5662 vallem,
3210 5611 3373 5666 quam
3409 5595 3478 5666 ab
3500 5596 3633 5666 eius

2017 5674 2350 5740 'supttltttra;
2392 5670 2550 5731 forte,
2593 5670 2661 5722 ab
2707 5668 2938 5722 aedilicio
2973 5668 3182 5737 aliquo,
3230 5665 3323 5723 νει
3358 5681 3388 5720 a
3413 5665 3631 5738 judicio

2015 5756 2026 5766 '
2047 5741 2191 5812 quod
2235 5743 2348 5796 illic
2378 5743 2428 5795 in
2460 5740 2780 5794 idololatras
2811 5740 3079 5804 Cttrrcuit,
3113 5747 3222 5794 etc.

3241 5977 3270 5998 κ
