4016 6130
478 348 616 413 1059

1665 353 1727 413 S.
1767 351 2098 414 ANDREIE
2124 354 2553 417 CRETENSIS

3611 358 3741 424 1060

474 477 530 525 et
564 480 686 538 qua
720 439 1010 533 seriplura
1041 461 1306 531 deinceps
1352 462 1539 517 habet.
1574 461 1748 518 Plane
1777 465 1925 519 enim
1964 463 2043 518 di-

2152 465 2324 530 ὅντως
2358 466 2498 537 ἔργα
2526 464 2698 520 ταῦτα
2725 467 2931 539 χειρὸς,
2960 466 3055 521 καὶ
3082 468 3432 543 ἀνθρωπίνης
3457 473 3742 543 κρείττονα

474 563 619 616 vina:
662 564 791 613 sunt
835 570 1034 609 manus
1072 566 1238 623 opera
1286 553 1426 620 haec,
1455 562 1513 608 et
1543 570 1667 624 quae
1700 556 1928 611 humani
1965 558 2050 611 in-

475 654 732 708 tellectus
789 656 1009 717 captum
1065 644 1394 716 superent“.
1424 642 1493 702 Ut
1549 648 1638 702 vel
1714 655 1930 703 tantum
1982 649 2052 705 iis

474 752 716 799 mentem
755 740 1016 809 deligere,
1063 740 1224 794 valde
1255 741 1427 793 etiam
1468 739 1696 795 sublimi
1733 754 1801 796 ac
1850 741 2054 812 depur-

471 842 601 903 gata
632 831 767 885 viris
807 830 995 884 animo
1053 829 1269 899 inliciat
1315 837 1521 885 metum
1541 845 1589 904 ος
1624 841 1837 900 quanto
1865 831 2052 903 potius

470 931 694 979 terreno
728 923 861 976 mihi
892 936 957 977 ac
990 921 1147 977 humi
1175 922 1413 991 repenti,
1445 924 1652 993 quique
1685 925 1827 979 nihil
1856 933 2052 995 praeter

470 1014 648 1070 lutum
708 1015 1132 1085 materiamque,
1198 1025 1262 1067 ac
1316 1030 1406 1069 res
1463 1013 1644 1071 ﬂuxas
1684 1023 1738 1070 et
1788 1017 2049 1085 caducas,

471 1107 716 1176 cogitare
743 1104 1035 1171 sufficiam,
1060 1119 1240 1174 eoque
1260 1113 1452 1159 nutem
1481 1121 1545 1160 ac
1573 1106 1774 1163 dubius
1797 1116 2049 1175 aestuent,

472 1212 544 1250 ne
577 1197 711 1266 quid
748 1196 904 1252 festae
947 1196 1056 1251 diei
1104 1197 1387 1267 maiestas,
1438 1197 1684 1253 sordenti
1722 1215 1856 1254 mea-
1883 1211 2052 1256 teme-

471 1289 657 1344 ritatis
693 1286 1201 1357 imbecillitatisque
1242 1286 1599 1342 imminutum
1666 1302 1924 1345 sermone
1953 1305 2053 1360 per

469 1379 733 1448 inim'iam
764 1379 1035 1433 vilescat?
1394 1427 1404 1435 .

542 1469 812 1524 Caeterum
843 1485 957 1524 non
989 1469 1254 1537 defuerit,
1285 1471 1379 1542 qui
1423 1471 1642 1528 sciendi
1676 1473 1912 1543 cupidus
1933 1489 2052 1532 me-

468 1561 581 1617 rito
611 1562 825 1617 dubitet
864 1571 1182 1633 qnazratque
1216 1578 1446 1617 eurnam
1500 1580 1686 1630 nemo,
1721 1567 1868 1635 quod
1904 1568 2053 1623 scia-

468 1666 615 1719 mus,
662 1654 1044 1724 theologorum
1095 1655 1505 1726 doctorumque
1561 1672 1875 1725 sacrorum,
1928 1677 2051 1731 quae

468 1744 536 1798 ad
578 1742 672 1799 Dei
710 1743 1010 1799 Genitricis
1048 1746 1439 1801 intemeratum
1473 1749 2050 1806 venerabilissimum-

346 1864 367 1878 κ
467 1846 575 1902 que
598 1836 889 1888 transitum
920 1842 1198 1904 spectant,
1229 1837 1645 1906 conscripserit,
1678 1850 1772 1893 aut
1800 1841 2045 1911 aliquam

468 1926 632 1979 nobis
669 1924 738 1979 de
768 1939 832 1980 ea
886 1941 946 1981 re
997 1926 1330 1994 scripturam
1389 1927 1724 1999 reliquerit:
1781 1945 1848 1985 eo
1882 1929 2046 1986 modo

466 2032 578 2088 quo
607 2019 643 2072 ii
684 2018 868 2073 divina
918 2017 1344 2089 Evangeliorum
1400 2029 1836 2090 composuerunt
1886 2023 2047 2076 voln-

465 2110 637 2173 mina,
680 2109 1131 2179 theologicasque
1172 2110 1550 2178 expositiones
1584 2110 1955 2167 tradiderunt.
1986 2112 2045 2168 id

463 2216 594 2257 vero
629 2215 810 2256 causa:
846 2201 1270 2271 respondemus.
1304 2200 1452 2270 quod
1484 2201 1650 2271 longo
1683 2211 1870 2272 postea
1906 2212 2046 2257 tem-

463 2307 596 2363 pore
624 2290 735 2347 Deo
774 2290 967 2347 aiﬂatar
1008 2291 1124 2361 (77)
1172 2290 1430 2345 dormitio
1478 2292 1571 2345 illa
1619 2291 1906 2349 acciderit.
1940 2292 2043 2349 Fe-

461 2393 592 2440 runt
641 2386 791 2440 enim
845 2385 937 2439 ubi
989 2385 1055 2439 ad
1109 2393 1413 2439 extremam
1447 2383 2045 2442 devenissetsenectn-

459 2484 593 2544 tem,
636 2477 907 2547 migrasse
940 2476 1008 2530 ab
1061 2475 1338 2529 humanis.
1370 2473 1470 2530 Vel
1511 2476 1641 2546 quia
1692 2476 1929 2532 necdum
1978 2493 2043 2532 ea

462 2574 707 2637 tempora
740 2566 934 2621 harum
967 2581 1148 2621 rerum
1174 2563 1604 2634 explicationem
1636 2567 2038 2635 permitterent.

458 2656 597 2712 Nam
630 2674 809 2727 neque
844 2672 1152 2727 congruum
1192 2665 1333 2721 erat,
1374 2666 1433 2710 ut
1462 2671 1588 2710 cum
1625 2658 1861 2727 primum
1902 2675 2039 2713 con-

460 2749 629 2805 scribi
657 2749 825 2819 cnepit
854 2747 1237 2816 Evangelium,
1294 2762 1420 2802 mox
1470 2749 1779 2804 seminatus
1809 2764 2040 2805 oecono-

457 2840 584 2894 miae
622 2853 687 2894 ac
718 2838 1126 2892 incarnationis
1157 2851 1346 2893 sermo
1383 2837 1501 2892 haec
1533 2838 1637 2892 sibi
1670 2838 2038 2909 disquirenda

458 2946 526 2987 ac
577 2931 903 3000 exponenda
963 2938 1299 2993 assumeret,
1355 2943 1480 3000 quae
1526 2932 1720 3000 utique
1773 2932 2037 3001 peculiari

458 3024 571 3080 alio
596 3039 761 3096 quam
808 3039 910 3094 pro
953 3022 1219 3093 temporis
1250 3021 1490 3087 ratione,
1525 3029 1580 3076 et
1620 3022 1739 3077 otio
1779 3033 1833 3077 et
1870 3037 2038 3093 opera

2152 556 2531 626 καταλήψεως.
2563 551 2658 620 Οἷς
2684 556 2783 610 καὶ
2819 557 2882 610 τὸ
2916 559 3080 628 μόνον
3136 563 3421 632 ἐπερεῖσαι
3464 564 3563 617 τὸν
3595 568 3736 635 νοῦν,

2150 648 2271 711 δέος
2295 650 2519 720 ἐμποιεῖ
2542 647 2637 702 καὶ
2657 649 2736 720 τῷ
2783 648 2906 703 λίαν
2930 648 3139 720 ὑψηλὸν
3173 653 3267 705 καὶ
3322 655 3739 728 κεκαθαρμένον

2151 735 2332 807 ἔχοντι
2366 736 2459 792 τὸν
2478 737 2627 804 νοῦν,
2649 732 2686 809 ἦ
2732 738 2837 792 πού
2861 754 2927 808 γε
2956 739 3127 794 πλέον
3171 742 3298 812 ἐμοὶ
3321 742 3403 814 τῷ
3443 746 3619 816 γηΐνῳ
3647 751 3735 804 καὶ

2150 830 2452 900 χαμερπεῖ,
2503 828 2600 885 καὶ
2632 830 2801 901 μηδὲν
2853 832 2938 885 ὅτι
2985 830 3128 904 πλὴν
3173 833 3270 887 τοῦ
3301 834 3477 906 πηλοῦ
3517 837 3737 910 καὶτῆς

2152 918 2306 990 ὕλης,
2323 919 2541 974 καὶτῶν
2556 922 2657 975 ὅσα
2679 922 2765 990 ῥεῖ
2785 922 2879 975 καὶ
2896 923 3236 994 παρέρχεται
3251 926 3394 978 νοεῖν
3416 924 3735 998 ὲξισχύοντι,

2151 1011 2246 1064 καὶ
2273 1010 2362 1065 διὰ
2390 1012 2550 1066 τοῦτο
2587 1014 3005 1085 κραδαινομένῳ
3043 1017 3139 1068 καὶ
3197 1016 3525 1086 ίλιγγιῶντι,
3582 1019 3655 1089 μή
3686 1035 3737 1072 τι

2151 1101 2546 1174 καθυϐρισθείη
2574 1102 2680 1172 τῆς
2712 1103 2928 1173 ἡμέρας
2965 1104 3030 1156 τὸ
3083 1105 3315 1175 μέγεθος
3335 1145 3352 1171 ,
3378 1107 3461 1176 τῷ
3496 1107 3735 1178 ῥυπῶντι

2150 1191 2250 1261 τῆς
2278 1192 2420 1264 ἐμῆς
2469 1192 2769 1257 αὐθαδείας
2819 1193 2914 1247 καὶ
2962 1194 3252 1259 ἀσθενείας
3302 1198 3736 1271 σμικρυνόμενον

2149 1284 2313 1356 λόγῳ.

2223 1465 2541 1537 Διαπορήσῃ
2563 1465 2606 1518 δ’
2629 1467 2695 1520 ἄν
2723 1483 2809 1529 τις
2839 1465 3068 1529 εἰκότως
3106 1464 3218 1521 τῶν
3248 1465 3372 1521 λίαν
3391 1467 3714 1539 φιλομαθῶν

2152 1556 2275 1610 δτου
2300 1556 2365 1626 δὴ
2388 1557 2551 1628 χάριν
2574 1557 2640 1609 τὰ
2658 1557 2798 1610 κατὰ
2825 1556 2925 1627 τὴν
2940 1556 3209 1627 ἄχραντον
3234 1559 3330 1612 καὶ
3358 1559 3737 1629 ὐπερκόσμιον

2151 1652 2252 1719 τῆς
2272 1649 2539 1702 Θεοτόκου
2586 1650 2924 1718 μετάστασιν
2967 1650 3069 1702 οὑκ
3123 1650 3287 1720 ἴσμεν
3326 1650 3442 1704 τῶν
3471 1650 3738 1720 θεολόγων

2152 1742 2274 1795 τινὰ
2297 1742 2742 1811 συγγεγραφότα,
2801 1741 2834 1808 ἢ
2866 1742 3118 1795 ὁπωσοῦν
3151 1744 3288 1813 ἡμῖν
3329 1744 3740 1814 καταὶείψαντα

2151 1832 2459 1902 σύνταγμα,
2491 1832 2681 1903 ὥσπερ
2713 1829 2807 1887 οὖν
2854 1833 3009 1886 αὐτοὶ
3056 1834 3155 1903 τὴν
3182 1833 3335 1887 θείαν
3361 1835 3472 1889 τῶν
3495 1836 3741 1906 Etiam-

2148 1922 2278 1978 λίων
2304 1925 2553 1995 πτυκτὴν
2584 1924 2903 1992 συνέταξαν,
2935 1925 3032 1980 καὶ
3065 1926 3165 1989 τὰς
3184 1926 3504 1996 θεολογικὰς
3538 1931 3741 2000 ἐκφαν-

2146 2014 2339 2085 τορίας
2375 2015 2704 2086 παρέδοσαν.
2738 2016 2848 2069 Καὶ
2893 2014 3162 2086 λέγομεν·
3191 2016 3268 2081 ὡς
3288 2017 3377 2072 διὰ
3411 2019 3473 2073 τὸ
3505 2025 3741 2090 μακροῖς

2148 2100 2375 2178 ὕστερον
2392 2107 2606 2179 χρόνοις
2622 2108 2725 2178 τῆς
2746 2106 3046 2180 θεολήπτου
3065 2109 3112 2142 ⁵⁸
3132 2109 3406 2180 συμϐῆναι
3425 2112 3525 2181 τὴν
3542 2113 3630 2165 κοί
3638 2131 3741 2182 μη-
3773 2129 3779 2135 ·

2149 2216 2253 2255 σιν.
2289 2201 2462 2268 Λόγος
2494 2199 2603 2272 γὰρ
2646 2200 2821 2270 αὐτὴν
2856 2200 2992 2272 πρὸς
3026 2201 3257 2271 ἔσχατον
3314 2205 3740 2275 καταντήσασαν

2146 2292 2347 2363 γῆρας,
2367 2292 2700 2362 μεταστῆναι
2729 2290 2838 2345 τῶν
2869 2293 3018 2364 τῇδε.
3040 2294 3111 2347 Ἦ
3140 2293 3222 2356 τὸ,
3249 2293 3324 2364 μὴ
3353 2296 3483 2359 τοὺς
3510 2296 3740 2367 καιροὺς

2143 2384 2244 2457 τὴν
2272 2385 2477 2440 τούτων
2493 2385 2629 2448 τέως
2661 2386 2981 2454 ἐπιτρέπειν
3010 2385 3284 2456 διάληψιν⁹
3306 2386 3389 2441 ὅτι
3414 2388 3554 2457 μηδὲ
3579 2403 3743 2459 προσ⁸

2143 2478 2281 2549 ῆκον
2339 2474 2431 2550 ἦν,
2500 2479 2625 2532 κατ’
2654 2478 2828 2551 αὑτήν
2857 2494 2922 2547 γε
2965 2478 3061 2532 τοῦ
3086 2479 3424 2549 Εὑαγγελίου
3474 2480 3578 2552 τὴν
3609 2498 3742 2550 συγο

2143 2570 2381 2642 γραφὴν,
2420 2570 2515 2624 τὸν
2542 2570 2644 2641 τῆς
2673 2571 2988 2642 οἰκονομίας
3025 2571 3303 2639 σπαρέντα
3343 2572 3507 2643 λόγον
3541 2574 3739 2629 αὐτίκα

2142 2663 2271 2735 περὶ
2318 2663 2524 2717 τούτων
2569 2661 2882 2716 διαλαϐεῖν·
2915 2662 3105 2732 ἄλλης,
3150 2662 3229 2727 ὡς
3266 2665 3437 2731 είκδς,
3468 2665 3739 2736 δεομένων

2143 2757 2371 2827 είδικῆς,
2409 2756 2443 2825 ἦ
2471 2755 2594 2809 κατ’
2630 2756 2843 2809 ἐκεῖνον
2882 2756 2975 2809 τὸν
3016 2755 3230 2826 καιρὸν,
3280 2757 3484 2827 σχολῆς
3530 2775 3590 2812 τε
3638 2759 3736 2812 καὶ

2098 2884 2115 2895 .
2142 2845 2547 2917 πραγματείας.
2589 2845 2732 2898 Ἀλλ’
2766 2846 2815 2898 εί
2840 2845 2941 2917 μὲν
2966 2844 3056 2899 διὰ
3085 2845 3281 2911 ταῦτα,
3311 2846 3413 2900 οὐκ
3438 2845 3600 2916 ἴσμεν
3621 2848 3652 2900 ὅ
3682 2863 3737 2901 τι

2141 2937 2236 2990 καὶ
2268 2936 2481 3006 φῶμεν.
2530 2936 2593 2988 El
2626 2934 2681 2988 δὲ
2702 2936 2793 2989 διὰ
2816 2935 2877 2988 τὸ
2909 2936 3070 3007 μέχρι
3105 2937 3265 3006 μόνον
3299 2936 3404 3007 τῆς
3423 2937 3564 3008 πρὸς
3587 2939 3737 3009 ἡμᾶς

2140 3026 2200 3079 ἐν
2228 3026 2394 3097 σαρκὶ
2416 3025 2513 3079 τοῦ
2539 3025 2717 3095 Λόγου
2749 3026 3036 3097 διατριϐῆς
3064 3028 3395 3098 παρατεῖναι
3424 3029 3554 3091 τοὺς
3575 3045 3737 3082 πνευ-

456 3116 795 3189 indigerent.
827 3113 1033 3170 Verum
1068 3115 1115 3170 si
1155 3113 1378 3183 quidem
1407 3115 1477 3167 ob
1506 3128 1602 3168 eas
1634 3113 1903 3179 rationes,
1934 3130 2036 3169 nec

2143 3116 2489 3187 ματοφόρους
2541 3114 2744 3187 ἄνδρας
2789 3115 2891 3185 τῆς
2939 3116 3257 3186 οἰκονομίας
3279 3116 3374 3170 τὸν
3415 3116 3600 3186 λόγον,
3642 3118 3735 3172 καὶ

456 3211 666 3266 scimus
707 3207 837 3279 quid
899 3208 1212 3277 loquamur.
1264 3204 1362 3260 Sin
1418 3213 1598 3262 autem
1664 3207 1795 3277 quia
1841 3207 2034 3262 divino

2141 3206 2284 3277 πέρα
2310 3205 2477 3275 μηδὲν
2520 3204 2622 3274 τῆς
2655 3203 2765 3257 ἀπὸ
2793 3204 2897 3274 γῆς
2927 3205 3117 3258 ἀνόδου
3153 3204 3571 3276 καθυποφῆναι,
3604 3206 3729 3259 τού-

457 3300 671 3373 Spiritu
732 3298 898 3354 amati
949 3299 1080 3368 viri,
1129 3299 1199 3354 ad
1271 3313 1448 3368 usque
1500 3306 1712 3353 tantum
1767 3297 1927 3353 Verbi
1978 3299 2034 3353 in

2141 3312 2246 3358 τοις
2272 3294 2372 3366 τὴν
2393 3295 2604 3363 σιωπὴν
2632 3293 2878 3363 ἐποίησε,
2918 3293 3076 3362 κάγὼ
3117 3294 3401 3363 πείθομαι.
3440 3297 3588 3368 Πλὴν
3614 3288 3729 3351 ἀλλ’

448 3408 624 3449 carne
652 3393 940 3447 nobiscum
984 3394 1480 3447 commorationem
1530 3406 1849 3449 sermonem
1884 3408 2034 3449 uaco-

2141 3387 2223 3441 ἵνα
2250 3387 2325 3457 μὴ
2342 3386 2413 3440 τὰ
2444 3384 2625 3438 πολλὰ
2645 3385 2917 3453 λεγόντων
2941 3385 3120 3455 ἡμῶν,
3153 3383 3393 3455 οἰηθείέν
3422 3404 3573 3449 τινες
3597 3405 3727 3442 πανο

447 3483 660 3539 mnniae
715 3491 769 3538 et
825 3494 1169 3553 spectantem
1213 3484 1280 3538 ad
1308 3495 1721 3539 sacramentum
1763 3488 2035 3556 assumpti

2141 3479 2280 3532 τελεῖ
2326 3477 2727 3550 παραδεδόσθαι
2752 3479 2878 3548 σιγῇ
2907 3477 3093 3546 τὸτῆς
3147 3477 3364 3549 ἡμέρας
3402 3480 3725 3548 μυστήριον,

444 3575 698 3630 hominis
753 3574 1158 3645 produxerunt,
1218 3590 1321 3630 nec
1381 3576 1531 3630 aliud
1578 3576 1813 3631 ulterius
1870 3592 2035 3646 quam

2141 3572 2299 3626 καλὸν
2337 3568 2493 3641 οἶμαι
2526 3568 2848 3641 προσθεῖναι
2892 3567 2974 3639 τῷ
3022 3568 3169 3639 λόγῳ
3195 3568 3259 3621 τὸ
3315 3569 3460 3622 κατὰ
3498 3570 3725 3640 δύναμιν

454 3665 839 3721 ascensionem
874 3679 904 3717 a
939 3674 1084 3718 terra
1134 3663 1465 3727 docuerunt,
1505 3678 1572 3718 co
1611 3664 1722 3718 illis
1754 3664 2035 3718 silentium

2141 3663 2458 3734 εὑρημένον,
2490 3662 2629 3731 πρὸς
2656 3661 2757 3732 τὴν
2790 3660 2886 3713 τοῦ
2945 3660 3315 3730 προκειμένου
3346 3661 3556 3714 σκοποῦ
3598 3662 3722 3715 ad).-

453 3757 724 3813 indictum
762 3758 870 3820 sit;
906 3755 1070 3810 etiam
1116 3756 1235 3824 ipse
1286 3770 1492 3808 morem
1526 3770 1680 3824 gero.
1720 3755 2035 3821 Enimvero,

2141 3752 2297 3824 ληψιν
2314 3754 2410 3807 καὶ
2437 3751 2753 3821 βεϐαίωσιν.
2775 3753 2850 3804 Οὐ
2871 3752 2979 3822 γὰρ
3005 3754 3085 3817 είς
3110 3752 3263 3815 τέλος
3296 3752 3576 3823 μεμένηκε
3595 3754 3725 3824 πρὸς

442 3856 514 3902 λιιι
548 3863 615 3902 ne
646 3849 764 3918 qui,
803 3848 932 3901 dum
994 3845 1220 3899 interim
1268 3839 1439 3899 multa
1472 3846 1780 3916 loquimur,
1842 3848 2036 3902 existi-

2141 3846 2243 3907 τοῖς
2279 3844 2448 3912 ἱεροῖς
2493 3839 2701 3909 λογίοις
2751 3839 3063 3906 ἀνέκδοτον,
3109 3842 3158 3894 εί
3210 3839 3304 3895 καὶ
3353 3840 3725 3912 ἁμυδρότερόν

452 3939 725 3994 maverint
757 3939 985 3991 omnino
1014 3938 1281 3991 traditum
1312 3935 1538 3991 silentio
1581 3937 1690 3992 diei
1721 3954 2037 3993 sacramen-

2141 3953 2250 3997 πως
2278 3934 2641 4006 τεθεώρηται.

450 4038 592 4097 tum,
626 4046 809 4100 opera:
840 4031 1073 4099 pretium
1099 4029 1369 4098 judicavi,
1418 4038 1476 4083 ut
1518 4029 1585 4082 ad
1619 4032 1919 4100 propositae
1951 4031 2026 4084 rei
2067 4027 2486 4098 intelligentiam
2533 4033 2588 4079 et
2632 4025 3136 4087 confirmationem,
3178 4023 3326 4093 quod
3397 4022 3565 4079 licuit
3636 4023 3719 4079 in.-

444 4122 637 4177 venire
665 4121 927 4192 deinceps
984 4121 1190 4178 dicam.
1257 4121 1590 4192 Quanquam
1654 4124 1800 4178 enim
1861 4137 1947 4177 res
2003 4121 2296 4179 obscurius
2356 4116 2575 4189 cognita
2634 4119 2729 4184 sit,
2786 4115 3217 4188 haudquaquam
3278 4123 3466 4172 tamen
3526 4117 3725 4174 mansit

449 4216 583 4269 nihil
613 4215 841 4268 omnino
878 4214 1081 4268 tradita
1111 4214 1291 4269 sacris
1320 4213 1588 4284 Eloqniis.

519 4303 732 4359 Dictum
782 4304 969 4374 itaque
1019 4312 1106 4358 est
1136 4318 1166 4356 a
1207 4303 1449 4373 quodam
1504 4305 1763 4375 theologo
1820 4311 1877 4360 et
1924 4303 2026 4360 do-

2205 4302 2437 4374 Εἴρηται
2460 4300 2592 4370 γοῦν
2630 4300 2769 4372 πρός
2823 4315 2933 4352 τινι
2958 4297 3070 4351 τῶν
3107 4295 3382 4365 θεολόγων
3413 4295 3719 4368 ἱερολόγων,

444 4409 624 4460 ctore,
670 4411 849 4465 eoque
878 4395 1161 4465 sapienter
1195 4411 1261 4450 ac
1313 4397 1452 4452 scite
1499 4397 1554 4450 in
1586 4397 1904 4452 divinarum
1941 4412 2030 4453 re-

447 4506 568 4545 rum
608 4489 899 4543 scientiam
957 4489 1204 4555 exculto,
1238 4490 1328 4543 cui
1376 4491 1541 4544 etiam
1587 4489 1917 4544 occultioris
1945 4503 2032 4543 sa-

437 4580 821 4649 cratiorisque
852 4580 1335 4650 supercmlestium
1383 4580 1646 4636 mentium
1679 4579 2032 4637 formationis

436 4672 734 4743 angelicas
784 4670 1212 4725 informationes
1247 4673 1518 4725 revelatas
1570 4671 1764 4726 aiunt:
1802 4671 2033 4740 insuper

433 4763 612 4817 etiam
645 4761 891 4817 cmlestis
924 4759 1214 4821 doctrinae,
1244 4773 1408 4828 quam
1446 4760 1798 4816 admirabilis
1828 4759 2032 4819 Paulus

432 4850 736 4918 excellenti
780 4851 1022 4922 puritate
1075 4849 1264 4905 doceri
1320 4850 1546 4907 ccelitus
1599 4851 1825 4919 meruit,
1857 4865 2033 4924 expo-

504 5027 544 5072 δ
575 5029 738 5085 Prov.
777 5043 899 5093 vm,
929 5026 984 5084 9-.
1010 5024 1310 5084 sec.LXX.
1378 5039 1402 5068 ι
1432 5026 1498 5081 IV
1532 5026 1666 5100 Reg.
1726 5044 1848 5094 vni.
1884 5027 1973 5083 Η.

2136 4396 2316 4465 σοφῶς
2355 4411 2417 4448 τε
2446 4396 2543 4449 καὶ
2593 4395 3042 4464 ὲπιστημονικίῖις
3072 4389 3438 4462 ὲξησκημένῳ
3470 4389 3542 4444 τὰ
3583 4389 3719 4451 θεῖα,

2136 4483 2213 4547 ὣς
2264 4500 2398 4554 φησι
2434 4483 2502 4549 ⁵⁷,
2555 4484 2649 4537 καὶ
2695 4481 3120 4555 τῆς-μυστικῆς
3171 4480 3566 4551 ίεροπλαστίας
3618 4480 3721 4534 τῶν

2140 4576 2344 4646 ὑπερου
2355 4573 2552 4645 ρανίων
2578 4575 2715 4628 νόων
2752 4575 2851 4636 τὰς
2877 4573 3312 4646 ἀγγελοπρεπεῖς
3344 4571 3721 4651 ὑποτυπώσεις

2063 4630 2109 4688 Ι)
2135 4630 2570 4736 ὲκκέκαλύφθαι.
2607 4666 2756 4736 Πρὸς
2782 4630 2861 4729 δὲ’,
2888 4630 2986 4719 κεί
3022 4630 3501 4748 τκιὰωρνρήτους
3528 4630 3723 4731 exedr-

2135 4776 2269 4823 σιις,
2295 4757 2396 4824 τὰς
2426 4759 2626 4830 Παύλῳ
2651 4758 2730 4829 τῷ
2759 4759 3037 4829 θεσπεσίῳ
3060 4756 3128 4811 δι’
3146 4755 3458 4828 ὑπερϐολὴν
3491 4754 3724 4827 καθιιρό⁴

2134 4868 2294 4926 τητος
2317 4850 2684 4924 ὲκφανθείσας
2714 4848 3146 4924 ὑπηγορεὼθαι,
3171 4840 3248 4904 ὧν
3276 4848 3381 4923 τὴν
3403 4847 3723 4926 ὑπέρςωτον

748 5259 757 5267 _
1743 5200 1981 5257 VARUE
2006 5200 2419 5260 LECTIONES.

503 5326 557 5359 "
584 5323 897 5396 Θεολήπτου
929 5319 1152 5392 proprie
1182 5327 1267 5376 est
1295 5334 1325 5374 a
1358 5317 1470 5376 Deo
1494 5325 1814 5392 assumpta.
1879 5318 1925 5351 "
1949 5318 2110 5390 Φησὶ,
2138 5321 2234 5387 ait,
2278 5320 2384 5377 hoc
2401 5328 2507 5389 est,
2541 5322 2717 5387 aiunt,
2752 5319 2979 5389 dicitur,
3020 5321 3231 5393 vulgo;
3267 5322 3357 5379 vel
3398 5320 3598 5379 melius
3649 5321 3722 5378 le-

443 5411 512 5468 ge
543 5394 700 5466 φασί.

1771 5502 2159 5561 COMBEFISII
2198 5502 2433 5561 NOTAE.

517 5599 626 5669 (Τί)
665 5598 769 5670 Deo
797 5598 1013 5670 «matre.
1052 5594 1508 5670 Τῆς-θεολήπτου.
1534 5592 1652 5670 Ῡοι
1692 5593 2026 5670 Dionysiana

441 5668 503 5722 in
529 5665 816 5748 apostolos
830 5665 895 5723 ἐι
916 5665 1129 5748 primps'
1173 5667 1301 5748 illos
1332 5665 1646 5748 discipulos
1668 5672 1725 5748 et
1766 5665 2027 5748 lipdpxac

444 5745 713 5789 nostros:
757 5734 933 5804 quam'
954 5734 1201 5789 Andreas
1246 5734 1361 5789 hic‘
1387 5734 1654 5791 transfert
1689 5735 1746 5789 in
1774 5734 2024 5799 Mariam,

450 5812 504 5860 et
529 5808 675 5857 orat.
709 5802 745 5857 ὅ
788 5807 844 5859 in
871 5805 1083 5860 animas
1114 5813 1458 5873 sanctorum,
1487 5811 1542 5860 et
1561 5803 1874 5873 juvenculas
1905 5804 2029 5862 illas

2124 5594 2482 5651 Canticorum
2510 5603 2703 5658 letVl,
2746 5608 2875 5649 rere
2899 5593 3177 5658 θεοειδεῖς,
3239 5602 3299 5648 ιιι
3338 5592 3483 5650 idem
3519 5599 3716 5650 vocat:

2128 5664 2239 5738 Deo
2257 5667 2396 5738 jam.
2448 5681 2558 5738 quo
2586 5667 2780 5738 _bea_ta‘.
2837 5663 3439 5738 fruuntur,_perquatn
3484 5666 3714 5738 similes.

2129 5734 2145 5788 I
2179 5732 2339 5789 .loitn.
2368 5732 2531 5797 In.'2.
2584 5735 2753 5790 Paulo
2796 5747 2923 5789 ante
2947 5735 3088 5806 digit
3125 5732 3191 5789 de
3233 5732 3353 5806 ipso
3385 5734 3571 5790 Maria
3598 5750 3719 5792 con-

2130 5821 2285 5878 pore,
2321 5821 2498 5876 eoque
2530 5806 2897 5879 reddidimus,
2931 5822 2964 5859 ιι
3002 5805 3108 5861 Deo
3143 5805 3509 5876 assumptum.
