4016 6130
421 281 556 346 1061

1461 297 1543 358 IN
1575 299 2124 364 DORMITIONEM
2163 305 2224 364 S.
2257 307 2545 370 ΜΑΒΙΕ.
2583 311 2632 369 ῐ.

3553 312 3694 382 1θ62

409 395 738 466 θεωνυμίαν,
761 397 854 452 τὸν
897 403 1104 474 κόσμον
1159 404 1306 476 ἔχειν
1337 405 1399 460 οὗ
1429 407 1654 460 δυνατὸν
1677 449 1690 472 ,
1719 411 1794 474 ὡς
1825 413 1972 484 πάση

2111 417 2215 470 sita
2267 431 2636 490 suggestaque
2687 435 2924 489 arcana;
2981 435 3219 492 quorum
3279 421 3402 478 luce
3445 423 3686 480 clariora

405 493 770 566 κρυφιότητος
792 493 886 547 καὶ
919 495 1220 565 ἀφθεγξίας
1238 487 1518 553 ἐπέκεινα.
1537 499 1632 563 Τίς
1657 493 1832 566 οὗτος,
1863 503 2002 557 είπω

406 585 694 656 βούλεσθε;
728 585 762 657 ἢ
788 589 983 658 παρεὶς
1012 587 1112 658 τὴν
1143 590 1540 662 προσηγορίαν,
1568 593 1758 646 ἐκτῶν
1779 598 2004 666 προσόν·

402 694 514 730 των
539 678 728 748 τάνδρὶ
757 678 1068 748 δειγμάτων
1091 681 1349 751 γνωρίσω
1383 681 1574 736 τοῦτον
1625 685 1780 754 ὑμῖν,
1815 687 1893 750 ὡς
1945 687 2004 754 ἐξ

403 769 614 839 ὀνύχων
655 770 748 824 τὸν
801 769 1028 836 λέοντας
1088 767 1244 840 οἶμαι
1279 773 1335 826 δὲ
1363 773 1439 844 μὴ
1473 773 1596 828 λίαν
1645 779 1864 846 ἀγνοεῖν
1911 779 2004 834 τὸν

401 857 592 928 ἄνδρα,
631 859 758 924 τοὺς
789 861 890 914 οὐκ
914 861 1159 932 ἀπείρως
1185 861 1407 932 ἔχοντας
1435 868 1534 936 τῆς
1560 867 1700 937 ἀμφ’
1718 869 1884 922 αὐτὸν
1909 871 1996 922 εύ-

402 950 587 1019 φυῖας.
643 951 858 1020 ἰἠτέον
892 947 986 1005 οὖν
1011 953 1108 1022 τὴν
1135 956 1510 1026 προσηγορίαν
1535 959 1780 1029 τάνδρδς,
1806 960 1861 1012 εί
1880 977 1996 1026 πως

401 1041 500 1094 καὶ
529 1041 596 1094 δι’
626 1041 798 1112 αὐτῆς
821 1044 850 1095 ὁ
888 1041 1046 1112 λόγος
1087 1043 1150 1096 τὸ
1185 1044 1502 1110 ἀξιόπιστον
1533 1047 1670 1118 ἔχοι.

2100 505 2290 560 divina
2319 509 2544 564 nomina
2575 510 2816 566 mundus
2857 513 3050 582 nequit
3081 513 3307 578 habere,
3343 521 3404 568 ut
3431 529 3554 584 qua
3577 531 3690 570 orn-

2101 600 2642 656 nemobscuritatcm
2671 615 2724 657 et
2753 604 2861 656 vim
2887 604 3169 658 sermonis
3197 605 3364 674 plane
3394 608 3686 662 excedant.

2105 687 2284 745 Vultis
2350 691 2534 746 dicam
2595 697 2853 763 quisnam
2913 697 3020 750 iste
3061 697 3152 762 sit,
3193 712 3262 750 an
3313 701 3688 766 printermissa

2101 782 2346 836 nominis
2375 786 2764 852 appellatione,
2795 788 2940 841 hunc
2973 787 3130 842 vobis
3159 789 3338 841 virum
3369 805 3436 844 et:
3469 791 3536 844 iis
3562 805 3688 859 qua!

2103 868 2292 924 insunt
2333 875 2504 938 notis,
2559 883 2820 944 tauquam
2876 893 2944 932 ex
2999 892 3184 946 ungue
3215 879 3455 944 leonem,
3487 882 3683 950 cogni-

2103 969 2219 1014 tum
2253 961 2493 1017 faciam?
2542 965 2715 1020 Porro
2751 968 2995 1022 arbitror
3042 984 3151 1022 non
3199 968 3496 1023 admodum
3525 972 3686 1040 igno-

2102 1058 2218 1106 tum
2275 1055 2482 1120 virum,
2533 1057 2580 1109 si
2611 1059 2706 1126 qui
2757 1060 2879 1128 ejus
2921 1059 3125 1128 ingenii
3179 1061 3570 1117 dexteritatem
3625 1077 3684 1123 et

401 1131 628 1190 divitias
686 1151 797 1190 non
853 1137 1076 1207 penitus
1125 1137 1292 1194 rudes
1339 1139 1620 1210 ignorant.
1675 1141 1982 1198 Dicendum
2023 1143 2214 1213 itaque
2249 1149 2353 1202 viri
2392 1165 2616 1218 nomen,
2685 1153 2730 1206 si
2799 1169 2913 1223 quo
2965 1153 3130 1207 modo
3190 1153 3320 1210 inde
3385 1171 3570 1212 sermo
3613 1155 3676 1210 ii.

399 1231 526 1286 dem
553 1233 776 1291 habeat.

470 1330 746 1394 Διονύσιος
777 1327 934 1396 οὗτός
959 1335 1110 1390 ἐστιν
1143 1338 1172 1390 ὁ
1201 1337 1368 1401 πολὺς
1390 1339 1458 1392 τὰ
1511 1339 1653 1404 θεῖα,
1689 1343 1782 1394 καὶ
1818 1342 1992 1411 μέγας

395 1420 466 1474 τὰ
496 1421 619 1476 κατ’
649 1423 880 1492 οὐρανὸν
911 1426 1258 1496 ἀκούσματα,
1315 1432 1408 1484 καὶ
1433 1433 1536 1485 ὅσα
1583 1431 1686 1502 τῆς
1727 1435 1993 1486 ἀκατονοο

400 1514 610 1580 μάστου
634 1513 948 1584 θεωνυμίας
991 1521 1140 1572 ἐστὶν
1189 1520 1487 1590 ἰνδάλματα
1520 1525 1614 1576 καὶ
1653 1526 1990 1595 εἰκάσματα.

401 1606 502 1666 ὐς
521 1607 580 1658 ἐν
603 1607 670 1675 τῇ
711 1607 850 1673 Περὶ
881 1610 1058 1663 θείων
1085 1612 1394 1680 ὀνομάτων
1447 1617 1718 1688 ίερωτάτῃ
1753 1620 1989 1686 πτυκτῇ,

2169 1340 2262 1394 Vir
2299 1341 2406 1394 iSIe
2452 1342 2752 1411 Dionysius
2787 1351 2870 1395 est
2919 1342 3107 1396 divina
3149 1341 3529 1406 doctissimus,
3557 1355 3676 1396 ma-

2089 1449 2343 1503 gnusque
2397 1433 2710 1487 caelestium
2781 1449 2965 1487 rerum
3021 1433 3326 1496 auditione,
3365 1449 3429 1488 ac
3485 1447 3677 1488 eorum

2088 1531 2365 1592 quotquot
2397 1523 2464 1576 ad
2497 1524 2978 1578 innomiuahilium
3013 1525 3102 1580 Dei
3135 1526 3422 1578 nominum
3457 1526 3676 1593 species

2091 1625 2400 1682 tenuesque
2427 1617 2973 1684 repraisentationes,
3007 1618 3202 1684 quales
3250 1632 3406 1670 mens
3439 1617 3674 1670 humana

391 1697 532 1766 πρὸς
561 1695 640 1767 τῷ
681 1699 852 1770 τρίτῳ
885 1702 1169 1774 κεφαλαίῳ
1197 1703 1276 1774 τῷ
1305 1706 1434 1775 περὶ
1461 1707 1688 1776 ταύτης,
1723 1711 1754 1778 ἠ
1789 1710 1837 1740 ⁵⁸
1889 1709 1981 1777 τῆς

2097 1705 2238 1758 ferre
2295 1713 2500 1774 potest,
2559 1708 2860 1774 pertinent.
2896 1706 2945 1761 Is
2974 1709 3364 1762 sacratissimo
3419 1708 3561 1760 libro
3601 1707 3676 1760 De

393 1787 560 1856 εὐχῆς
583 1787 834 1859 δύναμις,
861 1792 960 1844 καὶ
983 1793 1112 1862 περὶ
1145 1791 1242 1846 τοῦ
1274 1795 1548 1865 μακαρίου
1589 1797 1872 1867 ⁸Ιεροθέου,
1896 1801 1981 1853 καὶ

2091 1798 2288 1850 divinis
2333 1796 2660 1862 nominibus,
2701 1813 2826 1850 cum
2865 1799 2932 1851 ad
2983 1799 3204 1852 tertium
3253 1806 3442 1866 caput,
3481 1799 3574 1852 ubi
3605 1799 3674 1853 de

394 1878 524 1948 περὶ
548 1878 833 1944 εὐλαϐείας
861 1883 955 1934 καὶ
982 1885 1308 1954 συγγραφῆς
1327 1885 1666 1957 θεολογικῆς,
1695 1889 1863 1942 αὐτοῦ
1886 1909 1987 1945 που

388 1967 488 2020 τοῦ
519 1968 678 2036 λόγου
723 1971 1040 2039 γενόμενος,
1093 1974 1186 2026 καὶ
1217 1973 1288 2026 τὰ
1310 1974 1458 2028 ’κατὰ
1491 1976 1584 2028 τὸν
1605 1978 1747 2030 θεῖον
1775 1982 1986 2034 ἐκεῖνον

389 2059 560 2130 ἄνδρα
602 2061 1159 2135 παρεκόατικὼτερον
1217 2065 1456 2131 διεξιὼν,
1502 2068 1630 2122 τάδε
1678 2069 1812 2138 φησι
1850 2073 1988 2140 arpi);

390 2149 656 2220 Τιμόθεον
685 2154 944 2222 γράφων·
976 2173 994 2204 ι
1013 2155 1208 2208 Καίτοι
1237 2155 1332 2210 καὶ
1379 2157 1540 2211 τοῦτο
1563 2161 1696 2228 ἡμῖν
1731 2162 1985 2230 ἐπιτετὴ-

393 2258 554 2314 ρηται
583 2243 706 2297 λίαν
759 2245 1040 2314 ἐμμελῶς,
1071 2247 1216 2302 ὥστε
1241 2252 1358 2312 τοῖς
1401 2250 1552 2320 αὐτῷ
1575 2251 1654 2322 τῷ
1694 2251 1826 2323 θείῳ
1850 2253 1984 2306 καθ-

389 2334 623 2402 ηγεμόνι
668 2336 790 2388 κατ’
827 2336 1060 2406 ἕκφασιν
1111 2339 1260 2409 σαφῆ
1309 2340 1814 2413 διηυκρινημένοις,
1858 2345 1981 2416 μηδ’

389 2425 528 2488 ὅλως
549 2427 995 2498 ἐγκεχειρηκὲναι
1019 2429 1154 2500 πρὸς
1179 2433 1556 2500 ταυτολογίαν,
1582 2437 1663 2496 είς
1685 2435 1785 2506 τὴν
1809 2436 1980 2507 αὐτὴν

387 2513 485 2568 τοῦ
515 2518 908 2586 προστεθέντος
933 2521 1083 2591 αὐτῷ
1113 2521 1300 2590 λογίου
1317 2524 1670 2596 διασάφησιν.
1707 2529 1860 2582 Ἐπεὶ
1885 2529 1980 2582 καὶ

386 2606 522 2676 παρ’
551 2609 736 2674 αὐτοῖς
775 2613 886 2670 τοῖς
925 2610 1244 2682 θεολήπτοις
1270 2615 1428 2685 ἡμῶν
1481 2618 1785 2688 ἱεράρχαις,
1815 2621 1978 2690 ἡνίκα

382 2697 480 2750 καὶ
514 2700 696 2768 ἡμεῖς,
725 2700 800 2764 ὡς
829 2700 1009 2766 οἶσθα,
1034 2707 1128 2758 καὶ
1148 2706 1333 2768 αὐτὸς,
1354 2709 1450 2760 καὶ
1475 2709 1662 2762 πολλοὶ
1689 2711 1794 2764 τῶν
1816 2711 1976 2781 ἱερῶν

381 2789 542 2860 ἡμῶν
571 2792 838 2862 ἀδελφῶν,
869 2795 962 2846 ἐπὶ
987 2797 1086 2866 τὴν
1115 2795 1244 2849 θέαν
1271 2796 1368 2850 τοῦ
1391 2796 1704 2868 ζωαρχικοῦ
1731 2802 1824 2856 καὶ
1853 2802 1974 2854 θεο-

380 2883 536 2954 δόχου
566 2883 818 2954 σώματος
843 2885 1286 2956 συνεληλύθαμεν
1305 2904 1320 2920 ’
1357 2891 1544 2960 παρῆν
1571 2891 1630 2944 δὲ
1648 2893 1742 2945 καὶ
1769 2895 1798 2944 ὁ
1821 2893 1976 2946 ἁδελ-

381 2973 577 3042 φόθεος
604 2975 884 3042 Ἰάκωϐος,
915 2978 1012 3030 καὶ
1037 2977 1294 3049 Πέτροςή
1321 2981 1596 3051 κορυφαία
1610 2983 1705 3034 καὶ
1735 2983 1974 3054 πρεσϐυ-

2093 1889 2300 1940 virtute
2351 1887 2650 1952 orationis,
2679 1886 2859 1955 deque
2929 1886 3090 1940 beato
3143 1886 3466 1950 Hierotheo,
3501 1901 3566 1940 ac
3605 1889 3673 1940 de

2089 1979 2340 2032 modesta
2371 1979 2654 2042 cautione,
2711 1992 2818 2032 nec
2873 1992 2982 2031 non
3019 1978 3088 2032 de
3117 1977 3430 2031 divinarum
3487 1993 3671 2031 rerutn

2089 2071 2512 2140 conscriptione
2556 2071 2806 2131 disserit,
2852 2071 2920 2122 ad
2951 2077 3165 2123 certum
3197 2070 3320 2138 ejus
3356 2071 3536 2124 locum
3575 2083 3672 2122 ve-

2083 2163 2285 2226 nisset,
2358 2169 2552 2231 atque,
2581 2175 2648 2214 ea
2693 2177 2818 2230 quae
2877 2170 3133 2230 spectant
3167 2162 3234 2214 ad
3282 2162 3456 2214 virum
3513 2161 3668 2213 illum

2086 2252 2492 2316 admirabilem,
2529 2253 2794 2306 nonnulla
2827 2253 3170 2319 digressione
3189 2261 3522 2316 enarrasset,
3553 2251 3669 2304 haec

2084 2343 2162 2396 ait
2211 2343 2280 2396 ad
2323 2343 2672 2397 'l‘imotheutn
2715 2344 2994 2397 scribens:
3059 2359 3080 2392 ι
3137 2340 3458 2410 Quanquam
3497 2345 3600 2396 hoc
3635 2356 3666 2394 a

2082 2433 2244 2488 nobis
2291 2433 2590 2502 diligenter
2649 2433 3004 2488 observatum
3042 2443 3148 2498 est,
3195 2439 3254 2486 ut
3283 2447 3408 2501 quae
3439 2431 3664 2486 divinus

2081 2523 2225 2576 idem
2255 2509 2564 2592 praeceptor
2593 2531 2790 2590 aperta
2819 2523 3170 2592 expositione
3202 2523 3568 2585 distinxisset,
3599 2536 3665 2576 ea

2079 2614 2229 2667 nullo
2281 2615 2444 2667 modo
2509 2621 2900 2676 tractaremus,
2965 2613 3162 2668 iisdem
3214 2611 3530 2681 repetendis
3593 2611 3664 2666 ad

2077 2705 2326 2759 eamdem
2387 2707 2693 2770 sententiae,
2750 2721 2873 2776 quae
2933 2704 3005 2759 ab
3043 2719 3110 2758 eo
3155 2705 3442 2772 proposita
3493 2713 3662 2772 esset,

2075 2797 2546 2866 explanationem.
2597 2796 2736 2850 Nam
2793 2797 2962 2852 etiam
3002 2795 3152 2866 apud
3223 2797 3376 2865 ipsos
3431 2796 3661 2848 numine

2075 2885 2290 2942 alllatos
2323 2887 2602 2941 antistites
2637 2896 2879 2950 nostros,
2917 2901 3044 2939 cum
3083 2893 3140 2940 et
3174 2900 3301 2946 nos,
3336 2893 3396 2938 ut
3435 2885 3572 2948 scis,
3605 2895 3662 2940 et

2077 2984 2158 3042 ιιι,
2199 2985 2257 3030 et
2293 2977 2452 3030 multi
2486 2991 2552 3030 ex
2585 2977 2794 3031 sanctis
2848 2974 3119 3030 fratribus
3161 2975 3388 3037 nostris,
3419 2973 3488 3028 ad
3525 2989 3660 3028 cor-

379 3068 520 3137 τάτη
561 3067 670 3120 τῶν
705 3067 974 3136 θεολόγων
997 3069 1268 3140 ἀκρότης⁸
1308 3067 1428 3127 εἶτα
1479 3072 1654 3126 ἐδόκει
1691 3075 1831 3143 μετὰ
1871 3075 1972 3146 τὴν

2086 3084 2182 3138 pus
2217 3069 2366 3138 quod
2401 3069 2528 3124 vita:
2561 3069 2902 3138 principium
2943 3070 3056 3138 (78)
3089 3067 3257 3122 Deum
3289 3068 3656 3137 suscepisset,

379 3157 511 3211 θέαν
557 3159 796 3228 ὑμνῆσαι
839 3161 968 3224 τοὺς
1003 3162 1265 3232 ίεράρχας
1303 3161 1573 3229 ἅπαντας,
1627 3163 1704 3227 ὡς
1744 3165 1974 3230 ἕκαστος

378 3245 450 3321 ἦν
483 3249 686 3314 ἱκανὸς,
717 3251 816 3322 τὴν
853 3253 1292 3324 ἀπειροδύναμον
1332 3253 1646 3322 ἀγαθότητα
1681 3255 1779 3324 τῆς
1803 3255 1972 3326 θεαρ-

377 3345 541 3415 χικῆς
569 3344 860 3409 ἀσθενείας
882 3363 896 3377 ·
929 3345 1152 3400 πάντων
1185 3347 1412 3415 ἐκράτει
1449 3347 1590 3414 μετὰ
1629 3348 1756 3410 τοὺς
1791 3347 1971 3402 θεολό-

376 3449 534 3502 γους,
557 3433 632 3499 ὼς
658 3431 838 3498 οἶσθα,
881 3434 990 3488 τῶν
1017 3435 1194 3489 ἄλλων
1223 3437 1585 3506 ίερομυστὼν.
1620 3437 1781 3500 Ὅλος
1811 3439 1972 3510 ἐκδηο

379 3525 522 3596 μῶν,
576 3526 698 3589 ὅλος
735 3525 1088 3596 ἐξιστάμενος
1137 3525 1368 3592 ἑαυτοῦ,
1427 3527 1526 3580 καὶ
1581 3527 1678 3597 τὴν
1735 3529 1872 3598 πρὸς
1902 3528 1972 3582 τὰ

377 3615 697 3686 ὑμνούμενα
722 3619 1006 3672 κοινωνίαν
1037 3619 1286 3688 πάσχων.
1319 3619 1431 3671 Καὶ
1465 3617 1603 3688 πρὸς
1627 3619 1843 3672 πάντων
1893 3611 1970 3674 ὧν

375 3707 610 3778 ἠκούετο
631 3709 727 3762 καὶ
757 3711 988 3780 ἑωρᾶτο,
1043 3710 1140 3764 καὶ
1167 3709 1500 3778 ἐγινώσκετο
1526 3711 1618 3764 καὶ
1651 3712 1752 3764 οὐκ
1775 3713 1964 3782 ἐγινώ-

379 3816 568 3865 σκετο,
610 3800 902 3872 θεόληπτος
927 3800 1065 3855 εἶναι
1095 3803 1189 3856 καὶ
1215 3802 1357 3864 θεῖος
1381 3803 1678 3872 ὑμνολόγος
1709 3805 1965 3876 κρινόμε-

374 3908 488 3956 νος.
521 3909 540 3942 ι
571 3893 634 3944 ’Ὠ
663 3893 942 3962 μακαρίας
968 3893 1137 3955 ὄντως
1183 3893 1278 3946 καὶ
1325 3893 1508 3965 ψυχῆς
1555 3895 1652 3948 καὶ
1692 3895 1960 3966 γλώττης,

374 3983 479 4054 τῆς
499 3983 671 4038 ταῦτα
694 3984 994 4056 μυηθείσης
1020 3985 1116 4038 καὶ
1147 3984 1563 4056 φθεγξαμένηςι
1599 3985 1646 4040 ὣ
1673 3988 1757 4052 τίς
1779 3989 1844 4044 ἄν
1872 4006 1962 4060 μοι

2073 3161 2403 3215 intuendum
2457 3162 2916 3216 convenissetuus
2949 3162 2966 3230 (
2998 3172 3164 3230 po‘rro
3228 3161 3396 3214 etiam
3459 3159 3652 3214 aderat

2074 3250 2170 3304 Dei
2225 3251 2400 3306 frater
2453 3249 2721 3315 Jacobus,
2775 3259 2831 3305 et
2873 3249 3070 3306 Petrus
3121 3265 3376 3305 summus
3412 3263 3474 3302 ac
3519 3265 3656 3319 pra:-

2071 3343 2454 3398 stantissimus
2500 3343 2884 3410 theologorum
2933 3341 3188 3412 vertex),
3240 3341 3656 3410 plaraissetque

2073 3415 2134 3490 ut
2159 3443 2284 3504 post
2319 3434 2724 3505 spectaculum,
2768 3433 2912 3488 sacri
2947 3449 3144 3488 omnes
3183 3434 3488 3497 antistites,
3553 3449 3654 3504 pro

2069 3527 2188 3582 suis
2221 3525 2456 3595 quisque
2509 3524 2747 3588 viribus,
2790 3523 3022 3578 infinitae
3087 3523 3310 3578 virtutis
3355 3523 3652 3578 bonitatem

2071 3617 2268 3674 matris
2301 3617 2396 3672 Dei
2454 3616 2858 3672 imbecillitatis
2892 3615 3006 3684 (79)
3057 3615 3316 3670 laudibus
3369 3613 3651 3674 elltrrrent.

2070 3708 2368 3778 theologis,
2429 3709 2482 3762 id
2532 3715 2618 3764 est
2651 3707 2956 3778 Apostolis,
3015 3708 3281 3774 exceptis,
3315 3719 3505 3760 sacros
3535 3719 3652 3758 om-

2071 3816 2171 3855 nes
2219 3801 2360 3854 alios
2389 3815 2696 3870 praecones,
2755 3811 2814 3854 ut
2854 3809 2908 3856 te
2963 3813 3074 3854 non
3115 3799 3276 3868 fugit,
3325 3798 3648 3866 superabat.

2072 3891 2246 3948 Totus
2295 3893 2554 3947 videlicet
2601 3893 2898 3957 excedens,
2955 3901 3103 3948 totus
3145 3901 3302 3947 extra
3357 3907 3418 3948 se
3459 3903 3652 3961 raptus

2073 3991 2240 4054 atque
2278 3999 2473 4038 eorum
2504 3999 2628 4054 quae
2657 3984 2909 4038 laudaret
2938 3984 3336 4040 communione
3375 3983 3610 4038 affectus
3631 4027 3646 4051 ,

1617 4209 1623 4218 .
1653 4161 1887 4220 VAlllA‘I
1909 4161 2324 4221 LECTIONES.

481 4259 532 4294 ³³
559 4261 722 4318 Forte
746 4259 864 4328 νοῦ,
887 4261 970 4326 τίς
1003 4263 1058 4333 ἡ.
1087 4261 1256 4316 Cons.

1655 4343 2046 4402 COMBEFISII
2075 4341 2308 4398 NO'NE.

443 4447 558 4518 (78)
598 4446 890 4518 Quodrvilw
917 4441 1394 4518 principiumLToii
1418 4440 1732 4512 ζωαρχικοῢ
1763 4441 1952 4518 σώματ
1985 4443 2030 4500 D
2058 4441 2272 4518 ruperit
2331 4438 2578 4518 laudes,‘
2599 4437 2829 4518 inﬁnitae
2860 4439 2911 4492 in
2957 4453 3020 4494 ea
3070 4437 3296 4518 virtutis
3345 4437 3644 4518 bonitatem

366 4511 480 4580 τος.
520 4511 672 4584 Quod
700 4511 965 4584 edidisset
1000 4515 1183 4567 vitam.
1249 4511 1468 4584 Pcl'itlli.
1520 4511 1643 4564 cum
1699 4511 1953 4584 sequenti

367 4591 466 4642 καὶ
527 4581 778 4656 θεοδόχου
837 4581 1461 4656 νοιιίιιιιόιξηε-.-ραοιέ
1513 4589 1782 4656 auctorem
1835 4583 1954 4656 eius

365 4658 640 4726 Deumque
685 4650 992 4722 recepisset.
1021 4653 1144 4726 Bill.
1185 4651 1397 4726 20ml.
1431 4651 1687 4726 Damasc.
1741 4650 1817 4726 De
1847 4652 1952 4704 As-

365 4719 576 4796 sumpt'.
635 4728 728 4794 qui
913 4725 1194 4796 eumdem__
1228 4723 1466 4796 Dionysii
1521 4719 1897 4796 lorumaﬂert
1931 4739 1945 4774 :

368 4791 526 4860 Quod
563 4791 724 4850 vitam
757 4791 1118 4849 inchoaverat.
1155 4791 1330 4845 Vitam
1369 4794 1556 4859 utique
1590 4791 1798 4858 gratiae.
1829 4791 1950 4858 ejus

367 4859 595 4920 auctore
631 4874 898 4934 concepto
927 4875 978 4918 et
1005 4863 1152 4917 edito
1189 4879 1202 4916 :
1231 4861 1330 4934 Δνει
1365 4863 1552 4934 etiam,
1582 4859 1950 4934 vit:tm.__Chri-

361 4947 536 5001 stum,
575 4929 873 5005 ipsam
897 4951 956 4988 se
985 4937 1190 5005 vitam;
1231 4930 1456 5005 is_ettim
1501 4945 1628 5005 vere
1654 4945 1718 4982 ex
1755 4929 1947 5005 Maria,

363 4999 682 5076 quanquam
719 4999 790 5059 ut'
811 5004 996 5058 Mariae
1048 5003 1238 5076 solum
1275 4999 1472 5076 Filius,
1495 5001 1636 5076 _si_ve
1669 5008 1726 5052 ut
1758 5001 1944 5064 homo,

361 5070 552 5144 éxque'
573 5076 757 5130 Maria:
789 5073 1136 5144 corpusculi).
1170 5071 1387 5144 initiqu
1421 5070 1630 5144 iniiinii.

438 5139 548 5212 ('79)
587 5139 980 5199 Intbecillitritis
1041 5140 1238 5194 Matris
1291 5139 1424 5212 Dei._
1485 5139 1596 5208 Τῆς
1647 5139 1948 5212 θεαρχικῆς

361 5209 674 5279 ἀσθενείας.
711 5215 974 5287 [Malis-tn,
1005 5213 1278 5287 inﬁnitain
1305 5210 1590 5287 bonitatent
1621 5211 1813 5287 divime
1843 5209 1946 5262 int-

361 5287 693 5340 aedilitatis.
713 5281 1034 5354 -GALLANDJ
1075 5281 1409 5354 Exponimus
1459 5287 1518 5330 ut
1565 5281 1807 5354 Andreas
1849 5297 1948 5334 no-

361 5367 479 5412 ster
511 5359 562 5409 in
621 5351 1406 5425 sequentibuseruditissime
1458 5351 1718 5417 exponit;
1748 5351 1948 5418 vixque

358 5436 659 5494 antequam
701 5421 870 5479 etiam
900 5423 1178 5492 legissem,
1207 5421 1406 5474 adduci
1436 5431 1702 5494 potet-am,
1739 5427 1797 5494 ut
1829 5428 1946 5494 tor-

361 5489 702 5551 renti-aliter
735 5496 880 5548 velut
907 5489 1020 5547 uno
1044 5507 1140 5546 ore
1169 5491 1556 5558 cxponeutium
1587 5499 1706 5558 post
1741 5491 1802 5542 D.
1831 5489 1946 5542 Ma-

355 5567 590 5630 ximum,
624 5563 1024 5620 concederem:
1051 5571 1110 5614 ttt
1143 5561 1422 5619 nimirum.
1452 5559 1598 5630 aliud
1638 5561 1942 5630 acciperem

355 5629 968 5698 eam'imbncillitatcm,
1021 5645 1186 5702 quam
1243 5630 1433 5702 ipsam,
1459 5629 1688 5702 Mariam
1749 5629 1944 5683 exanio

355 5721 530 5764 mem.
565 5717 672 5774 qua
709 5702 846 5769 visa,
877 5699 1153 5760 sacer'ille
1181 5707 1380 5766 coetus,
1421 5701 1475 5754 in
1513 5699 1774 5770 ejusdem
1811 5712 1940 5768 pro-

2061 4511 2372 4580 celcbrans,
2399 4525 2506 4580 qua
2545 4511 2654 4564 Deo
2681 4511 2858 4562 vicina
2903 4518 2959 4563 et
3013 4509 3191 4577 major
3219 4509 3460 4569 homine,
3500 4515 3647 4566 velut

2061 4579 2172 4632 Deo
2205 4579 2422 4634 homini
2445 4580 2776 4649 principium
2813 4590 2864 4632 et
2917 4587 3113 4642 mater,
3149 4581 3264 4647 ipsa
3299 4581 3380 4633 sic
3411 4596 3508 4648 pro
3543 4583 3642 4634 ltu-

2059 4665 2218 4702 mana
2257 4651 2570 4714 fragilitate,
2633 4650 2790 4702 morti
2851 4651 3235 4718 canenssisset,
3292 4663 3356 4702 ac
3411 4665 3648 4718 corpore

2057 4721 2326 4774 exstincta
2350 4720 2582 4786 jaceret.
2611 4722 2716 4774 Alii
2738 4735 2890 4789 ergo.
2909 4719 2989 4781 τὸ,
3015 4717 3312 4787 θεαρχικῆς
3331 4717 3648 4786 ἀσθενείας,

2058 4789 2124 4842 ad
2174 4789 2456 4843 Christum
2519 4789 2790 4852 referunt,
2825 4789 2916 4856 qui
2956 4789 3072 4857 ipse
3103 4789 3418 4858 θεαρχικάς,
3455 4804 3518 4843 ac
3544 4807 3648 4845 ειε-Δ

2057 4873 2281 4938 premus
2315 4859 2478 4938 Deus,
2509 4859 2687 4938 factus
2714 4861 2782 4912 sit
2811 4859 3258 4938 συγκαταθάσει,
3303 4867 3358 4912 et
3389 4875 3456 4938 se_
3481 4861 3648 4914 nobis

2056 4929 2397 4991 ittclinando,
2425 4931 2808 4984 imbecillitas:
2843 4944 3032 4982 verum
3073 4930 3124 4983 id
3159 4929 3344 4982 minus
3376 4929 3642 4996 coinerct,

2051 5013 2178 5052 cum
2207 5001 2378 5055 solius
2408 4999 2612 5062 Mariae,
2639 5011 2690 5053 et
2712 5001 2814 5054 visi
2847 5000 2968 5066 ejus
2991 4999 3310 5068 corpusculi
3335 4999 3642 5060 exanimis,

2053 5069 2140 5121 cui
2172 5085 2394 5124 sanatus
2428 5071 2517 5124 ille
2551 5079 2857 5124 conventus
2883 5077 3223 5139 parentat-et,
3255 5073 3462 5122 mentio
3487 5083 3644 5137 prae-

2055 5141 2345 5211 cessisset,
2384 5155 2446 5194 ac
2496 5142 2658 5208 plane
2705 5137 2925 5211 insistat
2985 5137 3382 5211 Dionysius‘in
3413 5153 3510 5192 sua
3545 5139 3639 5211 illa

2055 5209 2269 5280 phrasi,
2295 5224 2405 5275 qua
2434 5207 2576 5263 idem
2596 5225 2800 5280 corpus
2844 5207 3152 5280 ζωαρκικόν
3186 5207 3347 5280 paulo
3377 5209 3642 5280 superius

2053 5279 2195 5349 dixit
2233 5299 2246 5332 :
2287 5283 2444 5348 plane
2495 5283 2640 5333 enim
2679 5279 2912 5349 utroque
2961 5279 3212 5349 nemine
3242 5279 3404 5349 idem_
3440 5279 3636 5334 voluit.

2052 5347 2234 5402 Codex
2284 5347 2411 5407 Sirl.
2445 5365 2555 5419 quo
2589 5367 2722 5406 usus
2753 5347 2837 5405 est
2871 5349 2990 5403 Bill.
3023 5351 3076 5403 in
3121 5350 3154 5402 Ξ
3184 5347 3336 5419 Orat.
3377 5347 3635 5419 Damase.

2053 5419 2122 5473 de
2151 5419 2438 5488 Assutnpt.
2463 5415 2610 5482 αντὶ,
2663 5420 2970 5484 ἀσθενείας,
3027 5419 3188 5474 habet
3217 5417 3492 5482 ἐξουσίας.
3527 5415 3637 5472 Re-

2051 5491 2174 5558 gius
2206 5497 2386 5543 tamen
2433 5505 2500 5544 ex
2540 5505 2648 5558 quo
2691 5491 2992 5559 prodierint
3035 5505 3188 5543 nova:
3224 5503 3300 5543 ea:
3327 5489 3634 5559 orationes,

2053 5557 2425 5630 acrrecogtiita
2483 5557 2622 5630 Billii
2666 5557 2870 5621 versio,
2937 5557 3634 5630 exspectatahDamasceni

2051 5627 2311 5701 editione,
2343 5645 2466 5682 cum
2517 5629 2774 5701 Dionysii
2798 5627 3070 5701 universis
3105 5627 3388 5687 codicibus
3433 5635 3490 5686 et
3519 5629 3637 5686 Ln-

2050 5699 2180 5754 drea
2213 5707 2440 5766 nostro,
2487 5699 2988 5776 Ιιιώειάσθενείας.
