4016 6130
430 304 564 370 1063

1607 317 1667 376 8.
1697 315 2024 376 ΑΝΒΒΕιΕ
2059 315 2155 374 CR
2165 315 2478 374 ETENSIS

3553 308 3688 374 1065

414 433 483 474 ιιιι
509 417 578 470 ab
607 419 870 474 omnibus
895 422 986 490 qui
1039 427 1218 491 ipsum
1269 420 1566 475 audiebant
1605 431 1658 476 et
1695 421 1996 474 cernebant

2116 423 2213 492 ἱοίη
2256 423 2394 488 πρὸς
2445 421 2514 474 τά
2587 417 2702 475 ὦτα
2757 421 2865 474 τῶν
2914 421 3160 486 θεοειδῶς
3206 423 3564 495 ὑμνηθέντων
3619 426 3689 480 τὰ

423 517 543 564 tum
589 512 684 580 qui
731 519 1115 580 agnoscerent,
1154 521 1267 564 tum
1326 511 1420 580 qui
1465 525 1576 564 non
1615 518 2000 580 agnoscerem,

424 603 614 658 divino
639 605 865 657 numine
908 611 1225 672 correptus,
1257 617 1321 656 ac
1362 602 1584 657 divinus
1629 604 1790 672 plane
1823 599 2003 654 lauda-

428 705 513 748 tor
545 709 670 749 esse
699 705 1044 749 censeretur.
1084 713 1101 745 ι
1139 695 1181 748 Ο
1219 696 1438 750 beatum
1485 696 1644 762 plane
1671 701 1726 746 et
1757 693 2001 744 animum

423 792 480 838 et
515 783 792 853 linguam!
850 786 1095 838 animum
1139 787 1364 855 inquam
1410 785 1495 840 his
1545 784 1849 848 eruditum,
1897 783 2002 837 lin-

422 889 702 944 guamque
743 878 910 930 verba
941 878 1212 947 ejusmodi
1268 880 1636 947 prolocutam.
1673 877 1716 931 Ο
1749 878 1873 948 quis
1906 877 2004 932 de-

423 963 589 1029 derit,
630 971 688 1016 ut
716 980 907 1018 eorum
945 982 1066 1036 quae
1099 970 1285 1022 divina
1320 969 1553 1038 quadam
1597 970 1814 1022 ratione
1865 968 2007 1022 cele-

427 1055 588 1110 brata
649 1067 805 1120 sunt,
875 1070 1159 1115 extremos
1207 1077 1373 1115 sonos
1420 1061 1650 1116 auribus
1709 1063 2002 1115 liauriaml

423 1145 560 1200 Nam
586 1149 726 1203 viris
758 1149 872 1204 illis
901 1167 1218 1220 quanquam
1261 1155 1368 1204 vita
1407 1153 1545 1206 adeo
1579 1154 1824 1218 sublimi,
1855 1168 2007 1206 men-

424 1241 612 1310 tisque
668 1246 1137 1311 contemplatione
1180 1247 1262 1297 sic
1305 1261 1332 1296 a
1371 1246 1606 1299 tetrcnis
1654 1247 1888 1308 elevata,
1927 1249 2003 1299 ita

425 1328 742 1382 laudantem
777 1333 1224 1392 demiranttltus.
1252 1342 1454 1402 quanta
1487 1335 1793 1403 putandum
1829 1335 2004 1390 fuisse

399 1421 498 1475 ab
535 1437 602 1476 eo
663 1423 918 1478 laudibus
969 1427 1268 1488 celebrata,
1323 1427 1616 1496 ipsumque
1667 1427 1808 1480 adeo
1859 1427 2002 1496 quod

427 1511 691 1568 laudibus
723 1516 1077 1569 celebrabat?
1105 1517 1378 1572 Caeterum
1406 1519 1671 1587 procedat
1703 1518 1882 1572 oratio
1936 1519 2004 1573 ad

2101 512 2475 581 ἀπηχήματας
2508 513 2568 564 Εἰ
2597 513 2704 582 γάρ
2744 515 2942 565 ἐκεῖνοι
2975 515 3179 586 καίπερ
3208 515 3355 569 οὕτω
3392 517 3689 587 μετάρσιον

2102 601 2346 670 εἱληγόσι
2380 601 2471 654 τὸν
2507 602 2641 671 βίον,
2674 604 2769 654 καὶ
2823 604 3000 673 ἀμιγῆ
3045 603 3154 658 τῶν
3205 606 3354 658 κάτω
3406 607 3508 677 τὴν
3551 609 3690 663 κατά

2101 693 2224 747 νοῦν
2249 695 2504 765 θεωρίαν,
2535 693 2710 758 οὕτως
2756 698 2784 748 6
2835 697 3024 766 ὑμνῶν
3059 697 3431 768 ἐθαυμάζετο·
3484 699 3693 771 πηλίκα

2099 781 2166 856 ἦν
2193 787 2259 840 τά
2289 786 2622 857 ὑμνούμενα,
2651 787 2853 856 μᾶλλον
2885 789 2943 842 δὲ
2963 789 3025 841 τὺ
3058 788 3440 860 ύμνούμενον;
3475 791 3619 863 Πρὸς
3634 791 3692 846 δέ

2101 877 2312 945 τάἐξῆς
2341 881 2368 930 ὁ
2394 877 2548 946 λόγος
2578 879 2855 948 χωρείτωο
2891 899 2908 931 ι
2942 883 3051 933 Καὶ
3069 881 3122 934 τί
3153 881 3218 934 ἄν
3253 899 3358 947 σοι,
3389 884 3548 954 φησὶ,
3567 884 3694 953 περὶ

2078 970 2210 1024 τῶν
2241 972 2360 1024 ἐκεῖ
2397 971 2830 1042 θεολογηθέντων
2857 975 3101 1044 λέγοιμι;
3142 977 3250 1028 Καὶ
3281 975 3392 1046 γὰρ
3423 980 3476 1028 εἰ
3499 976 3574 1047 μὴ
3599 976 3694 1028 καὶ

2106 1063 2350 1134 ἐμαυτοῦ
2378 1065 2740 1136 ἐπιλέλησμαι
2765 1105 2778 1130 ,
2835 1069 3094 1130 πολλάκις
3151 1065 3268 1120 οἶδα
3297 1069 3449 1140 παρὰ
3478 1069 3570 1121 σοῦ
3601 1069 3694 1122 καὶ

2111 1155 2252 1225 μέρη
2284 1153 2406 1208 τινὰ
2434 1155 2543 1208 τῶν
2588 1157 2957 1210 ἐνθεαστικῶν
3006 1159 3234 1212 ἐκείνων
3265 1159 3557 1229 ὑμνῳδιῶν
3595 1160 3695 1211 ἐπ-

2112 1246 2355 1308 ακούσας
2373 1261 2387 1274 ·
2418 1245 2592 1310 οὕτως
2617 1265 2698 1298 σοι
2735 1248 2939 1319 σπουδὴ
2974 1250 3050 1318 μὴ
3075 1252 3137 1302 ἐκ
3164 1251 3446 1322 παρέργου
3482 1251 3551 1304 τά
3577 1251 3696 1304 θεῖα

2117 1339 2494 1407 μεταδιώκειν.
2525 1340 2672 1411 Πλὴν
2718 1341 2856 1396 ἀλλά
2891 1345 2955 1396 τὰ
3000 1344 3117 1397 ἐκεῖ
3143 1347 3453 1416 μυστήρια,
3505 1347 3599 1398 καὶ
3623 1344 3698 1408 ὡς

2113 1431 2227 1491 τοῖς
2263 1428 2479 1492 πολλοῖς
2513 1430 2748 1502 ἄρρητα,
2784 1434 2878 1487 καὶ
2924 1435 3000 1499 ὡς
3029 1437 3348 1506 ἐγνωσμένα
3377 1454 3486 1501 σοι,
3519 1453 3697 1506 παρα-

2112 1519 2388 1590 λείψομεν.
2420 1541 2440 1574 ι

429 1618 492 1658 ea
529 1620 655 1674 qua:
697 1607 909 1676 reliqua
960 1617 1110 1662 sunt.
1170 1627 1189 1659 ι
1237 1607 1342 1662 Sed
1380 1609 1512 1677 quid
1553 1607 1672 1670 tibi,
1715 1607 1916 1677 inquit,
1959 1609 2026 1662 de
2101 1609 2168 1664 iis
2215 1611 2419 1677 dicam,
2469 1629 2592 1684 quae
2637 1615 2752 1668 illic
2793 1614 2978 1669 divina
3056 1627 3316 1672 enarrata
3371 1620 3532 1674 sunt?
3579 1617 3696 1674 Nisi

427 1697 574 1750 enim
608 1707 806 1751 memet
840 1697 1014 1767 ipsius
1051 1699 1255 1752 oblivio
1289 1700 1458 1766 cepit,
1490 1699 1791 1752 nonnullas
1827 1699 1993 1752 etiam
2036 1712 2065 1750 a
2099 1699 2208 1754 Deo
2241 1700 2553 1758 amatorum
2583 1706 2802 1760 illorum
2845 1715 3112 1762 cantuum
3173 1719 3378 1779 partes,
3451 1725 3695 1781 persaepe

429 1789 530 1843 abs
579 1797 631 1844 te
683 1789 966 1844 audivisse
999 1806 1083 1865 me
1117 1793 1240 1844 novi
1281 1809 1292 1844 :

1343 1799 1497 1845 tanto
1528 1793 1626 1845 tibi
1677 1791 1866 1844 studio
1893 1799 1998 1855 est,
2044 1800 2104 1844 ut
2173 1809 2243 1849 ne
2311 1797 2500 1850 divina
2558 1799 2932 1868 negligentiae
2983 1803 3362 1871 persequaris.
3405 1802 3699 1859 Verumtao

429 1895 578 1946 men,
613 1895 735 1949 qua:
774 1881 888 1935 illic
919 1891 1072 1952 gesta
1105 1890 1234 1937 sunt
1279 1883 1614 1938 sacramenti
1657 1883 1842 1953 plena,
1883 1891 1996 1936 tum
2037 1887 2188 1942 velut
2217 1890 2410 1945 multis
2437 1889 2701 1957 obscura,
2735 1901 2849 1946 tum
2875 1903 2935 1948 ut
2976 1896 3076 1950 tibi
3143 1904 3296 1962 nota,
3359 1899 3699 1966 praetermit-

432 1979 634 2027 temus.
678 1990 698 2024 ι

503 2061 562 2118 ιη
595 2065 741 2118 hunc
781 2065 941 2118 nobis
970 2066 1190 2119 modum
1221 2065 1514 2138 Dionysius
1541 2067 1828 2137 loquitur;
1875 2068 2002 2124 Dio-

2179 2068 2367 2124 Ταῦτα
2413 2073 2546 2142 ἡμῖν
2589 2073 2902 2144 Διονύσιος,
2951 2079 2980 2130 6
3025 2077 3229 2149 ὑψηλὸς
3273 2078 3373 2149 τῆς
3417 2079 3703 2151 θεολογίας

431 2152 642 2223 nysius,
678 2155 922 2220 inquam,
953 2153 1208 2207 sublimis
1238 2153 1328 2208 ille
1345 2155 1658 2234 divinorum
1712 2157 2010 2226 interpres,

431 2237 672 2300 sublime
704 2245 896 2298 volans
931 2246 1204 2299 caelorum
1238 2247 1424 2314 aquila
1459 2247 1606 2318 (80),
1647 2247 1822 2304 sacris
1868 2247 2012 2302 divi-

430 2350 630 2390 norum
690 2335 1026 2405 imaginibus
1104 2337 1463 2406 plenissimus
1527 2339 1769 2394 animus.
1822 2338 2014 2412 Operae

431 2432 616 2481 autem
647 2428 883 2497 pretium
917 2427 1180 2493 arbitror,
1213 2438 1274 2483 ut
1302 2445 1370 2485 ne
1401 2431 1576 2486 levius
1606 2430 1758 2485 dicta
1789 2442 2014 2500 przeter-

2122 2164 2442 2236 ύφηγητής’
2481 2167 2510 2217 6
2544 2165 2652 2220 τῶν
2687 2168 2934 2235 οὐρανῶν
2968 2169 3238 2242 ὑψιπετὴς
3270 2171 3464 2239 ἀετὸς,
3499 2175 3530 2227 ό
3565 2176 3704 2246 tepo-

2121 2256 2542 2326 γραφικώτατος
2568 2258 2714 2322 νοῦς.
2737 2261 2922 2326 Ἀξιον
2944 2262 2999 2315 δὲ
3024 2258 3177 2334 οἴμαι
3207 2265 3281 2336 μὴ
3308 2266 3608 2336 παρέργως
3639 2269 3704 2322 τά

2120 2349 2389 2418 εἰρημένα
2437 2351 2846 2423 παραδραμεῖν,
2897 2353 3120 2420 ἀλλ’ὡς
3169 2358 3390 2426 ἐφικτὸν
3442 2361 3704 2430 ἐμμεῖναι

2115 2443 2348 2510 τούτοις,
2381 2444 2472 2496 καὶ
2507 2445 2747 2501 εἰσδῦναι
2778 2447 2857 2518 τῷ
2889 2447 3044 2518 βάθει
3072 2451 3182 2505 τῶν
3206 2453 3519 2524 νοημάτων,
3550 2454 3611 2520 ἐξ
3642 2451 3702 2510 οὗ

393 2520 659 2583 ὀεωιιε,
710 2518 805 2574 sed
845 2530 1113 2588 quantum
1157 2520 1378 2576 licuerit
1416 2523 1656 2592 assequi,
1699 2523 1780 2579 eis
1817 2527 2013 2580 immo-

2118 2533 2210 2586 καὶ
2235 2532 2296 2586 τὸ
2326 2535 2658 2606 ποθούμενον
2681 2539 3090 2612 ἐκτυπώτερον,
3117 2543 3215 2597 καὶ
3358 2518 3703 2616 ἐμφανέστε-

430 2625 644 2674 remur,
678 2625 741 2662 ac
781 2625 1074 2664 sensorum
1123 2612 1398 2680 profunda
1448 2624 1824 2682 penetremus,
1869 2614 2016 2672 unde

431 2709 490 2755 et
514 2699 677 2754 modo
701 2701 1026 2769 expressius
1051 2702 1365 2758 declaretur
1403 2703 1720 2774 clariusque
1745 2705 1892 2775 quod
1923 2723 2017 2761 vo-

433 2791 641 2846 lumus.
717 2790 796 2844 Tn
856 2806 1022 2860 porro
1095 2793 1229 2846 mihi
1305 2795 1637 2850 venerabilis
1703 2797 2015 2852 auditorum

2120 2641 2214 2695 ρον
2255 2627 2706 2696 παραδεικνυται.
2747 2632 2818 2686 Σὺ
2859 2632 2917 2685 δέ
2966 2649 3057 2704 μοι
3105 2634 3304 2705 σεμνὸν
3337 2636 3702 2708 ἀκροατήριον

2121 2715 2316 2770 σκόπει
2341 2718 2451 2771 τῶν
2475 2719 2866 2792 ῥηθησομένων
2887 2723 2985 2796 τὴν
3007 2725 3258 2811 δύναμιν,
3283 2727 3372 2784 ἵνα
3402 2733 3568 2802 συνῇς
3592 2729 3703 2785 τῶν

2123 2809 2441 2879 μυστηρίων
2475 2813 2576 2881 τὴν
2609 2811 2859 2880 ἔκϐασιν,
2904 2818 3000 2870 καὶ
3037 2809 3184 2890 γνῷς
3221 2818 3307 2884 τίς
3342 2821 3442 2876 καὶ
3480 2823 3703 2894 ποταπὴ

433 2895 634 2952 cattus,
665 2899 854 2940 eorum
893 2901 1015 2956 qua:
1039 2885 1274 2942 dicenda
1311 2897 1442 2944 sunt
1472 2891 1580 2944 vim
1613 2892 1926 2959 considera,
1960 2902 2013 2948 ut

2116 2898 2225 2951 τῶν
2252 2901 2683 2972 συνειλεγμένων
2709 2907 2742 2976 ἡ
2776 2885 3155 2978 συνάθροιέιιξ,
3183 2913 3280 2966 καὶ⁹
3308 2885 3704 2986 προχρηματίξ

431 2989 908 3035 sacramentorum
938 2987 1200 3032 eventum
1235 2983 1616 3059 perspexeris,
1657 2985 2014 3056 noverisque,

2117 3005 2310 3054 σαντος
2339 2991 2432 3044 τοῦ
2464 2993 2786 3064 ἱεροφάντου
2813 2998 2877 3052 τὸ
2907 2997 3115 3066 θαῦμα.

431 3071 558 3140 quis
609 3077 664 3124 et
717 3079 954 3140 quantus
1008 3084 1316 3128 conventus
1371 3071 1742 3146 congregatus
1795 3081 1901 3146 sit;
1953 3093 2016 3134 ac
2053 3095 2214 3138 sacro
2247 3084 2477 3141 doctore
2516 3102 2617 3144 ceu
2637 3104 2702 3144 ex
2734 3092 2960 3148 oraculo
2989 3093 3288 3164 referente,
3366 3105 3534 3172 atque
3599 3098 3707 3156 mi-

435 3165 955 3238 raculo‘praaeunte.

503 3260 616 3330 Age
639 3228 828 3326 itaque
861 3258 1009 3312 velut
1040 3271 1069 3310 a
1094 3228 1359 3328 gradibus
1382 3261 1719 3331 sempiterna
1751 3264 2017 3320 memoria

435 3347 700 3402 habendas
748 3343 886 3402 Sion
935 3347 1372 3418 descendentes;
1416 3351 1548 3407 illuc
1577 3354 1724 3408 enim
1752 3356 1899 3410 haud
1941 3358 2016 3412 ita

2193 3269 2328 3340 Φέρε
2345 3268 2524 3323 τοίνυν
2552 3271 2614 3323 ἐκ
2640 3270 2897 3343 σταθμῶν
2921 3271 3229 3339 ἀποϐάντες
3248 3275 3352 3348 τῆς
3371 3278 3702 3352 ἀειμνήστου

2123 3359 2264 3414 Σιὼν
2304 3360 2496 3432 (αὑτοῦ
2521 3361 2630 3434 γὰρ
2655 3363 2762 3416 ὑπὸ
2791 3363 2885 3418 τοῦ
2913 3365 3072 3435 λόγου
3109 3367 3294 3440 μικρῷ
3333 3373 3575 3442 πρόσθεν
3613 3376 3705 3428 ἀν-

435 3438 650 3508 pridem
703 3453 887 3493 sermo
941 3439 1196 3494 subvexit
1249 3443 1473 3512 (quippe
1523 3445 1637 3500 illic
1689 3429 1782 3501 Dei
1842 3447 2013 3502 Mater

2122 3428 2390 3523 ήχθημεν·
2427 3428 2632 3524 ταύτην
2665 3456 2775 3527 γάρ
2811 3453 2958 3528 εἶχεν
3044 3428 3346 3534 aspidis-inp
3379 3428 3477 3516 ἐπὶ
3496 3467 3600 3535 γῆς
3619 3469 3704 3520 ὲ).-

433 3546 600 3602 agens
653 3531 709 3586 in
761 3533 949 3597 terris,
1009 3534 1356 3589 domicilium
1421 3537 1632 3609 habuit)
1675 3555 1688 3591 :
1725 3540 1852 3594 inde
1897 3542 2012 3612 jam

431 3631 741 3694 opportune
794 3625 1064 3694 virginale
1101 3639 1304 3696 corpus
1351 3627 1486 3682 illud
1537 3644 1748 3700 pompae
1793 3631 2014 3688 funebri

432 3713 660 3767 comites
693 3715 1117 3781 prtemittamus.
1151 3713 1244 3770 Dei
1273 3717 1543 3787 siquidem
1573 3720 1770 3786 Mater,
1800 3723 1852 3776 in
1894 3725 2015 3794 ejus

436 3816 630 3856 manus
672 3801 925 3870 deposita
973 3805 1178 3867 anima,
1237 3804 1292 3856 in
1347 3807 1508 3874 cujus
1560 3823 1722 3861 manu
1761 3818 2013 3865 nostrum

432 3892 681 3946 omnium
729 3893 926 3946 animm
965 3895 1159 3962 positae
1203 3904 1354 3960 sunt,
1396 3898 1563 3950 vitam
1601 3897 1654 3952 in
1695 3915 1862 3954 carne
1894 3901 2016 3955 lini-

433 3981 531 4038 vit.
569 3983 708 4035 Tum
743 3998 908 4047 vero,
952 3984 1045 4038 ubi
1087 3985 1284 4040 ordine
1329 3987 1532 4041 elatum
1592 3988 1756 4045 furius
1808 3993 2016 4048 erimus

434 4077 732 4140 prosecuti,
766 4084 958 4130 secuto
992 4089 1020 4128 a
1057 4091 1256 4146 pompa
1287 4079 1506 4133 cantico
1533 4094 1754 4134 carmen
1788 4081 2017 4138 funebre

435 4164 820 4235 adjungamus.
852 4167 946 4221 Sic
969 4167 1119 4222 enim
1153 4169 1318 4224 nobis
1349 4172 1594 4226 secundo
1621 4187 1789 4227 cursu
1826 4175 2018 4230 decur-

431 4263 511 4309 ret
551 4257 752 4321 oratio,
790 4265 846 4311 et
885 4273 947 4311 ea
981 4274 1104 4328 qua:
1134 4258 1284 4314 dicta
1325 4270 1456 4316 sunt
1487 4262 1700 4331 liquido
1735 4281 2015 4336 exponen-

433 4358 543 4402 tur.
601 4348 673 4404 Ut
719 4364 854 4420 ergo
904 4351 1022 4405 base
1061 4350 1294 4416 fuerint,
1325 4355 1476 4420 veni,
1507 4355 1733 4419 dilecte,
1783 4358 1917 4413 vade
1961 4367 2015 4413 et

432 4443 688 4512 procede,
745 4443 1029 4496 laetissima
1061 4459 1126 4497 ac
1163 4447 1403 4501 maxime
1433 4448 1604 4502 alacri
1657 4449 1826 4504 animi
1887 4467 2016 4522 per-

427 4533 781 4602 spicacitate,
835 4534 905 4587 ad
968 4533 1295 4590 honorabile
1351 4537 1742 4606 Gethsemani,
1804 4543 2017 4612 tibique

427 4628 566 4695 ipse,
593 4625 717 4680 viva
753 4641 1130 4696 expressaque
1151 4627 1457 4684 deformata
1503 4631 1764 4702 imagine,
1798 4635 1866 4691 iis
1894 4652 2016 4705 quas

429 4725 740 4771 evenerunt
767 4717 914 4772 dicta
937 4733 1228 4790 compone.
1263 4719 1370 4775 Ubi
1394 4723 1538 4777 enim
1565 4726 1739 4794 gestis
1766 4726 2016 4782 intende-

431 4807 510 4863 ris
551 4807 820 4874 animum,
849 4810 1276 4882 haudquaquam
1309 4814 1556 4882 prolixos
1595 4831 1880 4872 sermones
1911 4835 2011 4874 ceu
2048 4813 2092 4866 Ι)

430 4900 684 4956 subsidio
715 4904 1066 4960 necessarios
1095 4905 1163 4959 ad
1185 4905 1301 4959 veri
1323 4907 1701 4976 cognitionem
1731 4909 2011 4968 habueris.

331 5049 339 5054 _
434 5011 454 5046 ι
495 4994 692 5048 Omnia
727 4996 875 5050 enim
911 4998 1204 5067 praesentia
1241 4999 1715 5071 intelligentibus,
1763 5010 1819 5056 et
1865 5015 2014 5060 recta

426 5085 840 5144 invenientibus
869 5089 1182 5146 scientiam.
1225 5111 1244 5143 ι

497 5178 615 5233 Illic
638 5179 810 5250 igitur
838 5181 1130 5251 pulchrum
1163 5183 1444 5254 quoddam
1481 5195 1852 5258 curatumque
1875 5197 2032 5263 temg

427 5270 600 5340 plum,
656 5273 950 5344 magniﬁco
997 5275 1402 5348 splendidoque
1429 5277 1585 5332 cultu
1621 5279 1882 5335 decorum
1917 5296 2011 5335 oc-

2117 3545 2426 3617 διαίτημα),
2453 3549 2760 3620 ἐπικαίρως
2798 3551 3029 3606 αὐτόθεν
3063 3553 3188 3619 ἄρτι
3228 3557 3323 3609 τοῦ
3365 3559 3700 3628 παρθενικοῦ

2119 3638 2635 3708 προπομπεύσωμεν
2677 3640 2948 3712 σώματος.
2986 3645 3162 3698 Αὐτοῦ
3205 3647 3317 3719 γὰρ
3361 3650 3443 3714 εις
3481 3653 3697 3722 χεῖρας,

2117 3721 2178 3782 οὗ
2205 3731 2262 3781 ἐν
2284 3729 2430 3800 χειρὶ
2454 3730 2670 3782 πάντων
2689 3731 2848 3800 ἡμῶν
2872 3735 2927 3787 αἱ
2951 3733 3146 3804 ψυχαὶ,
3175 3737 3274 3809 τὴν
3295 3739 3498 3810 ἑαυτῆς
3527 3721 3700 3805 παρα-

2117 3817 2462 3890 καταθεμένη
2492 3820 2670 3890 ψυχὴν
2697 3823 2729 3891 ἠ
2761 3823 3106 3892 Μητρόθεος,
3140 3827 3240 3896 τὴν
3270 3830 3328 3880 ἐν
3356 3834 3524 3900 σαρκὶ
3555 3832 3698 3904 ζωὴν

2120 3913 2509 3983 συνεπέρανεν.
2535 3908 2650 3966 Εἶθ’
2666 3913 2839 3976 οὕτως
2862 3916 2962 3985 τὴν
2984 3917 3186 3982 ἐξόδιον
3207 3920 3517 3988 ἀκολούθως
3548 3941 3696 3994 ποιη-

2119 4003 2346 4072 σάμενοι
2382 4005 2724 4086 πρόοδονζτῇ
2761 4007 3011 4079 ἐφυμνίῳ
3046 4015 3351 4084 προπομπῇ
3387 4013 3478 4066 τὸν
3507 4016 3695 4086 ἐπική-

2117 4096 2257 4148 δειον
2281 4080 2706 4168 ἐπισυνὰψωμεν
2728 4099 2973 4156 ἔπαινον.
2993 4102 3152 4157 Οὕτω
3171 4080 3392 4176 γὰρκαὶ
3416 4108 3557 4160 κατὰ
3574 4080 3692 4179 ῥούν

2117 4189 2252 4256 ἡμῖν
2275 4190 2302 4240 ὁ
2327 4189 2485 4256 λόγος
2513 4189 2820 4262 δραμεῖται,
2849 4193 2945 4246 καὶ
2967 4195 3036 4248 τὰ
3065 4197 3356 4266 εἰρημένα,
3388 4198 3592 4270 τρανὴν
3615 4199 3694 4252 δέο

2119 4278 2266 4343 ξεται
2300 4281 2402 4352 τὴν
2434 4281 2757 4348 ἐξάπλωσιν.
2791 4283 2884 4338 Ἵν⁹
2915 4282 3010 4340 οὖν
3043 4287 3202 4341 τοῦτο
3233 4289 3486 4359 γένηται,
3541 4291 3692 4360 δεῦρο

2117 4372 2274 4426 ἄπιθι
2323 4374 2416 4428 καὶ
2464 4376 2724 4446 πρόϐαινε
2775 4379 3108 4452 φαιδροτάτῃ
3163 4381 3256 4434 καὶ
3307 4383 3691 4456 θυμηρεστάτῃ

2116 4465 2361 4538 ὀξυωπίᾳ
2394 4468 2496 4538 τῆς
2527 4469 2784 4536 διανοίας,
2809 4474 3087 4542 ἀγαπητέ,
3106 4475 3201 4528 ἐπὶ
3231 4475 3333 4547 τὴν
3363 4476 3690 4530 εύλαῦεστά-

2116 4577 2214 4628 την
2241 4560 2592 4632 Γεθσημανὴ,
2624 4563 2718 4617 καὶ
2749 4565 3104 4620 ἀνατύπωσαι
3137 4568 3349 4639 σεαυτῷ
3382 4569 3569 4623 εἰκόνα
3599 4571 3688 4635 ἐμ-

2116 4654 2259 4722 φανῆ
2277 4695 2292 4719 ,
2321 4656 2386 4724 τῇ
2417 4655 2639 4708 ἐκϐάσει
2665 4656 2776 4710 τῶν
2801 4659 3145 4728 πραγμάτων
3169 4661 3238 4714 τὰ
3266 4661 3539 4732 εἰρημένα
3567 4676 3690 4728 συγ-

2116 4745 2338 4815 κρίνων.
2379 4747 2456 4800 Ού
2502 4751 2610 4820 γὰρ
2657 4749 2824 4821 δεήσῃ
2873 4751 3104 4822 μακρῶν
3149 4753 3325 4821 λόγων
3365 4755 3450 4818 είς
3493 4755 3692 4825 ἐφόδων

2121 4837 2374 4907 γνώσεως
2395 4877 2410 4903 ,
2437 4843 2548 4903 τοῖς
2580 4841 2760 4912 ἔργοις
2801 4845 3124 4909 ἐνατενίζων
3157 4860 3172 4876 ο
3206 4863 3226 4898 ι
3263 4845 3450 4901 Πάντα
3479 4848 3586 4920 γὰρ
3615 4849 3694 4900 ἐνο

2123 4927 2272 4982 ώπια
2289 4933 2402 4994 τοῖς
2421 4931 2685 4998 συνιοῦσι,
2704 4933 2799 4986 καὶ
2817 4933 2956 5004 ὀρθὰ
2968 4937 3081 4998 τοῖς
3098 4936 3417 5008 εὑρίσκουσι
3441 4938 3688 5006 γνῶσιν.»

2191 5194 2366 5248 Αὐτοῦ
2400 5195 2462 5264 δὴ
2501 5195 2680 5250 τοίνυν
2713 5197 2966 5271 εὑρήσεις
3006 5201 3337 5272 περικαλλές
3375 5222 3433 5258 τι
3473 5206 3568 5260 καὶ
3605 5221 3692 5258 κε-

2120 5285 2471 5356 κοσμημένον
2514 5285 2838 5359 ἀνάκτορον,
2885 5289 3154 5362 πολυτελῆ
3198 5309 3260 5348 τε
3305 5295 3403 5348 καὶ
3450 5294 3695 5367 λαμπρὸν

1733 5433 2121 5492 COMBEFISH
2152 5436 2386 5494 ΝΟΤᾸΞ.

500 5519 613 5601 (30)
640 5519 1082 5601 ﬁa'olimevolqns
1109 5527 1361 5601 caelorum
1386 5529 1588 5601 aquila.
1631 5529 1694 5584 Ὀ
1721 5531 1828 5584 τῶν
1851 5532 2015 5600 οὐρα-

426 5588 536 5670 Ἆῷν
591 5588 935 5670 ὑψηλοπετὴς
981 5597 1192 5670 θεῖός.Δ
1229 5588 1712 5670 δίιηὶιὶ’θι)ἱιιιοιο
1780 5588 2015 5656 exornat

432 5655 722 5738 gbrysost.
777 5655 927 5738 ligni.
963 5665 1030 5720 de
1072 5655 1228 5738 falsis
1258 5655 1726 5738 propheti'sﬁetlita
1749 5685 1778 5723 a
1811 5655 2010 5726 Vossio

440 5722 654 5789 latine,
703 5742 767 5783 ac
813 5730 1001 5788 Grch
1059 5722 1275 5804 adjecto
1327 5722 2004 5812 A‘oactedé'quandtiéni

2123 5534 2310 5590 minus
2343 5516 3020 5607 sapiatClirysostomum,
3076 5555 3175 5596 nec
3195 5539 3386 5596 Graeca
3411 5541 3560 5597 edita
3601 5560 3696 5598 no-

2122 5607 2335 5730 mipent
2387 5605 2814 5679 Arcopagiiam:
2866 5609 3012 5666 forte
3065 5618 3247 5667 tamen
3287 5611 3483 5670 habuit
3524 5613 3698 5674 V'ossii

2122 5689 2182 5730 co
2225 5691 2310 5730 ex.

2121 5689 2310 5732 COUCX.
