4016 6130
381 349 526 423 1065
1424 343 1506 416 ΙΝ
1547 344 2100 417 DORMITIONEM
2142 354 2203 413 s.
2245 342 2534 412 manus.
2576 352 2626 411 ι.
3524 332 3659 411 1066

334 526 337 529 ,
384 468 771 542 περικείμενον
802 468 1027 539 κόσμον.
1054 465 1414 521 ’Υπδτοῦτον
1452 467 1543 519 τὸν
1582 465 1869 536 ὑπερφερῆ
1907 482 1920 516 1

2072 470 2278 516 curret.
2317 460 2434 517 Sub
2459 474 2523 515 ea
2553 456 2890 529 prmcelleuti
2920 466 3192 525 sacraque
3217 452 3403 520 domo,
3440 462 3497 509 tu
3525 458 3651 515 mihi

384 560 483 613 καὶ
526 558 865 629 Ξερότευκτον
902 553 1072 622 οἷκον,
1112 556 1451 627 κατανόησον
1493 557 1585 608 τὸν
1630 554 1968 626 νυμφοδόχον

2076 553 2227 623 quod
2261 568 2525 623 sponsam
2554 551 2788 622 recepit,
2825 563 2891 604 ac
2925 549 3195 620 virginale
3225 547 3319 603 Dei
3353 547 3659 607 Geuitricis

383 649 481 704 καὶ
519 647 847 720 παρθενικὺν
880 649 979 717 τῆς
1013 647 1275 700 Θεοτόκου
1317 647 1505 716 σηκόν.
1541 644 1880 715 Περίϐλεφαι
1912 643 1969 696 δὲ

2077 646 2370 701 considera
2405 646 2649 717 adytum.
2675 642 3054 712 Circumspice
3093 656 3222 697 vero
3262 641 3387 698 lidei
3431 641 3660 697 lumini-

381 744 496 804 τοῖς
525 741 623 811 τῆς
659 738 894 801 πίστεως
925 737 1139 807 ὄμμασι
1186 736 1296 789 τῶν
1331 736 1713 807 ίερογράπτων
1741 736 1841 804 τῆς
1873 732 1967 803 βα-

2076 735 2181 791 bus
2238 736 2564 792 decubantis
2610 736 2814 807 regina:
2861 736 3081 805 depicta
3132 734 3379 789 membra
3414 734 3588 807 (brevi
3631 752 3662 792 a

382 832 584 895 σιλίδος
620 831 799 902 μελῶν
835 831 937 901 τὴν
972 828 1316 884 κατάκλισιν.
1347 828 1451 882 Ἦν
1490 827 1591 880 οὐκ
1628 827 1710 890 είς
1753 821 1968 896 μακρὰν

2082 826 2278 886 funere
2303 845 2467 885 sacro
2498 830 2621 901 ejus
2651 830 2923 887 translato
2945 830 3330 902 tabernaculo)
3359 830 3510 885 nulla
3544 848 3664 887 ma-

383 923 487 993 τῆς
522 923 775 993 κηδείας,
815 920 1140 990 μεταθέντος
1173 920 1345 989 αὐτῆς
1380 919 1476 972 τοῦ
1515 918 1663 987 ἱεροῦ
1702 919 1966 988 σκήνους,

2079 934 2251 973 nuum
2285 934 2455 989 opera
2489 932 2722 976 cavante
2755 923 2899 989 ipsa,
2950 922 3232 976 caelatur-is
3270 933 3443 991 petrae
3478 920 3664 977 defor-

384 1018 441 1069 αἱ
470 1014 589 1068 κατ’
605 1015 777 1084 αὐτῆς
806 1011 1177 1068 κοιλανθείσαι
1205 1011 1305 1080 τῆς
1336 1010 1543 1080 πέτρας
1569 1009 1966 1078 ὑπογλυφίδες,

2080 1020 2246 1063 mata.
2284 1009 2585 1068 Sacrorum
2622 1013 2754 1068 item
2776 1012 3075 1068 doctorum
3106 1022 3317 1072 coetum
3353 1023 3666 1083 opportune

386 1104 821 1177 ἀχειροτεύκτως
848 1100 1292 1157 -ὲνετυπὼσαντο.
1337 1101 1605 1171 Εὑρήσεις
1644 1099 1834 1153 αὐτόθι
1876 1101 1971 1154 καὶ⁸

2081 1110 2466 1157 occurrentem
2535 1104 2739 1160 mentis
2803 1104 3274 1175 contemplatione
3340 1106 3667 1175 Spiritaliter

383 1199 484 1267 τὴν
515 1197 934 1266 καταντήσασαν
959 1196 1247 1267 χρησίμως
1272 1194 1381 1246 τῶν
1410 1194 1755 1264 ίερομυστῶν
1781 1192 1969 1263 ἀθροι-

2081 1197 2388 1256 scrutatus,
2422 1191 2538 1247 illic
2568 1192 2674 1248 loci
2711 1194 3013 1250 inveneris.
3071 1195 3165 1248 Ait
3215 1195 3362 1250 enim
3396 1211 3555 1252 sacer
3584 1197 3667 1252 in-

386 1308 501 1352 σιν,
533 1292 600 1360 τῇ
646 1288 790 1342 κατά
828 1288 954 1341 νοῦν
990 1288 1194 1359 θεωρίᾳ
1239 1287 1519 1357 μυστικῶς
1559 1286 1967 1357 ἐρευνώμενος⁸

2079 1287 2322 1350 tet-pres,
2355 1281 2624 1336 ineffabili
2660 1281 2753 1337 Dei
2802 1282 3152 1352 beneplacito
3198 1296 3263 1339 ac
3296 1284 3663 1353 providentia,

386 1382 757 1452 συμπαρεῖναι
789 1379 899 1450 γὰρ
931 1379 1053 1432 τότε
1089 1381 1252 1450 φησὶν
1285 1382 1312 1433 6
1348 1379 1697 1451 ἱεροφάντης,
1732 1378 1853 1432 κατ’
1878 1378 1970 1430 εὐ-

2079 1380 2433 1428 numerosam
2459 1371 2572 1428 Deo
2605 1373 2913 1430 aﬂlatorum
2950 1375 3195 1429 virorum
3229 1363 3663 1441 multitudinem,

382 1474 570 1528 δοκίαν
610 1473 918 1541 ἄφραστον,
962 1473 1063 1524 οὐκ
1108 1472 1495 1542 εὑαριθμήτων
1535 1472 1836 1544 ίεροφόρων
1874 1474 1968 1527 ἀν-

2083 1477 2191 1517 uun
2249 1471 2385 1522 tunc
2420 1464 2691 1523 adfuisse.
2750 1466 2822 1523 Ut
2874 1466 3044 1537 igitur
3101 1480 3330 1523 sensum
3385 1467 3666 1522 dictorum

384 1562 530 1633 δρῶν
552 1562 796 1633 ἀγυρμα.
824 1561 911 1624 Ὠς
938 1559 1003 1616 ἂν
1026 1556 1117 1614 οὖν
1142 1561 1242 1631 τῆς
1267 1560 1506 1623 διανοίας
1531 1559 1640 1614 τῶν
1665 1560 1970 1631 εἰρημένων

2082 1556 2597 1626 apprehendamus,
2676 1574 2816 1630 age,
2887 1559 3135 1615 ductrice
3188 1558 3363 1615 divim
3424 1559 3667 1630 Spiritus

386 1652 682 1723 ἁιᾲώμεθα,
716 1652 851 1722 φέρε
885 1653 952 1722 τῇ
994 1652 1355 1723 μυσταγωγίᾳ
1386 1650 1482 1704 τοῦ
1517 1651 1662 1704 θείου
1696 1666 1972 1723 χειραγω-

2083 1647 2338 1702 doctrina
2391 1663 2590 1715 sacra,
2642 1649 2933 1706 Sermonis
2991 1650 3251 1720 Matrem,
3286 1653 3537 1708 sermoni
3570 1667 3669 1721 pa-

384 1743 642 1813 γούμενοι
669 1741 807 1794 Πνεύ
818 1758 985 1812 ματος
1004 1783 1018 1805 ,
1046 1741 1393 1812 συλλήπτορα
1413 1741 1508 1795 τοῦ
1531 1740 1690 1811 λόγου
1714 1742 1809 1812 τὴν
1851 1743 1970 1813 Μη-

2085 1746 2300 1793 tronam
2326 1748 2380 1794 et
2403 1740 2736 1811 adjutricem
2770 1743 3134 1801 asciscamus.
3161 1742 3332 1800 Plane
3386 1746 3535 1800 enim
3569 1745 3671 1800 ad-

384 1840 524 1908 τέρα
547 1836 640 1890 τοῦ
646 1837 842 1904 Λόγου
871 1835 1179 1906 ποιώμεθα,
1211 1835 1487 1905 Παρέσται
1517 1834 1627 1907 γὰρ
1657 1835 1970 1903 ἀγαθοδότις

2098 1827 2192 1881 arit
2228 1829 2388 1882 velut
2433 1830 2561 1885 boni
2599 1832 2876 1903 largitrix,
2909 1847 2976 1888 ac
3000 1848 3166 1904 supra
3209 1849 3377 1904 quam
3430 1836 3684 1906 petimus.

386 1925 547 1994 οὖσα,
591 1927 878 1992 διδάξουσά
922 1944 983 1980 τε
1027 1928 1124 1980 καὶ
1174 1926 1495 1980 συνετιοῦσα
1538 1926 1724 1992 πλέον,
1771 1926 1805 1998 ἦ
1850 1927 1972 1981 ὅσον

2085 1920 2322 1978 docebit.
2363 1923 2469 1978 Sed
2499 1932 2555 1979 et
2593 1925 2710 1994 ipse
2751 1926 3028 1996 interpres
3059 1941 3239 1994 sacer,
3278 1927 3584 2000 doctorque
3616 1941 3671 1986 et

389 2024 549 2091 ήμεῖς
587 2019 1027 2092 παραιτούμεθα.
1056 2019 1218 2074 Ἀλλά
1256 2036 1347 2089 μοι
1385 2019 1481 2072 καὶ
1519 2019 1680 2084 αὐτὸς
1717 2020 1975 2090 παρείης,

2083 2022 2365 2084 spectator
2409 2030 2598 2069 rerum
2632 2016 3135 2086 comprehensione
3166 2019 3443 2089 majorum
3467 2062 3482 2087 ,
3521 2021 3669 2076 veri-

388 2111 678 2181 ὑφηγητὰ,
721 2109 899 2180 μύστα
936 2112 1030 2164 καὶ
1066 2109 1241 2180 θεωρὲ
1276 2108 1393 2162 τῶν
1422 2107 1705 2179 ἀλήπτων,
1743 2111 1838 2163 καὶ
1877 2111 1974 2181 τῆς

2085 2118 2188 2173 que
2237 2104 2586 2161 tabernaculi
2645 2107 2933 2175 sacerdos,
2983 2109 3120 2163 mihi
3171 2110 3346 2177 adsis,
3398 2125 3500 2167 nec
3559 2112 3671 2166 tuis

386 2204 599 2274 σκηνῆς
627 2204 726 2273 τῆς
754 2202 1015 2272 ἀληθινῆς
1045 2200 1317 2273 ίεροθύτα,
1348 2203 1443 2257 καὶ
1468 2204 1580 2267 τοῖς
1608 2203 1719 2264 σοῖς
1748 2202 1972 2272 ἐμφιλο-

2083 2194 2321 2251 libenter
2350 2198 2693 2265 lmmoranti,
2732 2213 2834 2253 ceu
2878 2215 3048 2255 manu
3081 2201 3373 2257 ductorem
3409 2210 3522 2259 tete
3568 2204 3669 2258 ab-

388 2299 587 2368 χωρεῖν
620 2295 856 2349 ἐθέλοντι
890 2294 1231 2365 χειραγωγὸς
1268 2294 1415 2366 εἴης,
1451 2294 1547 2348 καὶ
1584 2295 1720 2367 πρὸς
1751 2294 1850 2365 τὴν
1881 2293 1974 2347 τοῦ

2087 2288 2292 2354 nueris,
2349 2300 2707 2360 mentemque
2756 2305 2936 2346 meam
2991 2299 3052 2346 ut
3107 2292 3219 2347 vim
3280 2294 3497 2364 quaesiti
3549 2294 3673 2350 sine

390 2388 725 2460 ζητουμένου
767 2387 1001 2456 δύναμιν
1035 2386 1293 2450 ἀπλανῶς
1333 2387 1695 2458 καθοδηγοίης
1738 2404 1838 2457 μου
1877 2385 1976 2457 τὴν

2084 2393 2283 2435 errore
2315 2381 2685 2451 perspexerit,
2726 2381 3075 2451 inspectione
3097 2398 3164 2438 ac
3200 2385 3370 2440 tutela
3401 2384 3670 2456 spiritalis

388 2479 631 2534 διάνοιαν
656 2482 723 2549 τῇ
751 2479 989 2548 ἐποπτίᾳ
1024 2478 1125 2548 τῆς
1162 2477 1432 2548 μυστικῆς
1470 2477 1833 2547 ἀντιλήψεως.
1859 2475 1974 2528 Δείε

2086 2471 2272 2525 auxilii
2305 2472 2602 2529 direxeris.
2647 2473 2938 2552 Significat
2981 2475 3176 2547 itaque
3215 2477 3397 2533 verbis
3434 2479 3554 2534 suis
3583 2479 3672 2533 vir

391 2587 552 2624 κνυσι
571 2571 754 2622 τοίνυν
785 2569 874 2622 διὰ
894 2568 1003 2623 τῶν
1022 2568 1217 2622 ἑαυτοῦ
1239 2569 1416 2637 λόγων
1448 2571 1580 2640 ἡμῖν
1608 2570 1635 2622 6
1668 2566 1975 2632 θεσπέσιος,

2082 2563 2459 2632 admirabilis,
2526 2574 2708 2622 totum
2765 2567 2883 2623 fere
2947 2569 3329 2639 apostolorum
3384 2582 3667 2628 sacratum

388 2665 469 2727 ὡς
499 2666 647 2726 ἄπας
677 2663 860 2733 σχεδὸν
888 2662 995 2715 τῶν
1027 2663 1187 2735 ἱερῶν
1215 2662 1533 2716 ἀποστόλων
1557 2665 1585 2716 6
1612 2661 1819 2726 θίασος,
1847 2661 1974 2732 περῖ

2083 2657 2339 2726 chorum,
2366 2660 2437 2715 ad
2465 2663 2781 2719 venerabile
2812 2663 2951 2719 illud
2986 2679 3361 2738 magnumque
3406 2667 3500 2724 Dei
3552 2667 3669 2723 Ma-

389 2756 452 2808 τδ
486 2755 685 2807 σεπτὸν
719 2755 896 2807 ἐκεῖνο
930 2757 1026 2807 καὶ
1062 2754 1206 2824 μέγα
1236 2754 1335 2824 τῆς
1368 2752 1713 2823 Θεομήτορος
1747 2751 1975 2823 συνεγή-

2087 2747 2186 2803 tris
2211 2757 2472 2804 coactum
2512 2753 2920 2821 spectantium,
2963 2755 3387 2828 discipulosque
3421 2775 3520 2829 per
3545 2761 3673 2815 uni-

390 2862 559 2915 γερτο
600 2845 848 2917 θέατρον,
884 2848 977 2898 καὶ
1013 2847 1138 2909 τοὺς
1178 2845 1283 2899 ἀνά
1321 2847 1503 2900 πᾶσαν
1541 2843 1976 2917 διεσπαρμένους

2086 2855 2301 2897 versam
2332 2848 2539 2897 terram
2573 2844 2882 2913 dispersos,
2915 2861 3025 2901 una
3056 2859 3186 2902 tunc
3212 2848 3392 2906 fuisse
3433 2866 3672 2924 congre-

389 2942 490 3009 τὴν
520 2940 625 3010 γῆν
656 2939 935 3010 μαθητὰς,
969 2937 1085 3010 ἅμα
1115 2938 1238 2992 τότε
1275 2936 1765 3009 συνειλεγμένους,⁸
1788 2932 1864 2993 ὧν
1898 2932 1975 3001 εἷς

2086 2949 2259 3010 gatos.
2312 2939 2386 2996 De
2440 2954 2679 3011 quorutn
2737 2941 2854 3010 ipse
2899 2956 3132 2996 numero
3165 2941 3289 3008 fuit,
3325 2958 3450 2999 cum
3483 2945 3672 3002 divine

389 3029 462 3103 ἧν
500 3035 593 3087 καὶ
629 3034 789 3096 αὐτὸς
826 3035 922 3087 σὺν
958 3033 1208 3104 Τιμοθέῳ
1243 3034 1335 3086 καὶ
1367 3032 1612 3104 Ἱεροθέῳ
1642 3036 1757 3096 τοῖς
1790 3030 1975 3085 θεοσό-

2085 3031 2425 3100 sapientibus
2457 3030 2752 3087 Timotheo
2786 3040 2955 3103 atque
3002 3030 3346 3089 Hierotheo:
3383 3053 3404 3087 ‹
3445 3037 3580 3092 Cum
3615 3046 3671 3093 et

393 3141 539 3194 φοις.
572 3143 591 3176 ι
630 3124 821 3177 Ἦνίκα
850 3124 989 3194 γὰρ,
1022 3125 1183 3195 φησὶ,
1215 3123 1309 3177 καὶ
1336 3125 1527 3196 ἡμεῖς,
1558 3123 1634 3188 ὡς
1664 3119 1853 3187 οἶσθα,
1885 3123 1979 3177 καὶ

2084 3139 2206 3190 nos,
2238 3125 2438 3195 inquit,
2478 3134 2535 3179 ut
2566 3127 2714 3180 nosti
2740 3165 2755 3188 ,
2788 3135 2844 3181 et
2886 3136 2943 3181 tu
2968 3167 2981 3191 ,
3031 3139 3085 3182 et
3130 3129 3290 3182 multi
3339 3145 3406 3185 ex
3456 3132 3670 3188 sanctis

392 3219 580 3284 αὐτὸς,
610 3219 703 3271 καὶ
736 3216 918 3270 πολλοὶ
948 3215 1056 3269 τῶν
1088 3216 1250 3287 ἱερῶν
1277 3218 1310 3286 ἡ
1321 3217 1439 3286 μῶν
1466 3216 1732 3285 ἀδελφῶν,
1763 3217 1856 3269 ἐπί
1881 3217 1978 3285 τὴν

2087 3216 2354 3271 fratribus
2386 3218 2623 3294 nostris,
2654 3219 2721 3271 ad
2747 3233 2954 3286 corpus
3005 3220 3152 3289 quod
3176 3222 3304 3275 vitae
3332 3223 3670 3294 principium

394 3311 529 3366 θέαν
548 3310 643 3364 τοῦ
670 3309 977 3381 ζωαρχικοῦ
1004 3310 1100 3363 καὶ
1119 3309 1381 3378 θεοδόχω
1407 3308 1661 3379 σώματος
1689 3307 1980 3378 συνεληλύ-

2086 3309 2356 3373 dedisset,
2400 3308 2685 3379 Deumque
2710 3313 3075 3380 suscepisset,
3117 3315 3500 3370 contuendum
3536 3333 3672 3374 con-

394 3403 591 3474 θαμεν.
628 3422 646 3454 ι
678 3401 994 3474 Ζωαρχικὸν
1019 3401 1077 3454 δὲ
1108 3399 1270 3471 σῶμα
1292 3399 1403 3453 οὐδ’
1419 3400 1486 3454 ἂν
1512 3400 1640 3453 ἄλλο
1665 3402 1979 3469 νοήσοιμεν,

2091 3399 2451 3454 venissemus.
2487 3414 2506 3451 ι
2537 3397 2813 3454 Caeterum
2862 3400 3079 3455 nullum
3139 3403 3293 3458 aliud
3343 3407 3677 3474 cogitaveri-

394 3497 537 3567 πλὴν
568 3495 663 3550 τοῦ
704 3495 951 3566 θεοδόχου
994 3496 1091 3548 καὶ
1134 3491 1467 3562 παρθενικοῦ
1513 3494 1774 3563 σκήνους,
1819 3492 1877 3560 ἐξ
1919 3487 1980 3547 οὗ

2088 3508 2208 3548 mus
2240 3491 2450 3547 dictum
2493 3493 2852 3548 zoarcbicum
2877 3502 3103 3564 corpus,
3138 3504 3340 3566 praeter
3368 3500 3503 3555 illud
3524 3501 3674 3572 quod

392 3590 491 3644 καὶ
518 3588 579 3641 τὸ
607 3587 944 3659 πρόσλημμα
970 3584 1180 3650 θεώσας
1209 3586 1237 3637 6
1265 3584 1587 3655 ὑπερούσιος
1605 3625 1619 3650 ,
1654 3586 1747 3638 καὶ
1776 3586 1857 3649 εἰς
1885 3586 1978 3639 οὺ-

2088 3589 2253 3641 vitam
2278 3586 2568 3655 edidisset,
2589 3602 2656 3643 ac
2677 3586 2952 3658 virginale
2980 3589 3404 3646 tabernaculum
3427 3610 3442 3660 ;
3471 3608 3537 3648 ex
3563 3609 3674 3665 quo

394 3683 520 3736 σίαν
543 3679 761 3750 ἀληθῶς
786 3677 958 3733 ἐλθὼν
975 3719 989 3744 ,
1017 3679 1156 3749 ὑπὲρ
1182 3678 1371 3732 οὐσίαν
1395 3676 1656 3749 οὐσιώθη.
1682 3677 1756 3730 υὺ
1787 3677 1896 3748 γὰρ
1919 3676 1980 3730 τὸ

2089 3679 2251 3732 etiam
2287 3687 2629 3751 assumptam
2662 3694 2911 3747 carnem,
2936 3679 2985 3737 is
3015 3681 3114 3752 qui
3144 3681 3326 3753 major
3357 3684 3675 3743 substantia

391 3773 725 3830 Δεσποτικόν
744 3788 758 3803 °
785 3773 867 3825 ὅτι
896 3773 972 3843 μὴ
1000 3772 1106 3842 πρὸ
1129 3770 1223 3825 τοῦ
1255 3771 1459 3835 πάθους
1486 3771 1740 3842 παρῆσαν
1763 3772 1811 3824 οἱ
1845 3769 1977 3841 μετὰ

2091 3779 2189 3838 est,
2224 3770 2518 3828 divinitate
2571 3772 2842 3840 donavit,
2881 3781 3112 3846 totaque
3156 3777 3396 3834 veritate
3439 3779 3508 3835 ad
3543 3781 3677 3835 sub-

390 3868 456 3922 το
485 3867 657 3929 πάθος
682 3864 1094 3928 πιστεύσαντες.
1127 3883 1146 3917 ι
1175 3864 1522 3937 Θεολήπτους
1551 3863 1609 3919 δὲ
1639 3866 1922 3937 ίεράρχας,
1958 3884 1976 3918 ι

2089 3867 2344 3921 stantiam
2373 3865 2603 3922 veniens
2625 3905 2641 3931 ,
2670 3866 2856 3922 altiori
2891 3860 3062 3937 snpra
3094 3871 3470 3927 substantiam
3507 3872 3675 3929 modo

390 3962 519 4020 τοὺς
546 3957 819 4022 θιασώτας
846 3955 1000 4027 οἶμαι
1022 3957 1132 4011 τῶν
1155 3956 1435 4028 μαθητῶν,
1460 3950 1536 4022 ὼς
1560 3957 1861 4032 προέδρους
1887 3956 1976 4009 τοῦ

2090 3956 2452 4011 substantiam
2496 3956 2700 4013 induit.
2759 3957 2880 4013 Non
2940 3960 3087 4014 enim
3139 3960 3418 4032 ejusmodi
3472 3981 3676 4036 corpus

391 4053 579 4122 λόγου,
632 4051 818 4121 σαφῶς
847 4050 1081 4104 ἐνταῦθα
1129 4051 1452 4120 παραδηλοῖ.
1506 4052 1616 4105 Καὶ
1666 4050 1977 4127 θαυμαστὸν

2090 4047 2223 4102 illud
2262 4047 2615 4103 Dominicum
2654 4047 2844 4103 fuerit.
2868 4050 3008 4103 Nam
3042 4065 3153 4105 non
3185 4052 3500 4111 adfuissent
3546 4065 3676 4114 ante

392 4142 581 4209 οὐδὲν,
611 4144 659 4196 εί
693 4142 754 4195 τὸ
788 4141 992 4212 ἐξᾶραν
1026 4139 1215 4195 Ἠλίαν
1245 4141 1465 4212 πνεῦμά
1498 4159 1630 4195 ποτε
1652 4182 1666 4205 ,
1698 4141 1792 4195 καὶ
1822 4141 1978 4212 διφρ-

2084 4138 2442 4210 passionem,
2510 4138 2605 4209 qui
2672 4148 2800 4210 post
2884 4141 3204 4209 passionem
3277 4145 3670 4203 credidissent.

395 4235 595 4306 ελάτην
617 4232 848 4306 οὐρανοῦ
877 4233 1160 4304 πυρφόρον
1188 4226 1455 4288 ἀναλαϐὸν
1479 4236 1625 4305 ἄρτι,
1650 4235 1771 4288 τότε
1799 4234 1981 4289 κάκεί-

2091 4254 2110 4286 ‹
2165 4233 2277 4289 Deo
2308 4241 2492 4288 autem
2533 4231 2749 4288 adlatos
2791 4246 3083 4287 sacrorum
3143 4235 3468 4301 antistites,
3518 4258 3537 4290 ι
3578 4254 3673 4296 eos

324 4370 352 4398 η,
395 4342 522 4388 νους
561 4322 823 4395 ἐξαπίνης
865 4324 1142 4394 συνήγαγε
1185 4323 1274 4378 διὰ
1316 4325 1546 4397 νεφέλης
1586 4328 1645 4379 ὲν
1685 4326 1910 4397 πνεύμαε

2090 4336 2222 4398 puto
2281 4326 2432 4382 clare
2480 4324 2589 4381 hoc
2643 4326 2768 4381 loco
2836 4325 3209 4397 significatos,
3258 4329 3357 4398 qui
3407 4340 3597 4387 essent
3644 4350 3676 4390 e

408 4417 610 4490 Ῥᾷστα
635 4417 744 4488 γὰρ
775 4415 952 4470 πάντα
979 4415 1117 4488 Θεῷ,
1143 4415 1324 4480 καθὼς
1352 4418 1409 4472 ὲν
1430 4416 1509 4488 τῷ
1534 4418 1589 4470 Ἀ
1601 4418 1861 4490 μϐακοὺμ
1888 4437 1904 4472 2

2089 4417 2487 4490 discipulorum
2521 4417 2715 4486 choro,
2750 4427 3013 4488 tanquam
3045 4420 3197 4477 verbi
3232 4421 3542 4493 praefectos.
3562 4425 3675 4495 Nec

394 4512 471 4583 τῷ
505 4513 707 4582 Δανιὴλ
741 4511 1007 4582 ἔγνωμεν.

2091 4515 2391 4585 quidquam
2431 4511 2662 4578 mirum,
2701 4519 2760 4567 ut
2791 4511 3036 4583 Spiritus
3061 4515 3156 4584 qui
3188 4516 3471 4586 quondam
3517 4527 3677 4575 extu-

317 4591 554 4661 V‘nlissct
585 4603 780 4670 Etiam,
809 4602 1172 4674 aurigamQue
1213 4604 1339 4660 coeli
1392 4603 1693 4674 igniferum
1754 4610 2178 4679 assumpsisset,
2214 4621 2312 4662 eos
2343 4607 2510 4660 etiam
2539 4620 2636 4674 per
2666 4605 2870 4659 nubem
2897 4604 2954 4660 in
3021 4608 3220 4679 spiritu
3286 4609 3339 4663 id
3412 4614 3675 4682 temporis

294 4682 680 4754 ﬁlmomcnto
743 4698 1191 4768 congregaverit.
1242 4694 1378 4751 Nam
1447 4707 1579 4753 sunt
1626 4700 1813 4783 omnia
1867 4698 1977 4755 Deo
2050 4700 2257 4765 facilia,
2320 4695 2790 4769 quemadmodum
2866 4695 2924 4749 in
2987 4695 3248 4753 Ilabacuc
3307 4708 3362 4754 et
3451 4699 3677 4759 Dauicle

394 4794 655 4851 novimus
700 4789 744 4850 ί.

466 4885 705 4950 Τούτους
743 4884 799 4938 δὲ
840 4884 999 4948 ὅσους
1040 4882 1106 4939 ἂν
1148 4886 1249 4938 οἴει
1285 4882 1428 4952 τότε,
1471 4886 1749 4957 ἀγαπητὲ,
1792 4886 1988 4952 ἄλλους

2158 4878 2240 4937 Τιι
2270 4895 2424 4944 vero,
2476 4880 2705 4946 dilecte,
2752 4892 2921 4950 quam
2972 4877 3178 4934 multos
3219 4887 3386 4950 putas
3435 4899 3501 4938 ex
3551 4887 3674 4941 aliis

393 4983 620 5039 ἄλλοθεν
660 4980 894 5043 ὀπαδοὺς
943 4979 1132 5033 αὐτόθι
1176 4980 1631 5051 συνενεχθέντας;
1677 4980 1838 5035 τοῦτο
1878 4982 1979 5056 γὰρ

2089 4974 2340 5047 partibus
2375 4972 2492 5027 illic
2517 4972 2788 5027 societate
2830 4971 3202 5040 congressos?
3227 4972 3284 5026 id
3318 4975 3465 5028 enim
3499 4975 3675 5047 signi-

392 5075 550 5147 δηλοῖ
581 5073 670 5127 τό·
717 5092 735 5125 ι
778 5068 888 5125 Καὶ
924 5071 1110 5125 πολλοὶ
1141 5069 1251 5124 τῶν
1283 5071 1445 5141 ἱερῶν
1475 5072 1631 5142 ήμῶν
1661 5072 1926 5144 ἀδελφῶν.
1961 5095 1978 5129 ι

2090 5068 2212 5121 licat
2238 5065 2382 5135 quod
2438 5064 2556 5117 ait:
2613 5080 2632 5114 ι
2676 5059 2743 5117 Et
2801 5061 2960 5117 multi
3008 5077 3080 5117 ex
3137 5064 3348 5121 sanctis
3406 5065 3676 5127 fratribus

409 5164 498 5228 Ὠς
527 5160 689 5232 δῆλον
717 5157 854 5216 εἶναι
884 5161 1019 5231 μηδὲ
1048 5159 1156 5213 τῶν
1182 5159 1413 5223 ἑπτάκις
1428 5160 1560 5216 δέκα
1578 5202 1593 5226 ,
1620 5162 1729 5216 τῶν
1756 5162 1883 5217 ὖστε
1895 5173 1984 5235 ρον

2087 5158 2311 5215 nostris.
2345 5175 2364 5210 ι
2401 5153 2472 5212 Ut
2503 5155 2684 5227 palam
2728 5154 2802 5210 sit
2846 5169 3026 5225 neque
3062 5158 3417 5230 septuaginta
3451 5170 3673 5231 postve-

392 5254 862 5322 ἁναδεδειγμένων
898 5251 1139 5323 Χριστοῦ
1187 5251 1471 5323 μαθητῶν,
1512 5252 1881 5326 ήμοιρηκέναι
1921 5255 1978 5309 τὸ

2089 5271 2233 5310 mum
2300 5264 2521 5310 creatos
2561 5249 2773 5308 Christi
2827 5251 3133 5322 discipulos
3201 5252 3446 5312 defuisse
3495 5257 3675 5313 electo

395 5345 683 5399 θεόλεκτον
718 5345 892 5397 ἐκεῖνο
935 5341 1231 5415 συνέδριον.
1273 5341 1514 5407 Εἰκότως
1556 5344 1666 5415 γὰρ
1705 5344 1832 5409 τοὺς
1880 5345 1981 5416 μὲν

2091 5349 2166 5404 illi
2203 5365 2231 5403 a
2262 5347 2375 5404 Deo
2399 5344 2572 5402 coetui
2607 5352 2774 5416 atque
2804 5344 3066 5400 concilio.
3099 5344 3208 5400 Par
3249 5346 3398 5402 enim
3436 5358 3557 5404 erat
3616 5359 3677 5406 ut

391 5434 471 5499 ὡς
510 5435 904 5507 πρωτουργοὺς
944 5430 1041 5487 τοῦ
1083 5434 1387 5506 μυστηρίου
1424 5435 1522 5489 καὶ
1560 5434 1977 5508 φιλοθεάμονάς,

2090 5446 2205 5493 tum
2237 5437 2337 5502 illi,
2368 5437 2521 5491 velut
2561 5436 2660 5506 qui
2707 5434 2963 5506 primarii
2994 5436 3048 5490 in
3095 5437 3356 5509 mysterio
3388 5448 3579 5495 essent
3611 5455 3676 5497 ac

392 5523 572 5586 ένίους
608 5523 665 5577 δὲ
701 5524 792 5616 ξεί).
827 5525 945 5593 μετ’
962 5525 1156 5588 αὐτοὺς
1193 5525 1378 5590 εὐθὺς,
1404 5526 1480 5590 ὡς
1514 5526 1583 5581 τά
1616 5526 1848 5598 δεύτερα
1882 5529 1978 5600 τῆς

2092 5529 2399 5600 spectaculi
2454 5536 2727 5596 amantes,
2781 5534 2897 5583 tum
2974 5527 3066 5582 alii
3123 5537 3248 5598 post
3289 5546 3386 5588 eos
3447 5532 3673 5603 quidam

401 5613 682 5683 θεολογίας
720 5613 1015 5685 φέροντας,
1060 5614 1335 5686 Πνεύματι
1380 5615 1511 5688 θείῳ
1555 5615 1983 5682 συνελασθέντας

2091 5621 2283 5691 eisque
2312 5619 2576 5692 proximi,
2612 5626 2671 5674 ut
2698 5619 2794 5690 qui
2838 5620 3119 5677 secundas
3160 5621 3215 5676 in
3256 5622 3533 5694 theologia
3563 5621 3677 5681 fer-

473 5793 490 5833 ί
534 5790 678 5846 Dan.
710 5806 824 5853 xlv,
855 5788 926 5847 95
983 5806 1140 5861 seqq.

2599 5824 2604 5831 ,
2750 5801 2766 5825 ζ

726 5887 990 5948 i‘nnoc.
1021 5889 1135 5949 GR.
1181 5888 1429 5952 XCVII.
3246 5885 3317 5948 34
