4016 6130
508 175 544 206 κ

427 293 582 359 “1067

1739 294 2070 357 ΑΝΒΒΕᾹΞ
2093 293 2515 354 CRETENSIS

3575 308 3700 379 mss

409 473 416 483 ν
444 413 588 472 rent,
619 403 810 461 divino
839 405 1209 478 compellente
1253 405 1487 476 Spiritu,
1531 415 1778 462 actutum
1811 405 2005 474 suqu

2129 401 2388 472 ὑπόγυιον
2412 403 2666 476 ἀχθῆναι.
2709 405 2886 461 Τοῦτο
2923 408 3034 480 γὰρ
3087 403 3168 474 οἷς
3213 413 3472 485 ἐπιφέρει
3527 418 3699 490 δηλοῖ·

445 495 500 551 id
583 502 922 551 momentum
1003 495 1274 566 temporis
1349 505 1848 566 congregarentur.
1907 494 2022 550 Hoc

443 585 590 640 enim
627 583 905 654 signiﬁcat
928 601 992 639 ex
1020 585 1088 642 iis
1116 601 1238 656 quae
1265 585 1460 658 adjicit
1496 606 1510 642 :
1547 605 1566 639 ι
1604 590 1804 642 Aderat
1839 599 2022 641 autem

443 677 609 730 etiam
645 676 738 734 Dei
775 677 950 733 frater
989 677 1260 742 Jacobus.
1297 686 1354 736 et
1387 678 1588 736 Petrus
1616 719 1632 745 ,
1673 695 1925 736 summus
1958 692 2024 732 ac

441 769 940 840 praestantissimus
978 771 1366 844 theologorum
1401 782 1608 830 vertex.
1643 793 1662 826 δ
1701 773 1868 828 Plane
1893 786 2023 827 vero

444 859 612 916 fuerit
652 869 711 916 ut
751 865 876 932 quis
930 863 1240 922 admiretur
1303 867 1558 938 cogitans
1607 879 1665 922 ut
1711 868 1786 922 ita
1835 866 2022 922 subito

437 964 833 1010 convenerunt.

525 1043 630 1102 Ubi
672 1061 841 1116 porro
894 1062 1086 1104 omnes
1135 1050 1344 1119 pariter
1384 1051 1452 1106 ad
1490 1051 1680 1108 urbem
1709 1051 2024 1126 Hierosoly-

439 1150 582 1190 mam
605 1138 1007 1193 convenissent
1036 1139 1455 1210 (circumStahat
1511 1159 1645 1198 vero
1689 1143 2021 1202 immensum

438 1227 721 1299 quoddam
751 1231 1000 1300 agmen),
1019 1231 1152 1302 quid
1188 1234 1478 1302 acciderit,
1511 1251 1702 1304 qumve
1731 1237 1842 1294 sint
1871 1247 2023 1309 gesta

441 1323 816 1392 sequentibus
849 1322 1254 1379 declarabitur.
1289 1343 1309 1376 ι
1347 1325 1426 1379 Ac
1455 1333 1592 1393 tum,
1647 1328 1846 1398 inquit,
1902 1330 2021 1400 pla-

437 1415 588 1480 cuit,
628 1425 684 1469 ut
737 1422 863 1486 post
923 1416 1301 1485 spectaculum
1357 1420 1502 1472 sacri
1551 1433 1744 1476 omnes
1801 1423 2021 1478 antisti-

436 1514 539 1566 tes,
567 1521 668 1575 pro
695 1507 816 1562 suis
843 1507 1082 1577 quisque
1113 1507 1349 1574 viribus,
1387 1509 1618 1565 inﬁnitae
1648 1511 1871 1569 virtutis
1918 1515 2020 1570 bo-

435 1601 662 1656 nitatem
681 1600 1080 1656 imbecillitatis
1099 1601 1291 1658 Matris
1315 1601 1410 1660 Dei
1434 1603 1692 1662 laudibus
1703 1605 1977 1664 eﬂ'errent.
1995 1629 2012 1662 ι

437 1697 550 1761 Age
583 1693 890 1760 enimvero,
924 1693 1212 1750 videamus
1235 1734 1251 1762 ,
1294 1693 1572 1765 siquidem
1619 1699 1808 1756 videre
1855 1701 2020 1758 liceat

435 1783 918 1840 intellectualibus
947 1786 1150 1852 oculis,
1186 1786 1469 1854 quodnam
1505 1787 1642 1844 illud
1691 1792 1768 1847 sit
1799 1805 2017 1864 specta-

431 1869 645 1934 culum,
669 1885 734 1924 ac
761 1882 968 1940 quanta
1002 1873 1382 1944 pulchritudo,
1413 1893 1664 1950 quaenam
1694 1881 1822 1938 item
1857 1886 2012 1942 theo-

432 1959 612 2028 logia,
660 1961 718 2015 in
757 1963 962 2032 speciei
995 1963 1169 2020 Deum
1206 1965 1532 2026 delectantis
1566 1971 1760 2030 laudes
1819 1975 2013 2036 eli‘usa.

431 2049 704 2107 Lucidum
751 2055 938 2126 itaque
973 2070 1037 2110 ac
1091 2060 1256 2128 plane
1305 2059 1570 2116 decorum
1611 2069 2010 2134 spectaculum,

429 2141 580 2212 quod
611 2143 666 2197 id
693 2145 959 2215 temporis
992 2145 1101 2202 Deo
1137 2147 1334 2208 amatis
1364 2151 1502 2207 viris
1525 2154 1728 2222 illuxit,
1762 2167 1822 2213 ut
1859 2161 2012 2228 equi-

2148 511 2166 544 ι
2193 493 2380 564 Παρῆν
2407 495 2463 548 δὲ
2487 495 2583 548 καὶ
2615 498 2642 549 ὀ
2661 495 2988 566 άδελφόθεος
3016 499 3298 568 Ἰάκωϐος,
3317 505 3415 560 καὶ
3451 509 3698 584 Πέτροςή

2131 586 2407 655 κορυφαία
2435 589 2528 640 καὶ
2559 589 2914 662 πρεσϐυτάτη
2953 589 3064 646 τῶν
3093 593 3359 666 θεολόγων
3387 601 3646 675 ᾶκρῦτης.
3679 627 3697 659 ι

2124 674 2437 746 Θαυμάσειε
2473 679 2518 732 δ’
2536 679 2600 734 ἄν
2631 697 2743 747 τις,
2781 681 2962 738 αὐτῶν
2994 684 3057 740 τὸ
3090 685 3288 760 ἀθρόον
3317 692 3419 762 τῆς
3455 674 3701 752 συνελεύ-

2128 784 2264 833 σεως
2292 770 2509 825 ἐννοῶν.

2199 1043 2262 1096 Οἳ
2309 1043 2531 1098 ἐπειδὰν
2573 1047 2711 1100 κατὰ
2771 1047 2870 1120 τὴν
2923 1049 3281 1126 Ἰερουσαλὴμ
3327 1057 3446 1128 ἅμα
3511 1062 3700 1131 πάντες

2127 1134 2554 1207 συνεληλύθασιν
2621 1137 2872 1210 (ἄπειρον
2901 1141 2960 1195 δέ
2989 1160 3042 1196 τι
3084 1145 3271 1214 στῖφος
3320 1145 3389 1220 ἦν
3417 1151 3564 1224 ἀμφ’
3607 1158 3670 1209 αὑ
3749 1209 3757 1220 ,

2125 1225 2259 1292 τοῖς)
2282 1266 2296 1291 ,
2318 1227 2371 1278 τί
2395 1226 2610 1296 γέγονε,
2640 1229 2736 1282 καὶ
2765 1231 2890 1284 τίνα
2939 1238 3461 1308 πεπραγμάτευται,
3489 1245 3557 1298 τὰ
3582 1247 3700 1318 ἑξῆς

2123 1313 2376 1383 δηλώσει.
2425 1315 2602 1372 (Εἶτα
2624 1319 2734 1390 γὰρ
2765 1321 2964 1388 ἐδόκει,
3021 1327 3177 1398 φησὶ,
3224 1330 3365 1398 μετὰ
3422 1332 3525 1404 τὴν
3579 1313 3698 1390 θέαν

2125 1404 2365 1477 ὑμνῆσαι
2417 1409 2542 1472 τοὺς
2595 1411 2858 1482 ἱεράρχας
2921 1415 3288 1485 ἂπαντας,ὠς
3353 1421 3587 1490 ἕκαστος
3637 1423 3698 1500 ἦν

2127 1496 2333 1568 ἱκανὸς,
2359 1499 2460 1572 τὴν
2513 1502 2951 1574 ἀπειροδύναμον
2999 1507 3312 1582 ἀγαθότητα
3340 1514 3440 1586 τῆς
3483 1496 3697 1590 θεαρχι-

2122 1591 2227 1661 κῆς
2277 1593 2588 1660 ἀσθενείας.
2625 1617 2643 1648 ι
2695 1597 2858 1652 Ἀλλὰ
2886 1600 2970 1664 τίς
2999 1603 3033 1671 ἡ
3079 1603 3214 1671 θέα,
3251 1609 3349 1662 καὶ
3394 1610 3458 1664 τὸ
3510 1613 3742 1678 κάλλος·

2121 1682 2342 1776 ηλίκον,
2380 1685 2413 1758 ἢ
2448 1687 2876 1760 τίςὴἐφύμνιος
2923 1691 3176 1764 θεολογία
3219 1699 3320 1768 τῆς
3373 1700 3695 1776 θεοτερποῦς

2049 1758 2091 1812 Β
2121 1771 2488 1846 ὡραιότητος,
2539 1780 2676 1848 φέρε
2723 1758 2926 1852 ίδωμεν
2954 1823 2968 1847 ,
3016 1758 3179 1856 εἴπερ
3227 1758 3340 1844 οίάν
3387 1809 3447 1846 τε

2120 1868 2326 1938 νοεροῖς
2361 1868 2490 1922 ίδεῖν
2534 1869 2856 1942 ὀφθαλμοῖς.
2903 1872 3015 1928 Θὲα
3074 1881 3377 1954 φωτοειδής
3405 1903 3466 1939 τε
3493 1868 3698 1947 καὶ

2119 1958 2338 2030 πρεπὴς
2369 1962 2400 2032 ἡ
2433 1961 2556 2015 τότε
2596 1966 2711 2028 τοῖς
2744 1965 3068 2037 θεολήπτοις
3117 1975 3350 2040 φανεῖσα
3393 1979 3480 2049 εἴη
3509 1979 3598 2045 ἂν,
3625 1983 3696 2047 ὡς

2117 2049 2144 2101 ὁ
2172 2048 2308 2139 sps;
2341 2049 2524 2120 λόγος,
2559 2055 2592 2122 ἡ
2630 2053 2900 2124 παμφαὴς
2941 2055 3035 2109 τοῦ
3085 2059 3418 2129 παρθενικοῦ
3469 2070 3694 2141 σκήνους

2117 2139 2465 2213 θεολαμπὶα,
2523 2145 2646 2201 καθ’
2691 2147 2758 2217 ἣν
2810 2147 2869 2200 τὸ
2903 2147 3212 2221 ζωαρχικδν
3265 2157 3362 2209 καὶ
3427 2139 3694 2229 ὀλὸφωτον

427 2235 554 2291 dem
587 2237 825 2308 explico,
863 2239 1248 2297 iilustrissima
1295 2241 1403 2298 fuit
1438 2243 1727 2317 virginalis
1752 2251 2005 2308 taberna-

2115 2231 2313 2303 ὡρᾶτο.
2364 2236 2464 2306 τῆς
2527 2237 2792 2292 Θεοτόκου
2849 2239 3034 2310 σῶμα,
3069 2244 3129 2297 τὸ
3166 2245 3307 2320 ὑπὲρ
3361 2251 3547 2322 ἡμᾶς,
3604 2259 3696 2310 καὶ

426 2329 540 2382 culi
563 2343 665 2384 ceu
701 2344 733 2383 a
765 2328 879 2386 Deo
910 2331 1254 2406 eﬂ‘ulgentia,
1298 2351 1462 2406 quam
1504 2337 1754 2410 Deiparaa
1805 2359 2005 2416 corpus

2115 2325 2384 2416 ἡμέτερον
2405 2344 2417 2358 ·
2449 2324 2598 2384 διὀῦ
2630 2331 2777 2402 ζωῆς
2813 2333 2945 2403 ἡμῖν
2984 2333 3268 2410 θειοτέρας
3313 2343 3492 2414 ἀρχὴν
3524 2349 3554 2400 ὁ
3588 2348 3694 2414 ζω-

425 2419 587 2482 illud,
617 2436 718 2476 ceu
749 2421 875 2478 vita:
919 2424 1260 2496 principium
1321 2435 1614 2501 totumque
1667 2415 2005 2492 luminosum

2114 2415 2341 2510 αρζικὺς
2371 2416 2582 2488 Ἰησοῦς
2619 2420 2934 2492 ἐχαρίσατο,
2996 2425 3097 2494 τὴν
3131 2429 3408 2501 ὴμετέραι
3440 2435 3694 2510 ἀπαρχὴν

427 2510 706 2568 viderunt.
737 2513 979 2586 Corpus,
1005 2516 1256 2589 inquam,
1276 2535 1444 2592 supra
1477 2538 1581 2579 nos
1613 2541 1681 2582 ac
1712 2527 2005 2586 humanam

2112 2505 2261 2602 ζωῆς
2289 2509 2464 2582 ἀρχὴν
2531 2513 2919 2584 ποιησάμενος,
2947 2519 3014 2588 ῆν
3037 2520 3101 2573 ὲκ
3131 2522 3470 2598 παρθενικῆς
3517 2505 3693 2602 ἑαυτῷ

369 2603 376 2611 ’
425 2611 656 2667 sortem,
699 2611 754 2658 et
813 2613 1103 2675 nostram;
1153 2623 1268 2680 quo
1315 2612 1482 2669 nobis
1539 2614 1836 2675 divinioris
1885 2623 2005 2678 vitae

2112 2599 2306 2669 νηδύος
2354 2603 2652 2674 ὑπερφυῶς
2713 2607 3053 2676 ὲσχεδίασεν.
3117 2630 3135 2662 ι
3179 2613 3242 2666 Ei
3281 2615 3340 2670 δὲ
3382 2621 3415 2688 ή
3467 2599 3690 2696 ἀπαρχῆ

423 2694 784 2766 principium,
818 2695 1099 2765 primitias
1125 2709 1348 2759 nostras
1381 2719 1520 2774 quas
1553 2708 1660 2763 sibi
1689 2709 1809 2779 ipse
1835 2713 2005 2770 mira-

2111 2693 2262 2761 ἁγία,
2299 2694 2444 2748 κατὰ
2495 2696 2587 2752 τὸν
2625 2697 2976 2772 ’Λπόστολοη
3015 2703 3107 2758 καὶ
3130 2703 3194 2758 τὸ
3227 2707 3459 2782 φύραμα
3493 2693 3688 2787 δῆλῷλ

424 2785 614 2842 biliter
645 2802 714 2842 ex
745 2787 1000 2858 virginali
1027 2799 1181 2846 utero
1206 2793 1352 2849 velut
1389 2797 1660 2856 subitario
1684 2817 1849 2872 opere
1869 2820 2005 2861 con-

2110 2787 2204 2840 καὶ
2227 2788 2275 2839 εί
2315 2789 2348 2858 ἡ
2385 2786 2511 2860 ῥίζα
2543 2789 2699 2859 ἁγία.
2733 2791 2827 2846 καὶ
2855 2793 2904 2846 οἱ
2927 2793 3114 2850 κλάδοι
3138 2797 3434 2869 δήπουθεν.
3455 2824 3473 2856 ι
3499 2785 3693 2881 Ζωαρ-

420 2879 593 2946 lavit,
673 2879 797 2936 vitae
861 2881 1198 2952 principium
1259 2885 1504 2954 faciens,
1570 2893 1700 2949 vitae
1748 2896 2005 2970 princeps

2110 2878 2264 2948 χικὸν
2287 2879 2395 2950 ἄρα
2417 2880 2515 2950 τῆς
2541 2881 2810 2937 Θεοτόκου
2836 2883 2900 2938 τὸ
2922 2886 3104 2957 σῶμα,
3125 2891 3246 2945 ὅλον
3269 2894 3406 2948 αὐτὸ
3437 2898 3532 2969 τῆς
3569 2878 3691 2956 Oed-

421 2979 734 3043 auctorque
789 2967 979 3040 Jesus,
1032 2977 1340 3032 concessit.
1379 2997 1398 3032 ι
1437 2979 1596 3046 Quod
1645 2985 1691 3041 si
1741 2967 2005 3045 delibatio

2110 2985 2270 3040 τητος
2319 2969 2379 3024 τὸ
2437 2971 2747 3045 ζωαρχικὺν
2809 2977 3195 3052 εἰσδεξάμενον
3263 2967 3574 3060 πλήρωμα,
3630 2995 3692 3047 τδ

418 3069 640 3131 sancta,
687 3061 849 3132 juxta
887 3063 1238 3132 Apostolum,
1285 3068 1451 3138 plane
1491 3078 1546 3125 et
1590 3087 1813 3130 massa:
1853 3084 1908 3133 et
1957 3082 2004 3134 si

2111 3062 2483 3135 πολυτίμητον
2517 3067 2616 3136 τῆς
2645 3067 2947 3139 παρθενίας
2979 3075 3288 3146 κειμήλιον,
3321 3081 3349 3132 ὀ
3373 3081 3693 3157 ὑπερφερὴς

421 3151 582 3206 radix
614 3159 832 3217 sancta,
862 3153 1059 3223 utique
1081 3161 1136 3208 et
1164 3158 1305 3210 rami
1335 3160 1382 3212 ε.
1425 3177 1444 3210 ι
1481 3158 1580 3216 Est
1603 3177 1734 3234 ergo
1765 3163 2005 3236 Deipara:

2110 3156 2370 3225 οὐρανὸς,
2413 3159 2446 3226 ἡ
2483 3155 2897 3230 θεογεώργητος
2955 3160 3064 3230 γῆ,
3113 3167 3146 3234 ἡ
3199 3167 3425 3242 ἀπαρχὴ
3485 3151 3604 3226 έόζί
3633 3151 3692 3230 έν

419 3259 630 3314 corpus
670 3244 838 3299 vitale
868 3259 932 3300 ae
962 3260 1064 3301 ceu
1093 3246 1223 3303 vitae
1259 3249 1624 3322 initiativum,
1653 3257 1800 3326 quod
1828 3259 2004 3330 ipsam

2110 3248 2331 3318 Χριστῷ
2371 3247 2666 3312 θεωθέντος
2701 3250 3017 3322 Ἀδαμιαίου
3054 3256 3409 3327 φυράματος,
3445 3263 3508 3316 τὸ
3553 3282 3693 3320 παν-

416 3347 592 3395 totam
625 3337 854 3394 deitatis
881 3339 1104 3396 vitalem
1139 3341 1378 3414 vitaeque
1407 3346 1740 3405 initiativam
1766 3352 2005 3421 plenitu-

2110 3341 2290 3411 όμοιον
2319 3341 2417 3413 τῆς
2445 3341 2680 3412 ἀρχικῆς
2707 3342 3045 3414 ὡραιότητος
3063 3345 3318 3420 ίνδαλμα,
3359 3351 3389 3404 ὁ
3418 3353 3692 3428 θεοσφρά-

415 3429 602 3486 dinem
636 3430 690 3484 in
739 3447 799 3487 se
825 3432 1094 3514 suscepit.
1133 3433 1370 3506 Corpus,
1403 3438 1654 3510 inquam,
1690 3444 2002 3513 pretiosum

2110 3451 2293 3501 γιστος
2313 3433 2424 3488 τῶν
2453 3435 2786 3506 ἀπορρήτων
2807 3436 2903 3490 τοῦ
2931 3437 3068 3492 Θεοῦ
3095 3443 3384 3512 χριμάτων
3414 3445 3692 3522 θησαυρο-

414 3526 762 3596 virginitatis
796 3528 1024 3593 monile,
1061 3531 1383 3598 praecellens
1413 3534 1638 3601 crelum,
1691 3537 1800 3592 Deo
1852 3540 2004 3596 culta

2110 3525 2299 3596 φύλαξ,
2318 3527 2379 3579 τὸ
2395 3527 2501 3580 τῶν
2517 3527 2730 3596 ἀρετῶν
2757 3529 3104 3602 ἐνδιαίτημα,
3131 3534 3164 3603 ἡ
3195 3533 3364 3607 νοητὴ
3385 3537 3499 3592 τῶν
3531 3539 3690 3596 θείων

415 3620 888 3685 terra,-de|ibatio
913 3635 1114 3676 massa“:
1140 3622 1365 3678 humani
1397 3639 1464 3680 ex
1494 3625 1668 3682 Adam
1699 3631 1922 3702 generis
1945 3634 2001 3689 in

411 3711 638 3768 Christo
663 3712 874 3768 deitate
903 3711 1143 3779 donatae,
1173 3715 1456 3772 simillima
1491 3719 1764 3792 principis
1790 3726 2000 3795 Speciei

412 3812 584 3874 atque
615 3804 840 3860 decoris
864 3806 1330 3876 representatio;
1367 3823 1700 3866 arcanorum
1727 3813 1821 3870 Dei
1850 3815 2000 3886 judi-

413 3897 626 3950 ciorum
681 3911 712 3949 a
761 3896 871 3952 Deo
919 3897 1254 3970 obsignatus
1287 3901 1618 3970 thesaurus;
1653 3904 1996 3966 domicilium

412 3991 724 4056 virtutum;
786 3991 1058 4062 spiritalis
1113 3994 1451 4050 mirabilium
1521 3997 1726 4056 divinae
1789 4003 1846 4058 in
1895 4020 1997 4062 nos

407 4083 846 4156 dispensationis
873 4100 1196 4142 sermonum
1233 4088 1406 4157 liber;
1441 4091 1853 4162 inertpiicabilis
1877 4113 1999 4169 pro-

407 4179 654 4236 funditas
679 4180 1021 4236 inevacnatae
1059 4181 1424 4252 plenitudinis
1454 4183 1598 4254 ejus,
1631 4203 1651 4237 ι
1693 4188 1786 4257 qui
1811 4191 1995 4246 omnia

403 4273 595 4343 implet
627 4272 681 4326 in
731 4271 1080 4340 omnibush;
1119 4291 1138 4323 ι
1174 4272 1350 4329 turris
1397 4273 1716 4333 ﬁrmissima
1754 4279 1994 4338 abscon-

2100 3620 2201 3690 τῆς
2235 3621 2366 3690 περὶ
2404 3621 2552 3690 ἡμᾶς
2571 3622 2891 3693 οἰκονομίας
2934 3622 3112 3692 λόγων
3143 3627 3325 3698 πυκτή
3353 3645 3366 3659 ·
3387 3631 3414 3682 ὀ
3440 3631 3689 3704 ἀνερμή-

2101 3726 2289 3773 νευτος
2347 3709 2446 3780 τῆς
2501 3709 2778 3764 ἀκενώτου
2847 3711 3188 3783 πληρώσεως
3231 3716 3365 3769 «τοῦ
3403 3721 3584 3775 πάντα
3631 3725 3688 3776 ἐν

2101 3803 2235 3856 πᾶσι
2271 3801 2652 3873 πληρουμένου
2681 3821 2699 3854 ι
2741 3802 2924 3873 βυθὸς,
2966 3807 2994 3858 ὁ
3028 3806 3284 3878 ἀῤῥαγὴς
3307 3809 3521 3882 πύργος
3577 3815 3685 3869 τῶν

2098 3892 2437 3964 ἅποκρύφων
2490 3891 2745 3956 ἐλπίδων,
2809 3893 2909 3964 τῆς
2967 3895 3109 3966 ὑπὲρ
3159 3898 3286 3952 νοῦν
3344 3901 3618 3972 ἀφθορίας
3659 3909 3686 3959 ὁ

2098 3982 2392 4056 θησαυρὸς,
2412 3984 2444 4055 ἡ
2467 3982 2738 4053 βασίλειος
2763 3978 2858 4038 τοῦ
2897 3985 3266 4055 ἀνδρωθέντος
3300 3991 3683 4066 ὑπερανάρχου

2097 4077 2273 4146 Λόγου
2328 4076 2514 4147 στολὴ,
2547 4075 2607 4129 τὸ
2631 4077 2876 4144 ἐπίγειον
2934 4077 3030 4132 τοῦ
3091 4081 3350 4153 οὐρανίου
3406 4084 3684 4150 Βασιλέως

2097 4171 2393 4234 παλάτιον,
2441 4169 2501 4223 τὸ
2544 4167 2895 4241 περιώνυμον
2947 4169 3060 4224 τῶν
3114 4172 3279 4227 θείων
3335 4177 3477 4248 πρὸς
3531 4179 3676 4250 ἡμᾶς

2099 4260 2565 4331 συναλλαγμάτων
2631 4261 3026 4332 ἐργαστήριον,
3065 4263 3100 4333 ἡ
3137 4267 3519 4338 παναρμόνιος
3579 4269 3676 4339 τῆς

403 4364 534 4420 dita:
589 4363 741 4435 spei;
791 4363 1232 4432 incorruptionis
1281 4363 1627 4421 intellectum
1673 4374 1992 4440 superantis

2110 4355 2285 4426 ὶεῖκῆς
2304 4352 2753 4425 ὲνσωματώσεως
2783 4353 2908 4424 ὕλη,
2945 4356 2972 4407 ὁ
2999 4353 3255 4427 θεοτελὴς
3276 4358 3372 4412 τοῦ
3407 4377 3680 4431 παντουρο

405 4457 742 4518 thesaurus;
777 4455 928 4527 regia
957 4453 1126 4510 Verbi
1159 4455 1496 4526 principium
1527 4471 1690 4514 omne
1713 4475 1990 4532 superan-

2110 4455 2194 4527 τοῦ
2242 4454 2337 4508 καὶ
2361 4449 2748 4521 ἀριστοτέχνου
2783 4447 2956 4520 πηλὸς
2985 4486 3000 4510 .
3041 4447 3100 4514 ἐξ
3148 4442 3212 4503 οὗ
3252 4450 3378 4504 καθ’
3421 4454 3571 4522 ἡμᾶς
3613 4453 3680 4520 ᾇ.

406 4549 478 4603 tis
503 4547 682 4612 stola;
721 4554 1002 4602 terrenum
1035 4545 1286 4602 caelestis
1311 4545 1478 4616 Regis
1513 4548 1808 4619 palatium;
1837 4554 1985 4612 eele-

405 4639 522 4694 bris
559 4637 877 4692 divinorum
921 4650 1050 4691 cum
1085 4636 1414 4692 hominibus
1447 4647 1836 4698 eontractuum
1872 4647 1987 4703 om-

403 4733 531 4785 cina
571 4749 585 4798 ;

2095 4549 2244 4620 ήμᾶς
2281 4541 2479 4606 ὁλικῶς
2513 4542 2608 4595 καὶ
2645 4539 2864 4612 ἀληθῶς
2899 4541 2981 4604 είς
3019 4539 3214 4593 οὐσίαν
3255 4539 3430 4596 ἐλθὼν
3459 4544 3488 4596 ὁ
3512 4545 3675 4617 ὑπερ-

2093 4643 2276 4705 ούσιος
2307 4635 2564 4706 οὑσιώθη.

673 4729 1190 4803 congruentissima
1269 4729 1468 4786 divina:
1525 4731 1945 4796 humanationis
1984 4737 2252 4799 materia;
2301 4729 2487 4785 divine
2559 4724 2866 4797 perfectum
2938 4723 3058 4796 ejus
3101 4726 3194 4796 qui
3246 4725 3438 4780 omnia
3508 4727 3696 4781 edicit-

400 4823 706 4895 οριίηιῑφιε
730 4822 963 4878 artiﬁcis
1026 4821 1236 4885 lutum,
1291 4835 1360 4876 ex
1406 4836 1518 4891 quo
1563 4837 1719 4879 more
1774 4829 2018 4884 humano
2053 4833 2280 4900 propter
2353 4816 2632 4880 homines,
2667 4832 2732 4870 ex
2767 4823 2883 4872 toto
2911 4830 3151 4886 vereque
3178 4814 3244 4868 ad
3291 4816 3658 4872 substantiam

401 4915 675 4984 accedens
733 4916 830 4988 qui
890 4915 1264 4972 substantiam
1315 4921 1562 4986 superat,
1617 4916 1987 4978 substantiam
2029 4921 2259 4977 indutus
2281 4921 2388 4970 est.

468 5014 548 5065 Ac
587 5011 752 5081 plane
778 5007 978 5064 beatos
1019 5020 1218 5074 revera
1244 5005 1440 5064 oculos
1471 5005 1734 5078 labiaque
1767 5023 1984 5077 eorum,

368 5105 494 5177 _qui
525 5104 639 5159 hzec
667 5101 1129 5158 celebraverunt!
1167 5099 1300 5166 Quae
1347 5114 1482 5156 vero
1521 5100 1712 5174 lingua
1755 5105 1988 5175 mystica

399 5198 494 5253 illa
542 5211 607 5252 ac
661 5196 970 5252 sacratiora
1025 5193 1344 5264 spectacula
1398 5193 1752 5266 interpretari
1791 5198 1992 5267 queat?

397 5290 688 5358 Quodnam
722 5297 907 5345 autem
945 5287 1082 5343 illud
1116 5286 1391 5360 spiritalis
1422 5287 1564 5344 lucis
1595 5289 1991 5359 perSpicuissi-

397 5397 548 5436 mum
587 5377 1098 5436 vehiculum?Fuit
1134 5379 1252 5434 haec
1282 5378 1493 5450 lampas
1526 5379 1783 5450 illa,_per
1826 5395 1993 5451 quam

393 5475 632 5544 iustitiae
663 5475 834 5532 solem
857 5473 1044 5529 altiori
1073 5487 1242 5545 supra
1267 5481 1530 5528 naturain
1553 5472 1768 5530 ratione
1797 5481 1993 5528 natura

371 5567 664 5638 ,suscepit.
693 5562 825 5622 llaec
875 5567 1258 5624 intellectuale
1305 5566 1590 5636 speculum
1639 5573 1724 5622 est
1775 5568 1992 5638 paterni

476 5742 498 5779 ε
533 5740 694 5801 Rom.
751 5761 826 5812 ιι,
895 5746 980 5800 16.
1057 5747 1082 5786 h
1118 5743 1318 5814 Ephes.
1371 5742 1568 5808 tv,i0.

2163 5008 2276 5062 Καὶ
2295 5005 2340 5059 ὣ
2376 4998 2670 5074 μακαρίων
2695 4997 2867 5056 ὅντως
2893 4996 3181 5068 ὀμμάτων,
3201 4997 3297 5050 καὶ
3323 4999 3552 5068 χειλέων
3572 5001 3678 5053 τῶν

2093 5099 2414 5174 ὑμνηκότων
2435 5095 2610 5150 αῦτάῑ
2645 5091 2743 5155 Τίς
2767 5089 2814 5142 δ’
2849 5089 2917 5143 ἂν
2945 5090 3130 5143 ἐκεῖνα
3155 5088 3228 5142 τὰ
3255 5091 3501 5159 μυστικὰ
3557 5091 3678 5146 θεά-

2098 5210 2246 5268 ματα
2263 5190 2485 5262 γλώσσῃ
2511 5183 2957 5261 διερμηνεύσειε;
2980 5182 3078 5247 Τίς
3150 5180 3244 5235 τοῦ
3275 5185 3472 5268 νοητοῦ
3503 5185 3677 5268 φωτδς

2094 5263 2157 5338 τὸ
2186 5281 2483 5353 φανότατον
2523 5277 2744 5348 δχημοις
2799 5271 3018 5341 Ἐκείνη
3049 5271 3082 5340 ὴ
3112 5267 3339 5339 λαμπὰς
3363 5263 3479 5341 ἦν,
3515 5269 3583 5324 δι’
3611 5263 3678 5341 ἧς

2095 5377 2197 5448 τῆς
2220 5371 2571 5442 δικαιοσύνης
2601 5370 2690 5422 τὸν
2711 5366 2864 5439 ἥλιον
2900 5366 2935 5436 ἡ
2959 5363 3124 5433 φύσις
3149 5360 3292 5434 ὑπὲρ
3313 5363 3482 5431 φύσιν
3494 5360 3681 5428 ἐδέξα-

2096 5487 2176 5524 το.
2221 5465 2438 5534 Ἐκείνη
2469 5464 2530 5516 τὸ
2560 5462 2744 5531 νοερόν
2785 5460 2904 5513 ἐστι
2937 5457 3246 5526 κάτοπτρον
3273 5453 3373 5507 τοῦ
3411 5450 3676 5526 πατρικοῦ

2095 5560 2555 5629 ἀπαυγάσματος.
2625 5548 2876 5622 Ἐκείνης
2921 5553 2986 5623 τῇ
3015 5545 3364 5620 λαμπρότητι
3419 5549 3512 5600 τὸν
3575 5545 3678 5611 πρὸ
