4016 6130
451 416 593 484 1069

1533 417 1618 479 IN
1647 383 2190 478 DORMITIONEM
2223 415 2284 474 s.
2327 413 2618 478 MABI.-E.
2645 415 2696 475 Ι.

3591 419 3725 484 Ῑθῖι)

451 531 730 601 ἑωσφόρον
770 529 902 583 Θεὸν
949 529 1374 601 ἑνελάμῳθημεν
1395 545 1408 560 ⁸
1443 529 1585 602 αῦτη
1619 530 1820 584 ἐστὶνὸ
1841 530 2022 600 θρόνος

2136 524 2471 596 splendoris.
2507 524 2638 594 Ejus
2667 535 2770 580 nos
2797 523 3074 588 claritate,
3101 523 3198 579 Dei
3236 525 3328 596 qui
3366 534 3492 582 ante
3526 528 3728 584 lucil’e-

449 622 695 692 ὀὺψηλίις
724 621 817 675 καὶ
851 623 1183 692 ἐπηρμένος,
1224 625 1282 684 ὲν
1297 613 1340 688 ᾧ
1367 621 1574 693 Κύριος
1610 621 1838 675 Σαϐαὼθ
1903 621 2038 674 καθ-

453 719 681 787 ήμενος,
739 711 816 784 τῷ
854 713 1300 784 διορατικωτάτῳ
1330 713 1439 767 τῶν
1501 713 1797 785 προφητῶν
1837 712 2038 782 Ἡσαΐᾳ

445 805 688 860 τεθέατο.
749 803 900 874 Αῦτη
919 803 980 857 τὺ
1013 803 1292 874 βασιλικὸν
1351 803 1592 874 ὑπάρχει
1635 802 1730 856 τοῦ
1779 800 2036 873 οὐρανίου

445 900 634 966 γένους
661 897 904 967 ἀξίωμα,
935 896 996 950 τὸ
1027 898 1207 967 πάσης
1242 895 1520 968 ῑεροθύτου
1556 895 1816 968 λατρείας
1869 898 2036 964 ἁγια-

445 992 690 1061 στήριον,
710 991 770 1043 τὸ
791 988 979 1060 νοερὸν
1005 987 1111 1040 τῶν
1143 987 1307 1042 θείων
1329 988 1806 1058 ὁλοκαυτωμάτων
1833 986 2035 1057 θυμία-

447 1099 544 1152 μα,
573 1084 608 1153 ἡ
637 1081 796 1145 λαὸις
831 1080 925 1134 τοῦ
969 1077 1311 1152 καθαρτικοῦ
1371 1079 1667 1151 ἄνθρακος,
1703 1081 1738 1152 ἡ
1771 1079 2034 1150 Λευῖτικὴ

445 1173 661 1246 ῥάϐδος,
694 1175 728 1244 ἡ
766 1171 894 1244 ῥίζα
923 1169 1020 1224 τοῦ
1055 1172 1280 1236 Ἰεσσαὶ,
1313 1171 1376 1224 τὸ
1401 1171 1692 1226 Δαυῖτικὺν
1721 1172 2028 1243 σκῆπτρον,

441 1267 474 1335 ἡ
505 1265 691 1335 μήτηρ
738 1261 836 1317 τοῦ
885 1263 1225 1327 πλάσαντος,
1260 1263 1295 1333 ἡ
1323 1262 1478 1332 τίτθη
1513 1261 1611 1316 τοῦ
1645 1262 1966 1334 τρέφοντος,
1996 1265 2029 1334 ή

442 1353 587 1425 πύλη
620 1355 720 1424 τῆς
757 1352 1056 1424 Ἀνατολῆς
1087 1353 1355 1426 Χριστοῦ,
1395 1353 1494 1408 τοῦ
1525 1353 1586 1419 ἐξ
1618 1355 1790 1425 ὕψους
1832 1355 2032 1409 ἀνατου

439 1447 548 1500 λῶν
593 1447 980 1511 ἀνατείλαντος
1011 1487 1027 1512 ,
1077 1448 1106 1500 ό
1149 1445 1361 1518 βραχὺς
1425 1446 1630 1510 κόλπος
1683 1444 1782 1500 τοῦ
1825 1448 1888 1500 τὸ
1920 1449 2032 1502 πᾶν

439 1539 827 1606 περιέχοντος,
869 1536 931 1590 τὸ
975 1537 1209 1592 ἄσπιλον
1277 1535 1486 1608 ἔνδυμα
1550 1533 1645 1590 τοῦ
1703 1536 1878 1607 ἀμνοῦ
1935 1537 2032 1590 καὶ

441 1629 736 1699 ποιμένος,
779 1631 812 1700 ἡ
859 1627 1227 1701 άπειρόζυγος
1268 1627 1507 1700 δάμαλις
1547 1627 1646 1682 τοῦ
1695 1628 1899 1698 μόσχου
1932 1629 2028 1682 τοῦ

439 1721 719 1783 σιτευτοῦ,
741 1722 770 1773 ό
797 1719 1189 1792 καθαρώτατος
1210 1719 1380 1784 πόκος
1405 1721 1508 1791 τῆς
1532 1718 1788 1790 οὐρανίου
1811 1720 2025 1792 δρόσου,

439 1818 468 1882 ἡ
510 1811 770 1882 παρθένος
805 1811 876 1880 γῆ
905 1809 1002 1864 τοῦ
1031 1811 1128 1864 τὸν
1171 1809 1346 1882 Ἀδὰμ
1403 1808 1840 1878 ἀναπλάσαντος,
1871 1814 1900 1866 ό
1938 1813 2030 1866 oi)-

441 1907 600 1974 ρανὸς
655 1905 750 1958 τοῦ
807 1904 910 1972 τὴν
963 1904 1070 1974 γῆν
1117 1901 1555 1976 οὐρανώσαντος,
1598 1902 1661 1956 τδ
1715 1904 1858 1974 μέγα
1921 1904 2031 1959 τῶν

438 1994 740 2066 προφητῶν
782 1997 970 2067 ὅραμα
1007 2035 1022 2061 ,
1065 1995 1097 2049 δ
1140 1993 1472 2067 πολυμερῶς
1515 1995 1615 2049 καὶ
1669 1996 2032 2068 πολυτρόπως

438 2088 843 2156 φαντασθέντες
873 2089 920 2142 oi
954 2087 1139 2157 ᾰγιοι,
1185 2088 1287 2152 τὰς
1340 2085 1616 2159 μυστικὰς
1663 2087 2031 2153 θεοπλαστίας

437 2177 788 2247 συμϐολικῶς
831 2179 1212 2246 ἐδιδάσκοντο,
1255 2177 1353 2232 καὶ
1390 2177 1454 2232 τὸ
1493 2178 1642 2250 μέγα
1680 2181 1782 2250 τῆς
1819 2181 2030 2234 οἰκονο-

439 2273 568 2340 μίας
599 2272 904 2326 ἐτυποῦντο
940 2271 1263 2343 μυστήριον.
1306 2269 1372 2326 '0
1399 2269 1574 2342 μέγας
1601 2271 1659 2324 ὲν
1713 2269 1897 2342 μικρῷ
1923 2270 2032 2323 -κό-

437 2381 573 2433 σμο,
601 2365 698 2417 τοῦ
748 2364 839 2418 τὸν
876 2357 1092 2434 κόσμον
1117 2363 1221 2417 οὐκ
1257 2361 1390 2416 ὅντα
1423 2362 1846 2432 παραγαγόντος
1893 2360 2030 2432 πρὸς

435 2454 693 2527 ὓπαρξιν,
721 2454 815 2508 τὸν
844 2454 944 2525 τῆς
967 2451 1139 2507 αὐτοῦ
1163 2450 1591 2524 μεγαλειότητος
1615 2449 1872 2520 ἄγγελον.

518 2545 681 2598 Ἀλλὰ
742 2545 842 2615 τὴν
905 2541 1058 2597 οὕτω
1108 2541 1490 2614 τετιμημένην
1541 2543 1640 2596 καὶ
1719 2541 2032 2616 λελαμπρυ-

437 2636 648 2706 σμένην
675 2633 817 2704 Θεῷ,
841 2633 920 2704 τῷ
939 2632 1164 2688 πάντων
1177 2634 1518 2706 γενεσιάρχῃ
1547 2633 1648 2688 καὶ
1675 2636 1897 2704 συνοχεῖ
1921 2635 2030 2689 τῶν

433 2729 596 2792 ὅλων,
621 2728 740 2790 πῶς
769 2729 868 2780 οὐκ
883 2723 952 2797 ἦν
971 2725 1395 2798 ἀποθαυμάζειν
1422 2726 1518 2780 seu
1539 2724 1732 2796 κλίνης
1757 2726 2026 2798 κειμένην

431 2823 700 2890 ὁρῶντας,
733 2819 842 2872 τῶν
877 2817 1212 2890 σωματικῶν
1257 2817 1694 2872 ἀποπαυθεισῶν
1737 2817 1874 2890 αὐτῇ
1901 2818 2026 2872 τότε

431 2913 563 2967 δυνά
573 2929 718 2982 μεωι
743 2929 760 2979 ;
789 2911 965 2966 Τοῦτο
1006 2911 1138 2984 γὰρ,
1179 2906 1360 2982 οἶμαι,
1401 2910 1554 2981 δηλοῖ
1583 2910 1812 2980 φάσκων
1833 2913 1862 2964 ὁ
1889 2912 2028 2982 tepo-

435 3007 644 3074 φάντης
664 3021 678 3036 ·
722 3023 742 3056 ι
767 3005 881 3077 Τὴν
910 3003 1354 3076 ἀπειροδύναμον
1401 3001 1722 3074 ἀγαθότητα
1737 3003 1838 3074 τῆς
1866 3003 2026 3074 θεαρ-

431 3100 600 3170 χικῆς
647 3099 954 3162 ἀσθενείας.
990 3115 1009 3150 ι
1061 3098 1178 3152 Καὶ
1229 3096 1339 3168 γὰρ
1400 3092 1471 3168 ἦν
1509 3095 1665 3160 δέους
1727 3097 1926 3167 μεστὸν
1963 3097 2026 3151 τὸ

431 3189 748 3260 ὀρώμενοντ
783 3191 818 3259 ἡ
849 3189 1132 3260 ξωηφόρος
1155 3227 1171 3253 ,
1227 3187 1564 3259 νεκρόφορος
1585 3205 1598 3218 ·
1652 3189 1686 3258 ἡ
1745 3187 2020 3258 θεόμι).ος,

433 3281 678 3350 ἄφωνος·
713 3282 748 3352 ἡ
769 3281 844 3344 ὡς
873 3281 932 3334 ὲν
964 3279 1190 3352 κιϐωτῷ
1215 3282 1285 3352 τῇ
1324 3281 1514 3352 μήτρα
1567 3280 1669 3349 τὴν
1703 3280 1848 3349 ζωὴν
1866 3281 2023 3345 δεξα-

436 3375 595 3444 μένη,
621 3373 792 3444 νεκρά
821 3372 916 3426 καὶ
940 3371 1148 3434 ἄπνους
1183 3371 1278 3424 ἐπὶ
1309 3369 1503 3440 κλίνης
1550 3371 1806 3441 κειμένη.
1840 3371 2022 3442 Ἀπερ

431 3467 482 3518 εί
513 3465 609 3518 καὶ
639 3464 765 3531 ξένα
795 3464 893 3535 τῆς
923 3461 1164 3534 φύσεως,
1204 3462 1322 3516 ἀλλ’
1373 3462 1476 3515 οὐκ
1515 3461 1866 3531 ἀθαύμαστα.
1899 3463 2020 3515 Μυ-

436 3558 635 3628 στήρια
663 3557 773 3628 γὰρ
803 3551 873 3626 ἦν
902 3557 1020 3610 ἐκεῖ
1045 3553 1241 3626 νοητὰ,
1276 3553 1358 3624 τῷ
1379 3569 1446 3623 γε
1475 3553 1680 3624 νοητῶς
1704 3553 1836 3624 όρᾷν
1860 3552 2021 3606 δυνα-

437 3647 584 3718 μένῳ
608 3648 672 3701 τὰ
704 3649 824 3701 θεῖα
857 3662 871 3678 ·
905 3647 1066 3710 τόκος
1096 3645 1191 3700 καὶ
1221 3643 1516 3714 παρθενία,
1567 3642 1716 3712 λόγοι
1763 3645 2020 3714 προνοίας

430 3741 526 3796 καὶ
553 3742 809 3812 κρίσεως,
847 3739 1126 3811 ὑπεροχῆς
1153 3739 1248 3792 καὶ
1282 3737 1551 3808 ὑφέσεωςζ
1607 3736 1875 3806 μεγέθους
1913 3737 2016 3790 καὶ

429 3833 836 3896 ταπεινώσεως.
870 3829 1022 3886 Ἐκεῖ
1049 3831 1415 3902 σωματοειδὲς
1443 3828 1728 3901 ἀμαυροῦν
1751 3828 1846 3882 τοῦ
1865 3829 2016 3899 ἡλίου

427 3927 534 3988 τάς
563 3925 938 3994 λαμπηδόνας.
961 3923 1119 3978 Ἐκεῖ
1160 3923 1425 3994 θνητότης
1467 3921 1720 3986 ἀείζωος,
1779 3923 1881 3986 τὰς
1907 3921 2017 3976 τῶν

425 4017 684 4087 ὁρώντων
721 4017 874 4086 ὅψεις
923 4013 1394 4086 περιαυγάζουσα.
1467 4011 1706 4076 Πλοῦτος
1755 4013 1878 4066 ἐκεῖ
1924 4013 2016 4066 τὸν

426 4109 662 4176 οὐρανὸν
691 4109 813 4160 ὅλον
873 4106 1098 4176 πληρῶν
1145 4105 1240 4158 καὶ
1262 4107 1328 4158 τὰ
1358 4105 1599 4174 ἐπίγεια.
1656 4103 1852 4175 Θέαμα
1893 4121 2018 4158 και·
2053 4130 2057 4134 -

427 4200 521 4253 νδν
544 4200 637 4252 καὶ
663 4198 886 4252 πάντων
929 4197 1222 4267 θεαμάτων
1270 4193 1724 4267 ἀξιολογώτατον.
1759 4195 1824 4247 Τί
1857 4194 2016 4248 τοῦτο

424 4293 490 4344 τὸ
510 4290 814 4362 μητρόθεον
877 4291 1074 4360 σκῆνος
1113 4291 1206 4342 ἐπὶ
1252 4289 1503 4352 στιϐάδος
1548 4289 1823 4358 κείμενον,
1869 4288 1930 4353 ἐξ
1952 4282 2014 4344 οὗ

421 4385 560 4446 Θεὸς
588 4382 1066 4454 ἀγαλματοφορῶν
1094 4381 1154 4435 τὸ
1185 4382 1454 4454 ἡμέτερον
1476 4381 1747 4452 ἀνδρικῶς
1778 4381 2013 4452 προελή-

424 4478 556 4530 λυθε
577 4517 591 4541 ,
651 4477 747 4530 καὶ
777 4475 839 4528 τὸ
865 4475 1162 4544 κεφάλαιοκ
1185 4514 1199 4537 ,
1259 4476 1316 4526 ἐν
1341 4467 1387 4542 ᾧ
1421 4474 1522 4544 τῆς
1567 4472 2014 4544 ἀπογαιωθείσης

2142 607 2266 671 Υιιῶ
2299 626 2382 672 est
2419 617 2677 673 claritate
2705 631 2905 673 sumus
2937 617 3202 674 illustrati
3238 617 3282 674 ί.
3333 617 3458 673 llaec
3490 621 3728 677 sublime

2141 708 2278 763 illud
2322 709 2520 764 solium
2546 718 2630 765 eSt
2655 717 2710 765 et
2747 711 3048 777 elevatum,
3081 709 3136 765 in
3167 726 3277 780 quo
3307 710 3510 766 sedens
3546 711 3731 766 Domi-

2139 814 2247 854 nus
2275 799 2543 868 Sabaoth,
2581 803 2980 874 prephetarum
3021 803 3345 860 acutissimo
3376 805 3530 858 [sane
3577 808 3734 862 visus

2137 892 2302 950 esti.
2359 892 2522 962 Haec,
2605 895 2856 953 cmlestis
2904 897 3126 968 generis
3185 897 3390 970 regalis
3445 897 3730 970 dignitas,

2135 980 2313 1034 totius
2359 983 2506 1037 sacri
2537 983 2724 1040 cultus
2757 995 2814 1041 et
2851 986 3116 1041 sacriﬁcii
3161 990 3576 1055 sanctuarium,
3619 993 3733 1060 spi-

2137 1069 2320 1126 ritalis
2389 1072 2710 1130 divinorum
2789 1075 3298 1132 holocautomatum
3382 1079 3728 1149 thymiama,

2136 1160 2360 1232 forceps
2401 1167 2674 1223 carbonis
2707 1170 3030 1239 cxpiatorii,
3061 1171 3214 1240 virga
3247 1167 3520 1237 Levitica,
3572 1174 3730 1227 radix

2134 1248 2316 1318 Jesse,
2341 1268 2628 1326 sceptrum
2670 1257 3020 1326 Davidicum,
3072 1257 3315 1316 Fictoris
3347 1270 3550 1328 mater,
3581 1264 3735 1317 alen-

2133 1343 2207 1400 tis
2247 1349 2458 1413 nutrix,
2495 1359 2655 1418 porta
2697 1351 2948 1410 Orientis
2975 1352 3206 1417 Christi,
3241 1351 3488 1410 Orientis
3520 1370 3586 1409 ex
3616 1357 3730 1410 alio

2134 1433 2370 1492 orientis
2411 1437 2546 1510 (8|),
2598 1453 2874 1512 angustus
2913 1443 3073 1499 sinus
3109 1445 3296 1500 omnia
3349 1449 3731 1514 complecteu-
3796 1501 3801 1504 _

2135 1522 2230 1589 tis,
2272 1529 2440 1584 vestis
2491 1531 2614 1586 sine
2661 1534 2880 1590 macula
2935 1536 3077 1607 Δειιὶ
3131 1538 3342 1607 pariter
3370 1549 3425 1593 et
3457 1537 3729 1604 Pastoris,

2135 1619 2307 1674 vitula
2353 1619 2476 1690 iugi
2529 1637 2728 1693 expers
2780 1628 3015 1696 saginati
3069 1629 3252 1695 vituli,
3307 1630 3730 1686 ιιιιιιιόὶεεὶιηυιιι

2131 1711 2309 1766 vellus
2367 1715 2618 1770 caelestis
2669 1717 2839 1782 roris,
2902 1727 3056 1775 terra
3112 1721 3270 1792 virgo
3329 1723 3731 1780 iustauratoris

2131 1803 2285 1868 Adae,
2306 1805 2430 1874 ejus
2461 1806 2663 1862 cmlum
2695 1811 2786 1882 qui
2824 1820 3026 1868 terram
3053 1821 3108 1869 et
3125 1817 3296 1871 caelos
3313 1817 3486 1886 fecit;
3527 1836 3730 1890 magna

2061 1894 2105 1951 Β
2133 1895 2226 1950 illa
2266 1898 2665 1968 prophetarum
2692 1903 2862 1966 visio,
2895 1919 3064 1976 quam
3099 1908 3403 1965 multifarie
3430 1911 3730 1982 multisque

2132 1988 2313 2044 modis
2364 1991 2542 2046 sancti
2614 1991 3030 2064 imaginantes,
3103 1999 3445 2055 sacratiores
3511 2002 3730 2058 divinas

2131 2080 2406 2149 imagines
2487 2085 2797 2154 symbolice
2869 2087 3270 2156 docebantur,
3353 2109 3730 2165 magnumque

2130 2169 2574 2241 dispensationis
2634 2185 3049 2234 sacramentum
3093 2181 3404 2251 ﬁguraliter
3450 2185 3726 2256 inlrlligc-

2129 2263 2283 2319 bant.
2340 2264 2572 2338 Magnus
2632 2269 2727 2324 ille
2785 2273 2840 2326 in
2893 2287 3067 2343 parvo
3124 2278 3388 2343 mundus,
3435 2280 3558 2349 ejus
3631 2285 3724 2352 qui

2131 2357 2396 2412 mundum
2435 2373 2503 2412 ex
2553 2361 2729 2416 nihilo
2765 2365 2999 2430 creavit,
3027 2379 3141 2421 suae
3161 2369 3340 2438 ipsius
3371 2371 3726 2442 magniﬁcen-

2126 2445 2219 2500 tia:
2241 2449 2520 2502 nuntium.

2201 2537 2502 2594 Enimvero
2551 2543 2648 2612 qui
2677 2555 2791 2597 non
2822 2544 3316 2620 mirarentur,'qui
3353 2551 3433 2606 sic
3470 2551 3580 2607 Deo
3609 2571 3721 2608 0m-

2129 2632 2282 2684 nium
2316 2633 2536 2687 auctori
2559 2635 2860 2705 omniaque
2889 2641 3227 2706 continenti,
3261 2643 3724 2716 honoribusprm-

2129 2723 2318 2788 latam,
2354 2724 2799 2794 lectojacentem
2852 2732 3190 2800 aspicerent,
3237 2736 3722 2806 exstinctis_pl:me

2127 2816 2341 2870 viribus
2379 2817 2675 2888 corporis?
2706 2819 2822 2875 Hoc
2857 2823 3002 2876 enim
3047 2825 3334 2882 doctorem
3388 2845 3610 2886 sacrum
3651 2835 3720 2890 iis

2127 2909 2313 2966 verbis
2375 2911 2694 2980 significare
2760 2914 3068 2970 arbitror":
3129 2935 3148 2970 ι
3197 2921 3432 2980 lntinita:
3493 2927 3720 2984 virtutis

2127 3003 2432 3060 bonitatem
2489 3007 2888 3062 imbecillitatis
2942 3012 3326 3081 thearchicae,
3376 3035 3395 3068 ι
3464 3017 3568 3073 hoc
3632 3031 3720 3074 est

2127 3091 2350 3160 divinae,
2387 3109 2454 3151 ac
2499 3095 2593 3153 Dei
2635 3102 2854 3166 matris,
2907 3111 2963 3158 et
3011 3104 3162 3159 velut
3213 3107 3496 3177 principii.
3547 3109 3719 3169 Plane

2127 3185 2272 3238 enim
2302 3198 2422 3240 erat
2457 3189 2662 3245 timore
2684 3193 2908 3260 plenum
2943 3199 3514 3265 spectaculumNita:
3539 3216 3717 3260 mater

2126 3285 2418 3346 exportata
2460 3287 2680 3335 mortua
2707 3281 2855 3352 (82);
2913 3295 2975 3340 nt
3017 3300 3242 3345 assueta
3290 3292 3383 3347 Dei
3431 3298 3714 3366 coiluquio

2126 3380 2282 3422 muta
2306 3379 2474 3434 esset,
2507 3381 2559 3426 et
2587 3389 2709 3442 quae
2743 3376 2894 3430 velut
2927 3378 2981 3431 in
3020 3393 3212 3436 arcam
3245 3382 3425 3439 Vitam
3471 3388 3525 3442 in
3558 3392 3715 3444 vulva

2125 3459 2485 3528 suscepisset,
2519 3475 2733 3518 mortua
2762 3473 2814 3518 et
2844 3467 2966 3521 sine
2995 3470 3193 3540 spiritu
3222 3473 3434 3543 jaceret
3461 3480 3516 3532 in
3545 3481 3711 3538 lecto.

2122 3549 2342 3606 Aclicet
2369 3567 2557 3608 essent
2584 3569 2671 3610 res
2694 3557 2972 3626 ejusmodi
2999 3571 3198 3630 praeter
3217 3575 3434 3624 natura:
3461 3573 3711 3643 modum,

2122 3639 2272 3696 haud
2305 3653 2486 3699 tamen
2511 3647 2692 3704 minus
2717 3649 3145 3710 admirationem
3169 3657 3472 3717 habebant.
3494 3639 3714 3739 Quippe

2124 3734 2236 3789 illic
2276 3749 2628 3794 sacramenta
2677 3751 2834 3798 erant
2877 3749 3082 3806 mentis
3122 3753 3284 3808 oculo
3327 3734 3711 3829 aspcctabilia,

2122 3825 2166 3878 si
2201 3826 2331 3896 quis
2366 3830 2708 3888 mentalibus
2739 3835 2919 3891 oculis
2952 3837 3140 3894 divina
3169 3841 3360 3899 videre
3386 3825 3534 3915 pctis
3564 3825 3707 3904 erat.

2118 3914 2326 3988 Nempe
2353 3928 2544 3990 partus
2579 3935 2749 3994 atque
2777 3925 3098 3996 virginitas,
3127 3914 3507 3992 Providentiae
3542 3944 3712 3996 ratio-

2121 4025 2220 4065 nes
2257 4024 2424 4081 atque
2457 4013 2677 4081 judicii,
2712 4020 3060 4076 excellentiae
3099 4033 3154 4078 et
3191 4026 3550 4096 dejectionis,
3595 4051 3712 4089 ua-

2118 4103 2428 4172 gnitudinis
2499 4115 2554 4160 et
2616 4107 2978 4166 humilitatis.
3047 4112 3196 4170 Solis
3274 4118 3388 4174 illic
3464 4121 3708 4194 fulgores

2115 4196 2453 4252 obscurabat
2484 4213 2752 4270 corporea
2779 4203 3014 4272 species.
3047 4205 3165 4262 lllic
3191 4207 3527 4269 immortalis
3558 4232 3708 4270 mor-

2117 4288 2302 4345 talitas
2326 4289 2664 4345 intuentium
2697 4294 3065 4351 collustrabat
3115 4295 3306 4355 facies.
3343 4300 3562 4360 Divitiae
3589 4306 3707 4362 illic

2117 4390 2288 4435 totum
2343 4382 2542 4437 caelum
2601 4399 2668 4438 ac
2721 4393 2924 4441 terram
2959 4387 3264 4457 replebant.
3310 4391 3442 4447 Erat
3492 4408 3706 4466 specta-

2115 4475 2298 4530 culum
2373 4491 2615 4542 novum,
2691 4484 2858 4546 atque
2921 4479 3064 4536 inter
3126 4487 3442 4551 spectacula
3515 4493 3702 4546 omnia

423 4567 648 4636 φύσεως
709 4566 1110 4637 ἁναμορφιυῢὲν
1176 4564 1383 4636 έθεὼθη
1419 4567 1480 4618 τὸ
1534 4565 1801 4636 (pompa;
1832 4566 2010 4638 Καὶή

2125 4563 2344 4618 maximi
2375 4563 2720 4620 habendum.
2753 4564 3034 4633 Quantum
3091 4572 3225 4626 illud
3283 4584 3340 4630 ut
3380 4577 3470 4632 Dei
3508 4584 3704 4638 matris

425 4663 529 4732 μὲν
581 4660 682 4714 θέα
713 4660 942 4728 τοιαύτη
988 4660 1082 4713 καὶ
1130 4659 1303 4722 οὕτως
1351 4659 1586 4728 ἔχουσαο
1629 4659 1723 4712 καὶ
1775 4656 1916 4728 τάχα
1945 4675 2009 4726 γε

419 4752 710 4824 κρείττων,
745 4753 778 4823 ἢ
809 4752 885 4817 ὡς
913 4754 1070 4806 αὐτοὶ
1125 4753 1358 4823 μετρίως
1429 4750 1907 4822 συνδιεξήλθομεν.
1947 4751 2010 4806 '0

421 4846 594 4916 ὕμνος
619 4845 676 4899 δὲ
705 4845 790 4908 τίς
814 4863 831 4912 ;
859 4843 954 4898 καὶ
983 4843 1050 4897 τὰ
1079 4843 1398 4912 ὑμνούμενα
1436 4836 1563 4908 οἷα,
1595 4843 1830 4911 Χριστὸς
1864 4859 2010 4912 παρα

418 4943 540 5010 ητω
561 4939 657 4992 καὶ
680 4937 871 4991 διδότω
894 4937 1056 5005 λόγον
1093 4937 1248 5008 ἡμῖν,
1281 4935 1354 4997 ὡς
1375 4933 1554 5004 Λόγος
1591 4933 1684 4988 καὶ
1717 4933 1881 5003 σοφία
1915 4935 2010 4987 καὶ

416 5031 674 5102 δύναμις,
704 5031 799 5084 καὶ
851 5035 944 5084 τδν
975 5029 1244 5101 ἡμέτερον
1298 5027 1567 5098 όδηγείτω
1616 5025 1766 5091 νοῦν,
1797 5027 1894 5080 ἐπὶ
1939 5029 2011 5078 τὰ

417 5122 568 5193 φανὰ
594 5121 704 5174 τῶν
729 5121 890 5176 θείων
917 5119 1202 5193 ὑμνῳδιῶν
1245 5120 1665 5190 άπαυγάσματα
1688 5133 1700 5147 ·
1763 5111 1846 5182 οἷς
1870 5135 2009 5190 τρα-

501 5301 691 5357 iPsal.
721 5316 832 5367 cxx,
866 5302 923 5356 5.
1001 5301 1014 5350 i
1055 5299 1260 5367 Isa.vt,
1298 5298 1348 5353 1.

2121 4656 2562 4721 tabernaculum,
2631 4673 2698 4714 ex
2756 4673 2867 4730 quo
2911 4660 3064 4734 Deus.
3114 4663 3416 4723 humanam
3473 4671 3702 4731 indutus

2117 4749 2416 4820 imaginem
2474 4750 2690 4821 virique
2737 4755 3108 4824 processisset
3155 4759 3360 4828 specie,
3424 4775 3701 4836 caputque

2108 4841 2268 4910 illud,
2325 4843 2380 4897 in
2425 4857 2538 4913 quo
2563 4852 2802 4916 sumptae
2851 4861 2883 4903 e
2934 4853 3084 4904 terra
3140 4860 3354 4908 naturae
3400 4855 3698 4916 reformata

2109 4932 2433 5002 conspersio
2457 4933 2802 4991 divinitatem
2823 4937 3117 5006 induisset,
3151 4943 3349 5012 capulo
3376 4946 3697 5016 depositum

2107 5027 2432 5094 prostaret?
2459 5027 2538 5083 Ac
2569 5029 2794 5099 quidem
2821 5031 3113 5104 ejusmodi
3161 5035 3267 5092 fuit
3295 5043 3692 5110 spectaculum,

2109 5124 2163 5171 et
2189 5117 2263 5202 ita
2295 5119 2528 5186 habens,
2555 5129 2650 5176 aut
2687 5120 2828 5178 forte
2854 5125 3022 5180 etiam
3056 5130 3374 5198 augustius,
3397 5149 3696 5202 quamam-

1428 5297 1452 5337 ι
1491 5295 1547 5352 S.
1579 5293 1742 5366 Greg.
1790 5292 1946 5349 Orat.
1983 5293 2037 5347 in
2061 5294 2264 5350 Christi
2297 5295 2481 5351 Naxia.

1710 5381 2115 5465 consensu
2147 5410 2381 5468 morm.

492 5505 608 5576 (8|)
643 5503 876 5560 Orientis
897 5504 1120 5570 Christi,
1143 5505 1384 5570 orientis,
1403 5514 1514 5576 etc.
1533 5503 1702 5576 Abest
1721 5505 1999 5572 ejusmodi

2098 5510 2233 5580 petit
2267 5509 2578 5590 legendum,
2614 5520 2671 5566 ut
2725 5519 2832 5590 stet
2881 5515 3195 5590 antithesis,
3229 5535 3391 5590 quam
3449 5525 3685 5580 activum

413 5572 788 5658 aquiyocatio
827 5575 880 5628 in
911 5576 1135 5664 Graeco}
1175 5575 1272 5664 ubi.
1301 5575 1583 5664 propriqu
1613 5572 1816 5664 oriens
1841 5577 2002 5657 aliter
2096 5572 2600 5664 νεκροφόρος-(ῥξιέ
2622 5583 2854 5664 capulus
2879 5572 3260 5664 dic_atur,rsi've'
3273 5572 3390 5664 ipse
3415 5572 3685 5650 minus;

412 5644 776 5716 exprimitur,
804 5661 992 5716 quam
1041 5647 1122 5700 vel
1149 5645 1275 5716 cmli
1311 5660 1462 5712 pars,
1505 5644 1585 5698 vel
1614 5645 1996 5716 participium.

419 5713 635 5772 Dicitur
681 5713 940 5783 Christus
963 5715 1224 5783 ’Δνατολὴ
1273 5725 1326 5768 et
1369 5716 1586 5780 Oriens,
1613 5713 1779 5769 Zach.
1817 5731 1898 5782 Ill,
1931 5715 1996 5782 9;

401 5789 482 5835 νιν
526 5785 620 5848 12;
657 5799 722 5837 ac
756 5781 890 5838 Luc.
931 5801 968 5846 ι,
995 5785 1060 5839 ’18
1216 5781 1223 5783 ﬁ
1793 5802 1801 5809 ’

490 5857 605 5931 (8‘2)
649 5854 940 5919 Exportata
978 5866 1208 5908 mortua.
1265 5855 1633 5926 Νεκρόφορος.
1697 5855 1772 5910 Ita
1824 5855 1996 5914 series

2099 5650 2282 5728 [Intueri
2309 5662 2364 5705 et
2393 5650 2769 5728 libitinarius)
2823 5671 2928 5728 nam
2965 5659 3034 5712 ita
3071 5650 3522 5728 servat,'variato
3555 5669 3686 5723 sub-

2097 5719 2323 5812 jectopin
2349 5738 2459 5803 quo
2485 5719 2763 5812 contraria
2793 5727 3210 5788 admirationem
3243 5719 3476 5792 habeant
3539 5719 3684 5812 quod

2097 5792 2151 5845 iu
2179 5792 2404 5863 reliquis
2435 5807 2626 5850 auctor
2661 5797 2937 5853 observat.
