4016 6130
374 374 510 442 1031

1566 374 1628 435 S.
1672 370 2002 433 ANDREE
2037 369 2456 436 CBETENSIS

2322 256 2351 268 ’νυ

3512 373 3649 440 1072

371 490 457 545 bis
494 489 712 545 modice
765 500 1029 543 enarrare
1082 484 1326 541 licuerit.
1378 484 1653 543 Caeterum
1705 487 1868 558 quale
1909 493 1964 542 ct

2070 486 2289 540 νοῦσθαι
2354 487 2514 558 ἡμῶν
2562 487 2649 559 είη
2674 486 2973 551 διαπαντὸς
3020 487 3120 558 τὴν
3147 486 3411 554 διάνοιαν,
3449 482 3648 558 καὶῦφ’

369 588 644 649 quantum
668 577 771 635 fuit
793 576 1072 633 canticum
1086 577 1112 633 τ
1128 578 1383 649 qualiave
1403 578 1627 634 cantico
1650 577 1964 634 celebrata?

2070 573 2138 634 ὧν
2163 578 2503 651 ὲλλαμφθείη
2514 580 2613 649 μέν
2635 597 2696 633 τε
2728 581 2823 634 καὶ
2854 580 3378 652 συγκρατηθείημεν
3406 582 3468 635 ἐν
3502 581 3649 653 αὐτῷ

368 670 528 727 Adsit
560 669 837 735 Christus,
888 683 954 724 ac
994 670 1158 726 nobis
1186 684 1502 727 sermonem
1534 670 1798 741 praebeat,
1831 678 1959 724 tan-

369 777 535 833 quam
593 765 710 834 ipse
754 761 951 819 Sermo
1003 769 1060 819 et
1114 763 1390 834 sapientia
1446 771 1501 818 et
1548 764 1749 829 virtus,
1789 778 1957 833 seque

370 856 584 911 nostris
618 855 903 912 mentibus
952 854 1148 910 ducem
1201 855 1268 909 ad
1309 854 1608 926 praeclaros
1636 854 1955 909 divinorum

369 946 712 1002 canticorum
763 946 1090 1019 splendores
1132 946 1444 1002 exhibeat:
1483 946 1687 1016 quibus
1734 961 1795 1002 se
1846 949 1955 1000 uti-

2057 668 2282 740 Χριστῷ
2312 669 2389 741 τῷ
2419 670 2608 741 Κυρίῳ
2652 671 2842 740 ἡμῶψ
2881 666 2925 739 ᾧ
2960 674 2994 743 ἡ
3025 671 3155 735 δόξα
3201 672 3296 726 καλ⁸
3354 672 3419 726 τὸ
3454 675 3653 744 κράτος

2058 763 2159 818 σὺν
2188 762 2267 834 τῷ
2305 764 2711 835 παντοκράτορι
2744 765 2921 835 Πατρὶ
2950 766 3048 820 καὶ
3078 766 3155 836 τῷ
3186 764 3441 837 ζωοποιῷ
3475 767 3649 821 Ilvati-

2058 872 2214 926 ματι,
2250 854 2344 909 νῦν
2371 856 2466 910 καὶ
2487 856 2597 921 ἀεὶ,
2633 856 2728 910 καὶ
2751 858 2831 920 είς
2860 859 2990 922 τοὺς
3030 859 3237 922 αἰῶνας
3272 859 3384 913 τῶι
3413 857 3644 915 αἰώνων.

2067 946 2262 1018 Ἀμήν.

369 1054 499 1095 nam
548 1054 768 1107 semper
822 1039 1067 1110 explicet
1121 1047 1315 1094 noster
1375 1037 1596 1092 animus
1625 1045 1680 1092 et
1733 1035 2017 1106 cogitatio.
2059 1037 2264 1107 quibus
2321 1038 2491 1095 etiam
2549 1039 2900 1097 illustremur
2958 1041 3064 1113 ipsi
3116 1057 3183 1097 ac
3218 1057 3637 1109 conservemur,

370 1139 427 1192 in
457 1134 580 1203 ipso
628 1131 852 1189 Christo
893 1132 1126 1188 Domino
1155 1137 1371 1197 nostro,
1428 1130 1523 1186 cui
1575 1144 1702 1185 cum
1732 1126 1896 1183 Patre
1923 1129 2313 1200 omnipotenti,
2345 1146 2411 1187 ac
2441 1132 2660 1189 viviﬂco
2691 1134 2906 1206 Spiritu
2950 1135 3127 1207 gloria
3169 1136 3243 1191 sit
3270 1147 3326 1193 et
3385 1145 3647 1207 potestas,

371 1241 523 1283 nunc
546 1235 603 1284 et
637 1242 878 1298 semper,
921 1234 977 1283 et
1018 1226 1073 1280 in
1111 1226 1314 1282 saecula
1354 1225 1709 1281 saeculorum.
1751 1222 1947 1278 Amen.

937 1362 1202 1420 ORATIO
1239 1360 1381 1418 XIII.

440 1481 505 1536 In
541 1481 912 1536 darmitioncm
951 1478 1315 1535 sanctissime
1345 1466 1594 1549 Deiparce
1642 1472 1887 1530 Domina

1061 1560 1279 1605 nostra.

2691 1364 2912 1419 ΛΟΓΟΣ
2941 1363 3040 1421 Il".

2057 1475 2161 1543 Εἰς
2185 1476 2300 1546 τὴν
2329 1478 2618 1549 κοίμησιν
2644 1478 2754 1546 τῆς
2774 1482 3103 1551 ὐπεραγίας
3123 1483 3466 1552 Δεσποίνης
3484 1482 3655 1554 ἡμῶν

2701 1554 3023 1607 θεοτόκου.

1773 1678 2006 1734 (Count.
2031 1692 2079 1743 p.
2117 1679 2252 1743 131.)

442 1795 867 1845 sacramentum
902 1792 990 1843 est
1033 1772 1305 1842 hodierna
1333 1780 1649 1846 celebritas,
1677 1783 1771 1835 cui
1815 1778 1961 1833 ratio

2132 1781 2452 1853 Μυστήριον
2481 1784 2516 1854 ὴ
2539 1783 2790 1855 παροῦσα
2821 1785 3152 1858 πανήγυρις,
3185 1785 3445 1843 ὑπόθεσιν
3493 1789 3651 1860 ἔχου-

368 1887 426 1936 et
456 1887 844 1952 argumentum
884 1877 978 1933 Dei
1029 1876 1330 1932 Genitricis
1381 1873 1686 1938 dormitio,
1734 1872 1960 1940 vimque

374 1978 547 2025 totam
598 1970 875 2025 sermonis
925 1975 1175 2039 superat.
1211 1966 1635 2022 Sacrameutum
1685 1970 1793 2027 est,
1826 1963 1960 2018 liac-

372 2071 535 2118 tenus
564 2061 788 2132 quidem
822 2062 1015 2133 paucis
1054 2059 1393 2115 celebratum
1429 2056 1566 2127 (83),
1592 2056 1738 2126 quod
1775 2063 1957 2110 tamen

372 2170 570 2210 omnes
599 2154 801 2210 honori
828 2169 894 2209 ac
940 2152 1221 2208 desiderio
1248 2151 1514 2206 habeant.
1548 2148 1749 2204 Nostra
1787 2161 1957 2219 porro

371 2245 698 2301 solemnitas
743 2253 797 2299 et
850 2243 1089 2299 celebris
1119 2250 1453 2308 conventus,
1488 2240 1827 2296 sacramenti
1860 2238 1958 2294 de-

373 2339 630 2401 claratio,
682 2337 799 2393 sive
852 2334 1151 2406 explicatio
1185 2340 1272 2390 est
1305 2352 1318 2389 :
1355 2349 1421 2389 ac
1461 2333 1720 2405 quamvis
1777 2331 1958 2387 libens

372 2430 660 2485 silentium
705 2427 892 2483 verbis
931 2433 1252 2496 anteponat,
1311 2425 1423 2480 vim
1479 2433 1663 2480 tamen
1720 2421 1961 2479 faciente

356 2523 678 2588 desiderio,
724 2522 893 2577 etiam
942 2519 1225 2575 modicum
1282 2517 1691 2588 aliquantulum
1730 2516 1958 2582 cedens,

373 2632 692 2689 quanquam
734 2629 847 2669 non
881 2613 1219 2668 habentibus
1252 2596 1533 2675 fiduciam,
1590 2623 1655 2664 ac
1697 2625 1799 2665 nec
1829 2623 1960 2680 pro-

359 2715 549 2785 ,priam
576 2709 963 2783 ignorantibus
993 2706 1394 2770 inﬁrmitatem,
1424 2710 1517 2759 aut
1546 2718 1710 2774 quam
1745 2703 1961 2759 modice

377 2808 556 2878 longa:
625 2800 1027 2859 taciturnitatis
1086 2812 1292 2853 arcano
1348 2795 1664 2851 defuncturi
1735 2794 1960 2859 simus,

364 2898 528 2970 loqui
580 2894 872 2967 permittit.
911 2891 1080 2948 Festo
1133 2905 1265 2962 ergo
1318 2896 1598 2945 conventu
1658 2902 1722 2943 ac
1773 2887 1964 2942 laetitia

366 2990 600 3063 publica
630 2986 1022 3046 celebrandum
1054 2985 1285 3048 donum,
1310 2997 1423 3038 non
1448 2981 1695 3038 tenebris
1719 2981 1964 3037 obruen-

379 3085 515 3141 dum
561 3102 575 3138 :
613 3097 723 3138 non
756 3077 1130 3145 obruendum,
1163 3076 1415 3146 inquam,
1449 3076 1598 3131 velut
1631 3090 1828 3131 recens
1879 3075 1964 3129 in-

2066 1889 2135 1925 σα
2198 1872 2299 1943 τῆς
2351 1874 2618 1930 Θεοτόκου
2660 1877 2762 1945 τὴν
2804 1877 3084 1948 κοίμησιν,
3118 1879 3212 1932 καί
3242 1879 3419 1949 λόγων
3480 1884 3655 1953 ὕπερ-

2066 1963 2299 2035 αίρουσα
2353 1966 2604 2037 δύναμιν.
2632 1969 2974 2040 Μυστήριον,
3007 1972 3067 2023 οὐ
3101 1972 3254 2043 παρὰ
3286 1973 3504 2037 πολλοῖς
3554 1975 3656 2043 μὲν

2066 2055 2168 2126 ἤδη
2196 2056 2555 2127 τελούμενον,
2597 2059 2751 2130 παρὰ
2798 2062 2934 2114 πᾶσι
2964 2061 3023 2115 δὲ
3056 2061 3154 2117 νῦν
3203 2065 3299 2117 καὶ
3342 2063 3656 2136 τιμώμενον

2067 2148 2163 2202 καί
2204 2149 2591 2221 στεργόμενον.
2650 2151 2763 2205 Καὶ
2788 2149 2948 2206 τοῦτο
2983 2155 3141 2225 ἡμῶν
3160 2157 3311 2210 ἐστιν
3345 2158 3379 2226 ἡ
3407 2160 3657 2226 πανήγυ-

2069 2257 2174 2313 ρις,
2197 2244 2230 2312 ὴ
2266 2242 2360 2295 τοῦ
2400 2245 2702 2315 μυστηρίου
2732 2246 3060 2318 φανέρωσις,
3094 2249 3178 2319 ἦτ’
3209 2247 3305 2303 οῦν
3324 2249 3654 2314 ὲξάπλωσις.

2065 2333 2129 2386 Εἰ
2154 2336 2246 2388 καὶ
2264 2339 2580 2408 προκρίνειν
2599 2337 2857 2392 ἐθέλουσα
2879 2338 2991 2391 τῶν
3009 2337 3185 2407 λόγων
3214 2339 3315 2409 τὴν
3347 2339 3561 2410 σιωπὴν
3581 2333 3668 2402 ⁵⁸⁸,

2067 2425 2174 2479 ὑπὸ
2194 2426 2290 2480 τοῦ
2320 2428 2487 2482 πόθου
2541 2429 2811 2500 βιάζεται,
2860 2430 2957 2484 καὶ
3022 2430 3220 2501 μικρὸν
3278 2431 3406 2484 ὅσον
3469 2431 3655 2494 αὐτοῖς

2067 2516 2385 2572 ὑπενδίδωσι
2419 2519 2513 2573 τοῦ
2567 2518 2748 2590 λέγειν
2795 2521 3208 2593 παραχωροῦσα
3234 2539 3250 2556 ·
3293 2524 3502 2597 καίπερ
3552 2525 3654 2578 οὐκ

2068 2608 2253 2679 ἔχουσι
2279 2610 2341 2662 τὺ
2372 2609 2620 2682 θαρρεῖν,
2652 2612 2776 2665 οὐδὲ
2802 2612 2903 2687 τὴν
2928 2614 3145 2668 ἑαυτῶν
3172 2615 3462 2683 ἀγνοοῦσιν
3484 2615 3653 2670 ἀσθέ-

2069 2702 2290 2771 νειαν,ἢ
2314 2703 2463 2766 ὅπως
2490 2703 2557 2757 ἂν
2591 2705 2828 2775 μετρίως
2860 2704 3281 2775 ἀφοσιώσωνται
3304 2711 3402 2778 τῆς
3435 2710 3654 2778 μακρᾶς

2078 2793 2294 2861 σιωπῆς
2313 2794 2375 2847 τὸ
2396 2795 2732 2867 ἀπόρρητον.
2768 2797 3216 2870 Πανηγυριστέον
3249 2794 3344 2853 οὖν
3372 2806 3434 2853 τὸ
3456 2800 3653 2871 δῶρον,

2068 2886 2208 2941 ἀλλὰ
2240 2887 2315 2959 μὴ
2345 2890 2691 2960 συγχωστέον
2718 2905 2731 2919 ⁸
2761 2891 2836 2962 μὴ
2859 2891 2942 2944 ὅτι
3000 2890 3319 2962 πρόσφατον
3383 2892 3499 2963 ἔχει
3551 2892 3654 2960 τὴν

2070 2978 2308 3050 ε’ύρεσιν,
2339 2982 2453 3035 ἀλλ’
2478 2984 2561 3036 ὅτι
2593 2983 2731 3054 πρὸς
2757 2984 2859 3053 τὴν
2887 2985 3098 3039 οἰκείαν
3126 2985 3435 3055 ἐπανῆλθεν
3452 2986 3658 3056 εὐπρέ-

2073 3089 2253 3127 πειαν.
2274 3075 2350 3127 Οὐ
2375 3074 2485 3146 γὰρ
2513 3074 2719 3129 ὲπείτοι
2747 3078 2858 3130 τισὶ
2885 3076 2993 3131 τῶν
3015 3077 3122 3148 πρὸ
3156 3077 3316 3149 ἡμῶν
3341 3079 3403 3131 οὐ
3425 3078 3655 3146 διέγνω-

378 3184 631 3239 ventum,
687 3170 784 3228 sed
821 3170 966 3241 quod
1002 3167 1072 3222 ad
1100 3182 1264 3224 suum
1292 3167 1447 3222 illum
1474 3165 1733 3221 decorem
1782 3166 1963 3221 redie-

2070 3180 2183 3228 στο,
2209 3164 2312 3236 ἤδη
2352 3145 2462 3219 καί
2508 3165 2818 3221 σιωπᾶσθαι
2874 3145 3069 3232 ἄξιον(
3094 3145 3212 3223 an;
3257 3169 3342 3222 ὅτι
3380 3168 3454 3240 μὴ
3480 3145 3657 3239 πάντη

380 3268 480 3335 rit,
505 3263 915 3322 celebrandum.
946 3258 1065 3315 Non
1091 3259 1237 3316 enim
1266 3273 1377 3330 quo
1406 3257 1660 3314 nonnulli
1686 3259 1964 3329 majorum

377 3364 738 3431 perspectum
788 3353 971 3409 minus
1022 3351 1343 3418 habuerint,
1389 3351 1558 3407 etiam
1610 3349 1774 3405 modo
1814 3349 1967 3405 sileri

384 3448 658 3514 debuerit,
717 3446 828 3501 imo
861 3443 1009 3516 quod
1045 3459 1152 3500 non
1184 3459 1414 3514 prorsus
1453 3441 1729 3513 ell'ugerit,
1777 3451 1971 3499 sancte

383 3541 553 3599 fuerit
581 3537 1002 3596 celebrandum.
1028 3535 1113 3591 Sit
1130 3552 1260 3606 ergo
1285 3551 1431 3592 unus
1463 3535 1626 3590 hodie
1655 3534 1969 3604 cmlestium

386 3631 854 3700 terrestriumque
878 3627 1195 3683 communis
1223 3623 1399 3682 festus
1451 3633 1783 3691 conventus,
1819 3626 1972 3696 pari-

385 3738 494 3793 que
551 3720 743 3776 laatitia
796 3734 922 3774 eum
978 3716 1190 3788 angelis
1245 3715 1500 3771 homines
1553 3714 1851 3786 gaudeant,
1907 3730 1974 3770 ac

389 3815 578 3885 lingua
604 3811 784 3867 omnis
816 3809 1008 3873 saliat,
1038 3809 1252 3879 Areque
1294 3806 1428 3863 illud
1450 3806 1694 3877 Deiparae
1727 3807 1970 3863 accinat.

2073 3255 2320 3326 διέφυγε,
2383 3258 2754 3329 κηρύττεσθαι
2798 3261 2967 3316 ὅσιον.
3009 3260 3222 3316 Οὐκοῦν
3272 3261 3521 3328 γενέσθω
3558 3261 3660 3332 μία

2075 3345 2230 3417 κοινὴ
2296 3347 2540 3417 σήμερον
2581 3349 2851 3419 οὐρανίων
2902 3351 2998 3404 καί
3022 3352 3288 3419 ἐπιγείων
3322 3353 3657 3423 πανήγυρις,

2076 3438 2436 3507 καίάγγέλοις
2459 3441 3040 3510 συνευφραινέσθωσαν
3066 3442 3366 3514 ἄνθρωποι,
3388 3444 3485 3497 καὶ
3511 3447 3661 3497 πᾶσα
3694 3481 3701 3486 ς

2076 3527 2303 3596 γλῶσσα
2361 3530 2636 3600 χορευέτω
2690 3532 2786 3585 καὶ
2832 3532 3157 3604 προσᾳδέτω
3183 3536 3250 3603 τῇ
3305 3533 3559 3604 Θεοτόκῳ
3600 3535 3664 3587 τὸ

2077 3620 2267 3690 χαῖρε.
2294 3620 2465 3676 Τοῦτο
2488 3622 2597 3695 γάρ
2629 3625 2727 3678 καὶ
2757 3624 3001 3696 Γαϐριὴλ
3041 3627 3310 3697 πρότερον
3357 3628 3600 3681 ἐποιεῖτο
3615 3629 3660 3663 ⁸⁸

2077 3712 2172 3766 τοῦ
2224 3714 2525 3784 μυστηρίου
2564 3715 2874 3785 προοίμιον,
2930 3717 3022 3770 ὅτε
3056 3716 3118 3769 τὸ
3157 3717 3343 3787 πάσης
3377 3716 3663 3787 θεολογίας

2080 3804 2507 3873 ὲκφανέστατον,
2536 3808 2568 3876 ή
2595 3806 2715 3860 καθ’
2747 3809 2897 3879 ἡμᾶς
2935 3808 3112 3879 Ἰησοῦ
3145 3809 3482 3865 θεοπλαστία
3502 3854 3517 3877 ,
3539 3812 3661 3867 κατ’

393 3907 509 3962 lloc
569 3905 716 3962 enim
764 3903 931 3960 etiam
984 3901 1207 3958 Gabriel
1263 3900 1394 3957 olim
1457 3902 1794 3957 sacramenti
1848 3899 1967 3957 fecit

2073 3895 2388 3965 οἰκονομίαν
2417 3895 2679 3968 άρῤητον,
2712 3898 2772 3951 ἐν
2808 3898 2888 3968 τῷ
2922 3899 3240 3971 παρθενικῷ
3297 3902 3399 3973 τῆς
3443 3902 3660 3971 φύσεως

391 3999 687 4057 exordium
723 4038 740 4065 ,
801 3984 926 4053 cum
979 3992 1399 4065 dispensatione
1453 3993 1762 4061 ineffabili,
1828 3994 1967 4065 quod

2075 3983 2425 4056 ἐργαστηρίῳ
2469 3987 2855 4057 καινοπρεπῶς
2893 3989 3267 4045 διεπλάττετο.
3303 3993 3420 4046 Καὶ
3463 3994 3569 4064 χρή
3598 4010 3661 4062 γε

390 4092 683 4164 theologia:
715 4091 889 4147 totius
946 4098 1001 4145 et
1044 4089 1358 4145 divinorum
1406 4089 1780 4145 clarissimum
1811 4096 1897 4144 est
1931 4087 1976 4154 ι,

2077 4079 2243 4132 πάλιν
2267 4080 2414 4149 ἡμᾶς
2440 4078 2634 4152 ὥσπερ
2660 4100 2711 4135 τι
2745 4083 2918 4152 γέρας
2948 4083 3228 4154 ἐξαίρετον
3255 4085 3418 4138 τοῦτο
3446 4089 3516 4157 τῇ
3550 4086 3656 4139 Βα-

394 4186 583 4243 divina
615 4182 746 4239 Jesu
776 4181 832 4236 in
864 4180 1143 4236 hominem
1188 4178 1343 4234 lictio
1373 4178 1511 4248 (86),
1542 4194 1746 4234 novum
1778 4177 1967 4235 decora

2080 4170 2238 4224 σιλίδι
2268 4169 2363 4224 τοῦ
2392 4171 2585 4241 γένους
2632 4178 3010 4243 προσαγαγεῖν
3056 4178 3417 4248 χαριστήριον
3438 4194 3453 4209 '
3483 4179 3566 4232 ὄτι
3596 4179 3658 4249 δὴ

368 4279 609 4335 4atione
641 4274 1001 4337 formaretur,
1041 4272 1105 4327 in
1151 4270 1407 4342 virginali
1465 4278 1679 4326 natura:
1730 4269 1970 4326 oﬂicina.

393 4369 472 4423 Ac
502 4367 728 4421 omnino
761 4379 942 4434 operat
988 4362 1222 4432 pretium
1271 4368 1397 4424 est,
1440 4368 1503 4414 ut
1550 4376 1698 4416 nunc
1747 4361 1974 4428 iterum,

2083 4265 2287 4335 πρέπει
2329 4265 2425 4319 καὶ
2454 4266 2768 4336 μεταστάσῃ
2808 4267 2987 4335 λέγειν
3034 4270 3173 4339 αὐτῇ
3197 4269 3259 4322 τὸ
3282 4269 3472 4339 χαῖρε.
3508 4270 3658 4340 Μόνη

2084 4356 2194 4428 γὰρ
2226 4358 2362 4427 ἡμῖν
2378 4355 2477 4427 τὴν
2509 4358 2685 4428 χαρὰν
2712 4359 3077 4423 εἰσοικίσασα,
3108 4360 3207 4432 τὴν
3220 4361 3401 4433 λύπην
3433 4362 3660 4432 ἐξήλασε

395 4476 494 4516 ceu
528 4457 865 4529 praecipuum
892 4451 1269 4517 honorarium,
1300 4465 1503 4505 munus
1536 4450 1643 4504 hoc
1676 4450 1967 4507 olieramus

2078 4450 2179 4520 τῆς
2195 4450 2565 4522 προμήτορος.
2594 4451 2991 4522 «Σαλπίσωμεν
3013 4449 3107 4507 οῦν
3121 4454 3415 4524 σάλπιγξιν
3434 4457 3494 4509 ὲν
3506 4455 3660 4510 Σιών·

398 4553 625 4624 Reginae
679 4547 988 4604 hominum.
1032 4544 1199 4599 Plane
1251 4543 1400 4599 enim
1448 4545 1742 4614 congruit,
1786 4551 1848 4597 ut
1892 4544 1979 4598 vel

2082 4539 2446 4610 ἀναλάϐωμεν
2487 4542 2786 4614 ψαλτήριον
2830 4545 2923 4597 καί
2963 4544 3227 4616 κιθάραν.
3250 4564 3271 4596 ›
3311 4547 3573 4617 ’ᾼσωμεν
3597 4549 3662 4617 τῇ

400 4646 658 4717 migranti
719 4642 972 4697 dicamus
1027 4636 1424 4707 Avefquippe
1487 4635 1606 4691 sola
1654 4635 1967 4719 conciliate

2083 4632 2269 4704 Μητρί
2292 4632 2389 4686 τοῦ
2418 4634 2576 4701 Θεοῦ,
2602 4636 2824 4707 ᾄσωμεν
2857 4638 2957 4691 οὐκ
2986 4638 3376 4708 ἐπιθαλάμιον,
3405 4639 3523 4692 ἀλλ’
3549 4640 3664 4693 ἑπι-

402 4735 605 4807 gaudio
634 4733 881 4805 parentis
908 4729 1099 4800 primae
1123 4726 1336 4798 iugavit
1364 4726 1667 4782 tristitiam.
1758 4743 1777 4778 ι
1810 4724 1967 4781 Clan-

2086 4726 2282 4795 τάφιον
2319 4726 2750 4799 ἀνακρουόμενοι
2817 4731 3000 4800 μέλος.
3046 4732 3480 4803 Φιλοπευστήσει
3523 4731 3569 4784 δ’
3604 4729 3667 4784 άν

402 4845 601 4902 gamus
633 4821 837 4885 tubain
853 4821 1430 4893 Sionn,assumamus
1462 4820 1788 4892 psalterium
1821 4829 1876 4876 et
1902 4820 1967 4876 ci-

2085 4835 2173 4885 τις
2203 4820 2428 4885 εἰκότως
2448 4820 2556 4875 τῶν
2585 4820 2708 4877 λίαν
2744 4824 3197 4895 ὲπεσκεμμένων·
3238 4825 3404 4879 Ὅτου
3425 4823 3493 4895 δὴ
3514 4823 3669 4896 χάριν

502 5004 521 5044 ι
548 5006 777 5079 Dionys.
822 5003 938 5059 div.
1010 5001 1088 5057 De
1123 5002 1227 5057 div.
1260 5014 1555 5072 nom.,cap.
1586 5001 1637 5054 l.
1717 5008 1754 5032 ι·
1782 4997 1918 5066 Joel,
1942 5016 2002 5070 ῐι,
2029 5000 2087 5057 2.

1648 5225 1656 5234 .
1729 5155 1962 5213 vnum
2000 5154 2402 5214 LECTIONES.

475 5258 648 5314 ιιοάλ,
668 5254 892 5327 ἀρετήν.
971 5252 1015 5286 ⁸⁸
1044 5252 1144 5307 αλ.
1178 5250 1492 5321 ἐποιήσατο.

1719 5345 2115 5403 COMBEFISII
2149 5344 2385 5403 ΝΟΤιΕ.

485 5436 1996 5527 (εδ),μεμεαῐιμιιιεάγραεξιξεεςιεειῑ,ῖτιεειιίςιῳιπῖω
2106 5511 2143 5527 ..
2166 5439 2281 5521 (ει.)
2314 5440 2512 5527 ρίυίηρ
2539 5440 2671 5527 hau
2701 5441 2757 5527 ίιι
2781 5440 3044 5527 herniae»
3066 5441 3247 5527 ﬂe“:
3279 5439 3353 5527 ἐξ
3382 5440 3510 5527 πεδ’
3528 5441 3673 5527 nec

413 5506 807 5592 Dormitio'u'em
839 5510 1175 5592 encomium,
1217 5506 1377 5592 cuius
1402 5508 1587 5592 statim
1621 5511 1873 5592 exordio,
1901 5526 1995 5592 sa:
2106 5506 2281 5592 ’ζητῇ
2332 5510 2683 5592 θεοπλαξτία.
2722 5510 2864 5592 Sunt
2922 5506 3281 5592 Dionysiana,
3329 5525 3369 5565 ιι
3406 5509 3487 5564 De
3502 5506 3668 5592 μὲξίιι.

416 5583 692 5654 cramenti
707 5580 1105 5654 obscuritatem
1132 5579 1403 5654 queritur,
1428 5578 1570 5654 _(_lum
1596 5580 1702 5654 a_it_:
1735 5582 1810 5634 Οὐ
1842 5578 1994 5654 παρὰ
2094 5578 2203 5654 ubi
2232 5578 2431 5636 Perion
2470 5599 2484 5636 :
2513 5581 2709 5636 Divina
2741 5580 2873 5654 Iesu
2918 5597 2985 5654 ea:
3037 5578 3232 5654 natura
3272 5582 3672 5654 traslraﬁclkj

419 5653 634 5712 πολλοῖς
666 5650 768 5731 ἥβη
787 5647 1132 5731 τελούμενον,
1150 5647 1364 5731 paucis
1375 5648 1519 5731 olim
1556 5647 1994 5718 celebratum,'et
2091 5650 2294 5731 quibus
2334 5654 2619 5731 materiam
2645 5653 2879 5731 explicat
2916 5652 3209 5731 loco_lin_is,
3232 5666 3404 5731 quem
3438 5647 3671 5731 r6,_xa9'

421 5736 530 5803 quo
559 5718 719 5798 pauci
755 5718 1021 5786 majorum
1055 5718 1257 5772 fuerint
1290 5718 1511 5782 initiati,
1537 5734 1854 5790 quanquam
1890 5737 1994 5777 nec
2092 5722 2260 5844 ιὶμᾶς,
2301 5737 2401 5777 ceu
2434 5718 2731 5803 terminum
2758 5721 2826 5775 ad
2851 5737 3012 5790 quem
3038 5718 3278 5777 ﬁctionis
3312 5722 3462 5777 illius
3503 5720 3670 5793 signi-

427 5807 461 5844 n
501 5785 798 5844 defuerint.
834 5794 892 5839 ut
919 5786 944 5841 l
970 5795 1110 5841 orat.
2126 5799 2255 5844 teat.
2285 5799 2340 5844 et
2375 5793 2475 5844 ins:
2499 5793 2893 5844 expressimus.

427 5785 461 5847 ii
501 5785 798 5850 defuerint,
834 5785 892 5839 ut
919 5786 944 5841 l
970 5795 1110 5841 orat.
1554 5785 1570 5788 ⁷
1704 5785 1721 5790 “
2108 5785 2255 5857 iicat,
2285 5799 2340 5846 et
2375 5793 2475 5863 ipsi
2499 5785 2893 5864 expressimus.
