4016 6130
407 305 547 375 1073

1431 320 1514 383 ΙΝ
1549 320 2094 384 DORMITIONEM
2136 325 2196 390 S.
2229 327 2516 390 MARLE.
2568 329 2646 392 ΙΙ.

3534 327 3694 397 1074,

401 425 505 493 τῆς
533 420 673 477 Σιὼν
697 421 1077 499 ἐπεμνήσθης,
1112 420 1157 483 ὦ
1175 429 1272 501 τῆς
1324 433 1608 507 παρούσης
1642 436 1794 508 ἱερᾶς
1822 440 1990 509 ὑμνο-

2111 437 2311 493 baram
2335 447 2402 506 ης
2439 459 2457 492 ι
2496 454 2766 496 canamus
2790 437 2884 494 Dei
2924 437 3213 504 Genitrici,
3251 454 3537 507 canamus,
3560 460 3669 500 non

405 516 532 584 λόγε
569 514 970 586 φαιδρότητος;
1026 518 1287 574 ’Δλλ“ούκ
1311 523 1568 587 ἀσκόπως
1590 526 1660 590 ⁸ο,
1715 529 1882 598 φαίην
1919 529 1987 585 ἂν

405 603 547 675 πρὸς
576 605 767 660 αὐτόν’
803 601 875 660 Ὦ
898 603 1076 673 οὗτος,
1107 610 1206 683 τῆς
1240 615 1661 687 παναγεστάτης
1709 616 1990 691 ἐμνήσθην

2091 531 2340 600 nuptiale
2366 532 2460 588 sed
2488 531 2719 588 funebre
2745 531 3027 603 pulsantes
3050 533 3244 588 melos.
3301 529 3492 587 Fuerit
3523 549 3669 598 vero,

2092 620 2183 691 qui
2214 621 2511 677 admodum
2546 623 2840 693 perspicax
2863 629 2918 678 et
2953 631 3252 677 accuratus
3279 622 3468 679 dicere
3494 636 3674 687 aveat,

404 695 582 751 Σιών·
618 699 676 751 ἐν
712 697 888 772 ταύτῃ
932 701 1042 772 γὰρ
1079 702 1146 758 τὸ
1177 704 1321 775 μέγα
1358 706 1520 761 τοῦτο
1561 710 1991 782 μυσταγὼγηται

2111 720 2437 783 lumratque,
2479 710 2785 782 Cuiusnam
2848 727 2980 767 vero
3026 712 3225 781 gratia,
3288 727 3463 768 sacrae
3514 715 3679 783 hujus

404 787 506 857 τῆς
536 787 804 843 Θεοτόκου
842 792 1272 863 μυστήριον.Ἐν
1296 796 1470 871 ταύτῃ
1503 799 1602 864 τὰς
1639 798 1991 868 κατακλίσεις

2115 802 2298 856 uetitis:
2353 817 2512 858 sacer
2573 811 2797 865 orator,
2857 801 3161 857 meministi
3199 800 3381 858 Sion?
3423 803 3525 859 Cui
3575 820 3698 873 θεον

407 881 519 934 τῶν
547 882 709 953 ἱερῶν
734 885 977 953 γονάτων
1012 887 1108 941 τοῦ
1141 891 1418 957 πανάγνου
1462 890 1736 962 σώματος,
1766 896 1823 949 αἱ
1855 896 1994 968 πρὸς

409 972 676 1044 τοῦδαφος
696 980 1147 1050 κατεστρωμέναι
1182 980 1389 1045 πλάκες
1422 982 1706 1052 διωλύγιον
1746 984 1995 1057 ἀνακρά-

412 1064 569 1130 ζουσι
588 1082 603 1096 ο
633 1068 758 1121 επεὶ
784 1071 880 1123 καὶ
903 1070 1108 1141 ταύτην
1139 1066 1255 1142 εἶχε
1282 1076 1413 1144 παρ’
1436 1074 1556 1128 ὅλον
1582 1075 1753 1146 αὐτῆς
1782 1077 1874 1129 τὸν
1900 1078 1998 1147 τῆς

412 1156 711 1228 παροικίας
730 1162 920 1232 καιρὸν
953 1162 1277 1234 ἐνδιαίτημα
1307 1181 1319 1196 ·
1351 1165 1574 1220 κάκεῖσε
1604 1170 1717 1232 τοῖς
1747 1172 1999 1239 φυσικοῖς

412 1248 852 1323 λειτουργήσασα
896 1254 1107 1325 νόμοις,
1143 1257 1238 1311 τοῦ
1273 1257 1391 1328 βίου
1422 1258 1485 1312 τὸ
1526 1260 1705 1333 πέρας
1753 1263 1996 1331 ἐδέξατο,

414 1341 654 1396 λαθοῦσα
706 1344 989 1400 κάνταῦθα
1019 1347 1111 1402 τὸν
1143 1349 1386 1421 ἄρχοντα
1424 1350 1521 1406 τοῦ
1569 1354 1819 1420 σκότους,
1847 1357 1924 1422 ὡς
1944 1361 2002 1413 ὲν

414 1432 495 1501 τῷ
510 1432 719 1489 τίκτειν
745 1436 956 1509 ἀπέδρα
979 1439 1046 1492 τὰ
1071 1440 1326 1513 μητέρων
1351 1459 1364 1473 ⁸
1389 1445 1422 1514 ἡ
1452 1443 1788 1517 ἀγιὼνυμος,
1816 1450 1850 1520 ἠ
1882 1449 2003 1505 θεό-

418 1526 638 1595 κλητος,
669 1528 701 1597 ἠ
735 1526 1149 1602 ὑπεράμωμος,
1194 1535 1227 1603 ὴ
1277 1531 1439 1605 δόξης
1487 1537 1582 1590 καὶ
1642 1538 1866 1611 χάριτος
1912 1541 2005 1597 τδν

417 1614 648 1686 οὖρανὸν
677 1617 772 1670 καὶ
805 1619 905 1689 τὴν
931 1621 1035 1691 γῆν
1062 1623 1454 1689 ἀναπιπλᾶσα,
1487 1626 1567 1696 τῷ
1605 1630 1884 1703 μεγαλείῳ
1906 1633 2004 1704 τῆς

419 1706 761 1779 θεοπρεποῦς
817 1711 988 1783 αὐτῆς
1033 1716 1454 1785 μεταστάσεως·
1495 1714 1566 1792 ἦς
1601 1724 1650 1775 εί
1684 1722 1917 1794 καθεξῆς
1944 1726 2006 1780 ἆ-

421 1813 603 1888 παντα
615 1798 940 1873 βουληθείην
955 1805 1266 1871 ἐπεξελθεῖν
1289 1808 1366 1880 τῷ
1386 1811 1715 1884 διηγήματι,
1745 1814 2005 1888 ὕπαρξιν,

420 1887 458 1959 ἢ
484 1887 769 1959 σύλληψιν,
800 1890 1105 1964 ἢγέννησιν
1139 1896 1240 1950 οὑκ
1263 1897 1329 1952 ἂν
1346 1899 1570 1972 εὕροιμι
1589 1903 1785 1975 καιρὸν
1804 1904 1882 1975 τῷ
1916 1906 2006 1959 λό-

425 1997 509 2049 γῳ
529 1982 572 2014 ⁸⁸
596 1981 987 2056 σύμμετρον,ἢ
1020 1986 1182 2057 λόγου
1209 1989 1442 2062 δύναμιν
1465 1997 1878 2069 παρισουμένην
1898 2001 2012 2064 τοῖς

424 2069 768 2142 πράγμασιν.
806 2076 931 2129 Ὀτι
967 2078 1042 2149 μὴ
1072 2081 1251 2137 πάντα
1280 2088 1571 2156 συντεμεῖν
1619 2091 1699 2153 εἰς
1721 2088 1866 2158 ἅπαξ
1898 2090 2011 2146 οἶόν

424 2177 488 2214 τε
495 2162 573 2256 τὰ
602 2165 817 2237 ἐκείνης
833 2170 1315 2241 σεμνολογήματα·
1340 2178 1488 2247 λέγω
1513 2178 1570 2232 δὲ
1595 2180 1694 2250 τὴν
1714 2182 2013 2256 εύκληρίαν

426 2251 524 2306 τοῦ
587 2256 796 2347 γένους,
829 2259 890 2311 τὸ
913 2262 1036 2314 κατ’
1070 2263 1362 2338 ἀμφότερα
1388 2268 1500 2322 τῶν
1530 2270 1798 2326 τεκόντων
1821 2251 2016 2347 ἐπίση-

433 2361 555 2413 μον,
617 2346 845 2402 αύτὸθεν
872 2350 933 2403 τὺ
960 2352 1258 2422 ἱερατικὸν,
1298 2356 1360 2410 τὸ
1415 2357 1705 2428 βασιλικὸν
1760 2344 2021 2419 ἐντεῦθεν⁴

430 2438 867 2509 ἅντανισχόντων
879 2444 1120 2515 ἀξίωμα,
1145 2447 1245 2518 τὴν
1267 2450 1549 2516 ἀπαιδίαν,
1579 2452 1679 2523 τὴν
1704 2456 2015 2526 στείρωσιν,

430 2527 533 2614 τάς
567 2530 708 2600 ὑπὲρ
742 2532 911 2604 αὐτῆς
949 2536 1238 2607 ἐντεύξεις,
1269 2541 1369 2605 τὰς
1420 2542 1749 2614 ὲπισύχνους
1803 2546 2015 2613 θυσίας,

435 2610 527 2679 αἷς
556 2617 647 2670 τὸν
676 2619 808 2673 Θεὸν
868 2623 1166 2696 ὲλιπάρουν
1189 2666 1204 2693 ,
1278 2629 1542 2699 ἱκέτευον,
1580 2610 1921 2704 ηντιδόλουν,

434 2708 537 2777 τῆς
554 2711 895 2781 στειρὼσεως
916 2716 1223 2785 ὑπαλλάξαι
1239 2721 1434 2794 δεσμά·
1454 2724 1713 2797 γονίμους
1725 2727 1786 2792 ἐξ
1809 2729 2022 2798 ἀγόνων

433 2801 717 2874 δειχθῆναι
745 2808 872 2873 τοὺς
898 2810 1156 2877 ἄπαιδας
1184 2815 1335 2870 δοτὸν
1374 2815 1433 2882 ἐξ
1464 2818 1746 2891 ἀκαρπίας
1783 2822 2024 2891 ὲκφύσαι

438 2895 676 2965 καρπόν.
740 2895 878 2953 Εἶτα
942 2904 1288 2975 στειρὼσεως
1337 2907 1615 2975 ἔκστασιν,
1690 2914 2026 2983 ἐπαγγελίας

439 2991 860 3063 συμπλήρωσιν,
889 2996 983 3049 καλ⁴
1015 2998 1197 3069 μικρῷ
1216 3000 1321 3070 πρὸ
1341 3000 1569 3066 τούτων,
1599 3004 1671 3058 τὰ
1702 3007 1770 3060 δι’
1802 3008 2024 3080 ὀνείρων

2095 894 2164 949 ad
2205 909 2320 948 rem
2354 894 2614 965 baudque
2663 896 2733 952 ab
2763 909 2934 964 scopo
2961 894 3345 964 responderim
3375 909 3390 948 :
3416 894 3564 951 Heus
3600 907 3680 959 tu,

2098 986 2325 1040 memini
2359 987 2730 1044 sanctissimae
2769 987 2924 1049 Sion,
2960 984 3107 1055 quod
3146 986 3201 1039 in
3230 1001 3293 1041 ca
3327 986 3474 1041 docti
3511 990 3683 1045 simus

2099 1092 2357 1147 magnum
2410 1077 2516 1133 hoc
2557 1079 2650 1132 Dei
2692 1078 2995 1151 Genitricis
3028 1086 3459 1133 sacramentum.
3517 1079 3575 1134 In
3620 1095 3683 1135 ea

2100 1178 2288 1225 stratae
2318 1171 2386 1225 ad
2416 1171 2792 1242 pavimentum
2825 1172 3044 1234 tabulae.
3068 1185 3354 1227 sacrorum
3388 1172 3686 1228 castissimi

2103 1262 2358 1332 corporis
2415 1278 2654 1333 genuum
2718 1263 3037 1329 recubitus,
3094 1262 3247 1316 clara
3300 1263 3689 1333 constantique

2103 1367 2238 1409 voce
2254 1353 2518 1410 clamant.
2542 1356 2679 1411 'l‘oto
2694 1355 2841 1411 enim
2874 1355 3149 1410 incolatus
3170 1353 3253 1408 sui
3280 1360 3524 1423 tempore
3575 1354 3688 1424 (85)

2103 1459 2224 1499 eam
2255 1445 2450 1500 habuit
2497 1445 2866 1512 domicilium,
2900 1446 3123 1516 illicque
3171 1451 3382 1500 naturae
3420 1437 3688 1501 'ohsecuta

2106 1536 2344 1605 legibus,
2399 1538 2560 1591 ﬁnem
2604 1537 2730 1592 vitae
2764 1537 2978 1607 accepit
3023 1554 3039 1592 :
3088 1536 3173 1592 vel
3207 1537 3298 1590 hic
3340 1536 3689 1591 tenebrarum

2105 1626 2285 1680 latens
2326 1625 2657 1695 principem,
2688 1625 3155 1695 quemadmodum
3182 1624 3235 1679 in
3271 1636 3428 1695 partu
3455 1625 3682 1681 evitarat
3769 1618 3773 1638 ²

2108 1732 2230 1785 quas
2252 1726 2383 1772 sunt
2416 1725 2656 1771 matrum
2688 1718 2908 1786 propria
2935 1736 2947 1772 :
2985 1717 3100 1782 illa,
3133 1717 3381 1787 inquam,
3414 1732 3571 1771 sacra
3598 1733 3694 1771 uo-

2113 1810 2283 1875 mine,
2314 1808 2405 1878 illa
2440 1823 2471 1862 a
2503 1807 2614 1863 Deo
2648 1815 2863 1873 vocata,
2896 1807 3425 1864 immaculatissima
3463 1808 3695 1871 illa,illa

2114 1903 2372 1972 denique,
2400 1917 2524 1972 qua:
2548 1901 2769 1971 augusti
2805 1900 2891 1954 sui
2941 1899 3212 1954 transitus
3264 1898 3695 1969 magniﬁcentia,

2113 1993 2315 2048 crelum
2342 1999 2657 2061 terramque
2694 1990 2869 2061 gloria
2917 1997 2970 2046 et
3026 1991 3200 2061 gratia
3240 1990 3502 2061 replevit;
3539 1990 3698 2062 cujus

2115 2101 2207 2142 res
2249 2100 2442 2140 omnes
2471 2084 2518 2139 si
2549 2083 2828 2137 narrando
2858 2082 3020 2136 velim
3061 2081 3252 2137 ordine
3282 2083 3577 2153 prosequi,
3617 2083 3700 2137 ni-

2119 2180 2319 2234 mirum
2346 2192 2493 2242 esse,
2529 2177 2971 2246 conceptionem,
3001 2175 3371 2241 nativitatem,
3405 2175 3701 2246 haudqua-

2118 2285 2287 2341 quam
2318 2275 2578 2324 occurrat
2610 2276 2827 2338 tempus
2852 2267 2997 2337 quod
3034 2267 3281 2323 sermoni
3314 2266 3581 2332 subiciat,
3611 2276 3720 2322 aut:

2119 2361 2403 2418 sermonis
2430 2360 2535 2426 vis,
2566 2374 2690 2430 quae
2714 2374 2806 2414 res
2831 2373 3121 2428 exaequare
3149 2358 3346 2428 possit.
3380 2357 3502 2413 Non
3552 2360 3703 2414 enim

2121 2454 2308 2508 omnia
2360 2450 2482 2521 ejus
2532 2450 2809 2522 praeconia
2853 2448 3005 2504 velut
3046 2448 3373 2519 compendio
3417 2450 3471 2502 in
3530 2465 3703 2504 unum

2122 2543 2375 2600 contrahi
2415 2549 2649 2612 possunt
2674 2559 2686 2596 :
2708 2555 2906 2611 nempe
2940 2539 3216 2595 claritudo
3237 2540 3475 2611 generis,
3511 2556 3709 2613 paren-

2124 2643 2239 2691 tum
2283 2634 2543 2704 utrinque
2570 2632 2869 2697 nobilitas,
2917 2631 3044 2686 hinc
3094 2630 3521 2698 sacerdotalem,
3553 2633 3708 2688 illinc

2125 2729 2330 2799 regiam
2356 2725 2474 2797 pari
2500 2725 2680 2796 gloria
2713 2722 3074 2780 retinentium
3117 2722 3472 2793 dignitatem;
3499 2723 3711 2781 orbitas

2125 2819 2389 2890 prolium,
2454 2815 2742 2883 sterilitas,
2814 2812 3092 2883 supplices
3142 2812 3208 2867 ad
3263 2811 3438 2869 Deum
3506 2829 3606 2885 pro
3646 2829 3710 2870 ea

2128 2925 2365 2983 preces,
2431 2909 2627 2964 crebra
2713 2905 3025 2969 sacriﬁcia,
3109 2905 3311 2975 quibus
3392 2904 3713 2977 ﬂagitabant

2130 3001 2340 3069 Deum,
2433 2996 2852 3069 supplicabant,
2920 2995 3335 3057 obsecrabant,
3414 3004 3475 3050 ut
3555 2997 3714 3052 steri-

441 3081 718 3152 θεάματα,
754 3085 823 3139 τὰ
856 3087 982 3141 καθ’
1015 3089 1166 3162 ῦπαρ
1192 3093 1538 3164 ἀκούσματα,
1564 3098 1666 3151 ὅσα
1696 3100 1890 3164 κοινῶς
1915 3101 2008 3172 ἄμ-

2131 3097 2307 3151 litatis
2356 3100 2594 3148 mutaret
2619 3091 3027 3154 vincula,utex
3062 3088 3403 3154 inferundis,
3431 3089 3525 3159 qui
3563 3090 3716 3159 prole

441 3190 530 3242 φω
567 3176 662 3229 καὶ
704 3177 871 3245 ἰδίως,
913 3181 1223 3251 κρείττοσιν
1264 3185 1440 3255 ὄψεως
1475 3189 1870 3260 ὲπιφροσύναις
1909 3192 2008 3246 θεο¹

2127 3186 2378 3244 destituti
2414 3189 2619 3247 essent,
2652 3181 2924 3238 fecundos
2949 3186 3262 3251 praestaret,
3295 3188 3352 3234 ut
3381 3194 3713 3235 concessum

442 3266 824 3339 κλυτούμενοι,
853 3273 978 3327 κατ’
1007 3273 1274 3347 έλλαμψιν
1304 3278 1457 3333 θείαν
1491 3283 1949 3354 ὲχρησμῳδοῦντο
1983 3304 2008 3338 ο

2128 3295 2159 3334 a
2197 3278 2493 3334 sterilitate
2534 3274 2776 3329 fructum
2806 3273 3001 3327 liceret
3025 3286 3345 3343 procreare.
3392 3270 3533 3325 Tum
3562 3285 3713 3336 vero,

444 3359 613 3427 ἅγιοι.
655 3362 798 3434 Πρὸς
825 3365 919 3417 ἐπὶ
940 3365 1172 3445 τούτοις,
1199 3369 1259 3422 τὸ
1296 3369 1540 3442 γόνιμον,
1582 3375 1682 3445 τὴν
1708 3378 1787 3438 είς
1821 3377 2002 3444 γένεσι

2131 3369 2448 3427 sterilitatis
2491 3379 2757 3423 excessus
2799 3372 2965 3434 atque
2997 3364 3263 3428 mutatio,
3300 3361 3525 3432 impleta
3591 3378 3718 3433 pro-

447 3451 700 3520 πρόοδον,
741 3453 811 3507 τά
857 3456 1170 3528 σπάργανα,
1212 3459 1312 3532 τὴν
1337 3463 1419 3525 είς
1447 3463 1509 3516 τὸ
1553 3462 1698 3517 θεῖον
1736 3466 2008 3539 ἀνάκτορα

2132 3459 2326 3515 missio
2363 3458 2637 3528 pauloque
2668 3456 2980 3511 anteriores
3043 3453 3288 3510 visiones
3327 3469 3425 3523 per
3476 3454 3715 3515 somnia.

446 3542 658 3611 ἄφιξιν,
703 3545 780 3610 ὡς
804 3547 1036 3622 ἀνετέθη
1073 3550 1192 3623 Θεῷ
1222 3552 1284 3605 τδ
1315 3553 1683 3627 καλλιέρημα,
1713 3556 1788 3621 ὡς
1822 3561 1880 3612 ἐν
1924 3562 2008 3612 τοῖ

2135 3553 2341 3610 auditae
2373 3549 2736 3622 vigilantibus
2793 3563 2982 3612 voces,
3035 3553 3308 3617 quotquot
3341 3544 3551 3611 Sancti,
3594 3553 3717 3599 tum

446 3633 665 3699 ἀδύτοις
706 3634 797 3692 οἶα
836 3642 1059 3711 χρυσοῖς
1108 3642 1375 3712 θαλάμοις
1415 3646 1773 3719 ἐποιχομένη,
1824 3650 2008 3721 τροφῆι

2141 3646 2514 3707 communiter
2548 3643 2734 3711 ambo,
2761 3631 2878 3699 tum
2911 3640 3153 3713 quisque
3190 3638 3449 3711 privatim
3488 3652 3589 3693 ccu
3608 3634 3722 3692 Nu-

522 3821 550 3849 ιι
576 3812 727 3871 Psal.
753 3829 917 3882 Lxxx,
939 3817 995 3872 5.

526 4000 571 4032 ⁸⁸
602 3998 700 4055 ἀλ.
727 4000 838 4054 ἀπὸ
870 3998 1095 4056 σκοποῦ.
1174 3999 1223 4032 ⁸*
1242 3997 1341 4055 ἄλ.
1372 3998 1465 4053 τοῦ
1490 4000 1670 4068 λόγου.

1722 3905 1964 3960 VARle
2002 3906 2405 3965 LECTIONES‘.

3096 3964 3159 4011 με

1736 4094 2134 4151 COMBEFISII
2162 4093 2398 4149 NOTAE.

529 4189 643 4262 (85)
678 4188 809 4262 Toto
841 4190 981 4245 enim
1005 4189 1270 4262 incolatu:
1305 4189 1390 4262 sui
1410 4260 1418 4262 Α
1440 4197 1692 4257 tempore,
1726 4198 1830 4245 etc.
1868 4188 2033 4262 Vide-

454 4257 548 4319 tur
578 4260 737 4316 aliter
776 4261 975 4329 docere
994 4260 1294 4329 concilium
1326 4257 1525 4325 Ephes.
1563 4274 1621 4329 p.-
1647 4275 1707 4321 ll,
1745 4266 1853 4313 act.
1884 4260 1935 4321 1,
1974 4266 2034 4313 ut

2140 4188 2234 4258 qui
2270 4188 2508 4258 necdum,
2528 4201 2650 4258 Asua
2683 4187 2800 4254 illa,
2830 4201 2928 4258 seu
2954 4199 3138 4257 portus
3188 4183 3376 4258 Maria
3401 4183 3724 4241 Constanti-

2143 4254 2352 4327 nopoli,
2394 4257 2449 4312 in
2495 4256 2719 4312 Mariam
2777 4254 3155 4327 putidumﬂos
3191 4254 3727 4327 blasphenntsiape-

455 4332 742 4394 nimirum,
772 4345 898 4385 cum
923 4327 1134 4386 Joanne
1182 4324 1463 4399 TheolOgo
1493 4324 1772 4398 quondam
1822 4329 2035 4385 habita-
2142 4324 2364 4399 ruisset,
2402 4329 2497 4383 sed
2534 4335 2589 4383 et
2626 4324 2848 4397 Ephesi,
2882 4344 3009 4383 vere
3032 4326 3281 4399 Mariana
3313 4324 3448 4399 item
3481 4324 3726 4393 civitate,

454 4403 603 4458 verit
642 4401 847 4470 Ephesi
875 4417 889 4455 :
930 4395 1629 4470 sic,sibiividetur'Binius
1660 4399 1934 4467 colligere,
1969 4414 2036 4453 ex
2073 4405 2115 4461 ί)
2145 4398 2286 4452 ultro
2340 4399 2571 4470 seipsum
2599 4414 2632 4451 a
2660 4395 2969 4453 sanctorum
3026 4397 3248 4470 Patrum
3279 4403 3337 4470 _et
3365 4395 3729 4470 episcoporum

456 4474 570 4531 illis
601 4468 784 4527 verbis
839 4469 1035 4541 synodi
1070 4469 1253 4541 epist.
1281 4471 1379 4541 Aad
1419 4468 1640 4541 Clerum
1669 4470 2041 4541 populumque

456 4544 782 4600 Constant.:
811 4538 974 4594 ’σθεν
996 4540 1090 4593 καὶ
1120 4538 1435 4609 Νεστόριος,
1460 4538 1670 4609 φθάσας
1699 4540 1758 4591 ὲν
1780 4541 1845 4609 τῇ
1882 4538 2040 4608 Ἐφε-

460 4615 619 4679 σίων,
673 4611 804 4665 ἓνθα
859 4611 887 4664 ὁ
920 4609 1181 4677 Θεολόγος
1234 4608 1516 4679 Ἰωάννης,
1576 4608 1672 4679 καὶ
1712 4609 1745 4677 ὴ
1777 4608 2041 4672 Θεοτόκος

458 4676 761 4753 Παρθένος,
788 4684 822 4753 ἡ
858 4679 985 4749 ἁγία
1013 4676 1222 4753 Μαρία.
1258 4676 1529 4753 Quare‘et
1566 4676 1872 4753 Haterius.
1924 4694 2044 4732 cum

461 4757 519 4808 in
553 4747 1560 4821 Epltesior'um’civitatemj‘ervenisset,
1590 4749 1776 4821 in_qtta_
1807 4747 2043 4821 Joannes

464 4818 786 4892 Theologus.
821 4831 870 4876 et
917 4821 1148 4892 Deipara
1194 4818 1379 4892 Virgo,
1400 4827 1597 4892 sancta
1631 4818 1815 4892 (tria
1849 4835 1865 4873 :
1900 4818 2047 4892 unde

462 4903 520 4951 et
551 4888 783 4962 margini
820 4891 1082 4962 ascripsit
1108 4907 1124 4943 :
1179 4908 1197 4940 ι
1228 4888 1412 4958 Aliqui
1446 4888 1871 4962 subintelligunt
1898 4906 1918 4962 _:
1946 4889 2049 4962 qli-

462 4952 1109 5035 quandovhcbitaveran't;
1137 4952 1353 5035 »νιετυηὶ
1377 4967 1455 5013 est
1477 4973 1538 5013 ea
1570 4952 1874 5035 auatoritas
1897 4958 2050 5035 inﬁr-

463 5028 641 5100 mior;
696 5034 1025 5103 planiusque
1073 5030 1454 5103 intelligatur,
1511 5029 1595 5103 vel
1639 5028 1793 5103 mdes
1833 5029 2048 5092 habent,

468 5098 720 5175 quod'ah
763 5103 886 5157 aliis
922 5098 999 5156 ait
1034 5098 1372 5175 subintelligi
1396 5114 1427 5164 ;.
1459 5099 1571 5175 vel,
1598 5098 1794 5153 celebri
1851 5102 2051 5175 honore

467 5170 749 5236 habentur,
790 5183 840 5227 et
898 5172 1111 5242 patroni
1165 5177 1289 5224 sunt
1348 5186 1410 5221 ac
1438 5170 1726 5242 tutelares;
1755 5170 1916 5242 _quod
1948 5184 2052 5239 ego

467 5246 648 5314 magis
681 5240 959 5314 existimo,
976 5251 1033 5298 et
1065 5241 1421 5314 est_planius,
1439 5240 1591 5314 velut
1602 5240 1832 5314 _al|udat
1858 5249 2050 5314 sancta

470 5309 722 5386 synodus
791 5312 859 5367 ad
918 5314 1070 5381 ipsos
1135 5309 1782 5386 constantinopolitanos
1851 5310 2053 5379 quibus

472 5378 776 5447 scribebat,
830 5378 1129 5452 eorumque
1166 5380 1440 5452 civitatem
1457 5378 1684 5452 AVirgini
1735 5378 1971 5443 sacram,
1998 5387 2054 5434 et

472 5453 894 5525 παρθενόπολιν,
929 5450 1250 5525 inm—latque
1281 5450 1418 5504 nihil
1454 5450 1558 5519 ipsi
1593 5452 1745 5525 in_ea
1777 5458 1929 5519 parte
1964 5465 2054 5525 cc:

475 5518 611 5579 dere
663 5524 1010 5592 metropolim
1051 5519 1406 5592 Ephesinan},
1448 5518 1614 5588 quam
1649 5518 1911 5583 Joannes,
1960 5521 2052 5590 qui

474 5594 533 5649 in
561 5610 658 5649 sua
695 5587 1033 5660 suscepisset
1071 5587 1319 5653 Mariam,
1361 5587 1489 5645 Jesu
1518 5605 1548 5644 e
1574 5605 1737 5644 cruce
1772 5587 2055 5645 commen-

476 5664 644 5719 dante
679 5664 734 5717 in
764 5678 828 5715 ea
855 5659 1036 5717 Maria:
1073 5659 1424 5717 observantia
1463 5660 1799 5714 instituisset
1832 5677 1847 5715 :
1880 5675 2056 5728 eoque

480 5734 816 5805 pchIringat
853 5732 1233 5790 haeresiarchas
1288 5730 1655 5799 putentissimi
1718 5732 2056 5799 procaciatn,

2143 4478 2277 4523 coetu
2307 4467 2666 4522 abalienasset
2692 4486 2710 4523 :
2740 4468 3108 4539 quodrstatim
3140 4465 3390 4539 sequitur
3422 4466 3474 4539 i_n
3514 4467 3731 4539 ea_epi-

2144 4539 2306 4603 stola,
2328 4539 2480 4594 velut
2509 4534 2773 4592 nimirum
2794 4539 2849 4592 in
2867 4537 3206 4607 blasphemia
3229 4537 3282 4589 in
3312 4534 3535 4607 Mariam
3560 4535 3733 4607 obsti-

2143 4609 2352 4676 natior,
2380 4617 2433 4664 et
2463 4610 2555 4679 qui
2583 4607 2806 4663 Patrum
2837 4604 3066 4663 monitis
3094 4606 3324 4679 obsequi
3346 4604 3733 4679 nollet._llagis

2144 4689 2294 4734 certe
2326 4675 2559 4742 videtur,
2588 4693 2753 4747 quam
2796 4679 2967 4733 tradit
2993 4677 3245 4732 Andreas
3285 4685 3493 4747 noster,
3539 4675 3737 4747 Hiero-

2147 4749 2374 4820 solymis
2400 4749 2584 4820 Mariae
2606 4744 2957 4820 constantia,
2978 4765 3009 4804 e
3038 4754 3201 4820 tanta:
3229 4746 3427 4820 matris
3456 4745 3610 4820 gravi
3637 4744 3736 4799 de-

2147 4814 2275 4876 cor'e
2305 4836 2318 4870 :
2365 4819 2591 4874 utsicut
2624 4819 2893 4888 dispersis
2929 4817 3185 4888 omnibus
3224 4814 3501 4888 fidelibus,
3535 4814 3588 4869 in
3622 4829 3740 4881 per-

2150 4889 2456 4954 secutione,
2505 4905 2626 4958 quae
2656 4884 2763 4943 fuit
2792 4903 2840 4942 -a
2875 4896 3053 4943 morte
3097 4884 3386 4958 Stephani,
3420 4891 3737 4958 constantes

2150 4960 2443 5016 stationem
2477 4954 3485 5029 Hierosolymisjenuerunt’Apostoli,
3512 4954 3607 5022 qui
3637 4969 3737 5008 sua

2151 5030 2243 5083 illa
2264 5032 2599 5092 constantia,
2616 5026 2847 5085 novella:
2864 5026 3126 5083 Ecclesiae
3150 5026 3365 5080 nutanti
3395 5026 3739 5077 ﬁrmamento

2152 5109 2374 5166 essent;
2411 5100 2483 5154 ita
2526 5100 2718 5153 iisdem
2753 5098 2821 5152 ad
2863 5098 3093 5154 verbum
3120 5095 3221 5166 Dei
3260 5092 3736 5166 disseminandttm

2152 5171 2209 5225 in
2240 5163 2429 5224 orbem
2463 5170 2749 5238 dispersis,
2782 5168 2896 5222 illic
2926 5169 3054 5222 item
3087 5165 3277 5229 Maria,
3312 5165 3401 5219 cui
3438 5178 3502 5218 ea
3537 5163 3739 5232 praedi-

2154 5241 2317 5296 candi
2352 5239 2849 5309 provinciatsexu
2906 5239 3087 5309 minus
3138 5248 3408 5309 congruo,
3457 5238 3743 5309 non_esset

2156 5302 2387 5372 credita,
2439 5309 2504 5362 ad
2560 5308 2799 5362 ﬁdelium
2832 5308 3040 5377 pariter
3072 5314 3127 5361 et
3175 5302 3433 5377 solatium
3467 5316 3520 5357 et
3557 5302 3742 5377 firtnan

2157 5389 2427 5453 mentum,
2460 5378 2739 5453 ad_usque
2784 5373 3173 5453 domuitionem
3217 5375 3579 5453 consisteret,
3626 5373 3742 5428 sive

2157 5461 2284 5504 ante
2317 5451 2485 5512 illam,
2521 5446 2764 5504 Joannes
2796 5463 2895 5517 pro
2923 5446 3227 5516 apostolico
3254 5459 3482 5498 munere
3514 5446 3588 5497 sit
3622 5457 3745 5517 pro:

2159 5519 2335 5575 fectus
2357 5509 2653 5588 Ephesum,
2684 5509 2823 5579 sive,
2849 5509 2995 5588 quod
3018 5518 3204 5570 verius
3233 5522 3481 5588 apparet,
3505 5509 3745 5588 nonjn‘isi

2159 5591 2228 5644 ab
2257 5591 2369 5657 illa,
2402 5576 2499 5643 ubi
2531 5576 2650 5658 jam'
2675 5576 2879 5644 Paul—us
2906 5576 3342 5657 Timotlteusque
3380 5576 3560 5655 prima
3616 5576 3742 5644 (idd-

2160 5660 2516 5718 fundamenta
2544 5663 2599 5715 in
2619 5673 2680 5715 ea
2711 5658 3013 5729 jecisscnt..
