4016 6130
347 328 368 395 1
381 333 485 397 J77

1388 340 1468 400 IN
1504 333 2046 399 DORMITIONEM
2087 333 2150 395 S.
2188 331 2475 393 MARI/E.
2506 331 2592 392 ΙΙ.

3477 321 3618 395 1078

350 442 558 513 ξωμεν,
580 441 674 496 τοῦ
707 441 859 514 ἡλίου
891 443 990 509 τὰς
1024 446 1374 516 λαμπηδόνας
1409 448 1828 521 ὑπερπηδοῦσαν
1857 447 1936 519 τῷ

2053 446 2232 509 liceat,
2263 452 2356 498 aut
2390 452 2540 500 certe
2576 441 2660 497 vel
2695 439 2972 496 modicum
3017 452 3235 509 capere,
3294 445 3459 508 atque
3507 439 3620 495 haec

350 533 546 588 κάλλει
577 533 678 602 τῆς
707 534 959 602 ἀγλαΐας.
996 537 1262 592 Ἐνταῦθα
1286 537 1342 592 δέ
1385 538 1672 608 τοῦςλόγου
1708 538 1935 608 γενόμε-

353 641 466 689 νος,
506 625 670 678 καλὸν
712 621 866 696 οἶμαι
921 629 1188 701 πρότερον
1237 630 1412 695 ἐνίους
1463 630 1573 685 τῶν
1629 629 1759 702 τῇδε
1805 646 1938 699 προ-

353 716 789 786 ασφαλίσασθαι,
821 717 898 782 ὡς
927 717 994 772 ἂν
1019 719 1098 791 μὴ
1117 721 1280 792 τυχὸν
1307 721 1575 788 ἀνίπτοις,
1597 721 1661 775 τδ
1689 721 1753 793 δὴ
1779 719 1938 790 λεγό-

357 823 545 877 μενον,
570 807 877 878 ἢάνάγνοις
905 813 1032 864 ποσὶ
1062 814 1173 876 τοῖς
1201 812 1378 882 ἁγίοις
1399 813 1838 884 προσϐάλλοιμεν
1869 809 1934 844 ⁸³·

353 899 440 982 ὅτι
463 899 538 970 μὴ
567 901 732 953 πᾶσιν
761 900 959 972 ἐπίσης
996 903 1267 974 είσιτητὸς
1303 904 1338 976 ἢ
1379 901 1540 975 βατὸς
1572 906 1599 959 ό
1634 903 1742 959 τῶν
1771 903 1943 972 ἁγίων

355 989 538 1062 χῶρος
569 1005 584 1021 ·
621 991 760 1064 πλὴν
799 995 912 1057 τοϊς
933 993 1021 1048 διὰ
1060 995 1408 1068 καθαρότητα
1455 994 1549 1051 νοῦ
1593 995 1702 1050 τῶν
1743 993 1944 1049 ὑλικῶν

359 1082 581 1135 πάντων
606 1081 1008 1154 ύπεραναϐᾶσι,
1038 1087 1134 1140 καὶ¹
1159 1088 1339 1142 πάντα
1379 1088 1682 1160 περάσασιν
1711 1087 1812 1140 ὅσα
1840 1086 1948 1144 ὑπὸ

357 1175 460 1246 τὴν
486 1175 761 1248 ατσθησινο
790 1175 873 1243 οἷς
902 1179 968 1233 ἂν
999 1180 1232 1250 μάλιστα
1263 1181 1356 1234 καὶ
1384 1182 1418 1252 ἡ
1444 1178 1829 1250 παναγεστάτη
1849 1177 1946 1234 τοῦ

360 1263 498 1318 Θεοῦ
533 1265 706 1338 σκηνὴ
743 1267 841 1332 τὰς
868 1268 1138 1336 διεξόδους
1174 1269 1640 1342 ἀναρριπίζουσα,
1687 1286 1950 1342 παραχω-

365 1360 451 1426 ρεῖ
488 1359 789 1429 φιλοτίμως
823 1361 920 1430 τὴν
950 1359 1179 1429 είσοδον,
1219 1363 1316 1417 καὶ
1349 1363 1448 1434 τῆς
1481 1363 1680 1432 νοητῆς
1723 1361 1948 1416 πανδαι-
2010 1365 2019 1374 ”

365 1449 509 1515 σίας,
541 1451 626 1520 ἐφ’
655 1451 722 1524 ἣν
743 1453 1097 1526 ἐστιάοημεν,
1131 1455 1472 1529 φιλοφρόνως
1502 1451 1950 1525 ἐπιδαψιλεύεται

361 1541 434 1596 τὰ
463 1542 688 1612 ὀψώνια.
725 1545 788 1598 Ei
817 1545 924 1617 γὰρ
949 1548 1062 1610 τοῖς
1085 1547 1222 1618 πρὸς
1247 1546 1328 1618 τῷ
1367 1547 1499 1600 Σινᾶ
1528 1545 1602 1617 μὴ
1643 1546 1764 1600 κατ’
1790 1542 1948 1610 ἀξίαν

365 1633 488 1704 ὄρει
517 1636 823 1708 προσϐῆναι
869 1637 1163 1709 τολμηρῶς
1209 1638 1626 1709 αὐτομολοῦσιν,
1668 1638 1950 1709 ἀστραπαὶ

366 1725 464 1778 καὶ
494 1723 735 1797 βρονταὶ,
776 1727 870 1780 καὶ
897 1727 1148 1798 δείματα,
1182 1730 1275 1782 καὶ
1301 1728 1617 1798 σαλπίγγων
1649 1725 1771 1800 ἦχοι
1801 1769 1816 1792 ,
1853 1729 1950 1782 καὶ

367 1795 594 1870 ἀπειλαὶ
629 1817 922 1890 φρικώδεις
954 1795 1313 1891 ἐνέσκηπτον,
1345 1821 1421 1884 ὼς
1453 1795 1525 1874 δέ*
1547 1823 1642 1875 καὶ
1801 1819 1948 1890 ίεροῦ
1985 1795 2024 1854 Β

364 1908 477 1962 τῶν
507 1911 702 1982 τοίχων
723 1912 1064 1980 ἐφάπτεσθαι
1090 1916 1202 1978 τοῖς
1232 1915 1447 1979 πολλοῖς
1475 1915 1576 1968 οὐκ
1603 1909 1671 1986 ἦν
1688 1913 1950 1982 ἀσφαλὲς,

367 2003 465 2055 καὶ
496 2001 584 2056 διὰ
613 2001 772 2057 τοῦτο
805 2005 1017 2058 δεῖσθαι
1048 2005 1316 2078 δευτέρων
1341 2006 1534 2079 τοίχων
1564 2005 1672 2060 τῶν
1706 2005 1905 2073 ἔξωθεν
1936 2023 1949 2036 ·

363 2089 437 2164 ἦν
466 2093 524 2147 δέ
577 2094 665 2149 διὰ
714 2095 952 2166 σπουδῆς
977 2097 1070 2150 καὶ
1096 2099 1238 2169 μέγα
1266 2099 1326 2152 τὸ
1355 2096 1828 2170 προκαθαίρεσθαι
1854 2097 1953 2169 τῆς

365 2183 480 2238 τῶν
517 2185 685 2255 ἁγίων
711 2187 951 2259 ἐπαφῆς,
988 2190 1082 2243 καὶ
1113 2190 1222 2244 τῶν
1259 2189 1422 2262 ίερῶς
1444 2189 1786 2259 τελουμένων
1817 2205 1954 2258 προ·-

366 2275 772 2331 διαστέλλεσθαι
798 2295 812 2308 ·
841 2280 934 2333 καὶ
961 2280 1136 2334 ταῦτα
1164 2283 1230 2352 τῇ
1269 2283 1398 2354 σκιᾷ
1439 2281 1800 2352 λατρεύουσιν
1848 2281 1950 2347 ἔτι,

367 2368 600 2423 καὶτῶν
645 2371 892 2426 τυπικῶν
935 2374 1458 2446 παραπετασμάτων
1515 2373 1909 2446 ἐξηρτημένοις
1937 2391 1950 2405 ο

367 2459 545 2530 πόσην
598 2460 664 2514 ἂν
703 2461 938 2540 μαλιστα
976 2463 1115 2528 δέον,
1147 2466 1274 2529 τοὺς
1303 2465 1399 2536 τῆς
1433 2464 1693 2536 ἀληθείας
1721 2464 1784 2518 τὸ
1837 2465 1954 2535 φῶς

367 2554 593 2612 ἔναυλον
627 2555 872 2626 ἔχοντας,
924 2559 1162 2630 σπουδὴν
1206 2559 1636 2626 ἐπιδείκνυσθαι,
1680 2561 1746 2630 τῇ
1781 2575 1956 2630 μεγα-

368 2647 634 2718 λοπρεπεῖ
654 2647 824 2720 ταύτῃ
865 2650 960 2702 καὶ
1007 2647 1374 2720 ύπερμεγέθει
1414 2649 1523 2702 τῶν
1547 2647 1642 2702 τοῦ
1686 2649 1821 2703 Θεοῦ
1854 2667 1953 2720 χα-

371 2740 655 2812 ρισμάτων
688 2743 864 2811 σκηνῇ
903 2744 1240 2812 προσφοιτᾷν
1268 2741 1680 2811 ἐπειγομένους·
1723 2741 1860 2812 πρὸς
1887 2741 1957 2813 ἢν

371 2829 838 2902 ύπεραγνὼστως,
871 2832 1015 2902 ὑπὲρ
1041 2831 1188 2897 νοῦν,
1219 2833 1643 2905 ὑπεραρρήτως,
1674 2833 1757 2898 είς
1794 2833 1959 2888 κένω-

373 2939 460 2976 σιν
487 2923 680 2978 ἐαυτὸν
709 2923 901 2986 καθεὶς
933 2922 1275 2994 ἐπεδήμησε,
1307 2924 1403 2978 καὶ
1443 2925 1658 2996 μήτραν
1701 2924 1960 2996 παρθενιν

371 3015 481 3086 κῆν
511 3017 539 3069 ό
571 3015 820 3086 μηδαμοῦ
857 3015 1104 3086 χωρητὺς
1135 3017 1598 3086 ἀστενοχωρήτως
1623 3017 1958 3088 ἐσκήνωσεν,

2038 535 2218 608 palam
2261 535 2522 601 discere;
2555 549 2620 588 ac
2665 533 2751 588 sin
2803 531 3009 598 minus,
3079 544 3202 601 qua:
3247 537 3498 600 spectant
3553 529 3620 585 ad

2039 627 2535 684 ineﬂ'abilissimam
2568 624 2720 680 illam
2742 624 2948 692 vitam;
2976 631 3105 679 sunt
3127 621 3279 678 enim
3300 635 3363 676 ea
3391 622 3578 692 ignota
3605 639 3618 674 :

2040 729 2098 778 at
2131 722 2329 778 saltem
2365 720 2579 787 eol‘um,
2602 720 2806 791 quibus
2837 717 3204 790 praesidemus
3225 714 3416 782 hodie,
3443 728 3596 784 quan

2041 822 2156 868 tum
2191 827 2282 868 res
2315 811 2469 878 sinit,
2505 811 2696 868 doceri
2728 809 2972 866 rationes
2997 847 3012 864 .
3051 807 3253 863 Adeste
3277 821 3431 878 ergo,
3461 805 3624 860 amici

2043 904 2350 968 auditores,
2379 919 2601 974 unaque
2629 903 2900 958 bonorum
2957 917 3022 957 ac
3055 899 3360 973 spectaculi
3391 898 3624 968 spirita-

2043 993 2114 1049 lis
2149 1000 2426 1050 amantes.
2481 991 2592 1048 Vos
2650 991 2798 1048 enim
2852 1005 3056 1064 magno
3103 988 3440 1059 sublimique
3490 1003 3627 1042 voco

2046 1087 2366 1158 praeconio;
2429 1085 2704 1143 sermonis
2765 1085 3043 1156 explicata
3088 1083 3251 1152 facie,
3309 1080 3630 1154 symbolicis

2046 1178 2318 1234 hactenus
2360 1177 2583 1233 obtecta
2614 1176 2942 1241 involucris,
2971 1175 3214 1245 positum
3253 1175 3406 1230 intus
3461 1172 3630 1228 deco-

2045 1285 2187 1336 rem,
2213 1271 2350 1325 solis
2377 1268 2622 1341 fulgores
2669 1277 2960 1326 venustate
2985 1268 3174 1340 gratiae
3197 1272 3628 1337 exsuperantem

2047 1362 2374 1418 ostendam.
2404 1361 2542 1418 Cum
2575 1375 2744 1432 porro
2785 1361 2961 1417 hucce
2989 1360 3174 1416 oratio
3219 1365 3483 1430 provecta
3535 1357 3627 1423 sit,

2049 1469 2229 1526 operae
2260 1453 2502 1526 pretium
2549 1455 2816 1520 arbitror,
2866 1461 2926 1508 ut
2985 1461 3114 1508 ante
3147 1453 3330 1508 omnia
3394 1465 3630 1522 praemo-

2049 1562 2234 1612 neam,
2265 1555 2326 1600 ut
2360 1561 2427 1600 ne
2454 1546 2546 1616 qui
2576 1544 2721 1602 forte
2771 1545 2976 1610 illotis,
3012 1545 3156 1618 quod
3187 1545 3416 1610 dicitur,
3445 1543 3652 1621 prola-.

2052 1637 2204 1693 nisve
2227 1638 2479 1708 pedibus,
2518 1653 2675 1693 sacra
2704 1638 3088 1694 invaserimus.
3133 1634 3254 1693 Non
3277 1638 3426 1693 enim
3479 1651 3635 1705 aeque

2051 1731 2308 1786 omnibus
2333 1744 2594 1785 accessus
2622 1730 2956 1800 perviusque
2973 1737 3059 1786 est
3086 1739 3407 1786 sanctorum
3437 1728 3594 1782 locus
3617 1742 3633 1792 ;

2055 1823 2150 1878 sed
2186 1822 2256 1878 iis
2286 1831 2522 1889 tantum,
2559 1821 2654 1888 qui
2688 1823 2892 1878 mentis
2924 1823 3186 1892 puritate,
3219 1828 3485 1876 concreta
3515 1835 3635 1875 nia-

2057 1913 2206 1968 teriae
2232 1913 2418 1967 omnia
2475 1914 2821 1983 supergressi
2880 1920 3034 1978 sunt,
3104 1913 3559 1982 transicruutque
3589 1913 3634 1966 si

2055 2021 2162 2076 qua
2192 2006 2399 2060 cadunt
2430 2006 2533 2062 sub
2561 2021 2781 2062 sensum
2817 2005 3055 2077 :qnibus
3077 2005 3313 2060 maxime
3339 2003 3638 2060 sanctissi—

2057 2111 2202 2150 mum
2237 2095 2336 2151 Dei
2381 2095 2798 2151 tabernaculum
2861 2096 3283 2152 transeuntibus
3329 2109 3524 2150 auram
3558 2093 3638 2149 fa»

2055 2189 2233 2251 ciens,
2277 2187 2563 2257 magniﬁce
2599 2188 2912 2258 ingressum
2935 2187 3212 2252 concedit,
3249 2200 3314 2241 ac
3342 2185 3636 2256 spiritalis,

2055 2281 2206 2333 omni
2237 2277 2440 2350 dapnm
2488 2294 2714 2350 genere,
2748 2279 2804 2333 in
2831 2293 2940 2348 quo
2987 2276 3290 2348 epulaturi.
3314 2277 3637 2342 invitamur,

2056 2371 2311 2426 instructi
2369 2372 2608 2427 convivii
2657 2371 2836 2438 cibos,
2885 2371 3036 2439 larga
3085 2384 3252 2424 manu
3302 2368 3642 2438 perbenigne

2054 2465 2307 2536 largitur.
2363 2463 2498 2518 Nam
2542 2465 2587 2521 si
2630 2465 2720 2532 iis,
2767 2465 2861 2536 qui
2911 2478 3048 2518 ausu
3089 2462 3405 2528 temerario,
3461 2463 3641 2516 minus

2057 2556 2210 2625 digni
2249 2565 2490 2609 montem
2545 2555 2678 2610 Sina
2706 2567 2734 2606 P
2765 2556 2921 2611 adire
2956 2561 3381 2626 praesumerent,
3423 2551 3643 2624 fulgura

2057 2646 2408 2716 ingruebant,
2467 2644 2840 2716 fulminaque,
2901 2660 2966 2699 ac
2997 2654 3264 2708 terrores,
3313 2643 3642 2714 sonitusque

2060 2738 2345 2804 tubarum,
2395 2749 2449 2794 et
2487 2755 2650 2795 voces
2703 2740 3030 2806 terribiles;
3076 2747 3136 2794 ut
3188 2753 3288 2794 nec
3331 2737 3640 2810 plerisque,

2060 2831 2344 2885 murorum
2376 2832 2564 2900 templi
2599 2847 2864 2889 accessus
2894 2841 3045 2888 tutus
3086 2840 3229 2901 erat,
3268 2846 3446 2903 eoque
3474 2831 3644 2888 fuerit

2058 2937 2224 2993 opus,
2274 2932 2505 2978 externo
2548 2925 2659 2979 alio
2727 2939 3014 2979 murorum
3073 2923 3283 2979 ambitu
3315 2933 3344 2975 ιι
3373 2942 3386 2979 :
3417 2932 3645 2994 eratque

2061 3022 2316 3070 sanctum
2346 3030 2746 3086 magnumque,
2773 3024 2833 3071 ut
2860 3017 3183 3088 priusquam
3217 3030 3379 3070 sacra
3419 3015 3646 3071 contin-

369 3107 506 3176 ὃλην
539 3105 608 3159 δι’
652 3105 776 3160 ὅλου
819 3105 922 3174 τὴν
973 3107 1032 3158 ἐν
1057 3105 1271 3173 γενέσει
1313 3104 1476 3174 φύσιν
1516 3105 1841 3178 ὑπερϐᾶσαν
1888 3107 1955 3177 τῇ

2061 3115 2276 3177 gerent,
2331 3107 2763 3172 mundarentur,
2821 3106 3040 3178 sibique
3122 3107 3298 3162 sacris
3358 3105 3644 3177 operaturi

371 3165 730 3269 καθαρότητι,
767 3165 1285 3268 κάντεῦθεννῶσπερ
1317 3165 1382 3250 ἐκ
1422 3213 1586 3250 τινων
1629 3165 1801 3267 ¹ἱερῶν
1832 3165 1958 3251 ἁδύῖ

2061 3196 2268 3267 praevia
2299 3199 2558 3254 cautione
2613 3199 3017 3270 prospicerent,
3042 3199 3232 3270 idque,
3277 3215 3400 3256 cum
3434 3199 3646 3254 umbra:

373 3305 508 3350 των,
555 3288 654 3358 τὴν
698 3286 898 3342 ἑαυτοῦ
945 3285 1425 3361 μεμυσταγώγηκε
1474 3285 1676 3358 σάρκα.
1715 3287 1845 3355 Τίς;
1906 3287 1958 3341 '0

2061 3287 2244 3342 adhuc
2312 3289 2609 3357 servirent,
2664 3299 2830 3360 atque
2867 3306 2896 3345 a
2939 3291 3270 3363 ﬁguralibus
3321 3292 3648 3348 velamentis

374 3380 706 3452 ἀπροσδεὴς,
731 3381 830 3434 καὶ
857 3381 988 3452 ὅλην
1042 3380 1178 3451 πρὸς
1211 3378 1408 3433 ἐαυτὸν
1437 3377 1719 3442 ἀνατεθεὶς
1739 3378 1836 3450 τὴν
1869 3380 1958 3432 ἀν-

2065 3379 2366 3448 penderent
2403 3399 2416 3434 :
2450 3396 2614 3452 quam
2647 3398 2784 3451 rogo
2809 3384 3048 3439 maximo
3075 3384 3258 3440 studio
3281 3385 3418 3441 eniti
3447 3383 3650 3440 debue-

333 3484 341 3494 ’
376 3474 660 3546 θρωπίνην
689 3471 969 3544 ἐσχατιάν.
1009 3472 1134 3525 Ἐπὶ
1155 3470 1330 3544 ταύτῃ
1359 3472 1426 3541 τῇ
1465 3468 1798 3540 θεοτυπώτῳ
1829 3486 1958 3540 σκη-

2063 3468 2197 3535 rint,
2239 3469 2386 3542 apud
2425 3487 2566 3542 quos
2611 3474 2859 3530 veritatis
2885 3474 3068 3530 lumen
3103 3475 3400 3542 inhabitat,
3443 3479 3538 3548 qui
3580 3477 3650 3532 ad

377 3568 470 3637 νῇ,
496 3569 525 3620 ὁ
557 3566 721 3634 νόμος
763 3563 936 3629 ἅπας,
983 3564 1076 3618 καὶ
1105 3565 1154 3616 οἱ
1193 3563 1495 3636 προφῆται,
1523 3563 1958 3635 πραγματιωδῶς

2069 3563 2422 3635 magniﬁcum
2456 3564 2562 3620 hoc
2587 3580 2650 3621 ac
2687 3567 3014 3638 praegrande
3033 3567 3304 3624 donorum
3339 3568 3430 3622 Dei
3463 3569 3650 3624 taber-

377 3657 869 3728 ἐκπεπλήρωνται·
901 3654 1217 3724 καὶταύτῃ,
1245 3653 1316 3706 τὰ
1347 3653 1551 3726 σκιώδη
1578 3653 1688 3706 τῶν
1719 3671 1786 3706 τυ
1799 3654 1958 3708 πικῶι

2068 3656 2326 3712 naculum
2389 3657 2654 3714 accedere
2683 3658 2946 3715 festinent
2999 3679 3012 3716 :
3065 3661 3130 3714 ad
3195 3659 3342 3732 quod
3386 3660 3649 3716 nimirum

378 3747 872 3818 προχαραγμόιτων
915 3744 1224 3818 ῆμαυρώθη
1279 3743 1648 3816 μορφώματα,
1699 3745 1958 3801 λυθέντωι

2067 3751 2440 3805 occultissima
2461 3751 2692 3815 ratione,
2710 3767 2876 3822 supra
2895 3766 3060 3821 quam
3079 3751 3164 3807 vel
3179 3751 3390 3822 ceperit
3406 3751 3650 3817 animus,

375 3838 490 3894 τῶν
511 3839 792 3909 ἐσόπτρων
821 3841 888 3910 τῇ
908 3838 1160 3910 ἀληθείᾳ.
1179 3837 1398 3892 Τούτων
1413 3837 1470 3891 δέ
1507 3836 1707 3902 ἱκανῶς
1727 3838 1804 3908 τῷ
1826 3839 1958 3910 λὸγη

2069 3843 2154 3898 vel
2187 3843 2374 3912 lingua
2420 3845 2788 3911 enarraverit,
2827 3859 2950 3900 sese
2993 3844 3336 3900 demissione
3371 3840 3651 3898 evacua‘ns

377 3932 1061 4005 προπαρεσκευασμένων,
1099 3931 1199 3998 ἆγε
1233 3931 1298 4001 δὴ
1327 3930 1436 3984 τῶν
1463 3929 1652 3984 τύπων
1681 3931 1958 4002 ἀφέμενοι,

2073 3936 2465 4006 peregrinatus
2489 3935 2584 4001 sit,
2617 3953 2680 3990 ac
2704 3937 2956 4008 Virginis
2987 3946 3232 4004 uterum,
3254 3938 3347 4006 qui
3369 3951 3638 4006 nusquam

375 4025 471 4080 ἐπ’
499 4025 668 4096 αὐτὴν
693 4023 1098 4095 ἅναδράμωμεν
1113 4021 1212 4092 τὴν
1237 4021 1514 4093 ἀλήθειαν·
1544 4021 1744 4092 μᾶλλον
1765 4023 1822 4076 δὲ
1850 4025 1958 4088 τοῖς

2071 4035 2250 4096 poti-st
2288 4025 2435 4096 capi,
2469 4034 2528 4080 ut
2557 4025 2813 4096 capiente
2847 4043 2958 4081 non
3016 4036 3354 4089 arctaretur,
3387 4028 3650 4082 taberna-

376 4114 598 4179 ἀδύτοις
633 4115 1054 4187 προσϐάλωμεν.

2074 4117 2187 4173 culi
2215 4118 2393 4172 instar
2417 4118 2814 4174 inbabitaverit
2845 4137 2862 4175 :
2890 4127 3134 4184 uterum,
3159 4119 3403 4188 inquam_
3426 4131 3649 4172 omnem

377 4209 615 4263 omnino
640 4205 695 4260 in
729 4216 852 4260 ortu
891 4205 1158 4276 positam,
1211 4203 1409 4259 eximia
1451 4217 1551 4258 sua
1595 4202 1866 4259 munditia
1898 4214 2252 4277 superantem
2285 4214 2587 4262 naturam:
2633 4223 2697 4263 ac
2748 4208 2878 4264 inde
2933 4223 3036 4264 ceu
3091 4223 3156 4264 ex
3199 4209 3382 4264 sacris
3421 4207 3650 4278 quibus-

377 4301 510 4358 dam
535 4301 934 4371 penetralibus,
985 4314 1139 4354 suam
1177 4299 1352 4369 ipsius
1389 4297 1637 4352 initiavit
1691 4290 2273 4372 docuitque'carnem.
2319 4301 2460 4370 Quis
2535 4305 2672 4361 ille?
2719 4304 2822 4371 Qui
2898 4303 3161 4359 nimirum
3218 4303 3372 4359 nullo
3421 4303 3648 4373 indiget,

378 4403 667 4465 totamque
716 4394 1078 4450 nihilominus
1107 4393 1213 4448 sibi
1267 4392 1465 4447 ascivit
1509 4400 1814 4448 extremam
1852 4395 2148 4452 humanam
2209 4397 2502 4454 vilitatem.
2541 4396 2602 4453 In
2659 4398 2762 4453 hoc
2787 4397 3078 4468 designato
3139 4399 3374 4466 lictoque
3444 4409 3474 4449 a
3537 4393 3649 4449 Deo

379 4487 769 4552 tabernaculo,
805 4488 890 4542 lex
951 4495 1065 4541 tota
1131 4494 1188 4540 et
1227 4486 1515 4557 prophetae
1559 4501 1620 4540 re
1653 4487 1775 4557 ipsa
1817 4489 2088 4559 completa
2149 4501 2303 4555 sunt,
2379 4507 2554 4563 eaque
2619 4491 2946 4547 umbratiles
3005 4491 3319 4560 liguralinm
3392 4489 3646 4556 designa-

287 4579 291 4582 ’
379 4583 602 4637 tionum
639 4581 851 4646 formae,
893 4578 1134 4650 speculis
1173 4579 1408 4634 veritate
1455 4578 1675 4645 solutis,
1725 4578 2034 4636 obscurata:
2085 4591 2236 4638 sunt.
2275 4581 2374 4641 His
2415 4599 2584 4656 porro
2636 4584 2712 4640 ita
2737 4585 2888 4640 velut
2956 4586 3023 4638 ad
3095 4581 3371 4640 sermonis
3445 4581 3647 4650 praalu-

379 4678 476 4734 dia
508 4677 648 4733 satis
682 4677 984 4742 enarratis,
1043 4689 1144 4746 age
1187 4673 1374 4740 modo,
1416 4673 1604 4729 missis
1645 4671 1865 4744 ﬁguris,
1940 4673 2035 4730 ad-
2104 4678 2390 4735 veritatem
2438 4679 2618 4750 ipsam
2666 4687 3264 4751 accurramus,_atque
3310 4677 3445 4732 adeo
3487 4675 3648 4746 adyta

378 4776 758 4842 penetremus.

455 4861 636 4930 Μέχρι
666 4861 775 4932 γὰρ
800 4859 966 4926 τίνος,
1001 4855 1284 4927 τοῦ-λόγου
1316 4857 1432 4921 τοῖς
1455 4855 1774 4927 προαυλίοις
1799 4855 1958 4911 ἐνδια·

2053 4874 2058 4907 ι
2155 4857 2408 4924 Quandiu
2449 4857 2598 4914 enim
2630 4860 2778 4914 velut
2818 4858 2874 4914 in
2905 4857 3178 4914 sermonis
3205 4854 3490 4912 vestibulis
3537 4855 3645 4909 hat.

379 4951 688 5024 τρίϐοντες,
735 4952 799 5006 τὺ
829 4952 936 5022 πρὸ
967 4950 1071 5022 τῆς
1103 4951 1312 5005 εἰσόδου
1343 4949 1542 5012 κάλλος
1589 4948 1972 5020 θαυμάζομεν,

379 5045 506 5114 ἐξὸν
540 5046 635 5100 καὶ
673 5048 1000 5100 συνεισιέναι
1021 5033 1087 5118 τῇ
1113 5043 1298 5116 Μητρὶ
1320 5042 1415 5098 τοῦ
1435 5043 1634 5111 Λόγου,
1665 5041 1844 5097 καὶτὸ
1869 5040 1969 5096 κά-

379 5135 582 5206 λυμμα
609 5133 932 5206 διασχόντας
969 5136 1049 5200 εἰς
1079 5135 1149 5188 τὰ
1176 5134 1284 5187 τῶν
1315 5131 1487 5201 ἁγίων
1517 5131 1687 5200 Ἀγια
1721 5130 1973 5202 παρακύ-

378 5227 508 5298 ψαι,
541 5226 638 5282 καὶ
666 5225 943 5298 μυηθῆναι
973 5225 1044 5280 τὰ
1078 5225 1253 5297 μείζω
1281 5225 1377 5278 καὶ
1406 5221 1745 5288 τελεώτερας
1771 5221 1834 5275 Εἰ
1862 5221 1972 5292 γὰρ

379 5315 455 5370 τὰ
480 5315 754 5386 προαύλια
783 5313 917 5388 [τῶν
939 5315 1112 5385 ἁγίων
1128 5313 1379 5380 τοιαῦτα,
1410 5313 1506 5369 ita}.
1535 5313 1603 5367 τὰ
1629 5311 1970 5384 προπύλαια]

460 5503 490 5546 r
521 5492 698 5551 Exod.
731 5512 845 5562 xix,
887 5494 976 5551 12.
1052 5505 1082 5548 ει
1107 5494 1308 5555 Ezecb.
1338 5509 1428 5563 ιι,
1457 5495 1555 5564 l7;
1611 5513 1742 5563 rut,
1771 5497 1804 5550 7
1835 5511 1996 5568 seqq.

2071 4957 2282 5016 rentes,
2325 4949 2718 5019 praaambulum
2757 4947 3029 5019 ingressui
3061 4945 3315 5002 decorem
3358 4945 3640 5010 miramur,

2070 5041 2274 5113 quibus
2312 5040 2475 5097 liceat
2523 5057 2648 5096 cum
2683 5041 2971 5098 Sermonis
3022 5039 3194 5096 Matre
3252 5053 3360 5093 una
3398 5036 3641 5108 ingredi.

2070 5131 2419 5202 disjectoque
2463 5130 2586 5186 velo
2638 5131 2694 5186 in
2751 5129 2952 5186 Sancta
3003 5136 3320 5185 sanctorum
3372 5125 3642 5196 paulispet

2072 5221 2300 5299 intueri,
2333 5236 2398 5276 ac
2421 5236 2504 5275 ma
2507 5221 2630 5292 jbra
2653 5221 2842 5278 doceri
2871 5230 2924 5278 et
2952 5217 3319 5294 perfectiora?
3341 5217 3476 5272 Cum
3498 5213 3640 5272 enim

2071 5319 2224 5369 tanta
2280 5311 2392 5370 sint
2441 5320 2763 5381 sanqtorum
2808 5313 2972 5380 atria,
3027 5319 3293 5384 tantoque
3349 5309 3550 5366 decore
3591 5309 3636 5362 et

1662 5645 1900 5702 VARIAS
1939 5645 2340 5704 LECTIO‘NES.

453 5761 497 5792 ⁸³
533 5762 629 5818 ἄλ.
667 5761 1014 5833 προσΰάλοις.
