4016 6130
411 265 552 341 1079
1566 274 1660 339 's.
1702 280 2032 341 ANDREAE
2066 268 2486 344 CRETENSIS
3088 316 3100 325 -
3547 289 3686 353 mae

406 386 551 442 mole
588 386 775 463 templi
797 391 1083 456 vestibula,
1117 401 1176 449 ut
1205 396 1402 453 mentis
1437 400 1651 464 oculos,
1687 400 1978 457 excellenti

2088 399 2179 453 τοῦ
2216 402 2345 456 ναοῦ
2386 404 2528 459 οὕτω
2549 401 2715 475 σεμνὰ
2748 404 2843 459 καὶ
2879 404 3184 478 ὑπέρογκα,
3212 407 3288 470 ὡς
3314 410 3381 481 τῇ
3402 396 3685 478 ὑπερϐολῇ

409 483 789 555 perstringam
839 486 1288 556 pulchritudine,
1358 502 1586 561 quanta,
1630 509 1786 565 rogo,
1829 496 1983 552 fuerit

2100 496 2192 549 τοῦ
2219 497 2470 562 κάλλους,
2487 501 2613 562 τοὺς
2634 498 2734 567 τῆς
2762 499 2998 560 διανοίας
3021 498 3334 570 ὀφθαλμοὺς
3359 503 3693 570 περιαστρά-

409 577 702 644 majestate
743 576 1036 649 adytorum
1067 579 1249 646 locus,
1305 578 1619 656 intimaque
1667 588 1995 659 inaspecta—

411 664 611 721 bilium
652 669 1235 745 inaccessibiliumque
1280 679 1609 746 penetralia,
1653 680 1724 737 iis
1770 684 1912 740 solis
1939 693 1996 740 et

409 760 586 814 oculis
632 770 950 831 conspecta,
993 775 1047 819 et
1107 765 1269 822 labiis
1318 768 1616 835 efferenda,
1662 773 1752 842 qui
1789 789 1884 830 ceu
1937 777 1991 835 in

407 851 632 917 speculo
654 852 864 908 Domini
894 855 1123 926 gloriam
1148 858 1459 916 clarissime
1476 867 1918 935 contemplantur
1942 879 1991 935 ι,

405 958 640 1013 quaeque
725 942 1041 1017 Seraphicze
1113 948 1339 1023 forcipis
1411 957 1653 1014 carbone
1729 962 1990 1018 mundata

405 1044 536 1088 sunt
565 1037 589 1065 '
631 1055 644 1091 :
681 1051 748 1092 ac
803 1039 874 1095 iis
916 1040 1137 1098 demum
1171 1046 1263 1114 qui
1317 1062 1590 1105 summam
1642 1049 1989 1110 aliectionum

406 1127 735 1182 vacuitatem
787 1132 1113 1203 attigerunt.
1154 1136 1339 1207 Quare
1409 1140 1455 1195 si
1500 1157 1610 1211 quo
1640 1145 1803 1200 modo
1844 1155 1994 1204 recte

404 1219 717 1274 consulenti
761 1237 969 1279 morem
1013 1226 1230 1296 geritis,
1258 1230 1440 1285 carnis
1477 1233 1700 1302 quidem
1744 1236 1993 1293 all'ectio-

403 1310 583 1371 nibus,
622 1312 745 1369 vale
796 1317 1162 1383 remittentes,
1223 1308 1548 1396 mtindique,
1599 1342 1762 1397 quam
1810 1335 1993 1399 potest

403 1398 663 1467 maxime,
688 1418 717 1458 a
741 1408 953 1461 carnali
985 1411 1132 1466 omni
1163 1413 1429 1479 amicitia,
1476 1417 1772 1491 infimaque
1799 1398 1994 1478 confu-

403 1493 581 1556 sione,
619 1494 818 1552 divinae
855 1499 1117 1571 deinceps
1147 1503 1430 1577 beataeque
1470 1510 1821 1578 procedentis
1861 1514 1991 1569 iIIu-

404 1586 691 1642 stratiouis
726 1588 963 1661 desuper
993 1592 1293 1665 affulgente
1331 1600 1556 1666 lumine,
1591 1618 1715 1657 cum
1759 1603 1990 1675 Deipara

404 1678 788 1733 cucurreritis.
829 1680 948 1736 Jam
996 1686 1140 1740 enim
1191 1697 1246 1743 et
1291 1691 1507 1746 actione
1553 1693 1731 1751 claros
1772 1706 1826 1751 et
1872 1713 1989 1752 ser-

403 1780 586 1833 mone,
630 1772 893 1842 omnique
939 1784 1095 1843 parte
1127 1777 1389 1833 virtutum
1443 1782 1642 1838 decore
1695 1784 1983 1856 fulgentes,

401 1858 566 1912 etiam
628 1862 886 1920 Christus
918 1867 1054 1937 ipse,
1098 1872 1299 1926 munda
1354 1873 1446 1927 illa
1491 1858 1750 1942 initiatio,
1802 1880 1986 1937 lumen

403 1950 537 2006 illud
585 1970 801 2025 semper
838 1959 1044 2024 vivum,
1084 1962 1220 2032 ipse,
1266 1954 1512 2035 inquam,
1564 1984 1594 2023 a
1632 1968 1795 2027 Patre
1833 1971 1982 2038 Sole,

403 2050 665 2113 tanquam
696 2047 886 2109 radius
917 2065 946 2105 a
980 2052 1120 2118 luce,
1150 2054 1243 2108 Sol
1269 2056 1476 2127 absque
1499 2061 1771 2132 principio
1799 2080 1983 2135 egres-

401 2148 581 2202 suque
634 2137 932 2209 refulgens,
984 2142 1039 2195 in
1090 2159 1257 2198 unum
1318 2158 1703 2220 congregatos,
1756 2156 1984 2225 mystice

399 2226 610 2293 epulari
641 2229 789 2283 velit.
818 2230 897 2285 Ac
931 2233 1109 2301 palam
1160 2236 1405 2291 ostendit
1450 2254 1516 2294 eo
1561 2242 1708 2311 quod
1751 2242 1980 2300 Matrem

400 2331 556 2370 suam
593 2332 812 2391 semper
843 2323 1135 2393 virginem,
1170 2343 1201 2382 θ
1245 2328 1407 2397 cujus
1445 2339 1621 2395 utero,
1668 2334 1786 2403 ipse
1837 2335 1982 2393 Deus

398 2410 696 2476 assistens,
728 2413 1021 2471 humanam
1071 2418 1247 2475 induit
1278 2421 1535 2487 formam,
1588 2427 1849 2483 hodierna
1892 2431 1982 2485 die

399 2517 501 2559 ceu
541 2503 805 2577 Reginam
850 2496 1074 2565 humani
1116 2517 1352 2582 generis,
1400 2530 1429 2569 a
1473 2520 1708 2576 terrenis
1756 2523 1982 2579 sedibus

400 2597 688 2664 transfert,
726 2604 1054 2659 sacramenti
1094 2606 1315 2671 virtute,
1349 2609 1501 2663 velut
1541 2612 1758 2687 quidem
1787 2615 1983 2669 obscu-

406 2687 566 2753 riori,
593 2699 653 2743 ut
681 2700 866 2746 tamen
896 2708 1002 2748 neu
1036 2697 1263 2750 omnino
1290 2697 1827 2758 incommunicabilis
1853 2706 1980 2759 reli-

401 2786 489 2833 cta
535 2780 627 2835 sit.
686 2781 830 2836 Nihil
870 2786 1017 2839 enim
1076 2787 1184 2851 hic,
1233 2797 1432 2858 praeter
1487 2795 1753 2850 terminos
1820 2797 1979 2853 nobis

402 2887 431 2926 a
459 2873 734 2946 principio
792 2878 1155 2947 constitutos;
1206 2896 1305 2935 nec
1336 2884 1709 2948 sanctissima,
1748 2905 1886 2944 nova
1927 2898 1980 2946 et

398 2973 600 3032 praeter
649 2973 959 3033 naturam,
1019 2978 1117 3023 aut
1169 2978 1297 3024 nata
1352 2980 1439 3029 est
1499 2982 1593 3029 aut
1649 2977 1783 3031 vixit
1839 2979 1977 3050 lege,

400 3055 646 3127 quandiu
691 3058 837 3114 inter
882 3060 1135 3117 homines
1177 3078 1346 3134 super
1385 3075 1586 3121 terram
1615 3079 1831 3125 versata
1873 3079 1978 3137 est,

399 3163 716 3219 quanquam
750 3160 809 3205 ut
846 3152 898 3206 in
939 3154 1064 3208 aliis
1093 3155 1227 3225 (89),
1297 3157 1352 3211 in
1399 3160 1502 3213 hoc
1548 3175 1769 3232 queque
1813 3163 1980 3218 mira-

401 3240 565 3296 bilem
608 3242 881 3298 rationem
921 3246 1070 3299 velut
1112 3247 1406 3313 diversam,
1452 3251 1665 3320 habuit,
1705 3255 1816 3308 vita
1854 3270 1974 3326 par-

399 3342 595 3402 tuque,
625 3348 691 3388 ac
725 3335 943 3390 demum
982 3340 1215 3394 transitu
1248 3340 1318 3395 ab
1353 3341 1629 3409 humanis,
1678 3360 1843 3414 supra
1873 3346 1979 3401 hu-

399 3438 586 3488 mana,
642 3427 1026 3496 universisque
1063 3446 1250 3487 revera
1293 3444 1475 3487 ortum
1514 3435 1844 3491 habentibus
1879 3453 1978 3492 na-

398 3525 539 3572 tura:
571 3520 978 3589 magniﬁcentia
1007 3525 1306 3592 superatis.
1341 3524 1658 3592 Enimvero,
1689 3528 1804 3597 jam
1837 3537 1979 3583 tem-

400 3611 520 3678 pori
592 3626 840 3683 congrua
912 3614 1118 3684 pariter
1183 3616 1515 3675 celebraturi
1595 3620 1975 3689 procedamus.

399 3701 614 3774 Quippe
666 3703 849 3760 fausta
881 3706 1066 3761 omnia
1104 3707 1211 3762 diei
1259 3706 1399 3764 festo
1449 3719 1772 3776 occurrunt,
1828 3711 1979 3779 pari-

397 3812 504 3863 que
529 3796 713 3851 laetitia
743 3798 1042 3855 exsultant.
1074 3798 1211 3855 Vide
1236 3801 1380 3856 enim
1426 3803 1676 3872 quisquis
1702 3817 1853 3858 meos
1883 3818 1980 3858 au-

399 3887 485 3941 llis
519 3901 829 3955 sermones,
876 3899 1083 3959 quanta
1116 3892 1229 3948 sint
1257 3908 1378 3961 qua:
1407 3894 1700 3949 videntur:
1734 3896 1977 3951 tribuum

397 3978 611 4048 regina,
638 3979 906 4047 Ecclesia,
944 3983 1189 4054 inquam,
1233 3984 1495 4050 fidelium,
1558 3988 1820 4044 hodierna
1850 3988 1973 4055 die,

396 4071 660 4144 llcginam
692 4072 919 4130 humani
940 4077 1179 4148 generis,
1204 4078 1449 4151 omnium
1473 4076 1620 4149 Rege
1649 4094 1713 4134 ac
1742 4080 1979 4150 praeside

396 4164 529 4229 Deo,
554 4165 705 4237 regio
730 4178 996 4244 apparatu
1023 4169 1078 4225 in
1107 4171 1373 4226 caelorum
1399 4171 1605 4242 regiam
1634 4182 1974 4239 assumente,

394 4256 673 4328 triumpho
730 4259 988 4327 deducit,
1034 4276 1102 4318 ac
1152 4262 1197 4318 si
1247 4263 1377 4333 quid
1414 4264 1866 4333 pulcherrimum,
1922 4273 1978 4321 et

392 4348 737 4405 laetissimum
766 4352 950 4415 habet,
995 4353 1140 4408 dono
1179 4353 1362 4409 olIert.
1414 4355 1612 4418 Hodie,
1652 4370 1759 4425 qua
1792 4358 1976 4427 pulvis

394 4442 608 4497 caelesti
641 4442 815 4512 gloria
845 4443 1025 4499 elatus
1059 4453 1165 4508 est,
1198 4446 1480 4516 pulverem
1508 4448 1679 4509 exuit,
1710 4447 1977 4503 inditum-
2012 4475 2056 4530 ι)

393 4549 501 4601 que
557 4533 625 4587 ab
680 4542 803 4589 ortu
865 4536 1108 4591 velamen
1169 4537 1413 4608 deponit,
1460 4552 1526 4591 ac
1567 4546 1781 4605 terrae;
1830 4540 1978 4611 quod

393 4634 554 4679 terrae
579 4635 870 4695 cognatum
890 4632 997 4692 est,
1031 4626 1233 4684 reddit.
1259 4627 1398 4683 Vitae
1428 4627 1643 4684 auctrix
1674 4629 1741 4684 ad
1774 4645 1974 4686 novam

391 4716 723 4786 migratione
762 4718 1014 4774 excurrit
1043 4720 1235 4785 vitam,
1276 4720 1569 4791 locumque
1599 4723 1723 4777 vitae
1749 4722 1977 4778 immor-

392 4809 541 4871 talis,
587 4824 618 4864 a
667 4811 877 4866 carnali
924 4812 1075 4867 omni
1115 4820 1170 4868 et
1203 4812 1405 4869 vitiosa
1453 4812 1746 4870 affectione
1789 4816 1981 4886 sejun-

392 4910 567 4965 ctum,
610 4903 958 4972 ingreditur:
1013 4920 1079 4960 ac
1123 4906 1363 4970 demum,
1419 4906 1565 4977 quod
1617 4907 1793 4963 oculis
1839 4923 1971 4964 con-

391 4993 644 5063 spicuum
699 5001 784 5050 est
830 4997 1216 5067 corporalibus
1271 4996 1637 5064 abstractum,
1685 5015 1795 5053 una
1842 5014 1967 5059 cum

392 5086 613 5157 spiritu,
653 5087 809 5142 velut
843 5089 1170 5159 spiritaliter
1196 5090 1330 5155 abit,
1363 5090 1565 5161 quibus
1598 5093 1747 5147 novit
1797 5093 1968 5149 ratio.-

466 5266 493 5299 τ
525 5259 721 5319 HCor.
758 5262 943 5333 "1,18.
1032 5268 1053 5296 ⁵
1078 5263 1185 5323 lsa.
1229 5280 1302 5327 vr,
1359 5266 1412 5320 6.

2100 607 2275 652 πτειν.
2310 590 2538 661 πηλίκος
2561 588 2628 643 ἂν
2661 591 2748 663 εἴη
2788 590 2898 644 τῶν
2929 591 3138 646 ἀδύτων
3165 594 3193 645 ὁ
3221 590 3421 662 χῶρος,
3459 592 3555 645 καὶ
3582 591 3689 644 τῶν

2098 680 2346 735 ἀθεάτων
2383 682 2476 735 καὶ
2522 681 2848 753 ἁνεμϐάτων
2881 681 2952 734 τὰ
2981 682 3260 742 ἐνδότατα,
3296 681 3332 736 ἃ
3363 683 3546 752 μόνοις
3574 683 3685 745 τοῖς

2096 770 2340 840 ὄμμασιν
2375 770 2606 835 ἐκείνοις
2628 771 2723 827 καὶ
2761 771 3001 842 χείλεσίν
3034 772 3143 826 είσι
3175 771 3345 824 θεατὰ
3392 774 3487 825 καὶ
3520 774 3681 844 ῥητά,

2094 863 2208 926 τοῖς
2230 862 2328 932 τὴν
2366 862 2523 929 δόξαν
2553 864 2762 934 Κυρίου
2794 862 3315 935 κατοπτριζομένοις
3342 862 3684 931 ὲκφαντικώ-

2092 970 2249 1019 τατα,
2287 956 2382 1007 καὶ
2415 954 2494 1024 τῷ
2531 954 2763 1025 ἄνθρακι
2800 954 2898 1024 τῆς
2919 954 3238 1026 Σεραφικῆς
3265 954 3483 1016 λασίδος
3513 971 3682 1006 κεκα-

2096 1047 2418 1119 θαρμένοις,
2456 1047 2551 1101 καὶ
2574 1048 2655 1111 είς
2705 1048 2878 1119 ἀκρον
2909 1047 3180 1110 ἀπαθείας
3217 1047 3497 1099 ὲλάσασιν.
3535 1047 3682 1099 Εἶτοι

2093 1136 2188 1193 οὖν
2218 1140 2344 1210 ἐμοὶ
2379 1141 2659 1206 πείθεσθε,
2694 1139 2848 1211 καλῷ
2896 1139 3212 1211 συμϐούλῳ,
3267 1141 3379 1202 τοῖς
3436 1138 3536 1209 μὲν
3579 1139 3679 1207 τῆς

2096 1231 2302 1304 σαρκὸς
2332 1231 2531 1285 πάθεσι
2569 1230 2784 1302 χαίρειν
2806 1232 3074 1296 εἰπόντες,
3110 1231 3293 1301 πάσης
3324 1247 3385 1283 τε
3408 1228 3679 1300 προσύλου

2093 1306 2278 1394 φιλίας
2323 1324 2419 1377 καὶ
2470 1324 2570 1394 τῆς
2601 1323 2752 1378 κάτω
2802 1323 3119 1395 συγχύσεως
3152 1322 3226 1386 ὡς
3254 1316 3369 1377 οἶόν
3416 1340 3477 1375 τε
3513 1321 3682 1375 καθα-

2093 1414 2408 1486 ρεύσαντες,
2465 1410 2582 1467 εἶτα
2625 1413 2735 1484 τῆς
2775 1414 2981 1469 ἀνωθεν
3037 1412 3338 1484 προϊούσης
3383 1412 3536 1476 θείας
3587 1412 3681 1465 καὶ

2094 1509 2379 1578 μακαρίας
2407 1506 2728 1577 ὲλλάμψεως
2754 1506 2816 1558 τὸ
2840 1506 2957 1576 φῶς
2987 1505 3358 1577 περιθέμενοι,
3394 1508 3464 1576 τῇ
3486 1504 3682 1557 Θεοτό-

2101 1614 2184 1667 κῳ
2244 1596 2611 1667 συντρέχοιτε.
2667 1594 3207 1666 Λελαμπρυσμένους
3266 1595 3375 1665 γὰρ
3428 1594 3531 1666 ἤδη
3587 1593 3683 1647 καὶ

2094 1687 2314 1759 πράξει,
2342 1687 2438 1740 καὶ
2465 1687 2629 1757 λόγῳ,
2647 1686 2742 1741 καὶ
2774 1684 2852 1756 τῷ
2882 1685 3073 1740 κάλλει
3104 1684 3212 1738 τῶν
3246 1683 3458 1754 ἀρετῶν
3493 1679 3683 1737 πάντο-

2095 1777 2186 1831 θεν
2225 1775 2674 1840 ἀποστίλϐοντας,
2705 1776 2800 1829 καὶ
2859 1773 3094 1846 Χριστὸς
3152 1772 3312 1836 αὐτὸς
3369 1775 3402 1842 ή
3465 1771 3681 1842 καθαρὰ

2092 1871 2305 1941 τελετὴ,
2365 1869 2428 1921 τὸ
2480 1867 2709 1931 ἀείζωον
2764 1866 2901 1935 φῶς·
2932 1868 2961 1919 ὁ
3010 1864 3070 1929 ἐξ
3114 1864 3294 1917 Ἡλίου
3352 1862 3442 1917 τοῦ
3473 1862 3680 1934 [ἰατρὸς

2093 1961 2344 2034 ἀναρχῶς
2397 1961 2491 2015 καὶ
2543 1960 2975 2031 ἀνεκφοιτήτως,
3035 1958 3113 2022 ὡς
3173 1960 3237 2010 ὲκ
3293 1956 3472 2026 φωτὸς
3523 1955 3680 2017 ἀκτὶς

2091 2054 2499 2125 ἀπαστράπτων
2526 2052 2698 2124 ἥλιος,
2743 2051 2972 2123 βούλοιτ’
3023 2050 3091 2104 ἂν
3152 2049 3302 2120 ἡμᾶς
3355 2049 3437 2110 εἰς
3483 2045 3678 2099 ταυτὸν

2092 2146 2359 2216 ἀχθέντας
2415 2144 2696 2216 μυστικῶς
2749 2145 3021 2197 ἑστιᾶσαι.
3071 2142 3182 2196 Καὶ
3228 2139 3467 2193 δείκνυσι
3518 2136 3674 2190 τοῦτο

2095 2239 2305 2308 σαφῶς,
2342 2237 2402 2303 ἐξ
2440 2232 2514 2292 ὧν
2552 2237 2652 2308 τὴν
2696 2236 2865 2291 αὑτοῦ
2904 2233 3117 2307 μητέρα
3172 2230 3556 2303 ἀειπάρθενον,
3611 2223 3679 2301 ἧς

2091 2336 2154 2387 ὲκ
2186 2332 2382 2403 νηδύος
2415 2330 2817 2402 ὑπεραρρἠτως
2847 2326 3146 2399 ὲμορφώθη
3174 2325 3306 2388 Θεὸς
3331 2323 3408 2377 ὣν
3436 2322 3497 2376 τὸ
3540 2322 3678 2392 ἠμέ-

2089 2441 2269 2495 τερον,
2305 2425 2545 2493 σήμερον
2579 2421 2688 2475 τῶν
2709 2420 2818 2474 ἀπὸ
2840 2421 2941 2491 γῆς
2972 2419 3189 2490 χωρίων
3211 2417 3286 2480 ὡς
3309 2413 3557 2486 βασιλίδα
3580 2415 3678 2483 τῆς

2090 2514 2436 2586 ἀνθρωπείου
2480 2513 2765 2585 μεθίστητι
2810 2510 3048 2579 φύσεωςο
3101 2509 3415 2579 ἀκήρυκτον
3464 2505 3674 2575 ῶσπερ,

2088 2610 2149 2661 οὺ
2185 2606 2291 2678 μὴν
2320 2606 2685 2676 ἀκοινώνητον
2713 2603 2948 2658 καθόλου
2984 2600 3316 2670 καταλείψας
3348 2599 3444 2652 τοῦ
3470 2614 3675 2670 μυστη-

2091 2701 2208 2771 ρίου
2234 2698 2334 2770 τὴν
2392 2698 2642 2768 δύναμιν.
2694 2696 2854 2749 Ἐπεὶ
2891 2695 3025 2768 μηδὲ
3057 2693 3208 2765 παρά
3238 2694 3367 2756 τοὺς
3409 2692 3567 2763 ὅρους
3625 2689 3673 2743 οι

2089 2791 2217 2860 περὶ
2256 2789 2402 2860 ἡμᾶς
2435 2789 2749 2858 πεπήγασιν
2778 2785 3004 2848 ἀνωθεν,
3039 2786 3175 2855 μήτε
3237 2782 3376 2851 ξένῳ
3406 2779 3557 2849 παρά
3572 2777 3673 2849 τὴν

2090 2879 2254 2950 φύσιν
2280 2877 2471 2948 θεσμῷ
2517 2877 2653 2948 πρὸς
2689 2876 2904 2944 γένεσιν
2930 2870 3069 2944 ἦκτο
3096 2874 3131 2945 ἢ
3180 2872 3335 2935 ἐϐίω,
3375 2871 3503 2940 παρ’
3548 2869 3673 2921 ὅσον

2086 2971 2222 3040 ἡμῖν
2259 2969 2317 3022 έν
2351 2969 2462 3031 τοῖς
2487 2967 2628 3037 ὑπὲρ
2656 2966 2761 3035 γῆν
2802 2964 3023 3035 χωρίοις
3059 2960 3433 3035 ἐπεχωρίαζεν
3469 2961 3503 3028 ἡ
3534 2974 3671 3010 παν-

2088 3062 2265 3130 άγιος.
2300 3059 2362 3113 Εἰ
2398 3059 2495 3113 καὶ
2539 3057 2631 3110 τὸν
2661 3058 2925 3128 ὑπερφυᾶ
2970 3056 3128 3123 λόγον
3157 3054 3232 3115 ὡς
3263 3057 3322 3107 ὲν
3349 3054 3463 3114 τοῖς
3493 3049 3672 3112 ἄλλοις

2090 3154 2194 3207 κάν
2217 3150 2393 3221 τούτῳ
2421 3148 2678 3220 διάφορόν
2720 3165 2836 3212 πως
2861 3146 2907 3180 ⁸⁵
2934 3145 3158 3218 ἔσχηκε.
3195 3145 3458 3215 Κρεῖττον
3488 3139 3521 3210 ἦ
3552 3137 3671 3193 καθ’

2088 3247 2237 3316 ἡμᾶς
2260 3242 2355 3296 καὶ
2390 3242 2636 3312 βιώσασα
2667 3240 2763 3293 καὶ
2782 3240 3053 3309 κυήσασα·
3092 3236 3187 3289 καὶ
3216 3233 3390 3297 τέλος,
3416 3231 3529 3284 τῶν
3546 3229 3671 3300 τῇδε

2092 3337 2433 3408 μεταστᾶσα·
2473 3334 2568 3387 καὶ
2603 3332 2772 3395 ὅντως
2800 3330 2958 3393 ὅλους
2998 3327 3420 3398 ὑπερνικήσασα
3450 3325 3577 3386 τοὺς
3615 3325 3671 3374 ὲν

2088 3431 2326 3499 γενέσει,
2381 3427 2459 3497 τῷ
2495 3425 2773 3497 μεγαλείῳ
2801 3424 2900 3493 τῆς
2949 3420 3188 3491 φύσεως.
3237 3417 3379 3471 Ἀλλ’
3427 3416 3671 3487 ἐπίωμεν

2088 3522 2190 3594 ήδη
2220 3520 2298 3591 τῷ
2322 3518 2503 3592 καιρῷ
2528 3519 2595 3572 τὰ
2625 3519 2813 3571 εἰκότα
2844 3514 3323 3584 συνεορτάζοντες·
3359 3510 3543 3564 πάντα
3566 3507 3671 3579 γὰρ

2087 3617 2167 3680 εἰς
2190 3614 2356 3668 καλὸν
2384 3615 2451 3684 τῇ
2480 3609 2788 3682 πανηγύρει
2820 3606 3108 3679 συντρέχει
3130 3605 3226 3658 καὶ
3256 3600 3667 3670 συναγάλλεται.

2090 3708 2200 3762 Ἴδε
2231 3708 2364 3778 γὰρ,
2400 3706 2508 3770 πᾶς
2536 3708 2563 3757 ὁ
2586 3703 2695 3758 τῶν
2726 3705 2747 3755 ὲ
2758 3702 2877 3773 μῶν
2907 3701 3083 3770 λόγων
3121 3698 3425 3770 ἀκροάτης,
3458 3690 3549 3749 οἷα
3579 3693 3671 3746 νῦν

2084 3802 2154 3858 τὰ
2179 3777 2471 3872 ὁρώμενα·
2496 3799 2530 3868 ὴ
2560 3796 2852 3867 βασίλισσα
2883 3793 2992 3848 τῶν
3025 3791 3228 3862 φυλῶν,
3260 3792 3295 3861 ἡ
3322 3789 3430 3842 τῶν
3463 3787 3670 3841 πιστῶν

2086 3892 2374 3961 ἐκκλησία·
2399 3894 2465 3963 τῇ
2501 3890 2737 3962 βασιλίδι
2785 3888 2879 3943 τοῦ
2913 3888 3128 3958 γένους,
3167 3885 3273 3939 ὑπὸ
3302 3882 3517 3955 βασιλεί
3553 3879 3667 3950 Θεῷ

2084 3981 2165 4053 τῷ
2195 3981 2540 4053 πανηγέμονι
2569 3980 2709 4053 πρὸς
2736 3979 2807 4033 τὰ
2830 3978 2940 4033 τῶν
2964 3976 3217 4049 οὐρανῶν
3260 3974 3534 4046 βασίλεια,
3573 3970 3665 4040 βαι

2086 4076 2311 4138 σιλικῶς
2344 4073 2863 4144 ἀναλαμϐανομένῃ.
2919 4073 3165 4143 σήμερον
3226 4065 3532 4138 πομπεύει,
3573 4062 3664 4116 καὶ

2083 4166 2386 4239 δωροφορεῖ
2411 4167 2542 4237 παρ’
2582 4165 2781 4236 ἑαυτῆς
2803 4165 2911 4217 πᾶν
2948 4164 3028 4217 ὅτι
3080 4161 3374 4215 κάλλιστον
3414 4158 3510 4212 καὶ
3547 4171 3678 4227 τερ-ι

2084 4260 2369 4314 πνότατον.
2413 4259 2479 4312 Ἥ
2507 4258 2598 4312 τὸν
2628 4256 2755 4328 χοῦν
2787 4254 3177 4327 οὐρανώσασα,
3204 4253 3294 4307 τὸν
3340 4250 3473 4324 χοῦν
3532 4250 3661 4302 ἀπο-

2082 4353 2290 4418 δύεται,
2321 4352 2415 4405 και
2445 4350 2507 4404 τὸ
2551 4350 2659 4406 ἀπὸ
2701 4350 2972 4419 γενέσεως
3020 4346 3340 4415 ἀποτίθεται
3376 4344 3658 4412 κάλυμμα,

2084 4445 2178 4498 καὶ
2207 4446 2274 4513 τῇ
2318 4445 2390 4514 γῇ
2418 4443 2479 4495 τὸ
2509 4443 2773 4513 συγγενὲς
2802 4440 3150 4494 ἀποδίδωσιν.
3190 4438 3255 4490 Ἥ
3292 4435 3358 4489 τὸ
3402 4436 3502 4506 ζῇν
3531 4448 3658 4503 προ-

2079 4537 2376 4609 ξενήσασα,
2433 4536 2570 4607 πρὶς
2623 4534 2929 4602 παλίνζωον
2959 4532 3251 4603 ἀνατρέχει
3307 4529 3652 4599 μετάστασιν,

2078 4632 2173 4684 καὶ
2209 4631 2376 4684 τόπον
2408 4628 2760 4693 είσοικίζεται
2794 4627 3105 4699 ζωαρχικὸν
3135 4625 3436 4687 ἀνάλωτον,
3488 4621 3656 4687 πάσης

2078 4722 2352 4794 προσύλου
2384 4724 2477 4777 καὶ
2501 4721 2785 4793 ὲμπαθοῦς
2813 4720 3174 4794 διῳκισμένον
3221 4717 3428 4774 θέσεως
3465 4732 3524 4768 τε
3569 4712 3655 4766 καὶ

2080 4818 2318 4889 σχέσεως
2347 4832 2362 4847 ο
2405 4814 2501 4870 καὶ
2537 4816 2688 4880 τέλος
2734 4814 2843 4869 τῶν
2881 4812 3225 4885 φαινομένων
3264 4810 3403 4863 αὐτὸ
3441 4808 3502 4861 τὸ
3534 4822 3651 4875 φαι-

2077 4909 2302 4980 νόμενον
2323 4910 2699 4973 ἐπανίσταται,
2734 4911 2828 4964 καὶ
2856 4909 2935 4981 τῷ
2968 4909 3146 4980 νοητῷ
3181 4906 3391 4978 νοητῶς
3415 4917 3649 4973 συμμετ-

2080 5002 2323 5076 ἐρχεται,
2352 5003 2534 5073 λόγοις
2567 4998 2649 5068 οἷς
2682 4998 2824 5057 οἶδεν
2845 5007 2872 5058 ὁ
2902 5002 3281 5073 προσυνδήσας
3305 5015 3318 5028 ·
3343 4999 3441 5053 καὶ
3469 4996 3643 5053 λύσας,

2078 5090 2199 5149 εἶτα
2236 5095 2501 5166 συνδήσας
2528 5111 2541 5124 ⁸
2574 5095 2622 5148 εἰ
2657 5093 2731 5166 μὴ
2761 5093 3030 5166 τολμηρὸς
3068 5090 3178 5159 ἐγὼ
3217 5089 3451 5145 καὶτῶν
3498 5086 3645 5147 ἀνεφ-

1690 5350 1925 5407 VARU’E
1975 5353 2377 5414 LECTIORESJ

464 5455 509 5489 “
523 5455 627 5510 ἄλ.
651 5455 832 5520 ἄλλοις
856 5472 913 5510 κ.
943 5473 991 5510 τ.
1026 5453 1285 5525 διάφορόν
1313 5471 1452 5517 πως.

1684 5546 2071 5602 COMBEFISII
2101 5547 2336 5603 ΝΟΤιιΕ.

465 5643 577 5711 (89)
606 5643 680 5727 βε
714 5648 767 5699 in
795 5647 942 5727 aliis.
1005 5647 1172 5727 Plana
1226 5655 1332 5727 est
1360 5648 1519 5703 lectio
1553 5662 1717 5726 qltam
1774 5662 1966 5727 smnus

2088 5647 2176 5701 tuti
2214 5663 2225 5699 :
2261 5647 2421 5702 habet
2451 5645 2556 5701 alia
2622 5645 2699 5710 ὡς
2756 5647 2811 5701 ἐν
2880 5645 2991 5727 τοῖς
3043 5641 3277 5710 ἀδύτοις,
3332 5646 3434 5699 κάν
3479 5643 3634 5709 τούτῳ

398 5710 763 5786 διαφερόντως
794 5715 1027 5788 ἐσχηκεο
1067 5716 1162 5773 sed
1195 5725 1340 5788 patet
1372 5732 1494 5773 esse
1537 5710 1719 5771 minus
1755 5724 1963 5772 sanam.
