4016 6130
309 273 441 343 1081
1347 273 1429 335 IN
1460 273 2011 339 DORMITIONEM
2049 276 2113 337 s.
2152 259 2443 335 ΜΑΒΙΕ.
2484 273 2569 335 II.
2614 322 2623 337 ,
3434 258 3574 330 1082

313 388 483 442 ίκτων
516 383 846 458 ἁπτόμενος.
879 378 978 449 Οἷς
1017 384 1321 441 ἀπιστείτω
1353 386 1562 458 μηδεὶς,
1582 385 1898 450 τδνἮλίαν,

2002 387 2189 453 nibus,
2222 387 2269 443 is
2290 386 2386 458 qui
2411 386 2544 442 olim
2572 384 2734 440 ambo
2762 383 3105 451 devmxerat,
3136 381 3342 454 quique
3374 381 3575 436 iterum

305 480 409 531 xui.
438 477 537 531 τὸν
586 476 758 548 Ἑνὼχ
795 476 1205 549 ινθυμούμενος
1227 495 1242 510 ο
1275 477 1324 530 οἳ
1354 478 1574 531 ἐπειδὰν
1612 477 1719 530 τῶν
1751 477 1894 548 ὁρω-

1999 492 2029 531 a
2066 477 2363 537 solutione.
2397 474 2689 532 devinxit:
2742 474 2853 530 nisi
2898 489 3021 545 ego,
3075 472 3400 528 inconcessa
3434 486 3579 542 pra:-

312 570 498 638 μένων
532 571 787 640 ὑπεράνω
822 570 1120 640 πεφήνασι,
1158 568 1424 639 μύσαντες
1455 570 1556 633 τὰς
1588 569 1893 640 αἰσθήσεις,

312 664 408 711 mi.
437 661 541 724 ἔξω
574 662 775 730 σαρκὸς
806 662 903 714 καὶ
933 662 1140 730 κόσμου
1167 662 1473 730 γενόμενοι,
1519 664 1547 715 6
1591 663 1690 732 μὲν
1719 659 1896 715 ἐπιδί-

314 776 492 824 φριςς,
526 760 553 809 6
588 758 645 810 δὲ
699 759 993 828 μετάρσιος
1050 756 1514 827 ἀνηρπάσθησαν·
1562 756 1625 809 οὐ
1678 754 1897 818 διαζευ-

313 849 551 913 γίὶέντων
578 848 762 906 αὐτοῖς
798 849 908 899 τῶν
938 846 1142 918 μερῶν·
1167 846 1227 898 οὑ
1247 846 1625 899 διαλυθέντων·
1657 845 1775 898 ἀλλ’
1815 845 1897 908 εἰς

310 940 473 1006 δεὶρο
500 939 609 990 τῶν
637 940 781 1010 ὅρων
805 941 1164 1010 παραθέντων
1191 939 1236 971 ⁸⁵
1267 938 1451 1000 αὐτοῖς
1477 937 1579 1006 τῆς
1604 936 1771 1005 ζωῆς,
1804 933 1898 998 οὑς

312 1033 444 1099 ἡμῖν
474 1032 507 1100 ἡ
542 1032 610 1084 τὰ
632 1031 728 1084 δλα
766 1031 942 1100 σοφῶς
968 1030 1277 1101 διορίζουσα
1305 1028 1607 1098 περιέπηξε
1640 1027 1896 1098 Πρόνοια·

312 1123 445 1192 παρ’
481 1119 547 1195 ἧς
607 1127 702 1177 καὶ
750 1124 819 1177 τά
869 1124 1037 1178 πάλαι
1071 1124 1167 1177 καὶ
1195 1123 1290 1178 νῦν
1342 1121 1599 1192 ἐμφερῶς
1641 1120 1758 1192 ἅμα
1804 1121 1898 1174 καὶ

312 1214 673 1283 καταλλήλως
702 1215 970 1270 τυποῢται
1002 1217 1096 1269 καὶ
1143 1215 1472 1283 διεξάγεται.
1502 1212 1612 1266 Καὶ
1643 1214 1690 1265 εἰ
1726 1211 1900 1284 μικρά

311 1323 379 1373 γε
407 1307 578 1359 ταῦτα
596 1306 732 1377 πρὸς
754 1306 1105 1376 παράδειγμα
1124 1305 1222 1375 τῆς
1242 1305 1331 1370 ὑφ’
1352 1302 1509 1375 ἡμῶν
1531 1302 1897 1372 ὑμνουμένης,

312 1398 542 1467 ἀρκέσει
577 1399 707 1465 γοῦν
736 1397 875 1468 αὑτὴ
913 1398 1079 1466 ἑαυτῇ
1114 1395 1184 1449 τὰ
1216 1397 1392 1449 οἰκεῖα
1438 1392 1804 1465 συγκρίνουσά
1839 1409 1899 1446 τε

314 1492 411 1543 καὶ
447 1490 903 1559 προσεικάζουσα.
933 1488 1246 1555 Σκοπητέον
1275 1487 1332 1540 δὲ
1362 1487 1412 1539 εί
1448 1485 1631 1554 μεῖζον
1675 1486 1733 1538 ὲν
1768 1483 1902 1537 θαύ-

316 1597 485 1649 μασιν
507 1579 884 1649 εὑρεθήσεται,
912 1580 1005 1633 τοῦ
1035 1578 1353 1650 παραδόξως
1378 1579 1436 1631 ὲν
1457 1578 1594 1648 αὐτῇ
1620 1574 1902 1630 τελεσθέν-

313 1689 427 1734 τος.
491 1672 673 1741 Νόμος
722 1672 838 1742 ἥλω
876 1671 1103 1741 φυσικὸς
1153 1671 1418 1740 ἀτονήσας
1455 1668 1553 1738 ὀψὲ
1600 1668 1696 1722 καί
1751 1666 1901 1737 μόλις

315 1762 519 1817 πεσών.
550 1762 770 1831 Οἴχεται
802 1762 938 1833 πρὸς
974 1762 1173 1834 ἀργίαν
1219 1760 1482 1831 ὁλοσχερῆ
1533 1760 1628 1814 καὶ
1670 1760 1900 1830 ἀνατρο-

314 1854 428 1921 πὴν
486 1854 517 1921 ἡ
553 1851 730 1922 πικρὰ
778 1852 872 1905 τοῦ
919 1852 1148 1905 θανάτου
1190 1851 1477 1921 καταδίκη.
1520 1850 1776 1922 ΛέλυταιΔ
1801 1848 1901 1919 τῆς

313 1918 457 2010 ἀρᾶς
478 1918 516 2010 ἡ*
544 1918 787 2010 δύναμις.
835 1939 971 1993 Ἀλλ’
1004 1942 1107 1995 οὐκ
1149 1940 1214 1995 ἂν
1244 1918 1467 2011 ἐνίκησέ
1506 1958 1590 2003 τις
1624 1939 1693 1993 τὰ
1730 1918 1899 1993 ⁸ιέάλαι

312 2030 653 2102 διορισθέντα
697 2032 844 2102 παρά
902 2031 1059 2084 Θεοῦ·
1098 2030 1172 2101 μὴ
1223 2031 1342 2101 οὐχὶ
1394 2030 1529 2083 Θεοῦ
1562 2029 1702 2083 κατά
1738 2027 1900 2097 φύσιν

315 2124 680 2192 ὑπάρχοντος,
730 2123 825 2176 τοῦ
882 2123 1305 2192 μεταποιοῦντος
1353 2122 1532 2176 πάντα
1589 2121 1682 2175 καὶ
1735 2137 1899 2190 μετα-

315 2208 666 2272 πλαττοντος,
701 2208 779 2279 τῷ
810 2212 990 2281 οἰκείῳ
1013 2214 1112 2279 τῆς
1135 2212 1467 2281 ἁγαθότητος
1487 2212 1736 2280 νεύματι.
1756 2208 1899 2281 Πρέ-

315 2318 409 2352 πει
442 2301 486 2354 6'
515 2300 581 2356 ἂν
624 2303 910 2374 ἀραρότως
968 2302 1158 2373 αὐτῷρ
1190 2305 1285 2357 καί
1329 2306 1399 2357 τὰ
1456 2302 1550 2357 νῦν
1594 2304 1688 2356 ὲπί
1718 2303 1901 2374 Μητρί

313 2395 732 2464 καινουργῆσαι.
770 2394 946 2461 Δείξει
1002 2396 1109 2467 γὰρ
1162 2395 1304 2450 οὕτω
1342 2396 1417 2468 μὴ
1471 2396 1629 2466 μόνον
1668 2396 1902 2465 Μητέρα

314 2485 462 2540 κατὰ
495 2486 653 2555 φύσιν
674 2482 837 2540 οὖσαν
863 2487 1052 2553 αὐτοῦ,
1083 2488 1219 2542 ἀλλὰ
1263 2490 1359 2541 καὶ
1388 2489 1485 2557 τὴν
1521 2487 1579 2552 ἐξ
1624 2487 1793 2556 αὐτῆς
1821 2488 1900 2541 οἰ-

315 2579 582 2646 κονομίαν
615 2576 970 2643 πιστώσεται,
1002 2579 1127 2634 καθ’
1164 2579 1234 2649 ἢν
1271 2579 1506 2649 μάλιστα
1531 2580 1656 2642 τοὺς
1689 2577 1900 2630 ἑαυτῶν

317 2669 764 2740 μυστικωτέρους
794 2669 1007 2738 λόγους.
1030 2670 1107 2740 τῷ
1141 2670 1261 2724 καθ’
1291 2670 1563 2741 ὑπεροχὴν
1602 2668 1900 2740 ὑπεραίρο-

318 2775 426 2830 μεν
453 2760 639 2830 τρόπῳ
674 2778 686 2790 ·
715 2761 839 2814 καθ’
881 2764 947 2831 ἣν
972 2763 999 2815 6
1030 2761 1337 2831 ζωαρχικὸς
1370 2760 1702 2831 εἰσπηδήσας
1729 2761 1900 2829 Λόγος

314 2848 418 2920 τὴν
445 2851 617 2921 αὐτῆς
681 2851 1056 2923 ἀπερίληπτον
1095 2853 1270 2925 ὑπέϐη
1315 2853 1496 2922 νηδὺν,
1541 2854 1636 2905 καὶ
1672 2851 1773 2922 τὴν
1804 2853 1900 2904 ἀν-

317 2938 541 3010 θρώπου
571 2939 734 3010 φύσιν
762 2942 1049 2995 ἀναλαϐὼν
1078 2942 1417 3013 ὑπερουσίως
1443 2944 1575 3011 ἡμῖν
1611 2943 1896 3011 ὑπέσχετο.

1999 586 2244 635 sumens,
2296 569 2621 624 temerarius
2656 582 2801 623 sum.
2846 566 2924 621 Ac
2957 579 3119 621 nemo
3150 563 3313 619 ﬁdem
3344 563 3575 627 abnuat,

1998 662 2091 734 qui
2122 663 2294 716 Eliam
2329 668 2383 717 et
2426 660 2613 716 Enocb
2655 659 2878 730 cogitet.
2914 656 2953 712 li
2978 697 2993 722 ,
3027 655 3173 727 quod
3219 655 3386 711 rebus
3443 652 3578 711 sub-

1994 755 2157 825 jectis
2216 754 2393 809 oculis
2444 736 2766 822 superiores
2823 748 2932 803 visi
2984 754 3193 812 essent,
3253 745 3349 800 ubi
3378 759 3583 802 sensus

1999 845 2357 908 clausissent,
2392 859 2456 898 ac
2496 860 2669 898 carne
2696 851 2749 899 et
2780 842 2986 897 mundo
3014 838 3407 901 excessissent,
3438 837 3580 892 alter

2000 937 2220 1007 quidem
2250 952 2418 991 curru
2458 937 2779 1000 subvectus,
2818 935 2959 988 alter
2986 931 3225 987 sublime
3266 928 3446 984 elatus
3486 942 3580 982 ra-

1999 1029 2077 1099 pti
2105 1035 2235 1083 sunt
2270 1027 2292 1064 ί
2327 1044 2341 1081 :
2378 1042 2485 1081 non
2520 1026 2755 1096 partium
2791 1024 3024 1079 invicem
3064 1020 3443 1091 disjunctione
3483 1032 3579 1075 re-

2001 1121 2187 1185 soluti,
2243 1123 2337 1176 sed
2406 1120 2536 1174 vita:
2595 1117 2867 1183 terminis,
2896 1130 3040 1186 quos
3105 1114 3266 1169 nobis
3314 1111 3433 1166 ﬁxit
3481 1109 3581 1166 Dei

1999 1211 2366 1284 providentia,
2409 1225 2532 1281 qua:
2571 1209 2850 1279 sapienter
2885 1203 3081 1261 diliinit
3122 1204 3330 1267 omnia,
3362 1209 3580 1257 vetera-

1999 1321 2108 1377 que
2136 1312 2191 1360 et
2227 1319 2369 1360 nova
2425 1311 2683 1358 accurate
2706 1300 2913 1371 pariter
2939 1310 3292 1369 congrueque
3327 1295 3581 1362 designat

2001 1407 2166 1468 atque
2195 1398 2489 1469 gubernat,
2522 1396 2587 1449 ad
2615 1393 2758 1448 hanc
2793 1406 2971 1461 usque
3012 1390 3157 1445 diem
3198 1386 3451 1458 prolatis.
3480 1384 3579 1441 Sin

2000 1506 2132 1546 vero
2181 1491 2302 1546 haec
2352 1487 2574 1544 modica
2598 1486 2914 1551 videantur,
2972 1482 3040 1537 ad
3086 1481 3211 1551 ejus
3265 1479 3579 1547 exemplum

1954 1656 1957 1661 _
2002 1584 2163 1653 cujus
2194 1581 2537 1637 celebramus
2568 1594 2789 1644 nomen,
2847 1578 2966 1647 ipsa
3003 1590 3137 1631 sane
3186 1572 3294 1629 sibi
3344 1580 3424 1627 sat
3451 1570 3578 1635 erit,

2006 1692 2105 1732 sua
2136 1674 2309 1744 ipsius
2342 1687 2671 1741 comparans
2700 1685 2765 1724 ac
2793 1668 3136 1724 assimilans.
3173 1664 3307 1720 Vide
3332 1665 3476 1719 enim
3508 1677 3581 1718 an

1932 1742 1977 1798 Β
2008 1767 2189 1835 majus
2217 1765 2551 1819 miraculum
2578 1761 2755 1832 possit
2776 1758 3037 1822 inveniri,
3059 1772 3223 1827 quam
3245 1755 3392 1825 quod
3417 1754 3584 1808 mira-

2002 1859 2100 1916 bili
2134 1858 2352 1913 ratione
2387 1856 2441 1910 in
2472 1870 2533 1909 ea
2569 1859 3018 1908 consummatum
3060 1848 3181 1903 fuit.
3207 1846 3430 1902 Viribus
3463 1857 3584 1900 tam

2002 1954 2123 2009 dem
2174 1951 2387 2006 minuta
2422 1955 2633 2002 natura:
2673 1946 2756 2001 lex
2791 1951 3049 2015 superata
3085 1949 3190 2007 est,
3236 1941 3439 2009 vixque
3482 1939 3583 1993 ali.

2003 2044 2224 2117 quando
2276 2038 2541 2096 concidit.
2590 2036 2720 2091 Abit
2758 2035 2987 2089 omnino
3019 2046 3176 2087 cassa
3222 2043 3491 2098 versaque
3527 2027 3584 2082 in

2002 2133 2368 2197 contrarium,
2405 2144 2589 2185 amara
2644 2126 2839 2181 mortis
2889 2124 3201 2182 damnatio.
3258 2120 3451 2175 Soluta
3500 2128 3587 2174 est

2001 2232 2087 2285 vis
2133 2224 2563 2283 maledictiouis.
2626 2221 2923 2275 Enimvero
2971 2217 3159 2272 nullus
3239 2210 3586 2284 superaverit

2004 2319 2100 2374 Dei
2134 2318 2262 2372 oliui
2295 2316 2521 2371 decreto
2566 2319 2798 2376 statuta,
2831 2325 2899 2364 ne
2930 2309 3047 2378 ipse
3072 2305 3290 2377 quidem
3319 2303 3412 2373 qui
3437 2308 3586 2356 esset

2001 2413 2147 2467 Deus
2172 2418 2389 2474 natura,
2413 2407 2619 2478 quique
2650 2415 2762 2460 sine
2787 2402 2960 2474 ipsius
2992 2400 3252 2455 bonitatis
3274 2404 3433 2461 nutu,
3463 2408 3586 2449 om-

2004 2507 2094 2561 nia
2141 2505 2398 2558 immutat
2431 2508 2595 2569 atque
2648 2496 3032 2551 transformat.
3086 2490 3354 2561 Congruit
3402 2496 3585 2543 autem

2003 2608 2063 2654 ut
2100 2612 2189 2653 res
2216 2595 2428 2659 Matris,
2472 2607 2579 2663 qua
2638 2604 2769 2645 suas
2814 2587 3049 2660 ratione,
3089 2583 3316 2638 molitus
3360 2581 3453 2637 sit.
3491 2578 3586 2634 Sic

2003 2691 2148 2746 enim
2191 2704 2297 2743 non
2324 2692 2536 2740 tantum
2569 2697 2723 2736 suam
2755 2677 3077 2751 probavevit
3118 2674 3583 2745 Matrem,verum

2003 2782 2168 2837 etiam
2198 2777 2520 2833 oeconomia:
2544 2790 2609 2829 ex
2649 2787 2713 2827 ea
2752 2769 3044 2825 veritatem
3091 2763 3388 2820 astruxerit
3422 2780 3434 2815 :
3478 2775 3584 2830 qua

1954 2882 1957 2885 '
2005 2872 2245 2926 maxime
2318 2865 2729 2937 spiritaliores-
2775 2873 3059 2915 sermones
3122 2863 3378 2919 nostros,
3438 2851 3583 2905 modi

2005 2960 2330 3018 excellentia
2369 2953 2891 3028 superextollimus;
2922 2965 3030 3022 qua
3068 2948 3194 3004 vitae
3225 2955 3418 3001 auctor
3446 2941 3588 2999 Ver-

314 3031 423 3085 Διὰ
446 3031 605 3086 τοῦτο
629 3033 698 3086 τὰ
726 3035 895 3088 πάλαι
951 3035 1048 3102 μὲν
1084 3035 1173 3087 ἐπ’
1207 3035 1343 3103 αὐτῇ
1374 3033 1716 3097 τελεσθέντα,
1766 3032 1900 3101 πρὸς

2003 3053 2132 3107 bum
2186 3049 2463 3111 insiliens,
2499 3044 2898 3113 amplissimum
2943 3040 3065 3109 ejus
3100 3047 3319 3093 uterum
3357 3034 3581 3099 subivit,

316 3123 478 3193 ἡμῶν
497 3123 554 3176 δὲ
593 3123 685 3176 νῦν
716 3125 1133 3194 εὐφημούμενα,
1172 3123 1274 3177 κᾶν
1310 3123 1593 3192 παράδοξά
1622 3142 1737 3187 πως
1760 3117 1897 3175 εἶναι

273 3221 292 3236 ⁸
314 3214 488 3281 δοκεῖ,
515 3217 611 3269 καὶ
636 3216 742 3269 τῶν
771 3217 1031 3286 ἐμφύτων
1069 3217 1425 3287 ἀνῳκισμένα
1463 3216 1699 3284 δεσμῶν,
1761 3213 1903 3267 κατὰ

314 3308 455 3376 γοῦν
484 3308 575 3360 τὸν
614 3309 874 3380 ὑπερφυᾶ
901 3311 1001 3379 τῆς
1042 3310 1323 3379 ἀφράστου
1372 3308 1670 3378 κυοφορίας
1720 3307 1900 3373 λόγον,

316 3398 545 3462 εἰκότως
573 3399 639 3453 ἂν
668 3401 756 3455 ἐπ’
787 3403 957 3473 αὐτῆς
980 3402 1078 3472 τὴν
1101 3400 1379 3471 ἀναφορὰν
1414 3401 1734 3452 εὐεπίὸατον
1768 3399 1900 3463 ἕξει.

317 3491 495 3555 Αὐτὸς
522 3487 616 3546 οὖν
638 3489 705 3564 ἦν
724 3493 831 3565 ἄρα
872 3496 966 3549 καί
998 3494 1257 3564 τηνικάδε
1289 3492 1478 3564 παρὼν
1518 3495 1544 3545 6
1570 3493 1761 3560 Λόγος,
1809 3492 1903 3545 καί

317 3579 474 3650 νόμῳ
501 3580 714 3645 παύσας
744 3584 832 3636 τὸν
878 3584 1312 3655 ἀπλεονέκτητον
1343 3583 1435 3635 τοῦ
1461 3581 1692 3635 θανάτου
1715 3582 1899 3651 νόμον.

315 3664 432 3724 Ἦν
460 3667 554 3726 οὗν
581 3666 769 3746 θέαμα
791 3677 975 3730 καινὸν
1009 3676 1225 3746 ἀληθῶς
1260 3676 1356 3729 καὶ
1388 3677 1670 3745 λογισμοῖς
1710 3673 1902 3729 ἀνεπίσ-

317 3761 485 3817 6ατον
522 3782 534 3796 ·
576 3768 713 3838 γυνὴ
753 3768 859 3821 τῶν
905 3768 1147 3838 οὐρανῶν
1202 3768 1488 3835 ὑπερϐἄσα
1520 3768 1619 3837 τὴν
1648 3766 1809 3834 φύσιν
1838 3769 1902 3835 τῇ

317 3852 681 3929 καθαρότητι,
717 3859 825 3913 τῶν
858 3861 917 3914 ὲν
972 3860 1222 3931 οὐρανοῖς
1256 3860 1462 3913 ἀδύτων
1494 3857 1904 3930 σκηνοϐατοῦσα

315 3941 390 3995 τὰ
413 3942 565 4012 ἅγια·
605 3948 903 4017 Παρθένος,
928 3950 1099 4019 αὐτὴν
1135 3950 1490 4021 ὐπερνικῶσα
1510 3949 1619 4001 τῶν
1653 3949 1905 4018 Σεραφίμ
1930 3965 1937 3971 ³

315 4036 420 4109 τὴν
455 4036 617 4107 φύσιν
647 4039 724 4109 τῷ
749 4041 848 4109 τῆς
870 4039 1147 4107 θεογονίας
1180 4039 1441 4109 θαύματι,
1471 4041 1537 4109 τῇ
1575 4039 1769 4109 πρώτῃ
1806 4038 1906 4107 c.925-

317 4147 427 4195 σει,
484 4129 604 4200 Θεῷ
653 4130 731 4203 τῷ
788 4131 1008 4185 πάντων
1058 4131 1446 4201 γενεσιουργῷ,
1501 4131 1900 4204 πλησιάζουσα·

312 4220 541 4290 Μήτηρ,
560 4219 692 4272 αὐτὸ
717 4221 949 4273 τεκοῦσα
971 4216 1031 4271 τὸ
1060 4219 1178 4292 ζῇν,
1198 4220 1493 4290 ἐφάμιλλον
1525 4222 1602 4290 τῷ
1633 4224 1780 4292 τόκῳ
1808 4222 1901 4275 τοῦ

314 4309 438 4379 βίου
468 4308 620 4371 τέλος
651 4309 1009 4380 προΐσχουσα,
1056 4310 1154 4363 καὶ
1179 4312 1238 4363 τὸ
1268 4311 1455 4381 θαῦμα
1497 4312 1633 4365 Θεοῦ
1665 4314 1760 4365 καί
1808 4313 1905 4364 πί-

2007 3149 2456 3210 assumptamque
2504 3138 2799 3191 humanam
2852 3140 3128 3196 naturam,
3183 3127 3364 3183 aitiori
3423 3126 3587 3181 nobis

2008 3249 2174 3302 supra
2225 3224 2488 3285 naturain
2546 3229 2712 3283 modo
2766 3224 3117 3281 sustentavit.
3186 3218 3584 3287 Quamobrem,

2007 3324 2107 3378 etsi
2145 3323 2274 3375 olim
2317 3323 2371 3374 in
2405 3336 2466 3374 ea
2497 3322 2880 3374 consummata
2912 3331 2976 3370 ac
3021 3316 3167 3370 clara
3195 3328 3226 3367 a
3280 3311 3443 3367 nobis
3492 3310 3590 3365 im-

2005 3412 2422 3481 praesentiarum
2474 3409 2618 3463 fama
2669 3407 2944 3462 celebrata
2981 3420 3121 3459 nova
3166 3403 3480 3465 videantur,
3525 3414 3590 3455 ac

2007 3513 2220 3559 natura:
2252 3504 2464 3574 legibus
2496 3500 2808 3571 superiora,
2838 3497 3037 3553 merito
3082 3501 3293 3560 tamen,
3326 3493 3590 3563 nulloque

2006 3598 2247 3667 negotio,
2287 3602 2532 3665 spectata
2565 3593 2803 3647 mirabili
2861 3597 3055 3661 partus
3088 3587 3327 3651 ratione,
3371 3584 3593 3641 licuerit

2008 3691 2061 3744 in
2098 3706 2216 3744 eam
2255 3688 2481 3743 referre.
2514 3686 2698 3756 Ipsum
2732 3685 2918 3755 itaque
2980 3682 3224 3738 Verbum
3261 3687 3317 3735 et
3347 3692 3591 3750 presens

2006 3794 2102 3850 per
2135 3780 2186 3832 id
2224 3789 2435 3847 tempus
2469 3778 2602 3838 fuit,
2665 3791 2728 3831 ac
2765 3777 2885 3847 lege
2940 3774 3138 3830 mortis
3188 3772 3361 3843 legem
3398 3768 3591 3824 violari

2006 3870 2247 3923 nesciam
2300 3869 2542 3924 abolevit
2599 3866 2729 3921 Erat
2758 3881 2892 3938 ergo
2930 3866 3091 3936 plane
3123 3878 3329 3918 novum
3368 3866 3590 3932 specta-

2005 3961 2211 4026 culum,
2259 3960 2516 4029 quodque
2549 3958 2783 4013 rationis
2821 3957 2928 4011 vim
2964 3954 3288 4020 excederet,
3331 3961 3391 4007 ut
3427 3948 3593 4005 nimi-

2006 4067 2124 4104 rum
2159 4050 2381 4112 mulier,
2405 4064 2526 4117 qua:
2553 4048 2819 4102 caelorum
2852 4051 3105 4099 naturam
3127 4043 3367 4112 puritate
3396 4052 3592 4109 super-

2003 4156 2187 4213 gressa
2221 4147 2389 4204 esset,
2443 4138 2756 4193 caelestium
2809 4136 3097 4205 adytorum
3147 4138 3362 4194 sancta,
3404 4128 3593 4183 taber-

2004 4234 2261 4289 naculum
2288 4230 2589 4292 devehens,
2620 4244 2684 4283 ac
2699 4241 2931 4299 corpore
2953 4231 3266 4296 penetraret
3289 4238 3304 4286 ;
3330 4225 3391 4274 ut
3415 4218 3588 4290 virgo,

2006 4325 2099 4381 Dei
2130 4335 2320 4395 partus
2355 4322 2623 4378 miraculo
2658 4319 3019 4389 Serapliicam
3052 4316 3282 4371 vincens
3308 4317 3589 4373 naturam,

313 4414 492 4489 στεως
530 4398 699 4464 ἀξιον.
730 4398 818 4462 Ὠς
836 4399 942 4469 γὰρ
977 4399 1273 4471 τικτούσης
1297 4403 1330 4471 ἡ
1362 4402 1524 4471 νηδὺς
1555 4402 1615 4454 οὐ
1642 4401 1898 4473 διέφθαρ-

2004 4418 2194 4489 primae
2250 4416 2325 4471 illi
2385 4423 2625 4480 naturzu,
2688 4412 2837 4475 Deo,
2903 4413 3149 4480 inquam,
3205 4404 3591 4460 universorum

310 4507 398 4555 το,
438 4488 582 4543 οὑτω
603 4490 873 4562 θανούσης
899 4493 932 4563 ή
967 4490 1103 4563 σὰρξ
1127 4494 1187 4547 οὐ
1219 4494 1491 4547 διόλωλεν.
1524 4495 1588 4547 Ὠ
1634 4496 1742 4548 τῶν
1771 4495 1904 4548 θαυ-

314 4581 538 4652 μάτωνῐ
582 4582 640 4636 Ὁ
670 4582 828 4647 τόκος
876 4583 1101 4653 διέφυγε
1132 4584 1231 4657 τὴν
1276 4585 1507 4658 φθορὰν,
1537 4589 1631 4640 καί
1680 4591 1708 4641 6
1733 4589 1903 4657 τάφος

309 4675 418 4746 τὴν
464 4674 767 4746 διαφθορὰν
811 4678 870 4729 οὐ
913 4679 1251 4748 προσήκατο·
1306 4677 1412 4733 τῶν
1457 4681 1568 4751 γὰρ
1613 4681 1776 4734 ὁσίων
1805 4683 1902 4752 οὐχ

309 4764 570 4821 ἅπτεται.
610 4766 708 4829 Τίς
757 4768 790 4838 ἡ
826 4766 1119 4833 ἀπόδειξις,
1175 4767 1315 4822 είπω
1355 4769 1650 4839 βούλεσθε;
1693 4773 1785 4824 καὶ
1827 4774 1899 4842 μή

312 4874 410 4931 μοι
440 4857 551 4911 τῶν
586 4859 870 4930 παρόντων
917 4861 1317 4915 ὲπισκωπτέτω
1346 4862 1427 4926 τίς
1460 4880 1576 4927 πως
1612 4863 1671 4916 τὸ
1708 4865 1898 4934 μνῆμα

308 4947 495 5003 κενόν.
525 4949 949 5021 Προσερήσομαι
992 4951 1101 5022 γάρ
1130 4951 1296 5022 ὑμᾶς·
1329 4952 1456 5016 Πῶς
1491 4955 1519 5007 6
1544 4954 1737 5024 νεκρὸς
1765 4955 1899 5023 ἁφα-

309 5040 441 5111 νήςς
471 5038 597 5102 Πῶς
630 5041 731 5093 οὐκ
758 5042 818 5093 ὲν
847 5044 1027 5111 σοροίς
1049 5041 1120 5095 τὰ
1146 5043 1413 5111 ὲντάφια;
1447 5044 1496 5096 εἰ
1528 5045 1603 5115 μὴ
1651 5043 1748 5116 τὴν
1779 5046 1895 5100 διαα

388 5152 409 5190 ⁸
444 5151 513 5209 1V
549 5153 686 5226 Reg.
720 5172 784 5224 Il,
813 5156 915 5224 H;
952 5155 1090 5215 Gen.
1124 5175 1177 5226 ν,
1203 5159 1295 5215 24.

2003 4509 2251 4575 auctori,
2312 4524 2372 4563 se
2429 4507 2656 4578 propius
2708 4505 3071 4575 adjungeret;
3123 4508 3186 4554 ut
3240 4496 3413 4553 Mater
3469 4505 3593 4563 quae

2012 4603 2182 4657 vitam
2202 4602 2526 4671 peperisset,
2553 4599 2820 4670 aequalem
2843 4578 3023 4668 partui
3058 4595 3183 4649 vitae
3213 4586 3590 4654 linem,mira-

2001 4693 2299 4763 culumque
2352 4691 2465 4747 Deo
2509 4700 2563 4746 et
2622 4691 2727 4746 ﬁde
2783 4691 3011 4759 dignum
3064 4684 3452 4757 praetenderet.
3514 4676 3590 4734 Ut

2001 4783 2145 4839 enim
2186 4783 2411 4838 minime
2464 4793 2761 4851 corruptus
2806 4790 2891 4837 est
2938 4776 3203 4849 parientis
3235 4781 3453 4836 uterus,
3509 4770 3588 4825 ita

2005 4889 2107 4931 nec
2134 4874 2344 4930 interiit
2366 4874 2643 4930 defuncta:
2666 4888 2817 4929 caro.
2851 4872 2896 4927 0
2918 4869 3197 4925 mirandas
3226 4868 3347 4922 res!
3386 4866 3588 4920 Partus

2005 4966 2232 5021 omnino
2305 4968 2719 5045 corruptionem
2779 4963 3031 5035 eliugit;
3098 4975 3201 5017 nec
3274 4957 3587 5028 sepulcrum

2004 5055 2151 5110 illam
2185 5070 2214 5111 a
2248 5064 2424 5114 morte
2479 5060 2781 5114 extremam
2816 5054 3227 5126 corruptionem
3267 5048 3380 5122 (90)
3412 5046 3590 5102 admi-

1591 5276 1822 5333 VARLE
1864 5277 2163 5337 LECTION
2168 5281 2270 5338 ES.

391 5363 437 5400 ⁸³
475 5366 576 5422 ἄλ.
608 5367 1148 5440 παραπεμφθέντων.

1627 5469 2020 5528 COIIBEFISII
2044 5470 2273 5528 NOTAE.

349 5629 362 5640 '
394 5555 509 5627 (90)
531 5556 694 5640 [llam
749 5574 783 5613 a
815 5568 984 5640 morte
1004 5569 1324 5640 furentem
1359 5563 1768 5640 corruptionem.
1810 5562 1901 5617 Sic

311 5627 818 5708 circutnloquimur
861 5630 960 5708 ab,
1000 5631 1332 5708 διαφθορὰν,
1383 5627 1739 5708 quodsancti
1790 5647 1891 5708 non

316 5696 621 5758 admittunt
658 5698 713 5753 in
757 5698 964 5758 Christi
1009 5710 1063 5758 et
1097 5696 1279 5758 Maria:
1319 5696 1504 5771 carne,
1529 5703 1686 5773 juxta
1727 5704 1888 5759 verba

2007 5561 2155 5617 Psai.
2197 5576 2266 5615 xv
2297 5560 2466 5616 relata
2518 5560 2572 5615 in
2603 5558 2886 5615 Christum
2936 5571 2965 5611 a
2996 5555 3064 5610 D.
3100 5555 3262 5609 Petro
3284 5555 3402 5608 Act.
3442 5566 3500 5612 tt,
3529 5551 3582 5605 in

2007 5648 2110 5700 qua
2140 5641 2343 5696 tamen,
2374 5640 2501 5685 uon‘
2522 5640 2606 5686 est
2632 5629 2942 5698 negandum
2974 5627 3036 5679 τὸ
3065 5625 3277 5700 φθορά·
3305 5632 3359 5700 et
3386 5638 3579 5700 corru-

1999 5695 2115 5773 ptio
2160 5695 2360 5774 aliqua,
2385 5702 2566 5773 qualis
2598 5712 2648 5757 et
2686 5695 2863 5757 morte
2895 5709 2945 5757 ct
2978 5695 3235 5768 passione
3265 5696 3395 5763 luit;
3434 5695 3582 5748 nulla
