4016 6130
475 325 619 394 1083
654 377 662 392 .

1673 319 1734 379 S.
1777 313 2103 378 ANDREE
2140 314 2561 376 CRETENSIS

3623 297 3770 368 1085

475 439 571 498 sit.
605 433 764 492 Haud
792 433 934 490 enim
977 449 1040 490 ea
1093 432 1294 487 Sancta
1337 427 1603 500 attigerit.
1637 427 1816 484 Vultis
1847 439 1904 483 nt
1943 428 2061 498 ejus

2170 425 2378 498 φθορὰν
2408 424 2619 495 ἀπέδρα
2652 421 2713 475 τὸ
2741 419 3074 492 τυμσευθέν·
3108 421 3157 474 εί
3187 418 3262 492 μὴ
3294 417 3565 490 μετετέθη
3605 418 3636 470 ὁ
3665 416 3770 487 Or;-

479 529 558 585 rei
621 526 1002 598 probationem
1057 522 1323 578 edicam?
1358 522 1456 586 Ae,
1495 536 1704 592 quaeso,
1756 520 2058 575 astantium

476 633 640 676 nemo
687 613 1106 671 monumentum‘
1164 629 1398 668 vacutun
1443 613 1556 668 ullo
1608 612 1770 667 modo
1811 611 2058 667 irrideat.

474 711 730 776 Qozeram
767 707 938 768 enim,
974 704 1265 772 Quomodo
1299 701 1571 759 defunctae
1614 717 1817 772 corpus
1862 704 2064 758 obsen~

475 799 642 853 rum?
691 795 984 864 Quomodo
1035 795 1365 866 sepulcralia
1415 794 1621 850 absunt
1671 794 1903 849 loculis?
1955 792 2062 848 nisi

476 890 628 960 quod
678 887 782 944 fuit
817 888 1177 952 tumulatum,
1241 887 1651 958 corruptionem
1695 886 1914 955 eﬂ‘ugit;
1957 885 2061 940 nisi

478 982 775 1040 thesaurus
807 981 1116 1036 translatus
1154 988 1259 1036 est.
1294 977 1392 1034 Sin
1424 987 1608 1034 autem
1642 979 1722 1034 sic
1755 978 1942 1042 habet,
1969 977 2063 1046 qui

476 1091 586 1130 non
619 1091 749 1130 vera
793 1075 1104 1137 translatio,
1161 1073 1386 1142 quando
1438 1075 1604 1127 etiam
1661 1079 2066 1127 concurrerunt

477 1167 620 1234 alia;
671 1166 935 1220 nimirum
978 1167 1176 1220 animae
1235 1179 1265 1218 a
1309 1179 1544 1234 corpore
1606 1163 1842 1228 divisio,
1879 1163 2065 1218 carnis

477 1257 774 1327 depositio,
827 1255 1248 1328 compositionis
1307 1257 1532 1322 solutio,
1589 1255 1892 1325 disiunctio
1940 1269 2066 1324 par-

479 1347 643 1410 tium.
691 1347 978 1414 resolutio,
1031 1347 1369 1418 conjunctio,
1413 1347 1746 1417 compactio,
1787 1360 1852 1402 ac
1909 1345 2067 1402 deni-

477 1454 588 1510 que
640 1439 696 1494 in
752 1439 1052 1495 obscurum
1134 1438 1480 1494 subductio?
1540 1437 1754 1510 Quippe
1801 1439 2066 1496 hactenus

479 1531 794 1600 sepulcrum
856 1545 1088 1585 vacuum
1155 1539 1362 1596 manet,
1438 1529 1618 1600 ipsum
1688 1532 2066 1607 testimonium

481 1622 711 1684 habens,
756 1621 1012 1692 quodque
1063 1623 1347 1678 translata:
1393 1623 1710 1677 testimonio
1767 1622 1859 1680 sit.
1909 1621 2065 1678 [laud

480 1713 608 1766 novi
661 1711 823 1778 satis,
880 1726 950 1765 an
1003 1713 1249 1781 partibus
1303 1712 1356 1766 in
1415 1728 1580 1766 unam
1645 1715 2068 1784 compositionis

2171 517 2395 589 σαυρός.
2431 515 2496 571 Εί
2532 516 2590 569 δὲ
2622 513 2802 576 τοῦτο,
2829 513 2950 578 πῶς
2972 515 3076 568 οὑκ
3098 511 3338 583 ἀψευδὴς
3373 511 3409 582 ἠ
3447 507 3766 581 μετάθεσις,

2170 611 2293 663 ἐπεὶ
2309 609 2406 664 καὶ
2425 603 2597 662 τᾶλλα
2627 606 2935 676 συνέδραμε
2954 623 2970 637 ο
2996 604 3179 676 ψυχῆς
3209 603 3498 666 διάστασις
3525 601 3638 655 ἀπὸ
3665 597 3770 654 σὸ-

2173 717 2364 771 ματος,
2417 698 2620 770 σαρκὸς
2670 696 2958 761 ἀπόθεσις,
2998 695 3304 758 συνθέσεως
3354 693 3533 760 λύσις,
3580 693 3770 766 μερῶν

2169 787 2466 855 διάζευξις,
2497 786 2782 852 ἀνάλυσις,
2820 787 3126 852 ὲπίζευξις,
3155 786 3455 858 σύμπηξις,
3493 786 3591 838 καὶ
3629 785 3770 857 πρὸς

2169 882 2232 935 τὸ
2260 879 2466 949 ἀφανὲς
2493 879 2878 951 ὑποχώρησιςς
2919 879 2982 933 ὐ
3011 880 3121 951 γὰρ
3145 879 3317 948 τάφος
3364 877 3566 946 ἕστηκε
3603 877 3771 949 μέχρι

2174 974 2268 1027 καὶ
2285 974 2444 1045 δεῦρο
2473 973 2651 1039 κενὸς,
2683 971 3140 1044 μαρτυρούμενος
3179 973 3274 1026 καὶ
3317 971 3618 1042 μαρτυρῶν
3669 971 3772 1042 τὴν

2175 1065 2486 1134 μετάθεσιν.
2523 1065 2635 1119 Οὑκ
2670 1061 2786 1118 οῖδα
2817 1065 2872 1118 ετ
2892 1081 2954 1119 τε
2979 1063 3092 1119 τῶν
3123 1063 3308 1136 μερῶν
3351 1057 3511 1125 αὖθις
3547 1079 3768 1116 συνενε-

2173 1156 2412 1228 χθέντων
2439 1159 2518 1221 είς
2562 1157 2620 1210 ἓν
2655 1157 2998 1229 συνθέματος
3048 1157 3335 1229 σύγκριμα
3367 1173 3382 1187 ·
3411 1155 3768 1226 φιλοσοφήσω

2173 1245 2282 1318 γάρ
2311 1263 2364 1299 τι
2397 1246 2526 1318 περὶ
2557 1245 2767 1300 τούτων
2791 1247 3009 1318 μικρόν·
3042 1245 3188 1300 οὕτω
3206 1245 3347 1316 τάχα
3373 1243 3468 1297 τοῦ
3489 1246 3769 1314 Δημιουρ-

2173 1337 2272 1407 γοῧ
2313 1338 2434 1392 κατ’
2479 1339 2736 1394 εὐδοκίαν
2780 1339 3026 1411 ἄρρητον
3077 1337 3498 1408 ὲπινενοηκότος
3535 1336 3772 1406 τιμῆσαι

2173 1431 2273 1503 τὴν
2324 1430 2594 1484 τεκοῦσαν
2623 1448 2638 1462 ·
2677 1431 2788 1485 εἴτε
2833 1430 2994 1484 τοῦτο
3033 1429 3267 1502 θατέρου
3321 1429 3557 1500 θάτερον
3603 1429 3774 1497 ὑπερ.

2176 1521 2470 1592 κύψαντας,
2513 1523 2609 1576 καὶ
2658 1522 2756 1576 τοῦ
2813 1523 2913 1592 μὲν
2950 1521 3264 1594 ὑπερόριον,
3302 1519 3398 1574 τοῦ
3429 1520 3491 1574 δὲ
3516 1519 3774 1591 μεθόριον

2180 1614 2317 1686 μετὰ
2382 1614 2484 1684 τὴν
2534 1615 2630 1669 ἀπ’
2696 1614 2948 1684 ἀλλήλων
2993 1613 3272 1680 διάζευξιν
3330 1613 3615 1684 εἰληχότος
3671 1629 3773 1664 καθ

2177 1709 2441 1762 τάστασιν
2464 1723 2478 1738 ·
2505 1707 2539 1778 ἢ
2569 1706 2728 1778 ξένης
2749 1708 2894 1772 τινὸς
2925 1707 3016 1762 καὶ
3042 1705 3514 1780 παρηλλαγμένης
3541 1705 3774 1758 ἀκολου-

481 1803 888 1858 concretionem
927 1803 1121 1857 iterum
1169 1804 1536 1872 coeuntibus;
1573 1821 1696 1859 nam
1743 1817 1798 1882 et
1845 1807 1898 1862 in
1947 1809 2061 1864 istis

2172 1798 2314 1864 ϐίας,
2348 1797 2646 1872 ὑπερφυῶς
2687 1801 2776 1854 ἐπ’
2809 1799 2948 1872 αὑτῇ
2981 1799 3423 1870 συνδραμούσης,
3461 1799 3530 1851 ἶν’
3568 1793 3772 1871 ᾗπρὸς

481 1891 732 1946 nonnihil
782 1891 1244 1963 philos0phabor,
1293 1901 1352 1948 ut
1400 1894 1478 1949 ita
1527 1894 1670 1951 forte
1709 1912 1911 1952 arcano
1955 1915 2068 1956 suae

481 1985 781 2040 voluntatis
811 1985 1045 2040 consilio
1081 1987 1342 2056 cogitarit
1373 1987 1556 2058 opifex
1597 1989 1742 2046 Deus
1783 2000 2064 2061 parentem

483 2077 807 2130 honorare:
857 2085 955 2132 aut
1015 2087 1160 2132 certe
1211 2080 1384 2134 altera
1447 2080 1605 2136 alteri
1649 2085 1948 2152 eminente,
1987 2095 2069 2142 at-

479 2183 590 2234 que
639 2167 712 2220 ita
753 2175 814 2221 ut
855 2183 886 2221 a
929 2177 1114 2223 mutua
1162 2169 1254 2224 illa
1308 2169 1700 2240 disiunctione,
1749 2177 1920 2231 altera
1955 2179 2066 2234 vel-

479 2265 540 2312 ut
578 2258 874 2313 extrariam
905 2267 962 2314 et
991 2261 1136 2314 ultra
1170 2259 1328 2328 lines,
1361 2263 1532 2318 altera
1582 2265 1851 2322 confinem
1879 2271 2062 2325 sedem

479 2348 676 2402 sortita
723 2349 833 2405 sit:
861 2359 956 2404 aut
984 2352 1229 2422 denique
1263 2370 1406 2409 novo
1458 2357 1644 2428 aliquo
1682 2374 1748 2414 ac
1780 2359 2068 2419 innnutato

478 2439 701 2504 ordine,
764 2441 1095 2498 mirabiliter
1142 2444 1200 2500 in
1227 2459 1292 2502 ea
1332 2458 1731 2514 concurrente,
1780 2461 1838 2506 ut
1873 2469 2066 2510 revera

475 2530 599 2598 ejus
629 2545 718 2586 res
745 2546 940 2589 omnes
995 2535 1295 2592 novitatem
1337 2537 1632 2606 haberent,
1669 2555 1733 2596 ac
1761 2544 1908 2598 velut
1940 2561 2068 2614 pro-

476 2621 656 2692 priam
691 2638 721 2676 a
754 2632 976 2693 natura,
1013 2628 1281 2684 rationem
1306 2645 1475 2701 supra
1502 2641 1757 2686 naturam
1779 2636 2067 2692 exitniam-

475 2729 606 2784 que,
637 2721 900 2786 tanquam
935 2719 1209 2774 rationem
1249 2736 1469 2778 omnem
1495 2732 1549 2778 et
1577 2724 1868 2780 scientiam
1903 2743 2067 2799 supe-

476 2812 692 2869 rantes,
749 2808 1081 2877 reciperent.
1111 2811 1190 2864 Ad
1232 2812 1368 2867 illud
1399 2829 1501 2870 nos
1561 2819 2063 2874 instructissimum

475 2911 794 2952 sermonum
843 2903 1092 2972 epulum,
1159 2903 1445 2962 Sermonis
1490 2907 1582 2962 illa
1635 2924 1806 2964 carne
1891 2909 2066 2966 Mater

476 2985 712 3054 invitat;
751 2992 980 3063 ipsaque
1012 3011 1160 3050 nunc
1197 2998 1398 3066 regalis
1433 3014 1622 3055 mensa
1660 3009 1714 3055 et
1746 3016 2063 3058 sermonum

475 3085 730 3152 materia,
768 3089 1145 3156 perfectorum
1179 3105 1208 3144 ε
1242 3090 1352 3148 Deo
1380 3103 1864 3150 sacramentorum
1896 3097 2064 3152 uber-

475 3189 586 3235 tate
629 3183 973 3246 exuherans,
1029 3188 1318 3256 proposita
1374 3196 1480 3244 est.
1549 3188 1726 3245 Tanta
1780 3207 1945 3262 porro
1976 3193 2066 3246 illa

473 3271 790 3340 splendoris
842 3274 1090 3340 claritas,
1135 3285 1190 3332 ct
1241 3295 1364 3350 quas
1425 3280 1593 3336 etiam
1649 3281 1762 3336 vim
1789 3284 2066 3340 sermonis

469 3358 634 3429 longe
676 3369 922 3430 superet.
966 3363 1090 3420 festi
1120 3369 1422 3423 amantium
1479 3371 1663 3427 vultus
1702 3372 2066 3441 collustrans,

470 3449 574 3503 diei
617 3450 898 3510 hodierna:
957 3456 1150 3513 laciem
1185 3473 1420 3516 recreat.
1448 3462 1584 3518 Sum
1628 3479 1730 3535 ego
1767 3465 1933 3536 hujus
1962 3469 2065 3521 ho-

469 3537 560 3594 die
578 3544 838 3608 convivii,
869 3551 1199 3619 peregrinus
1231 3551 1321 3607 ille
1347 3562 1403 3607 et
1450 3555 1678 3625 hospes,
1718 3568 2010 3628 susceptor
2043 3575 2057 3610 :

470 3636 673 3701 resque
727 3635 994 3692 sublimes
1048 3653 1219 3709 supra
1275 3657 1441 3710 quam
1481 3642 1688 3713 dignus
1726 3645 1854 3712 sim,
1889 3645 2063 3702 habeo

468 3740 752 3781 enarrare.
783 3726 864 3782 Nc
891 3730 1019 3800 quis
1049 3740 1235 3788 tamen
1264 3745 1510 3790 nostram
1535 3737 1840 3792 exilitatem
1888 3740 2064 3810 respi-

394 3817 398 3827 '
469 3816 647 3884 ciens,
696 3821 1013 3876 convivium
1067 3823 1390 3882 fastidiosus
1433 3841 1659 3900 reSpuat
1704 3846 1718 3884 :
1771 3845 1879 3885 non
1915 3833 2061 3887 enim

473 3921 601 3973 nos,
621 3911 714 3963 sed
739 3909 857 3980 ipsa
885 3910 976 3967 Dei
1006 3913 1282 3982 Genitrix,
1303 3917 1498 3973 harum
1538 3920 2060 3992 utiquedivinarum

468 4012 652 4052 rerum
698 4001 968 4066 mvsticas
993 4010 1400 4076 enarrationes,
1429 4028 1526 4066 ceu
1559 4014 1796 4068 convivii
1826 4015 1944 4085 iege
1973 4016 2061 4069 in-

468 4092 673 4145 struxit
711 4111 724 4148 :
771 4095 976 4165 quibus
1029 4099 1188 4170 plena
1216 4117 1432 4168 mensa,
1471 4106 1754 4176 spiritales
1787 4107 2052 4165 convivas

467 4192 827 4252 provocante,
885 4191 1256 4261 eamusjuxta
1317 4195 1464 4264 quod
1536 4196 1809 4267 Spiritum
1871 4199 2054 4268 decet,

466 4270 534 4323 ad
563 4272 797 4341 spiritus
851 4276 1148 4344 profunda.
1203 4280 1326 4337 1am
1375 4283 1524 4338 enim
1550 4302 1674 4356 quae
1715 4288 2055 4359 Sapientiam

465 4377 635 4418 carne
664 4366 856 4435 genuit
884 4377 934 4434 τι,
967 4369 1307 4440 Sapientiam
1347 4391 1446 4430 ceu
1477 4376 1784 4434 domestice
1814 4380 2050 4448 imitata,

2173 1891 2437 1960 ἀλήθειαν
2459 1891 2622 1946 καινὰ
2651 1890 2720 1945 τά
2751 1891 2873 1945 κατ’
2908 1891 3078 1962 αὑτὴν
3113 1890 3352 1954 ἅπαντα,
3383 1890 3476 1945 τὸν
3511 1891 3773 1962 ὑπερφυᾶ

2172 1985 2468 2054 προσφυῶς
2504 1984 2868 2055 ἐπιδεχόμενα
2897 1985 3074 2054 Λόγον
3092 2027 3108 2051 ,
3135 1985 3212 2048 ὡς
3235 1985 3400 2054 λόγου
3438 1985 3644 2049 παντὸς
3675 1987 3772 2039 καὶ

2127 2135 2138 2158 ⁸
2171 2076 2421 2145 γνώσεως
2459 2077 2854 2147 ὑπερκείμενα.
2897 2077 3022 2130 Ἐπὶ
3047 2077 3252 2147 ταύτην
3283 2079 3436 2149 ἡμᾶς
3463 2077 3565 2150 τὴν
3601 2095 3768 2132 πνευσ-

2173 2169 2410 2240 ματικὴν
2441 2169 2770 2224 πανδαισίαν
2803 2170 3160 2238 συγκαλεῖται
3191 2169 3301 2225 τῶν
3335 2171 3534 2241 λόγων,
3562 2172 3598 2242 η
3625 2171 3768 2225 κατὰ

2173 2259 2350 2328 σάρκα
2399 2259 2598 2331 Μήτηρ
2624 2260 2715 2313 τοῦ
2759 2259 2969 2329 Λόγου·
3013 2261 3300 2332 πρόκειται
3333 2261 3391 2315 δὲ
3444 2261 3588 2332 αὕτη
3616 2260 3771 2332 βασίο

2169 2349 2311 2414 λειος
2358 2350 2608 2421 τράπεζα
2649 2352 2744 2404 καὶ
2795 2352 2972 2421 λόγων
3005 2352 3266 2416 ὑπόθεσις
3301 2355 3549 2426 σήμερον
3593 2356 3766 2426 ἡμῖν,

2171 2440 2432 2495 θεοτελῶν
2462 2443 2782 2514 μυστηρίων
2811 2443 3188 2516 εὐθηνουμένη
3223 2446 3320 2499 καὶ
3349 2445 3656 2516 πλήθουσα.
3701 2446 3766 2500 Ἦ

2169 2532 2226 2586 δὲ
2281 2531 2520 2605 τοσαύτη
2573 2533 2970 2608 λαμπροφορία
2997 2535 3106 2590 τῶν
3129 2536 3436 2608 φιλεόρτων
3479 2537 3581 2601 τὰς
3611 2539 3768 2608 δψεις

2171 2628 2621 2702 περιαυγάζουσα
2648 2670 2663 2694 ,
2703 2628 2804 2700 ὅση
2839 2627 2936 2682 καὶ
2958 2629 3192 2698 δύναμιν
3231 2629 3644 2702 ὑπερισχύουσα
3671 2630 3766 2684 λό-

2169 2734 2290 2786 γου,
2317 2721 2416 2789 τῆς
2441 2721 2656 2792 ἡμέρας
2687 2720 3086 2775 κατακαλλύνει
3107 2721 3168 2774 τὸ
3197 2723 3512 2794 πρόσωπον.
3545 2723 3766 2792 Ταύτης

2170 2807 2328 2877 κάγὼ
2352 2809 2596 2880 σήμερον
2625 2811 2894 2880 ἑστιάτωρ
2917 2813 2944 2864 ὁ
2971 2810 3122 2878 ξένος
3152 2813 3248 2866 καὶ
3278 2811 3508 2884 ἔπηλυς,
3537 2812 3767 2866 καὶτῶν

2171 2899 2390 2970 ὑψηλῶν
2414 2900 2706 2972 Θεαμάτων
2731 2903 2873 2973 ὑπὲρ
2895 2901 3056 2966 ἀξίαν
3085 2903 3398 2974 ὑφηγητής.
3431 2903 3544 2957 Καὶ
3577 2904 3654 2973 μή
3679 2919 3765 2967 τις

2169 2991 2308 3062 πρὸς
2355 2993 2417 3046 τὸ
2445 2995 2844 3066 ταπεινδντῆς
2877 2995 3154 3067 ἡμετέρας
3201 2995 3411 3049 ἀπιδὼν
3460 2997 3763 3063 εὐτελείας,

2169 3084 2458 3138 άνανεύσοι
2506 3086 2644 3157 πρὸς
2695 3087 2794 3158 τὴν
2844 3086 3112 3151 ἑστίασιν,
3143 3089 3224 3141 ὅτι
3267 3071 3354 3160 μὴ’
3391 3089 3536 3161 πρὸς
3579 3090 3764 3161 ἡμῶν,

2123 3173 2141 3196 ⁸
2171 3173 2289 3228 ἀλλ’
2322 3174 2412 3227 ὑπ’
2447 3174 2619 3246 αὑτῆς
2650 3175 2978 3247 ἡτοίμασται
3006 3177 3106 3246 τῆς
3134 3176 3400 3232 Θεοτόκου
3443 3180 3553 3232 τῶν
3581 3180 3766 3233 ἐνθεα-

2175 3265 2374 3322 στικῶν
2416 3266 2482 3338 δὴ
2531 3267 2740 3321 τούτων
2774 3268 3153 3340 θεωρημάτων
3195 3271 3264 3325 τὰ
3296 3273 3541 3342 μυστικὰ
3565 3273 3767 3345 διηγή-

2175 3376 2322 3428 ματα
2345 3373 2358 3388 ·
2393 3351 2468 3412 ὧν
2494 3357 2683 3431 ἐπειδὴ
2705 3358 2918 3432 πλήρης
2945 3363 2980 3432 ἡ
3001 3357 3270 3432 τράπεζα,
3301 3363 3432 3428 τοὺς
3460 3383 3766 3437 πνευματικ-

2170 3453 2300 3514 κοὺς
2321 3451 2650 3521 δαιτυμόνας
2675 3451 3082 3524 προτρέπουσα,
3113 3454 3285 3525 ἴωμεν
3312 3456 3437 3510 κατ’
3476 3457 3641 3522 ἀξίαν
3668 3458 3761 3514 τοῦ

2171 3541 2489 3612 Πνεύματος
2529 3543 2624 3596 ἐπὶ
2670 3542 2740 3598 τὰ
2775 3543 2916 3616 βάθη
2952 3544 3046 3598 τοῦ
3081 3547 3421 3618 Πνεύματος.
3460 3548 3626 3622 Ἄρτι
3654 3551 3762 3624 γὰρ

2167 3633 2268 3706 τὴν
2293 3634 2494 3704 Σοφίαν
2522 3637 2554 3707 ή
2579 3635 2679 3708 τὴν
2719 3637 2920 3706 Σοφίαν
2951 3638 3124 3710 αὐτὴν
3147 3639 3292 3694 κατά
3348 3641 3534 3713 σάρκα
3573 3660 3764 3714 γεννη-

2169 3727 2374 3798 σαμένη
2402 3727 2698 3797 προσφυῶς
2730 3731 3067 3800 μιμουμένη,
3099 3731 3229 3802 ὅλην
3265 3733 3473 3804 ἑαυτὴν
3505 3728 3595 3788 οἷα
3625 3737 3760 3807 rpi-

2165 3819 2336 3884 πεζαν
2363 3819 2780 3890 ἡτοιμασμένην
2813 3823 3088 3892 μυστικὴν
3120 3823 3214 3876 καὶ
3254 3824 3514 3896 οὐράνιον
3546 3829 3662 3890 τοῖς
3689 3827 3757 3880 τᾶ

2164 3907 2284 3962 θεία
2327 3909 2533 3981 νοητῶς
2594 3911 2943 3982 μυουμένοις,
3001 3911 3345 3984 φιλοφρόνως
3389 3915 3472 3978 είς
3525 3917 3760 3987 εὐωχίαν

2164 4004 2487 4074 προτίθεται
2521 4021 2536 4036 ο
2570 4004 2632 4057 οὑ
2669 4003 2888 4075 θύματα
2914 4007 3254 4076 σφάττουσα,
3285 4007 3318 4080 ἦ
3350 4009 3594 4081 κρατῆρι
3622 4027 3756 4079 προ-

2161 4097 2364 4149 νάουσα
2399 4096 2641 4168 πόματα,
2679 4092 2771 4153 οἷά
2799 4098 2904 4170 πέρ
2937 4116 3069 4153 ποτε
3096 4094 3240 4172 ἦσαν
3265 4101 3453 4155 ἐκεῖνα
3486 4102 3555 4155 τὰ
3581 4101 3745 4171 μακά·

2165 4204 2253 4258 ρια
2289 4187 2538 4257 θύματα,
2582 4190 2676 4243 καὶ
2706 4192 2733 4244 ό
2756 4191 2974 4263 κρατὴρ
3001 4193 3237 4259 ἐκεῖνος,
3265 4194 3294 4246 ό
3325 4192 3422 4246 τοῦ
3474 4192 3759 4254 Osos-aleo;

2158 4281 2420 4352 νέκταρος
2442 4283 2634 4354 δοχεὺς
2659 4322 2674 4348 ,
2707 4284 2825 4338 ἀλλ’
2853 4285 2995 4340 αὑτά
3021 4286 3312 4358 προδήλως
3347 4285 3461 4338 τῶν
3493 4303 3560 4340 πε
3569 4287 3625 4358 ρὶ
3654 4285 3756 4339 αὖ·-

2156 4373 2255 4443 τῆς
2307 4375 2628 4444 μυστηρίων
2652 4376 2722 4430 τά
2767 4376 3024 4448 ὑπερφυῆ
3057 4379 3154 4432 καὶ
3199 4378 3322 4432 θεῖα
3351 4377 3432 4450 τῷ
3478 4379 3596 4433 ὄντι
3627 4378 3753 4432 θεά-

467 4461 638 4509 totam
671 4471 752 4519 se,
785 4458 932 4512 velut
961 4461 1290 4516 instructam
1323 4467 1614 4536 mysticam
1640 4469 2052 4542 caelestemque,

2165 4482 2309 4535 ματα
2328 4483 2342 4495 ο
2369 4467 2455 4535 ἐφ’
2477 4465 2514 4521 ἃ
2532 4467 2597 4538 δὴ
2618 4468 2858 4538 μάλιστα
2881 4471 3008 4534 τοὺς
3035 4469 3493 4543 συνειλεγμένους
3515 4472 3753 4544 προτρέ-

464 4545 648 4600 divina
675 4548 928 4615 initiatis,
949 4568 1214 4618 mensam,
1234 4555 1300 4610 ad
1322 4556 1502 4613 lautas
1518 4561 1708 4630 epulas
1729 4562 2061 4634 perbenigne

2165 4575 2362 4622 πουσα,
2400 4559 2500 4630 τῆς
2523 4559 2718 4630 ἑορτῆς
2746 4561 2779 4630 ἡ
2803 4560 3134 4633 ἐξάρχουσα,
3169 4563 3262 4616 τὸν
3299 4564 3402 4635 μὲν
3426 4564 3530 4633 τῆς
3552 4565 3752 4636 Σοφίας

465 4640 732 4706 proponit
765 4659 780 4696 :
821 4656 928 4696 non
963 4645 1258 4702 mactando
1291 4647 1524 4716 hostias,
1557 4659 1653 4706 aut
1683 4653 1850 4707 etiam
1889 4656 2061 4711 calice

2165 4645 2306 4702 υἶκον
2328 4649 2513 4721 ἡλίκος
2536 4652 2710 4715 ἐστὶν,
2740 4653 2969 4708 αὐτόθεν
2990 4657 3124 4726 ἡμῖν
3149 4655 3208 4720 ἐξ
3236 4656 3415 4726 αὑτῆς
3439 4657 3748 4727 ὑποφαίνει·

465 4727 787 4820 proﬂuendo
852 4739 1048 4804 pocula
1083 4757 1096 4792 :
1130 4739 1328 4804 quales
1383 4743 1664 4812 quondam
1696 4754 1858 4802 erant
1886 4748 2060 4804 beatae

2165 4740 2395 4796 δείκνυσι
2427 4741 2483 4796 δέ
2513 4761 2628 4808 πως
2657 4744 2755 4798 καὶ
2787 4745 3068 4816 τράπεζαν
3089 4746 3288 4819 ἑαυτὴν
3315 4749 3644 4820 ὑπεράγων,
3676 4751 3750 4812 ὡς

466 4819 572 4874 illae
602 4819 820 4892 hostiae,
849 4839 914 4880 ac
969 4829 1112 4884 calix
1147 4829 1239 4886 ille
1263 4847 1374 4902 quo
1425 4835 1559 4890 illud
1587 4835 1773 4894 divine
1793 4853 2057 4896 consum-

2165 4835 2318 4888 αὑτὸν
2337 4835 2457 4888 ὅλον
2487 4837 2581 4890 τὸν
2605 4835 2872 4899 ζωοποιδν
2892 4837 3082 4910 ἄρτον,
3110 4839 3204 4894 τὸν
3232 4819 3444 4912 Κύριον
3469 4842 3632 4914 ἡμῶν
3656 4841 3749 4896 καὶ

462 4920 672 4968 rnatum
729 4924 924 4972 nectar
953 4931 1276 4994 susceptum
1339 4935 1424 4983 est
1455 4927 1570 5000 (91)
1603 4947 1616 4984 :
1648 4930 1743 4986 sed
1795 4930 1912 5002 ipsa
1951 4949 2051 5004 pa-

2165 4931 2292 4986 Θεὸν
2338 4931 2550 5004 Ἰησοῦν
2588 4932 2846 5004 Χριστὸν,
2886 4933 2985 5006 τὴν
3019 4934 3240 4990 αἰώνιον
3267 4935 3418 5009 ζωὴν
3439 4979 3458 5003 ,
3507 4938 3601 4994 τὸν
3629 4956 3752 4992 συν-

536 5060 564 5088 ιι
596 5049 760 5106 Prov.
800 5043 959 5117 Ix,'i.

1779 5177 1916 5233 C0)!
1927 5175 2166 5237 BEFlSll

457 5277 592 5344 vero
639 5265 803 5344 etiam
847 5265 1143 5344 ejusmodi
1167 5283 1232 5344 ac
1259 5269 1408 5325 velut
1435 5272 1613 5342 prima
1638 5275 1942 5344 corruptio,
1991 5275 2048 5330 in

458 5332 647 5414 alariae
675 5333 780 5414 luit
803 5332 988 5414 utero,
1014 5337 1338 5414 Chrisuque
1362 5332 1514 5414 ex'ea
1545 5352 1736 5414 partu;
1765 5332 1910 5414 quod
1930 5332 2051 5399 Ἀη-

459 5404 627 5486 dress
670 5405 807 5486 scite
863 5407 1176 5486 distinguit.
1229 5404 1388 5486 Quod
1425 5404 1676 5486 sequitur
1719 5404 2048 5486 ijrtiwfydtp

456 5471 626 5544 όσίων
655 5475 754 5544 οὐχ
783 5477 1017 5530 ἅπτεται
1037 5471 1064 5543 ξ
1083 5471 1281 5536 ιιΙΙυείἷ)
1326 5492 1410 5536 est
1439 5471 1519 5534 ad'
1541 5483 1674 5537 illud
1703 5501 1716 5537 :
1750 5482 1872 5544 Non
1895 5471 2050 5539 da'bi's

461 5541 942 5624 .‘ianct‘umntuum:
973 5541 1062 5624 τὸν
1097 5551 1244 5603 ὅσιόν
1275 5567 1371 5604 σου
1391 5567 1404 5581 ·
1435 5552 1531 5624 qui
1574 5560 1659 5624 est
1689 5541 2049 5624 singulariter

461 5608 594 5730 328$:
609 5609 773 5733 «Lars
803 5633 816 5668 :
846 5618 1083 5684 quadam
1113 5635 1243 5676 vero
1277 5608 1577 5691 aptationc,
1610 5620 1740 5678 Jesu
1773 5608 2044 5693 proxima,

675 5696 698 5732 a
727 5699 803 5733 er.

675 5696 803 5735 ater.

544 5741 652 5812 ﬁt)
683 5750 799 5816 Quo
837 5753 972 5807 illud
1007 5757 1177 5811 ditine
1202 5769 1626 5813 consummatum
1659 5770 1840 5816 nectar
1868 5780 2044 5818 susce-

2234 5183 2472 5242 ΝΟΤᾹΞ.

2147 5289 2298 5346 ρηιιη
2331 5290 2432 5336 est.
2467 5283 2527 5336 ⁸0
2559 5283 2654 5336 τοῦ
2684 5282 2968 5347 θεοτελοῦς
2996 5283 3259 5352 νέκταρος
3290 5282 3510 5352 δοχεύς.
3541 5282 3743 5352 Nempe

2148 5354 2373 5423 sanguis
2411 5352 2748 5412 Dominieus.
2805 5370 2917 5423 quo
2951 5368 3054 5408 nos
3079 5354 3355 5420 sapientia
3387 5353 3604 5423 divina.
3636 5368 3743 5409 sua

2148 5421 2201 5473 in
2253 5437 2372 5486 nos,
2427 5439 2568 5492 quos
2613 5424 2668 5478 in
2713 5421 2872 5478 linem
2922 5431 2978 5478 et
3007 5430 3393 5478 consummate
3431 5421 3738 5484 dilexisset.

2148 5492 2435 5564 charitatis
2468 5493 2674 5564 insigni
2710 5501 3060 5564 argumento,
3092 5494 3147 5548 in
3175 5492 3554 5564 Eucharistia,
3583 5497 3739 5562 cujus

2149 5560 2418 5634 hodierna
2447 5563 2538 5634 die
2559 5560 2830 5634 solemnis
2845 5565 3124 5620 materiae
3151 5561 3476 5633 προεόρτιον
3498 5560 3734 5634 agimus.

2151 5632 2356 5755 ﬁugiter
2395 5633 2646 5690 inebriat.
2678 5633 2918 5691 Dcvotus
2947 5634 3148 5704 ubique
3177 5647 3244 5688 ac
3281 5632 3584 5688 aecumtus
3628 5634 3738 5688 Διιο

2192 5716 2314 5755 reas
2361 5712 2569 5755 noster.

2192 5716 2314 5758 reas
2361 5712 2569 5760 noster.
