4016 6130
198 271 336 339 1085

1231 269 1317 333 ΙΝ
1348 268 1892 332 DORMITIONEM
1925 267 1987 328 S.
2033 267 2322 330 MARIIE.
2364 268 2441 327 Ιῐ.

3331 259 3467 330 1036

193 382 328 451 οχέα
364 378 468 451 τῆς
493 376 750 444 κτίσεως,
793 377 852 430 ἐν
883 377 1480 451 μήτρᾳόίκονομικῶς,
1501 381 1566 432 ὲκ
1599 377 1781 447 ζύμης

1887 375 2016 442 lam,
2045 374 2250 430 eximia
2276 375 2434 444 plane
2467 372 2786 444 divinaque,
2822 371 2945 441 ejus
2994 373 3464 448 sacramentorum

192 467 286 522 τοῦ
304 467 604 540 Ἀδαμαίου
631 465 954 540 φυράματος
971 467 1403 540 ἀρτοποιηθέντα
1424 467 1748 540 βαστάσασα
1763 484 1780 501 ο

190 558 285 611 τὸν
315 559 446 620 τοὺς
498 557 660 628 ίερῶς
696 555 1027 628 προσιόντας
1057 557 1241 628 αὐτῷ,
1281 558 1420 630 πρὸς
1457 557 1783 630 καινοτέραν

195 648 343 720 ζωὴν
387 649 733 716 ἐπανάγοντα
761 645 858 701 καὶ
902 646 1171 712 θεοτελείς
1205 649 1603 720 ἐργαζόμενον,
1633 644 1676 718 ᾧ
1717 649 1782 722 δὴ

190 741 382 812 τρόπῳ
403 742 499 794 καὶ
527 739 888 811 ἀνακαθαίρει
910 739 1135 804 τούτους
1161 743 1256 795 καὶ
1283 741 1624 808 ἀθανατίζει,
1655 743 1783 806 τοὺς

191 834 336 888 κατά
371 833 589 904 μέθεξιν
615 835 714 905 τῆς
743 834 882 906 πρὸς
920 835 1084 891 αὐτὸν
1113 836 1192 907 τῷ
1229 835 1345 890 ὅντι
1379 836 1784 908 καινοπρεποῦς

192 927 477 989 κοινωνίας
524 927 938 998 οἰκειουμένους
984 926 1154 997 αὐτῷ.
1193 927 1257 980 Ἃ
1293 927 1350 980 δέ
1379 929 1508 992 τοὺς
1543 926 1781 998 ἑραστάς

191 1021 350 1091 ἑστιᾷ
381 1019 668 1092 προδήλως
695 1018 869 1072 ταῦτὰ
885 1020 1004 1073 ἐστι
1025 1035 1036 1048 '
1065 1018 1135 1073 τὰ
1161 1019 1229 1072 δι’
1255 1012 1330 1072 ὧν
1359 1019 1388 1071 6
1419 1017 1535 1090 βίος
1570 1019 1782 1080 ἐκεῖνος

193 1112 526 1180 συνέστηκεν
551 1127 564 1140 ·
595 1111 625 1163 6
675 1111 996 1183 ὑπερφερής
1041 1127 1101 1164 τε
1149 1109 1246 1164 καὶ
1273 1110 1542 1182 ἄῤῥητος·
1579 1110 1674 1162 καὶ
1718 1100 1779 1161 οὗ

196 1203 360 1275 μηδὲν
389 1202 496 1255 τῶν
529 1203 587 1255 ἐν
607 1205 673 1274 τῇ
707 1202 888 1256 κτίσει
913 1200 1304 1272 θεωρουμένων
1343 1201 1492 1254 ἐστὶν
1514 1199 1778 1272 ὑψηλότε-

197 1313 286 1366 ρον
307 1313 322 1326 ·
352 1293 478 1347 καθ’
507 1292 566 1346 ὃν
603 1295 631 1346 6
665 1293 847 1365 πάσης
879 1291 1160 1360 θεολογίας
1197 1291 1480 1356 ἐπέκεινα,
1505 1292 1573 1345 δι’
1604 1292 1779 1363 ἀπορ-

195 1388 358 1458 ρήτου
404 1384 710 1448 κενώσεως,
741 1384 910 1455 οἴκτῳ
950 1384 1051 1455 τῆς
1078 1385 1219 1454 περὶ
1241 1385 1334 1436 τὸν
1361 1383 1649 1454 ἄνθρωπον
1680 1399 1780 1453 κη-

190 1477 444 1546 δεμονίας
481 1475 889 1546 καμπτόμενος,
928 1475 1024 1530 ἆτε
1066 1475 1428 1547 προαγωγεὺς
1471 1474 1583 1529 τῶν
1618 1473 1778 1542 ὅλων,

191 1569 366 1622 εἵλετο
417 1568 671 1638 δεύτερον
705 1567 867 1639 μέχρι
901 1569 994 1621 καὶ
1034 1567 1134 1638 τῆς
1178 1567 1336 1638 ήμῶν
1362 1567 1777 1637 συγκαταϐῆναι

193 1657 485 1728 πτωχείας·
519 1657 614 1711 καὶ
642 1655 718 1727 τῷ
745 1657 1003 1728 ἡμετέρῳ
1034 1657 1425 1728 συμπλακῆναι
1456 1656 1773 1728 φυράματιο

196 1771 218 1802 ι
253 1751 663 1821 συμμετασχεῖν
707 1767 768 1802 τε
799 1749 1204 1822 παραπλησίως
1239 1751 1372 1822 ἡμῖν
1415 1750 1649 1821 αἵματος
1679 1751 1778 1804 καὶ

195 1841 397 1912 σαρκός
423 1857 436 1870 °
481 1860 498 1892 ›
535 1845 560 1895 6
594 1843 922 1915 ἀπροσδεὴς,
949 1843 980 1894 6
1017 1843 1400 1914 ὑπερπλήρης,
1431 1845 1459 1896 6
1480 1843 1738 1909 πλούσιος
1760 1887 1774 1910 ,

189 1937 221 1988 6
272 1935 347 2005 μὴ
397 1933 516 1986 κατ’
569 1933 829 1988 ἔκστασιν
874 1934 972 2004 τῆς
1018 1935 1344 2004 ὑπερουσίου
1385 1935 1638 2004 θεότητος
1679 1937 1780 2010 τὴν

187 2028 326 2080 εῐσω
366 2044 472 2098 περ
515 2028 684 2081 οἰκεῖν
713 2027 963 2098 ἐλόμενος
1017 2025 1251 2097 ὓπαρξιν
1277 2073 1290 2092 ,
1324 2029 1438 2082 ἀλλ’
1485 2030 1780 2101 ἀκεραίους

187 2117 372 2187 ἐαυτῷ
405 2117 648 2186 φυλάξας
675 2119 770 2170 καὶ
801 2117 940 2188 μετά
973 2116 1072 2190 τὴν
1116 2118 1399 2189 ἄφραστον
1433 2119 1628 2172 ἕνωσιν
1654 2121 1780 2182 τοὺς

187 2207 386 2276 λόγους
439 2207 547 2260 τῶν
613 2207 1018 2270 συνελθόντων,
1077 2209 1354 2279 μηδεμιᾶς
1401 2209 1668 2280 δήπουθεν
1720 2210 1777 2261 ἐν

193 2299 347 2368 μέσῳ
398 2297 740 2370 χωρηθείσης
774 2298 1093 2369 συγχύσεως
1126 2299 1158 2368 ἢ
1195 2299 1516 2370 διαιρέσεως
1544 2317 1556 2329 °
1591 2301 1620 2352 6
1655 2300 1779 2370 μηδ’

189 2392 381 2452 αὐτοῖς
435 2391 692 2458 ἀγγέλοις
733 2391 1048 2460 γνωρίσας,
1083 2391 1180 2442 καὶ
1233 2392 1345 2454 τοῖς
1385 2390 1780 2462 ὑπερκοσμίοις

187 2483 301 2536 τῶν
329 2484 386 2534 ἐν
418 2481 670 2550 οὐρανοῖς
703 2482 1003 2548 ταγμάτων
1037 2480 1432 2550 στρατιάρχαις
1455 2519 1471 2545 ,
1501 2481 1530 2532 ὃ
1560 2480 1612 2532 τί
1648 2479 1778 2532 ποτέ

193 2577 342 2626 ἐστιν
373 2573 504 2626 αὐτὸ
534 2572 594 2624 τὸ
635 2571 986 2644 τελούμενον,
1029 2569 1171 2638 πλὴν
1194 2572 1276 2624 ἐνὶ
1312 2571 1420 2623 τῶν
1455 2570 1777 2642 πρωτίστων

191 2663 472 2732 ἀγγέλων,
529 2660 987 2732 διακονησαμένῳ
1035 2664 1099 2731 τῇ
1137 2661 1386 2732 σωτηρίῳ
1419 2661 1630 2732 προόδῳ
1682 2659 1776 2714 τοῦ

191 2752 385 2808 καινοῦ
431 2751 758 2822 μυστηρίου.
787 2750 974 2822 Ταύτῃ
1004 2751 1114 2821 γὰρ
1140 2753 1167 2804 6
1199 2753 1490 2822 ἀσώματος
1523 2769 1781 2820 σωματω-

192 2846 330 2911 θεὶς,
359 2845 451 2898 διὰ
482 2845 651 2914 μέσου
673 2845 794 2910 νοὸς
820 2845 952 2916 ἡμῖν
979 2846 1073 2898 καὶ
1104 2845 1304 2914 σαρκὸς
1335 2845 1776 2916 προσωμίλησεν,

193 2938 261 2991 ἵν’
293 2939 414 3000 ὅλος
457 2937 564 3008 ὅλῳ
592 2936 886 3007 ἐγκραθεὶς
921 2935 999 3006 τῷ
1019 2922 1279 3008 ἡμετέρῳ
1308 2938 1590 3008 φυράματι
1614 2979 1628 3001 ,
1657 2939 1779 2991 ὅλον

1887 465 2250 536 spectacula:
2288 466 2356 520 ad
2395 481 2520 536 quae
2579 463 2841 526 maxime,
2901 462 3022 532 ipsa
3073 456 3203 514 festi
3247 456 3466 536 initium

1886 533 2148 614 collectos
2197 533 2528 620 adhortans,
2588 555 2772 611 statim
2839 552 3061 624 quidem
3132 564 3200 604 ex
3277 533 3462 619 seipse

1888 660 2095 724 quanta
2125 651 2198 707 sit
2225 649 2425 706 domus
2455 647 2778 718 Sapientiae,
2807 641 3080 707 ostendit;
3113 653 3282 710 seque
3331 653 3464 694 vero

1885 761 1988 803 ceu
2019 750 2380 815 praesanctam
2414 751 2660 794 mensam
2687 734 2912 790 exhibet
2938 747 2954 785 :
2981 737 3246 800 tanquam
3292 728 3464 784 nimi-

1884 853 2007 894 rum
2040 837 2222 908 ipsum
2249 841 2426 890 totum
2445 829 2667 886 vitalem
2691 841 2911 900 panem,
2936 823 3228 879 Dominum
3256 819 3462 878 Deum-

1884 947 1991 1004 que
2013 927 2204 984 Jesum
2253 925 2554 988 Christum,
2597 931 2858 977 aeternam
2889 918 3038 972 illam
3077 916 3245 971 vitam
3278 930 3466 970 rerum

1885 1025 2356 1082 conservatorem,
2387 1031 2457 1070 ex
2485 1011 2680 1068 Adami
2714 1025 2902 1066 massa
2937 1008 2993 1063 in
3026 1022 3228 1080 panem
3254 1007 3466 1062 forma-

1886 1123 2000 1170 tum
2045 1109 2462 1182 dispensatione
2515 1104 2752 1161 mirabili
2806 1103 2863 1158 in
2889 1109 3081 1157 ventre
3107 1100 3458 1172 portaverit:

1884 1205 2062 1271 illum,
2097 1203 2347 1274 inquam,
2385 1197 2478 1270 qui
2521 1205 2714 1252 sancte
2739 1195 2806 1250 ad
2858 1209 2984 1250 eum
3016 1193 3360 1258 accedentes,
3397 1190 3466 1246 ad

1882 1307 2084 1348 novam
2127 1289 2420 1362 quamdam
2455 1286 2620 1342 vitam
2673 1283 2962 1349 subvehat,
2995 1296 3061 1337 ac
3104 1281 3292 1336 divine
3331 1295 3467 1335 con-

1883 1392 2126 1444 summet
2155 1403 2172 1440 :
2205 1397 2316 1454 quo
2346 1381 2560 1438 scilicet
2589 1387 2643 1434 et
2667 1377 2931 1434 emundet
2954 1385 3008 1432 et
3039 1374 3204 1430 faciat
3231 1374 3465 1430 immor-

1882 1477 2044 1543 tales,
2103 1474 2149 1531 si
2175 1473 2270 1544 qui
2308 1485 2466 1527 novae
2508 1469 2836 1537 eximiaeque
2885 1465 2955 1521 ad
2992 1467 3177 1536 ipsum
3203 1478 3460 1518 commu-

1883 1571 2066 1626 nionis
2136 1565 2558 1638 participatione
2615 1577 2744 1617 vere
2798 1561 2850 1616 ei
2905 1556 3296 1615 conciliantur.
3340 1555 3466 1612 Haec

1883 1663 2065 1732 plane,
2093 1659 2292 1730 quibus
2317 1657 2495 1728 palam
2535 1660 2786 1709 amantes
2833 1651 3232 1716 convivantur,
3263 1649 3466 1720 quibus

1883 1755 2140 1812 nimirum
2168 1752 2421 1809 consistit
2439 1751 2528 1805 illa
2545 1751 2654 1804 vita
2685 1765 2698 1801 :
2728 1747 2861 1814 vita,
2884 1747 3127 1816 inquam,
3149 1744 3465 1815 praecellens

1881 1859 2046 1918 atque
2108 1859 2348 1910 arcana;
2383 1850 2438 1898 et
2486 1855 2594 1912 qua
2641 1838 2782 1911 nihil
2809 1838 2864 1892 in
2915 1835 3122 1890 creatis
3171 1834 3465 1890 sublimius

1881 1948 2181 1997 occurrat:
2225 1951 2358 2008 qua,
2419 1933 2666 2006 inquam,
2719 1930 2815 2002 qui
2885 1927 3220 1998 theologiam
3293 1933 3462 1982 totam

1879 2043 2212 2098 omnemque
2263 2025 2332 2081 de
2360 2024 2471 2080 Deo
2498 2023 2769 2076 rationem
2811 2025 3058 2088 superat.
3083 2013 3466 2071 exinanitione

1880 2120 2168 2184 ineﬂ'abill,
2197 2133 2318 2188 quae
2339 2117 2461 2186 ejus
2499 2114 2557 2168 in
2587 2111 2867 2168 hominem
2899 2122 3036 2164 cura
3059 2113 3224 2166 estﬁt
3245 2105 3467 2161 miseri-

1880 2213 2091 2274 cordia,
2125 2211 2275 2266 velut
2306 2207 2692 2261 universorum
2723 2207 2920 2259 auctor
2963 2198 3100 2268 (92),
3126 2198 3190 2251 ad
3219 2205 3463 2250 nostram

1879 2320 2055 2375 usque
2112 2305 2490 2373 paupertatem
2550 2296 2750 2350 iterum
2813 2290 3086 2346 inclinare
3149 2303 3210 2342 se
3269 2287 3464 2348 voluit,

1881 2406 2191 2466 nostraeque
2221 2407 2418 2448 massa:
2464 2385 2834 2450 commisceri,
2871 2397 2933 2437 ac
2978 2380 3146 2437 simili
3196 2377 3358 2433 nobis
3378 2391 3469 2430 ra-

1881 2488 2050 2550 tione,
2079 2485 2366 2541 nobiscum
2397 2500 2415 2530 ι
2439 2477 2769 2550 participare
2793 2489 2961 2528 carne
2979 2479 3032 2528 et
3055 2470 3326 2541 sanguine
3359 2477 3388 2507 ν
3411 2483 3460 2532 ς»

1881 2582 1948 2646 is,
1979 2581 2229 2648 inquam,
2283 2573 2374 2646 qui
2409 2572 2614 2626 nullius
2647 2578 2791 2638 eget,
2829 2564 3188 2636 plenissimus
3215 2561 3342 2624 ille;
3372 2559 3465 2612 ille

1879 2672 2058 2734 dives,
2107 2667 2203 2738 qui
2232 2681 2338 2720 non
2398 2678 2631 2719 excessu
2675 2675 2704 2713 a
2761 2653 3284 2728 snpersubstantiali
3317 2651 3464 2704 divi-

1879 2765 2072 2824 nitate,
2127 2774 2292 2830 quam
2352 2757 2500 2810 intra
2545 2750 2744 2810 ascivit
2805 2749 2942 2820 (96),
2975 2745 3154 2802 voluit
3207 2741 3462 2796 habitare

1879 2854 2270 2916 substantiam,
2305 2847 2402 2904 sed
2451 2846 2544 2916 qui
2575 2849 2699 2914 post
2729 2841 2893 2894 etiam
2923 2835 3256 2893 ineﬂahilem
3291 2831 3457 2887 unio-

1881 2964 2026 3010 nem,
2093 2938 2548 3000 concurrentium
2608 2936 2854 3004 integras
2914 2929 3159 2984 rationes
3191 2925 3300 2980 sibi
3333 2925 3453 2994 ipse

191 3028 352 3100 ήμῶν
386 3026 671 3099 ἀνανεώσῃ
710 3027 771 3080 τὸ
805 3027 1164 3098 πρόσλημμα.
1205 3027 1352 3098 Αὖτη
1405 3027 1502 3098 μὲν
1546 3027 1623 3091 ὡς
1651 3029 1773 3082 κατ’

1887 3039 2151 3097 retinuit:
2194 3033 2478 3095 nimirum,
2542 3027 2691 3082 nulla
2743 3033 2837 3110 aut
2871 3019 3200 3078 confusione
3241 3023 3336 3072 aut
3379 3015 3469 3070 di-

187 3123 334 3192 ἐμὴν
364 3123 676 3191 ἐπιστήμην
703 3120 798 3174 καὶ
831 3117 943 3173 οἷον
967 3121 1109 3174 κατά
1135 3119 1194 3172 τὸ
1218 3121 1534 3191 πρόχειρον,
1553 3124 1586 3190 ἡ
1617 3123 1779 3191 νοερά

1887 3133 2095 3188 visione
2134 3123 2411 3182 intellecta
2447 3119 2666 3184 media;
2699 3101 2815 3186 qui'
2861 3127 3039 3184 neque
3067 3110 3232 3166 etiam
3257 3105 3469 3178 angelis

189 3213 293 3282 τῆς
326 3213 628 3281 θεομύστου
662 3213 854 3282 σοφίας
886 3211 1158 3283 τράπεζα.
1195 3213 1433 3266 Τοιαῦτα
1463 3214 1556 3266 καὶ
1591 3215 1660 3267 τά
1693 3216 1779 3268 ἐπ’

191 3306 332 3376 αὐτῇ
368 3305 649 3374 μυστικῶς
686 3305 1104 3377 ίεροτελούμενα
1133 3306 1508 3376 θεοπαράδοτα
1533 3307 1694 3377 ὄργια
1714 3308 1780 3340 ⁶⁶ο

191 3391 273 3460 οἷς
304 3397 528 3460 εἰκότως
557 3397 1007 3469 ἐπισημήνασθαι
1042 3399 1148 3470 χρὴ
1181 3398 1275 3452 καὶ
1297 3397 1367 3453 τὰ
1386 3400 1478 3451 ἐπὶ
1509 3399 1608 3470 τῆς
1637 3416 1784 3471 παρ·-

192 3489 361 3559 ούσης
409 3491 624 3560 ἡμέρας
687 3491 984 3562 μυστήρια,
1023 3491 1146 3544 καθ’
1174 3491 1304 3562 ἣνή
1352 3489 1654 3562 Θεομήτωρ
1694 3491 1786 3544 οὐ·

193 3581 284 3634 δέν
354 3581 464 3634 τῶν
515 3583 657 3636 κατά
690 3581 852 3651 φύσιν
894 3583 1114 3653 θεσμῶν
1162 3583 1585 3655 παραμείψασα,
1633 3585 1785 3656 νόμῳ

193 3674 275 3744 τῷ
316 3673 441 3729 καθ’
487 3677 640 3744 ἡμᾶς
701 3675 1112 3747 ἐλειτούργησε,
1158 3679 1252 3730 καὶ
1281 3675 1386 3730 ὑπὸ
1431 3678 1546 3742 τοῖς
1602 3677 1786 3742 αὐτοῖς

189 3768 344 3837 ὅροις
366 3768 497 3837 ἡμῖν
535 3766 632 3838 τὴν
659 3767 718 3820 ἐν
749 3769 912 3838 σαρκὶ
939 3767 1084 3840 ζωὴν
1117 3769 1478 3841 συνεπέρανε,
1508 3767 1786 3840 θαύματος

191 3861 380 3928 πλήρη
408 3858 784 3912 καταλιποῦσα
820 3859 898 3930 τῷ
939 3859 1042 3930 βίῳ
1086 3861 1182 3913 καὶ
1209 3863 1464 3930 γέννησιν
1489 3863 1584 3914 καὶ
1617 3861 1786 3932 μετά-

191 3969 411 4006 στασιν.
466 3953 530 4004 Εἴ
566 3968 620 4004 τι
675 3951 808 4020 γοῦν
839 3951 935 4004 καὶ
977 3951 1086 4005 τῶν
1127 3952 1268 4022 ὑπὲρ
1317 3954 1467 4024 ἡμᾶς
1513 3952 1603 4006 ἐπ’
1646 3953 1784 4026 αὐτῇ

187 4045 336 4116 πρὸς
358 4043 457 4113 τῆς
484 4042 634 4106 θείας
672 4042 1022 4114 ᾠκονόμηται
1056 4043 1294 4113 φύσεως,
1324 4045 1654 4116 θαυμαζέτω
1682 4062 1788 4116 μη-

185 4136 330 4199 δεὶς,
397 4133 534 4206 πρὸς
581 4133 642 4186 τὸ
707 4134 986 4205 ἄφραστον
1037 4134 1258 4207 ἀφορῶν
1304 4136 1400 4191 τοῦ
1442 4136 1789 4200 τελεσθέντος

185 4225 940 4303 καινοπρεπῶςμυστηρίου,
972 4227 1154 4300 πάσης
1201 4229 1464 4300 ἀπειρίας
1491 4228 1788 4300 ἀπειράκις

183 4319 446 4389 ἀπείρως
466 4317 828 4390 ἐξῃρημένον.
861 4319 968 4372 Καὶ
999 4316 1110 4374 εἷεν
1127 4321 1194 4392 δὴ
1218 4320 1392 4375 ταῦτα
1411 4322 1478 4374 δι’
1509 4321 1633 4374 ὅλου
1659 4338 1788 4374 συν-

1882 3219 2266 3278 ςωιοδιῑυιιιτε
2317 3211 2577 3269 ordinum
2618 3206 2820 3261 mundo
2859 3201 3208 3274 superiorum
3242 3193 3453 3268 princi-

1883 3312 2070 3384 pibus,
2098 3322 2209 3361 uno
2231 3309 2499 3359 duntaxat
2531 3298 2766 3370 primate
2800 3294 2912 3366 (94)
2945 3291 3268 3362 angelorum
3301 3301 3467 3342 exce-

1882 3415 2000 3478 pte,
2050 3415 2162 3472 quo
2238 3397 2493 3451 ministro
2545 3404 2751 3446 novum
2817 3387 3021 3443 salutis
3061 3387 3468 3440 sacramentum

1885 3476 2202 3569 processum
2261 3487 2582 3542 habiturum
2643 3486 2808 3548 esset,
2860 3477 2994 3550 quid
3046 3476 3127 3533 rei
3173 3482 3466 3547 gereretur

1885 3563 2123 3658 aperuit.
2182 3579 2276 3639 Sic
2305 3577 2454 3634 enim
2511 3575 2608 3644 qui
2649 3571 3013 3638 incorporeus
3071 3576 3180 3632 est,
3235 3563 3470 3618 indutus

1887 3655 2110 3747 corpus,
2164 3686 2224 3727 se
2273 3668 2436 3724 nobis
2467 3667 2706 3730 socium,
2769 3669 2953 3718 mente
2981 3671 3262 3726 carneque
3287 3655 3466 3710 media

1887 3767 2138 3840 adiunxit
2181 3782 2195 3818 :
2233 3773 2291 3818 ut
2335 3769 2507 3826 totus,
2543 3765 2750 3812 nostrte
2779 3755 2880 3810 ιοιί
2909 3766 3106 3807 massae
3164 3748 3469 3810 iunnistus,

1888 3839 2228 3930 assumptam
2255 3863 2512 3910 naturam
2555 3859 2725 3906 totam
2763 3849 3123 3904 instauraret.
3188 3839 3348 3909 Quod
3379 3854 3468 3893 ca-

1889 3955 2000 4026 pio,
2027 3929 2095 4005 ac
2125 3948 2277 4004 velut
2313 3946 2368 3999 in
2401 3951 2660 4014 promptu
2690 3937 2952 3999 dixerim,
2995 3950 3058 3990 ea
3089 3941 3174 3990 est
3203 3929 3473 4024 apii-italis

1891 4023 2121 4101 initiatae
2147 4040 2259 4094 Deo
2289 4033 2402 4108 (95)
2433 4030 2722 4102 sapientiae
2751 4042 2959 4083 mensa.
2995 4023 3281 4094 Ejusmodi
3317 4023 3481 4090 quo-2,

1889 4154 1998 4210 que
2032 4142 2180 4199 sunt,
2213 4138 2269 4187 et
2296 4126 2553 4189 tradente
2586 4121 2719 4184 Deo,
2751 4119 2984 4190 mystice
3013 4116 3070 4170 in
3097 4129 3160 4170 ea
3193 4113 3475 4168 celebrata

1890 4205 2052 4289 sacra
2112 4222 2265 4295 orgia
2313 4235 2376 4275 ac
2427 4213 2784 4276 caeremoniae,
2830 4209 3035 4281 quibus
3074 4208 3243 4262 etiam
3277 4205 3480 4260 merito

1891 4319 1999 4375 diei
2033 4308 2200 4384 hujus
2233 4315 2582 4367 sacramenta
2635 4300 3014 4366 accesserint;
3055 4313 3164 4368 qua
3207 4296 3476 4350 nimirum

181 4385 655 4484 ἐπτυγμένα
694 4413 930 4485 ἄρρητα,
966 4414 1062 4468 καὶ
1107 4385 1198 4468 τὸν
1239 4417 1438 4470 οίκείον
1470 4416 1629 4484 λόγον
1664 4415 1781 4470 ἀκί-

1894 4411 1991 4466 Dei
2043 4407 2235 4468 Mater,
2297 4399 2436 4457 nihil
2479 4395 2706 4452 mutatis
2741 4401 2953 4448 natura:
2985 4389 3221 4460 legibus,
3259 4387 3382 4440 latae
3416 4385 3476 4440 in

261 4539 292 4567 ν
325 4526 497 4582 llebr.
555 4541 614 4588 ιι,
649 4525 740 4581 14.

1485 4594 1718 4650 νΑιιιιιΕ
1756 4589 2160 4648 LECTlONlL’S.

267 4689 429 4744 “CLI.
458 4689 754 4760 μυστήρια.

266 4850 386 4922 (92)
433 4848 588 4922 Velut
618 4849 983 4922 universorum
1016 4861 1220 4922 au_ctor.
1299 4844 1598 4922 Tévélwv.
1626 4843 1786 4922 _Allu-

184 4913 288 4980 sici
311 4913 398 4976 est
421 4921 490 4974 ad
520 4936 586 4990 ea
615 4936 736 4990 quae
773 4920 1043 4974 habentur
1071 4916 1203 4986 Sap.
1247 4930 1314 4990 ιι,
1347 4913 1698 4990 ubi-creatio,
1727 4922 1784 4967 et

184 4994 294 5048 Dei
323 5007 392 5044 ex
417 4991 507 5044 illa
533 4983 841 5044 dominium
868 4983 1202 5058 assignatur,
1224 4985 1564 5058 universalis
1583 4983 1783 5058 divina:

186 5060 603 5118 misericordia;
631 5061 770 5115 ratio
793 5075 887 5114 seu
916 5053 1322 5128 argumentum.
1342 5055 1508 5128 illud,
1541 5055 1570 5107 6
1600 5053 1780 5128 πάσης

187 5132 486 5200 Θεολογίας
543 5129 822 5194 ἐπέκεινα,
855 5123 1048 5200 ipsum
1079 5135 1163 5181 est
1211 5125 1357 5194 quod
1413 5123 1782 5200 Dionysiert

189 5203 331 5274 aliis
373 5194 654 5274 ᾧπέρθεος
677 5194 893 5274 °__qu_od'
918 5197 1178 5274 nimirum
1211 5194 1572 5274 transcendat
1611 5194 1769 5264 quid-

187 5271 348 5345 quid,
373 5265 540 5345 Deuin
571 5265 944 5345 intelligimus
968 5269 1048 5345 vel
1081 5265 1374 5345 loquuntur.

271 5342 392 5411 (95)
419 5340 615 5411 Δριιιιηι
643 5332 790 5411 intra
833 5339 1038 5411 nscit-it.
1083 5332 1194 5405 Τήν
1229 5335 1360 5388 εῐσω
1393 5351 1520 5406 περ.
1559 5332 1782 5411 Signili-

188 5404 388 5469 catita
409 5404 611 5464 laetam
645 5412 698 5464 in
734 5409 909 5464 Verbo
941 5404 1194 5462 naturain
1231 5404 1590 5475 assumptum,
1633 5414 1689 5475 ut
1723 5404 1777 5456 in

189 5479 448 5565 propriis
469 5481 626 5565 salva
647 5479 874 5562 omnino
907 5477 1288 5565 permanserit.
1308 5476 1408 5530 Est
1427 5474 1614 5555 autem
1647 5474 1786 5526 facta

161 5544 255 5609 'in
291 5544 415 5616 illo,
453 5559 513 5604 ut
545 5550 724 5605 solum
758 5550 814 5604 in
845 5544 1078 5620 persona
1105 5555 1368 5620 tanquam
1412 5544 1686 5616 propriam
1706 5559 1786 5620 Aac

189 5637 365 5682 suam
402 5613 668 5687 habente,
697 5613 872 5690 eoque
915 5617 1179 5690 maxime_
1205 5613 1476 5690 intimam,
1517 5613 1581 5690 ac
1639 5613 1784 5690 velut

193 5692 488 5756 altissime
544 5685 984 5754 incisistentem,
1020 5703 1118 5760 pro
1148 5685 1242 5742 Dei
1289 5693 1471 5741 tamen
1513 5685 1784 5746 decentia,

1509 4750 1904 4810 consensu
1936 4727 2172 4806 nom}.

1895 4855 1962 4896 ac
1985 4836 2251 4894 inell‘abili
2288 4850 2629 4906 prorsusque
2658 4849 2865 4893 arcana
2891 4829 3128 4888 ratione.
3152 4826 3480 4898 Suspectior

1892 4908 2255 4966 nihilominus
2277 4907 2496 4961 videtur
2521 4908 2725 4960 littera.

1965 4979 2078 5050 (94)
2119 4976 2234 5050 Uno
2263 4977 2527 5030 duntaxat
2547 4977 2805 5050 primate,
2835 4981 2951 5050 etc.
2980 4971 3074 5050 Sic
3105 4967 3267 5050 Bern.
3307 4982 3478 5037 supra

1891 5039 2097 5106 Missus
2120 5048 2221 5113 est,
2255 5055 2388 5109 ete.,
2414 5039 2567 5115 quod
2588 5039 2889 5115 exponunt
2917 5039 3155 5115 theologi
3185 5041 3252 5092 de
3285 5052 3480 5115 sacra:

1889 5121 2058 5177 menti
2089 5107 2460 5189 peculiaribus
2489 5107 2926 5189 circumstantiis
2951 5107 3304 5189 ;c_xistiu-.ant
3325 5107 3472 5160 enim

1889 5182 2256 5247 substantiam
2281 5202 2310 5241 a
2341 5186 2613 5256 principio
2634 5185 2846 5256 angelis
2877 5182 3197 5244 revelatam,
3218 5193 3341 5248 qum
3370 5192 3472 5232 nec

1897 5261 2149 5317 homines
2179 5255 2422 5328 prorsus
2447 5255 2691 5328 latuerit.

1956 5331 2071 5412 £95)
2113 5317 2353 5412 Initium:
2385 5325 2516 5412 lleq.
2542 5324 2858 5412 Θεομιῦστρυ
2884 5321 3096 5412 σοφίας.
3122 5317 3472 5412 amplissima

1887 5387 2006 5462 τοῦ,
2040 5387 2196 5470 μυεῖν
2221 5407 2276 5452 et
2311 5395 2589 5467 μυεῖσθαι,
2631 5387 2839 5470 Graecis
2867 5387 3360 5470 signiticati0flnlic
3393 5387 3475 5438 vi-

1891 5458 2054 5526 detur
2106 5458 2354 5524 derivata
2391 5483 2494 5522 vox
2555 5458 2696 5521 sumi
2733 5458 2973 5528 passive,
3015 5469 3074 5516 ut
3123 5458 3472 5528 significetur

1891 5481 2054 5526 detur
2106 5481 2354 5524 derivata
2391 5483 2494 5522 vox
2555 5481 2696 5521 sumi
2769 5481 2973 5528 assrve,
3015 5481 3074 5516 111
3123 5481 3469 5526 Slgmuccrur

1891 5541 2084 5606 Maria,
2113 5540 2314 5593 divinis
2336 5553 2364 5590 ιι
2393 5535 2502 5592 Deo
2529 5481 2839 5591 rationibus
2866 5534 3140 5588 instructa
3173 5527 3469 5599 sapientia,

1885 5605 2266 5681 enqueinstar
2292 5608 2556 5681 spiritalis
2590 5623 2655 5661 ac
2681 5605 2930 5676 mysticae
2959 5615 3186 5667 incusat,
3221 5607 3473 5676 conteru-

1898 5669 2128 5752 plationi
2163 5669 2464 5751 prupcisita.
2740 5669 2756 5676 ⁷
3296 5669 3305 5676 ’
