4016 6130
224 271 356 337 108ί]

1230 272 1314 331 ΙΝ
1354 271 1908 332 DORMITIONEM
1947 273 2007 330 S.
2050 268 2343 331 MARLE.
2382 272 2497 331 III.

3365 276 3507 342 1090

216 383 348 453 περὶ
391 382 563 456 αὐτὴν
608 367 859 452 λογικαῖς
897 382 1220 449 άνελίξεσιν,
1245 385 1347 437 οὑκ
1407 380 1555 437 ἐῶσα
1594 383 1809 452 τρανῶς

1928 394 2208 436 :ommune
2231 381 2393 451 eique
2416 382 2725 451 preprium,
2764 384 2868 441 soli
2902 385 2983 441 illi
3014 394 3072 441 ut
3113 386 3506 447 universorum

218 471 561 543 ἐκφανθῆναι
583 473 682 547 τὴν
703 473 1157 546 συνεπτυγμένην
1186 473 1281 527 τοῦ
1316 476 1618 545 μυστηρίου
1651 474 1819 528 κατά-

219 562 388 634 ληψιν
411 565 478 636 ἢν
493 563 632 617 Θεοῦ
660 564 823 634 μόνου
849 566 968 619 κατ’
990 563 1150 630 ἀξίαν
1170 564 1542 635 ἐγκωμιάζειν
1567 564 1703 628 ἐστὶ,
1724 562 1818 617 τοῦ

220 654 405 723 λόγοις
416 648 495 719 οἷς
507 652 651 709 οἶδεν
667 655 829 721 αὐτὸς
841 655 911 710 τὰ
924 658 1010 710 ἐπ’
1022 658 1159 728 αὐτῇ
1171 655 1498 727 δεδρακότος
1517 655 1754 726 μεγάλου
1764 672 1822 724 ρ-

220 748 452 816 γήματα
486 760 502 775 ³
539 747 615 818 μή
647 764 700 800 τι
735 745 830 802 οῦν
858 748 989 820 ἐμοὶ¹
1012 748 1090 817 τῷ
1118 747 1297 819 χαμαὶ
1327 746 1588 817 κειμένῳ,
1625 747 1721 800 καὶ
1751 746 1821 800 τὰ

221 837 281 890 ἔν
311 838 470 891 ποσὶν
499 838 767 913 ούδὲν¹ὄτι
804 840 968 894 πλέον
995 839 1185 906 εἰδότι,
1225 839 1294 893 δι’
1326 838 1537 893 ἔνδειαν
1564 838 1668 908 τῆς
1692 839 1820 908 περὶ

222 930 294 983 τὰ
339 930 485 986 καλὰ
525 933 940 1003 προαιρέσεως’
1006 934 1067 986 οὐ
1123 932 1188 1004 δή
1246 949 1377 986 ποτε
1430 926 1526 984 οὖν
1576 932 1645 984 τά
1687 945 1818 1001 παρ’

224 1022 381 1087 ἀξίαν
436 1024 615 1077 εἰπεῖν
668 1024 1128 1095 αἰσχυνθήσομαι,
1189 1024 1286 1079 καὶ
1334 1025 1383 1077 εί
1447 1023 1522 1093 μὴ
1571 1021 1640 1075 τά
1692 1023 1814 1076 κατ’

224 1114 383 1180 ἀξίαν
407 1115 594 1184 λέγειν
634 1117 737 1171 οὐκ
767 1116 908 1188 Exn);
950 1118 1090 1171 Ἀλλ’
1117 1116 1307 1187 ἐπειδὴ
1341 1115 1436 1169 καὶ
1470 1115 1531 1168 τὸ
1557 1114 1698 1168 κατά
1717 1114 1812 1168 δύ-

226 1223 389 1275 ναμιν
401 1207 502 1260 οὐκ
526 1207 854 1278 ἀπόϐλητον,
885 1208 963 1280 τῷ
987 1209 1170 1263 λαλεῖν
1197 1208 1296 1279 τὴν
1321 1206 1479 1277 σιγὴν
1500 1205 1821 1278 διακρούσο-

231 1313 354 1365 μαι,
390 1296 509 1368 Θεῷ
536 1298 635 1371 τὴν
661 1299 898 1365 διάλεξιν
920 1300 1255 1371 ἀναθέμενος
1277 1317 1290 1329 ·
1322 1300 1472 1371 αύτῴ
1495 1303 1528 1371 ἡ
1551 1297 1700 1363 δόξα,
1727 1298 1820 1351 καὶ

228 1389 288 1440 τὸ
320 1390 522 1460 κράτος
564 1392 646 1456 εἰς
673 1392 802 1456 τοὺς
828 1392 1156 1464 σύμπαντας
1189 1393 1397 1458 αἰῶνας
1424 1393 1535 1446 τῶν
1577 1390 1816 1446 αἰώνων.

240 1480 435 1550 Ἀμήν.

1919 472 2156 538 auctori,
2213 488 2507 543 rerumque
2562 475 2834 546 ejusmodi
2888 480 3105 543 artifici,
3143 490 3272 537 ante
3300 485 3506 539 saecula

1919 563 2199 631 cognitum
2232 570 2337 619 est.
2374 562 2499 619 Haec
2530 577 2720 621 nostra
2764 566 3031 623 formatio
3052 580 3159 635 est,
3204 572 3320 628 haec
3346 590 3506 629 com-

1918 654 2124 721 pactio,
2188 656 2303 710 haec
2355 657 2588 723 solutio,
2626 673 2793 728 quam
2850 669 2905 716 et
2931 661 3136 716 celebri
3174 664 3337 719 hodie
3362 681 3506 722 con-

1920 754 2081 800 ventu
2118 747 2374 803 colimus.
2422 748 2561 804 [line
2626 764 2729 821 ego
2758 751 2989 821 spiritus
3042 757 3404 821 contrahens,
3443 773 3508 816 ac

1928 837 2127 892 timore
2183 838 2451 895 honorem
2514 844 3138 910 saeramento'habens,
3176 861 3300 901 cum
3335 863 3505 903 voca—

1926 926 2142 981 lissimo
2190 931 2584 1001 prophetarum
2620 931 2766 986 Isaia
2827 935 3132 1003 pronuntio
3164 954 3179 991 :
3214 955 3234 989 ι
3265 936 3309 992 0
3342 941 3511 995 miser

1923 1032 2047 1087 ego,
2076 1019 2207 1088 quia
2249 1029 2614 1089 compunctus
2645 1038 2764 1077 sum
2795 1025 2966 1094 :quia
3006 1026 3171 1082 homo
3212 1044 3335 1082 cum
3380 1031 3506 1097 sim,

1923 1116 1978 1164 e‘t
2006 1111 2289 1166 immunda
2320 1113 2468 1167 labia
2502 1114 2784 1183 habensi,
2815 1134 2841 1171 ι
2863 1118 2932 1174 de
2964 1121 3172 1181 munda
3203 1122 3294 1175 illa
3324 1133 3375 1176 et
3405 1124 3510 1177 imo

1920 1202 2215 1268 maculata,
2248 1216 2312 1257 ac
2353 1204 2523 1260 totius
2553 1208 2866 1265 sanctitatis
2916 1211 3266 1280 plenissima,
3328 1214 3510 1268 audeo

1917 1292 2129 1362 aliquid
2181 1294 2355 1364 loqui,
2409 1311 2643 1365 eamque
2686 1311 2964 1366 praesumo
3021 1301 3302 1371 epitaphio
3328 1304 3511 1372 posito

1915 1384 2218 1450 celebrare,
2269 1385 2435 1455 cujus
2466 1386 2688 1456 quidem
2726 1391 3168 1460 contemplandas
3192 1408 3508 1461 ascensum,

1914 1476 2089 1531 nubes
2119 1477 2175 1529 in
2222 1477 2462 1532 circuitu
2515 1480 2830 1548 prohibent,
2885 1482 3137 1551 quaedam
3173 1494 3357 1544 autem
3412 1502 3509 1541 ne-

227 1570 356 1623 bula
387 1570 656 1639 spiritalis
681 1572 1047 1628 rationalibus
1091 1573 1213 1642 ejus
1243 1571 1583 1627 circumfusa
1640 1570 1814 1641 gyris,
1883 1564 2313 1635 haudquaquam
2369 1567 2502 1621 sinit
2569 1576 2631 1622 ut
2673 1569 2919 1625 involuta
2979 1573 3316 1629 sacramenti
3363 1591 3512 1630 com-

230 1663 531 1732 prehensio
592 1667 807 1720 clarius
849 1667 1179 1735 explicetur.
1250 1665 1436 1721 Potest
1497 1665 1648 1720 solus
1711 1661 1855 1716 Deus
1932 1674 2033 1729 pro
2088 1657 2304 1713 nieritis
2360 1656 2626 1726 laudare,
2679 1662 2775 1731 qui
2829 1663 2897 1717 iis
2943 1664 3148 1730 quibus
3198 1666 3351 1719 novit
3395 1667 3512 1737 ipse

226 1756 560 1820 rationibus,
625 1760 763 1813 mira
817 1760 909 1814 illa
966 1776 1132 1830 opera
1165 1762 1219 1815 in
1252 1777 1315 1816 ea
1340 1760 1567 1816 effecit:
1630 1765 1847 1813 tantum
1921 1769 2054 1810 vero
2118 1754 2276 1809 abest
2340 1762 2400 1808 ut
2456 1755 2513 1809 id
2543 1756 2677 1810 mihi
2739 1756 2888 1811 humi
2926 1758 3164 1827 dejecto,
3212 1762 3415 1833 vixque
3446 1778 3512 1816 ea

226 1864 351 1919 quae
412 1861 543 1904 sunt
594 1851 649 1905 in
708 1851 961 1921 pedibus,
1015 1853 1172 1908 bonas
1225 1853 1531 1908 voluntatis
1557 1850 1805 1916 defectu,
1843 1853 2134 1918 perSpecta
2166 1846 2417 1910 habenti,
2451 1847 2769 1901 conveniat.
2820 1846 2960 1902 Num
3034 1865 3165 1921 ergo
3226 1866 3350 1921 quae
3398 1868 3511 1907 me-

228 1942 398 1994 ritum
456 1951 741 2010 superant,
797 1943 1074 1998 erubuero
1129 1944 1338 2008 dicere,
1376 1945 1469 2015 qui
1525 1959 1704 2015 neque
1743 1957 1806 1996 ea
1847 1937 2054 2010 possim
2117 1936 2307 1990 dicere
2376 1951 2500 2006 quae
2542 1952 2638 2006 pro
2712 1940 2913 1995 merito
2957 1940 3252 1996 videntur?
3320 1942 3509 1997 Enim-

228 2047 361 2087 vero
385 2048 704 2102 cunasque
735 2033 809 2088 sit
839 2033 1228 2102 respuendum,
1289 2035 1439 2106 quod
1495 2035 1568 2091 sit
1627 2049 1695 2089 ex
1758 2031 2041 2090 facultate,
2103 2024 2211 2079 Deo
2294 2039 2633 2081 cousecrans
2702 2028 3178 2098 dissertationem,
3247 2048 3510 2089 sermone

230 2125 514 2185 silentium
578 2126 885 2196 repellam:
939 2127 1042 2196 ipsi
1114 2128 1292 2198 gloria
1355 2138 1411 2184 et
1455 2135 1725 2199 potestas,
1779 2138 1876 2194 per
1914 2117 2099 2174 omnia
2133 2116 2331 2173 s-a-cuIa
2365 2118 2718 2174 saeculorum.
2749 2119 2945 2179 Amen.

856 2263 1078 2316 ΛΟΓΟΣ
1103 2261 1203 2318 1Δ⁹.

230 2379 340 2444 Εἰς
359 2375 474 2446 τὴν
494 2380 785 2448 κοίμησιν
813 2378 924 2447 τῆς
943 2381 1272 2449 ὺπεραγίας
1292 2383 1629 2449 Δεσποίνης
1648 2381 1820 2452 ἡμῶν·

869 2452 1181 2504 Θεοτόκου.

305 2561 478 2616 Καλεῖ
534 2562 699 2616 πάλιν
759 2564 906 2634 ἡμᾶς
957 2563 1020 2617 τὺ
1085 2565 1306 2634 συνεχὲς
1349 2564 1445 2618 τοῦ
1482 2563 1641 2635 λόγου
1685 2566 1821 2633 πρὸς

231 2652 335 2723 τὴν
371 2654 681 2724 πανήγυριν
702 2670 716 2685 ·
754 2654 850 2709 καὶ
875 2655 958 2708 δεῖ
1015 2673 1080 2724 γε
1128 2657 1348 2722 πάντως
1381 2659 1532 2729 ἡμᾶς
1563 2662 1677 2723 τοῖς
1693 2659 1820 2730 ἑξῆς

232 2747 584 2815 προσενεῖραι
615 2746 686 2800 τὰ
714 2745 992 2813 λείποντα,
1023 2749 1115 2812 ὡς·
1140 2750 1206 2804 ἂν
1233 2750 1419 2820 ἄρτιος
1464 2753 1549 2822 εἴη
1587 2753 1616 2804 ὁ
1664 2752 1820 2820 λόγος

231 2835 330 2887 καὶ
379 2834 597 2902 ἄλυτος,
656 2836 751 2889 τοῦ
802 2836 1191 2907 διεζευγμένου
1246 2840 1512 2894 πάντοθεν
1552 2841 1818 2912 ἀμοιρῶν.

236 2924 355 2978 Καὶ
384 2923 448 2995 δὴ
483 2922 614 2993 γοῦν
673 2927 732 2978 ὲν
794 2928 910 2989 τοῖς
968 2926 1238 2994 φθάσασιν
1281 2927 1358 2991 ὡς
1386 2922 1498 2982 οἷόν
1526 2946 1585 2983 τε
1612 2926 1703 3002 ἦν,
1736 2931 1824 2984 διὰ

234 3014 508 3087 βραχέων,
538 3016 609 3070 τὰ
633 3017 759 3088 περὶ
784 3017 884 3088 τῆς
916 3017 1045 3081 θέας
1079 3018 1171 3071 τοῦ
1199 3018 1509 3090 ζωαρχικοῦ
1536 3021 1818 3091 σώματος,

232 3105 381 3173 λέγω
422 3106 485 3177 δὴ
536 3106 632 3161 τοῦ
684 3107 1020 3178 παρθενικοῦ
1060 3109 1162 3181 τῆς
1182 3110 1532 3185 Θεομήτορος
1564 3115 1819 3182 σκήνους,

234 3196 379 3268 πρὸς
418 3196 573 3269 ἡμῶν
629 3199 1013 3269 διηγόρευται⁰
1059 3200 1307 3254 λείπεται
1362 3202 1419 3255 δὲ
1470 3202 1554 3266 τίς
1593 3204 1622 3255 ό
1657 3203 1827 3272 ’ύμνος

233 3288 437 3353 εἰπεῖν,
465 3289 561 3341 καὶ
600 3289 669 3342 τὰ
691 3289 1009 3360 ὑμνούμενα
1034 3284 1143 3345 οἷα.
1176 3292 1284 3345 Καί
1316 3291 1362 3323 ⁸⁷
1393 3309 1485 3362 μοι
1531 3292 1625 3347 νῦν
1697 3294 1828 3347 αὐθ-

233 3379 430 3443 αδείας
463 3380 495 3451 ἢ
522 3379 759 3451 θράσους
813 3383 1160 3455 ὲπιρῤίψοιτο
1187 3384 1378 3454 μῶμον
1414 3386 1827 3454 κατατολμῶντι

235 3470 348 3525 τῶν
379 3472 741 3543 ὑπερόγκων
785 3476 867 3529 ὅτι
928 3476 1181 3548 μὴκατὰ
1225 3475 1385 3543 λόγου
1431 3477 1683 3548 δύναμιν,
1704 3478 1826 3531 κατ’

2484 2251 2745 2308 ORATIO
2795 2253 2938 2308 XIV.

1917 2368 1981 2422 In
2035 2368 2391 2422 sanctissima:
2437 2367 2680 2422 Domina:
2738 2379 2937 2509 ηῶςὲνω
2993 2370 3240 2442 Deiparae
3286 2373 3509 2430 Dormi-

2512 2441 2708 2493 tiouem
2869 2447 2911 2509 ).

2512 2441 2708 2493 tionem
2771 2441 2911 2509 (99).

1993 2550 2169 2607 Vocat
2194 2567 2295 2608 nos
2319 2553 2521 2607 iterum
2556 2553 2831 2608 sermonis
2855 2554 3197 2610 eontinuitas
3219 2556 3285 2611 ad
3319 2558 3511 2612 lauda—

1924 2646 2167 2711 tionem;
2199 2662 2289 2704 .ac
2339 2647 2500 2716 plane
2546 2655 2765 2719 oportet
2818 2657 2876 2702 ut
2920 2664 3044 2718 qua:
3075 2649 3280 2704 desunt
3304 2652 3513 2707 ‘ordine

1921 2749 2346 2804 connectamus,
2398 2751 2457 2795 ut
2511 2741 2585 2795 sit
2627 2756 2813 2796 sermo
2858 2741 3071 2810 integer
3119 2758 3221 2797 nec
3269 2745 3510 2810 solutus,

1923 2848 2085 2902 quem
2120 2833 2270 2888 nulla
2318 2849 2382 2888 ex
2417 2841 2572 2903 parte
2609 2832 2827 2904 aliquid
2873 2834 3101 2887 dividat.
3142 2833 3342 2889 Paucis
3374 2853 3511 2907 ergo

1923 2925 1980 2980 in
2021 2927 2425 2995 superioribus,
2459 2934 2730 2996 quantum
2764 2927 2940 2989 licuit,
2977 2941 3101 2995 quae
3130 2926 3197 2978 ad
3225 2930 3509 2998 corporis,

1926 3018 2071 3087 quod
2136 3018 2303 3071 vitam
2360 3019 2570 3087 ge-tuit,
2634 3017 2702 3071 ad
2757 3019 3069 3088 virginalis,
3115 3019 3364 3089 inquam,
3419 3020 3510 3076 Dei

1925 3109 2230 3164 Genitricis
2307 3109 2656 3165 tabernaculi
2742 3111 3125 3177 spectaculum
3211 3112 3507 3179 pertinent,

1926 3200 2351 3265 enarravimus;
2436 3208 2693 3268 superest
2775 3210 2835 3253 ut
2899 3201 3153 3256 dicamus
3232 3205 3510 3271 quodnam

1929 3290 2094 3346 fuerit.
2148 3291 2459 3354 canticum,
2516 3306 2708 3360 quaeve
2757 3292 2976 3346 cantico
3007 3294 3312 3358 celebrata.
3340 3293 3514 3348 Nemo

1929 3390 2113 3436 autem
2150 3374 2322 3436 'velut
2376 3382 2733 3435 temerarium
2782 3382 3251 3453 audacioremque
3301 3388 3513 3455 vitupe-

1928 3471 2156 3536 raverit,
2207 3470 2303 3540 qui
2356 3471 2565 3539 majora
2598 3485 2685 3524 me
2730 3484 3102 3538 praesumam;
3146 3475 3368 3541 quando
3404 3492 3512 3528 non

236 3565 407 3634 εὐχῆς
436 3565 493 3618 δὲ
532 3566 701 3637 μόνην
715 3566 1010 3639 ὑπόσχεσιν
1027 3568 1314 3639 ὁρμηθεὶς,
1345 3569 1439 3622 τὸν
1464 3574 1607 3640 μετά
1636 3573 1824 3642 χεῖρας

1931 3562 2078 3617 velut
2121 3576 2281 3633 aequa
2335 3562 2540 3616 virtute
2575 3575 2838 3616 sermone
2889 3573 3165 3623 certante,
3222 3566 3317 3617 sed
3353 3567 3513 3633 quasi

234 3655 399 3725 λόγον
451 3657 893 3729 συνεστησάμην,
956 3659 1051 3713 τοῦ
1109 3659 1405 3729 ὑφειμένου
1453 3661 1551 3714 καὶ
1602 3663 1824 3733 μετρίου

237 3749 550 3819 πανταχόσε
604 3750 903 3821 φροντίσας
950 3753 1031 3815 είς
1075 3751 1333 3823 δύναμιν.
1391 3753 1531 3806 Ἀλλ’
1580 3754 1639 3806 ού
1675 3755 1828 3823 παρὰ

237 3840 405 3895 τοῦτο
476 3842 798 3913 σμικρύνειν
862 3842 891 3895 ὁ
940 3842 1101 3911 λόγος
1127 3844 1190 3897 τὸ
1224 3848 1523 3917 μυστήριον
1557 3845 1827 3916 βούλεται,

237 3932 348 3986 κᾶν
386 3931 464 3994 ὡς
509 3933 725 4006 ἀτριύεῖ
775 3934 971 4005 τούτῳ,
1019 3936 1203 3989 καὶτὸ
1243 3936 1591 4008 ἀγύμναστον
1626 3938 1827 4007 ἔχοντι,

238 4022 480 4095 πρώτως
506 4025 601 4077 ἀπ’
632 4025 925 4087 αὐθαδείας
979 4026 1267 4082 ὲπέὃαλεν.
1296 4027 1357 4081 Εἰ
1387 4028 1446 4082 δέ
1470 4046 1525 4082 τι
1573 4029 1714 4100 τάχα
1738 4030 1832 4083 καὶ⁹

237 4115 353 4168 τῶν
386 4117 448 4169 ού
482 4117 695 4180 πολλοῖς
719 4117 1103 4189 θεωρηθέντων
1143 4121 1172 4172 ό
1210 4117 1304 4172 νῦν
1348 4119 1460 4182 ἕξει
1493 4118 1672 4188 λόγος,
1703 4119 1832 4173 θαυ-

240 4206 474 4278 μαζέτω
508 4208 718 4278 μηδείς.
744 4209 1089 4271 Είκαστικῶς
1123 4211 1250 4281 γὰρ,
1292 4210 1387 4263 καὶ
1414 4209 1539 4274 ὡςηό
1565 4209 1689 4275 νοῦς
1713 4212 1833 4264 ὲπι-

239 4296 468 4351 ὀάλλειν
513 4299 746 4369 ἠδύνατο
780 4317 792 4329 ’
847 4300 941 4354 τοῦ
999 4300 1108 4372 γάρ
1149 4300 1412 4372 ἀκριϐοῦς
1454 4302 1609 4372 μόλις
1637 4302 1704 4356 ἂν
1738 4305 1833 4358 καὶ

240 4389 472 4458 ἄγγελοι
535 4391 787 4461 τύχοιενο
837 4392 1010 4446 ταῦτα
1069 4393 1205 4464 πρὸς
1262 4393 1420 4464 ἡμῶν
1469 4394 1830 4466 τεθεώρηται.

244 4480 392 4550 Ἤδη
433 4480 531 4550 μὲν
560 4478 652 4534 οῦν
708 4484 736 4536 ό
798 4483 1126 4555 μυρίανδρος
1171 4486 1374 4546 ἐκεῖνος
1419 4483 1530 4537 τῶν
1561 4485 1834 4557 θεοφόρων

244 4571 461 4636 στόλος,
491 4570 745 4645 καθάπερ
776 4576 833 4626 ὲν
856 4577 971 4637 τοῖς
1000 4572 1235 4642 πρόσθεν
1264 4575 1588 4645 εἰρήκαμεν,
1620 4575 1835 4646 ἀθρόως

240 4661 566 4731 ἀγήγερτο·
605 4664 700 4717 καὶ
737 4666 889 4719 πᾶσα
916 4664 1058 4734 τάχα
1099 4663 1209 4717 τῶν
1238 4646 1628 4735 ύπερκοσμίων
1673 4665 1835 4718 δυνά·

244 4770 405 4825 μεων
425 4756 458 4824 ἡ
484 4756 650 4826 νοητὴ
670 4756 1050 4827 διακόσμησις,
1069 4756 1276 4811 ἀνωθεν
1287 4756 1536 4825 ἀοράτως
1561 4759 1836 4825 ὲφιπτᾶσα

240 4845 328 4916 τῷ
354 4847 645 4917 παραδόξῳ
672 4848 910 4920 συνείρει
935 4848 1169 4918 θεάματι
1194 4864 1208 4879 σ
1234 4848 1328 4901 καὶ
1344 4848 1406 4918 δὴ
1426 4848 1645 4901 καὶτῶν
1665 4849 1836 4916 ἁγίων

1928 3662 2141 3710 tantum
2166 3657 2280 3710 voti
2312 3656 2613 3724 sponsione
2641 3653 3001 3719 sollicitante,
3034 3671 3333 3725 nusquam,
3369 3657 3515 3726 quod

1930 3748 2109 3812 licuit,
2154 3748 2531 3804 submissione
2580 3756 2635 3802 et
2690 3749 2963 3804 modestia
3013 3747 3287 3817 neglecta,
3343 3764 3508 3817 quam

1930 3854 2115 3903 verso,
2146 3842 2453 3894 orationem
2490 3843 2804 3911 composui.
2845 3840 3160 3904 Enimvero,
3201 3841 3349 3894 haud
3391 3843 3516 3897 ideo
3610 3852 3611 3855 ‘

1932 3941 2344 3989 sacramentum
2392 3940 2695 3986 extenuare
2749 3935 2929 3987 oratio
2980 3934 3130 3997 velit,
3199 3949 3515 4004 quanquam

1931 4019 2083 4073 velut
2124 4035 2236 4072 non
2289 4020 2504 4082 tritum,
2556 4034 2659 4073 nec
2695 4021 2824 4075 aliis
2863 4020 3229 4089 disputatum,
3274 4024 3519 4091 primum

1932 4110 2218 4179 explicare
2249 4109 2480 4165 audacia
2515 4111 2824 4165 contendit.
2860 4109 3017 4177 Quod
3048 4114 3093 4165 si
3132 4110 3274 4167 forte
3305 4113 3517 4182 aliquid

1932 4201 2100 4257 etiam
2148 4201 2343 4271 paucis
2411 4200 2866 4256 animadversum
2923 4214 3169 4270 pra-scus
3210 4202 3390 4255 oratio
3424 4203 3522 4254 ha-

1934 4295 2117 4349 bilura
2154 4293 2247 4359 sit,
2280 4307 2443 4347 nemo
2466 4292 2722 4348 miretur.
2757 4290 2920 4346 Velut
2948 4291 3098 4347 enim
3128 4291 3517 4361 conjectando,

1934 4392 2102 4455 atque
2136 4393 2191 4439 ut
2227 4400 2384 4441 mens
2412 4386 2590 4455 potuit
2619 4384 2864 4455 assequi,
2900 4400 3094 4439 sumus
3122 4385 3237 4439 hanc
3273 4393 3520 4438 contem-

1935 4478 2113 4548 plati:
2163 4478 2254 4533 vix
2306 4478 2454 4534 enim
2484 4479 2570 4534 vel
2624 4479 2807 4551 angeli
2871 4494 2984 4535 rem
3023 4486 3288 4534 accurate
3328 4477 3519 4532 edixe-

1937 4570 2069 4625 rint.
2103 4568 2226 4624 Jum
2251 4586 2406 4641 ergo,
2451 4579 2512 4623 ut
2561 4571 2617 4624 in
2654 4571 3042 4641 superioribus
3078 4570 3344 4633 diximus,
3378 4572 3523 4624 clas-

1938 4663 2018 4719 sis
2082 4664 2173 4717 illa
2212 4662 2322 4719 Deo
2387 4662 2697 4718 amatorum
2759 4677 2901 4734 pene
2962 4662 3389 4717 innumerabilis
3440 4662 3520 4731 (l)

1937 4765 2269 4828 congregata
2308 4765 2462 4821 erat;
2502 4756 2729 4827 forsque
2763 4772 2958 4812 omnes
2998 4756 3310 4811 caelestium
3344 4757 3523 4810 virtu-

1938 4858 2052 4904 tum
2104 4849 2388 4919 spiritales
2429 4849 2680 4913 ordines,
2738 4848 3001 4904 invisibili
3051 4863 3082 4903 e
3127 4848 3269 4902 coelo
3311 4848 3520 4913 volatu,

242 4938 307 4990 αί
337 4938 625 5008 θεόληπτοι
657 4941 936 5011 παρῆσαν,
975 4935 1151 5011 οἶμαι,
1188 4940 1360 5011 ψυχαὶ
1388 4943 1454 5011 τῇ
1487 4939 1642 5011 κλίνῃ
1674 4958 1824 5010 περι-

1938 4941 2005 4995 ad
2037 4954 2239 4996 novum
2280 4940 2415 4994 illud
2446 4939 2828 5009 spectaculum
2881 4944 3258 4993 convenerant
3290 4951 3304 4989 :
3337 4935 3435 4993 sed
3469 4945 3524 4991 et

366 5084 394 5124 r
430 5075 541 5139 Isa,
580 5092 654 5140 vr,
689 5074 745 5130 5.

1572 5186 1812 5243 γΑῐιιΑα]
1844 5187 2251 5248 LECTIONES.

323 5290 372 5321 "
402 5286 567 5342 λείπ.
616 5287 804 5358 μήτις.

1589 5373 1973 5432 COMBEFISII
1996 5378 2229 5439 NOTE.

325 5472 443 5542 (99)
482 5468 674 5542 Oratio
728 5471 846 5524 haec
888 5467 1117 5542 alterius
1162 5463 1414 5542 proxime
1458 5467 1832 5542 antecedentis

245 5535 575 5614 prosecutio
632 5547 761 5614 est;
831 5537 1107 5614 quomodo
1157 5535 1583 5614 videntur__dute
1618 5536 1725 5591 illae
1766 5537 1834 5593 de

246 5606 450 5675 cruce,
489 5612 606 5665 sive
631 5609 699 5664 ab
730 5606 946 5665 Andrea
981 5610 1097 5662 sive
1131 5607 1201 5660 ab
1229 5606 1542 5675 alioedite.

330 5674 441 5755 (ll
467 5679 676 5737 Classis
724 5678 821 5733 illa
859 5694 985 5749 pene
1025 5674 1454 5733 innumerabilis.
1485 5676 1833 5748 Μυρίανδρος

1940 5471 2145 5535 ἐκεῖνος
2175 5473 2383 5538 στόλος.
2418 5472 2576 5529 Velut
2614 5474 2798 5531 decem
2837 5476 3069 5529 millium
3109 5475 3395 5542 virorum;
3426 5473 3526 5530 sed

1941 5551 2027 5596 est
2069 5554 2253 5599 certus
2310 5559 2578 5600 numerus
2638 5560 2738 5615 pro
2794 5547 3054 5602 incerto:
3101 5561 3203 5601 nec
3250 5546 3397 5603 enim
3445 5553 3529 5601 tot

1943 5616 2171 5684 praecise
2198 5625 2392 5671 auctor
2423 5616 2619 5684 voluit,
2658 5624 2749 5670 aut
2781 5616 2965 5673 dicere
2991 5618 3196 5688 potuit.
