4016 6130
513 286 650 352 1095

1701 289 1761 350 S.
1798 289 1899 352 AN
1908 290 2129 351 DREzE
2168 288 2595 353 CRETENSIS

3649 238 3792 348 roso

504 407 632 478 quis
663 403 964 462 conventui
1022 401 1190 458 desit.
1223 401 1346 457 Non
1391 400 1539 457 enim
1576 400 1854 472 ejusmodi
1907 404 2084 475 gratia

2194 405 2684 488 χρηματιστήριον,
2721 401 2818 458 καὶ
2844 401 3038 470 γνώτω
3056 398 3222 471 πείρᾳ
3249 397 3361 452 τῶν
3392 395 3591 488 ἑαυτοῦ
3619 414 3789 451 κατα-

503 504 592 554 est
619 506 678 552 ut
705 496 952 566 indigeat
995 493 1204 560 labore,
1249 491 1370 546 sola
1393 491 1680 548 voluntate
1705 503 1760 548 et
1791 495 2080 565 proposito

2194 487 2396 570 θυμίων
2431 499 2532 570 τὴν
2595 496 2836 568 εὕρεσιν.
2884 493 3080 548 Κοινδν
3147 494 3305 548 τοῦτο
3357 487 3788 562 διαλλακτήριον

503 601 646 657 opus
704 585 890 639 habet.
944 581 1164 636 Alacris
1205 595 1339 652 ergo
1373 579 1624 647 accedat,
1679 583 1936 652 quisquis
1976 583 2083 639 ﬁde

2194 589 2503 661 πρόκειται,
2534 586 2922 657 καταλλάγητε
2977 584 3180 648 πάντες
3228 583 3373 655 Θεῷ.
3413 583 3546 636 Ἰδοὺ
3588 585 3624 654 ὴ
3660 585 3790 638 dxi-

504 683 590 730 est
621 672 846 728 minime
889 670 1080 727 dubia.
1127 671 1327 727 Veniat
1377 669 1444 725 ad
1481 671 1770 726 oraculum
1807 671 2080 744 Virginis,

2185 697 2356 745 νωτος
2393 680 2496 751 τῆς
2544 679 2848 742 ἀθανασίας
2902 676 3078 748 πηγὴ,
3101 674 3256 728 δεῦτε
3285 674 3338 727 οί
3383 673 3785 744 νεκρωθέντες,

504 773 674 835 atque
695 779 760 819 ea
786 777 910 833 quae
942 769 1071 818 sunt
1116 761 1173 817 in
1213 761 1404 817 animo
1451 762 1876 832 desiderataque
1914 779 2085 834 expe-

2194 767 2525 841 ίιρῥύσασθε.
2569 768 2702 820 Ἰδοὺ
2727 769 2777 820 οἱ
2799 767 2899 838 τῆς
2935 764 3082 835 ζωῆς
3107 765 3326 816 ἀένναοι
3350 765 3610 833 ποταμοὶ,
3629 763 3788 817 δεῦτε

501 856 744 911 rimento
779 854 1062 912 invenisse
1093 853 1336 908 noverit.
1377 852 1706 908 Communis
1734 854 1854 908 haec
1883 869 2084 909 recon-

502 943 1038 999 ciliationisoﬁicina
1083 942 1453 1013 proponitur;
1495 959 1688 999 omnes
1743 943 1854 999 Deo
1886 959 2087 998 recon-

502 1036 796 1090 ciliamini.
831 1033 976 1090 Ecce
1013 1035 1385 1090 inexhaustus
1435 1033 1563 1090 fons
1597 1035 2036 1091 immortalitatis
2069 1055 2081 1090 :

503 1127 710 1190 venite,
745 1126 842 1196 qui
865 1127 1030 1180 morti
1068 1127 1255 1181 traditi
1285 1127 1444 1192 estis,
1478 1125 1720 1181 haurite.
1759 1126 1904 1182 Ecce
1928 1124 2088 1196 juges

503 1217 632 1270 vita:
659 1214 812 1270 ﬂuvii
847 1233 860 1270 :
897 1217 1100 1280 venite,
1154 1231 1348 1270 omnes
1379 1215 1850 1270 immortalitatem
1889 1231 2089 1271 conse-

505 1309 772 1380 quimini.
803 1308 848 1364 0
885 1308 1015 1363 Atla:
1047 1308 1162 1362 ﬁlia
1199 1315 1254 1362 et
1289 1305 1384 1361 Dei
1435 1305 1648 1362 Mater!
1679 1305 1723 1361 Ο
1766 1305 1940 1362 Mater
1969 1308 2091 1362 sine

504 1405 650 1466 viro,
691 1399 972 1470 Virgoque
1025 1399 1197 1469 prolis
1263 1399 1499 1468 parens!
1544 1396 1589 1452 0
1620 1397 1936 1468 ﬁgmentum
1971 1399 2092 1468 ejus

505 1493 604 1564 qui
647 1493 704 1548 in
727 1501 780 1547 te
816 1501 1166 1562 temporanee
1197 1491 1355 1544 lictus
1399 1489 1826 1560 haudquaquam
1867 1491 2090 1560 propria

504 1585 816 1640 aeternitate
841 1580 1113 1637 excessit!
1136 1578 1210 1632 De
1225 1587 1280 1634 te
1299 1579 1623 1634 cecinerunt
1641 1578 1883 1648 Spiritus
1901 1595 2092 1646 omnes

511 1676 867 1744 interpretes.
899 1669 1123 1724 Primus
1144 1667 1358 1740 Moyses
1382 1675 1438 1723 te
1469 1666 1688 1722 Rubum
1712 1667 1930 1734 videns,
1958 1668 2092 1720 olim

2191 859 2392 922 πάντες
2418 855 2844 928 ἁθανατίσθητε.
2881 851 2953 908 Ὠ
2981 853 3224 926 θύγατερ
3266 853 3439 924 Ἀδὰμ
3467 857 3562 908 καὶ
3589 856 3791 925 Μῆτερ

2189 947 2362 1000 Θεοῦί
2415 942 2487 998 Ὦ
2509 946 2741 1018 ἄνανδρε
2769 945 2985 1016 Μῆτερ,
3025 945 3123 998 καὶ
3176 944 3467 998 παιδοτόκε
3501 947 3788 1015 [lupas-Eva!

2189 1033 2262 1092 Ὦ
2296 1039 2508 1110 ποίημα
2535 1037 2632 1092 τοῦ
2665 1037 2988 1107 ποιηθέντος
3037 1037 3098 1088 ἓν
3147 1035 3233 1088 σοὶ
3270 1035 3560 1106 Χρονικῶῗν
3582 1038 3683 1090 καὶ
3711 1038 3791 1108 μὴ

2192 1132 2490 1193 ἐκστάντος
2520 1131 2624 1200 τῆς
2661 1131 2873 1192 οίκείας
2911 1129 3252 1204 άῖδιότητοςί
3289 1130 3424 1199 Περὶ
3456 1129 3553 1182 σοῦ
3586 1132 3790 1194 πάντες

2193 1223 2243 1275 οἱ
2266 1223 2358 1275 τοῦ
2385 1223 2703 1292 Πνεύματος
2737 1224 3014 1292 ὑποφῆται
3058 1221 3538 1294 προύκελὰδησαν.
3577 1225 3790 1293 Μωσῆς

2196 1315 2409 1384 πρῶτος
2444 1313 2604 1382 βάτον
2635 1313 2758 1366 ίδών
2792 1330 2852 1366 σε
2901 1313 3208 1384 προέλεγε·
3255 1329 3276 1364 ι
3316 1313 3523 1375 Διαϐὰς
3582 1313 3789 1382 ὄψομαι

2194 1407 2256 1460 τὸ
2270 1407 2454 1476 ὅραμα
2479 1407 2538 1459 τὸ
2574 1402 2716 1475 μέγα
2751 1389 2930 1458 τοῦτο.
2965 1423 2984 1457 ι
3016 1405 3151 1475 Περὶ
3184 1403 3278 1456 σοῦ
3308 1406 3336 1458 ὁ
3365 1402 3656 1476 θεοπὰτωρ
3683 1409 3792 1458 Δα-

2198 1499 2282 1552 ϐὶδ
2305 1499 2394 1550 τὸν
2443 1499 2678 1569 Χριστὸν
2734 1497 3082 1550 ὲλιτὰνευσεν
3107 1512 3120 1526 ⁸
3161 1517 3179 1549 ε
3231 1497 3549 1566 Ἀνάστηθι,
3589 1497 3792 1567 Κύριε,

2199 1591 2395 1657 λέγων,
2459 1591 2524 1644 σὺ
2555 1590 2650 1642 καὶ
2699 1591 2730 1658 ή
2799 1589 3033 1653 κιϐωτὸς
3081 1589 3174 1643 τοῦ
3212 1589 3559 1657 ἁγιὰσματός
3600 1607 3721 1644 σου.
3767 1610 3790 1642 ι

2203 1683 2337 1752 Περὶ
2407 1681 2500 1735 σοῦ
2571 1683 2599 1734 ό
2659 1681 2821 1744 αὐτὸς
2872 1683 2970 1749 τὴν
3026 1679 3128 1750 σὴν
3197 1680 3651 1748 προτυπούμενος
3702 1681 3794 1748 ἕξ-

453 1778 460 1786 ·
509 1765 590 1818 ait
643 1781 657 1818 :
715 1781 734 1814 ι
797 1759 1106 1815 Transiens
1159 1759 1360 1813 videbo
1421 1759 1692 1814 visionem
1753 1759 1898 1812 hanc
1969 1773 2088 1811 ma-

2198 1775 2350 1838 οδον,
2418 1793 2437 1826 ι
2486 1774 2560 1826 Τδ
2605 1771 2903 1842 πρόσωπόν
2959 1788 3053 1824 σου
3095 1772 3507 1825 λιτανεύσουσιν
3546 1775 3596 1825 οἱ
3626 1773 3798 1826 πλού-

504 1871 668 1928 gnam
689 1865 741 1910 ι.
797 1873 818 1908 ι
851 1851 961 1908 Pro
985 1863 1037 1909 te
1083 1852 1177 1906 Dei
1214 1865 1416 1921 parens
1462 1849 1636 1904 David
1682 1849 1905 1904 Christo
1959 1864 2092 1918 sup-

507 1947 772 2018 plicabat,
803 1945 1035 2000 dicens:
1063 1964 1080 1996 ‹
1115 1946 1312 2013 Surge,
1347 1941 1603 2005 Domine,
1641 1951 1696 1997 tu
1722 1949 1777 1996 et
1800 1956 1930 1995 arca
1961 1956 2095 1997 san-

507 2036 869 2092 ctiﬁcationis
903 2047 1008 2091 tua:
1039 2037 1064 2075 ι)
1093 2054 1143 2091 ,ι
1183 2033 1258 2089 De
1282 2041 1337 2088 te
1361 2032 1506 2088 idem
1544 2041 1698 2087 tuum
1729 2033 2093 2103 praeﬁgurans

506 2129 739 2192 exitum,
774 2127 1053 2196 quondam
1119 2125 1385 2194 psallebat
1422 2142 1484 2178 τι
1525 2123 1754 2179 Vultum
1795 2135 1948 2178 tuum
1991 2125 2092 2179 de-

509 2220 888 2292 precabuntur
948 2235 1148 2273 omnes
1189 2219 1392 2274 divites
1428 2219 1607 2288 plebis
1629 2230 1678 2273 ο.
1721 2239 1739 2270 ι
1771 2200 1840 2261 έ-
1887 2238 1905 2270 ι
1951 2219 2092 2273 Ecce

512 2310 686 2376 enim,
717 2310 919 2380 inquit,
959 2308 1142 2364 omnis
1165 2309 1344 2379 gloria
1378 2311 1504 2364 lilia:
1535 2310 1683 2379 regis
1715 2311 1783 2365 ab
1807 2309 1956 2363 intus
1991 2327 2004 2362 :
2038 2309 2092 2364 in

508 2399 746 2456 ﬁmbriis
805 2400 992 2456 aureis
1055 2400 1502 2464 circumamicta,
1556 2401 1838 2470 variegata
1871 2399 1920 2454 ά.
1955 2419 1974 2454 ›
2015 2398 2093 2456 Te

400 2529 412 2534 -
508 2506 670 2548 sacer
723 2490 1084 2548 Canticorum
1149 2492 1291 2547 liber
1320 2493 1780 2563 przedescribens,
1812 2494 2090 2549 occultius

507 2585 777 2638 indicavit
811 2600 828 2638 :
862 2603 882 2636 ι
923 2584 1060 2650 Quae
1086 2592 1170 2639 est
1193 2585 1298 2640 ista
1337 2600 1459 2654 qua:
1486 2585 1742 2640 ascendit
1773 2600 1803 2640 e
1847 2586 2090 2648 deserto,

507 2683 779 2745 tanquam
810 2675 1234 2730 truncusfumis
1255 2675 1541 2740 incensus,
1567 2675 1848 2746 myrrham
1877 2685 1931 2729 et
1962 2675 2092 2732 thus

509 2782 574 2822 ex
637 2767 900 2821 omnibus
971 2766 1293 2836 pulveribus
1353 2766 1808 2836 pigtnentarii°?
1842 2785 1861 2818 ι
1898 2766 1974 2822 De
2039 2776 2094 2822 te

510 2871 737 2912 rursum
765 2856 911 2912 idem
937 2856 1055 2926 ipse
1077 2857 1216 2911 liber
1239 2856 1370 2911 olim
1397 2855 1622 2925 scripsit
1641 2856 1832 2911 dicens
1865 2874 1877 2908 :
1907 2875 1926 2907 α
1953 2856 2092 2912 Ecce

513 2949 749 3004 lectulus
779 2945 1094 3002 Salomonis
1119 2963 1135 3014 ;
1167 2947 1453 3002 columnas
1475 2948 1597 3016 ejus
1629 2946 1759 3003 fecit
1783 2958 2088 3020 argentum,

512 3049 570 3097 et
601 3039 1022 3096 acclinatorium
1047 3039 1172 3108 ejus
1195 3053 1422 3093 aureum
1447 3055 1461 3105 ;
1493 3052 1762 3094 ascensus
1789 3039 1912 3110 ejus
1963 3055 2092 3109 pur-

509 3148 682 3206 pura;
716 3133 932 3188 initium
967 3131 1090 3200 ejus
1117 3130 1397 3201 lapidibus
1423 3141 1770 3189 constratum
1791 3174 1807 3199 ,
1848 3135 2091 3189 charita-

508 3237 619 3283 tem
647 3243 678 3280 a
711 3226 933 3282 ﬁliabus
963 3223 1272 3280 Jerusalem
1297 3223 1345 3278 ί.
1378 3242 1397 3276 ι
1421 3225 1487 3278 Et
1517 3239 1740 3280 rursum
1769 3243 1782 3279 :
1814 3245 1833 3278 ι
1863 3225 2092 3296 Egredi-

511 3319 675 3389 mini,
711 3319 838 3374 ﬁliae
865 3318 999 3374 Sion
1032 3316 1110 3390 [et
1150 3315 1476 3388 intuemini]
1511 3318 1568 3372 in
1619 3332 1806 3389 regem
1839 3315 2092 3372 Salomo-

509 3426 666 3474 nem;
716 3411 772 3465 in
812 3423 1015 3464 corona
1044 3423 1150 3478 qua
1183 3411 1472 3462 coronavit
1500 3422 1625 3462 eum
1672 3414 1851 3462 mater
1877 3407 2000 3476 ejus
2034 3405 2092 3458 in

508 3505 603 3558 die
625 3502 968 3572 sponsalium
1002 3500 1145 3568 ejus,
1176 3507 1232 3556 et
1260 3501 1315 3553 in
1371 3499 1461 3554 die
1505 3498 1875 3568 jucunditatis
1905 3497 2091 3552 cordis

507 3593 630 3664 ejus
665 3603 716 3649 δ.
751 3611 770 3645 ›
809 3622 881 3633 -—-
918 3611 937 3644 ι
980 3589 1176 3645 Videte
1208 3604 1356 3655 eam,
1399 3589 1526 3644 ﬁliae
1567 3589 1700 3644 Sion
1723 3629 1738 3656 ,
1791 3597 1846 3644 et
1878 3588 2092 3644 beatiﬁ-

507 3697 630 3742 cate
654 3701 810 3753 eam;
838 3687 1049 3754 regina:
1079 3689 1135 3738 et
1163 3681 1510 3747 concubinae,
1542 3682 1767 3738 laudate
1786 3696 1930 3748 eam,
1961 3685 2090 3752 quia

507 3774 648 3828 odor
686 3775 1146 3829 vestimentorum
1169 3771 1294 3842 ejus
1312 3787 1480 3842 super
1501 3773 1686 3828 omnia
1721 3784 1969 3829 aromata
2002 3776 2084 3830 ιι.»

507 3867 585 3924 'l'e
621 3869 930 3937 praavidens
981 3867 1156 3922 Isaias
1213 3865 1404 3921 divino
1456 3866 1724 3922 instinctu
1773 3869 2089 3924 clamavit:

514 3980 532 4012 ι
601 3959 743 4016 Ecce
797 3975 932 4030 ergo
999 3959 1157 4030 virgo
1216 3957 1272 4013 in
1335 3967 1494 4034 utero
1548 3960 1775 4016 habebit
1820 3960 1863 4016 ί.
1900 3981 1920 4016 ι
1977 3961 2086 4018 Et:

514 4069 534 4104 ι
571 4049 689 4104 Erit
726 4050 882 4105 radix
909 4048 1066 4106 Jesse
1103 4047 1150 4102 i.
1191 4068 1210 4102 ι
1243 4047 1342 4103 Et:
1373 4069 1390 4102 ε
1425 4050 1590 4106 Beata
1617 4053 1772 4108 radix
1803 4052 1956 4110 Jesse
1983 4056 2033 4111 ι.
2062 4075 2083 4110 ι

505 4144 574 4202 Εῑ
603 4163 618 4200 :
659 4164 678 4198 ι
717 4145 1043 4216 Egredietur
1069 4145 1225 4214 virga
1265 4143 1335 4199 de
1367 4145 1556 4201 radice
1584 4143 1764 4212 Jesse,
1795 4156 1850 4201 et
1890 4146 1992 4202 llos
2021 4147 2090 4204 de

505 4239 694 4294 radice
725 4237 990 4292 ascendet
1026 4233 1069 4290 ι.
1103 4256 1124 4290 ι
1161 4236 1266 4290 Tui
1321 4237 1496 4306 gratia
1547 4240 1939 4308 praenuntiavit
1974 4256 2090 4294 ma-
2158 4251 2165 4257 '

393 4396 400 4403 .
503 4346 646 4403 gnus
680 4329 952 4394 Ezechiel,
984 4329 1178 4384 dicens
1209 4345 1222 4382 :
1262 4346 1282 4380 ε
1319 4329 1463 4384 Ecce
1486 4340 1645 4400 porta
1680 4332 2006 4398 orientalis;
2035 4340 2089 4387 et.

2201 1883 2305 1919 σιοι
2332 1869 2380 1919 oi
2423 1865 2518 1918 τοῦ
2551 1865 2707 1928 λαοῦ,
2739 1881 2758 1916 ι
2803 1863 3248 1933 προῦπέψαλλεν.
3297 1883 3316 1914 ι
3359 1864 3493 1917 Ἰδοὺ
3537 1865 3651 1933 γὰρ
3681 1866 3796 1918 πᾶν

2201 1976 2292 2024 σα,
2335 1958 2523 2028 φησὶν,
2558 1941 2607 2028 η’
2622 1957 2750 2023 δόξα
2778 1937 2881 2026 τῆς
2915 1955 3188 2026 θυγατρὸς
3216 1955 3312 2008 τοῦ
3347 1954 3622 2023 βασιλέως
3654 1957 3798 2010 Ecu-

2201 2047 2323 2100 θεν’
2359 2049 2418 2100 ὲν
2457 2049 2792 2116 κροσσωτοίς
2841 2049 3061 2117 χρυσοῖς
3091 2045 3564 2116 περιϐεϐλημένη,
3599 2065 3799 2102 mm:-

2202 2140 2456 2208 κιλμὲνη.
2491 2157 2509 2190 ι
2551 2139 2619 2191 Σὲ
2667 2139 2700 2209 ή
2740 2138 2848 2192 τῶν
2896 2137 3184 2208 ’ᾼσμάτων
3215 2137 3556 2208 ἁγιόγραφος
3603 2139 3796 2208 βίϐλος

2201 2230 2706 2301 προδιαγράφουσα,
2757 2228 3162 2300 μυστικώτερον
3217 2229 3590 2300 παρῃνίξατοι
3643 2251 3660 2280 ι
3694 2231 3795 2294 Τίς

2199 2321 2340 2392 αὕτη
2383 2321 2824 2393 ήὰναῦαίνουσα
2859 2320 2968 2374 ἀπὸ
3018 2320 3121 2391 τῆς
3173 2321 3384 2391 ἐρήμου
3435 2322 3513 2386 ὡς
3555 2323 3793 2398 στελέχη

2199 2415 2409 2470 καπνοῦ
2441 2416 2840 2485 τεθυμιαμένη,
2871 2414 3118 2484 σμύρναν
3149 2414 3240 2468 καὶ
3262 2414 3482 2468 λίϐανον
3512 2415 3624 2470 ἀπὸ
3650 2419 3798 2472 πᾶν.

2197 2525 2308 2561 των
2343 2505 2639 2578 κονιορτῶν
2675 2504 2918 2576 μυρεψοῦ
2949 2523 2964 2570 ;
2997 2525 3015 2558 ι
3069 2507 3204 2577 Περὶ
3245 2506 3339 2560 σοῦ
3375 2505 3536 2562 πάλιν
3583 2509 3618 2578 ἡ
3647 2509 3796 2581 αὑτὴ

2201 2598 2594 2671 προῦπέγραψε
2633 2597 2818 2668 βίϐλος
2840 2639 2855 2662 ,
2897 2617 2916 2650 ε
2941 2597 3072 2652 Ἰδοὺ
3118 2601 3152 2668 ἡ
3184 2599 3365 2670 κλίνη,
3393 2598 3652 2668 λέγουσα.
3690 2598 3793 2654 τοῦ

2200 2689 2462 2758 Σαλομῶν
2492 2705 2506 2718 ο
2568 2689 2796 2752 στύλους
2840 2688 3006 2742 αὑτοῦ
3052 2690 3311 2762 ἐποίησεν
3352 2693 3640 2762 ἀργύριον,
3692 2693 3797 2746 καὶ

2197 2783 2490 2838 ἀνάκλιτον
2541 2781 2712 2836 αὑτοῦ
2769 2783 3038 2852 χρύσεονο
3097 2782 3389 2846 ἐπιϐάσεις
3431 2783 3600 2838 αὐτοῦ
3647 2801 3796 2854 πορ-

2200 2873 2347 2945 φύρα
2375 2874 2450 2906 ⁸⁸⁸
2483 2872 2634 2936 ἐντὸς
2675 2871 2842 2925 αὐτοῦ
2869 2871 3251 2942 λιθόστρωτον.
3295 2875 3517 2946 ἀγάπην
3549 2874 3660 2928 ἀπὸ
3689 2876 3795 2929 θυ-

2199 2964 2448 3034 γατέρων
2503 2962 2880 3032 Ἰερουσαλήμ.
2929 2981 2949 3016 ι
3004 2964 3116 3016 Καὶ
3174 2959 3370 3028 αὖθις·
3403 2982 3422 3016 ‹
3477 2965 3795 3033 Ἑξέλθετε,

2201 3055 2500 3123 θυγατέρες
2531 3052 2670 3104 Σιὼν
2708 3050 2844 3122 [καὶ
2878 3051 3017 3104 ἴδετε
3039 3051 3126 3122 θ’]
3157 3053 3216 3106 ὲν
3261 3055 3340 3123 τῷ
3369 3055 3589 3124 βασιλεῖ
3615 3058 3794 3111 Σαλο-

2201 3147 2318 3216 μῶν
2345 3164 2358 3176 ·
2392 3149 2449 3198 ὲν
2470 3144 2548 3214 τῷ
2577 3139 2883 3216 στεφάνῳῷ
2921 3146 3299 3216 ἐστεφάνωσεν
3327 3147 3495 3201 αὐτὸν
3530 3151 3566 3219 ἠ
3603 3152 3796 3222 μήτηρ

2195 3235 2381 3300 αὐτοῦ,
2431 3236 2491 3289 ὲν
2523 3235 2711 3308 ἡμέρᾳ
2746 3236 3104 3308 νυμφεύσεως
3142 3235 3333 3304 αὑτοῦ,
3367 3239 3426 3290 ὲν
3469 3239 3658 3311 ἡμέρᾳ
3694 3242 3794 3293 εὑ·-

2194 3329 2472 3400 φροσύνης
2509 3328 2739 3400 καρδίας
2785 3329 2974 3383 αὑτοῦ.
3032 3329 3202 3383 Ἴδετε
3237 3329 3426 3400 αὐτὴν,
3481 3329 3794 3403 θυγατέρες

2195 3421 2355 3487 Σιὼν,
2393 3425 2490 3475 καὶ
2526 3421 2870 3494 μακαρίσατε
2901 3423 3106 3494 αὐτὴν
3144 3421 3462 3494 βασίλισσαι
3508 3425 3607 3477 καὶ
3645 3426 3792 3479 παλ-

2193 3511 2378 3575 λακαὶ,
2417 3512 2671 3566 αίνέσατε
2726 3513 2920 3584 αὐτὴν,
2978 3515 3060 3568 ὃτι
3114 3513 3258 3585 ὁσμὴ
3317 3514 3554 3584 ἱματίων
3611 3517 3792 3585 αὐτῆς

2194 3605 2337 3676 ὑπὲρ
2381 3606 2557 3660 πάντα
2599 3605 2668 3658 τὰ
2718 3605 3010 3678 ἀρώματα.
3057 3627 3077 3661 ι
3128 3609 3197 3660 Σὲ
3245 3609 3496 3686 προορῶν
3555 3610 3793 3674 Ἡσαΐας

2192 3697 2393 3759 ὲνθέως
2444 3697 2789 3768 ἀνέκραγεν
2827 3699 3001 3752 «Ἰδοὺ
3059 3700 3092 3770 ὴ
3147 3699 3418 3770 παρθένος
3469 3703 3528 3754 ὲν
3580 3703 3792 3772 γαστρὶ

2191 3787 2324 3852 ἕξει.
2362 3807 2381 3839 ι
2443 3789 2577 3854 Καὶ,
2631 3807 2651 3841 ι
2679 3791 2877 3844 Ἔσται
2919 3793 2952 3862 ἡ
3001 3791 3127 3862 ῥίζα
3175 3791 3270 3845 τοῦ
3317 3793 3543 3847 Ἰεσσαί.
3573 3813 3592 3844 ι
3647 3794 3786 3856 Καὶ,

2197 3898 2216 3932 ι
2239 3881 2504 3953 Μακαρία
2535 3884 2570 3954 ὴ
2606 3881 2732 3956 ῥίζα
2753 3884 2850 3938 τοῦ
2885 3883 3104 3938 Ἰεσσαί.
3129 3905 3148 3936 ι
3186 3886 3318 3950 Καὶ,
3351 3903 3370 3937 ι
3403 3886 3788 3953 Ἐξελεύσεται

2191 3973 2386 4044 ῥάϐδος
2417 3977 2482 4029 ὲκ
2502 3976 2602 4045 τῆς
2633 3977 2792 4048 ῥίζης
2833 3977 3056 4042 Ἰεσσαὶ,
3089 3978 3186 4032 καὶ
3217 3977 3379 4041 ἄνθος
3405 3979 3473 4032 ἐκ
3505 3980 3608 4048 τῆς
3625 3979 3788 4050 ῥίζης

2190 4067 2550 4138 ἀναϐήσεται.
2583 4087 2601 4120 ι
2637 4069 2740 4122 Σοῦ
2780 4069 2990 4123 εἵνεκεν
3043 4072 3071 4123 ὁ
3106 4071 3282 4140 μέγας
3330 4069 3596 4139 Ἶεζεκιὴλ
3643 4088 3785 4140 προ-

2189 4161 2513 4232 ηγόρευσεν,
2545 4180 2564 4213 ι
2587 4161 2720 4216 Ἰδοὺ
2745 4164 2778 4234 ἡ
2798 4161 2964 4234 πύλη,
2987 4163 3184 4232 λέγων,
3209 4164 3332 4218 κατ’
3350 4163 3625 4227 ἀνατολάς
3645 4179 3661 4192 ·
3690 4165 3786 4217 καὶ

2190 4251 2347 4306 ἔσται
2379 4255 2413 4321 ἠ
2441 4251 2585 4324 πύλη
2619 4253 3006 4325 κεκλεισμένη,
3053 4257 3148 4309 καὶ
3175 4253 3354 4318 οὐδεὶς
3385 4254 3450 4308 οὐ
3482 4255 3560 4326 μὴ
3597 4255 3781 4328 διέλθῃ

2189 4341 2256 4396 δι’
2290 4343 2481 4414 αὐτῆς.
2512 4346 2625 4398 Καὶ
2656 4346 2860 4416 Κύριος
2887 4349 2916 4400 ὁ
2953 4347 3087 4411 Θεὸς
3124 4347 3288 4419 μόνος
3320 4348 3492 4410 αὐτὸς
3531 4347 3780 4402 clas-.155-

503 4426 610 4480 erit
658 4432 818 4494 porta
849 4421 1080 4488 clausa;
1123 4428 1178 4476 et
1217 4435 1377 4474 nemo
1408 4421 1666 4476 transibit
1691 4437 1787 4491 per
1829 4438 1974 4478 eam.
2020 4423 2086 4479 Et

2194 4449 2348 4486 σεται
2370 4435 2464 4487 καὶ
2486 4433 2852 4502 ἐξελεύσεται,
2876 4439 2972 4492 καὶ
3007 4438 3164 4493 ἔσται
3199 4441 3232 4510 ή
3261 4439 3406 4510 πύλη
3450 4441 3778 4509 κεκλεισμέ-

502 4517 778 4572 Dominus
811 4515 967 4571 solus
1006 4515 1128 4583 ipse
1158 4511 1502 4582 ingredietur
1544 4520 1600 4567 et
1643 4515 1993 4582 egredietur;
2033 4525 2088 4572 et

502 4610 612 4666 erit
641 4615 806 4680 porta
843 4607 1034 4662 clausa
1059 4613 1122 4659 ω.
1169 4623 1188 4656 ι
1225 4601 1334 4659 Sed
1368 4616 1422 4660 et
1462 4605 1544 4658 vir
1603 4603 1993 4661 desideriorum
2033 4617 2088 4664 te

502 4701 844 4773 prophetans
917 4706 1154 4754 montem
1245 4697 1587 4768 appellavit;
1652 4695 1846 4754 dicens
1916 4701 2086 4757 etiam

511 4811 528 4844 ι
578 4793 814 4864 lapidem
858 4807 927 4848 ex
973 4798 1026 4846 te
1064 4789 1186 4845 sine
1232 4789 1494 4843 manibus
1527 4799 1556 4826 ιι
1593 4807 1613 4840 ›
1649 4792 1910 4859 scissum,
1974 4810 2084 4851 non

504 4892 716 4940 sectum
752 4884 868 4955 (5);
901 4883 1170 4947 ablatum,
1201 4896 1309 4936 non
1341 4881 1616 4948 divisum;
1652 4883 1908 4942 humana:
1934 4888 2086 4944 scili-

2183 4540 2271 4594 νη.
2299 4542 2318 4574 ι
2368 4524 2438 4576 Σὲ
2468 4526 2566 4579 καὶ
2605 4527 2634 4580 ὁ
2674 4527 2782 4581 τῶν
2826 4528 3157 4600 ἐπιθυμιῶν
3187 4531 3345 4600 ἀνὴρ
3386 4533 3774 4608 προφητεύων.

2185 4615 2322 4684 ὅρος
2352 4617 2576 4672 ἐκάλειο
2608 4621 2786 4688 λέγων
2817 4621 2914 4674 καὶ
2945 4640 2965 4674 ε
3014 4621 3165 4676 λίθον
3193 4622 3323 4675 ἄνευ
3355 4624 3562 4694 χειρῶν
3587 4624 3774 4693 ἀνδρὸς

2181 4708 2248 4760 ὲκ
2276 4709 2372 4762 σοῦ
2403 4728 2422 4761 ι
2447 4713 2928 4782 λατομούμενον,
2950 4714 3012 4767 οὐ
3031 4715 3368 4784 τεμνόμενον
3384 4729 3398 4742 °
3431 4714 3774 4786 ἀφαιρούμεο

2183 4813 2296 4862 νον,
2327 4799 2389 4852 ού
2442 4801 2855 4874 διαιρούμενον·
2889 4808 2959 4877 τῇ
3003 4805 3311 4876 προσλήψει
3339 4807 3444 4876 τῆς
3475 4807 3602 4860 καθ’
3629 4809 3770 4877 ἡμᾶς

2181 4893 2626 4970 ἀνθρωπότητος.
2660 4899 2732 4953 Σὺ
2767 4897 2817 4954 εἶ
2849 4901 2913 4954 τὺ
2945 4901 3236 4971 μεγαλεῖον
3273 4901 3372 4973 τῆς
3410 4903 3655 4973 φρικτῆς
3696 4900 3770 4954 σι’

519 5087 544 5126 ις
875 5027 1097 5126 Ἦόῗῗξ...
1126 5027 1348 5126 b..Psoal.'
1368 5045 1584 5126 ..Ῠπξξδ
1619 5034 1706 5126 θ’.
1726 5047 1780 5126 ..⁸
1811 5037 1973 5126 ᾖδ’.
1999 5057 2091 5126 ,λυ

2194 5043 2277 5097 15.
2349 5045 2375 5085 ἀ
2407 5047 2544 5126 ibid.
2749 5059 2799 5126 _°
2828 5046 2989 5126 Cant.
3015 5047 3181 5126 _m,_6.
3259 5046 3452 5126 fjbid;
3495 5051 3552 5112 7,
3600 5059 3654 5104 et
3685 5047 3772 5126 19:

507 5089 544 5189 ,ξ
736 5092 929 5189 diu”
960 5095 1119 5153 Cant.
1148 5105 1224 5164 vi,
1258 5097 1332 5166 8;
1368 5116 1441 5165 Iv,
1473 5089 1584 5159 1οῘ
1638 5106 1648 5134 ¹
1685 5105 1788 5162 lsa.
1811 5089 2091 5173 diui"

2198 5089 2278 5167 ὲῖιζ
2317 5089 2544 5181 “(rei
2583 5089 2786 5172 ι’ἷόῑιι.
2830 5089 3181 5174 Ὑῖἰῒῑόῗὶῗ
3215 5129 3256 5158 ιιι
3291 5089 3667 5189 ἐέὲὲἰι.ξίἶὲ,
3689 5089 3756 5170 ’ἰ

511 5166 538 5193 ιι
570 5156 704 5214 Dan.
735 5177 796 5227 ιι,
827 5163 917 5219 54.

1821 5279 1905 5334 VA
1915 5281 2056 5337 ΗΙιΕ
2095 5283 2503 5351 LECTIONES.

575 5373 620 5406 es
638 5373 898 5443 δρριυεε,
933 5370 1212 5440 πορφυρᾶ.
1292 5368 1335 5402 ⁸³
1359 5367 1438 5422 Ex
1467 5368 1727 5449 Septuag.

1828 5468 2214 5526 COMBEFISII
2248 5471 2480 5529 ΝΟΤᾸΞ.

579 5558 655 5626 (δ)
694 5557 955 5636 scissum,
977 5575 1080 5614 non
1099 5575 1322 5636 sectum.
1343 5561 1788 5636 Λατομούμενον,
1807 5565 1869 5619 οὐ
1899 5569 2094 5636 τεμνό-

514 5625 701 5706 μενον..
721 5625 904 5688 Velut,
933 5631 1006 5706 ita
1037 5645 1105 5682 ex
1136 5628 1304 5706 Maria
1327 5645 1427 5706 ceu
1459 5625 2090 5706 lapicidinaiabscis'stun

510 5703 566 5749 et
596 5698 856 5763 incisum,
883 5711 944 5750 ut
977 5699 1091 5768 ipse
1123 5698 1587 5767 nihilominusfin
1617 5719 1675 5758 se
1700 5705 1832 5758 nihil
1865 5716 2070 5772 sectus,

2192 5580 2286 5624 aut
2322 5586 2350 5651 a
2395 5569 2828 5652 se'di'visusLab
2877 5573 3237 5652 humanitatis
3267 5583 3673 5652 assumptione,
3702 5584 3746 5637 in

2191 5656 2298 5708 qua
2333 5641 2660 5723 intelligitur
2699 5643 2789 5698 illa
2829 5659 2859 5698 a
2899 5655 3082 5702 monte
3109 5647 3230 5705 sine
3265 5664 3434 5707 manu
3465 5641 3744 5722 abscissa),

2186 5723 2541 5774 DCI'lllailSCﬂl
2553 5751 2566 5765 .
