  <div class='ocr_page' id='page_1' title='image "/cluster/home/n/w/nwhite01/storage/ocr_20150623/97/mdp.39015041892756/550.png"; bbox 0 0 4016 6130; ppageno 0'>
   <div class='ocr_carea' id='block_1_1' title="bbox 306 262 502 357">
    <p class='ocr_par' dir='ltr' id='par_1_1' title="bbox 306 262 502 357">
     <span class='ocr_line' id='line_1_1' title="bbox 306 262 502 357; baseline 0.031 -8"><span class='ocrx_word' id='word_1_1' title='bbox 306 262 326 281; x_wconf 80' lang='lat'>‘</span> <span class='ocrx_word' id='word_1_2' title='bbox 366 284 502 357; x_wconf 69' lang='lat' dir='ltr'><strong>uo:</strong></span> 
     </span>
    </p>
   </div>
   <div class='ocr_carea' id='block_1_2' title="bbox 1371 293 2622 369">
    <p class='ocr_par' dir='ltr' id='par_1_2' title="bbox 1371 293 2622 369">
     <span class='ocr_line' id='line_1_2' title="bbox 1371 293 2622 369; baseline 0.006 -15"><span class='ocrx_word' id='word_1_3' title='bbox 1371 293 1455 355; x_wconf 86' lang='lat' dir='ltr'><strong>IN</strong></span> <span class='ocrx_word' id='word_1_4' title='bbox 1492 294 2037 359; x_wconf 78' lang='lat' dir='ltr'><strong>DORMITIONEM</strong></span> <span class='ocrx_word' id='word_1_5' title='bbox 2069 298 2132 358; x_wconf 91' lang='lat' dir='ltr'><strong>S.</strong></span> <span class='ocrx_word' id='word_1_6' title='bbox 2172 297 2465 369; x_wconf 60' lang='grc' dir='ltr'><strong>ΜΑΡιΙιἘ.</strong></span> <span class='ocrx_word' id='word_1_7' title='bbox 2504 297 2622 358; x_wconf 89' lang='grc' dir='ltr'><strong>ΙΙΙ.</strong></span> 
     </span>
    </p>
   </div>
   <div class='ocr_carea' id='block_1_3' title="bbox 3494 290 3642 357">
    <p class='ocr_par' dir='ltr' id='par_1_3' title="bbox 3494 290 3642 357">
     <span class='ocr_line' id='line_1_3' title="bbox 3494 290 3642 357; baseline 0.014 -2"><span class='ocrx_word' id='word_1_8' title='bbox 3494 290 3642 357; x_wconf 70' lang='grc' dir='ltr'><strong>11οῑ</strong></span> 
     </span>
    </p>
   </div>
   <div class='ocr_carea' id='block_1_4' title="bbox 374 394 1964 480">
    <p class='ocr_par' dir='ltr' id='par_1_4' title="bbox 374 394 1956 474">
     <span class='ocr_line' id='line_1_4' title="bbox 374 394 1956 474; baseline -0.002 -11"><span class='ocrx_word' id='word_1_9' title='bbox 374 403 527 463; x_wconf 74' lang='grc' dir='ltr'>Ἐκεῖ</span> <span class='ocrx_word' id='word_1_10' title='bbox 563 401 752 474; x_wconf 76' lang='grc' dir='ltr'>Πατὴρ</span> <span class='ocrx_word' id='word_1_11' title='bbox 786 404 1198 474; x_wconf 74' lang='grc' dir='ltr'><strong>προσκυνεῖται,</strong></span> <span class='ocrx_word' id='word_1_12' title='bbox 1238 394 1331 457; x_wconf 72' lang='grc' dir='ltr'><strong>κᾶὶ</strong></span> <span class='ocrx_word' id='word_1_13' title='bbox 1360 405 1487 468; x_wconf 84' lang='grc' dir='ltr'>Υἱὸς</span> <span class='ocrx_word' id='word_1_14' title='bbox 1529 404 1838 472; x_wconf 74' lang='grc' dir='ltr'>δοξάζεται,</span> <span class='ocrx_word' id='word_1_15' title='bbox 1861 407 1956 460; x_wconf 83' lang='grc' dir='ltr'>καὶ</span> 
     </span>
    </p>
   </div>
   <div class='ocr_carea' id='block_1_5' title="bbox 2042 394 3646 480">
    <p class='ocr_par' dir='ltr' id='par_1_5' title="bbox 2062 404 3646 480">
     <span class='ocr_line' id='line_1_5' title="bbox 2062 404 3646 480; baseline -0.002 -17"><span class='ocrx_word' id='word_1_16' title='bbox 2062 406 2429 480; x_wconf 61' lang='grc' dir='ltr'>[οηιοεῇυείει</span> <span class='ocrx_word' id='word_1_17' title='bbox 2458 409 2603 473; x_wconf 79' lang='lat' dir='ltr'><strong>vitae,</strong></span> <span class='ocrx_word' id='word_1_18' title='bbox 2652 407 2857 465; x_wconf 88' lang='lat' dir='ltr'><strong>ﬁnenta</strong></span> <span class='ocrx_word' id='word_1_19' title='bbox 2903 407 3182 469; x_wconf 84' lang='lat' dir='ltr'><strong>manantis</strong></span> <span class='ocrx_word' id='word_1_20' title='bbox 3230 421 3258 464; x_wconf 87' lang='lat' dir='ltr'><strong>a</strong></span> <span class='ocrx_word' id='word_1_21' title='bbox 3307 404 3418 473; x_wconf 75' lang='lat' dir='ltr'><strong>Deo</strong></span> <span class='ocrx_word' id='word_1_22' title='bbox 3467 407 3646 473; x_wconf 83' lang='lat' dir='ltr'><strong>lucis,</strong></span> 
     </span>
    </p>
   </div>
   <div class='ocr_carea' id='block_1_6' title="bbox 364 492 1949 568">
    <p class='ocr_par' dir='ltr' id='par_1_6' title="bbox 364 492 1949 568">
     <span class='ocr_line' id='line_1_6' title="bbox 364 492 1949 568; baseline 0.004 -19"><span class='ocrx_word' id='word_1_23' title='bbox 364 492 594 565; x_wconf 78' lang='grc' dir='ltr'><strong>Πνεῦμα</strong></span> <span class='ocrx_word' id='word_1_24' title='bbox 635 494 787 563; x_wconf 77' lang='grc' dir='ltr'>ειγιον</span> <span class='ocrx_word' id='word_1_25' title='bbox 838 495 1207 566; x_wconf 61' lang='grc' dir='ltr'>ἀνυμνεῦιαι-</span> <span class='ocrx_word' id='word_1_26' title='bbox 1269 496 1516 566; x_wconf 81' lang='grc' dir='ltr'>ἡένιαία</span> <span class='ocrx_word' id='word_1_27' title='bbox 1552 497 1652 567; x_wconf 82' lang='grc' dir='ltr'>τῆς</span> <span class='ocrx_word' id='word_1_28' title='bbox 1700 499 1833 568; x_wconf 81' lang='grc' dir='ltr'>μιᾶς</span> <span class='ocrx_word' id='word_1_29' title='bbox 1889 499 1949 559; x_wconf 75' lang='grc' dir='ltr'>ἐν</span> 
     </span>
    </p>
   </div>
   <div class='ocr_carea' id='block_1_7' title="bbox 364 583 1952 657">
    <p class='ocr_par' dir='ltr' id='par_1_7' title="bbox 364 583 1952 657">
     <span class='ocr_line' id='line_1_7' title="bbox 364 583 1952 657; baseline 0.004 -21"><span class='ocrx_word' id='word_1_30' title='bbox 364 585 559 655; x_wconf 78' lang='grc' dir='ltr'>Τριᾲδι</span> <span class='ocrx_word' id='word_1_31' title='bbox 588 584 843 655; x_wconf 78' lang='grc' dir='ltr'><strong>θεότητος</strong></span> <span class='ocrx_word' id='word_1_32' title='bbox 874 587 1057 655; x_wconf 82' lang='grc' dir='ltr'><strong>φύσις.</strong></span> <span class='ocrx_word' id='word_1_33' title='bbox 1086 583 1326 639; x_wconf 78' lang='grc' dir='ltr'><strong>Τοιαῦτα</strong></span> <span class='ocrx_word' id='word_1_34' title='bbox 1370 585 1512 645; x_wconf 84' lang='grc' dir='ltr'>δοκῶ</span> <span class='ocrx_word' id='word_1_35' title='bbox 1545 603 1636 657; x_wconf 86' lang='grc' dir='ltr'><strong>μοι</strong></span> <span class='ocrx_word' id='word_1_36' title='bbox 1662 586 1783 641; x_wconf 83' lang='grc' dir='ltr'>τότε</span> <span class='ocrx_word' id='word_1_37' title='bbox 1822 587 1952 652; x_wconf 83' lang='grc' dir='ltr'>τοὺς</span> 
     </span>
    </p>
   </div>
   <div class='ocr_carea' id='block_1_8' title="bbox 361 677 1947 750">
    <p class='ocr_par' dir='ltr' id='par_1_8' title="bbox 361 677 1947 750">
     <span class='ocr_line' id='line_1_8' title="bbox 361 677 1947 750; baseline 0.003 -17"><span class='ocrx_word' id='word_1_38' title='bbox 361 677 698 749; x_wconf 79' lang='grc' dir='ltr'>θεολήπτους</span> <span class='ocrx_word' id='word_1_39' title='bbox 723 677 966 742; x_wconf 69' lang='grc' dir='ltr'>ἐκείνους</span> <span class='ocrx_word' id='word_1_40' title='bbox 1002 677 1207 750; x_wconf 72' lang='grc' dir='ltr'>ἄνδρας</span> <span class='ocrx_word' id='word_1_41' title='bbox 1234 677 1328 737; x_wconf 69' lang='grc' dir='ltr'><strong>καὶ</strong></span> <span class='ocrx_word' id='word_1_42' title='bbox 1358 678 1525 747; x_wconf 75' lang='grc' dir='ltr'>φάναι</span> <span class='ocrx_word' id='word_1_43' title='bbox 1554 680 1649 740; x_wconf 77' lang='grc' dir='ltr'>καὶ</span> <span class='ocrx_word' id='word_1_44' title='bbox 1683 679 1947 750; x_wconf 76' lang='grc' dir='ltr'><strong>ὑμνῆσαι,</strong></span> 
     </span>
    </p>
   </div>
   <div class='ocr_carea' id='block_1_9' title="bbox 362 764 1951 840">
    <p class='ocr_par' dir='ltr' id='par_1_9' title="bbox 362 764 1951 840">
     <span class='ocr_line' id='line_1_9' title="bbox 362 764 1951 840; baseline 0 -17"><span class='ocrx_word' id='word_1_45' title='bbox 362 769 459 823; x_wconf 78' lang='grc' dir='ltr'>καὶ</span> <span class='ocrx_word' id='word_1_46' title='bbox 495 769 595 823; x_wconf 79' lang='grc' dir='ltr'>ὅσα</span> <span class='ocrx_word' id='word_1_47' title='bbox 623 768 835 832; x_wconf 77' lang='grc' dir='ltr'><strong>τούτοις</strong></span> <span class='ocrx_word' id='word_1_48' title='bbox 858 768 1324 839; x_wconf 71' lang='grc' dir='ltr'><strong>ὑπιερανέστηκεν⁸</strong></span> <span class='ocrx_word' id='word_1_49' title='bbox 1357 767 1419 825; x_wconf 81' lang='grc' dir='ltr'>οὐ</span> <span class='ocrx_word' id='word_1_50' title='bbox 1446 768 1553 840; x_wconf 85' lang='grc' dir='ltr'>γὰρ</span> <span class='ocrx_word' id='word_1_51' title='bbox 1584 764 1682 823; x_wconf 73' lang='grc' dir='ltr'>οἷδ’</span> <span class='ocrx_word' id='word_1_52' title='bbox 1706 770 1736 822; x_wconf 84' lang='grc' dir='ltr'><strong>ὅ</strong></span> <span class='ocrx_word' id='word_1_53' title='bbox 1773 786 1827 824; x_wconf 86' lang='grc' dir='ltr'><strong>τι</strong></span> <span class='ocrx_word' id='word_1_54' title='bbox 1854 770 1951 823; x_wconf 81' lang='grc' dir='ltr'>καὶ</span> 
     </span>
    </p>
   </div>
   <div class='ocr_carea' id='block_1_10' title="bbox 360 860 1951 932">
    <p class='ocr_par' dir='ltr' id='par_1_10' title="bbox 360 860 1951 932">
     <span class='ocr_line' id='line_1_10' title="bbox 360 860 1951 932; baseline 0.004 -19"><span class='ocrx_word' id='word_1_55' title='bbox 360 860 528 914; x_wconf 85' lang='grc' dir='ltr'>πλέον</span> <span class='ocrx_word' id='word_1_56' title='bbox 571 861 730 925; x_wconf 68' lang='lat' dir='ltr'><strong>dum,</strong></span> <span class='ocrx_word' id='word_1_57' title='bbox 770 861 845 931; x_wconf 83' lang='grc' dir='ltr'>γῆ</span> <span class='ocrx_word' id='word_1_58' title='bbox 880 861 973 917; x_wconf 73' lang='grc' dir='ltr'><strong>καὶ</strong></span> <span class='ocrx_word' id='word_1_59' title='bbox 1009 860 1204 924; x_wconf 82' lang='grc' dir='ltr'>σποδὸς</span> <span class='ocrx_word' id='word_1_60' title='bbox 1254 860 1539 932; x_wconf 79' lang='grc' dir='ltr'><strong>ὑπάρχων,</strong></span> <span class='ocrx_word' id='word_1_61' title='bbox 1587 862 1682 919; x_wconf 74' lang='grc' dir='ltr'>καὶ</span> <span class='ocrx_word' id='word_1_62' title='bbox 1725 860 1787 915; x_wconf 81' lang='grc' dir='ltr'>τὸ</span> <span class='ocrx_word' id='word_1_63' title='bbox 1827 861 1951 920; x_wconf 82' lang='grc' dir='ltr'>ὅλον</span> 
     </span>
    </p>
   </div>
   <div class='ocr_carea' id='block_1_11' title="bbox 362 950 1950 1023">
    <p class='ocr_par' dir='ltr' id='par_1_11' title="bbox 362 950 1950 1023">
     <span class='ocr_line' id='line_1_11' title="bbox 362 950 1950 1023; baseline 0 -18"><span class='ocrx_word' id='word_1_64' title='bbox 362 950 596 1022; x_wconf 84' lang='grc' dir='ltr'>σαπρία,</span> <span class='ocrx_word' id='word_1_65' title='bbox 635 951 730 1007; x_wconf 78' lang='grc' dir='ltr'>καὶ</span> <span class='ocrx_word' id='word_1_66' title='bbox 766 950 860 1003; x_wconf 84' lang='grc' dir='ltr'><strong>ίσα</strong></span> <span class='ocrx_word' id='word_1_67' title='bbox 879 952 992 1014; x_wconf 83' lang='grc' dir='ltr'>τοῖς</span> <span class='ocrx_word' id='word_1_68' title='bbox 1021 950 1212 1019; x_wconf 74' lang='grc' dir='ltr'>ὖφεσιν</span> <span class='ocrx_word' id='word_1_69' title='bbox 1239 952 1333 1005; x_wconf 74' lang='grc' dir='ltr'><strong>ἐπὶ</strong></span> <span class='ocrx_word' id='word_1_70' title='bbox 1370 951 1580 1009; x_wconf 77' lang='grc' dir='ltr'><strong>κοιλίαν</strong></span> <span class='ocrx_word' id='word_1_71' title='bbox 1602 952 1808 1023; x_wconf 68' lang='grc' dir='ltr'>ἕρπων.</span> <span class='ocrx_word' id='word_1_72' title='bbox 1841 952 1950 1006; x_wconf 82' lang='grc' dir='ltr'><strong>Καί</strong></span> 
     </span>
    </p>
   </div>
   <div class='ocr_carea' id='block_1_12' title="bbox 366 1038 1947 1111">
    <p class='ocr_par' dir='ltr' id='par_1_12' title="bbox 366 1038 1947 1111">
     <span class='ocr_line' id='line_1_12' title="bbox 366 1038 1947 1111; baseline -0.001 -16"><span class='ocrx_word' id='word_1_73' title='bbox 366 1057 458 1111; x_wconf 81' lang='grc' dir='ltr'><strong>μοι</strong></span> <span class='ocrx_word' id='word_1_74' title='bbox 485 1040 581 1095; x_wconf 75' lang='grc' dir='ltr'><strong>τοῦ</strong></span> <span class='ocrx_word' id='word_1_75' title='bbox 612 1039 774 1108; x_wconf 81' lang='grc' dir='ltr'>λόγου</span> <span class='ocrx_word' id='word_1_76' title='bbox 807 1038 967 1110; x_wconf 80' lang='grc' dir='ltr'>χρέος</span> <span class='ocrx_word' id='word_1_77' title='bbox 995 1041 1074 1103; x_wconf 88' lang='grc' dir='ltr'><strong>είς</strong></span> <span class='ocrx_word' id='word_1_78' title='bbox 1103 1039 1336 1111; x_wconf 75' lang='grc' dir='ltr'>δύναμιν</span> <span class='ocrx_word' id='word_1_79' title='bbox 1376 1040 1578 1105; x_wconf 81' lang='grc' dir='ltr'>ίκανῶς</span> <span class='ocrx_word' id='word_1_80' title='bbox 1606 1041 1947 1110; x_wconf 83' lang='grc' dir='ltr'>ἁφωσίωται,</span> 
     </span>
    </p>
   </div>
   <div class='ocr_carea' id='block_1_13' title="bbox 365 1127 1937 1203">
    <p class='ocr_par' dir='ltr' id='par_1_13' title="bbox 365 1127 1937 1203">
     <span class='ocr_line' id='line_1_13' title="bbox 365 1127 1937 1203; baseline 0.001 -19"><span class='ocrx_word' id='word_1_81' title='bbox 365 1131 614 1202; x_wconf 83' lang='grc' dir='ltr'>μηδενὸς,</span> <span class='ocrx_word' id='word_1_82' title='bbox 639 1127 820 1201; x_wconf 81' lang='grc' dir='ltr'>οἶμαι,</span> <span class='ocrx_word' id='word_1_83' title='bbox 848 1130 1280 1201; x_wconf 72' lang='grc' dir='ltr'>παρεωραμένον</span> <span class='ocrx_word' id='word_1_84' title='bbox 1303 1130 1412 1184; x_wconf 85' lang='grc' dir='ltr'>τῶν</span> <span class='ocrx_word' id='word_1_85' title='bbox 1435 1133 1515 1196; x_wconf 88' lang='grc' dir='ltr'><strong>είς</strong></span> <span class='ocrx_word' id='word_1_86' title='bbox 1532 1131 1630 1203; x_wconf 86' lang='grc' dir='ltr'>τὴν</span> <span class='ocrx_word' id='word_1_87' title='bbox 1652 1131 1937 1203; x_wconf 85' lang='grc' dir='ltr'>παροῦσαν</span> 
     </span>
    </p>
   </div>
   <div class='ocr_carea' id='block_1_14' title="bbox 360 1222 1950 1297">
    <p class='ocr_par' dir='ltr' id='par_1_14' title="bbox 360 1222 1950 1297">
     <span class='ocr_line' id='line_1_14' title="bbox 360 1222 1950 1297; baseline 0.002 -22"><span class='ocrx_word' id='word_1_88' title='bbox 360 1222 750 1279; x_wconf 76' lang='grc' dir='ltr'><strong>συντεινόντων</strong></span> <span class='ocrx_word' id='word_1_89' title='bbox 785 1222 999 1291; x_wconf 71' lang='grc' dir='ltr'>ἑορτήν.</span> <span class='ocrx_word' id='word_1_90' title='bbox 1033 1222 1145 1279; x_wconf 77' lang='grc' dir='ltr'><strong>Καὶ</strong></span> <span class='ocrx_word' id='word_1_91' title='bbox 1181 1222 1236 1279; x_wconf 80' lang='grc' dir='ltr'><strong>εἴ</strong></span> <span class='ocrx_word' id='word_1_92' title='bbox 1271 1239 1325 1281; x_wconf 83' lang='grc' dir='ltr'><strong>τι</strong></span> <span class='ocrx_word' id='word_1_93' title='bbox 1360 1224 1574 1286; x_wconf 84' lang='grc' dir='ltr'>τούτοις</span> <span class='ocrx_word' id='word_1_94' title='bbox 1604 1225 1950 1297; x_wconf 76' lang='grc' dir='ltr'>συνεισφέροι</span> 
     </span>
    </p>
   </div>
   <div class='ocr_carea' id='block_1_15' title="bbox 361 1313 1947 1387">
    <p class='ocr_par' dir='ltr' id='par_1_15' title="bbox 361 1313 1947 1387">
     <span class='ocr_line' id='line_1_15' title="bbox 361 1313 1947 1387; baseline 0.001 -19"><span class='ocrx_word' id='word_1_95' title='bbox 361 1332 444 1377; x_wconf 83' lang='grc' dir='ltr'><strong>τις</strong></span> <span class='ocrx_word' id='word_1_96' title='bbox 474 1314 826 1385; x_wconf 67' lang='grc' dir='ltr'><strong>ὑψηλότερον,</strong></span> <span class='ocrx_word' id='word_1_97' title='bbox 858 1314 955 1371; x_wconf 74' lang='grc' dir='ltr'><strong>καὶ</strong></span> <span class='ocrx_word' id='word_1_98' title='bbox 999 1315 1133 1385; x_wconf 79' lang='grc' dir='ltr'>ἡμῖν</span> <span class='ocrx_word' id='word_1_99' title='bbox 1174 1314 1333 1368; x_wconf 86' lang='grc' dir='ltr'>τοῦτο</span> <span class='ocrx_word' id='word_1_100' title='bbox 1376 1313 1734 1387; x_wconf 83' lang='grc' dir='ltr'>συναγηοχὼς</span> <span class='ocrx_word' id='word_1_101' title='bbox 1773 1315 1947 1378; x_wconf 79' lang='grc' dir='ltr'>ἔσται,</span> 
     </span>
    </p>
   </div>
   <div class='ocr_carea' id='block_1_16' title="bbox 361 1404 1948 1481">
    <p class='ocr_par' dir='ltr' id='par_1_16' title="bbox 361 1404 1948 1481">
     <span class='ocr_line' id='line_1_16' title="bbox 361 1404 1948 1481; baseline 0 -23"><span class='ocrx_word' id='word_1_102' title='bbox 361 1407 458 1460; x_wconf 64' lang='grc' dir='ltr'><strong>καὶ</strong></span> <span class='ocrx_word' id='word_1_103' title='bbox 488 1409 557 1478; x_wconf 77' lang='grc' dir='ltr'><strong>τῇ</strong></span> <span class='ocrx_word' id='word_1_104' title='bbox 588 1404 894 1481; x_wconf 74' lang='grc' dir='ltr'>πανηγύρει</span> <span class='ocrx_word' id='word_1_105' title='bbox 925 1404 1214 1463; x_wconf 85' lang='grc' dir='ltr'>συνοίσων.</span> <span class='ocrx_word' id='word_1_106' title='bbox 1244 1405 1437 1476; x_wconf 77' lang='grc' dir='ltr'>Μικρὰ</span> <span class='ocrx_word' id='word_1_107' title='bbox 1473 1406 1530 1465; x_wconf 85' lang='grc' dir='ltr'>δὲ</span> <span class='ocrx_word' id='word_1_108' title='bbox 1565 1405 1754 1473; x_wconf 85' lang='grc' dir='ltr'>είπὼν,</span> <span class='ocrx_word' id='word_1_109' title='bbox 1783 1406 1948 1467; x_wconf 82' lang='grc' dir='ltr'>αὐτοῦ</span> 
     </span>
    </p>
   </div>
   <div class='ocr_carea' id='block_1_17' title="bbox 360 1493 1948 1570">
    <p class='ocr_par' dir='ltr' id='par_1_17' title="bbox 360 1493 1948 1570">
     <span class='ocr_line' id='line_1_17' title="bbox 360 1493 1948 1570; baseline -0.001 -18"><span class='ocrx_word' id='word_1_110' title='bbox 360 1515 468 1555; x_wconf 86' lang='grc' dir='ltr'><strong>που</strong></span> <span class='ocrx_word' id='word_1_111' title='bbox 489 1499 588 1570; x_wconf 78' lang='grc' dir='ltr'>τὴν</span> <span class='ocrx_word' id='word_1_112' title='bbox 617 1500 860 1568; x_wconf 80' lang='grc' dir='ltr'>εἰρεσίαν</span> <span class='ocrx_word' id='word_1_113' title='bbox 883 1497 978 1549; x_wconf 89' lang='grc' dir='ltr'><strong>τοῦ</strong></span> <span class='ocrx_word' id='word_1_114' title='bbox 1003 1496 1164 1563; x_wconf 85' lang='grc' dir='ltr'>λόγου</span> <span class='ocrx_word' id='word_1_115' title='bbox 1187 1494 1567 1551; x_wconf 81' lang='grc' dir='ltr'>διαναπαύσω.</span> <span class='ocrx_word' id='word_1_116' title='bbox 1592 1495 1700 1549; x_wconf 89' lang='grc' dir='ltr'><strong>Τοῦ</strong></span> <span class='ocrx_word' id='word_1_117' title='bbox 1727 1496 1825 1566; x_wconf 84' lang='grc' dir='ltr'>μὲν</span> <span class='ocrx_word' id='word_1_118' title='bbox 1853 1493 1948 1550; x_wconf 79' lang='grc' dir='ltr'><strong>οὖν</strong></span> 
     </span>
    </p>
   </div>
   <div class='ocr_carea' id='block_1_18' title="bbox 362 1586 1950 1661">
    <p class='ocr_par' dir='ltr' id='par_1_18' title="bbox 362 1586 1950 1661">
     <span class='ocr_line' id='line_1_18' title="bbox 362 1586 1950 1661; baseline 0 -20"><span class='ocrx_word' id='word_1_119' title='bbox 362 1588 487 1646; x_wconf 84' lang='grc' dir='ltr'>κατ’</span> <span class='ocrx_word' id='word_1_120' title='bbox 537 1588 717 1655; x_wconf 78' lang='grc' dir='ltr'>ἀξίαν,</span> <span class='ocrx_word' id='word_1_121' title='bbox 758 1589 969 1661; x_wconf 62' lang='grc' dir='ltr'>ομοίως</span> <span class='ocrx_word' id='word_1_122' title='bbox 1005 1589 1209 1651; x_wconf 72' lang='grc' dir='ltr'>πάντες</span> <span class='ocrx_word' id='word_1_123' title='bbox 1248 1586 1695 1657; x_wconf 80' lang='grc' dir='ltr'>ἀπολειπόμεθα·</span> <span class='ocrx_word' id='word_1_124' title='bbox 1759 1587 1853 1642; x_wconf 86' lang='grc' dir='ltr'><strong>τοῦ</strong></span> <span class='ocrx_word' id='word_1_125' title='bbox 1891 1587 1950 1641; x_wconf 85' lang='grc' dir='ltr'>δὲ</span> 
     </span>
    </p>
   </div>
   <div class='ocr_carea' id='block_1_19' title="bbox 358 1676 1949 1748">
    <p class='ocr_par' dir='ltr' id='par_1_19' title="bbox 358 1676 1949 1748">
     <span class='ocr_line' id='line_1_19' title="bbox 358 1676 1949 1748; baseline -0.003 -15"><span class='ocrx_word' id='word_1_126' title='bbox 358 1678 462 1747; x_wconf 79' lang='grc' dir='ltr'><strong>τὴν</strong></span> <span class='ocrx_word' id='word_1_127' title='bbox 501 1677 710 1735; x_wconf 79' lang='grc' dir='ltr'>ἑαυτῶν</span> <span class='ocrx_word' id='word_1_128' title='bbox 754 1677 1147 1747; x_wconf 71' lang='grc' dir='ltr'>ἐπιδεδειχέναι</span> <span class='ocrx_word' id='word_1_129' title='bbox 1175 1677 1428 1748; x_wconf 85' lang='grc' dir='ltr'>δύναμιν,</span> <span class='ocrx_word' id='word_1_130' title='bbox 1479 1677 1593 1731; x_wconf 79' lang='grc' dir='ltr'>ἴσον</span> <span class='ocrx_word' id='word_1_131' title='bbox 1620 1677 1853 1735; x_wconf 77' lang='grc' dir='ltr'>ἑκάστου</span> <span class='ocrx_word' id='word_1_132' title='bbox 1885 1676 1949 1730; x_wconf 81' lang='grc' dir='ltr'>τὸ</span> 
     </span>
    </p>
   </div>
   <div class='ocr_carea' id='block_1_20' title="bbox 2052 495 3637 569">
    <p class='ocr_par' dir='ltr' id='par_1_20' title="bbox 2052 495 3637 569">
     <span class='ocr_line' id='line_1_20' title="bbox 2052 495 3637 569; baseline 0.001 -18"><span class='ocrx_word' id='word_1_133' title='bbox 2052 496 2203 552; x_wconf 80' lang='lat' dir='ltr'><strong>ﬂuvii</strong></span> <span class='ocrx_word' id='word_1_134' title='bbox 2256 500 2379 557; x_wconf 72' lang='lat' dir='ltr'><strong>vivo</strong></span> <span class='ocrx_word' id='word_1_135' title='bbox 2417 513 2637 569; x_wconf 77' lang='lat' dir='ltr'><strong>semper</strong></span> <span class='ocrx_word' id='word_1_136' title='bbox 2693 498 2843 552; x_wconf 81' lang='lat' dir='ltr'><strong>fonte</strong></span> <span class='ocrx_word' id='word_1_137' title='bbox 2887 495 3160 554; x_wconf 80' lang='lat' dir='ltr'><strong>allluentis</strong></span> <span class='ocrx_word' id='word_1_138' title='bbox 3217 496 3464 559; x_wconf 87' lang='lat' dir='ltr'><strong>luminis.</strong></span> <span class='ocrx_word' id='word_1_139' title='bbox 3517 496 3637 561; x_wconf 75' lang='lat' dir='ltr'><strong>Illic</strong></span> 
     </span>
    </p>
   </div>
   <div class='ocr_carea' id='block_1_21' title="bbox 2053 587 3638 660">
    <p class='ocr_par' dir='ltr' id='par_1_21' title="bbox 2053 587 3638 660">
     <span class='ocr_line' id='line_1_21' title="bbox 2053 587 3638 660; baseline -0.002 -17"><span class='ocrx_word' id='word_1_140' title='bbox 2053 587 2178 649; x_wconf 83' lang='lat' dir='ltr'><strong>ﬁnis</strong></span> <span class='ocrx_word' id='word_1_141' title='bbox 2215 598 2295 643; x_wconf 89' lang='lat' dir='ltr'><strong>est</strong></span> <span class='ocrx_word' id='word_1_142' title='bbox 2344 590 2593 653; x_wconf 79' lang='lat' dir='ltr'><strong>omnium</strong></span> <span class='ocrx_word' id='word_1_143' title='bbox 2623 589 2755 643; x_wconf 90' lang='lat' dir='ltr'><strong>olim</strong></span> <span class='ocrx_word' id='word_1_144' title='bbox 2802 588 2856 643; x_wconf 89' lang='lat' dir='ltr'><strong>in</strong></span> <span class='ocrx_word' id='word_1_145' title='bbox 2902 604 3001 658; x_wconf 85' lang='lat' dir='ltr'><strong>spe</strong></span> <span class='ocrx_word' id='word_1_146' title='bbox 3040 590 3349 660; x_wconf 84' lang='lat' dir='ltr'><strong>positorum</strong></span> <span class='ocrx_word' id='word_1_147' title='bbox 3378 627 3392 653; x_wconf 87' lang='lat'><strong>,</strong></span> <span class='ocrx_word' id='word_1_148' title='bbox 3418 594 3480 653; x_wconf 73' lang='lat' dir='ltr'><strong>et</strong></span> <span class='ocrx_word' id='word_1_149' title='bbox 3514 601 3638 658; x_wconf 64' lang='lat' dir='ltr'><strong>(jus;</strong></span> 
     </span>
    </p>
   </div>
   <div class='ocr_carea' id='block_1_22' title="bbox 2052 672 3632 757">
    <p class='ocr_par' dir='ltr' id='par_1_22' title="bbox 2052 672 3632 757">
     <span class='ocr_line' id='line_1_22' title="bbox 2052 672 3632 757; baseline 0 -23"><span class='ocrx_word' id='word_1_150' title='bbox 2052 681 2214 743; x_wconf 77' lang='lat' dir='ltr'><strong>modo</strong></span> <span class='ocrx_word' id='word_1_151' title='bbox 2268 689 2591 753; x_wconf 74' lang='lat' dir='ltr'><strong>sperantur,</strong></span> <span class='ocrx_word' id='word_1_152' title='bbox 2659 672 2966 753; x_wconf 80' lang='lat' dir='ltr'><strong>complexio</strong></span> <span class='ocrx_word' id='word_1_153' title='bbox 3029 682 3277 743; x_wconf 86' lang='lat' dir='ltr'><strong>omnium</strong></span> <span class='ocrx_word' id='word_1_154' title='bbox 3338 682 3632 757; x_wconf 77' lang='lat' dir='ltr'><strong>bonorum,</strong></span> 
     </span>
    </p>
   </div>
   <div class='ocr_carea' id='block_1_23' title="bbox 2050 774 3635 846">
    <p class='ocr_par' dir='ltr' id='par_1_23' title="bbox 2050 774 3635 846">
     <span class='ocr_line' id='line_1_23' title="bbox 2050 774 3635 846; baseline -0.001 -17"><span class='ocrx_word' id='word_1_155' title='bbox 2050 789 2242 833; x_wconf 88' lang='lat' dir='ltr'><strong>eorum</strong></span> <span class='ocrx_word' id='word_1_156' title='bbox 2281 774 2658 841; x_wconf 78' lang='lat' dir='ltr'><strong>manifestatio</strong></span> <span class='ocrx_word' id='word_1_157' title='bbox 2690 792 2811 846; x_wconf 64' lang='lat' dir='ltr'><strong>qua:</strong></span> <span class='ocrx_word' id='word_1_158' title='bbox 2835 775 3078 840; x_wconf 85' lang='lat' dir='ltr'><strong>occulta,</strong></span> <span class='ocrx_word' id='word_1_159' title='bbox 3122 791 3225 835; x_wconf 85' lang='lat' dir='ltr'><strong>nec</strong></span> <span class='ocrx_word' id='word_1_160' title='bbox 3256 774 3365 830; x_wconf 82' lang='lat' dir='ltr'><strong>nisi</strong></span> <span class='ocrx_word' id='word_1_161' title='bbox 3403 774 3458 830; x_wconf 85' lang='lat' dir='ltr'><strong>id</strong></span> <span class='ocrx_word' id='word_1_162' title='bbox 3495 782 3635 831; x_wconf 84' lang='lat' dir='ltr'><strong>tem-</strong></span> 
     </span>
    </p>
   </div>
   <div class='ocr_carea' id='block_1_24' title="bbox 2051 867 3633 939">
    <p class='ocr_par' dir='ltr' id='par_1_24' title="bbox 2051 867 3633 939">
     <span class='ocr_line' id='line_1_24' title="bbox 2051 867 3633 939; baseline 0.003 -20"><span class='ocrx_word' id='word_1_163' title='bbox 2051 867 2205 939; x_wconf 86' lang='lat' dir='ltr'><strong>poris</strong></span> <span class='ocrx_word' id='word_1_164' title='bbox 2229 867 2623 938; x_wconf 77' lang='lat' dir='ltr'><strong>conspicienda</strong></span> <span class='ocrx_word' id='word_1_165' title='bbox 2655 881 2822 923; x_wconf 85' lang='lat' dir='ltr'><strong>sunt:</strong></span> <span class='ocrx_word' id='word_1_166' title='bbox 2867 867 2994 933; x_wconf 83' lang='lat' dir='ltr'><strong>linis</strong></span> <span class='ocrx_word' id='word_1_167' title='bbox 3025 869 3276 937; x_wconf 78' lang='lat' dir='ltr'><strong>ultimus,</strong></span> <span class='ocrx_word' id='word_1_168' title='bbox 3312 869 3454 923; x_wconf 90' lang='lat' dir='ltr'><strong>ultra</strong></span> <span class='ocrx_word' id='word_1_169' title='bbox 3471 883 3633 937; x_wconf 79' lang='lat' dir='ltr'><strong>quem</strong></span> 
     </span>
    </p>
   </div>
   <div class='ocr_carea' id='block_1_25' title="bbox 2051 956 3633 1027">
    <p class='ocr_par' dir='ltr' id='par_1_25' title="bbox 2051 956 3633 1027">
     <span class='ocr_line' id='line_1_25' title="bbox 2051 956 3633 1027; baseline 0.004 -17"><span class='ocrx_word' id='word_1_170' title='bbox 2051 956 2185 1010; x_wconf 85' lang='lat' dir='ltr'><strong>nihil</strong></span> <span class='ocrx_word' id='word_1_171' title='bbox 2226 958 2453 1013; x_wconf 87' lang='lat' dir='ltr'><strong>omnino</strong></span> <span class='ocrx_word' id='word_1_172' title='bbox 2488 958 2593 1013; x_wconf 88' lang='lat' dir='ltr'><strong>sit.</strong></span> <span class='ocrx_word' id='word_1_173' title='bbox 2627 958 2743 1013; x_wconf 81' lang='lat' dir='ltr'><strong>illic</strong></span> <span class='ocrx_word' id='word_1_174' title='bbox 2796 957 3059 1014; x_wconf 79' lang='lat' dir='ltr'><strong>aduratur</strong></span> <span class='ocrx_word' id='word_1_175' title='bbox 3105 957 3289 1027; x_wconf 87' lang='lat' dir='ltr'><strong>Pater,</strong></span> <span class='ocrx_word' id='word_1_176' title='bbox 3350 965 3405 1014; x_wconf 86' lang='lat' dir='ltr'><strong>et</strong></span> <span class='ocrx_word' id='word_1_177' title='bbox 3458 957 3633 1025; x_wconf 75' lang='lat' dir='ltr'><strong>Fllill$</strong></span> 
     </span>
    </p>
   </div>
   <div class='ocr_carea' id='block_1_26' title="bbox 2049 1046 3632 1116">
    <p class='ocr_par' dir='ltr' id='par_1_26' title="bbox 2049 1046 3632 1116">
     <span class='ocr_line' id='line_1_26' title="bbox 2049 1046 3632 1116; baseline 0.003 -17"><span class='ocrx_word' id='word_1_178' title='bbox 2049 1046 2413 1116; x_wconf 78' lang='lat' dir='ltr'><strong>gloriﬁcatur,</strong></span> <span class='ocrx_word' id='word_1_179' title='bbox 2440 1062 2506 1107; x_wconf 86' lang='lat' dir='ltr'><strong>ac</strong></span> <span class='ocrx_word' id='word_1_180' title='bbox 2534 1048 2770 1107; x_wconf 85' lang='lat' dir='ltr'><strong>canticis</strong></span> <span class='ocrx_word' id='word_1_181' title='bbox 2794 1049 3105 1103; x_wconf 89' lang='lat' dir='ltr'><strong>celebratur</strong></span> <span class='ocrx_word' id='word_1_182' title='bbox 3129 1046 3368 1115; x_wconf 76' lang='lat' dir='ltr'><strong>Spiritus</strong></span> <span class='ocrx_word' id='word_1_183' title='bbox 3386 1057 3632 1113; x_wconf 87' lang='lat' dir='ltr'><strong>sanctus,</strong></span> 
     </span>
    </p>
   </div>
   <div class='ocr_carea' id='block_1_27' title="bbox 2050 1133 3631 1199">
    <p class='ocr_par' dir='ltr' id='par_1_27' title="bbox 2050 1133 3631 1199">
     <span class='ocr_line' id='line_1_27' title="bbox 2050 1133 3631 1199; baseline 0.003 -12"><span class='ocrx_word' id='word_1_184' title='bbox 2050 1133 2333 1195; x_wconf 75' lang='lat' dir='ltr'><strong>individua</strong></span> <span class='ocrx_word' id='word_1_185' title='bbox 2366 1134 2456 1187; x_wconf 89' lang='lat' dir='ltr'><strong>illa</strong></span> <span class='ocrx_word' id='word_1_186' title='bbox 2489 1143 2686 1191; x_wconf 86' lang='lat' dir='ltr'><strong>natura</strong></span> <span class='ocrx_word' id='word_1_187' title='bbox 2741 1136 2909 1193; x_wconf 89' lang='lat' dir='ltr'><strong>unius</strong></span> <span class='ocrx_word' id='word_1_188' title='bbox 2961 1134 3014 1195; x_wconf 82' lang='lat' dir='ltr'><strong>iu</strong></span> <span class='ocrx_word' id='word_1_189' title='bbox 3064 1133 3336 1199; x_wconf 77' lang='lat' dir='ltr'><strong>Trinitate</strong></span> <span class='ocrx_word' id='word_1_190' title='bbox 3386 1134 3631 1194; x_wconf 84' lang='lat' dir='ltr'><strong>deitatis.</strong></span> 
     </span>
    </p>
   </div>
   <div class='ocr_carea' id='block_1_28' title="bbox 2052 1224 3633 1301">
    <p class='ocr_par' dir='ltr' id='par_1_28' title="bbox 2052 1224 3633 1301">
     <span class='ocr_line' id='line_1_28' title="bbox 2052 1224 3633 1301; baseline -0.001 -22"><span class='ocrx_word' id='word_1_191' title='bbox 2052 1224 2378 1295; x_wconf 81' lang='lat' dir='ltr'><strong>liujusmodi</strong></span> <span class='ocrx_word' id='word_1_192' title='bbox 2426 1237 2579 1295; x_wconf 87' lang='lat' dir='ltr'><strong>puto,</strong></span> <span class='ocrx_word' id='word_1_193' title='bbox 2612 1226 2874 1285; x_wconf 89' lang='lat' dir='ltr'><strong>dicebant</strong></span> <span class='ocrx_word' id='word_1_194' title='bbox 2909 1226 3373 1301; x_wconf 84' lang='lat' dir='ltr'><strong>celebrabantque</strong></span> <span class='ocrx_word' id='word_1_195' title='bbox 3406 1227 3509 1280; x_wconf 85' lang='lat' dir='ltr'><strong>viri</strong></span> <span class='ocrx_word' id='word_1_196' title='bbox 3554 1227 3633 1289; x_wconf 82' lang='lat' dir='ltr'><strong>illi</strong></span> 
     </span>
    </p>
   </div>
   <div class='ocr_carea' id='block_1_29' title="bbox 1998 1314 3635 1386">
    <p class='ocr_par' dir='ltr' id='par_1_29' title="bbox 1998 1314 3635 1386">
     <span class='ocr_line' id='line_1_29' title="bbox 1998 1314 3635 1386; baseline 0 -17"><span class='ocrx_word' id='word_1_197' title='bbox 1998 1356 2021 1369; x_wconf 52' lang='grc' dir='ltr'><em>ί</em></span> <span class='ocrx_word' id='word_1_198' title='bbox 2051 1314 2164 1373; x_wconf 87' lang='lat' dir='ltr'><strong>Deo</strong></span> <span class='ocrx_word' id='word_1_199' title='bbox 2196 1315 2397 1381; x_wconf 88' lang='lat' dir='ltr'><strong>aﬁlati,</strong></span> <span class='ocrx_word' id='word_1_200' title='bbox 2447 1325 2616 1386; x_wconf 85' lang='lat' dir='ltr'><strong>atque</strong></span> <span class='ocrx_word' id='word_1_201' title='bbox 2661 1317 3105 1383; x_wconf 85' lang='lat' dir='ltr'><strong>iis,sublimiora</strong></span> <span class='ocrx_word' id='word_1_202' title='bbox 3141 1335 3155 1370; x_wconf 89' lang='lat'><strong>:</strong></span> <span class='ocrx_word' id='word_1_203' title='bbox 3192 1333 3302 1370; x_wconf 92' lang='lat' dir='ltr'><strong>non</strong></span> <span class='ocrx_word' id='word_1_204' title='bbox 3337 1316 3483 1370; x_wconf 85' lang='lat' dir='ltr'><strong>enim</strong></span> <span class='ocrx_word' id='word_1_205' title='bbox 3516 1316 3635 1371; x_wconf 87' lang='lat' dir='ltr'><strong>scio</strong></span> 
     </span>
    </p>
   </div>
   <div class='ocr_carea' id='block_1_30' title="bbox 2050 1406 3636 1480">
    <p class='ocr_par' dir='ltr' id='par_1_30' title="bbox 2050 1406 3636 1480">
     <span class='ocr_line' id='line_1_30' title="bbox 2050 1406 3636 1480; baseline 0.001 -21"><span class='ocrx_word' id='word_1_206' title='bbox 2050 1406 2181 1479; x_wconf 87' lang='lat' dir='ltr'><strong>quid</strong></span> <span class='ocrx_word' id='word_1_207' title='bbox 2215 1409 2453 1479; x_wconf 81' lang='lat' dir='ltr'><strong>amplius</strong></span> <span class='ocrx_word' id='word_1_208' title='bbox 2482 1409 2685 1474; x_wconf 84' lang='lat' dir='ltr'><strong>dicam,</strong></span> <span class='ocrx_word' id='word_1_209' title='bbox 2710 1409 2807 1480; x_wconf 90' lang='lat' dir='ltr'><strong>qui</strong></span> <span class='ocrx_word' id='word_1_210' title='bbox 2846 1409 2952 1466; x_wconf 89' lang='lat' dir='ltr'><strong>sim</strong></span> <span class='ocrx_word' id='word_1_211' title='bbox 2985 1420 3131 1463; x_wconf 87' lang='lat' dir='ltr'><strong>terra</strong></span> <span class='ocrx_word' id='word_1_212' title='bbox 3157 1417 3211 1469; x_wconf 87' lang='lat' dir='ltr'><strong>et</strong></span> <span class='ocrx_word' id='word_1_213' title='bbox 3243 1408 3408 1473; x_wconf 90' lang='lat' dir='ltr'><strong>cinis,</strong></span> <span class='ocrx_word' id='word_1_214' title='bbox 3455 1422 3636 1462; x_wconf 86' lang='lat' dir='ltr'><strong>mera-</strong></span> 
     </span>
    </p>
   </div>
   <div class='ocr_carea' id='block_1_31' title="bbox 2048 1496 3635 1577">
    <p class='ocr_par' dir='ltr' id='par_1_31' title="bbox 2048 1496 3635 1577">
     <span class='ocr_line' id='line_1_31' title="bbox 2048 1496 3635 1577; baseline 0 -25"><span class='ocrx_word' id='word_1_215' title='bbox 2048 1515 2160 1568; x_wconf 87' lang='lat' dir='ltr'><strong>que</strong></span> <span class='ocrx_word' id='word_1_216' title='bbox 2188 1500 2441 1569; x_wconf 88' lang='lat' dir='ltr'><strong>putredo,</strong></span> <span class='ocrx_word' id='word_1_217' title='bbox 2467 1514 2533 1555; x_wconf 89' lang='lat' dir='ltr'><strong>ac</strong></span> <span class='ocrx_word' id='word_1_218' title='bbox 2565 1502 2710 1557; x_wconf 81' lang='lat' dir='ltr'><strong>velut</strong></span> <span class='ocrx_word' id='word_1_219' title='bbox 2742 1516 2969 1577; x_wconf 63' lang='lat' dir='ltr'><strong>serpens</strong></span> <span class='ocrx_word' id='word_1_220' title='bbox 3016 1508 3207 1554; x_wconf 78' lang='lat' dir='ltr'><strong>ventre</strong></span> <span class='ocrx_word' id='word_1_221' title='bbox 3240 1514 3448 1570; x_wconf 82' lang='lat' dir='ltr'><strong>repam.</strong></span> <span class='ocrx_word' id='word_1_222' title='bbox 3486 1496 3635 1573; x_wconf 61' lang='lat' dir='ltr'><strong>Satis</strong></span> 
     </span>
    </p>
   </div>
   <div class='ocr_carea' id='block_1_32' title="bbox 2050 1591 3629 1662">
    <p class='ocr_par' dir='ltr' id='par_1_32' title="bbox 2050 1591 3629 1662">
     <span class='ocr_line' id='line_1_32' title="bbox 2050 1591 3629 1662; baseline -0.004 -14"><span class='ocrx_word' id='word_1_223' title='bbox 2050 1607 2182 1648; x_wconf 82' lang='lat' dir='ltr'><strong>vero</strong></span> <span class='ocrx_word' id='word_1_224' title='bbox 2241 1607 2340 1662; x_wconf 87' lang='lat' dir='ltr'><strong>pro</strong></span> <span class='ocrx_word' id='word_1_225' title='bbox 2388 1592 2536 1648; x_wconf 83' lang='lat' dir='ltr'><strong>virili</strong></span> <span class='ocrx_word' id='word_1_226' title='bbox 2592 1593 2869 1649; x_wconf 86' lang='lat' dir='ltr'><strong>sermonis</strong></span> <span class='ocrx_word' id='word_1_227' title='bbox 2918 1591 3103 1653; x_wconf 85' lang='lat' dir='ltr'><strong>debito</strong></span> <span class='ocrx_word' id='word_1_228' title='bbox 3136 1591 3430 1647; x_wconf 77' lang='lat' dir='ltr'><strong>defunctus</strong></span> <span class='ocrx_word' id='word_1_229' title='bbox 3465 1605 3629 1655; x_wconf 83' lang='lat' dir='ltr'><strong>sum,</strong></span> 
     </span>
    </p>
   </div>
   <div class='ocr_carea' id='block_1_33' title="bbox 2050 1680 3632 1755">
    <p class='ocr_par' dir='ltr' id='par_1_33' title="bbox 2050 1680 3632 1755">
     <span class='ocr_line' id='line_1_33' title="bbox 2050 1680 3632 1755; baseline -0.003 -18"><span class='ocrx_word' id='word_1_230' title='bbox 2050 1684 2223 1748; x_wconf 91' lang='lat' dir='ltr'><strong>nullo,</strong></span> <span class='ocrx_word' id='word_1_231' title='bbox 2247 1691 2306 1737; x_wconf 91' lang='lat' dir='ltr'><strong>ut</strong></span> <span class='ocrx_word' id='word_1_232' title='bbox 2326 1683 2589 1750; x_wconf 80' lang='lat' dir='ltr'><strong>arbitror,</strong></span> <span class='ocrx_word' id='word_1_233' title='bbox 2645 1685 2879 1749; x_wconf 87' lang='lat' dir='ltr'><strong>omisso,</strong></span> <span class='ocrx_word' id='word_1_234' title='bbox 2908 1696 3100 1738; x_wconf 92' lang='lat' dir='ltr'><strong>eorum</strong></span> <span class='ocrx_word' id='word_1_235' title='bbox 3131 1696 3253 1755; x_wconf 70' lang='lat' dir='ltr'><strong>qua:</strong></span> <span class='ocrx_word' id='word_1_236' title='bbox 3283 1686 3535 1750; x_wconf 80' lang='lat' dir='ltr'><strong>spectant</strong></span> <span class='ocrx_word' id='word_1_237' title='bbox 3564 1680 3632 1745; x_wconf 83' lang='lat' dir='ltr'><strong>ad</strong></span> 
     </span>
    </p>
   </div>
   <div class='ocr_carea' id='block_1_34' title="bbox 328 1761 1964 1849">
    <p class='ocr_par' dir='ltr' id='par_1_34' title="bbox 328 1761 1944 1837">
     <span class='ocr_line' id='line_1_34' title="bbox 328 1761 1944 1837; baseline 0.002 -20"><span class='ocrx_word' id='word_1_238' title='bbox 328 1816 335 1821; x_wconf 96' lang='lat'><em>_</em></span> <span class='ocrx_word' id='word_1_239' title='bbox 360 1765 668 1836; x_wconf 84' lang='grc' dir='ltr'>πρόθυμον.</span> <span class='ocrx_word' id='word_1_240' title='bbox 701 1766 926 1832; x_wconf 80' lang='grc' dir='ltr'>Δέξεται</span> <span class='ocrx_word' id='word_1_241' title='bbox 948 1767 1007 1820; x_wconf 81' lang='grc' dir='ltr'>δὲ</span> <span class='ocrx_word' id='word_1_242' title='bbox 1027 1765 1191 1837; x_wconf 75' lang='grc' dir='ltr'>ἡμῶν</span> <span class='ocrx_word' id='word_1_243' title='bbox 1217 1767 1316 1820; x_wconf 81' lang='grc' dir='ltr'>καὶ</span> <span class='ocrx_word' id='word_1_244' title='bbox 1341 1766 1553 1830; x_wconf 81' lang='grc' dir='ltr'>τοῦτον,</span> <span class='ocrx_word' id='word_1_245' title='bbox 1598 1761 1659 1818; x_wconf 85' lang='grc' dir='ltr'>εὖ</span> <span class='ocrx_word' id='word_1_246' title='bbox 1689 1761 1826 1831; x_wconf 78' lang='grc' dir='ltr'>οἶδα,</span> <span class='ocrx_word' id='word_1_247' title='bbox 1854 1766 1944 1821; x_wconf 81' lang='grc' dir='ltr'><strong>τὸν</strong></span> 
     </span>
    </p>
   </div>
   <div class='ocr_carea' id='block_1_35' title="bbox 2042 1761 3633 1849">
    <p class='ocr_par' dir='ltr' id='par_1_35' title="bbox 2050 1772 3633 1849">
     <span class='ocr_line' id='line_1_35' title="bbox 2050 1772 3633 1849; baseline -0.003 -20"><span class='ocrx_word' id='word_1_248' title='bbox 2050 1777 2340 1845; x_wconf 82' lang='lat' dir='ltr'><strong>praesentis</strong></span> <span class='ocrx_word' id='word_1_249' title='bbox 2375 1775 2486 1832; x_wconf 89' lang='lat' dir='ltr'><strong>diei</strong></span> <span class='ocrx_word' id='word_1_250' title='bbox 2550 1775 2777 1833; x_wconf 81' lang='lat' dir='ltr'><strong>festum.</strong></span> <span class='ocrx_word' id='word_1_251' title='bbox 2817 1775 2913 1833; x_wconf 90' lang='lat' dir='ltr'><strong>Sin</strong></span> <span class='ocrx_word' id='word_1_252' title='bbox 2953 1774 3158 1849; x_wconf 85' lang='lat' dir='ltr'><strong>aliquis</strong></span> <span class='ocrx_word' id='word_1_253' title='bbox 3195 1774 3489 1829; x_wconf 86' lang='lat' dir='ltr'><strong>sublimius</strong></span> <span class='ocrx_word' id='word_1_254' title='bbox 3532 1772 3633 1825; x_wconf 85' lang='lat' dir='ltr'><strong>ali-</strong></span> 
     </span>
    </p>
   </div>
   <div class='ocr_carea' id='block_1_36' title="bbox 361 1855 1954 1928">
    <p class='ocr_par' dir='ltr' id='par_1_36' title="bbox 361 1855 1954 1928">
     <span class='ocr_line' id='line_1_36' title="bbox 361 1855 1954 1928; baseline 0.001 -19"><span class='ocrx_word' id='word_1_255' title='bbox 361 1855 700 1928; x_wconf 81' lang='grc' dir='ltr'>βραχύτατον</span> <span class='ocrx_word' id='word_1_256' title='bbox 722 1856 934 1928; x_wconf 83' lang='grc' dir='ltr'>λόγονή</span> <span class='ocrx_word' id='word_1_257' title='bbox 973 1856 1210 1910; x_wconf 85' lang='grc' dir='ltr'>τεκοῦσα</span> <span class='ocrx_word' id='word_1_258' title='bbox 1243 1856 1333 1909; x_wconf 85' lang='grc' dir='ltr'><strong>τὸν</strong></span> <span class='ocrx_word' id='word_1_259' title='bbox 1367 1855 1525 1925; x_wconf 84' lang='grc' dir='ltr'>λόγον</span> <span class='ocrx_word' id='word_1_260' title='bbox 1552 1873 1565 1887; x_wconf 90' lang='grc'><strong>·</strong></span> <span class='ocrx_word' id='word_1_261' title='bbox 1611 1857 1705 1909; x_wconf 79' lang='grc' dir='ltr'><strong>καὶ</strong></span> <span class='ocrx_word' id='word_1_262' title='bbox 1728 1855 1954 1910; x_wconf 66' lang='grc' dir='ltr'>ἀντιδώσ-</span> 
     </span>
    </p>
   </div>
   <div class='ocr_carea' id='block_1_37' title="bbox 360 1945 1955 2018">
    <p class='ocr_par' dir='ltr' id='par_1_37' title="bbox 360 1945 1955 2018">
     <span class='ocr_line' id='line_1_37' title="bbox 360 1945 1955 2018; baseline 0.001 -18"><span class='ocrx_word' id='word_1_263' title='bbox 360 1964 445 2009; x_wconf 82' lang='grc' dir='ltr'><strong>σει</strong></span> <span class='ocrx_word' id='word_1_264' title='bbox 477 1947 575 2018; x_wconf 86' lang='grc' dir='ltr'>οὐχ</span> <span class='ocrx_word' id='word_1_265' title='bbox 608 1947 711 2005; x_wconf 73' lang='grc' dir='ltr'>ὖσα</span> <span class='ocrx_word' id='word_1_266' title='bbox 740 1946 843 2017; x_wconf 78' lang='grc' dir='ltr'>μὲν</span> <span class='ocrx_word' id='word_1_267' title='bbox 876 1948 1009 2010; x_wconf 86' lang='grc' dir='ltr'>ῐσως</span> <span class='ocrx_word' id='word_1_268' title='bbox 1048 1945 1334 2017; x_wconf 78' lang='grc' dir='ltr'>αἰτοῦμεν,</span> <span class='ocrx_word' id='word_1_269' title='bbox 1365 1947 1470 2000; x_wconf 86' lang='grc' dir='ltr'>ὅσα</span> <span class='ocrx_word' id='word_1_270' title='bbox 1503 1946 1562 2000; x_wconf 81' lang='grc' dir='ltr'>δὲ</span> <span class='ocrx_word' id='word_1_271' title='bbox 1601 1948 1821 2011; x_wconf 70' lang='grc' dir='ltr'>πάντως</span> <span class='ocrx_word' id='word_1_272' title='bbox 1857 1947 1955 2002; x_wconf 88' lang='grc' dir='ltr'>λα-</span> 
     </span>
    </p>
   </div>
   <div class='ocr_carea' id='block_1_38' title="bbox 354 2037 1952 2110">
    <p class='ocr_par' dir='ltr' id='par_1_38' title="bbox 354 2037 1952 2110">
     <span class='ocr_line' id='line_1_38' title="bbox 354 2037 1952 2110; baseline 0.001 -18"><span class='ocrx_word' id='word_1_273' title='bbox 354 2039 480 2092; x_wconf 73' lang='grc' dir='ltr'>εεῖν</span> <span class='ocrx_word' id='word_1_274' title='bbox 510 2041 699 2110; x_wconf 42' lang='grc' dir='ltr'>ἐσμεν,</span> <span class='ocrx_word' id='word_1_275' title='bbox 720 2038 882 2106; x_wconf 63' lang='grc' dir='ltr'>ἄξιοι,</span> <span class='ocrx_word' id='word_1_276' title='bbox 913 2038 1066 2091; x_wconf 83' lang='grc' dir='ltr'>Φιλετ</span> <span class='ocrx_word' id='word_1_277' title='bbox 1095 2037 1206 2109; x_wconf 85' lang='grc' dir='ltr'>γὰρ</span> <span class='ocrx_word' id='word_1_278' title='bbox 1238 2039 1272 2108; x_wconf 77' lang='grc' dir='ltr'><strong>ἡ</strong></span> <span class='ocrx_word' id='word_1_279' title='bbox 1310 2039 1577 2107; x_wconf 85' lang='grc' dir='ltr'>πανάγιος</span> <span class='ocrx_word' id='word_1_280' title='bbox 1606 2037 1684 2102; x_wconf 84' lang='grc' dir='ltr'>ὡς</span> <span class='ocrx_word' id='word_1_281' title='bbox 1712 2038 1952 2093; x_wconf 87' lang='grc' dir='ltr'>πολύδω-</span> 
     </span>
    </p>
   </div>
   <div class='ocr_carea' id='block_1_39' title="bbox 360 2128 1944 2202">
    <p class='ocr_par' dir='ltr' id='par_1_39' title="bbox 360 2128 1944 2202">
     <span class='ocr_line' id='line_1_39' title="bbox 360 2128 1944 2202; baseline -0.001 -19"><span class='ocrx_word' id='word_1_282' title='bbox 360 2146 483 2201; x_wconf 75' lang='grc' dir='ltr'>ρος,</span> <span class='ocrx_word' id='word_1_283' title='bbox 532 2131 629 2191; x_wconf 78' lang='grc' dir='ltr'>καὶ</span> <span class='ocrx_word' id='word_1_284' title='bbox 680 2130 787 2187; x_wconf 81' lang='grc' dir='ltr'><strong>τῶν</strong></span> <span class='ocrx_word' id='word_1_285' title='bbox 828 2128 1188 2202; x_wconf 83' lang='grc' dir='ltr'>βραχυτάτων</span> <span class='ocrx_word' id='word_1_286' title='bbox 1235 2128 1563 2183; x_wconf 83' lang='grc' dir='ltr'>ἀντιδιδόναι</span> <span class='ocrx_word' id='word_1_287' title='bbox 1601 2128 1670 2183; x_wconf 81' lang='grc' dir='ltr'>τὰ</span> <span class='ocrx_word' id='word_1_288' title='bbox 1699 2128 1944 2200; x_wconf 73' lang='grc' dir='ltr'>μείζονα.</span> 
     </span>
    </p>
   </div>
   <div class='ocr_carea' id='block_1_40' title="bbox 356 2214 1942 2293">
    <p class='ocr_par' dir='ltr' id='par_1_40' title="bbox 356 2214 1942 2293">
     <span class='ocr_line' id='line_1_40' title="bbox 356 2214 1942 2293; baseline -0.002 -17"><span class='ocrx_word' id='word_1_289' title='bbox 356 2222 471 2280; x_wconf 74' lang='grc' dir='ltr'><strong>Καὶ</strong></span> <span class='ocrx_word' id='word_1_290' title='bbox 518 2216 622 2276; x_wconf 60' lang='grc' dir='ltr'><strong>ὧὰ</strong></span> <span class='ocrx_word' id='word_1_291' title='bbox 677 2220 778 2292; x_wconf 79' lang='grc' dir='ltr'>μὲν</span> <span class='ocrx_word' id='word_1_292' title='bbox 830 2221 1003 2279; x_wconf 80' lang='grc' dir='ltr'>ταῦτα</span> <span class='ocrx_word' id='word_1_293' title='bbox 1031 2221 1242 2291; x_wconf 81' lang='grc' dir='ltr'>ὲχέτω’</span> <span class='ocrx_word' id='word_1_294' title='bbox 1281 2221 1446 2289; x_wconf 79' lang='grc' dir='ltr'>ἡμεῖς</span> <span class='ocrx_word' id='word_1_295' title='bbox 1499 2221 1577 2287; x_wconf 81' lang='grc' dir='ltr'><strong>δὲ,</strong></span> <span class='ocrx_word' id='word_1_296' title='bbox 1625 2214 1672 2274; x_wconf 82' lang='grc' dir='ltr'>ὧ</span> <span class='ocrx_word' id='word_1_297' title='bbox 1713 2221 1942 2293; x_wconf 73' lang='grc' dir='ltr'>λαμπρὰ</span> 
     </span>
    </p>
   </div>
   <div class='ocr_carea' id='block_1_41' title="bbox 356 2308 1938 2383">
    <p class='ocr_par' dir='ltr' id='par_1_41' title="bbox 356 2308 1938 2383">
     <span class='ocr_line' id='line_1_41' title="bbox 356 2308 1938 2383; baseline 0.001 -20"><span class='ocrx_word' id='word_1_298' title='bbox 356 2313 455 2365; x_wconf 75' lang='grc' dir='ltr'><strong>καὶ</strong></span> <span class='ocrx_word' id='word_1_299' title='bbox 519 2312 968 2382; x_wconf 70' lang='grc' dir='ltr'>περιφανεστάτη</span> <span class='ocrx_word' id='word_1_300' title='bbox 1027 2312 1334 2383; x_wconf 81' lang='grc' dir='ltr'>πανήγυρις</span> <span class='ocrx_word' id='word_1_301' title='bbox 1383 2308 1578 2381; x_wconf 79' lang='grc' dir='ltr'>(καλῶ</span> <span class='ocrx_word' id='word_1_302' title='bbox 1625 2311 1734 2382; x_wconf 84' lang='grc' dir='ltr'><strong>γὰρ</strong></span> <span class='ocrx_word' id='word_1_303' title='bbox 1783 2308 1938 2375; x_wconf 78' lang='grc' dir='ltr'>αὖθις</span> 
     </span>
    </p>
   </div>
   <div class='ocr_carea' id='block_1_42' title="bbox 356 2401 1939 2475">
    <p class='ocr_par' dir='ltr' id='par_1_42' title="bbox 356 2401 1939 2475">
     <span class='ocr_line' id='line_1_42' title="bbox 356 2401 1939 2475; baseline -0.001 -19"><span class='ocrx_word' id='word_1_304' title='bbox 356 2403 507 2472; x_wconf 74' lang='grc' dir='ltr'>ὑμᾶς</span> <span class='ocrx_word' id='word_1_305' title='bbox 544 2403 683 2475; x_wconf 83' lang='grc' dir='ltr'>πρὸς</span> <span class='ocrx_word' id='word_1_306' title='bbox 712 2404 773 2465; x_wconf 74' lang='grc' dir='ltr'><strong>τὸ</strong></span> <span class='ocrx_word' id='word_1_307' title='bbox 808 2402 903 2467; x_wconf 70' lang='grc' dir='ltr'><strong>τοῦ</strong></span> <span class='ocrx_word' id='word_1_308' title='bbox 930 2403 1093 2472; x_wconf 68' lang='grc' dir='ltr'>λόγου</span> <span class='ocrx_word' id='word_1_309' title='bbox 1141 2401 1581 2473; x_wconf 74' lang='grc' dir='ltr'>συμπέρασμα),</span> <span class='ocrx_word' id='word_1_310' title='bbox 1619 2402 1800 2474; x_wconf 85' lang='grc' dir='ltr'>δεῦρο,</span> <span class='ocrx_word' id='word_1_311' title='bbox 1838 2403 1939 2473; x_wconf 78' lang='grc' dir='ltr'>τῆς</span> 
     </span>
    </p>
   </div>
   <div class='ocr_carea' id='block_1_43' title="bbox 358 2491 1939 2566">
    <p class='ocr_par' dir='ltr' id='par_1_43' title="bbox 358 2491 1939 2566">
     <span class='ocr_line' id='line_1_43' title="bbox 358 2491 1939 2566; baseline 0 -22"><span class='ocrx_word' id='word_1_312' title='bbox 358 2493 515 2564; x_wconf 76' lang='grc' dir='ltr'>ἱερᾶς</span> <span class='ocrx_word' id='word_1_313' title='bbox 551 2494 885 2566; x_wconf 81' lang='grc' dir='ltr'>προπομπῆς</span> <span class='ocrx_word' id='word_1_314' title='bbox 914 2492 1008 2547; x_wconf 86' lang='grc' dir='ltr'><strong>τοῦ</strong></span> <span class='ocrx_word' id='word_1_315' title='bbox 1030 2491 1367 2565; x_wconf 74' lang='grc' dir='ltr'>παρθενικοῦ</span> <span class='ocrx_word' id='word_1_316' title='bbox 1390 2491 1641 2562; x_wconf 86' lang='grc' dir='ltr'>σώματος</span> <span class='ocrx_word' id='word_1_317' title='bbox 1679 2491 1939 2564; x_wconf 74' lang='grc' dir='ltr'>προεξερ-</span> 
     </span>
    </p>
   </div>
   <div class='ocr_carea' id='block_1_44' title="bbox 356 2581 1946 2657">
    <p class='ocr_par' dir='ltr' id='par_1_44' title="bbox 356 2581 1946 2657">
     <span class='ocr_line' id='line_1_44' title="bbox 356 2581 1946 2657; baseline 0.001 -21"><span class='ocrx_word' id='word_1_318' title='bbox 356 2599 567 2653; x_wconf 81' lang='grc' dir='ltr'>χοντες,</span> <span class='ocrx_word' id='word_1_319' title='bbox 607 2582 825 2657; x_wconf 76' lang='grc' dir='ltr'>ᾄδωμεν</span> <span class='ocrx_word' id='word_1_320' title='bbox 852 2583 1167 2654; x_wconf 79' lang='grc' dir='ltr'>ὲπικήδεια,</span> <span class='ocrx_word' id='word_1_321' title='bbox 1209 2582 1307 2636; x_wconf 79' lang='grc' dir='ltr'>καὶ</span> <span class='ocrx_word' id='word_1_322' title='bbox 1330 2583 1453 2645; x_wconf 72' lang='grc' dir='ltr'>ταῖς</span> <span class='ocrx_word' id='word_1_323' title='bbox 1489 2584 1570 2645; x_wconf 87' lang='grc' dir='ltr'><strong>είς</strong></span> <span class='ocrx_word' id='word_1_324' title='bbox 1610 2581 1840 2652; x_wconf 88' lang='grc' dir='ltr'>δύναμιν</span> <span class='ocrx_word' id='word_1_325' title='bbox 1865 2598 1946 2637; x_wconf 86' lang='grc' dir='ltr'>τι-</span> 
     </span>
    </p>
   </div>
   <div class='ocr_carea' id='block_1_45' title="bbox 358 2672 1940 2751">
    <p class='ocr_par' dir='ltr' id='par_1_45' title="bbox 358 2672 1940 2751">
     <span class='ocr_line' id='line_1_45' title="bbox 358 2672 1940 2751; baseline 0.002 -24"><span class='ocrx_word' id='word_1_326' title='bbox 358 2676 494 2745; x_wconf 82' lang='grc' dir='ltr'>μαῖς</span> <span class='ocrx_word' id='word_1_327' title='bbox 535 2672 978 2746; x_wconf 75' lang='grc' dir='ltr'>στεφανώσωμεν</span> <span class='ocrx_word' id='word_1_328' title='bbox 1021 2675 1123 2744; x_wconf 82' lang='grc' dir='ltr'>τῆς</span> <span class='ocrx_word' id='word_1_329' title='bbox 1177 2674 1375 2747; x_wconf 68' lang='grc' dir='ltr'>ἑορτῆς</span> <span class='ocrx_word' id='word_1_330' title='bbox 1428 2673 1529 2747; x_wconf 78' lang='grc' dir='ltr'>τὴν</span> <span class='ocrx_word' id='word_1_331' title='bbox 1576 2674 1940 2751; x_wconf 79' lang='grc' dir='ltr'>ὲξὰρχουσαν.</span> 
     </span>
    </p>
   </div>
   <div class='ocr_carea' id='block_1_46' title="bbox 368 2766 1947 2838">
    <p class='ocr_par' dir='ltr' id='par_1_46' title="bbox 368 2766 1947 2838">
     <span class='ocr_line' id='line_1_46' title="bbox 368 2766 1947 2838; baseline 0.001 -20"><span class='ocrx_word' id='word_1_332' title='bbox 368 2766 461 2829; x_wconf 83' lang='grc' dir='ltr'>Ὧς</span> <span class='ocrx_word' id='word_1_333' title='bbox 505 2766 574 2830; x_wconf 61' lang='lat' dir='ltr'><strong>av</strong></span> <span class='ocrx_word' id='word_1_334' title='bbox 607 2766 664 2820; x_wconf 77' lang='grc' dir='ltr'>δὲ</span> <span class='ocrx_word' id='word_1_335' title='bbox 708 2766 870 2823; x_wconf 81' lang='grc' dir='ltr'>τοῦτο</span> <span class='ocrx_word' id='word_1_336' title='bbox 913 2766 1379 2838; x_wconf 78' lang='grc' dir='ltr'>περιφανέστερον</span> <span class='ocrx_word' id='word_1_337' title='bbox 1428 2770 1661 2835; x_wconf 82' lang='grc' dir='ltr'>γένοιτο,</span> <span class='ocrx_word' id='word_1_338' title='bbox 1714 2768 1947 2837; x_wconf 77' lang='grc' dir='ltr'>παρήτῳ</span> 
     </span>
    </p>
   </div>
   <div class='ocr_carea' id='block_1_47' title="bbox 354 2857 1943 2935">
    <p class='ocr_par' dir='ltr' id='par_1_47' title="bbox 354 2857 1943 2935">
     <span class='ocr_line' id='line_1_47' title="bbox 354 2857 1943 2935; baseline -0.001 -22"><span class='ocrx_word' id='word_1_339' title='bbox 354 2857 515 2921; x_wconf 71' lang='grc' dir='ltr'>πᾶσα</span> <span class='ocrx_word' id='word_1_340' title='bbox 556 2860 793 2931; x_wconf 81' lang='grc' dir='ltr'>σήμερον</span> <span class='ocrx_word' id='word_1_341' title='bbox 829 2858 1101 2930; x_wconf 81' lang='grc' dir='ltr'>οὐρανίων</span> <span class='ocrx_word' id='word_1_342' title='bbox 1157 2859 1254 2914; x_wconf 78' lang='grc' dir='ltr'><strong>καὶ</strong></span> <span class='ocrx_word' id='word_1_343' title='bbox 1304 2858 1565 2928; x_wconf 71' lang='grc' dir='ltr'>ἐπιγείων</span> <span class='ocrx_word' id='word_1_344' title='bbox 1610 2860 1943 2935; x_wconf 84' lang='grc' dir='ltr'>πανήγυρις,</span> 
     </span>
    </p>
   </div>
   <div class='ocr_carea' id='block_1_48' title="bbox 355 2947 1944 3023">
    <p class='ocr_par' dir='ltr' id='par_1_48' title="bbox 355 2947 1944 3023">
     <span class='ocr_line' id='line_1_48' title="bbox 355 2947 1944 3023; baseline 0.002 -21"><span class='ocrx_word' id='word_1_345' title='bbox 355 2951 455 3011; x_wconf 75' lang='grc' dir='ltr'>καὶ</span> <span class='ocrx_word' id='word_1_346' title='bbox 492 2950 895 3023; x_wconf 82' lang='grc' dir='ltr'>συμπληρούτω</span> <span class='ocrx_word' id='word_1_347' title='bbox 930 2967 1022 3022; x_wconf 88' lang='grc' dir='ltr'><strong>μοι</strong></span> <span class='ocrx_word' id='word_1_348' title='bbox 1056 2948 1158 3021; x_wconf 74' lang='grc' dir='ltr'>τὴν</span> <span class='ocrx_word' id='word_1_349' title='bbox 1194 2948 1397 3016; x_wconf 76' lang='grc' dir='ltr'>ἐξόδιον</span> <span class='ocrx_word' id='word_1_350' title='bbox 1434 2947 1693 3021; x_wconf 82' lang='grc' dir='ltr'>ὖμνησιν,</span> <span class='ocrx_word' id='word_1_351' title='bbox 1733 2951 1792 3005; x_wconf 85' lang='grc' dir='ltr'>ὲν</span> <span class='ocrx_word' id='word_1_352' title='bbox 1817 2948 1944 3006; x_wconf 81' lang='grc' dir='ltr'>τού-</span> 
     </span>
    </p>
   </div>
   <div class='ocr_carea' id='block_1_49' title="bbox 352 3033 1321 3114">
    <p class='ocr_par' dir='ltr' id='par_1_49' title="bbox 352 3033 1321 3114">
     <span class='ocr_line' id='line_1_49' title="bbox 352 3033 1321 3114; baseline 0.004 -20"><span class='ocrx_word' id='word_1_353' title='bbox 352 3058 474 3108; x_wconf 78' lang='grc' dir='ltr'>τοις</span> <span class='ocrx_word' id='word_1_354' title='bbox 506 3033 875 3114; x_wconf 79' lang='grc' dir='ltr'>συγκειμένην</span> <span class='ocrx_word' id='word_1_355' title='bbox 909 3044 1023 3106; x_wconf 80' lang='grc' dir='ltr'>τοῖς</span> <span class='ocrx_word' id='word_1_356' title='bbox 1062 3042 1321 3114; x_wconf 77' lang='grc' dir='ltr'>ῥήμασιν.</span> 
     </span>
    </p>
   </div>
   <div class='ocr_carea' id='block_1_50' title="bbox 2047 1866 3633 1938">
    <p class='ocr_par' dir='ltr' id='par_1_50' title="bbox 2047 1866 3633 1938">
     <span class='ocr_line' id='line_1_50' title="bbox 2047 1866 3633 1938; baseline -0.002 -16"><span class='ocrx_word' id='word_1_357' title='bbox 2047 1868 2179 1938; x_wconf 89' lang='lat' dir='ltr'><strong>quid</strong></span> <span class='ocrx_word' id='word_1_358' title='bbox 2214 1870 2281 1923; x_wconf 90' lang='lat' dir='ltr'><strong>ad</strong></span> <span class='ocrx_word' id='word_1_359' title='bbox 2310 1870 2425 1923; x_wconf 65' lang='lat' dir='ltr'><strong>haec</strong></span> <span class='ocrx_word' id='word_1_360' title='bbox 2449 1869 2763 1936; x_wconf 85' lang='lat' dir='ltr'><strong>contulerit,</strong></span> <span class='ocrx_word' id='word_1_361' title='bbox 2795 1875 2848 1924; x_wconf 85' lang='lat' dir='ltr'><strong>et</strong></span> <span class='ocrx_word' id='word_1_362' title='bbox 2872 1868 3039 1935; x_wconf 83' lang='lat' dir='ltr'><strong>nobis</strong></span> <span class='ocrx_word' id='word_1_363' title='bbox 3069 1866 3200 1921; x_wconf 91' lang='lat' dir='ltr'><strong>illud</strong></span> <span class='ocrx_word' id='word_1_364' title='bbox 3232 1866 3540 1937; x_wconf 76' lang='lat' dir='ltr'><strong>collegerit,</strong></span> <span class='ocrx_word' id='word_1_365' title='bbox 3579 1874 3633 1919; x_wconf 84' lang='lat' dir='ltr'><strong>et</strong></span> 
     </span>
    </p>
   </div>
   <div class='ocr_carea' id='block_1_51' title="bbox 2045 1955 3631 2029">
    <p class='ocr_par' dir='ltr' id='par_1_51' title="bbox 2045 1955 3631 2029">
     <span class='ocr_line' id='line_1_51' title="bbox 2045 1955 3631 2029; baseline -0.003 -18"><span class='ocrx_word' id='word_1_366' title='bbox 2045 1959 2191 2029; x_wconf 90' lang='lat' dir='ltr'><strong>quod</strong></span> <span class='ocrx_word' id='word_1_367' title='bbox 2220 1960 2522 2016; x_wconf 81' lang='lat' dir='ltr'><strong>conventui</strong></span> <span class='ocrx_word' id='word_1_368' title='bbox 2563 1975 2628 2016; x_wconf 87' lang='lat' dir='ltr'><strong>ac</strong></span> <span class='ocrx_word' id='word_1_369' title='bbox 2657 1959 2970 2021; x_wconf 80' lang='lat' dir='ltr'><strong>celebritati</strong></span> <span class='ocrx_word' id='word_1_370' title='bbox 3005 1959 3141 2021; x_wconf 80' lang='lat' dir='ltr'><strong>utile</strong></span> <span class='ocrx_word' id='word_1_371' title='bbox 3171 1959 3265 2017; x_wconf 85' lang='lat' dir='ltr'><strong>sit.</strong></span> <span class='ocrx_word' id='word_1_372' title='bbox 3314 1955 3423 2013; x_wconf 86' lang='lat' dir='ltr'><strong>Ubi</strong></span> <span class='ocrx_word' id='word_1_373' title='bbox 3465 1972 3631 2028; x_wconf 86' lang='lat' dir='ltr'><strong>porro</strong></span> 
     </span>
    </p>
   </div>
   <div class='ocr_carea' id='block_1_52' title="bbox 2046 2051 3632 2123">
    <p class='ocr_par' dir='ltr' id='par_1_52' title="bbox 2046 2051 3632 2123">
     <span class='ocr_line' id='line_1_52' title="bbox 2046 2051 3632 2123; baseline -0.001 -17"><span class='ocrx_word' id='word_1_374' title='bbox 2046 2065 2220 2119; x_wconf 81' lang='lat' dir='ltr'><strong>pauca</strong></span> <span class='ocrx_word' id='word_1_375' title='bbox 2252 2052 2465 2118; x_wconf 82' lang='lat' dir='ltr'><strong>dixero,</strong></span> <span class='ocrx_word' id='word_1_376' title='bbox 2495 2069 2523 2106; x_wconf 86' lang='lat' dir='ltr'><strong>a</strong></span> <span class='ocrx_word' id='word_1_377' title='bbox 2550 2053 2827 2109; x_wconf 85' lang='lat' dir='ltr'><strong>sermonis</strong></span> <span class='ocrx_word' id='word_1_378' title='bbox 2850 2053 2999 2109; x_wconf 85' lang='lat' dir='ltr'><strong>velut</strong></span> <span class='ocrx_word' id='word_1_379' title='bbox 3026 2051 3257 2123; x_wconf 81' lang='lat' dir='ltr'><strong>remigio</strong></span> <span class='ocrx_word' id='word_1_380' title='bbox 3284 2059 3340 2105; x_wconf 89' lang='lat' dir='ltr'><strong>et</strong></span> <span class='ocrx_word' id='word_1_381' title='bbox 3363 2051 3632 2106; x_wconf 79' lang='lat' dir='ltr'><strong>concione</strong></span> 
     </span>
    </p>
   </div>
   <div class='ocr_carea' id='block_1_53' title="bbox 2044 2141 3627 2219">
    <p class='ocr_par' dir='ltr' id='par_1_53' title="bbox 2044 2141 3627 2219">
     <span class='ocr_line' id='line_1_53' title="bbox 2044 2141 3627 2219; baseline 0.001 -24"><span class='ocrx_word' id='word_1_382' title='bbox 2044 2142 2300 2199; x_wconf 88' lang='lat' dir='ltr'><strong>cessabo.</strong></span> <span class='ocrx_word' id='word_1_383' title='bbox 2336 2141 2604 2219; x_wconf 80' lang='lat' dir='ltr'><strong>Equidem</strong></span> <span class='ocrx_word' id='word_1_384' title='bbox 2630 2143 2798 2197; x_wconf 88' lang='lat' dir='ltr'><strong>simili</strong></span> <span class='ocrx_word' id='word_1_385' title='bbox 2828 2158 3021 2198; x_wconf 89' lang='lat' dir='ltr'><strong>onmes</strong></span> <span class='ocrx_word' id='word_1_386' title='bbox 3041 2143 3254 2199; x_wconf 82' lang='lat' dir='ltr'><strong>defectu</strong></span> <span class='ocrx_word' id='word_1_387' title='bbox 3289 2141 3627 2203; x_wconf 86' lang='lat' dir='ltr'><strong>laboramus,</strong></span> 
     </span>
    </p>
   </div>
   <div class='ocr_carea' id='block_1_54' title="bbox 2049 2232 3625 2304">
    <p class='ocr_par' dir='ltr' id='par_1_54' title="bbox 2049 2232 3625 2304">
     <span class='ocr_line' id='line_1_54' title="bbox 2049 2232 3625 2304; baseline 0 -17"><span class='ocrx_word' id='word_1_388' title='bbox 2049 2241 2107 2287; x_wconf 92' lang='lat' dir='ltr'><strong>ut</strong></span> <span class='ocrx_word' id='word_1_389' title='bbox 2143 2247 2212 2287; x_wconf 90' lang='lat' dir='ltr'><strong>ne</strong></span> <span class='ocrx_word' id='word_1_390' title='bbox 2244 2247 2342 2301; x_wconf 87' lang='lat' dir='ltr'><strong>pro</strong></span> <span class='ocrx_word' id='word_1_391' title='bbox 2370 2232 2663 2303; x_wconf 79' lang='lat' dir='ltr'><strong>dignitate,</strong></span> <span class='ocrx_word' id='word_1_392' title='bbox 2706 2235 2851 2304; x_wconf 84' lang='lat' dir='ltr'><strong>quod</strong></span> <span class='ocrx_word' id='word_1_393' title='bbox 2884 2235 2960 2289; x_wconf 91' lang='lat' dir='ltr'><strong>rei</strong></span> <span class='ocrx_word' id='word_1_394' title='bbox 2994 2241 3080 2289; x_wconf 84' lang='lat' dir='ltr'><strong>est</strong></span> <span class='ocrx_word' id='word_1_395' title='bbox 3122 2233 3625 2289; x_wconf 84' lang='lat' dir='ltr'><strong>celebraverimus:</strong></span> 
     </span>
    </p>
   </div>
   <div class='ocr_carea' id='block_1_55' title="bbox 2049 2324 3631 2396">
    <p class='ocr_par' dir='ltr' id='par_1_55' title="bbox 2049 2324 3631 2396">
     <span class='ocr_line' id='line_1_55' title="bbox 2049 2324 3631 2396; baseline 0.001 -19"><span class='ocrx_word' id='word_1_396' title='bbox 2049 2331 2107 2379; x_wconf 89' lang='lat' dir='ltr'><strong>ut</strong></span> <span class='ocrx_word' id='word_1_397' title='bbox 2137 2335 2320 2380; x_wconf 86' lang='lat' dir='ltr'><strong>autem</strong></span> <span class='ocrx_word' id='word_1_398' title='bbox 2352 2324 2485 2396; x_wconf 90' lang='lat' dir='ltr'><strong>quid</strong></span> <span class='ocrx_word' id='word_1_399' title='bbox 2513 2326 2751 2396; x_wconf 89' lang='lat' dir='ltr'><strong>quisque</strong></span> <span class='ocrx_word' id='word_1_400' title='bbox 2787 2326 2967 2395; x_wconf 83' lang='lat' dir='ltr'><strong>possit</strong></span> <span class='ocrx_word' id='word_1_401' title='bbox 2993 2325 3425 2389; x_wconf 82' lang='lat' dir='ltr'><strong>ostenderimus,</strong></span> <span class='ocrx_word' id='word_1_402' title='bbox 3474 2339 3631 2393; x_wconf 81' lang='lat' dir='ltr'><strong>aeque</strong></span> 
     </span>
    </p>
   </div>
   <div class='ocr_carea' id='block_1_56' title="bbox 2047 2414 3629 2496">
    <p class='ocr_par' dir='ltr' id='par_1_56' title="bbox 2047 2414 3629 2496">
     <span class='ocr_line' id='line_1_56' title="bbox 2047 2414 3629 2496; baseline -0.001 -28"><span class='ocrx_word' id='word_1_403' title='bbox 2047 2425 2295 2496; x_wconf 86' lang='lat' dir='ltr'><strong>prompta</strong></span> <span class='ocrx_word' id='word_1_404' title='bbox 2331 2417 2532 2487; x_wconf 86' lang='lat' dir='ltr'><strong>cuique</strong></span> <span class='ocrx_word' id='word_1_405' title='bbox 2574 2417 2866 2478; x_wconf 73' lang='lat' dir='ltr'><strong>.voluntas.</strong></span> <span class='ocrx_word' id='word_1_406' title='bbox 2903 2416 3077 2481; x_wconf 83' lang='lat' dir='ltr'><strong>Porro</strong></span> <span class='ocrx_word' id='word_1_407' title='bbox 3132 2417 3269 2494; x_wconf 82' lang='lat' dir='ltr'><strong>bene</strong></span> <span class='ocrx_word' id='word_1_408' title='bbox 3294 2416 3450 2484; x_wconf 85' lang='lat' dir='ltr'><strong>novi;</strong></span> <span class='ocrx_word' id='word_1_409' title='bbox 3480 2414 3629 2471; x_wconf 86' lang='lat' dir='ltr'><strong>hunc</strong></span> 
     </span>
    </p>
   </div>
   <div class='ocr_carea' id='block_1_57' title="bbox 2046 2505 3630 2577">
    <p class='ocr_par' dir='ltr' id='par_1_57' title="bbox 2046 2505 3630 2577">
     <span class='ocr_line' id='line_1_57' title="bbox 2046 2505 3630 2577; baseline -0.001 -18"><span class='ocrx_word' id='word_1_410' title='bbox 2046 2521 2264 2577; x_wconf 86' lang='lat' dir='ltr'><strong>quoque</strong></span> <span class='ocrx_word' id='word_1_411' title='bbox 2293 2507 2677 2571; x_wconf 82' lang='lat' dir='ltr'><strong>brevissimum</strong></span> <span class='ocrx_word' id='word_1_412' title='bbox 2710 2523 3036 2569; x_wconf 76' lang='lat' dir='ltr'><strong>sermonem</strong></span> <span class='ocrx_word' id='word_1_413' title='bbox 3057 2546 3074 2572; x_wconf 92' lang='lat'><strong>,</strong></span> <span class='ocrx_word' id='word_1_414' title='bbox 3120 2506 3407 2562; x_wconf 86' lang='lat' dir='ltr'><strong>Sermonis</strong></span> <span class='ocrx_word' id='word_1_415' title='bbox 3457 2505 3630 2560; x_wconf 82' lang='lat' dir='ltr'><strong>Mater</strong></span> 
     </span>
    </p>
   </div>
   <div class='ocr_carea' id='block_1_58' title="bbox 2045 2597 3627 2671">
    <p class='ocr_par' dir='ltr' id='par_1_58' title="bbox 2045 2597 3627 2671">
     <span class='ocr_line' id='line_1_58' title="bbox 2045 2597 3627 2671; baseline -0.001 -19"><span class='ocrx_word' id='word_1_416' title='bbox 2045 2597 2141 2653; x_wconf 90' lang='lat' dir='ltr'><strong>illa</strong></span> <span class='ocrx_word' id='word_1_417' title='bbox 2171 2611 2502 2669; x_wconf 82' lang='lat' dir='ltr'><strong>susceptura</strong></span> <span class='ocrx_word' id='word_1_418' title='bbox 2524 2610 2630 2663; x_wconf 89' lang='lat' dir='ltr'><strong>est,</strong></span> <span class='ocrx_word' id='word_1_419' title='bbox 2664 2600 2931 2671; x_wconf 89' lang='lat' dir='ltr'><strong>dabitque</strong></span> <span class='ocrx_word' id='word_1_420' title='bbox 2962 2600 3104 2655; x_wconf 86' lang='lat' dir='ltr'><strong>haud</strong></span> <span class='ocrx_word' id='word_1_421' title='bbox 3140 2600 3358 2669; x_wconf 81' lang='lat' dir='ltr'><strong>quidem</strong></span> <span class='ocrx_word' id='word_1_422' title='bbox 3389 2598 3530 2653; x_wconf 80' lang='lat' dir='ltr'><strong>forte</strong></span> <span class='ocrx_word' id='word_1_423' title='bbox 3581 2599 3627 2668; x_wconf 81' lang='lat' dir='ltr'><strong>si</strong></span> 
     </span>
    </p>
   </div>
   <div class='ocr_carea' id='block_1_59' title="bbox 2047 2689 3628 2762">
    <p class='ocr_par' dir='ltr' id='par_1_59' title="bbox 2047 2689 3628 2762">
     <span class='ocr_line' id='line_1_59' title="bbox 2047 2689 3628 2762; baseline 0 -21"><span class='ocrx_word' id='word_1_424' title='bbox 2047 2701 2166 2758; x_wconf 64' lang='lat' dir='ltr'><strong>quae</strong></span> <span class='ocrx_word' id='word_1_425' title='bbox 2212 2690 2490 2759; x_wconf 88' lang='lat' dir='ltr'><strong>petimus;</strong></span> <span class='ocrx_word' id='word_1_426' title='bbox 2538 2694 2762 2747; x_wconf 87' lang='lat' dir='ltr'><strong>omnino</strong></span> <span class='ocrx_word' id='word_1_427' title='bbox 2806 2701 2990 2746; x_wconf 89' lang='lat' dir='ltr'><strong>autem</strong></span> <span class='ocrx_word' id='word_1_428' title='bbox 3019 2690 3064 2745; x_wconf 91' lang='lat' dir='ltr'><strong>si</strong></span> <span class='ocrx_word' id='word_1_429' title='bbox 3094 2706 3217 2762; x_wconf 68' lang='lat' dir='ltr'><strong>quae</strong></span> <span class='ocrx_word' id='word_1_430' title='bbox 3255 2689 3407 2760; x_wconf 83' lang='lat' dir='ltr'><strong>digni</strong></span> <span class='ocrx_word' id='word_1_431' title='bbox 3435 2704 3628 2744; x_wconf 80' lang='lat' dir='ltr'><strong>sumus</strong></span> 
     </span>
    </p>
   </div>
   <div class='ocr_carea' id='block_1_60' title="bbox 2046 2777 3627 2848">
    <p class='ocr_par' dir='ltr' id='par_1_60' title="bbox 2046 2777 3627 2848">
     <span class='ocr_line' id='line_1_60' title="bbox 2046 2777 3627 2848; baseline 0 -16"><span class='ocrx_word' id='word_1_432' title='bbox 2046 2777 2326 2848; x_wconf 87' lang='lat' dir='ltr'><strong>accipere.</strong></span> <span class='ocrx_word' id='word_1_433' title='bbox 2362 2778 2565 2839; x_wconf 85' lang='lat' dir='ltr'><strong>Libens</strong></span> <span class='ocrx_word' id='word_1_434' title='bbox 2604 2783 2776 2847; x_wconf 91' lang='lat' dir='ltr'><strong>enim,</strong></span> <span class='ocrx_word' id='word_1_435' title='bbox 2811 2782 3169 2843; x_wconf 80' lang='lat' dir='ltr'><strong>sanctissima</strong></span> <span class='ocrx_word' id='word_1_436' title='bbox 3206 2795 3332 2834; x_wconf 91' lang='lat' dir='ltr'><strong>cum</strong></span> <span class='ocrx_word' id='word_1_437' title='bbox 3367 2778 3627 2833; x_wconf 82' lang='lat' dir='ltr'><strong>muniﬁca</strong></span> 
     </span>
    </p>
   </div>
   <div class='ocr_carea' id='block_1_61' title="bbox 2047 2867 3629 2940">
    <p class='ocr_par' dir='ltr' id='par_1_61' title="bbox 2047 2867 3629 2940">
     <span class='ocr_line' id='line_1_61' title="bbox 2047 2867 3629 2940; baseline 0.001 -19"><span class='ocrx_word' id='word_1_438' title='bbox 2047 2867 2143 2931; x_wconf 88' lang='lat' dir='ltr'><strong>sit,</strong></span> <span class='ocrx_word' id='word_1_439' title='bbox 2176 2884 2274 2940; x_wconf 87' lang='lat' dir='ltr'><strong>pro</strong></span> <span class='ocrx_word' id='word_1_440' title='bbox 2307 2870 2699 2931; x_wconf 83' lang='lat' dir='ltr'><strong>minutissimis</strong></span> <span class='ocrx_word' id='word_1_441' title='bbox 2729 2872 2939 2939; x_wconf 83' lang='lat' dir='ltr'><strong>majora</strong></span> <span class='ocrx_word' id='word_1_442' title='bbox 2972 2871 3252 2927; x_wconf 86' lang='lat' dir='ltr'><strong>retribuit.</strong></span> <span class='ocrx_word' id='word_1_443' title='bbox 3286 2869 3352 2924; x_wconf 88' lang='lat' dir='ltr'><strong>Et</strong></span> <span class='ocrx_word' id='word_1_444' title='bbox 3379 2870 3493 2925; x_wconf 73' lang='lat' dir='ltr'><strong>haec</strong></span> <span class='ocrx_word' id='word_1_445' title='bbox 3509 2871 3629 2940; x_wconf 81' lang='lat' dir='ltr'><strong>qui-</strong></span> 
     </span>
    </p>
   </div>
   <div class='ocr_carea' id='block_1_62' title="bbox 2043 2958 3627 3033">
    <p class='ocr_par' dir='ltr' id='par_1_62' title="bbox 2043 2958 3627 3033">
     <span class='ocr_line' id='line_1_62' title="bbox 2043 2958 3627 3033; baseline 0.001 -21"><span class='ocrx_word' id='word_1_446' title='bbox 2043 2958 2168 3013; x_wconf 86' lang='lat' dir='ltr'><strong>dem</strong></span> <span class='ocrx_word' id='word_1_447' title='bbox 2212 2959 2287 3015; x_wconf 88' lang='lat' dir='ltr'><strong>ita</strong></span> <span class='ocrx_word' id='word_1_448' title='bbox 2317 2962 2594 3029; x_wconf 87' lang='lat' dir='ltr'><strong>habeant;</strong></span> <span class='ocrx_word' id='word_1_449' title='bbox 2629 2971 2686 3016; x_wconf 92' lang='lat' dir='ltr'><strong>tu</strong></span> <span class='ocrx_word' id='word_1_450' title='bbox 2717 2971 2922 3028; x_wconf 90' lang='lat' dir='ltr'><strong>autem,</strong></span> <span class='ocrx_word' id='word_1_451' title='bbox 2944 2978 2979 3017; x_wconf 92' lang='lat' dir='ltr'><strong>o</strong></span> <span class='ocrx_word' id='word_1_452' title='bbox 3004 2962 3268 3033; x_wconf 67' lang='lat' dir='ltr'><strong>praeclara</strong></span> <span class='ocrx_word' id='word_1_453' title='bbox 3315 2961 3627 3017; x_wconf 86' lang='lat' dir='ltr'><strong>illustrissi-</strong></span> 
     </span>
    </p>
   </div>
   <div class='ocr_carea' id='block_1_63' title="bbox 2045 3051 3622 3123">
    <p class='ocr_par' dir='ltr' id='par_1_63' title="bbox 2045 3051 3622 3123">
     <span class='ocr_line' id='line_1_63' title="bbox 2045 3051 3622 3123; baseline 0.003 -20"><span class='ocrx_word' id='word_1_454' title='bbox 2045 3061 2243 3120; x_wconf 87' lang='lat' dir='ltr'><strong>maque</strong></span> <span class='ocrx_word' id='word_1_455' title='bbox 2271 3052 2505 3106; x_wconf 90' lang='lat' dir='ltr'><strong>concio:</strong></span> <span class='ocrx_word' id='word_1_456' title='bbox 2539 3067 2638 3107; x_wconf 82' lang='lat' dir='ltr'><strong>vos</strong></span> <span class='ocrx_word' id='word_1_457' title='bbox 2672 3054 2821 3107; x_wconf 89' lang='lat' dir='ltr'><strong>enim</strong></span> <span class='ocrx_word' id='word_1_458' title='bbox 2858 3066 3053 3109; x_wconf 87' lang='lat' dir='ltr'><strong>rursus</strong></span> <span class='ocrx_word' id='word_1_459' title='bbox 3090 3051 3158 3106; x_wconf 89' lang='lat' dir='ltr'><strong>ad</strong></span> <span class='ocrx_word' id='word_1_460' title='bbox 3207 3053 3622 3123; x_wconf 86' lang='lat' dir='ltr'><strong>perorationem</strong></span> 
     </span>
    </p>
   </div>
   <div class='ocr_carea' id='block_1_64' title="bbox 354 3135 3609 3220">
    <p class='ocr_par' dir='ltr' id='par_1_64' title="bbox 354 3135 3609 3220">
     <span class='ocr_line' id='line_1_64' title="bbox 354 3135 3609 3220; baseline -0.001 -24"><span class='ocrx_word' id='word_1_461' title='bbox 354 3140 567 3207; x_wconf 84' lang='lat' dir='ltr'><strong>invito;</strong></span> <span class='ocrx_word' id='word_1_462' title='bbox 596 3141 801 3203; x_wconf 84' lang='lat' dir='ltr'><strong>venite,</strong></span> <span class='ocrx_word' id='word_1_463' title='bbox 835 3152 901 3193; x_wconf 89' lang='lat' dir='ltr'><strong>ac</strong></span> <span class='ocrx_word' id='word_1_464' title='bbox 928 3151 1102 3195; x_wconf 72' lang='lat' dir='ltr'><strong>sacra:</strong></span> <span class='ocrx_word' id='word_1_465' title='bbox 1130 3135 1414 3205; x_wconf 80' lang='lat' dir='ltr'><strong>virginalis</strong></span> <span class='ocrx_word' id='word_1_466' title='bbox 1440 3137 1690 3208; x_wconf 84' lang='lat' dir='ltr'><strong>corporis</strong></span> <span class='ocrx_word' id='word_1_467' title='bbox 1759 3152 1970 3213; x_wconf 81' lang='lat' dir='ltr'><strong>pompae</strong></span> <span class='ocrx_word' id='word_1_468' title='bbox 2040 3154 2368 3213; x_wconf 67' lang='lat' dir='ltr'><strong>praaeuntes,</strong></span> <span class='ocrx_word' id='word_1_469' title='bbox 2417 3146 2679 3203; x_wconf 75' lang='lat' dir='ltr'><strong>luneritia</strong></span> <span class='ocrx_word' id='word_1_470' title='bbox 2737 3162 3041 3217; x_wconf 83' lang='lat' dir='ltr'><strong>canamus,</strong></span> <span class='ocrx_word' id='word_1_471' title='bbox 3092 3148 3340 3220; x_wconf 86' lang='lat' dir='ltr'><strong>totisque</strong></span> <span class='ocrx_word' id='word_1_472' title='bbox 3394 3147 3609 3200; x_wconf 74' lang='lat' dir='ltr'><strong>viribus</strong></span> 
     </span>
    </p>
   </div>
   <div class='ocr_carea' id='block_1_65' title="bbox 353 3227 3624 3311">
    <p class='ocr_par' dir='ltr' id='par_1_65' title="bbox 353 3227 3624 3311">
     <span class='ocr_line' id='line_1_65' title="bbox 353 3227 3624 3311; baseline 0.002 -22"><span class='ocrx_word' id='word_1_473' title='bbox 353 3247 482 3289; x_wconf 84' lang='lat' dir='ltr'><strong>eam</strong></span> <span class='ocrx_word' id='word_1_474' title='bbox 503 3233 806 3293; x_wconf 82' lang='lat' dir='ltr'><strong>honoribus</strong></span> <span class='ocrx_word' id='word_1_475' title='bbox 825 3245 1181 3298; x_wconf 89' lang='lat' dir='ltr'><strong>coronemus,</strong></span> <span class='ocrx_word' id='word_1_476' title='bbox 1212 3244 1333 3299; x_wconf 80' lang='lat' dir='ltr'><strong>quae</strong></span> <span class='ocrx_word' id='word_1_477' title='bbox 1354 3227 1557 3284; x_wconf 83' lang='lat' dir='ltr'><strong>festum</strong></span> <span class='ocrx_word' id='word_1_478' title='bbox 1616 3229 1762 3285; x_wconf 81' lang='lat' dir='ltr'><strong>diem</strong></span> <span class='ocrx_word' id='word_1_479' title='bbox 1815 3230 2073 3287; x_wconf 81' lang='lat' dir='ltr'><strong>initiavit.</strong></span> <span class='ocrx_word' id='word_1_480' title='bbox 2142 3234 2215 3291; x_wconf 88' lang='lat' dir='ltr'><strong>Ut</strong></span> <span class='ocrx_word' id='word_1_481' title='bbox 2258 3249 2439 3295; x_wconf 84' lang='lat' dir='ltr'><strong>autem</strong></span> <span class='ocrx_word' id='word_1_482' title='bbox 2493 3240 2599 3295; x_wconf 86' lang='lat' dir='ltr'><strong>hoc</strong></span> <span class='ocrx_word' id='word_1_483' title='bbox 2638 3240 2982 3311; x_wconf 89' lang='lat' dir='ltr'><strong>splendidius</strong></span> <span class='ocrx_word' id='word_1_484' title='bbox 3030 3227 3148 3306; x_wconf 81' lang='lat' dir='ltr'><strong>ﬁat,</strong></span> <span class='ocrx_word' id='word_1_485' title='bbox 3190 3251 3389 3311; x_wconf 68' lang='lat' dir='ltr'><strong>praesto</strong></span> <span class='ocrx_word' id='word_1_486' title='bbox 3460 3239 3624 3294; x_wconf 77' lang='lat' dir='ltr'><strong>hodie</strong></span> 
     </span>
    </p>
   </div>
   <div class='ocr_carea' id='block_1_66' title="bbox 357 3316 3615 3398">
    <p class='ocr_par' dir='ltr' id='par_1_66' title="bbox 357 3316 3615 3398">
     <span class='ocr_line' id='line_1_66' title="bbox 357 3316 3615 3398; baseline 0.001 -13"><span class='ocrx_word' id='word_1_487' title='bbox 357 3327 435 3385; x_wconf 73' lang='lat' dir='ltr'><strong>sit</strong></span> <span class='ocrx_word' id='word_1_488' title='bbox 460 3327 719 3385; x_wconf 82' lang='lat' dir='ltr'><strong>universa</strong></span> <span class='ocrx_word' id='word_1_489' title='bbox 747 3325 1052 3387; x_wconf 67' lang='lat' dir='ltr'><strong>caelestium</strong></span> <span class='ocrx_word' id='word_1_490' title='bbox 1087 3338 1154 3379; x_wconf 90' lang='lat' dir='ltr'><strong>ac</strong></span> <span class='ocrx_word' id='word_1_491' title='bbox 1193 3323 1541 3379; x_wconf 86' lang='lat' dir='ltr'><strong>terrestrium</strong></span> <span class='ocrx_word' id='word_1_492' title='bbox 1574 3316 1797 3388; x_wconf 82' lang='lat' dir='ltr'><strong>concio,</strong></span> <span class='ocrx_word' id='word_1_493' title='bbox 1821 3339 2146 3398; x_wconf 84' lang='lat' dir='ltr'><strong>mecumque</strong></span> <span class='ocrx_word' id='word_1_494' title='bbox 2195 3331 2452 3391; x_wconf 78' lang='lat' dir='ltr'><strong>exodium</strong></span> <span class='ocrx_word' id='word_1_495' title='bbox 2513 3333 2794 3395; x_wconf 85' lang='lat' dir='ltr'><strong>canticum</strong></span> <span class='ocrx_word' id='word_1_496' title='bbox 2857 3347 2924 3393; x_wconf 83' lang='lat' dir='ltr'><strong>ac</strong></span> <span class='ocrx_word' id='word_1_497' title='bbox 2999 3331 3290 3388; x_wconf 78' lang='lat' dir='ltr'><strong>funebrem</strong></span> <span class='ocrx_word' id='word_1_498' title='bbox 3334 3317 3615 3395; x_wconf 79' lang='lat' dir='ltr'><strong>laudatio-</strong></span> 
     </span>
    </p>
   </div>
   <div class='ocr_carea' id='block_1_67' title="bbox 355 3414 1583 3486">
    <p class='ocr_par' dir='ltr' id='par_1_67' title="bbox 355 3414 1583 3486">
     <span class='ocr_line' id='line_1_67' title="bbox 355 3414 1583 3486; baseline -0.004 -11"><span class='ocrx_word' id='word_1_499' title='bbox 355 3433 511 3483; x_wconf 84' lang='lat' dir='ltr'><strong>nem,</strong></span> <span class='ocrx_word' id='word_1_500' title='bbox 549 3418 704 3477; x_wconf 82' lang='lat' dir='ltr'><strong>hisee</strong></span> <span class='ocrx_word' id='word_1_501' title='bbox 732 3425 1050 3486; x_wconf 88' lang='lat' dir='ltr'><strong>conceptam</strong></span> <span class='ocrx_word' id='word_1_502' title='bbox 1084 3415 1289 3478; x_wconf 84' lang='lat' dir='ltr'><strong>verbis,</strong></span> <span class='ocrx_word' id='word_1_503' title='bbox 1338 3414 1583 3484; x_wconf 80' lang='lat' dir='ltr'><strong>impleat.</strong></span> 
     </span>
    </p>
   </div>
   <div class='ocr_carea' id='block_1_68' title="bbox 443 3504 1964 3583">
    <p class='ocr_par' dir='ltr' id='par_1_68' title="bbox 443 3504 1964 3583">
     <span class='ocr_line' id='line_1_68' title="bbox 443 3504 1964 3583; baseline -0.007 -14"><span class='ocrx_word' id='word_1_504' title='bbox 443 3511 706 3581; x_wconf 80' lang='grc' dir='ltr'>’Λπῆρεν,</span> <span class='ocrx_word' id='word_1_505' title='bbox 736 3510 948 3583; x_wconf 77' lang='grc' dir='ltr'>ἀπῆρεν</span> <span class='ocrx_word' id='word_1_506' title='bbox 975 3509 1008 3579; x_wconf 79' lang='grc' dir='ltr'>ἡ</span> <span class='ocrx_word' id='word_1_507' title='bbox 1031 3504 1353 3578; x_wconf 75' lang='grc' dir='ltr'>παρεμϐολὴ</span> <span class='ocrx_word' id='word_1_508' title='bbox 1385 3505 1477 3561; x_wconf 87' lang='grc' dir='ltr'><strong>τοῦ</strong></span> <span class='ocrx_word' id='word_1_509' title='bbox 1507 3505 1643 3559; x_wconf 84' lang='grc' dir='ltr'>Θεοῦ</span> <span class='ocrx_word' id='word_1_510' title='bbox 1673 3506 1781 3560; x_wconf 81' lang='grc' dir='ltr'>ἀπὸ</span> <span class='ocrx_word' id='word_1_511' title='bbox 1805 3522 1936 3578; x_wconf 90' lang='grc' dir='ltr'>σκη-</span> <span class='ocrx_word' id='word_1_512' title='bbox 1963 3541 1964 3546; x_wconf 60' lang='grc' dir='ltr'><strong>η</strong></span> 
     </span>
    </p>
   </div>
   <div class='ocr_carea' id='block_1_69' title="bbox 2042 3504 3618 3583">
    <p class='ocr_par' dir='ltr' id='par_1_69' title="bbox 2111 3510 3618 3580">
     <span class='ocr_line' id='line_1_69' title="bbox 2111 3510 3618 3580; baseline 0.003 -13"><span class='ocrx_word' id='word_1_513' title='bbox 2111 3510 2516 3580; x_wconf 86' lang='lat' dir='ltr'><strong>Discesserunt,</strong></span> <span class='ocrx_word' id='word_1_514' title='bbox 2550 3514 2930 3573; x_wconf 86' lang='lat' dir='ltr'><strong>discesserunt</strong></span> <span class='ocrx_word' id='word_1_515' title='bbox 2961 3522 3142 3573; x_wconf 79' lang='lat' dir='ltr'><strong>eaStra</strong></span> <span class='ocrx_word' id='word_1_516' title='bbox 3175 3515 3271 3570; x_wconf 88' lang='lat' dir='ltr'><strong>Dei</strong></span> <span class='ocrx_word' id='word_1_517' title='bbox 3301 3559 3315 3579; x_wconf 88' lang='lat'><strong>,</strong></span> <span class='ocrx_word' id='word_1_518' title='bbox 3358 3530 3388 3569; x_wconf 90' lang='lat' dir='ltr'><strong>a</strong></span> <span class='ocrx_word' id='word_1_519' title='bbox 3431 3518 3618 3572; x_wconf 85' lang='lat' dir='ltr'><strong>taber-</strong></span> 
     </span>
    </p>
   </div>
   <div class='ocr_carea' id='block_1_70' title="bbox 353 3594 1936 3675">
    <p class='ocr_par' dir='ltr' id='par_1_70' title="bbox 353 3594 1936 3675">
     <span class='ocr_line' id='line_1_70' title="bbox 353 3594 1936 3675; baseline -0.004 -19"><span class='ocrx_word' id='word_1_520' title='bbox 353 3601 628 3673; x_wconf 83' lang='grc' dir='ltr'>νωμάτων</span> <span class='ocrx_word' id='word_1_521' title='bbox 660 3597 887 3675; x_wconf 80' lang='grc' dir='ltr'>Κηδὰρ,”</span> <span class='ocrx_word' id='word_1_522' title='bbox 929 3598 1064 3668; x_wconf 84' lang='grc' dir='ltr'>πρὸς</span> <span class='ocrx_word' id='word_1_523' title='bbox 1114 3598 1211 3661; x_wconf 84' lang='grc' dir='ltr'>τὰς</span> <span class='ocrx_word' id='word_1_524' title='bbox 1255 3595 1454 3659; x_wconf 83' lang='grc' dir='ltr'>ἀΰλους</span> <span class='ocrx_word' id='word_1_525' title='bbox 1476 3595 1569 3649; x_wconf 74' lang='grc' dir='ltr'><strong>καὶ</strong></span> <span class='ocrx_word' id='word_1_526' title='bbox 1599 3594 1936 3661; x_wconf 76' lang='grc' dir='ltr'>παλινζὼους</span> 
     </span>
    </p>
   </div>
   <div class='ocr_carea' id='block_1_71' title="bbox 358 3687 1937 3764">
    <p class='ocr_par' dir='ltr' id='par_1_71' title="bbox 358 3687 1937 3764">
     <span class='ocr_line' id='line_1_71' title="bbox 358 3687 1937 3764; baseline -0.006 -15"><span class='ocrx_word' id='word_1_527' title='bbox 358 3694 588 3764; x_wconf 84' lang='grc' dir='ltr'>σκηνάς.</span> <span class='ocrx_word' id='word_1_528' title='bbox 633 3690 931 3749; x_wconf 79' lang='grc' dir='ltr'>’Δπέλαὸεν</span> <span class='ocrx_word' id='word_1_529' title='bbox 952 3692 986 3760; x_wconf 75' lang='grc' dir='ltr'>ἡ</span> <span class='ocrx_word' id='word_1_530' title='bbox 1019 3689 1214 3761; x_wconf 79' lang='grc' dir='ltr'>σκηνὴ,</span> <span class='ocrx_word' id='word_1_531' title='bbox 1244 3690 1342 3759; x_wconf 83' lang='grc' dir='ltr'>τῆς</span> <span class='ocrx_word' id='word_1_532' title='bbox 1376 3687 1609 3758; x_wconf 79' lang='grc' dir='ltr'>νομικῆς</span> <span class='ocrx_word' id='word_1_533' title='bbox 1638 3689 1672 3761; x_wconf 84' lang='grc' dir='ltr'><strong>ὴ</strong></span> <span class='ocrx_word' id='word_1_534' title='bbox 1708 3688 1937 3763; x_wconf 84' lang='grc' dir='ltr'>ἀρχέτυ-</span> 
     </span>
    </p>
   </div>
   <div class='ocr_carea' id='block_1_72' title="bbox 354 3777 1933 3857">
    <p class='ocr_par' dir='ltr' id='par_1_72' title="bbox 354 3777 1933 3857">
     <span class='ocr_line' id='line_1_72' title="bbox 354 3777 1933 3857; baseline -0.004 -16"><span class='ocrx_word' id='word_1_535' title='bbox 354 3804 483 3851; x_wconf 60' lang='lat' dir='ltr'><strong>stoc,</strong></span> <span class='ocrx_word' id='word_1_536' title='bbox 511 3787 609 3856; x_wconf 81' lang='grc' dir='ltr'>τὴν</span> <span class='ocrx_word' id='word_1_537' title='bbox 651 3787 1023 3857; x_wconf 78' lang='grc' dir='ltr'>ύπερκόσμιον</span> <span class='ocrx_word' id='word_1_538' title='bbox 1057 3783 1310 3850; x_wconf 75' lang='grc' dir='ltr'>κιϐωτὸν,</span> <span class='ocrx_word' id='word_1_539' title='bbox 1334 3777 1403 3856; x_wconf 81' lang='grc' dir='ltr'>ἦς</span> <span class='ocrx_word' id='word_1_540' title='bbox 1443 3782 1615 3845; x_wconf 81' lang='grc' dir='ltr'>τύπος</span> <span class='ocrx_word' id='word_1_541' title='bbox 1653 3784 1688 3852; x_wconf 79' lang='grc' dir='ltr'><strong>ἡ</strong></span> <span class='ocrx_word' id='word_1_542' title='bbox 1718 3783 1933 3854; x_wconf 81' lang='grc' dir='ltr'>νομική.</span> 
     </span>
    </p>
   </div>
   <div class='ocr_carea' id='block_1_73' title="bbox 362 3876 1939 3954">
    <p class='ocr_par' dir='ltr' id='par_1_73' title="bbox 362 3876 1939 3954">
     <span class='ocr_line' id='line_1_73' title="bbox 362 3876 1939 3954; baseline -0.004 -20"><span class='ocrx_word' id='word_1_543' title='bbox 362 3902 383 3934; x_wconf 77' lang='grc' dir='ltr'><strong>ι</strong></span> <span class='ocrx_word' id='word_1_544' title='bbox 420 3882 601 3954; x_wconf 80' lang='grc' dir='ltr'>Ἥρθη</span> <span class='ocrx_word' id='word_1_545' title='bbox 645 3881 758 3936; x_wconf 87' lang='grc' dir='ltr'><strong>τῶν</strong></span> <span class='ocrx_word' id='word_1_546' title='bbox 813 3881 925 3937; x_wconf 76' lang='grc' dir='ltr'>ἄνω</span> <span class='ocrx_word' id='word_1_547' title='bbox 973 3879 1153 3950; x_wconf 82' lang='grc' dir='ltr'>θυρῶν</span> <span class='ocrx_word' id='word_1_548' title='bbox 1178 3879 1241 3934; x_wconf 83' lang='grc' dir='ltr'>τὸ</span> <span class='ocrx_word' id='word_1_549' title='bbox 1275 3878 1605 3950; x_wconf 77' lang='grc' dir='ltr'>ὑπέρθυρον,</span> <span class='ocrx_word' id='word_1_550' title='bbox 1644 3895 1664 3933; x_wconf 85' lang='grc'><strong><em>›</em></strong></span> <span class='ocrx_word' id='word_1_551' title='bbox 1717 3879 1802 3933; x_wconf 84' lang='grc' dir='ltr'><strong>ἵνα</strong></span> <span class='ocrx_word' id='word_1_552' title='bbox 1841 3876 1939 3950; x_wconf 81' lang='grc' dir='ltr'>τὴν</span> 
     </span>
    </p>
   </div>
   <div class='ocr_carea' id='block_1_74' title="bbox 354 3964 1939 4048">
    <p class='ocr_par' dir='ltr' id='par_1_74' title="bbox 354 3964 1939 4048">
     <span class='ocr_line' id='line_1_74' title="bbox 354 3964 1939 4048; baseline -0.004 -19"><span class='ocrx_word' id='word_1_553' title='bbox 354 3964 617 4048; x_wconf 79' lang='grc' dir='ltr'>ὑπεράνω</span> <span class='ocrx_word' id='word_1_554' title='bbox 652 3975 748 4037; x_wconf 86' lang='grc' dir='ltr'><strong>τοῦ</strong></span> <span class='ocrx_word' id='word_1_555' title='bbox 779 3973 918 4031; x_wconf 84' lang='grc' dir='ltr'>Θεοῦ</span> <span class='ocrx_word' id='word_1_556' title='bbox 945 3973 1125 4042; x_wconf 81' lang='grc' dir='ltr'>πύλην</span> <span class='ocrx_word' id='word_1_557' title='bbox 1148 3974 1257 4029; x_wconf 85' lang='grc' dir='ltr'><strong>τῶν</strong></span> <span class='ocrx_word' id='word_1_558' title='bbox 1287 3971 1557 4039; x_wconf 75' lang='grc' dir='ltr'>οὐρανίων</span> <span class='ocrx_word' id='word_1_559' title='bbox 1588 3971 1657 4025; x_wconf 73' lang='grc' dir='ltr'>τὰ</span> <span class='ocrx_word' id='word_1_560' title='bbox 1690 3970 1939 4040; x_wconf 83' lang='grc' dir='ltr'>βασίλεια</span> 
     </span>
    </p>
   </div>
   <div class='ocr_carea' id='block_1_75' title="bbox 354 4061 1937 4139">
    <p class='ocr_par' dir='ltr' id='par_1_75' title="bbox 354 4061 1937 4139">
     <span class='ocr_line' id='line_1_75' title="bbox 354 4061 1937 4139; baseline -0.006 -17"><span class='ocrx_word' id='word_1_561' title='bbox 354 4066 658 4139; x_wconf 81' lang='grc' dir='ltr'>βασιλικῶς</span> <span class='ocrx_word' id='word_1_562' title='bbox 696 4065 1136 4136; x_wconf 82' lang='grc' dir='ltr'>ὲγκολπώσηται.</span> <span class='ocrx_word' id='word_1_563' title='bbox 1195 4061 1560 4127; x_wconf 76' lang='grc' dir='ltr'>Ὑποδέξασθε</span> <span class='ocrx_word' id='word_1_564' title='bbox 1592 4062 1782 4132; x_wconf 81' lang='grc' dir='ltr'>αὐτὴν,</span> <span class='ocrx_word' id='word_1_565' title='bbox 1812 4061 1937 4113; x_wconf 80' lang='grc' dir='ltr'>λευ·</span> 
     </span>
    </p>
   </div>
   <div class='ocr_carea' id='block_1_76' title="bbox 353 4152 1937 4232">
    <p class='ocr_par' dir='ltr' id='par_1_76' title="bbox 353 4152 1937 4232">
     <span class='ocr_line' id='line_1_76' title="bbox 353 4152 1937 4232; baseline -0.004 -19"><span class='ocrx_word' id='word_1_566' title='bbox 353 4159 740 4232; x_wconf 79' lang='grc' dir='ltr'>χειμονοῦντες</span> <span class='ocrx_word' id='word_1_567' title='bbox 771 4156 1014 4227; x_wconf 74' lang='grc' dir='ltr'>ἄγγελοιο</span> <span class='ocrx_word' id='word_1_568' title='bbox 1048 4154 1352 4226; x_wconf 83' lang='grc' dir='ltr'>ὑμνήσατε,</span> <span class='ocrx_word' id='word_1_569' title='bbox 1386 4152 1624 4225; x_wconf 77' lang='grc' dir='ltr'>ούρανοί’</span> <span class='ocrx_word' id='word_1_570' title='bbox 1653 4152 1937 4218; x_wconf 78' lang='grc' dir='ltr'>δοξάσατε,</span> 
     </span>
    </p>
   </div>
   <div class='ocr_carea' id='block_1_77' title="bbox 351 4242 1941 4323">
    <p class='ocr_par' dir='ltr' id='par_1_77' title="bbox 351 4242 1941 4323">
     <span class='ocr_line' id='line_1_77' title="bbox 351 4242 1941 4323; baseline -0.005 -16"><span class='ocrx_word' id='word_1_571' title='bbox 351 4253 612 4323; x_wconf 81' lang='grc' dir='ltr'>γηγενεῖς</span> <span class='ocrx_word' id='word_1_572' title='bbox 636 4266 651 4281; x_wconf 77' lang='grc' dir='ltr'><strong>ο</strong></span> <span class='ocrx_word' id='word_1_573' title='bbox 682 4248 936 4321; x_wconf 74' lang='grc' dir='ltr'>ύψώσατς</span> <span class='ocrx_word' id='word_1_574' title='bbox 983 4266 1002 4299; x_wconf 80' lang='grc' dir='ltr'><strong>ι</strong></span> <span class='ocrx_word' id='word_1_575' title='bbox 1040 4246 1139 4317; x_wconf 80' lang='grc' dir='ltr'>τὴν</span> <span class='ocrx_word' id='word_1_576' title='bbox 1171 4244 1327 4299; x_wconf 88' lang='grc' dir='ltr'>πόλιν</span> <span class='ocrx_word' id='word_1_577' title='bbox 1364 4243 1460 4298; x_wconf 88' lang='grc' dir='ltr'><strong>τοῦ</strong></span> <span class='ocrx_word' id='word_1_578' title='bbox 1493 4242 1630 4297; x_wconf 88' lang='grc' dir='ltr'>Θεοῦ</span> <span class='ocrx_word' id='word_1_579' title='bbox 1663 4243 1759 4297; x_wconf 84' lang='grc' dir='ltr'><strong>τοῦ</strong></span> <span class='ocrx_word' id='word_1_580' title='bbox 1787 4244 1941 4313; x_wconf 87' lang='grc' dir='ltr'>βασι-</span> 
     </span>
    </p>
   </div>
   <div class='ocr_carea' id='block_1_78' title="bbox 352 4335 1936 4411">
    <p class='ocr_par' dir='ltr' id='par_1_78' title="bbox 352 4335 1936 4411">
     <span class='ocr_line' id='line_1_78' title="bbox 352 4335 1936 4411; baseline -0.004 -15"><span class='ocrx_word' id='word_1_581' title='bbox 352 4342 499 4404; x_wconf 76' lang='grc' dir='ltr'>λέως</span> <span class='ocrx_word' id='word_1_582' title='bbox 525 4338 620 4395; x_wconf 88' lang='grc' dir='ltr'><strong>τοῦ</strong></span> <span class='ocrx_word' id='word_1_583' title='bbox 639 4339 902 4411; x_wconf 80' lang='grc' dir='ltr'>μεγάλου.</span> <span class='ocrx_word' id='word_1_584' title='bbox 933 4356 954 4390; x_wconf 81' lang='grc'><strong>›</strong></span> <span class='ocrx_word' id='word_1_585' title='bbox 989 4337 1090 4407; x_wconf 87' lang='grc' dir='ltr'>Γῆ,</span> <span class='ocrx_word' id='word_1_586' title='bbox 1117 4336 1506 4409; x_wconf 70' lang='grc' dir='ltr'>ἐπικρότησον,</span> <span class='ocrx_word' id='word_1_587' title='bbox 1528 4335 1936 4406; x_wconf 78' lang='grc' dir='ltr'>ἀνευφήμησον,</span> 
     </span>
    </p>
   </div>
   <div class='ocr_carea' id='block_1_79' title="bbox 350 4426 1941 4505">
    <p class='ocr_par' dir='ltr' id='par_1_79' title="bbox 350 4426 1941 4505">
     <span class='ocr_line' id='line_1_79' title="bbox 350 4426 1941 4505; baseline -0.004 -18"><span class='ocrx_word' id='word_1_588' title='bbox 350 4434 615 4505; x_wconf 77' lang='grc' dir='ltr'>διήγησαι</span> <span class='ocrx_word' id='word_1_589' title='bbox 668 4432 773 4502; x_wconf 80' lang='grc' dir='ltr'>τῆς</span> <span class='ocrx_word' id='word_1_590' title='bbox 830 4429 1109 4502; x_wconf 83' lang='grc' dir='ltr'>Παρθένου</span> <span class='ocrx_word' id='word_1_591' title='bbox 1161 4428 1235 4483; x_wconf 82' lang='grc' dir='ltr'>τὰ</span> <span class='ocrx_word' id='word_1_592' title='bbox 1284 4426 1511 4493; x_wconf 35' lang='grc' dir='ltr'>ἔνδοξα,</span> <span class='ocrx_word' id='word_1_593' title='bbox 1554 4427 1650 4480; x_wconf 80' lang='grc' dir='ltr'><strong>τοῦ</strong></span> <span class='ocrx_word' id='word_1_594' title='bbox 1676 4427 1837 4481; x_wconf 84' lang='grc' dir='ltr'>τόκου</span> <span class='ocrx_word' id='word_1_595' title='bbox 1870 4427 1941 4481; x_wconf 82' lang='grc' dir='ltr'>τὰ</span> 
     </span>
    </p>
   </div>
   <div class='ocr_carea' id='block_1_80' title="bbox 353 4517 1940 4594">
    <p class='ocr_par' dir='ltr' id='par_1_80' title="bbox 353 4517 1940 4594">
     <span class='ocr_line' id='line_1_80' title="bbox 353 4517 1940 4594; baseline -0.004 -17"><span class='ocrx_word' id='word_1_596' title='bbox 353 4524 670 4594; x_wconf 72' lang='grc' dir='ltr'>σπάργανα,</span> <span class='ocrx_word' id='word_1_597' title='bbox 703 4520 798 4576; x_wconf 80' lang='grc' dir='ltr'><strong>τοῦ</strong></span> <span class='ocrx_word' id='word_1_598' title='bbox 820 4522 990 4590; x_wconf 75' lang='grc' dir='ltr'>τάφου</span> <span class='ocrx_word' id='word_1_599' title='bbox 1024 4522 1094 4575; x_wconf 74' lang='grc' dir='ltr'>τὰ</span> <span class='ocrx_word' id='word_1_600' title='bbox 1126 4520 1411 4590; x_wconf 75' lang='grc' dir='ltr'><strong>θαύματα⁸</strong></span> <span class='ocrx_word' id='word_1_601' title='bbox 1437 4518 1555 4583; x_wconf 84' lang='grc' dir='ltr'>πῶς</span> <span class='ocrx_word' id='word_1_602' title='bbox 1596 4519 1792 4589; x_wconf 76' lang='grc' dir='ltr'>ἐτάφη,</span> <span class='ocrx_word' id='word_1_603' title='bbox 1823 4517 1940 4580; x_wconf 86' lang='grc' dir='ltr'><strong>πῶς</strong></span> 
     </span>
    </p>
   </div>
   <div class='ocr_carea' id='block_1_81' title="bbox 355 4606 1936 4685">
    <p class='ocr_par' dir='ltr' id='par_1_81' title="bbox 355 4606 1936 4685">
     <span class='ocr_line' id='line_1_81' title="bbox 355 4606 1936 4685; baseline -0.005 -18"><span class='ocrx_word' id='word_1_604' title='bbox 355 4613 654 4685; x_wconf 77' lang='grc' dir='ltr'>μετετέθηο</span> <span class='ocrx_word' id='word_1_605' title='bbox 685 4611 802 4674; x_wconf 82' lang='grc' dir='ltr'>πῶς</span> <span class='ocrx_word' id='word_1_606' title='bbox 828 4615 857 4666; x_wconf 84' lang='grc' dir='ltr'>ὁ</span> <span class='ocrx_word' id='word_1_607' title='bbox 882 4611 1053 4682; x_wconf 63' lang='grc' dir='ltr'>τάφος</span> <span class='ocrx_word' id='word_1_608' title='bbox 1085 4611 1281 4682; x_wconf 79' lang='grc' dir='ltr'>ὁρᾶται</span> <span class='ocrx_word' id='word_1_609' title='bbox 1323 4610 1480 4674; x_wconf 76' lang='grc' dir='ltr'>κενὸς</span> <span class='ocrx_word' id='word_1_610' title='bbox 1526 4606 1936 4679; x_wconf 84' lang='grc' dir='ltr'>προσκυνούμε-</span> 
     </span>
    </p>
   </div>
   <div class='ocr_carea' id='block_1_82' title="bbox 350 4699 1938 4772">
    <p class='ocr_par' dir='ltr' id='par_1_82' title="bbox 350 4699 1938 4772">
     <span class='ocr_line' id='line_1_82' title="bbox 350 4699 1938 4772; baseline -0.006 -10"><span class='ocrx_word' id='word_1_611' title='bbox 350 4722 466 4770; x_wconf 84' lang='grc' dir='ltr'>νος.</span> <span class='ocrx_word' id='word_1_612' title='bbox 511 4703 764 4769; x_wconf 82' lang='grc' dir='ltr'>Ἰουδαία,</span> <span class='ocrx_word' id='word_1_613' title='bbox 791 4703 994 4772; x_wconf 80' lang='grc' dir='ltr'>σύναγε</span> <span class='ocrx_word' id='word_1_614' title='bbox 1027 4702 1157 4764; x_wconf 78' lang='grc' dir='ltr'>τοὺς</span> <span class='ocrx_word' id='word_1_615' title='bbox 1187 4699 1339 4763; x_wconf 81' lang='grc' dir='ltr'>υίούς</span> <span class='ocrx_word' id='word_1_616' title='bbox 1390 4717 1487 4753; x_wconf 90' lang='grc' dir='ltr'><strong>σου</strong></span> <span class='ocrx_word' id='word_1_617' title='bbox 1513 4716 1528 4732; x_wconf 79' lang='grc' dir='ltr'><strong>ο</strong></span> <span class='ocrx_word' id='word_1_618' title='bbox 1560 4699 1799 4771; x_wconf 85' lang='grc' dir='ltr'>κήρυττε</span> <span class='ocrx_word' id='word_1_619' title='bbox 1837 4699 1938 4768; x_wconf 80' lang='grc' dir='ltr'>τὴν</span> 
     </span>
    </p>
   </div>
   <div class='ocr_carea' id='block_1_83' title="bbox 2039 3603 3613 3681">
    <p class='ocr_par' dir='ltr' id='par_1_83' title="bbox 2039 3603 3613 3681">
     <span class='ocr_line' id='line_1_83' title="bbox 2039 3603 3613 3681; baseline 0.003 -22"><span class='ocrx_word' id='word_1_620' title='bbox 2039 3605 2252 3662; x_wconf 87' lang='lat' dir='ltr'><strong>nacnlis</strong></span> <span class='ocrx_word' id='word_1_621' title='bbox 2285 3603 2463 3661; x_wconf 91' lang='lat' dir='ltr'><strong>Cedar</strong></span> <span class='ocrx_word' id='word_1_622' title='bbox 2493 3617 2540 3674; x_wconf 75' lang='grc' dir='ltr'>ο,</span> <span class='ocrx_word' id='word_1_623' title='bbox 2569 3607 2634 3663; x_wconf 89' lang='lat' dir='ltr'><strong>ad</strong></span> <span class='ocrx_word' id='word_1_624' title='bbox 2654 3608 2978 3681; x_wconf 85' lang='lat' dir='ltr'><strong>incorporea</strong></span> <span class='ocrx_word' id='word_1_625' title='bbox 3002 3621 3058 3663; x_wconf 90' lang='lat' dir='ltr'><strong>et</strong></span> <span class='ocrx_word' id='word_1_626' title='bbox 3091 3622 3247 3662; x_wconf 69' lang='lat' dir='ltr'><strong>novm</strong></span> <span class='ocrx_word' id='word_1_627' title='bbox 3271 3609 3397 3663; x_wconf 82' lang='lat' dir='ltr'><strong>vitae</strong></span> <span class='ocrx_word' id='word_1_628' title='bbox 3429 3611 3613 3666; x_wconf 61' lang='lat' dir='ltr'><strong>tubera</strong></span> 
     </span>
    </p>
   </div>
   <div class='ocr_carea' id='block_1_84' title="bbox 2038 3696 3606 3771">
    <p class='ocr_par' dir='ltr' id='par_1_84' title="bbox 2038 3696 3606 3771">
     <span class='ocr_line' id='line_1_84' title="bbox 2038 3696 3606 3771; baseline 0.003 -20"><span class='ocrx_word' id='word_1_629' title='bbox 2038 3697 2259 3751; x_wconf 85' lang='lat' dir='ltr'><strong>naenia.</strong></span> <span class='ocrx_word' id='word_1_630' title='bbox 2299 3696 2528 3768; x_wconf 82' lang='lat' dir='ltr'><strong>Recepit</strong></span> <span class='ocrx_word' id='word_1_631' title='bbox 2569 3700 2983 3757; x_wconf 89' lang='lat' dir='ltr'><strong>tabernaculum</strong></span> <span class='ocrx_word' id='word_1_632' title='bbox 3037 3699 3195 3767; x_wconf 91' lang='lat' dir='ltr'><strong>illud,</strong></span> <span class='ocrx_word' id='word_1_633' title='bbox 3237 3696 3427 3771; x_wconf 76' lang='lat' dir='ltr'><strong>legalis</strong></span> <span class='ocrx_word' id='word_1_634' title='bbox 3460 3701 3606 3756; x_wconf 86' lang='lat' dir='ltr'><strong>illius</strong></span> 
     </span>
    </p>
   </div>
   <div class='ocr_carea' id='block_1_85' title="bbox 2039 3788 3611 3867">
    <p class='ocr_par' dir='ltr' id='par_1_85' title="bbox 2039 3788 3611 3867">
     <span class='ocr_line' id='line_1_85' title="bbox 2039 3788 3611 3867; baseline 0.006 -27"><span class='ocrx_word' id='word_1_635' title='bbox 2039 3789 2323 3859; x_wconf 75' lang='lat' dir='ltr'><strong>exemplar</strong></span> <span class='ocrx_word' id='word_1_636' title='bbox 2354 3788 2405 3855; x_wconf 78' lang='grc' dir='ltr'><strong>(ι,</strong></span> <span class='ocrx_word' id='word_1_637' title='bbox 2433 3789 2728 3849; x_wconf 72' lang='grc' dir='ltr'>ῧωιοειθιη</span> <span class='ocrx_word' id='word_1_638' title='bbox 2765 3808 2950 3853; x_wconf 81' lang='lat' dir='ltr'><strong>arcam</strong></span> <span class='ocrx_word' id='word_1_639' title='bbox 2987 3810 3001 3847; x_wconf 92' lang='lat'><strong>:</strong></span> <span class='ocrx_word' id='word_1_640' title='bbox 3037 3792 3198 3867; x_wconf 86' lang='lat' dir='ltr'><strong>cujus</strong></span> <span class='ocrx_word' id='word_1_641' title='bbox 3231 3808 3362 3848; x_wconf 84' lang='lat' dir='ltr'><strong>arca</strong></span> <span class='ocrx_word' id='word_1_642' title='bbox 3417 3793 3611 3864; x_wconf 77' lang='lat' dir='ltr'><strong>legalis</strong></span> 
     </span>
    </p>
   </div>
   <div class='ocr_carea' id='block_1_86' title="bbox 2040 3878 3615 3956">
    <p class='ocr_par' dir='ltr' id='par_1_86' title="bbox 2040 3878 3615 3956">
     <span class='ocr_line' id='line_1_86' title="bbox 2040 3878 3615 3956; baseline 0.006 -23"><span class='ocrx_word' id='word_1_643' title='bbox 2040 3878 2211 3951; x_wconf 76' lang='lat' dir='ltr'><strong>ﬁgura</strong></span> <span class='ocrx_word' id='word_1_644' title='bbox 2236 3891 2363 3937; x_wconf 88' lang='lat' dir='ltr'><strong>est:</strong></span> <span class='ocrx_word' id='word_1_645' title='bbox 2399 3900 2419 3935; x_wconf 77' lang='grc' dir='ltr'>ς</span> <span class='ocrx_word' id='word_1_646' title='bbox 2460 3884 2742 3945; x_wconf 76' lang='lat' dir='ltr'><strong>Elevatum</strong></span> <span class='ocrx_word' id='word_1_647' title='bbox 2785 3893 2872 3942; x_wconf 89' lang='lat' dir='ltr'><strong>est</strong></span> <span class='ocrx_word' id='word_1_648' title='bbox 2924 3886 3349 3956; x_wconf 84' lang='lat' dir='ltr'><strong>superliminare</strong></span> <span class='ocrx_word' id='word_1_649' title='bbox 3388 3898 3411 3925; x_wconf 79' lang='grc' dir='ltr'>θ</span> <span class='ocrx_word' id='word_1_650' title='bbox 3448 3905 3466 3939; x_wconf 68' lang='grc' dir='ltr'><strong>ι</strong></span> <span class='ocrx_word' id='word_1_651' title='bbox 3501 3902 3615 3943; x_wconf 74' lang='grc' dir='ltr'>οω-</span> 
     </span>
    </p>
   </div>
   <div class='ocr_carea' id='block_1_87' title="bbox 2041 3973 3614 4048">
    <p class='ocr_par' dir='ltr' id='par_1_87' title="bbox 2041 3973 3614 4048">
     <span class='ocr_line' id='line_1_87' title="bbox 2041 3973 3614 4048; baseline 0.003 -21"><span class='ocrx_word' id='word_1_652' title='bbox 2041 3973 2259 4036; x_wconf 85' lang='lat' dir='ltr'><strong>lestium</strong></span> <span class='ocrx_word' id='word_1_653' title='bbox 2308 3982 2618 4044; x_wconf 88' lang='lat' dir='ltr'><strong>portarum,</strong></span> <span class='ocrx_word' id='word_1_654' title='bbox 2666 3987 2726 4029; x_wconf 91' lang='lat' dir='ltr'><strong>ut</strong></span> <span class='ocrx_word' id='word_1_655' title='bbox 2755 3975 2848 4030; x_wconf 89' lang='lat' dir='ltr'><strong>Dei</strong></span> <span class='ocrx_word' id='word_1_656' title='bbox 2882 3978 3329 4047; x_wconf 67' lang='lat' dir='ltr'><strong>supercmlestem</strong></span> <span class='ocrx_word' id='word_1_657' title='bbox 3372 3989 3614 4048; x_wconf 84' lang='lat' dir='ltr'><strong>portam,</strong></span> 
     </span>
    </p>
   </div>
   <div class='ocr_carea' id='block_1_88' title="bbox 2041 4061 3611 4139">
    <p class='ocr_par' dir='ltr' id='par_1_88' title="bbox 2041 4061 3611 4139">
     <span class='ocr_line' id='line_1_88' title="bbox 2041 4061 3611 4139; baseline 0.006 -24"><span class='ocrx_word' id='word_1_658' title='bbox 2041 4064 2305 4118; x_wconf 67' lang='lat' dir='ltr'><strong>caelorum</strong></span> <span class='ocrx_word' id='word_1_659' title='bbox 2328 4065 2500 4135; x_wconf 73' lang='lat' dir='ltr'><strong>regia,</strong></span> <span class='ocrx_word' id='word_1_660' title='bbox 2531 4066 2699 4136; x_wconf 75' lang='lat' dir='ltr'><strong>regali</strong></span> <span class='ocrx_word' id='word_1_661' title='bbox 2727 4061 3132 4136; x_wconf 78' lang='lat' dir='ltr'><strong>magniﬁcentia</strong></span> <span class='ocrx_word' id='word_1_662' title='bbox 3165 4068 3290 4123; x_wconf 90' lang='lat' dir='ltr'><strong>sinu</strong></span> <span class='ocrx_word' id='word_1_663' title='bbox 3324 4071 3611 4139; x_wconf 84' lang='lat' dir='ltr'><strong>suscipiat.</strong></span> 
     </span>
    </p>
   </div>
   <div class='ocr_carea' id='block_1_89' title="bbox 2040 4153 3612 4229">
    <p class='ocr_par' dir='ltr' id='par_1_89' title="bbox 2040 4153 3612 4229">
     <span class='ocr_line' id='line_1_89' title="bbox 2040 4153 3612 4229; baseline 0.005 -22"><span class='ocrx_word' id='word_1_664' title='bbox 2040 4153 2153 4211; x_wconf 81' lang='lat' dir='ltr'><strong>Vos</strong></span> <span class='ocrx_word' id='word_1_665' title='bbox 2165 4170 2306 4220; x_wconf 89' lang='lat' dir='ltr'><strong>eam,</strong></span> <span class='ocrx_word' id='word_1_666' title='bbox 2326 4156 2526 4227; x_wconf 77' lang='lat' dir='ltr'><strong>angeli,</strong></span> <span class='ocrx_word' id='word_1_667' title='bbox 2555 4157 2792 4212; x_wconf 85' lang='lat' dir='ltr'><strong>candido</strong></span> <span class='ocrx_word' id='word_1_668' title='bbox 2817 4159 3018 4213; x_wconf 84' lang='lat' dir='ltr'><strong>vestitu</strong></span> <span class='ocrx_word' id='word_1_669' title='bbox 3036 4160 3345 4229; x_wconf 87' lang='lat' dir='ltr'><strong>suscipite;</strong></span> <span class='ocrx_word' id='word_1_670' title='bbox 3372 4161 3612 4226; x_wconf 84' lang='lat' dir='ltr'><strong>laudate,</strong></span> 
     </span>
    </p>
   </div>
   <div class='ocr_carea' id='block_1_90' title="bbox 2041 4248 3617 4325">
    <p class='ocr_par' dir='ltr' id='par_1_90' title="bbox 2041 4248 3617 4325">
     <span class='ocr_line' id='line_1_90' title="bbox 2041 4248 3617 4325; baseline 0.004 -22"><span class='ocrx_word' id='word_1_671' title='bbox 2041 4248 2203 4313; x_wconf 81' lang='lat' dir='ltr'><strong>cmli;</strong></span> <span class='ocrx_word' id='word_1_672' title='bbox 2234 4249 2541 4320; x_wconf 72' lang='lat' dir='ltr'><strong>terrigenae,</strong></span> <span class='ocrx_word' id='word_1_673' title='bbox 2582 4251 2929 4322; x_wconf 74' lang='lat' dir='ltr'><strong>gloriﬁcate;</strong></span> <span class='ocrx_word' id='word_1_674' title='bbox 2965 4261 3017 4305; x_wconf 89' lang='lat' dir='ltr'><strong>et</strong></span> <span class='ocrx_word' id='word_1_675' title='bbox 3049 4269 3068 4303; x_wconf 78' lang='grc' dir='ltr'><strong>ι</strong></span> <span class='ocrx_word' id='word_1_676' title='bbox 3107 4251 3225 4315; x_wconf 88' lang='lat' dir='ltr'><strong>Dei,</strong></span> <span class='ocrx_word' id='word_1_677' title='bbox 3263 4254 3432 4325; x_wconf 78' lang='lat' dir='ltr'><strong>Regis</strong></span> <span class='ocrx_word' id='word_1_678' title='bbox 3464 4254 3617 4310; x_wconf 88' lang='lat' dir='ltr'><strong>illius</strong></span> 
     </span>
    </p>
   </div>
   <div class='ocr_carea' id='block_1_91' title="bbox 2040 4339 3614 4409">
    <p class='ocr_par' dir='ltr' id='par_1_91' title="bbox 2040 4339 3614 4409">
     <span class='ocr_line' id='line_1_91' title="bbox 2040 4339 3614 4409; baseline 0.003 -14"><span class='ocrx_word' id='word_1_679' title='bbox 2040 4340 2223 4406; x_wconf 74' lang='lat' dir='ltr'><strong>magni</strong></span> <span class='ocrx_word' id='word_1_680' title='bbox 2248 4339 2529 4394; x_wconf 87' lang='lat' dir='ltr'><strong>civitatem</strong></span> <span class='ocrx_word' id='word_1_681' title='bbox 2552 4340 2574 4380; x_wconf 72' lang='grc' dir='ltr'><em>τ</em></span> <span class='ocrx_word' id='word_1_682' title='bbox 2607 4360 2625 4393; x_wconf 73' lang='grc' dir='ltr'><strong>ι</strong></span> <span class='ocrx_word' id='word_1_683' title='bbox 2652 4343 2913 4401; x_wconf 81' lang='lat' dir='ltr'><strong>exaltate.</strong></span> <span class='ocrx_word' id='word_1_684' title='bbox 2948 4343 3129 4399; x_wconf 84' lang='lat' dir='ltr'><strong>Salias</strong></span> <span class='ocrx_word' id='word_1_685' title='bbox 3152 4384 3167 4408; x_wconf 98' lang='lat'><strong>,</strong></span> <span class='ocrx_word' id='word_1_686' title='bbox 3194 4343 3341 4399; x_wconf 81' lang='lat' dir='ltr'><strong>terra</strong></span> <span class='ocrx_word' id='word_1_687' title='bbox 3362 4383 3378 4409; x_wconf 90' lang='lat'><strong>,</strong></span> <span class='ocrx_word' id='word_1_688' title='bbox 3396 4344 3614 4400; x_wconf 89' lang='lat' dir='ltr'><strong>celebra</strong></span> 
     </span>
    </p>
   </div>
   <div class='ocr_carea' id='block_1_92' title="bbox 2040 4429 3609 4507">
    <p class='ocr_par' dir='ltr' id='par_1_92' title="bbox 2040 4429 3609 4507">
     <span class='ocr_line' id='line_1_92' title="bbox 2040 4429 3609 4507; baseline 0.003 -22"><span class='ocrx_word' id='word_1_689' title='bbox 2040 4430 2192 4485; x_wconf 85' lang='lat' dir='ltr'><strong>clara</strong></span> <span class='ocrx_word' id='word_1_690' title='bbox 2226 4429 2391 4496; x_wconf 75' lang='lat' dir='ltr'><strong>tanta,</strong></span> <span class='ocrx_word' id='word_1_691' title='bbox 2422 4430 2671 4500; x_wconf 78' lang='lat' dir='ltr'><strong>Virginis</strong></span> <span class='ocrx_word' id='word_1_692' title='bbox 2699 4434 2930 4507; x_wconf 73' lang='lat' dir='ltr'><strong>gloriam</strong></span> <span class='ocrx_word' id='word_1_693' title='bbox 2961 4449 3194 4501; x_wconf 85' lang='lat' dir='ltr'><strong>enarra,</strong></span> <span class='ocrx_word' id='word_1_694' title='bbox 3232 4452 3470 4506; x_wconf 86' lang='lat' dir='ltr'><strong>pannos,</strong></span> <span class='ocrx_word' id='word_1_695' title='bbox 3522 4435 3609 4490; x_wconf 86' lang='lat' dir='ltr'><strong>in-</strong></span> 
     </span>
    </p>
   </div>
   <div class='ocr_carea' id='block_1_93' title="bbox 2041 4523 3617 4599">
    <p class='ocr_par' dir='ltr' id='par_1_93' title="bbox 2041 4523 3617 4599">
     <span class='ocr_line' id='line_1_93' title="bbox 2041 4523 3617 4599; baseline 0.004 -25"><span class='ocrx_word' id='word_1_696' title='bbox 2041 4536 2225 4599; x_wconf 88' lang='lat' dir='ltr'><strong>quam,</strong></span> <span class='ocrx_word' id='word_1_697' title='bbox 2262 4523 2582 4594; x_wconf 81' lang='lat' dir='ltr'><strong>puerperii,</strong></span> <span class='ocrx_word' id='word_1_698' title='bbox 2642 4526 2885 4597; x_wconf 87' lang='lat' dir='ltr'><strong>sepulcri</strong></span> <span class='ocrx_word' id='word_1_699' title='bbox 2945 4527 3213 4581; x_wconf 87' lang='lat' dir='ltr'><strong>miracula</strong></span> <span class='ocrx_word' id='word_1_700' title='bbox 3266 4546 3281 4581; x_wconf 87' lang='lat'><strong>:</strong></span> <span class='ocrx_word' id='word_1_701' title='bbox 3340 4528 3617 4597; x_wconf 85' lang='lat' dir='ltr'><strong>quomodo</strong></span> 
     </span>
    </p>
   </div>
   <div class='ocr_carea' id='block_1_94' title="bbox 2042 4611 3616 4687">
    <p class='ocr_par' dir='ltr' id='par_1_94' title="bbox 2042 4611 3616 4687">
     <span class='ocr_line' id='line_1_94' title="bbox 2042 4611 3616 4687; baseline 0.003 -21"><span class='ocrx_word' id='word_1_702' title='bbox 2042 4611 2255 4679; x_wconf 81' lang='lat' dir='ltr'><strong>sepulta</strong></span> <span class='ocrx_word' id='word_1_703' title='bbox 2287 4612 2383 4678; x_wconf 90' lang='lat' dir='ltr'><strong>sit,</strong></span> <span class='ocrx_word' id='word_1_704' title='bbox 2414 4614 2690 4682; x_wconf 86' lang='lat' dir='ltr'><strong>quomodo</strong></span> <span class='ocrx_word' id='word_1_705' title='bbox 2731 4616 3024 4683; x_wconf 83' lang='lat' dir='ltr'><strong>translata,</strong></span> <span class='ocrx_word' id='word_1_706' title='bbox 3075 4626 3134 4671; x_wconf 87' lang='lat' dir='ltr'><strong>ut</strong></span> <span class='ocrx_word' id='word_1_707' title='bbox 3162 4632 3396 4673; x_wconf 80' lang='lat' dir='ltr'><strong>vacuum</strong></span> <span class='ocrx_word' id='word_1_708' title='bbox 3429 4619 3616 4687; x_wconf 85' lang='lat' dir='ltr'><strong>sepul-</strong></span> 
     </span>
    </p>
   </div>
   <div class='ocr_carea' id='block_1_95' title="bbox 2040 4704 3612 4779">
    <p class='ocr_par' dir='ltr' id='par_1_95' title="bbox 2040 4704 3612 4779">
     <span class='ocr_line' id='line_1_95' title="bbox 2040 4704 3612 4779; baseline 0.003 -21"><span class='ocrx_word' id='word_1_709' title='bbox 2040 4718 2196 4758; x_wconf 88' lang='lat' dir='ltr'><strong>crum</strong></span> <span class='ocrx_word' id='word_1_710' title='bbox 2224 4704 2418 4759; x_wconf 89' lang='lat' dir='ltr'><strong>honori</strong></span> <span class='ocrx_word' id='word_1_711' title='bbox 2437 4704 2726 4761; x_wconf 89' lang='lat' dir='ltr'><strong>babeatur.</strong></span> <span class='ocrx_word' id='word_1_712' title='bbox 2756 4705 2965 4775; x_wconf 68' lang='lat' dir='ltr'><strong>ludam,</strong></span> <span class='ocrx_word' id='word_1_713' title='bbox 2991 4723 3263 4779; x_wconf 80' lang='lat' dir='ltr'><strong>congrega</strong></span> <span class='ocrx_word' id='word_1_714' title='bbox 3296 4719 3421 4766; x_wconf 82' lang='lat' dir='ltr'><strong>tuos</strong></span> <span class='ocrx_word' id='word_1_715' title='bbox 3448 4709 3612 4775; x_wconf 78' lang='lat' dir='ltr'><strong>ﬁlios;</strong></span> 
     </span>
    </p>
   </div>
   <div class='ocr_carea' id='block_1_96' title="bbox 352 4789 1964 4869">
    <p class='ocr_par' dir='ltr' id='par_1_96' title="bbox 352 4789 1936 4869">
     <span class='ocr_line' id='line_1_96' title="bbox 352 4789 1936 4869; baseline -0.004 -18"><span class='ocrx_word' id='word_1_716' title='bbox 352 4797 415 4864; x_wconf 72' lang='grc' dir='ltr'><strong>ιε</strong></span> <span class='ocrx_word' id='word_1_717' title='bbox 460 4795 633 4851; x_wconf 83' lang='grc' dir='ltr'>Ἰούδα</span> <span class='ocrx_word' id='word_1_718' title='bbox 688 4795 1030 4869; x_wconf 84' lang='grc' dir='ltr'>βασίλισσαν,</span> <span class='ocrx_word' id='word_1_719' title='bbox 1069 4793 1283 4864; x_wconf 82' lang='grc' dir='ltr'>θάρσει,</span> <span class='ocrx_word' id='word_1_720' title='bbox 1339 4789 1414 4864; x_wconf 72' lang='grc' dir='ltr'>μὴ</span> <span class='ocrx_word' id='word_1_721' title='bbox 1470 4789 1673 4861; x_wconf 79' lang='grc' dir='ltr'>φοόοῦ·</span> <span class='ocrx_word' id='word_1_722' title='bbox 1710 4791 1936 4863; x_wconf 76' lang='grc' dir='ltr'>ὲόρταζε</span> 
     </span>
    </p>
   </div>
   <div class='ocr_carea' id='block_1_97' title="bbox 2042 4789 3617 4869">
    <p class='ocr_par' dir='ltr' id='par_1_97' title="bbox 2042 4795 3617 4867">
     <span class='ocr_line' id='line_1_97' title="bbox 2042 4795 3617 4867; baseline 0.003 -19"><span class='ocrx_word' id='word_1_723' title='bbox 2042 4795 2285 4865; x_wconf 71' lang='lat' dir='ltr'><strong>praediea</strong></span> <span class='ocrx_word' id='word_1_724' title='bbox 2344 4804 2521 4852; x_wconf 90' lang='lat' dir='ltr'><strong>ortam</strong></span> <span class='ocrx_word' id='word_1_725' title='bbox 2587 4813 2652 4853; x_wconf 81' lang='lat' dir='ltr'><strong>ex</strong></span> <span class='ocrx_word' id='word_1_726' title='bbox 2686 4795 2824 4853; x_wconf 79' lang='lat' dir='ltr'><strong>Juda</strong></span> <span class='ocrx_word' id='word_1_727' title='bbox 2855 4798 3157 4867; x_wconf 80' lang='lat' dir='ltr'><strong>Reginam;</strong></span> <span class='ocrx_word' id='word_1_728' title='bbox 3191 4799 3426 4864; x_wconf 88' lang='lat' dir='ltr'><strong>conﬁde,</strong></span> <span class='ocrx_word' id='word_1_729' title='bbox 3452 4815 3518 4854; x_wconf 83' lang='lat' dir='ltr'><strong>ne</strong></span> <span class='ocrx_word' id='word_1_730' title='bbox 3545 4801 3617 4853; x_wconf 90' lang='lat' dir='ltr'><strong>ti-</strong></span> 
     </span>
    </p>
   </div>
   <div class='ocr_carea' id='block_1_98' title="bbox 351 4883 1930 4961">
    <p class='ocr_par' dir='ltr' id='par_1_98' title="bbox 351 4883 1930 4961">
     <span class='ocr_line' id='line_1_98' title="bbox 351 4883 1930 4961; baseline -0.004 -17"><span class='ocrx_word' id='word_1_731' title='bbox 351 4889 455 4953; x_wconf 74' lang='grc' dir='ltr'><strong>τὰς</strong></span> <span class='ocrx_word' id='word_1_732' title='bbox 487 4890 683 4961; x_wconf 75' lang='grc' dir='ltr'>ἑορτάς</span> <span class='ocrx_word' id='word_1_733' title='bbox 713 4906 832 4954; x_wconf 87' lang='grc' dir='ltr'>σου,</span> <span class='ocrx_word' id='word_1_734' title='bbox 877 4889 941 4942; x_wconf 89' lang='grc' dir='ltr'>Ἰε</span> <span class='ocrx_word' id='word_1_735' title='bbox 953 4885 1229 4958; x_wconf 79' lang='grc' dir='ltr'>ρουσαλήμ</span> <span class='ocrx_word' id='word_1_736' title='bbox 1261 4901 1274 4914; x_wconf 92' lang='grc'><strong>·</strong></span> <span class='ocrx_word' id='word_1_737' title='bbox 1305 4883 1632 4956; x_wconf 78' lang='grc' dir='ltr'>ἀναϐόησον,</span> <span class='ocrx_word' id='word_1_738' title='bbox 1659 4883 1930 4950; x_wconf 73' lang='grc' dir='ltr'>ὀλόλυξον,</span> 
     </span>
    </p>
   </div>
   <div class='ocr_carea' id='block_1_99' title="bbox 353 4974 1934 5054">
    <p class='ocr_par' dir='ltr' id='par_1_99' title="bbox 353 4974 1934 5054">
     <span class='ocr_line' id='line_1_99' title="bbox 353 4974 1934 5054; baseline -0.005 -19"><span class='ocrx_word' id='word_1_739' title='bbox 353 4980 682 5054; x_wconf 82' lang='grc' dir='ltr'>πρόπεμψον</span> <span class='ocrx_word' id='word_1_740' title='bbox 713 4980 808 5035; x_wconf 79' lang='grc' dir='ltr'><strong>τοῦ</strong></span> <span class='ocrx_word' id='word_1_741' title='bbox 837 4979 973 5034; x_wconf 84' lang='grc' dir='ltr'>Θεοῦ</span> <span class='ocrx_word' id='word_1_742' title='bbox 989 4979 1089 5051; x_wconf 80' lang='grc' dir='ltr'>τὴν</span> <span class='ocrx_word' id='word_1_743' title='bbox 1123 4975 1478 5050; x_wconf 84' lang='grc' dir='ltr'>μητρόπολιν,</span> <span class='ocrx_word' id='word_1_744' title='bbox 1525 4974 1692 5045; x_wconf 57' lang='lat' dir='ltr'><strong>eam</strong></span> <span class='ocrx_word' id='word_1_745' title='bbox 1718 4979 1934 5031; x_wconf 81' lang='grc' dir='ltr'>Δαυῐτι-</span> 
     </span>
    </p>
   </div>
   <div class='ocr_carea' id='block_1_100' title="bbox 351 5064 1930 5144">
    <p class='ocr_par' dir='ltr' id='par_1_100' title="bbox 351 5064 1930 5144">
     <span class='ocr_line' id='line_1_100' title="bbox 351 5064 1930 5144; baseline -0.004 -19"><span class='ocrx_word' id='word_1_746' title='bbox 351 5070 487 5136; x_wconf 84' lang='grc' dir='ltr'>κῶς,</span> <span class='ocrx_word' id='word_1_747' title='bbox 520 5071 646 5143; x_wconf 84' lang='grc' dir='ltr'>λέγε</span> <span class='ocrx_word' id='word_1_748' title='bbox 697 5071 942 5144; x_wconf 76' lang='grc' dir='ltr'>τρανῶς·</span> <span class='ocrx_word' id='word_1_749' title='bbox 994 5088 1013 5122; x_wconf 80' lang='grc' dir='ltr'><strong>ι</strong></span> <span class='ocrx_word' id='word_1_750' title='bbox 1071 5069 1160 5123; x_wconf 87' lang='grc' dir='ltr'>Ἐν</span> <span class='ocrx_word' id='word_1_751' title='bbox 1210 5067 1374 5138; x_wconf 72' lang='grc' dir='ltr'>ἐξόδῳ</span> <span class='ocrx_word' id='word_1_752' title='bbox 1406 5065 1620 5137; x_wconf 73' lang='grc' dir='ltr'>Ἰσραὴλ</span> <span class='ocrx_word' id='word_1_753' title='bbox 1660 5064 1720 5130; x_wconf 71' lang='grc' dir='ltr'><strong>ἐξ</strong></span> <span class='ocrx_word' id='word_1_754' title='bbox 1763 5064 1930 5134; x_wconf 76' lang='grc' dir='ltr'>Δίγύο</span> 
     </span>
    </p>
   </div>
   <div class='ocr_carea' id='block_1_101' title="bbox 424 5197 1455 5271">
    <p class='ocr_par' dir='ltr' id='par_1_101' title="bbox 424 5197 1455 5271">
     <span class='ocr_line' id='line_1_101' title="bbox 424 5197 1455 5271; baseline -0.014 -7"><span class='ocrx_word' id='word_1_755' title='bbox 424 5218 448 5248; x_wconf 71' lang='grc' dir='ltr'>α</span> <span class='ocrx_word' id='word_1_756' title='bbox 474 5206 622 5263; x_wconf 84' lang='lat' dir='ltr'><strong>Psal.</strong></span> <span class='ocrx_word' id='word_1_757' title='bbox 677 5221 825 5271; x_wconf 68' lang='lat' dir='ltr'><strong>cus,</strong></span> <span class='ocrx_word' id='word_1_758' title='bbox 863 5205 916 5260; x_wconf 81' lang='lat'><strong>5.</strong></span> <span class='ocrx_word' id='word_1_759' title='bbox 993 5202 1021 5242; x_wconf 73' lang='grc' dir='ltr'><em>δ</em></span> <span class='ocrx_word' id='word_1_760' title='bbox 1050 5200 1218 5256; x_wconf 80' lang='lat' dir='ltr'><strong>Hebr.</strong></span> <span class='ocrx_word' id='word_1_761' title='bbox 1248 5214 1368 5265; x_wconf 73' lang='grc' dir='ltr'>νιιι,</span> <span class='ocrx_word' id='word_1_762' title='bbox 1402 5197 1455 5251; x_wconf 79' lang='lat'><strong>5.</strong></span> 
     </span>
    </p>
   </div>
   <div class='ocr_carea' id='block_1_102' title="bbox 1965 4853 2012 4908">
    <p class='ocr_par' dir='ltr' id='par_1_102' title="bbox 1965 4853 2012 4908">
     <span class='ocr_line' id='line_1_102' title="bbox 1965 4853 2012 4908; baseline 0 0"><span class='ocrx_word' id='word_1_763' title='bbox 1965 4853 2012 4908; x_wconf 86' lang='lat' dir='ltr'><strong>D</strong></span> 
     </span>
    </p>
   </div>
   <div class='ocr_carea' id='block_1_103' title="bbox 2039 4887 3615 4960">
    <p class='ocr_par' dir='ltr' id='par_1_103' title="bbox 2039 4887 3615 4960">
     <span class='ocr_line' id='line_1_103' title="bbox 2039 4887 3615 4960; baseline 0.002 -19"><span class='ocrx_word' id='word_1_764' title='bbox 2039 4887 2276 4954; x_wconf 86' lang='lat' dir='ltr'><strong>mueris;</strong></span> <span class='ocrx_word' id='word_1_765' title='bbox 2308 4901 2407 4959; x_wconf 75' lang='lat' dir='ltr'><strong>age</strong></span> <span class='ocrx_word' id='word_1_766' title='bbox 2439 4887 2579 4951; x_wconf 69' lang='lat' dir='ltr'><strong>festa</strong></span> <span class='ocrx_word' id='word_1_767' title='bbox 2617 4897 2730 4955; x_wconf 76' lang='lat' dir='ltr'><strong>tua,</strong></span> <span class='ocrx_word' id='word_1_768' title='bbox 2761 4888 3100 4956; x_wconf 81' lang='lat' dir='ltr'><strong>Jerusalem;</strong></span> <span class='ocrx_word' id='word_1_769' title='bbox 3134 4891 3435 4955; x_wconf 83' lang='lat' dir='ltr'><strong>sucelama,</strong></span> <span class='ocrx_word' id='word_1_770' title='bbox 3456 4889 3615 4960; x_wconf 82' lang='lat' dir='ltr'><strong>plau-</strong></span> 
     </span>
    </p>
   </div>
   <div class='ocr_carea' id='block_1_104' title="bbox 2031 4975 3613 5051">
    <p class='ocr_par' dir='ltr' id='par_1_104' title="bbox 2031 4975 3613 5051">
     <span class='ocr_line' id='line_1_104' title="bbox 2031 4975 3613 5051; baseline -0.001 -18"><span class='ocrx_word' id='word_1_771' title='bbox 2031 4975 2127 5039; x_wconf 76' lang='lat' dir='ltr'><strong>de.</strong></span> <span class='ocrx_word' id='word_1_772' title='bbox 2150 4976 2328 5035; x_wconf 87' lang='lat' dir='ltr'><strong>deduc</strong></span> <span class='ocrx_word' id='word_1_773' title='bbox 2359 4976 2454 5033; x_wconf 90' lang='lat' dir='ltr'><strong>Dei</strong></span> <span class='ocrx_word' id='word_1_774' title='bbox 2487 4979 2633 5035; x_wconf 89' lang='lat' dir='ltr'><strong>illam</strong></span> <span class='ocrx_word' id='word_1_775' title='bbox 2669 4982 3041 5049; x_wconf 84' lang='lat' dir='ltr'><strong>metropolim.</strong></span> <span class='ocrx_word' id='word_1_776' title='bbox 3074 4980 3255 5037; x_wconf 82' lang='lat' dir='ltr'><strong>Psalle</strong></span> <span class='ocrx_word' id='word_1_777' title='bbox 3273 4982 3431 5051; x_wconf 74' lang='lat' dir='ltr'><strong>juxta</strong></span> <span class='ocrx_word' id='word_1_778' title='bbox 3448 4978 3613 5032; x_wconf 81' lang='lat' dir='ltr'><strong>Davi—</strong></span> 
     </span>
    </p>
   </div>
   <div class='ocr_carea' id='block_1_105' title="bbox 2036 5066 3641 5146">
    <p class='ocr_par' dir='ltr' id='par_1_105' title="bbox 2036 5066 3641 5146">
     <span class='ocr_line' id='line_1_105' title="bbox 2036 5066 3641 5146; baseline 0.007 -25"><span class='ocrx_word' id='word_1_779' title='bbox 2036 5066 2196 5134; x_wconf 89' lang='lat' dir='ltr'><strong>dem;</strong></span> <span class='ocrx_word' id='word_1_780' title='bbox 2229 5069 2315 5125; x_wconf 89' lang='lat' dir='ltr'><strong>dic</strong></span> <span class='ocrx_word' id='word_1_781' title='bbox 2338 5070 2526 5126; x_wconf 84' lang='lat' dir='ltr'><strong>clare:</strong></span> <span class='ocrx_word' id='word_1_782' title='bbox 2560 5090 2578 5123; x_wconf 77' lang='grc' dir='ltr'><strong>ι</strong></span> <span class='ocrx_word' id='word_1_783' title='bbox 2614 5072 2675 5126; x_wconf 87' lang='grc' dir='ltr'>1η</span> <span class='ocrx_word' id='word_1_784' title='bbox 2696 5073 2847 5128; x_wconf 77' lang='lat' dir='ltr'><strong>exitu</strong></span> <span class='ocrx_word' id='word_1_785' title='bbox 2869 5072 3034 5129; x_wconf 82' lang='lat' dir='ltr'><strong>lsrael</strong></span> <span class='ocrx_word' id='word_1_786' title='bbox 3056 5075 3126 5131; x_wconf 87' lang='lat' dir='ltr'><strong>de</strong></span> <span class='ocrx_word' id='word_1_787' title='bbox 3148 5073 3386 5146; x_wconf 69' lang='lat' dir='ltr'><strong>Egypto</strong></span> <span class='ocrx_word' id='word_1_788' title='bbox 3407 5072 3641 5141; x_wconf 69' lang='grc' dir='ltr'><strong>ι’(Ηὶοι</strong></span> 
     </span>
    </p>
   </div>
   <div class='ocr_carea' id='block_1_106' title="bbox 1536 5193 3065 5270">
    <p class='ocr_par' dir='ltr' id='par_1_106' title="bbox 1536 5193 3065 5270">
     <span class='ocr_line' id='line_1_106' title="bbox 1536 5193 3065 5270; baseline 0.008 -21"><span class='ocrx_word' id='word_1_789' title='bbox 1536 5207 1560 5235; x_wconf 71' lang='grc' dir='ltr'><strong>θ</strong></span> <span class='ocrx_word' id='word_1_790' title='bbox 1594 5193 1702 5253; x_wconf 87' lang='lat' dir='ltr'><strong>lsa.</strong></span> <span class='ocrx_word' id='word_1_791' title='bbox 1738 5213 1812 5260; x_wconf 73' lang='lat' dir='ltr'><strong>vx,</strong></span> <span class='ocrx_word' id='word_1_792' title='bbox 1843 5196 1897 5252; x_wconf 74' lang='grc' dir='ltr'>ι.</span> <span class='ocrx_word' id='word_1_793' title='bbox 1981 5196 2000 5235; x_wconf 73' lang='grc' dir='ltr'><em>τ</em></span> <span class='ocrx_word' id='word_1_794' title='bbox 2034 5196 2186 5256; x_wconf 82' lang='lat' dir='ltr'><strong>Psal.</strong></span> <span class='ocrx_word' id='word_1_795' title='bbox 2229 5213 2401 5266; x_wconf 76' lang='grc' dir='ltr'>ιινιι,</span> <span class='ocrx_word' id='word_1_796' title='bbox 2458 5201 2512 5255; x_wconf 82' lang='lat'><strong>3.</strong></span> <span class='ocrx_word' id='word_1_797' title='bbox 2594 5201 2786 5257; x_wconf 67' lang='lat' dir='ltr'><strong>‘PsaI.</strong></span> <span class='ocrx_word' id='word_1_798' title='bbox 2819 5220 2978 5270; x_wconf 76' lang='lat' dir='ltr'><strong>exin,</strong></span> <span class='ocrx_word' id='word_1_799' title='bbox 3020 5209 3065 5261; x_wconf 92' lang='lat' dir='ltr'><strong>l.</strong></span> 
     </span>
    </p>
   </div>
   <div class='ocr_carea' id='block_1_107' title="bbox 1602 5306 2348 5401">
    <p class='ocr_par' dir='ltr' id='par_1_107' title="bbox 1602 5306 2348 5401">
     <span class='ocr_line' id='line_1_107' title="bbox 1602 5306 2348 5401; baseline 0.005 -4"><span class='ocrx_word' id='word_1_800' title='bbox 1602 5306 1609 5311; x_wconf 62' lang='grc'><em>’</em></span> <span class='ocrx_word' id='word_1_801' title='bbox 1683 5339 2079 5398; x_wconf 73' lang='lat' dir='ltr'><strong>consensu</strong></span> <span class='ocrx_word' id='word_1_802' title='bbox 2114 5343 2348 5401; x_wconf 74' lang='lat' dir='ltr'><strong>now.</strong></span> 
     </span>
    </p>
   </div>
   <div class='ocr_carea' id='block_1_108' title="bbox 426 5437 1924 5516">
    <p class='ocr_par' dir='ltr' id='par_1_108' title="bbox 426 5437 1924 5516">
     <span class='ocr_line' id='line_1_108' title="bbox 426 5437 1924 5516; baseline -0.004 -18"><span class='ocrx_word' id='word_1_803' title='bbox 426 5445 539 5516; x_wconf 87' lang='lat' dir='ltr'><strong>(tl)</strong></span> <span class='ocrx_word' id='word_1_804' title='bbox 602 5442 670 5503; x_wconf 78' lang='lat' dir='ltr'><strong>In</strong></span> <span class='ocrx_word' id='word_1_805' title='bbox 697 5444 844 5511; x_wconf 64' lang='lat' dir='ltr'><strong>exitu</strong></span> <span class='ocrx_word' id='word_1_806' title='bbox 880 5441 1057 5516; x_wconf 68' lang='lat' dir='ltr'><strong>Israel</strong></span> <span class='ocrx_word' id='word_1_807' title='bbox 1089 5441 1153 5499; x_wconf 82' lang='lat' dir='ltr'><strong>de</strong></span> <span class='ocrx_word' id='word_1_808' title='bbox 1178 5437 1462 5516; x_wconf 44' lang='grc' dir='ltr'>,κεραμίσι</span> <span class='ocrx_word' id='word_1_809' title='bbox 1502 5437 1671 5498; x_wconf 84' lang='lat' dir='ltr'><strong>Plane</strong></span> <span class='ocrx_word' id='word_1_810' title='bbox 1705 5452 1924 5516; x_wconf 66' lang='lat' dir='ltr'><strong>accom-</strong></span> 
     </span>
    </p>
   </div>
   <div class='ocr_carea' id='block_1_109' title="bbox 346 5509 1923 5589">
    <p class='ocr_par' dir='ltr' id='par_1_109' title="bbox 346 5509 1923 5589">
     <span class='ocr_line' id='line_1_109' title="bbox 346 5509 1923 5589; baseline -0.006 -17"><span class='ocrx_word' id='word_1_811' title='bbox 346 5509 771 5589; x_wconf 73' lang='lat' dir='ltr'><strong>modatissimus</strong></span> <span class='ocrx_word' id='word_1_812' title='bbox 805 5509 1109 5589; x_wconf 57' lang='lat' dir='ltr'><strong>psalmus,</strong></span> <span class='ocrx_word' id='word_1_813' title='bbox 1184 5509 1389 5589; x_wconf 76' lang='lat' dir='ltr'><strong>mundo</strong></span> <span class='ocrx_word' id='word_1_814' title='bbox 1439 5509 1547 5565; x_wconf 88' lang='lat' dir='ltr'><strong>hoc</strong></span> <span class='ocrx_word' id='word_1_815' title='bbox 1594 5510 1923 5589; x_wconf 56' lang='lat' dir='ltr'><strong>(ineuntibus</strong></span> 
     </span>
    </p>
   </div>
   <div class='ocr_carea' id='block_1_110' title="bbox 346 5578 1923 5653">
    <p class='ocr_par' dir='ltr' id='par_1_110' title="bbox 346 5578 1923 5653">
     <span class='ocr_line' id='line_1_110' title="bbox 346 5578 1923 5653; baseline -0.004 -13"><span class='ocrx_word' id='word_1_816' title='bbox 346 5587 562 5650; x_wconf 69' lang='lat' dir='ltr'><strong>sanctis</strong></span> <span class='ocrx_word' id='word_1_817' title='bbox 615 5578 942 5653; x_wconf 74' lang='lat' dir='ltr'><strong>animabus;</strong></span> <span class='ocrx_word' id='word_1_818' title='bbox 998 5582 1289 5649; x_wconf 70' lang='lat' dir='ltr'><strong>submerso</strong></span> <span class='ocrx_word' id='word_1_819' title='bbox 1335 5581 1447 5648; x_wconf 88' lang='lat' dir='ltr'><strong>jam</strong></span> <span class='ocrx_word' id='word_1_820' title='bbox 1490 5578 1724 5653; x_wconf 57' lang='lat' dir='ltr'><strong>penita;</strong></span> <span class='ocrx_word' id='word_1_821' title='bbox 1772 5578 1923 5653; x_wconf 62' lang='lat' dir='ltr'><strong>Plia-</strong></span> 
     </span>
    </p>
   </div>
   <div class='ocr_carea' id='block_1_111' title="bbox 349 5649 1924 5728">
    <p class='ocr_par' dir='ltr' id='par_1_111' title="bbox 349 5649 1924 5728">
     <span class='ocr_line' id='line_1_111' title="bbox 349 5649 1924 5728; baseline -0.007 -16"><span class='ocrx_word' id='word_1_822' title='bbox 349 5670 544 5728; x_wconf 79' lang='lat' dir='ltr'><strong>raoue,</strong></span> <span class='ocrx_word' id='word_1_823' title='bbox 578 5669 644 5709; x_wconf 86' lang='lat' dir='ltr'><strong>ac</strong></span> <span class='ocrx_word' id='word_1_824' title='bbox 670 5652 913 5728; x_wconf 74' lang='lat' dir='ltr'><strong>perlecta</strong></span> <span class='ocrx_word' id='word_1_825' title='bbox 928 5649 1198 5728; x_wconf 72' lang='lat' dir='ltr'><strong>libertate</strong></span> <span class='ocrx_word' id='word_1_826' title='bbox 1226 5658 1379 5728; x_wconf 72' lang='lat' dir='ltr'><strong>parta</strong></span> <span class='ocrx_word' id='word_1_827' title='bbox 1401 5649 1574 5728; x_wconf 35' lang='lat' dir='ltr'><strong>aqua</strong></span> <span class='ocrx_word' id='word_1_828' title='bbox 1595 5649 1924 5728; x_wconf 66' lang='lat' dir='ltr'><strong>sanenobis</strong></span> 
     </span>
    </p>
   </div>
   <div class='ocr_carea' id='block_1_112' title="bbox 353 5715 1918 5792">
    <p class='ocr_par' dir='ltr' id='par_1_112' title="bbox 353 5715 1918 5792">
     <span class='ocr_line' id='line_1_112' title="bbox 353 5715 1918 5792; baseline -0.005 -10"><span class='ocrx_word' id='word_1_829' title='bbox 353 5715 540 5783; x_wconf 79' lang='lat' dir='ltr'><strong>minor</strong></span> <span class='ocrx_word' id='word_1_830' title='bbox 560 5715 948 5792; x_wconf 72' lang='lat' dir='ltr'><strong>est,&#39;quandiu</strong></span> <span class='ocrx_word' id='word_1_831' title='bbox 977 5724 1033 5778; x_wconf 88' lang='lat' dir='ltr'><strong>in</strong></span> <span class='ocrx_word' id='word_1_832' title='bbox 1070 5715 1327 5776; x_wconf 65' lang='lat' dir='ltr'><strong>buma&#39;nis</strong></span> <span class='ocrx_word' id='word_1_833' title='bbox 1361 5715 1597 5786; x_wconf 67' lang='lat' dir='ltr'><strong>agimus.</strong></span> <span class='ocrx_word' id='word_1_834' title='bbox 1631 5715 1744 5773; x_wconf 77' lang='lat' dir='ltr'><strong>Nec</strong></span> <span class='ocrx_word' id='word_1_835' title='bbox 1773 5720 1918 5789; x_wconf 84' lang='lat' dir='ltr'><strong>enim</strong></span> 
     </span>
    </p>
   </div>
   <div class='ocr_carea' id='block_1_113' title="bbox 2030 5442 3613 5513">
    <p class='ocr_par' dir='ltr' id='par_1_113' title="bbox 2030 5442 3613 5513">
     <span class='ocr_line' id='line_1_113' title="bbox 2030 5442 3613 5513; baseline 0.002 -16"><span class='ocrx_word' id='word_1_836' title='bbox 2030 5442 2299 5513; x_wconf 80' lang='lat' dir='ltr'><strong>interim,</strong></span> <span class='ocrx_word' id='word_1_837' title='bbox 2367 5443 2532 5501; x_wconf 88' lang='lat' dir='ltr'><strong>etiam</strong></span> <span class='ocrx_word' id='word_1_838' title='bbox 2595 5444 2968 5511; x_wconf 62' lang='lat' dir='ltr'><strong>sanctissimis</strong></span> <span class='ocrx_word' id='word_1_839' title='bbox 3034 5444 3236 5513; x_wconf 82' lang='lat' dir='ltr'><strong>desunt</strong></span> <span class='ocrx_word' id='word_1_840' title='bbox 3312 5447 3613 5513; x_wconf 81' lang='grc' dir='ltr'>ἀναγκαιοο</span> 
     </span>
    </p>
   </div>
   <div class='ocr_carea' id='block_1_114' title="bbox 2030 5511 3613 5584">
    <p class='ocr_par' dir='ltr' id='par_1_114' title="bbox 2030 5511 3613 5584">
     <span class='ocr_line' id='line_1_114' title="bbox 2030 5511 3613 5584; baseline 0.004 -19"><span class='ocrx_word' id='word_1_841' title='bbox 2030 5511 2177 5584; x_wconf 77' lang='grc' dir='ltr'>πάθη</span> <span class='ocrx_word' id='word_1_842' title='bbox 2238 5513 2355 5579; x_wconf 86' lang='lat' dir='ltr'><strong>illa,</strong></span> <span class='ocrx_word' id='word_1_843' title='bbox 2390 5513 2596 5584; x_wconf 70' lang='lat' dir='ltr'><strong>saltem</strong></span> <span class='ocrx_word' id='word_1_844' title='bbox 2658 5515 2928 5583; x_wconf 86' lang='lat' dir='ltr'><strong>corporis.</strong></span> <span class='ocrx_word' id='word_1_845' title='bbox 2962 5512 3136 5571; x_wconf 83' lang='lat' dir='ltr'><strong>Habet</strong></span> <span class='ocrx_word' id='word_1_846' title='bbox 3188 5515 3352 5584; x_wconf 84' lang='lat' dir='ltr'><strong>etiam</strong></span> <span class='ocrx_word' id='word_1_847' title='bbox 3412 5511 3613 5584; x_wconf 77' lang='lat' dir='ltr'><strong>Regius</strong></span> 
     </span>
    </p>
   </div>
   <div class='ocr_carea' id='block_1_115' title="bbox 2029 5581 3613 5648">
    <p class='ocr_par' dir='ltr' id='par_1_115' title="bbox 2029 5581 3613 5648">
     <span class='ocr_line' id='line_1_115' title="bbox 2029 5581 3613 5648; baseline 0.003 -13"><span class='ocrx_word' id='word_1_848' title='bbox 2029 5581 2224 5648; x_wconf 81' lang='lat' dir='ltr'><strong>codex,</strong></span> <span class='ocrx_word' id='word_1_849' title='bbox 2268 5599 2324 5638; x_wconf 90' lang='lat' dir='ltr'><strong>n.</strong></span> <span class='ocrx_word' id='word_1_850' title='bbox 2379 5582 2506 5647; x_wconf 78' lang='lat'><strong>955,</strong></span> <span class='ocrx_word' id='word_1_851' title='bbox 2547 5581 2772 5645; x_wconf 79' lang='lat' dir='ltr'><strong>nomine</strong></span> <span class='ocrx_word' id='word_1_852' title='bbox 2812 5587 2987 5643; x_wconf 87' lang='lat' dir='ltr'><strong>sancti</strong></span> <span class='ocrx_word' id='word_1_853' title='bbox 3045 5584 3278 5640; x_wconf 77' lang='lat' dir='ltr'><strong>Joannis</strong></span> <span class='ocrx_word' id='word_1_854' title='bbox 3312 5581 3613 5641; x_wconf 75' lang='lat' dir='ltr'><strong>Thessalo-</strong></span> 
     </span>
    </p>
   </div>
   <div class='ocr_carea' id='block_1_116' title="bbox 2028 5650 3612 5722">
    <p class='ocr_par' dir='ltr' id='par_1_116' title="bbox 2028 5650 3612 5722">
     <span class='ocr_line' id='line_1_116' title="bbox 2028 5650 3612 5722; baseline 0.003 -17"><span class='ocrx_word' id='word_1_855' title='bbox 2028 5650 2275 5709; x_wconf 82' lang='lat' dir='ltr'><strong>uicensis</strong></span> <span class='ocrx_word' id='word_1_856' title='bbox 2304 5653 2480 5710; x_wconf 79' lang='lat' dir='ltr'><strong>fusam</strong></span> <span class='ocrx_word' id='word_1_857' title='bbox 2530 5654 2824 5719; x_wconf 74' lang='lat' dir='ltr'><strong>admodum</strong></span> <span class='ocrx_word' id='word_1_858' title='bbox 2854 5655 3184 5718; x_wconf 86' lang='lat' dir='ltr'><strong>orationem,</strong></span> <span class='ocrx_word' id='word_1_859' title='bbox 3229 5655 3476 5722; x_wconf 82' lang='lat' dir='ltr'><strong>ejusdem</strong></span> <span class='ocrx_word' id='word_1_860' title='bbox 3517 5671 3612 5709; x_wconf 87' lang='lat' dir='ltr'><strong>ar—</strong></span> 
     </span>
    </p>
   </div>
   <div class='ocr_carea' id='block_1_117' title="bbox 2027 5724 3610 5807">
    <p class='ocr_par' dir='ltr' id='par_1_117' title="bbox 2027 5724 3610 5807">
     <span class='ocr_line' id='line_1_117' title="bbox 2027 5724 3610 5807; baseline 0.004 -33"><span class='ocrx_word' id='word_1_861' title='bbox 2027 5724 2294 5805; x_wconf 58' lang='lat' dir='ltr'><strong>gumenti,</strong></span> <span class='ocrx_word' id='word_1_862' title='bbox 2330 5724 2386 5779; x_wconf 91' lang='lat' dir='ltr'><strong>in</strong></span> <span class='ocrx_word' id='word_1_863' title='bbox 2421 5738 2527 5795; x_wconf 85' lang='lat' dir='ltr'><strong>qua</strong></span> <span class='ocrx_word' id='word_1_864' title='bbox 2559 5740 2660 5782; x_wconf 80' lang='lat' dir='ltr'><strong>ceu</strong></span> <span class='ocrx_word' id='word_1_865' title='bbox 2697 5741 2762 5782; x_wconf 79' lang='lat' dir='ltr'><strong>ex</strong></span> <span class='ocrx_word' id='word_1_866' title='bbox 2795 5725 3027 5807; x_wconf 70' lang='lat' dir='ltr'><strong>historia</strong></span> <span class='ocrx_word' id='word_1_867' title='bbox 3083 5725 3364 5783; x_wconf 86' lang='lat' dir='ltr'><strong>inducitur</strong></span> <span class='ocrx_word' id='word_1_868' title='bbox 3417 5725 3610 5797; x_wconf 67' lang='lat' dir='ltr'><strong>Petrus</strong></span> 
     </span>
    </p>
   </div>
  </div>
