4016 6130
478 273 600 346 1111

537 397 959 468 Consequenter
988 406 1167 453 autem
1200 398 1493 468 procnmio,
1540 412 1758 468 aequum
1798 398 2041 452 arbitror
2068 403 2115 459 Α

472 496 531 542 ut
555 489 846 558 praesentis
897 489 1010 544 diei
1060 503 1287 557 scopum
1337 504 1437 558 pro
1464 488 1610 543 virili
1646 499 1834 544 nostra
1864 489 2040 559 expli-

470 593 664 634 cemus
697 619 715 642 ,
759 586 818 633 ut
854 595 922 634 ne
952 574 1064 635 ullo
1102 581 1396 635 commodo
1439 596 1504 634 ac
1561 582 1742 636 intctu
1777 582 1907 635 hinc
1939 580 2041 637 do-

472 682 622 721 mum
676 679 1040 723 revertamur.
1087 670 1137 725 ls
1178 681 1363 724 autem
1394 679 1501 738 est,
1554 673 1646 725 illa
1686 673 1944 742 Baptistae
1973 672 2039 725 ad

474 756 744 812 Herodem
781 760 1042 828 loquendi
1073 762 1325 822 libertas,
1359 778 1524 832 quam
1554 764 1720 817 hodie
1760 779 2041 834 exponens

471 847 612 902 liber
657 851 1012 919 evangelicns
1066 853 1216 908 clare
1261 854 1528 923 loquitur.
1578 855 1727 908 Illam
1786 855 1913 911 dico
1959 857 2043 909 lo—

470 938 670 1006 quendi
697 940 1030 1005 libertatem,
1074 944 1130 997 in
1162 938 1329 1014 quam
1361 945 1511 998 nulla
1540 946 1702 999 cadat
1736 949 2042 1017 reprehen-

470 1029 577 1092 sio,
613 1038 674 1084 ut
708 1047 830 1101 qua:
868 1048 1008 1101 pura
1044 1044 1177 1097 tota,
1204 1036 1457 1106 nihilque
1491 1035 1783 1090 mundame
1816 1039 2043 1092 liberta-

469 1119 545 1176 tis
591 1124 940 1179 commistum
1016 1127 1269 1192 habens,
1311 1128 1528 1197 prodita
1581 1129 1686 1182 sit:
1751 1137 1904 1182 tanto
1952 1131 2043 1184 illa

471 1209 763 1265 mundana:
799 1213 1040 1268 libertati
1092 1224 1383 1284 praestans,
1418 1224 1477 1270 ιιι
1505 1217 1715 1270 nullum
1748 1219 1819 1280 is,
1858 1218 2044 1287 priva-

471 1311 586 1354 tum
622 1301 767 1356 inter
803 1318 868 1358 ac
920 1320 1099 1375 regem
1135 1308 1382 1376 posuerit
1411 1307 1708 1362 discrimen
1738 1314 1863 1378 (est
1893 1310 2041 1364 enim

472 1393 725 1461 utrisque
770 1398 1085 1451 communis
1120 1399 1461 1470 redargulio,
1504 1402 1725 1470 quando
1756 1402 1925 1456 'actio
1963 1402 2045 1457 si-

472 1485 654 1538 milem
704 1486 873 1553 exigit
923 1489 1491 1558 reprehensionem):
1543 1492 1792 1562 quinimo
1840 1504 1898 1547 ut
1947 1492 2044 1547 Del

472 1577 764 1646 propheta.
815 1580 1046 1651 ejusque
1106 1585 1399 1638 aemulator
1450 1586 1857 1652 mandatorum,
1917 1601 2042 1641 cum

471 1681 797 1737 purpuram,
836 1674 913 1723 'ae
962 1672 1126 1742 regiae
1169 1674 1480 1745 maiestatis
1532 1675 1813 1740 thronum,
1841 1683 1897 1730 et
1928 1656 2047 1729 dia-

1521 320 1525 325 ι
1622 283 1682 342 S.
1718 278 2049 342 ANDREJE
2079 279 2499 340 CBETENSIS

3601 262 3731 327 Ill]:

2228 396 2495 466 Ἐχὸμενα
2528 395 2584 447 δὲ
2619 392 2713 447 τοῦ
2750 392 3064 464 προοιμίου,
3120 390 3329 445 δίκαιον
3363 386 3608 458 ἡγοῦμαι
3633 403 3728 438 τον

2141 489 2236 556 τῆς
2281 487 2565 557 παρούσης
2594 486 2808 556 ἡμέρας
2836 486 2915 547 εἰς
2968 483 3199 551 δύναμιν
3246 479 3565 545 ἐξαπλῶσαι
3602 493 3727 528 σκο-

2143 581 2262 643 πὸν,
2296 580 2372 643 ὡς
2396 580 2461 633 ἂν
2493 578 2567 650 μὴ
2594 577 2909 639 ἀωντελεῖς
2937 615 2951 637 ,
2988 575 3125 644 μηδέ
3158 573 3400 643 ἄκαρποι
3430 570 3545 622 τῶν
3596 569 3724 637 τῇδε

2145 672 2523 741 ὑποχωρῶμεν
2552 671 2756 723 οἴκαδε.
2806 669 2864 722 Ὀ
2904 667 2961 720 δέ
3007 670 3158 719 ἐστιν
3184 707 3198 731 ,
3229 666 3262 735 ἠ
3292 665 3433 734 πρὸς
3477 660 3727 730 Ἡρώδην

2143 762 2239 815 τοῦ
2271 759 2581 814 Βαπτιστοῦ
2612 759 2920 830 παρρησία,
2951 758 3020 828 ἦν
3045 758 3079 826 ἡ
3115 753 3449 823 εὐαγγελικὴ
3486 753 3725 821 σήμερον

2144 854 2568 907 ἀναπτύσσουσα
2600 851 2807 922 βίϐλος,
2865 848 3208 920 διαπρυσίως
3243 846 3542 912 ὑποφωνεῖ.
3584 844 3725 911 1]αρ-

2147 947 2342 1017 ρησίαν
2373 946 2589 1015 ἐκείνην
2618 944 2764 1010 λέγω
2784 937 2853 1014 ἧς
2878 941 3055 1004 οὐδεὶς
3086 939 3285 1009 ἅψαιτο
3309 938 3525 1007 μῶμος,
3556 934 3721 986 καθα-

2149 1042 2246 1109 pi;
2283 1038 2412 1107 ὅλης
2452 1039 2547 1090 καὶ
2576 1035 2811 1106 ἀμιγοῦς
2856 1034 2954 1103 τῆς
2988 1032 3091 1085 ἀνὰ
3122 1031 3219 1101 τὴν
3254 1029 3433 1081 κτξσιν
3474 1028 3725 1094 ἀποφαν-

2146 1130 2333 1200 θείσης
2365 1129 2674 1201 παρρησίας
2696 1145 2710 1158 ·
2757 1123 2821 1198 ἧς
2853 1124 3109 1179 τοσοῦτον
3157 1112 3295 1191 ἐσχε⁶
3311 1120 3373 1172 τὸ
3410 1118 3625 1187 περιὸν,
3650 1115 3724 1178 ὡς

2149 1221 2314 1293 μηδὲν
2343 1220 2529 1273 θέσθαι
2563 1222 2725 1287 μέσον
2757 1216 3028 1278 ἰδιωτείας
3057 1215 3152 1267 καὶ
3199 1211 3497 1282 βασιλείας.
3531 1207 3723 1270 Κοινδς

2144 1314 2253 1384 γὰρ
2281 1313 2371 1365 ἐπ’
2388 1311 2719 1382 ἀμφοτέροις
2751 1312 2779 1363 ὁ
2810 1307 3205 1377 ἔλεγχος,ὄταν
3234 1305 3267 1373 ή
3301 1301 3504 1372 πρᾶξις
3531 1300 3720 1369 ὁμοίαν

2145 1407 2243 1477 ἔχῃ
2269 1406 2367 1476 τὴν
2390 1402 2704 1474 εἴσπραξιν·
2739 1388 2868 1455 ἀλλ”
2899 1396 2988 1453 οἷα
3018 1398 3158 1452 Θεοῦ
3194 1397 3484 1466 προφήτην
3504 1412 3519 1424 ·
3553 1390 3645 1445 καὶ
3669 1392 3725 1442 τί

2144 1498 2252 1566 γάρ
2279 1515 2294 1563 ;
2323 1494 2571 1566 ζηλωτὴν
2616 1493 2725 1546 τῶν
2759 1491 2922 1546 αὐτοῦ
2953 1489 3419 1562 προσταγμάτων,
3451 1485 3728 1555 ὑπεριδεῖν

2149 1590 2250 1660 μὲν
2274 1588 2610 1659 ἁλουργίδος,
2634 1587 2728 1639 καὶ
2748 1586 2965 1658 θρόνου,
2990 1586 3087 1638 καὶ
3111 1584 3467 1654 διαδήματος,
3494 1580 3590 1634 καὶ
3620 1579 3727 1632 τῶν

2151 1685 2250 1737 ὅσα
2283 1682 2372 1735 τὸν
2395 1681 2561 1749 ὄγκον
2593 1680 2739 1752 αἴρει
2790 1681 2905 1742 τοῖς
2950 1677 3312 1748 φιλοκόμποις
3349 1674 3444 1727 τοῦ
3475 1673 3725 1727 διακένου

469 1758 629 1814 dema
688 1775 753 1814 ac
812 1770 1086 1832 quotquot
1132 1765 1431 1821 mundanis
1493 1768 1812 1822 hominibus
1860 1769 2042 1823 inanis

2155 1740 2507 1843 φυσήματιλς⁸
2559 1740 3048 1841 παρρησιάσασθαι
3094 1740 3281 1837 eam
3314 1763 3603 1834 ἀλήθειαν,
3635 1762 3727 1814 καὶ

470 1846 774 1904 inﬂationis
800 1859 1074 1907 tumorem
1105 1868 1306 1924 augere
1348 1855 1571 1919 habent,
1605 1857 1895 1924 spreverit.
1926 1864 2040 1908 tum

470 1940 646 1997 libere
674 1944 960 1999 veritatem
997 1946 1308 2015 protulerit,
1341 1948 1607 2017 nulloque
1644 1956 1813 2009 metu,
1852 1955 2045 2000 aucto-

472 2030 693 2086 ritatem
735 2033 871 2103 legis
894 2074 911 2101 ,
952 2024 1116 2105 cujus
1143 2038 1308 2093 vellet
1347 2038 1655 2093 libertatem
1686 2037 1820 2092 nihil
1845 2052 2039 2091 vanam

469 2126 788 2188 ostendere.
854 2127 1243 2184 declaraverit.
1277 2117 1394 2196 Qua
1453 2131 1600 2185 enim
1656 2132 1891 2194 ratione,
1948 2131 2041 2199 qui

470 2215 647 2284 legem
697 2217 842 2273 inter
891 2234 957 2274 ac
1007 2221 1244 2290 gratiam
1279 2221 1492 2277 medius
1543 2229 1712 2286 esset,
1759 2222 1894 2292 legis
1923 2226 2043 2278 exi-

470 2316 625 2363 stens
655 2320 1056 2380 propugnator,
1086 2312 1315 2382 gloriam
1350 2313 1484 2383 legis
1518 2306 1863 2382 despiceret?
1887 2314 2044 2381 Quod

471 2410 651 2453 autem
684 2400 900 2457 Domini
953 2403 1201 2473 Baptista
1253 2405 1431 2474 egerit
1466 2415 1932 2476 pr0pugnatorem
1967 2408 2043 2463 le-

469 2490 730 2561 gis,quis
764 2496 972 2550 stultus
1025 2497 1185 2557 adeo.
1225 2505 1284 2550 ut
1338 2511 1408 2551 ne
1455 2498 1578 2557 hoc,
1637 2513 1821 2551 rerum
1863 2498 1931 2551 ab
1977 2512 2042 2553 eo

471 2586 733 2653 praeclare
788 2596 1067 2657 gestarum
1130 2588 1367 2657 primum
1416 2589 1646 2643 omnino
1684 2596 1872 2658 caput,
1930 2599 2044 2642 sta-

434 2678 736 2732 -tuendnm
794 2680 1056 2735 duxerit?
1105 2679 1298 2746 Qualis
1356 2688 1540 2734 autem
1586 2690 1734 2735 esset
1782 2680 1901 2751 ejus
1945 2682 2097 2737 zelus
2128 2723 2145 2750 ,
2218 2697 2495 2753 quamque
2542 2684 2841 2738 vehemens
2901 2696 2967 2736 ac
3036 2697 3325 2746 accensus,

470 2771 733 2841 deinceps
766 2774 1007 2828 narratio
1033 2774 1353 2829 declarabit.

549 2881 567 2912 ι
611 2863 667 2917 In
701 2865 796 2917 illo
827 2873 1094 2935 tempore,
1129 2880 1254 2919 cum
1277 2865 1524 2920 audisset
1553 2866 1794 2920 Herodes
1824 2863 2044 2920 Tetrar-
2084 2888 2097 2897 κ

471 2957 575 3010 cba
610 2956 809 3011 famam
838 2956 989 3023 Jesu,
1026 2958 1105 3012 ait
1156 2958 1340 3027 pueris
1369 2957 1524 3013 suis:
1562 2958 1662 3013 llic
1692 2970 1777 3013 est
1802 2959 2046 3013 Joannes

2151 1863 2684 1933 συστολῆςμὰπάσης
2739 1863 2885 1932 δίχα,
2934 1863 3028 1915 τοῦ
3080 1862 3248 1927 νόμου
3301 1858 3402 1928 τὴν
3435 1856 3725 1910 αὐθεντίαν

2147 1955 2514 2025 ἀποκαλύψαι,
2550 1957 2631 2009 ὅτι
2658 1955 2734 2024 μὴ
2764 1954 2977 2023 φαύλην
3007 1951 3286 2021 ἀποφῆναι
3315 1950 3412 2003 τοῦ
3436 1949 3608 2016 νόμου
3631 1946 3727 2016 τὴν

2150 2046 2460 2119 ἐλευθερίαν
2494 2046 2764 2103 ἐϐούλετο.
2804 2044 2928 2106 Πῶς
2952 2043 3059 2114 γὰρ
3089 2045 3117 2096 ὁ
3150 2043 3318 2111 νόμον
3354 2039 3587 2109 μεσίτης
3637 2038 3726 2089 καὶ

2151 2140 2393 2209 χάριτος,
2426 2137 2731 2208 περιορῷτο
2748 2134 2843 2188 τοῦ
2866 2134 3035 2204 νόμου
3059 2133 3158 2202 τὴν
3181 2130 3452 2192 εὔκλειαν,
3469 2129 3728 2200 προασπξ-

2154 2229 2261 2293 ζων
2289 2228 2382 2282 τοῦ
2413 2230 2616 2298 νόμους
2674 2228 2797 2280 Ὀτι
2826 2226 2882 2279 δὲ
2935 2226 3101 2293 νόμου
3136 2223 3521 2292 προασπιστὴς
3572 2223 3602 2272 ὁ
3638 2220 3727 2273 τοῦ

2151 2317 2427 2370 Δεσπότου
2448 2314 2781 2385 Βαπτιστὴς,
2811 2314 2893 2378 τίς
2926 2313 3101 2376 οὕτως
3123 2312 3356 2382 ἠλίθιος,
3378 2311 3454 2375 ὡς
3482 2312 3557 2382 μὴ
3577 2312 3727 2363 τοῦτο

2150 2406 2429 2478 προῦργου
2458 2408 2565 2461 τῶν
2597 2406 2744 2476 αὐτῷ
2778 2404 3246 2476 κατωρθωμένων,
3294 2405 3514 2475 πρῶτον
3543 2403 3727 2456 θέσθαι

2150 2500 2478 2566 κεφάλαιον;
2515 2499 2620 2552 Τόν
2666 2499 2728 2567 γέ
2759 2516 2841 2551 τοι
2886 2496 3049 2567 ζῆλον
3087 2499 3271 2556 ὁποῖος
3297 2491 3365 2566 ἦν
3405 2494 3577 2565 αὐτῷ,
3638 2496 3727 2547 καὶ

2148 2588 2229 2650 εἰς
2259 2589 2383 2640 ὅσον
2414 2588 2637 2658 ἐξῆπτο,
2663 2585 2897 2659 δηλώσει
2926 2587 2986 2639 τὸ
3020 2586 3370 2653 Εὐαγγέλιον.

3417 2681 3725 2752 evangelica

2227 2881 2245 2911 ο
2292 2859 2381 2913 Ἐν
2423 2861 2615 2930 ἐκείνῳ
2661 2859 2739 2931 τῷ
2773 2858 2969 2931 καιρῷ,
3002 2859 3235 2927 ἤκουσεν
3284 2858 3531 2931 Ἡρώδης
3562 2863 3592 2913 ὁ
3639 2881 3726 2917 τε·

2146 2955 2396 3027 ’τρὰρχης
2429 2953 2528 3023 τὴν
2583 2953 2753 3023 ἀκοὴν
2792 2954 2989 3022 Ἰησοῦ,
3040 2955 3135 3007 καὶ
3186 2950 3341 3005 εἶπεν
3374 2957 3489 3017 τοῖς
3546 2961 3731 3010 παισὶν

472 3050 755 3120 Baptista;
811 3050 929 3121 ipse
976 3050 1222 3105 surrexit
1261 3065 1291 3103 a
1349 3053 1617 3107 mortuis:
1663 3059 1722 3105 et
1754 3059 2045 3120 propterea

2151 3043 2349 3097 αὐτοῦ’
2378 3036 2546 3106 υῦτός
2597 3045 2744 3096 ἐστιν
2783 3045 3037 3115 Ἰωάννης
3082 3045 3111 3096 ὁ
3168 3045 3521 3116 Βαπτιστής·
3571 3050 3729 3113 αὐτὸς

473 3145 713 3211 virtutes
766 3152 1072 3213 operantur
1123 3145 1176 3197 in
1211 3159 1298 3199 eo.
1341 3147 1465 3214 lpse
1512 3143 1658 3198 enim
1694 3142 1938 3197 llerodes
1969 3151 2049 3197 te-

473 3235 595 3286 nuit
621 3230 913 3297 Joannem,
944 3242 998 3287 et
1033 3234 1183 3288 misit
1236 3234 1289 3288 in
1330 3250 1631 3297 carcerem,
1687 3242 1909 3303 propter
1943 3233 2046 3289 He-

475 3322 755 3377 rodiadem
815 3338 1042 3377 uxorem
1095 3321 1334 3394 Philippi
1391 3325 1585 3380 fratris
1653 3326 1765 3380 sui.
1825 3323 2048 3378 Dicebat

472 3415 621 3468 enim
662 3416 711 3470 ei
768 3415 1010 3472 Joannes
1045 3435 1060 3471 :
1090 3416 1209 3472 Non
1250 3418 1381 3472 licet
1419 3418 1515 3471 tibi
1571 3418 1774 3473 habere
1805 3433 1947 3473 eam.
1985 3420 2050 3473 Et

474 3523 605 3561 cum
655 3508 816 3562 vellet
839 3525 960 3564 eum
1017 3511 1292 3573 occidere,
1337 3511 1565 3564 timebat
1613 3511 1855 3577 turbam,
1917 3510 2048 3580 quia

474 3600 620 3653 sicut
650 3601 971 3670 prophetam
1025 3615 1151 3655 eum
1208 3600 1503 3654 habebant.
1536 3600 1673 3654 Cum
1711 3609 1890 3655 autem
1923 3615 2051 3670 age-

475 3698 627 3743 retur
658 3690 777 3743 dies
810 3691 1011 3744 natalis
1039 3689 1300 3755 llerodis,
1337 3691 1559 3744 saltavit
1587 3690 1695 3744 illia
1727 3690 2047 3746 llerodiadis

475 3781 530 3835 in
567 3781 772 3846 medio,
804 3792 859 3836 et
903 3783 1114 3851 placuit
1146 3782 1366 3837 llerodi.
1414 3781 1779 3849 Quamobrem
1810 3799 1935 3837 eum
1960 3783 2050 3852 ju-

475 3881 726 3927 ramento
778 3874 1054 3942 pollicitus
1104 3884 1191 3930 est
1248 3890 1309 3930 se
1361 3877 1408 3929 ei
1468 3877 1720 3929 daturum
1781 3875 2049 3944 quidquid

475 3960 837 4028 postulasset.
894 3962 965 4014 At
1031 3962 1121 4016 illa
1186 3963 1413 4018 inducta
1462 3980 1492 4018 a
1554 3975 1726 4018 matre
1788 3981 1923 4019 sua:
1974 3965 2049 4018 Da

473 4051 635 4113 mihi,
668 4052 866 4121 inquit,
904 4053 994 4107 hic
1024 4053 1078 4107 in
1109 4053 1265 4110 disco
1297 4062 1465 4124 caput
1495 4054 1732 4112 Joannis
1750 4055 2047 4126 ‘Baplislr.

476 4143 540 4196 Et
569 4145 932 4201 contristatus
963 4154 1049 4202 est
1079 4162 1173 4202 rex
1201 4164 1215 4200 :
1270 4157 1496 4216 propter
1517 4147 1910 4217 jusjurandum
1946 4164 2049 4203 au-

475 4244 605 4298 tem,
636 4245 691 4291 et
720 4236 882 4291 simul
929 4240 1335 4301 reeumbentes,
1381 4238 1551 4307 jus’sit
1583 4238 1704 4293 dari
1736 4258 1749 4293 :
1797 4241 2051 4296 mittens-

474 4342 604 4396 que,
659 4327 951 4382 decollavit
998 4327 1261 4384 Joannem
1294 4331 1349 4384 in
1399 4346 1642 4385 carcere.
1688 4330 1754 4384 Et
1818 4332 2046 4385 allatum

2147 3133 2355 3203 ἠγέρθη
2390 3133 2499 3185 ἀπὸ
2522 3132 2631 3185 τῶν
2656 3132 2900 3202 νεκρῶν,
2955 3134 3048 3186 καὶ
3078 3133 3165 3187 διὰ
3205 3133 3364 3187 τοῦτο
3414 3137 3728 3207 ἐνεργοῦσιν

2148 3228 2204 3278 αἱ
2226 3226 2485 3295 δυνάμεις
2507 3226 2563 3278 ἐν
2596 3225 2765 3296 αὐτῷ.
2801 3226 2858 3277 '0
2888 3226 2998 3296 γὰρ
3048 3226 3292 3297 Ἡρώδης
3317 3232 3602 3300 κρατήσας
3642 3232 3728 3285 τὸν

2162 3318 2438 3387 Ἰωάννην,
2497 3317 2649 3370 ἔθετο
2696 3320 2776 3380 εἰς
2816 3317 3064 3388 φυλακὴν
3121 3319 3211 3371 διὰ
3277 3319 3584 3389 Ἡρωδιάδα
3637 3325 3734 3393 τὴν

2149 3411 2386 3475 γυναῖκα
2413 3408 2681 3461 Φιλίππου
2714 3408 2808 3460 τοῦ
2849 3409 3079 3478 ἀδελφοῦ
3119 3410 3306 3464 αὐτοῦ.
3350 3412 3581 3479 Ἔλεγεν
3625 3416 3732 3482 γάρ

2151 3498 2299 3570 αὐτῷ
2331 3501 2360 3553 ὁ
2398 3500 2682 3567 Ἰωάννης·
2717 3500 2831 3553 Οὐκ
2867 3498 3045 3564 ἒξεστί
3092 3517 3175 3553 σοι
3205 3501 3351 3570 ἔχειν
3381 3502 3579 3573 αὑτήν.
3629 3506 3735 3558 Καὶ

2151 3592 2324 3645 θέλων
2366 3591 2528 3645 αὐτὸν
2558 3594 2900 3654 ἀποκτεῖναι,
2941 3592 3191 3662 ἐφοϐεῖτο
3216 3594 3308 3645 τὸν
3332 3593 3511 3663 ὄχλον,
3547 3594 3635 3647 ὅτι
3662 3595 3736 3658 ὡς

2153 3684 2442 3753 προφήτην
2477 3683 2639 3735 αὑτὸν
2668 3677 2835 3753 εἶχον.
2868 3683 3137 3736 Γενεσίων
3191 3683 3250 3736 δὲ
3276 3684 3595 3752 γενομένων
3643 3685 3736 3738 τοῦ

2164 3774 2428 3846 Ἡρώδου,
2463 3774 2752 3845 ὠρχήσατο
2797 3775 2830 3844 ἡ
2869 3773 3114 3845 θυγάτηρ
3148 3776 3248 3844 τῆς
3289 3774 3625 3846 Ἡρωδιάδος
3657 3780 3738 3841 εἰς

2151 3867 2213 3921 τὸ
2238 3867 2400 3937 μέσον
2420 3909 2434 3932 ,
2486 3868 2581 3920 καὶ
2610 3867 2810 3937 ἤρεσεν
2833 3866 2912 3935 τῷ
2962 3865 3176 3936 Ἡρώδῃ
3198 3882 3211 3894 ’
3262 3866 3387 3919 ὅθεν
3420 3868 3543 3935 μεθ’
3572 3869 3737 3937 ὅρκου

2151 3959 2506 4029 ὡμολόγησεν
2559 3959 2695 4028 αὐτῇ
2729 3958 2933 4021 δοῦναι,
2995 3958 3024 4012 ὃ
3070 3958 3167 4010 ἐὰν
3212 3960 3538 4028 αἰτήσηται.
3584 3962 3648 4013 ’11
3682 3962 3737 4013 δὲ

2153 4048 2586 4119 προϐιϐασθεῖσα
2613 4047 2718 4100 ὑπὸ
2741 4049 2839 4119 τῆς
2863 4046 3069 4118 μητρὸς
3101 4047 3273 4115 αὐτῆς
3301 4088 3316 4112 ,
3354 4047 3456 4109 Δός
3489 4065 3605 4117 μοι,
3637 4065 3737 4116 φη-

2155 4142 2259 4200 σὶν,
2317 4134 2420 4193 ὦδε
2484 4141 2577 4193 ἐπὶ
2633 4140 2822 4191 πίνακι
2876 4138 2974 4208 τὴν
3025 4137 3271 4207 κεφαλὴν
3336 4138 3605 4191 Ἰωάννου.
3636 4138 3733 4191 τοῦ

2152 4231 2483 4286 Βαπτιστοῦ.
2539 4233 2648 4285 Καὶ
2703 4231 2946 4301 ἐλυπήθη
2981 4232 3010 4284 ὁ
3058 4229 3335 4300 βασιλεύς.
3373 4230 3474 4281 Διὰ
3524 4230 3584 4282 δὲ
3615 4230 3740 4292 τοὺς

2152 4323 2368 4394 ὅρκους,
2400 4321 2491 4375 καὶ
2520 4322 2646 4385 τοὺς
2677 4320 3198 4390 συνανακειμένους,
3238 4320 3532 4373 ἐκέλευσεν
3578 4320 3738 4388 δοθῆ-

473 4428 561 4473 est
585 4428 751 4487 caput
800 4420 921 4487 ejus
968 4420 1023 4474 in
1052 4421 1230 4483 disco,
1264 4429 1319 4475 et
1348 4422 1536 4475 datum
1560 4430 1644 4476 est
1680 4422 1917 4491 puellae:
1952 4424 2045 4477 illa

2154 4432 2262 4467 ναι.
2296 4414 2406 4466 Καὶ
2443 4413 2665 4481 πέμψας
2716 4411 3091 4480 ἁπεκειράλισε
3149 4411 3242 4464 τὸν
3284 4413 3545 4479 Ἰωάννην
3584 4413 3641 4462 ἐν
3670 4412 3735 4479 τῇ

474 4525 608 4564 vero
629 4510 1034 4578 tradiditqmatri
1069 4528 1184 4568 sua:
1209 4522 1256 4566 τ.
1295 4532 1313 4564 ι
1338 4514 1420 4566 An
1457 4530 1563 4567 non
1592 4514 1691 4568 tibi
1712 4514 1931 4567 videtur
1956 4514 2048 4569 hic

477 4603 594 4656 zelo
631 4602 915 4667 incitatus,
954 4619 1020 4658 ac
1053 4619 1165 4673 pra:
1212 4606 1470 4659 omnibus
1505 4620 1643 4674 quos
1695 4607 1811 4660 zelo
1849 4607 2049 4660 incita-

476 4701 565 4747 tos
595 4694 825 4760 scimus,
853 4695 1011 4765 longe
1044 4696 1498 4763 incitatissimus;
1527 4698 1665 4753 adeo
1696 4708 1848 4753 utne
1875 4713 2050 4769 usque

475 4784 543 4837 ad
579 4799 767 4838 necem
811 4787 1031 4855 quidem
1081 4788 1383 4854 prodiderit
1409 4789 1716 4854 veritatem,
1751 4805 1854 4844 nec
1880 4791 2049 4860 quid-

476 4889 643 4945 quam
689 4877 962 4932 remiserit
1012 4879 1080 4933 de
1108 4881 1250 4943 zelo,
1302 4886 1466 4947 atque
1497 4880 1551 4934 id
1585 4896 1708 4933 cum
1744 4891 1934 4935 contra
1966 4897 2051 4936 re-

477 4982 597 5037 gem
657 4970 1053 5024 contenderet?
1095 4971 1286 5042 Cogita
1333 4972 1481 5026 enim
1535 4980 1739 5040 quanta
1792 4988 1880 5028 res
1911 4984 2050 5039 erat,

478 5060 758 5114 hominem
820 5060 1004 5117 videre
1058 5064 1185 5132 pilis
1230 5064 1424 5118 cameli
1480 5065 1729 5117 indutum
1784 5078 1847 5117 ac
1911 5079 2049 5118 zona

478 5148 707 5218 pellicea
765 5150 1163 5205 succinctum:
1230 5167 1412 5222 regem
1483 5160 1664 5207 autem
1721 5153 2045 5222 superbmn,

479 5240 777 5309 supercilia
805 5242 1170 5307 attollentem,
1206 5244 1430 5297 sublimi
1456 5244 1658 5297 elatum
1687 5245 1848 5309 sede;
1884 5258 2048 5312 quem

478 5338 693 5387 teneret
725 5333 1062 5403 voluptatum
1103 5334 1386 5405 tyrannis;
1433 5339 1639 5406 quique
1684 5336 1845 5405 pleno
1875 5335 2048 5387 auda-

481 5423 565 5477 cia
621 5422 807 5479 furore
863 5425 998 5494 (I7),
1054 5427 1171 5480 neci
1222 5427 1437 5482 tradere
1493 5426 1800 5482 festinaret.
1852 5424 2047 5496 Cogita

550 5520 580 5550 ν
605 5511 794 5567 Matth.
828 5531 935 5581 xlv,
969 5516 990 5570 l
1021 5533 1169 5588 seqq.

2152 4507 2388 4576 φυλακῇ.
2414 4504 2524 4558 Καὶ
2551 4504 2753 4575 ἠνέχθη
2778 4506 2809 4574 η
2842 4503 3053 4572 κεφαλὴ
3086 4501 3253 4555 αὑτοῦ
3281 4503 3377 4555 ἐπὶ
3408 4500 3737 4561 πίνακι,καὶ

2149 4597 2303 4668 ἐόὖθη
2327 4596 2402 4666 τῷ
2433 4596 2675 4666 κορασίῳ
2696 4611 2710 4624 ⁸
2746 4597 2841 4647 καὶ
2861 4596 2923 4648 τὸ
2949 4594 3209 4665 κοράσιον
3234 4594 3438 4646 ἔδωκεν
3469 4593 3642 4661 αὐτὴν
3670 4594 3735 4661 τῇ

2155 4690 2322 4760 μητρὶ
2347 4689 2535 4758 αὐτῆς.
2579 4706 2598 4737 ι
2637 4683 2786 4756 Ἃρά
2819 4703 2901 4739 σοι
2938 4687 3085 4739 δοκεί
3114 4684 3365 4756 ζηλωτὴς
3390 4678 3547 4746 οὗτος
3572 4680 3733 4747 εἶναι,

2151 4783 2247 4835 καὶ
2268 4780 2526 4851 ζηλωτῶν
2545 4779 2801 4832 ἁπάντων
2824 4776 3296 4847 ζηλωτικώτατος,
3313 4776 3390 4839 ώς
3411 4776 3546 4845 μηδὲ
3576 4776 3737 4844 μέχρι

2155 4870 2369 4941 σφαγῆς
2423 4870 2685 4940 προέσθαι
2721 4869 2820 4938 τὴν
2874 4869 3158 4940 ἀλήθειαν,
3216 4867 3354 4937 μηδὲ
3412 4866 3737 4933 καθυφεῖναι

2150 4963 2245 5016 τοῦ
2276 4962 2440 5031 ζήλου
2475 4978 2547 5025 τι,
2581 4962 2676 5013 καὶ
2698 4959 2872 5012 ταῦτα
2892 4960 3026 5031 πρὸς
3053 4959 3279 5029 βασιλέα
3301 4957 3733 5025 διατεινόμενον;

2162 5054 2446 5123 Ἐννόησον
2483 5053 2591 5122 γὰρ
2630 5052 2829 5104 ὁπόσον
2854 5046 2922 5121 ἦν
2949 5049 3241 5119 ἄνθρωπον
3300 5051 3453 5111 ἰδεῖν,
3487 5047 3735 5117 καμήλου

2149 5145 2342 5214 τρίχας
2400 5142 2816 5214 ἠμφιεσμένον,
2871 5143 2968 5194 καὶ
3032 5140 3209 5209 ζώνην
3262 5139 3602 5211 δερματίνην
3656 5136 3736 5189 δι-

2148 5236 2478 5306 εζωσμένοψ
2498 5234 2720 5305 βασιλέα
2742 5250 2799 5286 τε
2824 5232 3049 5302 γαῦρον,
3077 5231 3188 5284 ἄνω
3212 5232 3310 5293 τὰς
3332 5229 3506 5300 ὀφρῦς
3526 5231 3732 5297 ἔχοντα,

2154 5329 2462 5398 καθήμενον
2491 5326 2887 5396 ὑπερϐἅθμιον,
2925 5325 3020 5378 καὶ
3052 5325 3245 5394 κράτει
3280 5324 3384 5392 μὲν
3419 5321 3624 5390 ἡδονῶν
3650 5337 3735 5370 ra-

2159 5422 2538 5493 ραννούμενον,
2592 5418 2784 5490 θράσει
2819 5416 2875 5469 δὲ
2910 5415 3086 5486 θυμοῦ
3137 5416 3305 5487 φονᾷν
3361 5414 3730 5483 ἐπειγόμενον.

1803 5577 2189 5637 COMBEFlSll
2226 5576 2452 5632 NOTAE.

496 5732 506 5743 _
555 5670 668 5744 (37)
705 5664 927 5741 Quique'
953 5676 1103 5744 pleno
1135 5670 1362 5730 audacia
1394 5676 1593 5743 furore.
1647 5674 2040 5729 Desiderantur

496 5735 548 5788 in
576 5735 896 5810 Lipomauo,
921 5735 1059 5814 apud
1089 5761 1249 5813 quem
1271 5735 1508 5801 vicissim
1530 5746 1663 5799 illud
1689 5753 1770 5798 est
1801 5752 1921 5812 post
1945 5759 2012 5795 πο

2145 5669 2533 5743 λιστοῦ,ᾐιιιιο‹1
2562 5671 2856 5741 opponitur
2880 5667 2956 5738 τῷ
2981 5709 3010 5743 ,_
3036 5663 3498 5743 oqy.a‘;'tr)?0§‘ﬁ_oc
3523 5660 3729 5743 τῷεες·

2146 5758 2245 5812 pro
2292 5735 2553 5793 πολέστοῦη
2591 5735 2612 5771 ·’
2639 5735 2938 5811 ’ἰιιιρτιινυέ
2993 5735 3279 5807 Lipomant
3338 5735 3469 5803 legit
3513 5735 3727 5798 πολεμιο
