4016 6130
456 218 594 300 ius

1622 236 1690 303 Β.
1712 238 2044 301 ANDREIE
2083 237 2382 299 CRETEN
2392 234 2507 296 $15

3580 223 3719 289 1116

446 366 555 418 que
589 364 782 406 omnes
828 356 1028 421 purgat
1073 349 1126 405 in
1159 349 1380 420 spiritu,
1408 364 1473 407 ac
1516 350 1629 422 igni
1669 350 1698 391 δ
1722 348 2021 420 baptisma-

2139 350 2317 419 axsivq)
2340 346 2597 418 μεγάλων
2616 361 2677 398 τε
2708 344 2803 397 καὶ
2826 337 3579 413 ὑπερφυῶνγνωρισμάτων,
3607 339 3720 394 οἷόν
3754 362 3765 377 ι

447 440 563 497 tis?
598 437 775 499 Habet
820 444 1066 514 quidem,
1127 443 1499 511 dilectissimi,
1560 444 1760 512 oratio,
1797 444 2025 499 multam

2139 458 2179 494 rt
2209 438 2407 510 μικρὸν
2459 437 2680 508 ἥδυσμα
2721 434 3042 502 προσθεῖναι
3080 432 3187 485 δεῖν
3228 431 3426 501 ἔκρινα
3474 432 3588 494 τοῖς
3630 449 3719 500 φι-

445 537 665 607 egregie
706 548 989 608 gestorum
1041 535 1299 603 Joannis,
1350 551 1475 608 quae
1530 536 1587 593 in
1639 546 2025 609 argumentum

2139 532 2367 601 tsdp'rou;
2399 529 2550 599 ὑμῖν,
2609 525 2709 594 τὴν
2741 524 2840 596 τῆς
2870 521 3435 593 προαναγνωσθείσης
3475 524 3719 594 ἱστορίας

444 635 716 694 assumat,
773 639 1049 698 segetem;
1094 629 1193 685 sed
1229 645 1340 685 non
1388 637 1569 698 vacat,
1622 638 1681 685 ιιι
1704 637 1898 685 nostro
1921 629 2027 683 hoc

2139 620 2454 686 ὲξὰπλωσιν.
2501 619 2784 688 Ἀρκείται
2832 614 2944 683 γὰρ
2992 616 3109 672 τοῖς
3159 613 3355 667 ἑαυτοῦ
3403 613 3638 684 κόσμοις
3690 613 3720 667 ὁ

451 719 649 773 relicto
682 728 1034 790 argumento,
1066 722 1133 775 ad
1165 721 1272 776 alia
1299 722 1413 790 jam
1462 736 1864 777 excurramus:
1899 734 2025 774 nam

2139 714 2442 785 Βαπτιστὴς
2495 711 2963 776 καλλωπίζεσθαι.
2998 710 3139 781 Φέρε
3171 709 3235 779 δὴ
3280 709 3465 764 τοίνυν
3496 709 3720 779 ἐπιδρα-

448 822 628 878 neque
676 822 740 863 ea
809 810 1192 864 encomiorum
1267 812 1350 865 lex
1412 821 1519 865 est.
1572 810 1840 881 Equidem
1892 824 2024 864 vero

447 914 772 969 magnarum
801 901 922 970 ejus
956 916 1019 956 ac
1074 901 1405 956 eximiarum
1460 902 1648 956 dotum
1697 902 2026 971 insignium-

442 1008 558 1062 que
590 994 943 1061 praistantiae,
998 1007 1107 1063 qua
1156 1000 1332 1047 totam
1365 994 1583 1050 dicendi
1618 993 1725 1047 vim
1779 1003 2020 1063 superat,

2134 807 2345 878 μόντες,
2375 804 2451 868 ὡς
2480 804 2576 859 ἐπὶ
2608 802 2800 883 πίνακι
2825 799 3179 871 διαδείξωμεν
3206 799 3305 872 τὴν
3335 800 3719 872 πολυύμνητον

2131 898 2227 952 τοῦ
2253 896 2574 968 Προδρόμου
2599 896 2852 967 ἄθλησιν,
2881 895 2947 967 ἢν
2982 887 3127 967 ὗπὲρ
3157 893 3250 947 τοῦ
3282 891 3491 961 ἀγαθοῦ
3516 893 3714 964 τολμή.

2132 1006 2230 1053 σας
2266 989 2542 1059 διήνυσεν.

434 1084 670 1150 cedens,
699 1099 867 1155 opera
900 1083 1134 1154 pretium
1169 1083 1326 1145 duxi,
1351 1092 1409 1137 ut
1443 1084 1552 1139 diei
1587 1083 1741 1139 festae
1773 1082 2040 1138 studiosis
2076 1081 2261 1148 vehis,
2293 1095 2395 1135 ceu
2422 1078 2697 1133 modicum
2739 1074 3018 1148 quoddam
3082 1074 3522 1139 condimentum,
3586 1091 3719 1145 pra:-

442 1178 599 1233 leeta
640 1178 982 1235 narrationis
1011 1178 1436 1248 explicationem
1472 1193 1834 1250 apponerem.
1909 1174 2056 1233 Satis
2094 1177 2242 1231 enim
2322 1175 2489 1230 habet
2537 1174 2783 1244 Baptista
2822 1180 2880 1245 ut
2911 1170 3030 1227 suis
3079 1171 3404 1227 ltoneslelut‘
3425 1186 3717 1225 ornamen-

441 1275 538 1329 tis.
594 1272 708 1342 Age
758 1273 931 1344 igitur
969 1273 1278 1329 inhaerente
1340 1283 1668 1344 argumento
1724 1271 2023 1338 sententia,
2064 1286 2163 1326 ceu
2201 1271 2257 1324 in
2289 1270 2513 1331 tabella,
2547 1266 2780 1324 summis
2823 1264 3216 1322 celebrandum
3284 1262 3542 1318 laudibus
3617 1264 3712 1317 ita.

444 1369 625 1439 ptistae
659 1375 959 1432 certamen,
1008 1369 1155 1439 quod
1213 1377 1457 1433 strenue,
1491 1382 1802 1438 magnoque
1831 1367 2018 1421 animo
2057 1366 2186 1422 δοιιί
2220 1380 2390 1421 causa
2422 1362 2690 1427 confecit,
2726 1363 3125 1417 monstremus.

522 1477 540 1510 ι
578 1457 633 1511 In
666 1458 785 1521 illo,
835 1459 1040 1530 inquit,
1088 1469 1358 1529 tempore,
1396 1461 1609 1515 audivit
1654 1459 1899 1515 Herodes
1938 1469 2021 1515 te-

336 1584 345 1591 -
444 1550 668 1604 trarcha
705 1548 905 1604 famam
937 1550 1092 1617 Jesu,
1138 1561 1193 1606 et
1230 1552 1371 1606 dixit
1395 1553 1581 1622 pueris
1609 1551 1769 1606 suis:
1807 1551 1909 1605 Hic
1938 1557 2025 1606 est

2206 1477 2224 1509 ι
2273 1457 2360 1510 Ἐν
2391 1455 2606 1524 ἐκείνῳ,
2656 1455 2812 1524 φησὶ,
2847 1453 2924 1522 τῷ
2955 1449 3156 1523 καιρῷ,
3188 1451 3424 1523 ἧκουσεν
3473 1446 3716 1520 Ἡρώδης

2128 1553 2156 1604 ὁ
2178 1550 2486 1621 τετράρχης
2504 1548 2602 1620 τὴν
2640 1547 2812 1617 ἀκοὴν
2857 1543 3060 1615 Ἰησοῦ,
3094 1545 3193 1598 καὶ
3213 1538 3368 1595 εἶπεν
3390 1544 3502 1605 τοῖς
3533 1542 3718 1594 παισὶν

437 1641 686 1699 Joannes
743 1644 1033 1715 Baptista:
1085 1643 1207 1715 Ipse
1283 1645 1530 1701 surrexit
1572 1661 1604 1700 a
1654 1648 1917 1715 mortuis,
1972 1652 2026 1697 et

2139 1642 2320 1696 αὑτοῦ.
2378 1634 2551 1704 Οὗτός
2600 1643 2749 1692 ἐστιν
2807 1638 3062 1707 Ἰωάννης
3107 1635 3136 1688 ὁ
3184 1634 3530 1702 Βαπτιστής·
3567 1624 3715 1694 οὗτος

445 1741 738 1803 propterea
792 1736 1030 1790 virtutes
1083 1742 1388 1804 operantur
1429 1736 1484 1789 in
1513 1749 1580 1790 eo
1610 1746 1659 1790 ο.
1690 1753 1709 1787 ι
1749 1735 1879 1789 Haec
1900 1735 2027 1804 qui-

453 1824 577 1879 dem
609 1832 800 1893 postea
834 1843 848 1878 :
876 1842 998 1896 qua:
1033 1833 1217 1879 autem
1255 1826 1611 1891 antecedunt,
1644 1826 1828 1896 qualia
1861 1824 2029 1903 sunt‘.’

452 1917 702 1974 Herodes
737 1920 960 1990 quidem
1012 1920 1398 1975 mmchabatur
1438 1935 1667 1976 uxorem
1719 1918 1913 1974 fratris
1943 1919 2028 1973 sui

447 2009 711 2079 Philippi;
747 2019 802 2064 at
846 2010 1090 2067 Joannes
1142 2027 1406 2083 arguens,
1461 2027 1490 2067 a
1532 2014 1741 2069 scelere
1769 2012 2031 2084 prohibe-

452 2103 567 2158 bat.
597 2102 719 2169 Quo
744 2104 795 2158 id
824 2104 992 2159 modo
1030 2119 1094 2159 ac
1124 2120 1362 2174 quanam
1406 2106 1658 2160 ratione?
1691 2104 1851 2171 Quod
1881 2104 2030 2161 dice-

454 2206 536 2249 ret
564 2212 581 2252 :
621 2198 661 2247 «⁷
683 2195 798 2250 Νοη
826 2196 952 2251 licet
982 2197 1079 2253 tibi
1117 2197 1321 2252 habere
1354 2212 1582 2253 uxorem
1614 2197 1804 2252 fratris
1835 2198 1913 2252 tui
1934 2208 1981 2250 ε.
2004 2216 2023 2248 ι

447 2286 524 2341 Ea
564 2302 654 2343 res
702 2287 974 2343 Herodem
1032 2288 1089 2342 in
1142 2288 1385 2346 furorem
1432 2290 1630 2345 vertit:
1677 2289 1781 2345 hoc
1823 2290 2029 2344 caedem

442 2378 658 2446 Spirare
694 2375 851 2434 fecit.
894 2377 1050 2434 Haud
1098 2387 1286 2436 tamen
1322 2381 1410 2434 vir
1460 2380 1553 2437 ille
1612 2382 1934 2451 praeclarus,
1967 2395 2033 2435 ac

448 2484 682 2540 magnus
716 2470 1008 2540 propheta,
1041 2471 1127 2526 vel
1182 2472 1381 2526 timore
1423 2485 1779 2541 compressus
1805 2479 1912 2535 est,
1946 2470 2029 2524 vel

443 2577 473 2614 a
509 2562 944 2632 reprehensione
988 2565 1251 2619 cessavit.
1307 2562 1530 2618 Sciebat
1571 2563 1718 2618 enim
1757 2578 1876 2616 eam
1907 2561 2034 2616 libi-

440 2651 632 2708 dinem
661 2654 779 2724 lege
810 2654 1121 2724 prohiberi.
1152 2672 1169 2705 ι
1201 2653 1323 2709 Non
1366 2655 1498 2710 licet
1538 2655 1641 2709 tibi
1670 2653 1874 2709 habere
1900 2669 2032 2707 uxo-

446 2758 563 2797 rem
603 2742 848 2814 Philippi
885 2743 1078 2799 fratris
1124 2744 1225 2799 tui.
1268 2763 1287 2797 ι
1322 2743 1476 2816 Legi,
1520 2744 1728 2813 inquit,
1762 2744 1854 2800 Dei
1889 2745 2029 2801 resi—

428 2833 590 2897 stis,
638 2833 847 2888 tabulis
902 2849 933 2889 a
975 2833 1092 2889 Deo
1171 2835 1442 2901 exaratis,
1500 2850 1774 2906 repugnas
1828 2836 2032 2907 Moysis

438 2924 624 2982 scitis.
694 2942 715 2977 ι
748 2925 873 2979 Non
916 2925 1045 2981 licet
1104 2927 1200 2980 tibi
1257 2927 1463 2984 habere
1510 2943 1736 2982 uxorem
1787 2927 2029 3000 Philippi

2129 1733 2346 1806 ἠγέρθη
2373 1734 2439 1786 ὲκ
2466 1731 2576 1785 τῶν
2621 1727 2833 1801 νεκρῶν
2853 1769 2868 1792 ,
2899 1728 2994 1783 καὶ
3045 1726 3136 1780 διὰ
3163 1725 3329 1779 τοῦτο
3359 1726 3415 1777 αἱ
3460 1722 3721 1792 δυνάμεις

2130 1825 2449 1898 ἐνεργοῦσιν
2496 1826 2554 1877 ὲν
2587 1821 2761 1891 αὐτῷ.
2793 1839 2810 1872 ι
2881 1819 3070 1873 Ταῦτα
3119 1819 3218 1888 μὲν
3252 1817 3484 1884 ὕστερον
3506 1832 3519 1844 ο
3553 1815 3624 1868 τὰ
3662 1814 3720 1867 δι

2131 1917 2240 1989 πρὸ
2276 1915 2487 1978 τούτου,
2513 1916 2704 1981 ὀποῖας
2757 1912 3008 1985 Ἡρώδης
3049 1910 3150 1981 μὲν
3199 1910 3299 1981 τὴν
3341 1910 3582 1978 γυναῖκα
3629 1906 3721 1958 τοῦ

2131 2008 2363 2078 ἀδελφοῦ
2386 2007 2647 2077 ἐμοιχᾶτο
2661 2005 2937 2059 Φιλίππου
2960 2021 2974 2035 ·
2992 2003 3021 2056 ὁ
3040 2003 3097 2056 δὲ
3130 2002 3385 2071 Ἰωάννης
3417 2000 3511 2054 τὸν
3551 1998 3722 2069 Ἡρώ-

2131 2103 2228 2171 δην
2262 2099 2522 2170 ἐλέγχων,
2558 2100 2899 2170 παρανομεῖν
2929 2096 3243 2150 διεκώλυεν.
3284 2094 3433 2158 Πῶς,
3465 2094 3567 2147 και
3603 2093 3722 2143 τίνα

2132 2188 2367 2257 τρόπον;
2404 2206 2421 2237 ι
2458 2187 2573 2240 υύκ
2605 2187 2783 2251 ἔξεστί
2808 2184 3134 2255 σοι,λέγων,
3161 2183 3308 2255 ἔχειν
3358 2184 3459 2265 τὴν
3492 2185 3723 2250 γυναῖκα

2133 2279 2400 2333 Φιλίππου
2454 2277 2551 2332 τοῦ
2595 2277 2830 2347 ἀδελφοῦ
2893 2294 3009 2331 σου.
3042 2296 3062 2327 ›
3122 2275 3295 2328 Τοῦτο
3342 2275 3436 2329 τὸν
3477 2274 3723 2345 Ἡρώδην

2133 2373 2430 2443 ἑξέμηνεν·
2458 2370 2620 2424 τοῦτο
2660 2371 2827 2441 φονᾷν
2881 2356 3049 2422 αὑτὸν
3106 2364 3548 2439 παρεσκεύαζεν.
3590 2365 3723 2419 ’Δὶϊ

2132 2465 2231 2534 οὐχ
2274 2465 2302 2515 ὁ
2346 2463 2515 2526 πολὺς
2552 2464 2760 2526 ἐκεῖνος
2812 2462 2909 2516 καὶ
2962 2460 3135 2531 μέγας
3173 2462 3234 2512 ὲν
3273 2459 3587 2531 προφήταις
3620 2496 3637 2522 ,
3688 2458 3719 2529 ἢ

2135 2557 2436 2626 συνεστάλη
2460 2555 2666 2620 δείσας,
2709 2554 3055 2625 saeuqu
3085 2553 3389 2608 ἐπαύσατο.
3433 2553 3589 2623 ’ῌδει
3619 2552 3723 2622 γὰρ

2132 2648 2223 2699 τὸν
2267 2648 2431 2718 νόμον
2460 2646 2563 2715 τῆς
2591 2647 2851 2719 τοιαύτης
2880 2645 3176 2717 ἀναιρετὴν
3209 2646 3491 2715 λαγνείας.
3556 2663 3577 2697 ι
3613 2645 3723 2698 Ούκ

2132 2741 2338 2809 ἔξεστίν
2361 2758 2442 2795 σοι
2476 2741 2620 2813 ἔχειν
2643 2740 2742 2812 τὴν
2770 2742 3008 2811 γυναῖκα
3042 2740 3315 2794 Φιλίππου
3368 2738 3465 2792 τοῦ
3493 2736 3724 2806 ἀδελφοῦ

2133 2850 2252 2887 σου.
2290 2852 2309 2885 ι
2372 2832 2516 2903 Πρὸς
2544 2832 2732 2903 νόμον,
2786 2833 2977 2902 φησὶν,
3043 2831 3347 2901 ἀντιτάσση
3387 2828 3554 2894 Θεοῦ,
3592 2829 3722 2900 πρὸς

2134 2927 2348 2990 πλάκας
2378 2926 2779 2997 θεοχαράκτους
2800 2941 2813 2954 ”
2840 2923 2900 2990 ἐξ
2920 2923 3173 2987 ἐναντίας
3196 2923 3308 2977 τῶν
3342 2922 3589 2984 Μωσέως
3612 2922 3725 2975 ἀντ·

438 3016 643 3073 tratris
676 3017 755 3072 tui
775 3016 822 3073 ἀ.
861 3037 882 3070 ι
908 3020 986 3073 Ac
1011 3014 1256 3074 Herodes
1277 3019 1525 3089 quidem,
1545 3020 1737 3075 alienae
1765 3034 1794 3073 a
1818 3022 2031 3077 ratione

2139 3019 2379 3091 επεξάγῃ
2407 3018 2645 3088 θεσμῶν,
2685 3037 2704 3069 ι
2754 3018 2869 3072 Οὐκ
2904 3014 3116 3084 ἔξεστίν
3166 3032 3251 3068 σοι
3303 3014 3453 3085 ἔχειν
3502 3016 3605 3084 τὴν
3634 3031 3724 3083 γυο

436 3111 772 3181 voluptaria:
819 3114 1239 3184 congressionis
1290 3114 1527 3170 obrutus
1588 3114 1824 3181 deliciis,
1887 3116 2033 3171 baud

442 3215 732 3267 emergere
764 3202 967 3270 potuit,
1011 3217 1114 3257 nec
1143 3202 1211 3258 ad
1263 3202 1511 3261 veritatis
1553 3204 1743 3260 lumen
1793 3184 2033 3277 aspexit,

448 3290 547 3346 sed
581 3292 790 3345 mansit
822 3300 1086 3363 gravatus
1103 3293 1626 3364 crapulalihidinis.
1663 3293 1906 3351 Joannes
1934 3311 2036 3351 au-

446 3389 557 3435 tem
589 3381 979 3450 perseverabat
1030 3384 1344 3453 corrigens,
1408 3384 1639 3450 docens,
1706 3386 2033 3454 admonens,

451 3474 528 3525 uti
564 3473 655 3528 Dei
714 3474 1038 3543 prophetam
1097 3475 1355 3532 decebat.
1392 3475 1462 3529 At
1512 3476 1629 3544 ille,
1688 3492 2033 3548 quanquam,

453 3572 514 3618 ut
541 3580 764 3620 sacrum
820 3565 1176 3637 Evangelium
1229 3568 1348 3633 ait,
1405 3585 1425 3618 ι
1477 3567 1656 3621 virum
1701 3569 1918 3637 justum
1967 3586 2036 3626 ac

449 3663 704 3713 sanctqu
755 3659 947 3723 sciret,
992 3673 1061 3713 ac
1094 3674 1161 3714 eo
1212 3658 1422 3724 audito,
1465 3660 1638 3712 multa
1693 3661 1923 3727 faceret,
1956 3663 2081 3716 lu-'

364 3748 367 3749 ⁷
452 3752 700 3821 Itemque
738 3752 921 3819 ipsum
952 3753 1211 3817 audiret;
1245 3769 1262 3802 ι
1297 3750 1437 3805 nihil
1470 3757 1652 3810 tamen
1678 3770 1870 3811 eorum
1905 3763 2039 3809 tunc

446 3843 509 3896 in
542 3843 789 3897 animum
848 3842 1086 3909 induxit,
1136 3854 1233 3900 aut
1299 3849 1612 3918 intelligere
1660 3849 1859 3903 voluit.
1917 3848 2036 3903 Non

444 3936 807 4007 prophetam,
857 3939 1063 4009 quibus
1118 3955 1220 4010 par
1262 3951 1402 4004 erat,
1460 3940 1644 3996 affecit
1698 3942 2035 3997 honoribus:

442 4043 558 4085 .nec
589 4028 673 4085 vel
707 4029 996 4084 minimum
1034 4030 1172 4101 legis
1225 4032 1552 4100 gravitatem
1598 4038 1684 4087 est
1724 4031 2035 4087 reveritus:

445 4129 643 4192 atque,
676 4130 735 4177 ut
770 4138 841 4178 ne
887 4121 1040 4178 aliud
1080 4123 1408 4194 quidquam,
1446 4139 1515 4179 ne
1570 4138 1765 4193 poenas
1814 4122 2039 4190 quidem

442 4214 718 4270 adversus
744 4230 845 4270 eos
877 4214 971 4285 qui
1003 4216 1278 4285 ejusmodi
1306 4223 1458 4283 sunt,
1493 4231 1557 4270 ea
1584 4216 1838 4272 decretas
1869 4231 2036 4270 cura—

447 4306 553 4360 sit.
578 4306 776 4361 ‘Dicam
817 4307 965 4377 quod
995 4315 1086 4362 est
1116 4308 1319 4378 majus,
1353 4323 1418 4363 ac
1445 4309 1623 4379 magis
1654 4308 2034 4378 perspicuum:

449 4412 522 4450 ne
552 4395 708 4449 illum
746 4395 968 4466 quidem
1015 4396 1230 4461 Achab,
1288 4397 1426 4468 quin
1478 4405 1536 4453 et
1581 4398 1774 4453 uxoris
1825 4397 2035 4452 manci-

447 4488 626 4558 pium,
685 4486 936 4543 imitatus
985 4495 1107 4553 est;
1161 4486 1259 4557 qui
1302 4487 1569 4542 nimirum
1619 4487 2035 4557 superstitionis

445 4577 682 4634 deorum
725 4578 1030 4634 doctricem
1075 4576 1391 4633 Jezabelem
1437 4578 1715 4644 habuerit,
1763 4578 1841 4633 uti
1887 4593 2036 4633 nunc

450 4680 559 4727 tste
616 4669 988 4727 Herodiadem
1045 4670 1370 4741 magistram
1427 4669 1697 4725 libidinis.
1748 4668 1885 4724 Nam
1945 4670 2038 4726 ille

453 4761 721 4832 quidem,
776 4778 901 4818 cum
954 4762 1207 4818 audisset
1261 4761 1331 4817 ab
1391 4760 1508 4815 Elia
1539 4761 1844 4826 Thesbite,
1877 4763 2039 4826 iram,

446 4868 577 4923 qua:
623 4853 893 4908 adversus
953 4867 1080 4908 eum
1131 4865 1371 4906 accensa
1415 4860 1567 4906 esset
1603 4867 1631 4906 a
1679 4851 1932 4918 Do'miuo,
1977 4866 2043 4906 ac

454 4945 600 4999 mala
656 4958 779 5015 qua:
829 4952 986 5000 certo
1036 4944 1087 4999 ei
1122 4958 1186 4999 ac
1237 4943 1355 4998 suis
1408 4953 1599 4999 essent
1652 4954 1942 5007 eventura.
1979 4958 2044 4998 ac

452 5039 635 5108 palam
675 5036 1199 5109 reprehensionibus
1227 5033 1428 5091 fuisset
1476 5036 1780 5107 appetitus,
1818 5044 2046 5108 propter

454 5131 623 5203 impia
668 5129 979 5187 acnefaria
1034 5128 1289 5184 facinora
1345 5142 1469 5199 quae
1518 5136 1893 5198 perpetrat-at,
1930 5143 2044 5182 non

532 5270 563 5311 ι»
594 5268 786 5324 Matth.
819 5286 901 5337 Ill,
934 5270 1023 5324 11.
1103 5278 1125 5306 ο
1163 5268 1356 5325 Matth.
1384 5264 1616 5333 “v.13.
1713 5267 1742 5308 ἀ
1774 5267 1910 5335 ibid.
1936 5266 1990 5323 4.

2133 3114 2296 3167 ναῖκα
2312 3111 2577 3164 Φιλίππου
2600 3109 2696 3164 τοῦ
2728 3108 2962 3177 ἀδελφοῦ
2990 3125 3108 3164 σου.
3140 3127 3158 3160 ι
3188 3108 3296 3161 Καὶ
3318 3108 3348 3160 ὁ
3380 3107 3502 3178 μὲν,
3538 3108 3603 3177 τῇ
3632 3122 3726 3177 pg.-

2137 3205 2314 3275 στώνῃ
2349 3203 2447 3275 τῆς
2491 3203 2812 3275 παραλόγου
2849 3200 2959 3256 τῶν
3005 3199 3213 3273 ἡδονῶν
3251 3199 3539 3270 ἐπιμιξίας
3558 3215 3723 3253 καταο

2136 3297 2499 3368 χωννύμενος,
2546 3296 2655 3351 οὐδ’
2687 3294 2974 3351 ἀνανεύειν
3024 3293 3285 3363 ἠδύνατο,
3315 3292 3440 3346 οὐδὲ
3483 3291 3622 3363 πρὸς
3670 3290 3754 3342 τὺ.

2134 3386 2235 3454 τῆς
2266 3383 2522 3455 ἀληθείας
2567 3384 2880 3439 ἀπέϐλεπεν
2902 3383 3052 3454 φῶς·
3085 3383 3203 3438 ἀλλ’
3240 3382 3439 3453 ἔμενεν
3471 3382 3554 3452 τῷ
3580 3382 3727 3453 βάρει

2135 3476 2236 3546 τῆς
2278 3475 2589 3547 φιληδονίας
2619 3475 2981 3548 καρηϐαρῶν.
3004 3495 3017 3501 θ
3037 3475 3097 3530 '0
3130 3475 3228 3540 δὲ,
3252 3475 3526 3542 ἐπέμενεν
3547 3473 3727 3530 νουθεο

2137 3566 2244 3620 τῶν
2266 3566 2534 3621 διδάσκων
2553 3610 2568 3634 ,
2609 3567 3019 3638 ὑποτιθέμενος,
3051 3562 3141 3623 οἷα
3183 3569 3276 3623 τὸν
3310 3570 3413 3622 τοῦ
3434 3566 3575 3622 Θεοῦ
3602 3583 3731 3638 προ·

2139 3660 2319 3729 φὴτην
2349 3658 2515 3722 εἰκός.
2558 3658 2618 3714 '0
2648 3659 3062 3731 δὲ,καίπερ,ὦς
3093 3676 3261 3730 φησιν
3290 3660 3353 3713 τὸ
3370 3658 3729 3728 Εὐαγγέλιον.

2144 3767 2162 3800 ι
2206 3749 2376 3814 Εἰδὼς
2406 3750 2570 3804 αὑτὸν
2600 3749 2770 3821 ἄνδρα
2802 3750 3013 3805 δίκαιον
3036 3752 3132 3804 καί¹
3165 3749 3345 3820 ἅγιον,
3394 3752 3493 3804 καὶ
3517 3751 3732 3804 ἀκούων

2138 3838 2329 3901 αὐτοῦ,
2361 3839 2532 3893 πολλὰ
2584 3840 2799 3894 ὲποίειο
2853 3841 2951 3895 καὶ
3010 3840 3185 3913 ἡδέως
3232 3838 3402 3894 αὑτοῦ
3451 3840 3676 3911 ἤκουεν,
3710 3857 3728 3890 ι

2138 3932 2292 3986 οὐδὲν
2321 3932 2525 3987 τούτων
2554 3933 2790 4003 συνῆκεν
2821 3935 2967 4000 τότε,
3007 3933 3039 4004 ἢ
3072 3933 3308 3991 συνιδεῖν
3329 3933 3639 4005 προῄρητο.
3663 3932 3734 3985 οὐ

2138 4025 2229 4077 τὸν
2261 4025 2552 4096 προφήτην
2579 4027 2700 4087 ταῖς
2736 4025 3157 4098 προσηκούσαις
3188 4026 3626 4098 καταγεραίρειν
3653 4042 3732 4076 τι·

2146 4120 2277 4188 μαῖς
2296 4134 2310 4149 ο
2335 4118 2396 4171 οὐ
2417 4111 2501 4171 ’ξδ’
2513 4117 2654 4190 βαρὺ
2688 4117 2785 4172 τοῦ
2809 4119 2978 4190 νόμου
2999 4117 3103 4172 κᾶν
3147 4117 3225 4181 ὡς
3252 4118 3313 4172 τὸ
3335 4118 3500 4188 τυχὸν
3514 4118 3733 4188 ὲνετράο

2143 4227 2219 4279 πη
2241 4225 2255 4238 θ
2287 4210 2410 4264 οὐδὲ
2439 4211 2486 4262 εί
2517 4212 2593 4281 μή
2623 4227 2678 4264 τι
2728 4210 2879 4277 ἄλλο,
2914 4211 3019 4280 τήν
3045 4227 3109 4279 γε
3142 4211 3289 4265 κατὰ
3341 4209 3451 4264 τῶν
3476 4210 3737 4265 τοιούτων

2142 4302 2490 4372 ἐπαγομένην
2519 4301 2735 4357 ἐκεῖθεν
2771 4303 2973 4375 ᾐδέσθη
3008 4309 3222 4374 ποινην.
3272 4300 3431 4356 Εἴπω
3459 4318 3515 4355 τι
3555 4299 3737 4372 μεῖξον

2141 4395 2234 4447 καὶ
2259 4393 2712 4467 γνωριμώτερον;
2753 4395 2878 4449 οὐδὲ
2905 4398 3000 4449 τὸν
3042 4393 3251 4465 Ἀχαὰό
3297 4395 3511 4448 ἐκεῖνον
3538 4410 3554 4426 ·
3604 4392 3738 4463 ἀλλὰ

2142 4488 2237 4542 καὶ
2265 4490 2575 4557 γυναικεῖον
2607 4488 2946 4560 ἀνδράποδον
2981 4488 3323 4559 ἐμιμήσατο·
3357 4486 3419 4550 δς
3442 4485 3544 4558 τὴν
3579 4483 3738 4548 Ἰεζά-

2142 4578 2237 4631 6ελ
2268 4574 2381 4651 εἶχε
2414 4580 2537 4633 τότε
2564 4579 2668 4650 τῆς
2720 4580 3037 4647 πολυθεϊας,
3093 4581 3173 4644 ὡς
3198 4577 3295 4633 νῦν
3347 4576 3454 4647 τῆς
3485 4574 3735 4645 λαγνείας

2143 4664 2297 4734 οὗτος
2324 4672 2422 4741 τὴν
2459 4670 2783 4741 Ἡρωδιάδα,
2816 4671 3162 4728 διδάσκαλον.
3202 4672 3262 4727 Ὀ
3290 4672 3393 4742 μὲν
3441 4669 3557 4740 γὰρ
3579 4666 3734 4722 ἀκού-

2152 4777 2251 4823 σας
2276 4760 2628 4832 παρὰἨλιοῦ
2648 4762 2744 4815 τοῦ
2767 4762 3032 4818 Θεσσίτου
3062 4765 3153 4818 τὸν
3186 4763 3359 4834 θυμὸν
3378 4761 3440 4824 ὃς
3469 4761 3735 4831 ἀνήπτετο

2146 4854 2269 4906 κατ’
2302 4853 2469 4908 αὑτοῦ
2503 4854 2657 4927 παρὰ
2685 4854 2915 4927 Κυρίου,
2939 4857 3033 4909 καὶ
3059 4855 3133 4910 τὰ
3172 4856 3443 4928 μέλλοντα
3466 4848 3734 4926 προῦπτον

2148 4945 2301 5017 αὐτῷ
2337 4963 2397 5000 τε
2428 4948 2662 5010 καὶτοῖς
2694 4947 2861 5003 αὐτοῦ
2897 4948 3113 5001 ἐπιέναι
3145 4946 3316 5011 κακὰ,
3354 4946 3452 5000 καὶ
3495 4938 3734 5014 φανερῶς

2147 5043 2259 5103 τοῖς
2291 5039 2537 5110 ἐλέγχοις
2582 5039 2824 5110 βληθεὶς,
2859 5039 2927 5093 δι’
2955 5038 3021 5103 ἃς
3061 5037 3431 5108 ἐξειργάσατο
3458 5031 3732 5103 πονηρίας-

2151 5133 2246 5187 ut
2279 5132 2574 5203 ἀθεμίτους
2604 5132 3012 5202 ἀνοσιουργίας,
3036 5130 3141 5184 οὐκ
3178 5128 3569 5200 ἠγανάκτησεν
3592 5138 3608 5154 ο
3645 5121 3737 5174 οὐκ

1793 5359 2183 5417 COMBEFISII
2221 5356 2456 5412 NOTAE.

463 5455 828 5511 sacerdotes?
862 5455 1069 5511 Summi
1118 5472 1250 5511 vero
1282 5455 1591 5512 sacerdotis
1621 5454 1815 5517 nostri,
1856 5467 2044 5508 sacer-

460 5528 651 5579 dotem
704 5526 899 5592 fuisse,
949 5540 1013 5581 ac
1066 5527 1120 5581 in
1157 5543 1325 5591 eum,
1372 5525 1781 5581 hierarchicum
1833 5522 2041 5590 aliquid

464 5596 658 5663 divina
695 5596 962 5663 peculiari
997 5595 1350 5651 ordinatione
1382 5596 1721 5658 exercuisse,
1752 5595 1857 5648 hoc
1883 5594 2044 5662 plane

466 5661 717 5718 Joannes
740 5664 1265 5722 incommunirabile
1297 5666 1507 5732 habuit,
1538 5679 1663 5720 cum
1691 5664 1809 5732 ipso
1840 5661 2059 5731 iubente

2151 5451 2244 5506 vix
2280 5450 2502 5505 tandem
2536 5448 2760 5513 cedens,
2798 5463 3020 5504 sacrum
3054 5446 3174 5517 ejus
3205 5446 3475 5502 verticem
3509 5441 3725 5517 solemni

2153 5523 2260 5575 ritu
2294 5520 2644 5589 baptismatis
2677 5521 2862 5574 tinxit.
2899 5515 3094 5585 Quam
3118 5518 3219 5589 ipsi
3256 5517 3548 5589 quaerendi
3619 5515 3727 5568 fou-

2153 5599 2259 5656 tes,
2293 5599 2353 5645 ut
2374 5588 2501 5662 quis
2537 5597 2799 5647 auctores
2830 5590 3014 5647 videre
3048 5588 3212 5643 velitl
