  <div class='ocr_page' id='page_1' title='image "/cluster/home/n/w/nwhite01/storage/ocr_20150623/97/mdp.39015041892756/559.png"; bbox 0 0 4016 6130; ppageno 0'>
   <div class='ocr_carea' id='block_1_1' title="bbox 475 333 613 400">
    <p class='ocr_par' dir='ltr' id='par_1_1' title="bbox 475 333 613 400">
     <span class='ocr_line' id='line_1_1' title="bbox 475 333 613 400; baseline 0.014 -2"><span class='ocrx_word' id='word_1_1' title='bbox 475 333 613 400; x_wconf 74' lang='grc'><strong>1119</strong></span> 
     </span>
    </p>
   </div>
   <div class='ocr_carea' id='block_1_2' title="bbox 1636 321 2532 391">
    <p class='ocr_par' dir='ltr' id='par_1_2' title="bbox 1636 321 2532 391">
     <span class='ocr_line' id='line_1_2' title="bbox 1636 321 2532 391; baseline -0.011 0"><span class='ocrx_word' id='word_1_2' title='bbox 1636 332 1698 391; x_wconf 92' lang='lat' dir='ltr'><strong>S.</strong></span> <span class='ocrx_word' id='word_1_3' title='bbox 1740 327 1842 388; x_wconf 84' lang='lat' dir='ltr'><strong>AN</strong></span> <span class='ocrx_word' id='word_1_4' title='bbox 1847 325 2070 388; x_wconf 66' lang='lat' dir='ltr'><strong>DREAS</strong></span> <span class='ocrx_word' id='word_1_5' title='bbox 2109 321 2532 384; x_wconf 81' lang='lat' dir='ltr'><strong>CRETENSIS</strong></span> 
     </span>
    </p>
   </div>
   <div class='ocr_carea' id='block_1_3' title="bbox 3496 309 3744 374">
    <p class='ocr_par' dir='ltr' id='par_1_3' title="bbox 3496 309 3744 374">
     <span class='ocr_line' id='line_1_3' title="bbox 3496 309 3744 374; baseline 0 0"><span class='ocrx_word' id='word_1_6' title='bbox 3496 309 3502 320; x_wconf 86' lang='grc'><em>’</em></span> <span class='ocrx_word' id='word_1_7' title='bbox 3612 310 3744 374; x_wconf 72' lang='grc' dir='ltr'><strong>ῙῙΕΞῙ</strong></span> 
     </span>
    </p>
   </div>
   <div class='ocr_carea' id='block_1_4' title="bbox 473 424 2060 523">
    <p class='ocr_par' dir='ltr' id='par_1_4' title="bbox 473 439 2051 523">
     <span class='ocr_line' id='line_1_4' title="bbox 473 439 2051 523; baseline -0.008 -20"><span class='ocrx_word' id='word_1_8' title='bbox 473 449 588 523; x_wconf 77' lang='lat' dir='ltr'><strong>lilia</strong></span> <span class='ocrx_word' id='word_1_9' title='bbox 639 446 819 519; x_wconf 85' lang='lat' dir='ltr'><strong>ipsius</strong></span> <span class='ocrx_word' id='word_1_10' title='bbox 875 443 1228 508; x_wconf 85' lang='lat' dir='ltr'><strong>Herodiadis,</strong></span> <span class='ocrx_word' id='word_1_11' title='bbox 1264 452 1319 500; x_wconf 89' lang='lat' dir='ltr'><strong>et</strong></span> <span class='ocrx_word' id='word_1_12' title='bbox 1343 443 1625 506; x_wconf 78' lang='lat' dir='ltr'><strong>saltasset,</strong></span> <span class='ocrx_word' id='word_1_13' title='bbox 1653 447 1713 494; x_wconf 89' lang='lat' dir='ltr'><strong>et</strong></span> <span class='ocrx_word' id='word_1_14' title='bbox 1745 439 2051 510; x_wconf 74' lang='lat' dir='ltr'><strong>placuisset</strong></span> 
     </span>
    </p>
   </div>
   <div class='ocr_carea' id='block_1_5' title="bbox 2167 424 3746 523">
    <p class='ocr_par' dir='ltr' id='par_1_5' title="bbox 2167 424 3746 504">
     <span class='ocr_line' id='line_1_5' title="bbox 2167 424 3746 504; baseline -0.008 -16"><span class='ocrx_word' id='word_1_15' title='bbox 2167 434 2254 504; x_wconf 72' lang='grc' dir='ltr'>τῆς</span> <span class='ocrx_word' id='word_1_16' title='bbox 2279 432 2594 494; x_wconf 73' lang='grc' dir='ltr'><strong>Γαλιλαίας.</strong></span> <span class='ocrx_word' id='word_1_17' title='bbox 2633 428 2744 482; x_wconf 77' lang='grc' dir='ltr'><strong>Καὶ</strong></span> <span class='ocrx_word' id='word_1_18' title='bbox 2769 427 3127 496; x_wconf 69' lang='grc' dir='ltr'><strong>εἰσελθούσης</strong></span> <span class='ocrx_word' id='word_1_19' title='bbox 3152 425 3248 494; x_wconf 73' lang='grc' dir='ltr'>τῆς</span> <span class='ocrx_word' id='word_1_20' title='bbox 3275 424 3554 496; x_wconf 70' lang='grc' dir='ltr'>θυγατρὸς</span> <span class='ocrx_word' id='word_1_21' title='bbox 3580 425 3746 497; x_wconf 78' lang='grc' dir='ltr'>αὐτῆς</span> 
     </span>
    </p>
   </div>
   <div class='ocr_carea' id='block_1_6' title="bbox 471 531 2049 607">
    <p class='ocr_par' dir='ltr' id='par_1_6' title="bbox 471 531 2049 607">
     <span class='ocr_line' id='line_1_6' title="bbox 471 531 2049 607; baseline -0.006 -14"><span class='ocrx_word' id='word_1_22' title='bbox 471 539 700 603; x_wconf 77' lang='lat' dir='ltr'><strong>Herodi,</strong></span> <span class='ocrx_word' id='word_1_23' title='bbox 733 539 1006 607; x_wconf 82' lang='lat' dir='ltr'><strong>simulque</strong></span> <span class='ocrx_word' id='word_1_24' title='bbox 1039 537 1528 595; x_wconf 87' lang='lat' dir='ltr'><strong>recutnbentibus,</strong></span> <span class='ocrx_word' id='word_1_25' title='bbox 1584 547 1680 586; x_wconf 89' lang='lat' dir='ltr'><strong>rex</strong></span> <span class='ocrx_word' id='word_1_26' title='bbox 1708 533 1787 585; x_wconf 91' lang='lat' dir='ltr'><strong>ait</strong></span> <span class='ocrx_word' id='word_1_27' title='bbox 1817 531 2049 601; x_wconf 66' lang='lat' dir='ltr'><strong>puellae:</strong></span> 
     </span>
    </p>
   </div>
   <div class='ocr_carea' id='block_1_7' title="bbox 473 622 2056 698">
    <p class='ocr_par' dir='ltr' id='par_1_7' title="bbox 473 622 2056 698">
     <span class='ocr_line' id='line_1_7' title="bbox 473 622 2056 698; baseline -0.008 -12"><span class='ocrx_word' id='word_1_28' title='bbox 473 631 608 687; x_wconf 81' lang='lat' dir='ltr'><strong>Pete</strong></span> <span class='ocrx_word' id='word_1_29' title='bbox 637 647 668 685; x_wconf 85' lang='lat' dir='ltr'><strong>a</strong></span> <span class='ocrx_word' id='word_1_30' title='bbox 701 645 790 684; x_wconf 87' lang='lat' dir='ltr'><strong>me</strong></span> <span class='ocrx_word' id='word_1_31' title='bbox 840 630 988 698; x_wconf 88' lang='lat' dir='ltr'><strong>quod</strong></span> <span class='ocrx_word' id='word_1_32' title='bbox 1019 628 1121 692; x_wconf 85' lang='lat' dir='ltr'><strong>vis,</strong></span> <span class='ocrx_word' id='word_1_33' title='bbox 1153 635 1210 682; x_wconf 91' lang='lat' dir='ltr'><strong>et</strong></span> <span class='ocrx_word' id='word_1_34' title='bbox 1241 628 1387 681; x_wconf 84' lang='lat' dir='ltr'><strong>dabo</strong></span> <span class='ocrx_word' id='word_1_35' title='bbox 1427 627 1548 692; x_wconf 90' lang='lat' dir='ltr'><strong>tibi,</strong></span> <span class='ocrx_word' id='word_1_36' title='bbox 1579 639 1756 695; x_wconf 88' lang='lat' dir='ltr'><strong>usque</strong></span> <span class='ocrx_word' id='word_1_37' title='bbox 1787 622 1856 676; x_wconf 90' lang='lat' dir='ltr'><strong>ad</strong></span> <span class='ocrx_word' id='word_1_38' title='bbox 1891 622 2056 676; x_wconf 91' lang='lat' dir='ltr'><strong>dimi-</strong></span> 
     </span>
    </p>
   </div>
   <div class='ocr_carea' id='block_1_8' title="bbox 471 717 2055 792">
    <p class='ocr_par' dir='ltr' id='par_1_8' title="bbox 471 717 2055 792">
     <span class='ocr_line' id='line_1_8' title="bbox 471 717 2055 792; baseline -0.003 -16"><span class='ocrx_word' id='word_1_39' title='bbox 471 724 622 776; x_wconf 89' lang='lat' dir='ltr'><strong>dium</strong></span> <span class='ocrx_word' id='word_1_40' title='bbox 686 721 840 792; x_wconf 93' lang='lat' dir='ltr'><strong>regni</strong></span> <span class='ocrx_word' id='word_1_41' title='bbox 882 720 1010 776; x_wconf 89' lang='lat' dir='ltr'><strong>mei.</strong></span> <span class='ocrx_word' id='word_1_42' title='bbox 1047 718 1208 774; x_wconf 88' lang='lat' dir='ltr'><strong>Unde</strong></span> <span class='ocrx_word' id='word_1_43' title='bbox 1250 736 1381 774; x_wconf 92' lang='lat' dir='ltr'><strong>cum</strong></span> <span class='ocrx_word' id='word_1_44' title='bbox 1417 721 1740 787; x_wconf 89' lang='lat' dir='ltr'><strong>juramento</strong></span> <span class='ocrx_word' id='word_1_45' title='bbox 1772 717 2055 787; x_wconf 75' lang='lat' dir='ltr'><strong>pollicitus</strong></span> 
     </span>
    </p>
   </div>
   <div class='ocr_carea' id='block_1_9' title="bbox 469 809 2056 882">
    <p class='ocr_par' dir='ltr' id='par_1_9' title="bbox 469 809 2056 882">
     <span class='ocr_line' id='line_1_9' title="bbox 469 809 2056 882; baseline -0.004 -12"><span class='ocrx_word' id='word_1_46' title='bbox 469 823 556 870; x_wconf 86' lang='lat' dir='ltr'><strong>est</strong></span> <span class='ocrx_word' id='word_1_47' title='bbox 573 814 622 869; x_wconf 89' lang='lat' dir='ltr'><strong>ei</strong></span> <span class='ocrx_word' id='word_1_48' title='bbox 645 813 776 867; x_wconf 89' lang='lat' dir='ltr'><strong>dare</strong></span> <span class='ocrx_word' id='word_1_49' title='bbox 799 811 1074 880; x_wconf 85' lang='lat' dir='ltr'><strong>quidquid</strong></span> <span class='ocrx_word' id='word_1_50' title='bbox 1120 813 1478 882; x_wconf 81' lang='lat' dir='ltr'><strong>postulasset.</strong></span> <span class='ocrx_word' id='word_1_51' title='bbox 1515 812 1650 878; x_wconf 69' lang='lat' dir='ltr'><strong>Quae</strong></span> <span class='ocrx_word' id='word_1_52' title='bbox 1672 827 1800 864; x_wconf 91' lang='lat' dir='ltr'><strong>cum</strong></span> <span class='ocrx_word' id='word_1_53' title='bbox 1823 809 2056 873; x_wconf 76' lang='lat' dir='ltr'><strong>exisset,</strong></span> 
     </span>
    </p>
   </div>
   <div class='ocr_carea' id='block_1_10' title="bbox 469 901 2060 972">
    <p class='ocr_par' dir='ltr' id='par_1_10' title="bbox 469 901 2060 972">
     <span class='ocr_line' id='line_1_10' title="bbox 469 901 2060 972; baseline -0.004 -12"><span class='ocrx_word' id='word_1_54' title='bbox 469 904 610 960; x_wconf 82' lang='lat' dir='ltr'><strong>dixit</strong></span> <span class='ocrx_word' id='word_1_55' title='bbox 643 903 802 956; x_wconf 89' lang='lat' dir='ltr'><strong>matri</strong></span> <span class='ocrx_word' id='word_1_56' title='bbox 839 918 957 958; x_wconf 78' lang='lat' dir='ltr'><strong>sua:</strong></span> <span class='ocrx_word' id='word_1_57' title='bbox 983 921 996 958; x_wconf 90' lang='lat'><strong>:</strong></span> <span class='ocrx_word' id='word_1_58' title='bbox 1025 902 1169 968; x_wconf 82' lang='lat' dir='ltr'><strong>Quid</strong></span> <span class='ocrx_word' id='word_1_59' title='bbox 1195 903 1416 972; x_wconf 85' lang='lat' dir='ltr'><strong>petam?</strong></span> <span class='ocrx_word' id='word_1_60' title='bbox 1448 904 1518 956; x_wconf 83' lang='lat' dir='ltr'><strong>At</strong></span> <span class='ocrx_word' id='word_1_61' title='bbox 1542 903 1636 956; x_wconf 92' lang='lat' dir='ltr'><strong>illa</strong></span> <span class='ocrx_word' id='word_1_62' title='bbox 1665 901 1807 956; x_wconf 81' lang='lat' dir='ltr'><strong>dixit</strong></span> <span class='ocrx_word' id='word_1_63' title='bbox 1840 901 2060 970; x_wconf 79' lang='lat' dir='ltr'><strong>:Caput</strong></span> 
     </span>
    </p>
   </div>
   <div class='ocr_carea' id='block_1_11' title="bbox 468 991 2062 1064">
    <p class='ocr_par' dir='ltr' id='par_1_11' title="bbox 468 991 2062 1064">
     <span class='ocr_line' id='line_1_11' title="bbox 468 991 2062 1064; baseline -0.002 -14"><span class='ocrx_word' id='word_1_64' title='bbox 468 993 699 1050; x_wconf 77' lang='lat' dir='ltr'><strong>Joannis</strong></span> <span class='ocrx_word' id='word_1_65' title='bbox 729 995 1013 1064; x_wconf 67' lang='lat' dir='ltr'><strong>Baptistae.</strong></span> <span class='ocrx_word' id='word_1_66' title='bbox 1036 993 1286 1063; x_wconf 88' lang='lat' dir='ltr'><strong>Cumque</strong></span> <span class='ocrx_word' id='word_1_67' title='bbox 1321 995 1610 1049; x_wconf 88' lang='lat' dir='ltr'><strong>introisset</strong></span> <span class='ocrx_word' id='word_1_68' title='bbox 1629 995 1813 1049; x_wconf 85' lang='lat' dir='ltr'><strong>statim</strong></span> <span class='ocrx_word' id='word_1_69' title='bbox 1833 1009 1959 1049; x_wconf 91' lang='lat' dir='ltr'><strong>cum</strong></span> <span class='ocrx_word' id='word_1_70' title='bbox 1980 991 2062 1047; x_wconf 79' lang='lat' dir='ltr'><strong>fe-</strong></span> 
     </span>
    </p>
   </div>
   <div class='ocr_carea' id='block_1_12' title="bbox 471 1085 2062 1156">
    <p class='ocr_par' dir='ltr' id='par_1_12' title="bbox 471 1085 2062 1156">
     <span class='ocr_line' id='line_1_12' title="bbox 471 1085 2062 1156; baseline 0 -15"><span class='ocrx_word' id='word_1_71' title='bbox 471 1087 776 1141; x_wconf 80' lang='lat' dir='ltr'><strong>stinatione</strong></span> <span class='ocrx_word' id='word_1_72' title='bbox 796 1087 862 1141; x_wconf 88' lang='lat' dir='ltr'><strong>ad</strong></span> <span class='ocrx_word' id='word_1_73' title='bbox 895 1102 1102 1155; x_wconf 85' lang='lat' dir='ltr'><strong>regem,</strong></span> <span class='ocrx_word' id='word_1_74' title='bbox 1128 1087 1497 1156; x_wconf 82' lang='lat' dir='ltr'><strong>petiitdicens</strong></span> <span class='ocrx_word' id='word_1_75' title='bbox 1527 1086 1696 1141; x_wconf 76' lang='lat' dir='ltr'><strong>:Volo</strong></span> <span class='ocrx_word' id='word_1_76' title='bbox 1726 1085 2062 1156; x_wconf 80' lang='lat' dir='ltr'><strong>utprotinus</strong></span> 
     </span>
    </p>
   </div>
   <div class='ocr_carea' id='block_1_13' title="bbox 471 1176 2062 1249">
    <p class='ocr_par' dir='ltr' id='par_1_13' title="bbox 471 1176 2062 1249">
     <span class='ocr_line' id='line_1_13' title="bbox 471 1176 2062 1249; baseline 0.001 -18"><span class='ocrx_word' id='word_1_77' title='bbox 471 1179 568 1232; x_wconf 89' lang='lat' dir='ltr'><strong>des</strong></span> <span class='ocrx_word' id='word_1_78' title='bbox 601 1178 732 1232; x_wconf 85' lang='lat' dir='ltr'><strong>mihi</strong></span> <span class='ocrx_word' id='word_1_79' title='bbox 772 1181 826 1232; x_wconf 93' lang='lat' dir='ltr'><strong>in</strong></span> <span class='ocrx_word' id='word_1_80' title='bbox 858 1178 1014 1233; x_wconf 88' lang='lat' dir='ltr'><strong>disco</strong></span> <span class='ocrx_word' id='word_1_81' title='bbox 1044 1185 1208 1246; x_wconf 84' lang='lat' dir='ltr'><strong>caput</strong></span> <span class='ocrx_word' id='word_1_82' title='bbox 1232 1177 1469 1233; x_wconf 80' lang='lat' dir='ltr'><strong>Joannis</strong></span> <span class='ocrx_word' id='word_1_83' title='bbox 1512 1177 1796 1249; x_wconf 79' lang='lat' dir='ltr'><strong>Baptistae.</strong></span> <span class='ocrx_word' id='word_1_84' title='bbox 1827 1176 1891 1232; x_wconf 90' lang='lat' dir='ltr'><strong>Et</strong></span> <span class='ocrx_word' id='word_1_85' title='bbox 1923 1193 2062 1232; x_wconf 85' lang='lat' dir='ltr'><strong>con-</strong></span> 
     </span>
    </p>
   </div>
   <div class='ocr_carea' id='block_1_14' title="bbox 475 1267 2060 1338">
    <p class='ocr_par' dir='ltr' id='par_1_14' title="bbox 475 1267 2060 1338">
     <span class='ocr_line' id='line_1_14' title="bbox 475 1267 2060 1338; baseline -0.002 -15"><span class='ocrx_word' id='word_1_86' title='bbox 475 1270 732 1323; x_wconf 89' lang='lat' dir='ltr'><strong>tristatus</strong></span> <span class='ocrx_word' id='word_1_87' title='bbox 765 1278 851 1322; x_wconf 77' lang='lat' dir='ltr'><strong>est</strong></span> <span class='ocrx_word' id='word_1_88' title='bbox 885 1283 981 1322; x_wconf 87' lang='lat' dir='ltr'><strong>rex</strong></span> <span class='ocrx_word' id='word_1_89' title='bbox 1015 1284 1028 1320; x_wconf 91' lang='lat'><strong>:</strong></span> <span class='ocrx_word' id='word_1_90' title='bbox 1065 1279 1285 1338; x_wconf 85' lang='lat' dir='ltr'><strong>propter</strong></span> <span class='ocrx_word' id='word_1_91' title='bbox 1302 1267 1701 1337; x_wconf 82' lang='lat' dir='ltr'><strong>jusjurandum</strong></span> <span class='ocrx_word' id='word_1_92' title='bbox 1733 1276 1790 1323; x_wconf 92' lang='lat' dir='ltr'><strong>et</strong></span> <span class='ocrx_word' id='word_1_93' title='bbox 1831 1274 2060 1338; x_wconf 80' lang='lat' dir='ltr'><strong>propter</strong></span> 
     </span>
    </p>
   </div>
   <div class='ocr_carea' id='block_1_15' title="bbox 471 1357 2062 1428">
    <p class='ocr_par' dir='ltr' id='par_1_15' title="bbox 471 1357 2062 1428">
     <span class='ocr_line' id='line_1_15' title="bbox 471 1357 2062 1428; baseline 0.001 -16"><span class='ocrx_word' id='word_1_94' title='bbox 471 1359 1092 1423; x_wconf 84' lang='lat' dir='ltr'><strong>simuldiscumbentes,</strong></span> <span class='ocrx_word' id='word_1_95' title='bbox 1123 1358 1442 1414; x_wconf 89' lang='lat' dir='ltr'><strong>noluiteam</strong></span> <span class='ocrx_word' id='word_1_96' title='bbox 1471 1358 1710 1428; x_wconf 90' lang='lat' dir='ltr'><strong>rejicere</strong></span> <span class='ocrx_word' id='word_1_97' title='bbox 1743 1357 2062 1427; x_wconf 89' lang='lat' dir='ltr'><strong>:mlssoque</strong></span> 
     </span>
    </p>
   </div>
   <div class='ocr_carea' id='block_1_16' title="bbox 477 1448 2057 1521">
    <p class='ocr_par' dir='ltr' id='par_1_16' title="bbox 477 1448 2057 1521">
     <span class='ocr_line' id='line_1_16' title="bbox 477 1448 2057 1521; baseline 0.001 -19"><span class='ocrx_word' id='word_1_98' title='bbox 477 1449 668 1514; x_wconf 78' lang='lat' dir='ltr'><strong>statim</strong></span> <span class='ocrx_word' id='word_1_99' title='bbox 725 1450 1088 1518; x_wconf 88' lang='lat' dir='ltr'><strong>spiculatore,</strong></span> <span class='ocrx_word' id='word_1_100' title='bbox 1125 1450 1388 1520; x_wconf 72' lang='lat' dir='ltr'><strong>praecepit</strong></span> <span class='ocrx_word' id='word_1_101' title='bbox 1424 1449 1608 1505; x_wconf 74' lang='lat' dir='ltr'><strong>aﬂerri</strong></span> <span class='ocrx_word' id='word_1_102' title='bbox 1650 1457 1816 1521; x_wconf 78' lang='lat' dir='ltr'><strong>caput</strong></span> <span class='ocrx_word' id='word_1_103' title='bbox 1846 1448 1967 1518; x_wconf 86' lang='lat' dir='ltr'><strong>ejus</strong></span> <span class='ocrx_word' id='word_1_104' title='bbox 2000 1449 2057 1503; x_wconf 92' lang='lat' dir='ltr'><strong>in</strong></span> 
     </span>
    </p>
   </div>
   <div class='ocr_carea' id='block_1_17' title="bbox 473 1539 2056 1610">
    <p class='ocr_par' dir='ltr' id='par_1_17' title="bbox 473 1539 2056 1610">
     <span class='ocr_line' id='line_1_17' title="bbox 473 1539 2056 1610; baseline 0.003 -18"><span class='ocrx_word' id='word_1_105' title='bbox 473 1539 648 1594; x_wconf 69' lang='lat' dir='ltr'><strong>disco.</strong></span> <span class='ocrx_word' id='word_1_106' title='bbox 709 1540 916 1610; x_wconf 89' lang='lat' dir='ltr'><strong>llleque</strong></span> <span class='ocrx_word' id='word_1_107' title='bbox 949 1542 1144 1597; x_wconf 90' lang='lat' dir='ltr'><strong>abiens</strong></span> <span class='ocrx_word' id='word_1_108' title='bbox 1192 1542 1498 1596; x_wconf 87' lang='lat' dir='ltr'><strong>decollavit</strong></span> <span class='ocrx_word' id='word_1_109' title='bbox 1527 1557 1652 1598; x_wconf 92' lang='lat' dir='ltr'><strong>eum</strong></span> <span class='ocrx_word' id='word_1_110' title='bbox 1703 1543 1758 1596; x_wconf 89' lang='lat' dir='ltr'><strong>in</strong></span> <span class='ocrx_word' id='word_1_111' title='bbox 1807 1556 2056 1604; x_wconf 88' lang='lat' dir='ltr'><strong>carcere,</strong></span> 
     </span>
    </p>
   </div>
   <div class='ocr_carea' id='block_1_18' title="bbox 474 1631 2055 1702">
    <p class='ocr_par' dir='ltr' id='par_1_18' title="bbox 474 1631 2055 1702">
     <span class='ocr_line' id='line_1_18' title="bbox 474 1631 2055 1702; baseline -0.002 -16"><span class='ocrx_word' id='word_1_112' title='bbox 474 1641 529 1686; x_wconf 90' lang='lat' dir='ltr'><strong>et</strong></span> <span class='ocrx_word' id='word_1_113' title='bbox 557 1632 742 1686; x_wconf 80' lang='lat' dir='ltr'><strong>attulit</strong></span> <span class='ocrx_word' id='word_1_114' title='bbox 761 1641 928 1702; x_wconf 90' lang='lat' dir='ltr'><strong>caput</strong></span> <span class='ocrx_word' id='word_1_115' title='bbox 960 1631 1083 1702; x_wconf 85' lang='lat' dir='ltr'><strong>ejus</strong></span> <span class='ocrx_word' id='word_1_116' title='bbox 1109 1633 1162 1686; x_wconf 91' lang='lat' dir='ltr'><strong>in</strong></span> <span class='ocrx_word' id='word_1_117' title='bbox 1193 1632 1377 1700; x_wconf 86' lang='lat' dir='ltr'><strong>disco;</strong></span> <span class='ocrx_word' id='word_1_118' title='bbox 1403 1642 1458 1688; x_wconf 91' lang='lat' dir='ltr'><strong>et</strong></span> <span class='ocrx_word' id='word_1_119' title='bbox 1479 1633 1628 1687; x_wconf 86' lang='lat' dir='ltr'><strong>dedit</strong></span> <span class='ocrx_word' id='word_1_120' title='bbox 1664 1633 1796 1686; x_wconf 85' lang='lat' dir='ltr'><strong>illud</strong></span> <span class='ocrx_word' id='word_1_121' title='bbox 1821 1632 2016 1702; x_wconf 74' lang='lat' dir='ltr'><strong>puella:</strong></span> <span class='ocrx_word' id='word_1_122' title='bbox 2041 1649 2055 1684; x_wconf 91' lang='lat'>:</span> 
     </span>
    </p>
   </div>
   <div class='ocr_carea' id='block_1_19' title="bbox 474 1723 2058 1794">
    <p class='ocr_par' dir='ltr' id='par_1_19' title="bbox 474 1723 2058 1794">
     <span class='ocr_line' id='line_1_19' title="bbox 474 1723 2058 1794; baseline -0.001 -15"><span class='ocrx_word' id='word_1_123' title='bbox 474 1732 530 1779; x_wconf 88' lang='lat' dir='ltr'><strong>et</strong></span> <span class='ocrx_word' id='word_1_124' title='bbox 578 1723 758 1794; x_wconf 87' lang='lat' dir='ltr'><strong>puella</strong></span> <span class='ocrx_word' id='word_1_125' title='bbox 795 1723 951 1778; x_wconf 86' lang='lat' dir='ltr'><strong>dedit</strong></span> <span class='ocrx_word' id='word_1_126' title='bbox 1003 1724 1165 1778; x_wconf 83' lang='lat' dir='ltr'><strong>matri</strong></span> <span class='ocrx_word' id='word_1_127' title='bbox 1198 1740 1316 1780; x_wconf 70' lang='lat' dir='ltr'><strong>suae</strong></span> <span class='ocrx_word' id='word_1_128' title='bbox 1353 1725 1399 1778; x_wconf 80' lang='grc' dir='ltr'>ί.</span> <span class='ocrx_word' id='word_1_129' title='bbox 1442 1743 1462 1776; x_wconf 75' lang='grc' dir='ltr'><strong>ι</strong></span> <span class='ocrx_word' id='word_1_130' title='bbox 1497 1723 1542 1778; x_wconf 94' lang='lat'><strong>0</strong></span> <span class='ocrx_word' id='word_1_131' title='bbox 1582 1724 1816 1780; x_wconf 86' lang='lat' dir='ltr'><strong>acerbos</strong></span> <span class='ocrx_word' id='word_1_132' title='bbox 1847 1723 2058 1779; x_wconf 82' lang='lat' dir='ltr'><strong>natales</strong></span> 
     </span>
    </p>
   </div>
   <div class='ocr_carea' id='block_1_20' title="bbox 2155 516 3746 595">
    <p class='ocr_par' dir='ltr' id='par_1_20' title="bbox 2155 516 3746 595">
     <span class='ocr_line' id='line_1_20' title="bbox 2155 516 3746 595; baseline -0.005 -19"><span class='ocrx_word' id='word_1_133' title='bbox 2155 524 2256 594; x_wconf 85' lang='grc' dir='ltr'>τῆς</span> <span class='ocrx_word' id='word_1_134' title='bbox 2322 521 2676 595; x_wconf 82' lang='grc' dir='ltr'><strong>Ἡρωδιάδος,</strong></span> <span class='ocrx_word' id='word_1_135' title='bbox 2735 520 2833 574; x_wconf 78' lang='grc' dir='ltr'><strong>καὶ</strong></span> <span class='ocrx_word' id='word_1_136' title='bbox 2887 519 3303 590; x_wconf 79' lang='grc' dir='ltr'>ὀρχησαμένης,</span> <span class='ocrx_word' id='word_1_137' title='bbox 3337 516 3435 570; x_wconf 71' lang='grc' dir='ltr'>καὶ</span> <span class='ocrx_word' id='word_1_138' title='bbox 3471 517 3746 587; x_wconf 76' lang='grc' dir='ltr'><strong>ἀρεσάσης</strong></span> 
     </span>
    </p>
   </div>
   <div class='ocr_carea' id='block_1_21' title="bbox 2154 602 3746 684">
    <p class='ocr_par' dir='ltr' id='par_1_21' title="bbox 2154 602 3746 684">
     <span class='ocr_line' id='line_1_21' title="bbox 2154 602 3746 684; baseline -0.004 -16"><span class='ocrx_word' id='word_1_139' title='bbox 2154 613 2232 684; x_wconf 81' lang='grc' dir='ltr'><strong>τῷ</strong></span> <span class='ocrx_word' id='word_1_140' title='bbox 2281 613 2515 684; x_wconf 79' lang='grc' dir='ltr'>Ἡρώδῃ,</span> <span class='ocrx_word' id='word_1_141' title='bbox 2552 611 2650 664; x_wconf 66' lang='grc' dir='ltr'><strong>καὶ</strong></span> <span class='ocrx_word' id='word_1_142' title='bbox 2679 613 2788 674; x_wconf 88' lang='grc' dir='ltr'>τοῖς</span> <span class='ocrx_word' id='word_1_143' title='bbox 2821 609 3329 678; x_wconf 75' lang='grc' dir='ltr'><strong>συνανακειμένοις,</strong></span> <span class='ocrx_word' id='word_1_144' title='bbox 3356 602 3512 659; x_wconf 86' lang='grc' dir='ltr'>εἶπεν</span> <span class='ocrx_word' id='word_1_145' title='bbox 3541 609 3572 660; x_wconf 79' lang='grc' dir='ltr'>ὁ</span> <span class='ocrx_word' id='word_1_146' title='bbox 3597 606 3746 676; x_wconf 80' lang='grc' dir='ltr'>βασι·</span> 
     </span>
    </p>
   </div>
   <div class='ocr_carea' id='block_1_22' title="bbox 2155 697 3751 776">
    <p class='ocr_par' dir='ltr' id='par_1_22' title="bbox 2155 697 3751 776">
     <span class='ocr_line' id='line_1_22' title="bbox 2155 697 3751 776; baseline -0.005 -17"><span class='ocrx_word' id='word_1_147' title='bbox 2155 707 2283 770; x_wconf 81' lang='grc' dir='ltr'>λεὺς</span> <span class='ocrx_word' id='word_1_148' title='bbox 2311 705 2388 776; x_wconf 80' lang='grc' dir='ltr'><strong>τῷ</strong></span> <span class='ocrx_word' id='word_1_149' title='bbox 2406 703 2671 774; x_wconf 79' lang='grc' dir='ltr'>κορασίῳ·</span> <span class='ocrx_word' id='word_1_150' title='bbox 2699 701 2932 773; x_wconf 83' lang='grc' dir='ltr'>Αίτησόν</span> <span class='ocrx_word' id='word_1_151' title='bbox 2958 719 3024 770; x_wconf 78' lang='grc' dir='ltr'><strong>με</strong></span> <span class='ocrx_word' id='word_1_152' title='bbox 3059 700 3088 754; x_wconf 84' lang='grc' dir='ltr'><strong>δ</strong></span> <span class='ocrx_word' id='word_1_153' title='bbox 3124 701 3218 753; x_wconf 83' lang='grc' dir='ltr'><strong>ἐάν</strong></span> <span class='ocrx_word' id='word_1_154' title='bbox 3249 699 3430 770; x_wconf 75' lang='grc' dir='ltr'>θέλῃς,</span> <span class='ocrx_word' id='word_1_155' title='bbox 3471 699 3568 751; x_wconf 71' lang='grc' dir='ltr'>καὶ</span> <span class='ocrx_word' id='word_1_156' title='bbox 3595 697 3751 751; x_wconf 77' lang='grc' dir='ltr'>δώσω</span> 
     </span>
    </p>
   </div>
   <div class='ocr_carea' id='block_1_23' title="bbox 2163 789 3749 866">
    <p class='ocr_par' dir='ltr' id='par_1_23' title="bbox 2163 789 3749 866">
     <span class='ocr_line' id='line_1_23' title="bbox 2163 789 3749 866; baseline -0.006 -14"><span class='ocrx_word' id='word_1_157' title='bbox 2163 816 2269 864; x_wconf 85' lang='grc' dir='ltr'>σοι,</span> <span class='ocrx_word' id='word_1_158' title='bbox 2294 797 2399 860; x_wconf 79' lang='grc' dir='ltr'>ἓως</span> <span class='ocrx_word' id='word_1_159' title='bbox 2422 798 2454 866; x_wconf 86' lang='grc' dir='ltr'><strong>ή</strong></span> <span class='ocrx_word' id='word_1_160' title='bbox 2463 796 2656 865; x_wconf 82' lang='grc' dir='ltr'>μίσους</span> <span class='ocrx_word' id='word_1_161' title='bbox 2673 793 2773 863; x_wconf 80' lang='grc' dir='ltr'>τῆς</span> <span class='ocrx_word' id='word_1_162' title='bbox 2793 793 3074 864; x_wconf 82' lang='grc' dir='ltr'>βασιλείας</span> <span class='ocrx_word' id='word_1_163' title='bbox 3103 807 3227 862; x_wconf 87' lang='grc' dir='ltr'>μου.</span> <span class='ocrx_word' id='word_1_164' title='bbox 3256 789 3420 842; x_wconf 87' lang='grc' dir='ltr'>Ὀθεν</span> <span class='ocrx_word' id='word_1_165' title='bbox 3441 789 3563 858; x_wconf 88' lang='grc' dir='ltr'>μεθ’</span> <span class='ocrx_word' id='word_1_166' title='bbox 3586 789 3749 860; x_wconf 75' lang='grc' dir='ltr'>ὅρκου</span> 
     </span>
    </p>
   </div>
   <div class='ocr_carea' id='block_1_24' title="bbox 2157 882 3751 959">
    <p class='ocr_par' dir='ltr' id='par_1_24' title="bbox 2157 882 3751 959">
     <span class='ocr_line' id='line_1_24' title="bbox 2157 882 3751 959; baseline -0.002 -18"><span class='ocrx_word' id='word_1_167' title='bbox 2157 888 2518 959; x_wconf 79' lang='grc' dir='ltr'><strong>ὡμολόγησεν</strong></span> <span class='ocrx_word' id='word_1_168' title='bbox 2577 887 2718 957; x_wconf 78' lang='grc' dir='ltr'>αὐτῇ</span> <span class='ocrx_word' id='word_1_169' title='bbox 2786 884 2974 938; x_wconf 90' lang='grc' dir='ltr'>δοῦναι</span> <span class='ocrx_word' id='word_1_170' title='bbox 3033 883 3062 937; x_wconf 86' lang='grc' dir='ltr'><strong>δ</strong></span> <span class='ocrx_word' id='word_1_171' title='bbox 3116 883 3560 952; x_wconf 85' lang='grc' dir='ltr'>ἐάναὶτήσηται.</span> <span class='ocrx_word' id='word_1_172' title='bbox 3603 882 3751 939; x_wconf 74' lang='grc' dir='ltr'><strong>’[1δέ</strong></span> 
     </span>
    </p>
   </div>
   <div class='ocr_carea' id='block_1_25' title="bbox 2161 973 3746 1048">
    <p class='ocr_par' dir='ltr' id='par_1_25' title="bbox 2161 973 3746 1048">
     <span class='ocr_line' id='line_1_25' title="bbox 2161 973 3746 1048; baseline -0.004 -15"><span class='ocrx_word' id='word_1_173' title='bbox 2161 979 2477 1045; x_wconf 78' lang='grc' dir='ltr'>ἐξελθοῦσα,</span> <span class='ocrx_word' id='word_1_174' title='bbox 2526 973 2681 1031; x_wconf 77' lang='grc' dir='ltr'>εἷπεν</span> <span class='ocrx_word' id='word_1_175' title='bbox 2740 979 2807 1048; x_wconf 80' lang='grc' dir='ltr'><strong>τῇ</strong></span> <span class='ocrx_word' id='word_1_176' title='bbox 2863 976 3034 1047; x_wconf 67' lang='grc' dir='ltr'>μητρὶ</span> <span class='ocrx_word' id='word_1_177' title='bbox 3075 975 3275 1044; x_wconf 74' lang='grc' dir='ltr'>αὐτῆς.</span> <span class='ocrx_word' id='word_1_178' title='bbox 3312 975 3378 1029; x_wconf 88' lang='grc' dir='ltr'>Τί</span> <span class='ocrx_word' id='word_1_179' title='bbox 3411 975 3746 1044; x_wconf 76' lang='grc' dir='ltr'>αἱτήσομιιις</span> 
     </span>
    </p>
   </div>
   <div class='ocr_carea' id='block_1_26' title="bbox 2173 1064 3748 1140">
    <p class='ocr_par' dir='ltr' id='par_1_26' title="bbox 2173 1064 3748 1140">
     <span class='ocr_line' id='line_1_26' title="bbox 2173 1064 3748 1140; baseline -0.003 -16"><span class='ocrx_word' id='word_1_180' title='bbox 2173 1071 2236 1124; x_wconf 85' lang='grc' dir='ltr'><em>Ἦ</em></span> <span class='ocrx_word' id='word_1_181' title='bbox 2253 1071 2310 1124; x_wconf 78' lang='grc' dir='ltr'>δὲ</span> <span class='ocrx_word' id='word_1_182' title='bbox 2340 1066 2498 1124; x_wconf 70' lang='grc' dir='ltr'>εἶπεν</span> <span class='ocrx_word' id='word_1_183' title='bbox 2520 1086 2535 1101; x_wconf 89' lang='grc'><strong>·</strong></span> <span class='ocrx_word' id='word_1_184' title='bbox 2565 1068 2677 1140; x_wconf 84' lang='grc' dir='ltr'>Τὴν</span> <span class='ocrx_word' id='word_1_185' title='bbox 2705 1067 2951 1137; x_wconf 75' lang='grc' dir='ltr'>κεφαλὴν</span> <span class='ocrx_word' id='word_1_186' title='bbox 2995 1066 3248 1120; x_wconf 82' lang='grc' dir='ltr'>Ἰωάννου</span> <span class='ocrx_word' id='word_1_187' title='bbox 3281 1066 3378 1120; x_wconf 87' lang='grc' dir='ltr'><strong>τοῦ</strong></span> <span class='ocrx_word' id='word_1_188' title='bbox 3413 1064 3748 1120; x_wconf 82' lang='grc' dir='ltr'>Βαπτιστοῦ.</span> 
     </span>
    </p>
   </div>
   <div class='ocr_carea' id='block_1_27' title="bbox 2159 1156 3753 1228">
    <p class='ocr_par' dir='ltr' id='par_1_27' title="bbox 2159 1156 3753 1228">
     <span class='ocr_line' id='line_1_27' title="bbox 2159 1156 3753 1228; baseline -0.005 -11"><span class='ocrx_word' id='word_1_189' title='bbox 2159 1163 2273 1218; x_wconf 64' lang='grc' dir='ltr'>Καὶ</span> <span class='ocrx_word' id='word_1_190' title='bbox 2300 1161 2626 1216; x_wconf 70' lang='grc' dir='ltr'><strong>εἰσελθοῦσα</strong></span> <span class='ocrx_word' id='word_1_191' title='bbox 2651 1161 2856 1223; x_wconf 83' lang='grc' dir='ltr'>εὐθέως</span> <span class='ocrx_word' id='word_1_192' title='bbox 2911 1158 3050 1228; x_wconf 85' lang='grc' dir='ltr'><strong>μετὰ</strong></span> <span class='ocrx_word' id='word_1_193' title='bbox 3083 1157 3319 1227; x_wconf 80' lang='grc' dir='ltr'><strong>σπουδῆς</strong></span> <span class='ocrx_word' id='word_1_194' title='bbox 3351 1160 3489 1228; x_wconf 73' lang='grc' dir='ltr'>πρὸς</span> <span class='ocrx_word' id='word_1_195' title='bbox 3523 1159 3618 1210; x_wconf 65' lang='grc' dir='ltr'>τὸν</span> <span class='ocrx_word' id='word_1_196' title='bbox 3658 1156 3753 1226; x_wconf 65' lang='grc' dir='ltr'><strong>βαι</strong></span> 
     </span>
    </p>
   </div>
   <div class='ocr_carea' id='block_1_28' title="bbox 2161 1236 3754 1326">
    <p class='ocr_par' dir='ltr' id='par_1_28' title="bbox 2161 1236 3754 1326">
     <span class='ocr_line' id='line_1_28' title="bbox 2161 1236 3754 1326; baseline -0.004 -17"><span class='ocrx_word' id='word_1_197' title='bbox 2161 1236 2334 1321; x_wconf 76' lang='grc' dir='ltr'>σίλέα,</span> <span class='ocrx_word' id='word_1_198' title='bbox 2370 1256 2612 1326; x_wconf 77' lang='grc' dir='ltr'><strong>ᾐτήσατο</strong></span> <span class='ocrx_word' id='word_1_199' title='bbox 2640 1253 2902 1322; x_wconf 79' lang='grc' dir='ltr'><strong>λέγουσα·</strong></span> <span class='ocrx_word' id='word_1_200' title='bbox 2929 1251 3081 1303; x_wconf 89' lang='grc' dir='ltr'>Θέλω</span> <span class='ocrx_word' id='word_1_201' title='bbox 3111 1250 3197 1302; x_wconf 76' lang='grc' dir='ltr'>ἵνα</span> <span class='ocrx_word' id='word_1_202' title='bbox 3249 1267 3341 1320; x_wconf 90' lang='grc' dir='ltr'><strong>μοι</strong></span> <span class='ocrx_word' id='word_1_203' title='bbox 3371 1249 3480 1320; x_wconf 82' lang='grc' dir='ltr'>δῷς</span> <span class='ocrx_word' id='word_1_204' title='bbox 3505 1249 3565 1314; x_wconf 80' lang='grc' dir='ltr'>ἐξ</span> <span class='ocrx_word' id='word_1_205' title='bbox 3584 1249 3754 1316; x_wconf 74' lang='grc' dir='ltr'>αὐτῆς</span> 
     </span>
    </p>
   </div>
   <div class='ocr_carea' id='block_1_29' title="bbox 2161 1337 3754 1413">
    <p class='ocr_par' dir='ltr' id='par_1_29' title="bbox 2161 1337 3754 1413">
     <span class='ocr_line' id='line_1_29' title="bbox 2161 1337 3754 1413; baseline -0.004 -14"><span class='ocrx_word' id='word_1_206' title='bbox 2161 1347 2255 1399; x_wconf 74' lang='grc' dir='ltr'>ἐπὶ</span> <span class='ocrx_word' id='word_1_207' title='bbox 2308 1345 2502 1398; x_wconf 86' lang='grc' dir='ltr'>πίνακι</span> <span class='ocrx_word' id='word_1_208' title='bbox 2561 1345 2663 1413; x_wconf 81' lang='grc' dir='ltr'>τὴν</span> <span class='ocrx_word' id='word_1_209' title='bbox 2697 1341 2941 1411; x_wconf 75' lang='grc' dir='ltr'>κεφαλήν</span> <span class='ocrx_word' id='word_1_210' title='bbox 2977 1339 3228 1394; x_wconf 79' lang='grc' dir='ltr'>Ἰωάννου</span> <span class='ocrx_word' id='word_1_211' title='bbox 3283 1337 3381 1392; x_wconf 91' lang='grc' dir='ltr'><strong>τοῦ</strong></span> <span class='ocrx_word' id='word_1_212' title='bbox 3417 1339 3754 1393; x_wconf 79' lang='grc' dir='ltr'>Βαπτιστοῦ.</span> 
     </span>
    </p>
   </div>
   <div class='ocr_carea' id='block_1_30' title="bbox 2161 1431 3758 1508">
    <p class='ocr_par' dir='ltr' id='par_1_30' title="bbox 2161 1431 3758 1508">
     <span class='ocr_line' id='line_1_30' title="bbox 2161 1431 3758 1508; baseline -0.006 -16"><span class='ocrx_word' id='word_1_213' title='bbox 2161 1438 2272 1492; x_wconf 77' lang='grc' dir='ltr'><strong>Καὶ</strong></span> <span class='ocrx_word' id='word_1_214' title='bbox 2306 1438 2609 1508; x_wconf 84' lang='grc' dir='ltr'>περίλυπος</span> <span class='ocrx_word' id='word_1_215' title='bbox 2664 1435 2959 1506; x_wconf 87' lang='grc' dir='ltr'>γενόμενος</span> <span class='ocrx_word' id='word_1_216' title='bbox 3003 1435 3032 1485; x_wconf 87' lang='grc' dir='ltr'>ὁ</span> <span class='ocrx_word' id='word_1_217' title='bbox 3071 1432 3351 1503; x_wconf 78' lang='grc' dir='ltr'>βασιλεὺς,</span> <span class='ocrx_word' id='word_1_218' title='bbox 3393 1431 3484 1484; x_wconf 80' lang='grc' dir='ltr'>διὰ</span> <span class='ocrx_word' id='word_1_219' title='bbox 3513 1431 3644 1494; x_wconf 72' lang='grc' dir='ltr'>τοὺς</span> <span class='ocrx_word' id='word_1_220' title='bbox 3667 1432 3758 1501; x_wconf 80' lang='grc' dir='ltr'><strong>ὅρ-</strong></span> 
     </span>
    </p>
   </div>
   <div class='ocr_carea' id='block_1_31' title="bbox 2161 1523 3760 1596">
    <p class='ocr_par' dir='ltr' id='par_1_31' title="bbox 2161 1523 3760 1596">
     <span class='ocr_line' id='line_1_31' title="bbox 2161 1523 3760 1596; baseline -0.006 -11"><span class='ocrx_word' id='word_1_221' title='bbox 2161 1549 2292 1595; x_wconf 83' lang='grc' dir='ltr'>κους</span> <span class='ocrx_word' id='word_1_222' title='bbox 2321 1531 2570 1593; x_wconf 73' lang='grc' dir='ltr'>καὶτοὺς</span> <span class='ocrx_word' id='word_1_223' title='bbox 2611 1525 3133 1596; x_wconf 85' lang='grc' dir='ltr'>συνανακειμένους,</span> <span class='ocrx_word' id='word_1_224' title='bbox 3185 1525 3288 1577; x_wconf 72' lang='grc' dir='ltr'><strong>οὐκ</strong></span> <span class='ocrx_word' id='word_1_225' title='bbox 3336 1523 3608 1592; x_wconf 58' lang='grc' dir='ltr'>ἠθέλησεν</span> <span class='ocrx_word' id='word_1_226' title='bbox 3638 1526 3760 1580; x_wconf 80' lang='grc' dir='ltr'>ἀθε-</span> 
     </span>
    </p>
   </div>
   <div class='ocr_carea' id='block_1_32' title="bbox 2159 1615 3760 1692">
    <p class='ocr_par' dir='ltr' id='par_1_32' title="bbox 2159 1615 3760 1692">
     <span class='ocr_line' id='line_1_32' title="bbox 2159 1615 3760 1692; baseline -0.005 -15"><span class='ocrx_word' id='word_1_227' title='bbox 2159 1623 2328 1692; x_wconf 81' lang='grc' dir='ltr'>τῆσαι</span> <span class='ocrx_word' id='word_1_228' title='bbox 2385 1623 2600 1692; x_wconf 77' lang='grc' dir='ltr'>αὑτήν·</span> <span class='ocrx_word' id='word_1_229' title='bbox 2664 1619 2760 1673; x_wconf 69' lang='grc' dir='ltr'><strong>καὶ</strong></span> <span class='ocrx_word' id='word_1_230' title='bbox 2811 1618 3014 1680; x_wconf 81' lang='grc' dir='ltr'>εὐθέως</span> <span class='ocrx_word' id='word_1_231' title='bbox 3071 1615 3403 1678; x_wconf 79' lang='grc' dir='ltr'>ἀποστείλας</span> <span class='ocrx_word' id='word_1_232' title='bbox 3451 1615 3760 1669; x_wconf 76' lang='grc' dir='ltr'>σπεκουλάο</span> 
     </span>
    </p>
   </div>
   <div class='ocr_carea' id='block_1_33' title="bbox 2160 1705 3758 1784">
    <p class='ocr_par' dir='ltr' id='par_1_33' title="bbox 2160 1705 3758 1784">
     <span class='ocr_line' id='line_1_33' title="bbox 2160 1705 3758 1784; baseline -0.004 -17"><span class='ocrx_word' id='word_1_233' title='bbox 2160 1731 2334 1784; x_wconf 89' lang='grc' dir='ltr'>τωρα,</span> <span class='ocrx_word' id='word_1_234' title='bbox 2395 1711 2658 1778; x_wconf 81' lang='grc' dir='ltr'>ἐπέταξεν</span> <span class='ocrx_word' id='word_1_235' title='bbox 2705 1710 2992 1780; x_wconf 75' lang='grc' dir='ltr'>ἐνεχθῆναι</span> <span class='ocrx_word' id='word_1_236' title='bbox 3026 1708 3125 1777; x_wconf 87' lang='grc' dir='ltr'>τήν</span> <span class='ocrx_word' id='word_1_237' title='bbox 3157 1706 3407 1777; x_wconf 84' lang='grc' dir='ltr'>κεφαλὴν</span> <span class='ocrx_word' id='word_1_238' title='bbox 3453 1705 3648 1760; x_wconf 78' lang='grc' dir='ltr'>αὐτοῦ.</span> <span class='ocrx_word' id='word_1_239' title='bbox 3701 1708 3758 1759; x_wconf 88' lang='lat'><strong>&#39;0</strong></span> 
     </span>
    </p>
   </div>
   <div class='ocr_carea' id='block_1_34' title="bbox 474 1787 2060 1886">
    <p class='ocr_par' dir='ltr' id='par_1_34' title="bbox 474 1815 2054 1886">
     <span class='ocr_line' id='line_1_34' title="bbox 474 1815 2054 1886; baseline 0 -16"><span class='ocrx_word' id='word_1_240' title='bbox 474 1831 541 1871; x_wconf 84' lang='lat' dir='ltr'><strong>ac</strong></span> <span class='ocrx_word' id='word_1_241' title='bbox 598 1832 814 1872; x_wconf 67' lang='lat' dir='ltr'><strong>orenam</strong></span> <span class='ocrx_word' id='word_1_242' title='bbox 863 1815 1011 1871; x_wconf 65' lang='lat' dir='ltr'><strong>caede</strong></span> <span class='ocrx_word' id='word_1_243' title='bbox 1055 1817 1298 1884; x_wconf 83' lang='lat' dir='ltr'><strong>plenam!</strong></span> <span class='ocrx_word' id='word_1_244' title='bbox 1344 1819 1504 1876; x_wconf 82' lang='lat' dir='ltr'><strong>Hunc</strong></span> <span class='ocrx_word' id='word_1_245' title='bbox 1539 1818 1634 1871; x_wconf 86' lang='lat' dir='ltr'><strong>tibi</strong></span> <span class='ocrx_word' id='word_1_246' title='bbox 1675 1818 1790 1886; x_wconf 89' lang='lat' dir='ltr'><strong>ipse</strong></span> <span class='ocrx_word' id='word_1_247' title='bbox 1821 1817 2054 1871; x_wconf 84' lang='lat' dir='ltr'><strong>servasti</strong></span> 
     </span>
    </p>
   </div>
   <div class='ocr_carea' id='block_1_35' title="bbox 2167 1787 3758 1886">
    <p class='ocr_par' dir='ltr' id='par_1_35' title="bbox 2167 1798 3758 1872">
     <span class='ocr_line' id='line_1_35' title="bbox 2167 1798 3758 1872; baseline -0.004 -14"><span class='ocrx_word' id='word_1_248' title='bbox 2167 1805 2217 1859; x_wconf 83' lang='grc' dir='ltr'><strong>δέ</strong></span> <span class='ocrx_word' id='word_1_249' title='bbox 2241 1803 2496 1860; x_wconf 84' lang='grc' dir='ltr'>ἀπελθὼν</span> <span class='ocrx_word' id='word_1_250' title='bbox 2527 1801 2934 1872; x_wconf 80' lang='grc' dir='ltr'><strong>ἀπεκεφάλισεν</strong></span> <span class='ocrx_word' id='word_1_251' title='bbox 2967 1799 3138 1868; x_wconf 77' lang='grc' dir='ltr'>αὐτὴν</span> <span class='ocrx_word' id='word_1_252' title='bbox 3174 1798 3232 1852; x_wconf 87' lang='grc' dir='ltr'><strong>ἐν</strong></span> <span class='ocrx_word' id='word_1_253' title='bbox 3280 1801 3346 1869; x_wconf 80' lang='grc' dir='ltr'>τῇ</span> <span class='ocrx_word' id='word_1_254' title='bbox 3383 1799 3626 1870; x_wconf 75' lang='grc' dir='ltr'>φυλακῇ,</span> <span class='ocrx_word' id='word_1_255' title='bbox 3663 1799 3758 1852; x_wconf 83' lang='grc' dir='ltr'>καὶ</span> 
     </span>
    </p>
   </div>
   <div class='ocr_carea' id='block_1_36' title="bbox 475 1905 2057 1964">
    <p class='ocr_par' dir='ltr' id='par_1_36' title="bbox 475 1905 2057 1964">
     <span class='ocr_line' id='line_1_36' title="bbox 475 1905 2057 1964; baseline 0.001 -2"><span class='ocrx_word' id='word_1_256' title='bbox 475 1906 781 1962; x_wconf 84' lang='lat' dir='ltr'><strong>honorem?</strong></span> <span class='ocrx_word' id='word_1_257' title='bbox 811 1905 924 1963; x_wconf 82' lang='lat' dir='ltr'><strong>Has</strong></span> <span class='ocrx_word' id='word_1_258' title='bbox 983 1915 1080 1962; x_wconf 90' lang='lat' dir='ltr'><strong>tuo</strong></span> <span class='ocrx_word' id='word_1_259' title='bbox 1114 1908 1286 1964; x_wconf 84' lang='lat' dir='ltr'><strong>natali</strong></span> <span class='ocrx_word' id='word_1_260' title='bbox 1350 1908 1589 1963; x_wconf 88' lang='lat' dir='ltr'><strong>intulisti</strong></span> <span class='ocrx_word' id='word_1_261' title='bbox 1626 1908 1898 1963; x_wconf 78' lang='lat' dir='ltr'><strong>delicias?</strong></span> <span class='ocrx_word' id='word_1_262' title='bbox 1925 1907 2057 1964; x_wconf 89' lang='lat' dir='ltr'><strong>Tale</strong></span> 
     </span>
    </p>
   </div>
   <div class='ocr_carea' id='block_1_37' title="bbox 447 1999 2054 2088">
    <p class='ocr_par' dir='ltr' id='par_1_37' title="bbox 447 1999 2054 2088">
     <span class='ocr_line' id='line_1_37' title="bbox 447 1999 2054 2088; baseline 0.001 -34"><span class='ocrx_word' id='word_1_263' title='bbox 447 2000 576 2088; x_wconf 40' lang='lat' dir='ltr'><strong>[tibi</strong></span> <span class='ocrx_word' id='word_1_264' title='bbox 619 2000 825 2064; x_wconf 88' lang='lat' dir='ltr'><strong>parasti</strong></span> <span class='ocrx_word' id='word_1_265' title='bbox 866 1999 1226 2054; x_wconf 79' lang='lat' dir='ltr'><strong>convivium?</strong></span> <span class='ocrx_word' id='word_1_266' title='bbox 1265 1999 1411 2056; x_wconf 89' lang='lat' dir='ltr'><strong>lisne</strong></span> <span class='ocrx_word' id='word_1_267' title='bbox 1471 1999 1694 2055; x_wconf 83' lang='lat' dir='ltr'><strong>ﬂuentis</strong></span> <span class='ocrx_word' id='word_1_268' title='bbox 1741 2000 2054 2070; x_wconf 83' lang='lat' dir='ltr'><strong>sanguinis,</strong></span> 
     </span>
    </p>
   </div>
   <div class='ocr_carea' id='block_1_38' title="bbox 475 2090 2057 2161">
    <p class='ocr_par' dir='ltr' id='par_1_38' title="bbox 475 2090 2057 2161">
     <span class='ocr_line' id='line_1_38' title="bbox 475 2090 2057 2161; baseline -0.001 -15"><span class='ocrx_word' id='word_1_269' title='bbox 475 2105 694 2146; x_wconf 66' lang='lat' dir='ltr'><strong>caenam</strong></span> <span class='ocrx_word' id='word_1_270' title='bbox 727 2090 980 2144; x_wconf 86' lang='lat' dir='ltr'><strong>convivis</strong></span> <span class='ocrx_word' id='word_1_271' title='bbox 1015 2098 1327 2161; x_wconf 89' lang='lat' dir='ltr'><strong>temperare</strong></span> <span class='ocrx_word' id='word_1_272' title='bbox 1359 2091 1652 2148; x_wconf 84' lang='lat' dir='ltr'><strong>habuisti?</strong></span> <span class='ocrx_word' id='word_1_273' title='bbox 1691 2091 1785 2146; x_wconf 88' lang='lat' dir='ltr'><strong>Sic</strong></span> <span class='ocrx_word' id='word_1_274' title='bbox 1817 2091 2057 2146; x_wconf 84' lang='lat' dir='ltr'><strong>honora-</strong></span> 
     </span>
    </p>
   </div>
   <div class='ocr_carea' id='block_1_39' title="bbox 477 2181 2058 2253">
    <p class='ocr_par' dir='ltr' id='par_1_39' title="bbox 477 2181 2058 2253">
     <span class='ocr_line' id='line_1_39' title="bbox 477 2181 2058 2253; baseline -0.001 -15"><span class='ocrx_word' id='word_1_275' title='bbox 477 2183 549 2238; x_wconf 89' lang='lat' dir='ltr'><strong>sti</strong></span> <span class='ocrx_word' id='word_1_276' title='bbox 599 2181 876 2244; x_wconf 88' lang='lat' dir='ltr'><strong>tribunos,</strong></span> <span class='ocrx_word' id='word_1_277' title='bbox 927 2191 1150 2251; x_wconf 86' lang='lat' dir='ltr'><strong>tamque</strong></span> <span class='ocrx_word' id='word_1_278' title='bbox 1181 2182 1417 2253; x_wconf 85' lang='lat' dir='ltr'><strong>benigne</strong></span> <span class='ocrx_word' id='word_1_279' title='bbox 1473 2182 1740 2253; x_wconf 89' lang='lat' dir='ltr'><strong>excepisti</strong></span> <span class='ocrx_word' id='word_1_280' title='bbox 1802 2183 2058 2237; x_wconf 86' lang='lat' dir='ltr'><strong>amicos?</strong></span> 
     </span>
    </p>
   </div>
   <div class='ocr_carea' id='block_1_40' title="bbox 477 2269 2060 2342">
    <p class='ocr_par' dir='ltr' id='par_1_40' title="bbox 477 2269 2060 2342">
     <span class='ocr_line' id='line_1_40' title="bbox 477 2269 2060 2342; baseline 0.001 -18"><span class='ocrx_word' id='word_1_281' title='bbox 477 2270 669 2339; x_wconf 84' lang='lat' dir='ltr'><strong>Neque</strong></span> <span class='ocrx_word' id='word_1_282' title='bbox 706 2271 966 2326; x_wconf 86' lang='lat' dir='ltr'><strong>Davidem</strong></span> <span class='ocrx_word' id='word_1_283' title='bbox 999 2271 1273 2326; x_wconf 88' lang='lat' dir='ltr'><strong>reveritus</strong></span> <span class='ocrx_word' id='word_1_284' title='bbox 1317 2288 1378 2327; x_wconf 90' lang='lat' dir='ltr'><strong>es</strong></span> <span class='ocrx_word' id='word_1_285' title='bbox 1411 2269 1459 2340; x_wconf 86' lang='lat' dir='ltr'><strong>i,</strong></span> <span class='ocrx_word' id='word_1_286' title='bbox 1499 2273 1595 2341; x_wconf 89' lang='lat' dir='ltr'><strong>qui</strong></span> <span class='ocrx_word' id='word_1_287' title='bbox 1627 2273 2002 2342; x_wconf 83' lang='lat' dir='ltr'><strong>reprehensus</strong></span> <span class='ocrx_word' id='word_1_288' title='bbox 2028 2287 2060 2326; x_wconf 88' lang='lat' dir='ltr'><strong>a</strong></span> 
     </span>
    </p>
   </div>
   <div class='ocr_carea' id='block_1_41' title="bbox 475 2361 2060 2435">
    <p class='ocr_par' dir='ltr' id='par_1_41' title="bbox 475 2361 2060 2435">
     <span class='ocr_line' id='line_1_41' title="bbox 475 2361 2060 2435; baseline 0.003 -19"><span class='ocrx_word' id='word_1_289' title='bbox 475 2361 735 2426; x_wconf 43' lang='lat' dir='ltr'><strong>Natbanh</strong></span> <span class='ocrx_word' id='word_1_290' title='bbox 767 2374 1057 2432; x_wconf 85' lang='lat' dir='ltr'><strong>peceatum</strong></span> <span class='ocrx_word' id='word_1_291' title='bbox 1089 2377 1119 2416; x_wconf 94' lang='lat' dir='ltr'><strong>a</strong></span> <span class='ocrx_word' id='word_1_292' title='bbox 1157 2377 1239 2428; x_wconf 89' lang='lat' dir='ltr'><strong>se,</strong></span> <span class='ocrx_word' id='word_1_293' title='bbox 1287 2378 1396 2418; x_wconf 93' lang='lat' dir='ltr'><strong>non</strong></span> <span class='ocrx_word' id='word_1_294' title='bbox 1441 2365 1784 2434; x_wconf 73' lang='lat' dir='ltr'><strong>arrogantia,</strong></span> <span class='ocrx_word' id='word_1_295' title='bbox 1812 2365 1909 2418; x_wconf 87' lang='lat' dir='ltr'><strong>sed</strong></span> <span class='ocrx_word' id='word_1_296' title='bbox 1942 2380 2060 2435; x_wconf 73' lang='lat' dir='ltr'><strong>poe-</strong></span> 
     </span>
    </p>
   </div>
   <div class='ocr_carea' id='block_1_42' title="bbox 476 2453 2058 2525">
    <p class='ocr_par' dir='ltr' id='par_1_42' title="bbox 476 2453 2058 2525">
     <span class='ocr_line' id='line_1_42' title="bbox 476 2453 2058 2525; baseline 0.002 -17"><span class='ocrx_word' id='word_1_297' title='bbox 476 2453 711 2508; x_wconf 79' lang='lat' dir='ltr'><strong>nitentia</strong></span> <span class='ocrx_word' id='word_1_298' title='bbox 766 2453 1014 2525; x_wconf 78' lang='lat' dir='ltr'><strong>depulit?</strong></span> <span class='ocrx_word' id='word_1_299' title='bbox 1060 2453 1248 2525; x_wconf 89' lang='lat' dir='ltr'><strong>Neque</strong></span> <span class='ocrx_word' id='word_1_300' title='bbox 1283 2462 1336 2510; x_wconf 88' lang='lat' dir='ltr'><strong>te</strong></span> <span class='ocrx_word' id='word_1_301' title='bbox 1368 2453 1554 2510; x_wconf 87' lang='lat' dir='ltr'><strong>Saulis</strong></span> <span class='ocrx_word' id='word_1_302' title='bbox 1603 2454 1868 2525; x_wconf 69' lang='lat' dir='ltr'><strong>puduitk,</strong></span> <span class='ocrx_word' id='word_1_303' title='bbox 1899 2455 1992 2525; x_wconf 89' lang='lat' dir='ltr'><strong>qui</strong></span> <span class='ocrx_word' id='word_1_304' title='bbox 2029 2473 2058 2511; x_wconf 87' lang='lat' dir='ltr'><strong>a</strong></span> 
     </span>
    </p>
   </div>
   <div class='ocr_carea' id='block_1_43' title="bbox 478 2543 2058 2618">
    <p class='ocr_par' dir='ltr' id='par_1_43' title="bbox 478 2543 2058 2618">
     <span class='ocr_line' id='line_1_43' title="bbox 478 2543 2058 2618; baseline 0.001 -21"><span class='ocrx_word' id='word_1_305' title='bbox 478 2559 681 2610; x_wconf 85' lang='lat' dir='ltr'><strong>magno</strong></span> <span class='ocrx_word' id='word_1_306' title='bbox 746 2543 1023 2618; x_wconf 84' lang='lat' dir='ltr'><strong>Samuele,</strong></span> <span class='ocrx_word' id='word_1_307' title='bbox 1079 2559 1266 2600; x_wconf 90' lang='lat' dir='ltr'><strong>coram</strong></span> <span class='ocrx_word' id='word_1_308' title='bbox 1317 2546 1436 2615; x_wconf 90' lang='lat' dir='ltr'><strong>ipsa</strong></span> <span class='ocrx_word' id='word_1_309' title='bbox 1493 2544 1788 2600; x_wconf 87' lang='lat' dir='ltr'><strong>lsraelitici</strong></span> <span class='ocrx_word' id='word_1_310' title='bbox 1861 2547 2058 2616; x_wconf 90' lang='lat' dir='ltr'><strong>populi</strong></span> 
     </span>
    </p>
   </div>
   <div class='ocr_carea' id='block_1_44' title="bbox 478 2630 2058 2708">
    <p class='ocr_par' dir='ltr' id='par_1_44' title="bbox 478 2630 2058 2708">
     <span class='ocr_line' id='line_1_44' title="bbox 478 2630 2058 2708; baseline 0.002 -20"><span class='ocrx_word' id='word_1_311' title='bbox 478 2635 834 2690; x_wconf 80' lang='lat' dir='ltr'><strong>multitudine</strong></span> <span class='ocrx_word' id='word_1_312' title='bbox 892 2630 1146 2692; x_wconf 72' lang='lat' dir='ltr'><strong>severius</strong></span> <span class='ocrx_word' id='word_1_313' title='bbox 1194 2638 1530 2706; x_wconf 84' lang='lat' dir='ltr'><strong>perstrictus</strong></span> <span class='ocrx_word' id='word_1_314' title='bbox 1581 2651 1649 2691; x_wconf 92' lang='lat' dir='ltr'><strong>ac</strong></span> <span class='ocrx_word' id='word_1_315' title='bbox 1703 2638 2058 2708; x_wconf 84' lang='lat' dir='ltr'><strong>ohjurgatus,</strong></span> 
     </span>
    </p>
   </div>
   <div class='ocr_carea' id='block_1_45' title="bbox 479 2723 2064 2795">
    <p class='ocr_par' dir='ltr' id='par_1_45' title="bbox 479 2723 2064 2795">
     <span class='ocr_line' id='line_1_45' title="bbox 479 2723 2064 2795; baseline 0.003 -19"><span class='ocrx_word' id='word_1_316' title='bbox 479 2723 617 2776; x_wconf 87' lang='lat' dir='ltr'><strong>nihil</strong></span> <span class='ocrx_word' id='word_1_317' title='bbox 655 2733 840 2778; x_wconf 84' lang='lat' dir='ltr'><strong>tamen</strong></span> <span class='ocrx_word' id='word_1_318' title='bbox 894 2725 949 2778; x_wconf 94' lang='lat' dir='ltr'><strong>in</strong></span> <span class='ocrx_word' id='word_1_319' title='bbox 989 2740 1140 2788; x_wconf 90' lang='lat' dir='ltr'><strong>eum,</strong></span> <span class='ocrx_word' id='word_1_320' title='bbox 1187 2740 1286 2793; x_wconf 91' lang='lat' dir='ltr'><strong>pro</strong></span> <span class='ocrx_word' id='word_1_321' title='bbox 1315 2740 1414 2780; x_wconf 89' lang='lat' dir='ltr'><strong>sua</strong></span> <span class='ocrx_word' id='word_1_322' title='bbox 1469 2725 1524 2779; x_wconf 90' lang='lat' dir='ltr'><strong>in</strong></span> <span class='ocrx_word' id='word_1_323' title='bbox 1554 2725 1880 2795; x_wconf 81' lang='lat' dir='ltr'><strong>prOphetam</strong></span> <span class='ocrx_word' id='word_1_324' title='bbox 1911 2741 2064 2780; x_wconf 84' lang='lat' dir='ltr'><strong>reve-</strong></span> 
     </span>
    </p>
   </div>
   <div class='ocr_carea' id='block_1_46' title="bbox 481 2815 2062 2886">
    <p class='ocr_par' dir='ltr' id='par_1_46' title="bbox 481 2815 2062 2886">
     <span class='ocr_line' id='line_1_46' title="bbox 481 2815 2062 2886; baseline 0.001 -18"><span class='ocrx_word' id='word_1_325' title='bbox 481 2817 685 2879; x_wconf 88' lang='lat' dir='ltr'><strong>rentia,</strong></span> <span class='ocrx_word' id='word_1_326' title='bbox 719 2815 947 2882; x_wconf 77' lang='lat' dir='ltr'><strong>gravius</strong></span> <span class='ocrx_word' id='word_1_327' title='bbox 985 2818 1335 2886; x_wconf 85' lang='lat' dir='ltr'><strong>perpetrarit.</strong></span> <span class='ocrx_word' id='word_1_328' title='bbox 1369 2815 1488 2870; x_wconf 84' lang='lat' dir='ltr'><strong>Non</strong></span> <span class='ocrx_word' id='word_1_329' title='bbox 1526 2817 1988 2881; x_wconf 85' lang='lat' dir='ltr'><strong>animadvertisti,</strong></span> <span class='ocrx_word' id='word_1_330' title='bbox 2027 2832 2062 2870; x_wconf 92' lang='lat' dir='ltr'><strong>o</strong></span> 
     </span>
    </p>
   </div>
   <div class='ocr_carea' id='block_1_47' title="bbox 482 2903 2057 2978">
    <p class='ocr_par' dir='ltr' id='par_1_47' title="bbox 482 2903 2057 2978">
     <span class='ocr_line' id='line_1_47' title="bbox 482 2903 2057 2978; baseline 0.003 -20"><span class='ocrx_word' id='word_1_331' title='bbox 482 2905 692 2961; x_wconf 88' lang='lat' dir='ltr'><strong>miserl</strong></span> <span class='ocrx_word' id='word_1_332' title='bbox 724 2903 913 2960; x_wconf 74' lang='lat' dir='ltr'><strong>Achab</strong></span> <span class='ocrx_word' id='word_1_333' title='bbox 966 2913 1018 2960; x_wconf 89' lang='lat' dir='ltr'><strong>te</strong></span> <span class='ocrx_word' id='word_1_334' title='bbox 1077 2906 1258 2960; x_wconf 81' lang='lat' dir='ltr'><strong>scelus</strong></span> <span class='ocrx_word' id='word_1_335' title='bbox 1322 2905 1380 2960; x_wconf 91' lang='lat' dir='ltr'><strong>in</strong></span> <span class='ocrx_word' id='word_1_336' title='bbox 1435 2904 1655 2962; x_wconf 85' lang='lat' dir='ltr'><strong>Naboth</strong></span> <span class='ocrx_word' id='word_1_337' title='bbox 1697 2908 2057 2978; x_wconf 89' lang='lat' dir='ltr'><strong>duplicasse:</strong></span> 
     </span>
    </p>
   </div>
   <div class='ocr_carea' id='block_1_48' title="bbox 481 2994 2064 3069">
    <p class='ocr_par' dir='ltr' id='par_1_48' title="bbox 481 2994 2064 3069">
     <span class='ocr_line' id='line_1_48' title="bbox 481 2994 2064 3069; baseline 0.004 -20"><span class='ocrx_word' id='word_1_338' title='bbox 481 2994 630 3066; x_wconf 87' lang='lat' dir='ltr'><strong>quod</strong></span> <span class='ocrx_word' id='word_1_339' title='bbox 661 2995 750 3050; x_wconf 89' lang='lat' dir='ltr'><strong>ille</strong></span> <span class='ocrx_word' id='word_1_340' title='bbox 771 2995 990 3066; x_wconf 90' lang='lat' dir='ltr'><strong>quidem</strong></span> <span class='ocrx_word' id='word_1_341' title='bbox 1014 2996 1394 3066; x_wconf 86' lang='lat' dir='ltr'><strong>deprehensus</strong></span> <span class='ocrx_word' id='word_1_342' title='bbox 1425 2997 1499 3052; x_wconf 91' lang='lat' dir='ltr'><strong>sit</strong></span> <span class='ocrx_word' id='word_1_343' title='bbox 1542 2997 1722 3054; x_wconf 85' lang='lat' dir='ltr'><strong>victus</strong></span> <span class='ocrx_word' id='word_1_344' title='bbox 1763 2999 2064 3069; x_wconf 83' lang='lat' dir='ltr'><strong>cupiditate</strong></span> 
     </span>
    </p>
   </div>
   <div class='ocr_carea' id='block_1_49' title="bbox 481 3087 2061 3159">
    <p class='ocr_par' dir='ltr' id='par_1_49' title="bbox 481 3087 2061 3159">
     <span class='ocr_line' id='line_1_49' title="bbox 481 3087 2061 3159; baseline 0.001 -19"><span class='ocrx_word' id='word_1_345' title='bbox 481 3087 678 3152; x_wconf 55' lang='lat' dir='ltr'><strong>vineas,</strong></span> <span class='ocrx_word' id='word_1_346' title='bbox 733 3101 796 3140; x_wconf 85' lang='lat' dir='ltr'><strong>ac</strong></span> <span class='ocrx_word' id='word_1_347' title='bbox 823 3094 986 3141; x_wconf 65' lang='lat' dir='ltr'><strong>terrae</strong></span> <span class='ocrx_word' id='word_1_348' title='bbox 1025 3087 1285 3143; x_wconf 86' lang='lat' dir='ltr'><strong>inanimis</strong></span> <span class='ocrx_word' id='word_1_349' title='bbox 1332 3089 1754 3159; x_wconf 83' lang='lat' dir='ltr'><strong>plantarumque</strong></span> <span class='ocrx_word' id='word_1_350' title='bbox 1799 3089 2061 3145; x_wconf 80' lang='lat' dir='ltr'><strong>vinil‘era-</strong></span> 
     </span>
    </p>
   </div>
   <div class='ocr_carea' id='block_1_50' title="bbox 481 3179 2058 3246">
    <p class='ocr_par' dir='ltr' id='par_1_50' title="bbox 481 3179 2058 3246">
     <span class='ocr_line' id='line_1_50' title="bbox 481 3179 2058 3246; baseline 0.003 -13"><span class='ocrx_word' id='word_1_351' title='bbox 481 3193 604 3234; x_wconf 87' lang='lat' dir='ltr'><strong>rum</strong></span> <span class='ocrx_word' id='word_1_352' title='bbox 641 3187 736 3232; x_wconf 86' lang='lat' dir='ltr'><strong>:tn</strong></span> <span class='ocrx_word' id='word_1_353' title='bbox 762 3189 946 3234; x_wconf 88' lang='lat' dir='ltr'><strong>autem</strong></span> <span class='ocrx_word' id='word_1_354' title='bbox 1001 3179 1254 3235; x_wconf 85' lang='lat' dir='ltr'><strong>mulieris</strong></span> <span class='ocrx_word' id='word_1_355' title='bbox 1319 3180 1589 3235; x_wconf 89' lang='lat' dir='ltr'><strong>adulterio</strong></span> <span class='ocrx_word' id='word_1_356' title='bbox 1653 3180 1869 3237; x_wconf 71' lang='lat' dir='ltr'><strong>(redata:</strong></span> <span class='ocrx_word' id='word_1_357' title='bbox 1909 3198 2058 3246; x_wconf 88' lang='lat' dir='ltr'><strong>reus,</strong></span> 
     </span>
    </p>
   </div>
   <div class='ocr_carea' id='block_1_51' title="bbox 483 3271 2058 3344">
    <p class='ocr_par' dir='ltr' id='par_1_51' title="bbox 483 3271 2058 3344">
     <span class='ocr_line' id='line_1_51' title="bbox 483 3271 2058 3344; baseline 0.001 -18"><span class='ocrx_word' id='word_1_358' title='bbox 483 3271 928 3340; x_wconf 78' lang='lat' dir='ltr'><strong>itrsidiarumque</strong></span> <span class='ocrx_word' id='word_1_359' title='bbox 958 3271 1128 3325; x_wconf 91' lang='lat' dir='ltr'><strong>cubili</strong></span> <span class='ocrx_word' id='word_1_360' title='bbox 1160 3271 1408 3328; x_wconf 77' lang='lat' dir='ltr'><strong>fraterno</strong></span> <span class='ocrx_word' id='word_1_361' title='bbox 1439 3273 1782 3342; x_wconf 89' lang='lat' dir='ltr'><strong>positarum;</strong></span> <span class='ocrx_word' id='word_1_362' title='bbox 1811 3288 1877 3328; x_wconf 90' lang='lat' dir='ltr'><strong>ac</strong></span> <span class='ocrx_word' id='word_1_363' title='bbox 1909 3274 2058 3344; x_wconf 88' lang='lat' dir='ltr'><strong>quod</strong></span> 
     </span>
    </p>
   </div>
   <div class='ocr_carea' id='block_1_52' title="bbox 483 3363 2061 3436">
    <p class='ocr_par' dir='ltr' id='par_1_52' title="bbox 483 3363 2061 3436">
     <span class='ocr_line' id='line_1_52' title="bbox 483 3363 2061 3436; baseline 0.003 -20"><span class='ocrx_word' id='word_1_364' title='bbox 483 3363 754 3416; x_wconf 89' lang='lat' dir='ltr'><strong>malorum</strong></span> <span class='ocrx_word' id='word_1_365' title='bbox 787 3363 1035 3417; x_wconf 80' lang='lat' dir='ltr'><strong>omniuzn</strong></span> <span class='ocrx_word' id='word_1_366' title='bbox 1067 3379 1392 3434; x_wconf 87' lang='lat' dir='ltr'><strong>supremum</strong></span> <span class='ocrx_word' id='word_1_367' title='bbox 1444 3371 1552 3432; x_wconf 89' lang='lat' dir='ltr'><strong>est,</strong></span> <span class='ocrx_word' id='word_1_368' title='bbox 1592 3365 1744 3420; x_wconf 91' lang='lat' dir='ltr'><strong>necis</strong></span> <span class='ocrx_word' id='word_1_369' title='bbox 1781 3367 2061 3436; x_wconf 77' lang='lat' dir='ltr'><strong>propheta:</strong></span> 
     </span>
    </p>
   </div>
   <div class='ocr_carea' id='block_1_53' title="bbox 482 3452 2058 3524">
    <p class='ocr_par' dir='ltr' id='par_1_53' title="bbox 482 3452 2058 3524">
     <span class='ocr_line' id='line_1_53' title="bbox 482 3452 2058 3524; baseline 0.003 -19"><span class='ocrx_word' id='word_1_370' title='bbox 482 3461 650 3522; x_wconf 89' lang='lat' dir='ltr'><strong>atque</strong></span> <span class='ocrx_word' id='word_1_371' title='bbox 703 3452 979 3523; x_wconf 68' lang='lat' dir='ltr'><strong>Baptistae,</strong></span> <span class='ocrx_word' id='word_1_372' title='bbox 1027 3453 1192 3524; x_wconf 90' lang='lat' dir='ltr'><strong>idque</strong></span> <span class='ocrx_word' id='word_1_373' title='bbox 1235 3455 1288 3510; x_wconf 90' lang='lat' dir='ltr'><strong>in</strong></span> <span class='ocrx_word' id='word_1_374' title='bbox 1331 3455 1422 3510; x_wconf 89' lang='lat' dir='ltr'><strong>die</strong></span> <span class='ocrx_word' id='word_1_375' title='bbox 1460 3455 1812 3520; x_wconf 87' lang='lat' dir='ltr'><strong>deliciarum,</strong></span> <span class='ocrx_word' id='word_1_376' title='bbox 1847 3466 2058 3511; x_wconf 90' lang='lat' dir='ltr'><strong>etcum</strong></span> 
     </span>
    </p>
   </div>
   <div class='ocr_carea' id='block_1_54' title="bbox 482 3543 1320 3614">
    <p class='ocr_par' dir='ltr' id='par_1_54' title="bbox 482 3543 1320 3614">
     <span class='ocr_line' id='line_1_54' title="bbox 482 3543 1320 3614; baseline 0.002 -17"><span class='ocrx_word' id='word_1_377' title='bbox 482 3543 860 3598; x_wconf 89' lang='lat' dir='ltr'><strong>natalitiorum</strong></span> <span class='ocrx_word' id='word_1_378' title='bbox 887 3552 1143 3614; x_wconf 75' lang='lat' dir='ltr'><strong>ageretur</strong></span> <span class='ocrx_word' id='word_1_379' title='bbox 1179 3543 1320 3600; x_wconf 90' lang='lat' dir='ltr'><strong>dies.</strong></span> 
     </span>
    </p>
   </div>
   <div class='ocr_carea' id='block_1_55' title="bbox 481 3634 3588 3710">
    <p class='ocr_par' dir='ltr' id='par_1_55' title="bbox 481 3634 3588 3710">
     <span class='ocr_line' id='line_1_55' title="bbox 481 3634 3588 3710; baseline 0.001 -22"><span class='ocrx_word' id='word_1_380' title='bbox 481 3637 649 3706; x_wconf 82' lang='grc' dir='ltr'>φικῆς</span> <span class='ocrx_word' id='word_1_381' title='bbox 685 3634 1166 3707; x_wconf 73' lang='grc' dir='ltr'>κοίτηςὲπιίουλῇ</span> <span class='ocrx_word' id='word_1_382' title='bbox 1200 3651 1213 3664; x_wconf 88' lang='grc'><strong>·</strong></span> <span class='ocrx_word' id='word_1_383' title='bbox 1243 3635 1376 3702; x_wconf 71' lang='grc' dir='ltr'>καὶ,</span> <span class='ocrx_word' id='word_1_384' title='bbox 1422 3635 1486 3689; x_wconf 75' lang='grc' dir='ltr'><strong>τὸ</strong></span> <span class='ocrx_word' id='word_1_385' title='bbox 1541 3635 1759 3689; x_wconf 82' lang='grc' dir='ltr'>πάντων</span> <span class='ocrx_word' id='word_1_386' title='bbox 1814 3635 2002 3691; x_wconf 85' lang='grc' dir='ltr'>κακῶν</span> <span class='ocrx_word' id='word_1_387' title='bbox 2072 3635 2330 3708; x_wconf 78' lang='grc' dir='ltr'>ἔσχατον,</span> <span class='ocrx_word' id='word_1_388' title='bbox 2387 3639 2672 3710; x_wconf 75' lang='grc' dir='ltr'>προφήτου</span> <span class='ocrx_word' id='word_1_389' title='bbox 2727 3637 2825 3692; x_wconf 77' lang='grc' dir='ltr'><strong>καὶ</strong></span> <span class='ocrx_word' id='word_1_390' title='bbox 2873 3635 3186 3690; x_wconf 82' lang='grc' dir='ltr'>Βαπτιστοῦ</span> <span class='ocrx_word' id='word_1_391' title='bbox 3267 3637 3588 3710; x_wconf 73' lang='grc' dir='ltr'>μιαιφονίαο</span> 
     </span>
    </p>
   </div>
   <div class='ocr_carea' id='block_1_56' title="bbox 479 3723 1897 3796">
    <p class='ocr_par' dir='ltr' id='par_1_56' title="bbox 479 3723 1897 3796">
     <span class='ocr_line' id='line_1_56' title="bbox 479 3723 1897 3796; baseline 0 -16"><span class='ocrx_word' id='word_1_392' title='bbox 479 3726 673 3792; x_wconf 83' lang='grc' dir='ltr'>ταῦτα,</span> <span class='ocrx_word' id='word_1_393' title='bbox 699 3728 756 3779; x_wconf 88' lang='grc' dir='ltr'><strong>ἐν</strong></span> <span class='ocrx_word' id='word_1_394' title='bbox 781 3725 997 3796; x_wconf 77' lang='grc' dir='ltr'>τρυφῆς</span> <span class='ocrx_word' id='word_1_395' title='bbox 1029 3724 1234 3796; x_wconf 77' lang='grc' dir='ltr'>ἡμέρᾳ,</span> <span class='ocrx_word' id='word_1_396' title='bbox 1259 3724 1358 3777; x_wconf 83' lang='grc' dir='ltr'>καὶ</span> <span class='ocrx_word' id='word_1_397' title='bbox 1384 3724 1647 3791; x_wconf 84' lang='grc' dir='ltr'>γενεσίων</span> <span class='ocrx_word' id='word_1_398' title='bbox 1683 3723 1897 3796; x_wconf 80' lang='grc' dir='ltr'>τελετῇ.</span> 
     </span>
    </p>
   </div>
   <div class='ocr_carea' id='block_1_57' title="bbox 491 3817 2062 3887">
    <p class='ocr_par' dir='ltr' id='par_1_57' title="bbox 491 3817 2062 3887">
     <span class='ocr_line' id='line_1_57' title="bbox 491 3817 2062 3887; baseline 0.001 -14"><span class='ocrx_word' id='word_1_399' title='bbox 491 3847 498 3854; x_wconf 95' lang='grc'><strong><em>-</em></strong></span> <span class='ocrx_word' id='word_1_400' title='bbox 556 3817 776 3873; x_wconf 79' lang='lat' dir='ltr'><strong>Utinam</strong></span> <span class='ocrx_word' id='word_1_401' title='bbox 799 3834 902 3872; x_wconf 88' lang='lat' dir='ltr'><strong>nec</strong></span> <span class='ocrx_word' id='word_1_402' title='bbox 931 3833 1086 3873; x_wconf 87' lang='lat' dir='ltr'><strong>esses</strong></span> <span class='ocrx_word' id='word_1_403' title='bbox 1104 3827 1290 3882; x_wconf 90' lang='lat' dir='ltr'><strong>natus,</strong></span> <span class='ocrx_word' id='word_1_404' title='bbox 1319 3834 1498 3887; x_wconf 87' lang='lat' dir='ltr'><strong>neque</strong></span> <span class='ocrx_word' id='word_1_405' title='bbox 1520 3820 1575 3873; x_wconf 92' lang='lat' dir='ltr'><strong>in</strong></span> <span class='ocrx_word' id='word_1_406' title='bbox 1611 3820 1788 3875; x_wconf 90' lang='lat' dir='ltr'><strong>lucem</strong></span> <span class='ocrx_word' id='word_1_407' title='bbox 1815 3820 2062 3876; x_wconf 85' lang='lat' dir='ltr'><strong>venisses</strong></span> 
     </span>
    </p>
   </div>
   <div class='ocr_carea' id='block_1_58' title="bbox 481 3908 2063 3983">
    <p class='ocr_par' dir='ltr' id='par_1_58' title="bbox 481 3908 2063 3983">
     <span class='ocr_line' id='line_1_58' title="bbox 481 3908 2063 3983; baseline 0.001 -18"><span class='ocrx_word' id='word_1_408' title='bbox 481 3925 652 3981; x_wconf 88' lang='lat' dir='ltr'><strong>super</strong></span> <span class='ocrx_word' id='word_1_409' title='bbox 714 3910 958 3983; x_wconf 85' lang='lat' dir='ltr'><strong>terraml</strong></span> <span class='ocrx_word' id='word_1_410' title='bbox 1029 3908 1252 3964; x_wconf 87' lang='lat' dir='ltr'><strong>Utinam</strong></span> <span class='ocrx_word' id='word_1_411' title='bbox 1305 3911 1562 3980; x_wconf 87' lang='lat' dir='ltr'><strong>periisset</strong></span> <span class='ocrx_word' id='word_1_412' title='bbox 1620 3927 1804 3966; x_wconf 89' lang='lat' dir='ltr'><strong>semen</strong></span> <span class='ocrx_word' id='word_1_413' title='bbox 1837 3926 1903 3966; x_wconf 82' lang='lat' dir='ltr'><strong>ex</strong></span> <span class='ocrx_word' id='word_1_414' title='bbox 1951 3927 2063 3979; x_wconf 90' lang='lat' dir='ltr'><strong>quo</strong></span> 
     </span>
    </p>
   </div>
   <div class='ocr_carea' id='block_1_59' title="bbox 481 3998 2059 4071">
    <p class='ocr_par' dir='ltr' id='par_1_59' title="bbox 481 3998 2059 4071">
     <span class='ocr_line' id='line_1_59' title="bbox 481 3998 2059 4071; baseline 0 -17"><span class='ocrx_word' id='word_1_415' title='bbox 481 3998 828 4069; x_wconf 87' lang='lat' dir='ltr'><strong>germinasti,</strong></span> <span class='ocrx_word' id='word_1_416' title='bbox 849 4014 914 4054; x_wconf 91' lang='lat' dir='ltr'><strong>ac</strong></span> <span class='ocrx_word' id='word_1_417' title='bbox 945 4007 1137 4054; x_wconf 88' lang='lat' dir='ltr'><strong>uterus</strong></span> <span class='ocrx_word' id='word_1_418' title='bbox 1166 4013 1231 4054; x_wconf 83' lang='lat' dir='ltr'><strong>ex</strong></span> <span class='ocrx_word' id='word_1_419' title='bbox 1261 4014 1374 4068; x_wconf 91' lang='lat' dir='ltr'><strong>quo</strong></span> <span class='ocrx_word' id='word_1_420' title='bbox 1399 3999 1684 4068; x_wconf 79' lang='lat' dir='ltr'><strong>prodiistii</strong></span> <span class='ocrx_word' id='word_1_421' title='bbox 1713 3999 1874 4064; x_wconf 85' lang='lat' dir='ltr'><strong>Nam,</strong></span> <span class='ocrx_word' id='word_1_422' title='bbox 1901 4015 2059 4071; x_wconf 84' lang='lat' dir='ltr'><strong>rego,</strong></span> 
     </span>
    </p>
   </div>
   <div class='ocr_carea' id='block_1_60' title="bbox 480 4093 2062 4162">
    <p class='ocr_par' dir='ltr' id='par_1_60' title="bbox 480 4093 2062 4162">
     <span class='ocr_line' id='line_1_60' title="bbox 480 4093 2062 4162; baseline 0 -16"><span class='ocrx_word' id='word_1_423' title='bbox 480 4104 722 4162; x_wconf 85' lang='lat' dir='ltr'><strong>quanam</strong></span> <span class='ocrx_word' id='word_1_424' title='bbox 773 4105 840 4145; x_wconf 82' lang='lat' dir='ltr'><strong>ex</strong></span> <span class='ocrx_word' id='word_1_425' title='bbox 890 4104 1063 4145; x_wconf 89' lang='lat' dir='ltr'><strong>causa</strong></span> <span class='ocrx_word' id='word_1_426' title='bbox 1126 4093 1472 4159; x_wconf 76' lang='lat' dir='ltr'><strong>prophetam,</strong></span> <span class='ocrx_word' id='word_1_427' title='bbox 1533 4106 1656 4161; x_wconf 75' lang='lat' dir='ltr'><strong>qua:</strong></span> <span class='ocrx_word' id='word_1_428' title='bbox 1717 4105 1844 4145; x_wconf 81' lang='lat' dir='ltr'><strong>vera</strong></span> <span class='ocrx_word' id='word_1_429' title='bbox 1872 4100 2062 4162; x_wconf 71' lang='lat' dir='ltr'><strong>essent</strong></span> 
     </span>
    </p>
   </div>
   <div class='ocr_carea' id='block_1_61' title="bbox 483 4181 2060 4255">
    <p class='ocr_par' dir='ltr' id='par_1_61' title="bbox 483 4181 2060 4255">
     <span class='ocr_line' id='line_1_61' title="bbox 483 4181 2060 4255; baseline 0 -17"><span class='ocrx_word' id='word_1_430' title='bbox 483 4183 899 4254; x_wconf 86' lang='lat' dir='ltr'><strong>praedicantem,</strong></span> <span class='ocrx_word' id='word_1_431' title='bbox 957 4181 1307 4252; x_wconf 77' lang='lat' dir='ltr'><strong>nefandaque</strong></span> <span class='ocrx_word' id='word_1_432' title='bbox 1365 4190 1461 4238; x_wconf 90' lang='lat' dir='ltr'><strong>tua</strong></span> <span class='ocrx_word' id='word_1_433' title='bbox 1501 4195 1851 4255; x_wconf 81' lang='lat' dir='ltr'><strong>arguentem,</strong></span> <span class='ocrx_word' id='word_1_434' title='bbox 1887 4186 2060 4239; x_wconf 88' lang='lat' dir='ltr'><strong>inter-</strong></span> 
     </span>
    </p>
   </div>
   <div class='ocr_carea' id='block_1_62' title="bbox 483 4280 2057 4352">
    <p class='ocr_par' dir='ltr' id='par_1_62' title="bbox 483 4280 2057 4352">
     <span class='ocr_line' id='line_1_62' title="bbox 483 4280 2057 4352; baseline 0 -18"><span class='ocrx_word' id='word_1_435' title='bbox 483 4280 702 4337; x_wconf 76' lang='lat' dir='ltr'><strong>fecisti?</strong></span> <span class='ocrx_word' id='word_1_436' title='bbox 761 4282 900 4336; x_wconf 90' lang='lat' dir='ltr'><strong>Cum</strong></span> <span class='ocrx_word' id='word_1_437' title='bbox 957 4289 1108 4337; x_wconf 86' lang='lat' dir='ltr'><strong>esset</strong></span> <span class='ocrx_word' id='word_1_438' title='bbox 1154 4280 1208 4336; x_wconf 92' lang='lat' dir='ltr'><strong>in</strong></span> <span class='ocrx_word' id='word_1_439' title='bbox 1258 4291 1538 4352; x_wconf 81' lang='lat' dir='ltr'><strong>promptu,</strong></span> <span class='ocrx_word' id='word_1_440' title='bbox 1580 4293 1640 4336; x_wconf 93' lang='lat' dir='ltr'><strong>ut</strong></span> <span class='ocrx_word' id='word_1_441' title='bbox 1667 4282 1851 4338; x_wconf 88' lang='lat' dir='ltr'><strong>scelus</strong></span> <span class='ocrx_word' id='word_1_442' title='bbox 1876 4291 2057 4336; x_wconf 89' lang='lat' dir='ltr'><strong>tecum</strong></span> 
     </span>
    </p>
   </div>
   <div class='ocr_carea' id='block_1_63' title="bbox 481 4373 2055 4444">
    <p class='ocr_par' dir='ltr' id='par_1_63' title="bbox 481 4373 2055 4444">
     <span class='ocr_line' id='line_1_63' title="bbox 481 4373 2055 4444; baseline 0.001 -18"><span class='ocrx_word' id='word_1_443' title='bbox 481 4373 668 4427; x_wconf 89' lang='lat' dir='ltr'><strong>animo</strong></span> <span class='ocrx_word' id='word_1_444' title='bbox 700 4373 975 4442; x_wconf 86' lang='lat' dir='ltr'><strong>cogitans,</strong></span> <span class='ocrx_word' id='word_1_445' title='bbox 1013 4377 1083 4429; x_wconf 90' lang='lat' dir='ltr'><strong>ab</strong></span> <span class='ocrx_word' id='word_1_446' title='bbox 1107 4391 1174 4430; x_wconf 92' lang='lat' dir='ltr'><strong>eo</strong></span> <span class='ocrx_word' id='word_1_447' title='bbox 1205 4376 1544 4438; x_wconf 88' lang='lat' dir='ltr'><strong>declinares,</strong></span> <span class='ocrx_word' id='word_1_448' title='bbox 1575 4390 1640 4430; x_wconf 89' lang='lat' dir='ltr'><strong>ac</strong></span> <span class='ocrx_word' id='word_1_449' title='bbox 1667 4374 2055 4444; x_wconf 89' lang='lat' dir='ltr'><strong>resipisceres;</strong></span> 
     </span>
    </p>
   </div>
   <div class='ocr_carea' id='block_1_64' title="bbox 2159 1890 3758 1970">
    <p class='ocr_par' dir='ltr' id='par_1_64' title="bbox 2159 1890 3758 1970">
     <span class='ocr_line' id='line_1_64' title="bbox 2159 1890 3758 1970; baseline -0.005 -20"><span class='ocrx_word' id='word_1_450' title='bbox 2159 1899 2394 1970; x_wconf 76' lang='grc' dir='ltr'>ἤνεγκεν</span> <span class='ocrx_word' id='word_1_451' title='bbox 2421 1897 2520 1968; x_wconf 82' lang='grc' dir='ltr'><strong>τὴν</strong></span> <span class='ocrx_word' id='word_1_452' title='bbox 2551 1895 2796 1966; x_wconf 79' lang='grc' dir='ltr'>κεφαλήν</span> <span class='ocrx_word' id='word_1_453' title='bbox 2826 1890 2994 1948; x_wconf 84' lang='grc' dir='ltr'>αὐτοῦ</span> <span class='ocrx_word' id='word_1_454' title='bbox 3052 1890 3148 1944; x_wconf 75' lang='grc' dir='ltr'>ἐπὶ</span> <span class='ocrx_word' id='word_1_455' title='bbox 3173 1890 3388 1957; x_wconf 87' lang='grc' dir='ltr'>πίνακι,</span> <span class='ocrx_word' id='word_1_456' title='bbox 3418 1891 3519 1944; x_wconf 78' lang='grc' dir='ltr'><strong>καὶ</strong></span> <span class='ocrx_word' id='word_1_457' title='bbox 3555 1890 3758 1944; x_wconf 80' lang='grc' dir='ltr'>ἔδωκεν</span> 
     </span>
    </p>
   </div>
   <div class='ocr_carea' id='block_1_65' title="bbox 2159 1981 3758 2057">
    <p class='ocr_par' dir='ltr' id='par_1_65' title="bbox 2159 1981 3758 2057">
     <span class='ocr_line' id='line_1_65' title="bbox 2159 1981 3758 2057; baseline -0.001 -19"><span class='ocrx_word' id='word_1_458' title='bbox 2159 1985 2328 2056; x_wconf 79' lang='grc' dir='ltr'>αὐτὴν</span> <span class='ocrx_word' id='word_1_459' title='bbox 2356 1985 2434 2057; x_wconf 81' lang='grc' dir='ltr'>τῷ</span> <span class='ocrx_word' id='word_1_460' title='bbox 2457 1986 2702 2057; x_wconf 76' lang='grc' dir='ltr'>κορασίῳ</span> <span class='ocrx_word' id='word_1_461' title='bbox 2731 2002 2744 2016; x_wconf 77' lang='grc' dir='ltr'><strong><em>ο</em></strong></span> <span class='ocrx_word' id='word_1_462' title='bbox 2776 1983 2873 2038; x_wconf 69' lang='grc' dir='ltr'>καὶ</span> <span class='ocrx_word' id='word_1_463' title='bbox 2905 1983 2968 2038; x_wconf 80' lang='grc' dir='ltr'><strong>τὸ</strong></span> <span class='ocrx_word' id='word_1_464' title='bbox 2997 1983 3258 2054; x_wconf 85' lang='grc' dir='ltr'>κοράσιον</span> <span class='ocrx_word' id='word_1_465' title='bbox 3274 1981 3556 2036; x_wconf 73' lang='grc' dir='ltr'><strong>ἐπέδωκεν</strong></span> <span class='ocrx_word' id='word_1_466' title='bbox 3586 1983 3758 2053; x_wconf 76' lang='grc' dir='ltr'>αὐτὴν</span> 
     </span>
    </p>
   </div>
   <div class='ocr_carea' id='block_1_66' title="bbox 2158 2075 3757 2150">
    <p class='ocr_par' dir='ltr' id='par_1_66' title="bbox 2158 2075 3757 2150">
     <span class='ocr_line' id='line_1_66' title="bbox 2158 2075 3757 2150; baseline -0.001 -19"><span class='ocrx_word' id='word_1_467' title='bbox 2158 2080 2226 2150; x_wconf 80' lang='grc' dir='ltr'>τῇ</span> <span class='ocrx_word' id='word_1_468' title='bbox 2259 2080 2428 2150; x_wconf 71' lang='grc' dir='ltr'>μητρὶ</span> <span class='ocrx_word' id='word_1_469' title='bbox 2462 2079 2656 2150; x_wconf 78' lang='grc' dir='ltr'>αὐτῆς.</span> <span class='ocrx_word' id='word_1_470' title='bbox 2693 2097 2710 2129; x_wconf 75' lang='grc' dir='ltr'><strong>ι</strong></span> <span class='ocrx_word' id='word_1_471' title='bbox 2745 2078 2807 2130; x_wconf 83' lang='grc' dir='ltr'><strong>Ὢ</strong></span> <span class='ocrx_word' id='word_1_472' title='bbox 2833 2077 3098 2144; x_wconf 84' lang='grc' dir='ltr'>γενεσίων</span> <span class='ocrx_word' id='word_1_473' title='bbox 3135 2075 3380 2147; x_wconf 82' lang='grc' dir='ltr'>πικρῶν,</span> <span class='ocrx_word' id='word_1_474' title='bbox 3406 2077 3504 2128; x_wconf 71' lang='grc' dir='ltr'>καὶ</span> <span class='ocrx_word' id='word_1_475' title='bbox 3534 2075 3757 2129; x_wconf 80' lang='grc' dir='ltr'>δείπνου</span> 
     </span>
    </p>
   </div>
   <div class='ocr_carea' id='block_1_67' title="bbox 2161 2167 3760 2241">
    <p class='ocr_par' dir='ltr' id='par_1_67' title="bbox 2161 2167 3760 2241">
     <span class='ocr_line' id='line_1_67' title="bbox 2161 2167 3760 2241; baseline -0.003 -17"><span class='ocrx_word' id='word_1_476' title='bbox 2161 2169 2323 2239; x_wconf 86' lang='grc' dir='ltr'>φόνου</span> <span class='ocrx_word' id='word_1_477' title='bbox 2352 2169 2554 2241; x_wconf 80' lang='grc' dir='ltr'>μεστοῦ</span> <span class='ocrx_word' id='word_1_478' title='bbox 2583 2171 2597 2224; x_wconf 84' lang='grc' dir='ltr'><strong>ί</strong></span> <span class='ocrx_word' id='word_1_479' title='bbox 2629 2168 2848 2239; x_wconf 83' lang='grc' dir='ltr'>Ταύτην</span> <span class='ocrx_word' id='word_1_480' title='bbox 2871 2167 3086 2238; x_wconf 83' lang='grc' dir='ltr'>σεαυτῷ</span> <span class='ocrx_word' id='word_1_481' title='bbox 3103 2169 3416 2238; x_wconf 75' lang='grc' dir='ltr'>τετήρηκας</span> <span class='ocrx_word' id='word_1_482' title='bbox 3446 2167 3541 2235; x_wconf 76' lang='grc' dir='ltr'><strong>τήν</strong></span> <span class='ocrx_word' id='word_1_483' title='bbox 3567 2168 3760 2238; x_wconf 71' lang='grc' dir='ltr'>τιμήν,</span> 
     </span>
    </p>
   </div>
   <div class='ocr_carea' id='block_1_68' title="bbox 2160 2259 3760 2332">
    <p class='ocr_par' dir='ltr' id='par_1_68' title="bbox 2160 2259 3760 2332">
     <span class='ocr_line' id='line_1_68' title="bbox 2160 2259 3760 2332; baseline -0.003 -17"><span class='ocrx_word' id='word_1_484' title='bbox 2160 2260 2366 2332; x_wconf 85' lang='grc' dir='ltr'>ταύτην</span> <span class='ocrx_word' id='word_1_485' title='bbox 2412 2263 2528 2325; x_wconf 88' lang='grc' dir='ltr'>τοῖς</span> <span class='ocrx_word' id='word_1_486' title='bbox 2581 2263 2696 2324; x_wconf 87' lang='grc' dir='ltr'>σοῖς</span> <span class='ocrx_word' id='word_1_487' title='bbox 2756 2259 3026 2328; x_wconf 76' lang='grc' dir='ltr'>γενεσίοις</span> <span class='ocrx_word' id='word_1_488' title='bbox 3079 2260 3434 2330; x_wconf 81' lang='grc' dir='ltr'>προσήγαγες</span> <span class='ocrx_word' id='word_1_489' title='bbox 3465 2259 3566 2328; x_wconf 80' lang='grc' dir='ltr'><strong>τὴν</strong></span> <span class='ocrx_word' id='word_1_490' title='bbox 3626 2275 3760 2329; x_wconf 74' lang='grc' dir='ltr'>τρυ-</span> 
     </span>
    </p>
   </div>
   <div class='ocr_carea' id='block_1_69' title="bbox 2161 2349 3758 2424">
    <p class='ocr_par' dir='ltr' id='par_1_69' title="bbox 2161 2349 3758 2424">
     <span class='ocr_line' id='line_1_69' title="bbox 2161 2349 3758 2424; baseline -0.002 -19"><span class='ocrx_word' id='word_1_491' title='bbox 2161 2354 2304 2424; x_wconf 75' lang='grc' dir='ltr'>φήνς</span> <span class='ocrx_word' id='word_1_492' title='bbox 2332 2352 2589 2406; x_wconf 87' lang='grc' dir='ltr'>Τοιοῦτον</span> <span class='ocrx_word' id='word_1_493' title='bbox 2619 2351 2838 2422; x_wconf 88' lang='grc' dir='ltr'>σεαυτῷ</span> <span class='ocrx_word' id='word_1_494' title='bbox 2868 2349 3292 2422; x_wconf 84' lang='grc' dir='ltr'>παρεσκεύασας</span> <span class='ocrx_word' id='word_1_495' title='bbox 3313 2349 3376 2403; x_wconf 82' lang='grc' dir='ltr'>τὺ</span> <span class='ocrx_word' id='word_1_496' title='bbox 3409 2349 3758 2419; x_wconf 72' lang='grc' dir='ltr'>συμπόσιονς</span> 
     </span>
    </p>
   </div>
   <div class='ocr_carea' id='block_1_70' title="bbox 2162 2443 3758 2514">
    <p class='ocr_par' dir='ltr' id='par_1_70' title="bbox 2162 2443 3758 2514">
     <span class='ocr_line' id='line_1_70' title="bbox 2162 2443 3758 2514; baseline -0.004 -16"><span class='ocrx_word' id='word_1_497' title='bbox 2162 2445 2350 2508; x_wconf 84' lang='grc' dir='ltr'>Οῦτως</span> <span class='ocrx_word' id='word_1_498' title='bbox 2377 2445 2609 2514; x_wconf 83' lang='grc' dir='ltr'>αἵματος</span> <span class='ocrx_word' id='word_1_499' title='bbox 2634 2445 2843 2513; x_wconf 81' lang='grc' dir='ltr'>ὀχετοῖς</span> <span class='ocrx_word' id='word_1_500' title='bbox 2877 2445 2986 2496; x_wconf 72' lang='grc' dir='ltr'>ἔδει</span> <span class='ocrx_word' id='word_1_501' title='bbox 3012 2445 3248 2512; x_wconf 76' lang='grc' dir='ltr'>κεράσαι</span> <span class='ocrx_word' id='word_1_502' title='bbox 3285 2444 3403 2505; x_wconf 90' lang='grc' dir='ltr'>τοῖς</span> <span class='ocrx_word' id='word_1_503' title='bbox 3446 2443 3758 2510; x_wconf 72' lang='grc' dir='ltr'>συμπόταις</span> 
     </span>
    </p>
   </div>
   <div class='ocr_carea' id='block_1_71' title="bbox 2161 2523 3760 2606">
    <p class='ocr_par' dir='ltr' id='par_1_71' title="bbox 2161 2523 3760 2606">
     <span class='ocr_line' id='line_1_71' title="bbox 2161 2523 3760 2606; baseline -0.002 -17"><span class='ocrx_word' id='word_1_504' title='bbox 2161 2537 2221 2589; x_wconf 79' lang='grc' dir='ltr'>τὸ</span> <span class='ocrx_word' id='word_1_505' title='bbox 2250 2537 2501 2600; x_wconf 72' lang='grc' dir='ltr'>δεῖπνονς</span> <span class='ocrx_word' id='word_1_506' title='bbox 2549 2534 2707 2590; x_wconf 79' lang='grc' dir='ltr'>οὕτω</span> <span class='ocrx_word' id='word_1_507' title='bbox 2756 2538 2883 2598; x_wconf 76' lang='grc' dir='ltr'>τοὺς</span> <span class='ocrx_word' id='word_1_508' title='bbox 2939 2540 3259 2606; x_wconf 76' lang='grc' dir='ltr'>χιλιάρχους</span> <span class='ocrx_word' id='word_1_509' title='bbox 3293 2523 3630 2604; x_wconf 71' lang='grc' dir='ltr'>τετίμηκας,</span> <span class='ocrx_word' id='word_1_510' title='bbox 3662 2535 3760 2586; x_wconf 77' lang='grc' dir='ltr'><strong>καὶ</strong></span> 
     </span>
    </p>
   </div>
   <div class='ocr_carea' id='block_1_72' title="bbox 2162 2626 3759 2700">
    <p class='ocr_par' dir='ltr' id='par_1_72' title="bbox 2162 2626 3759 2700">
     <span class='ocr_line' id='line_1_72' title="bbox 2162 2626 3759 2700; baseline -0.004 -17"><span class='ocrx_word' id='word_1_511' title='bbox 2162 2627 2510 2699; x_wconf 72' lang='grc' dir='ltr'>τοὺς’φίλους</span> <span class='ocrx_word' id='word_1_512' title='bbox 2561 2627 3079 2700; x_wconf 71' lang='grc' dir='ltr'>πεφιλοφρόνηκαςς</span> <span class='ocrx_word' id='word_1_513' title='bbox 3135 2627 3273 2681; x_wconf 66' lang='lat' dir='ltr'><strong>om</strong></span> <span class='ocrx_word' id='word_1_514' title='bbox 3329 2627 3421 2680; x_wconf 77' lang='grc' dir='ltr'><strong>τὸν</strong></span> <span class='ocrx_word' id='word_1_515' title='bbox 3468 2626 3635 2678; x_wconf 77' lang='grc' dir='ltr'>Δασὶδ</span> <span class='ocrx_word' id='word_1_516' title='bbox 3667 2627 3759 2678; x_wconf 82' lang='grc' dir='ltr'>ἐν-</span> 
     </span>
    </p>
   </div>
   <div class='ocr_carea' id='block_1_73' title="bbox 2163 2717 3762 2799">
    <p class='ocr_par' dir='ltr' id='par_1_73' title="bbox 2163 2717 3762 2799">
     <span class='ocr_line' id='line_1_73' title="bbox 2163 2717 3762 2799; baseline -0.004 -25"><span class='ocrx_word' id='word_1_517' title='bbox 2163 2723 2410 2799; x_wconf 65' lang='grc' dir='ltr'>ετράπης</span> <span class='ocrx_word' id='word_1_518' title='bbox 2460 2720 2567 2774; x_wconf 83' lang='grc' dir='ltr'>ὑπὸ</span> <span class='ocrx_word' id='word_1_519' title='bbox 2617 2720 2713 2772; x_wconf 87' lang='grc' dir='ltr'><strong>τοῦ</strong></span> <span class='ocrx_word' id='word_1_520' title='bbox 2741 2719 2930 2772; x_wconf 83' lang='grc' dir='ltr'>Νάθαν</span> <span class='ocrx_word' id='word_1_521' title='bbox 2981 2719 3328 2788; x_wconf 77' lang='grc' dir='ltr'>ἐλεγχθέντα,</span> <span class='ocrx_word' id='word_1_522' title='bbox 3365 2718 3462 2771; x_wconf 74' lang='grc' dir='ltr'><strong>καὶ</strong></span> <span class='ocrx_word' id='word_1_523' title='bbox 3499 2717 3762 2788; x_wconf 77' lang='grc' dir='ltr'>μετανοίᾳ</span> 
     </span>
    </p>
   </div>
   <div class='ocr_carea' id='block_1_74' title="bbox 2168 2809 3760 2883">
    <p class='ocr_par' dir='ltr' id='par_1_74' title="bbox 2168 2809 3760 2883">
     <span class='ocr_line' id='line_1_74' title="bbox 2168 2809 3760 2883; baseline -0.003 -17"><span class='ocrx_word' id='word_1_524' title='bbox 2168 2812 2390 2883; x_wconf 73' lang='grc' dir='ltr'>μᾶλλον,</span> <span class='ocrx_word' id='word_1_525' title='bbox 2424 2812 2527 2866; x_wconf 78' lang='grc' dir='ltr'>οὐκ</span> <span class='ocrx_word' id='word_1_526' title='bbox 2557 2811 2808 2882; x_wconf 76' lang='grc' dir='ltr'>ἀπονοίᾳ,</span> <span class='ocrx_word' id='word_1_527' title='bbox 2850 2811 2947 2880; x_wconf 83' lang='grc' dir='ltr'><strong>τήν</strong></span> <span class='ocrx_word' id='word_1_528' title='bbox 2988 2811 3266 2881; x_wconf 74' lang='grc' dir='ltr'>ἁμαρτίαν</span> <span class='ocrx_word' id='word_1_529' title='bbox 3291 2809 3760 2879; x_wconf 78' lang='grc' dir='ltr'>ἀποσκευασάμεο</span> 
     </span>
    </p>
   </div>
   <div class='ocr_carea' id='block_1_75' title="bbox 2165 2901 3762 2972">
    <p class='ocr_par' dir='ltr' id='par_1_75' title="bbox 2165 2901 3762 2972">
     <span class='ocr_line' id='line_1_75' title="bbox 2165 2901 3762 2972; baseline -0.003 -14"><span class='ocrx_word' id='word_1_530' title='bbox 2165 2921 2293 2970; x_wconf 89' lang='grc' dir='ltr'>νον;</span> <span class='ocrx_word' id='word_1_531' title='bbox 2321 2904 2458 2958; x_wconf 82' lang='grc' dir='ltr'>Οὐδὲ</span> <span class='ocrx_word' id='word_1_532' title='bbox 2495 2903 2588 2957; x_wconf 80' lang='grc' dir='ltr'><strong>τὸν</strong></span> <span class='ocrx_word' id='word_1_533' title='bbox 2619 2903 2796 2956; x_wconf 82' lang='grc' dir='ltr'>Σαοὺλ</span> <span class='ocrx_word' id='word_1_534' title='bbox 2823 2902 3057 2972; x_wconf 77' lang='grc' dir='ltr'>ᾑδέσθης</span> <span class='ocrx_word' id='word_1_535' title='bbox 3099 2902 3205 2954; x_wconf 76' lang='grc' dir='ltr'><strong>ὑπὸ</strong></span> <span class='ocrx_word' id='word_1_536' title='bbox 3245 2901 3340 2954; x_wconf 86' lang='grc' dir='ltr'><strong>τοῦ</strong></span> <span class='ocrx_word' id='word_1_537' title='bbox 3377 2901 3618 2968; x_wconf 76' lang='grc' dir='ltr'>μεγάλου</span> <span class='ocrx_word' id='word_1_538' title='bbox 3652 2903 3762 2954; x_wconf 84' lang='grc' dir='ltr'><strong>Σα-</strong></span> 
     </span>
    </p>
   </div>
   <div class='ocr_carea' id='block_1_76' title="bbox 2169 2993 3760 3068">
    <p class='ocr_par' dir='ltr' id='par_1_76' title="bbox 2169 2993 3760 3068">
     <span class='ocr_line' id='line_1_76' title="bbox 2169 2993 3760 3068; baseline -0.002 -18"><span class='ocrx_word' id='word_1_539' title='bbox 2169 2994 2364 3068; x_wconf 81' lang='grc' dir='ltr'>μουὴλ,</span> <span class='ocrx_word' id='word_1_540' title='bbox 2396 2995 2488 3050; x_wconf 76' lang='grc' dir='ltr'><strong>ἐπὶ</strong></span> <span class='ocrx_word' id='word_1_541' title='bbox 2518 2993 2702 3064; x_wconf 75' lang='grc' dir='ltr'>πάσης</span> <span class='ocrx_word' id='word_1_542' title='bbox 2731 2993 2868 3064; x_wconf 80' lang='grc' dir='ltr'>ὁμοῦ</span> <span class='ocrx_word' id='word_1_543' title='bbox 2925 2993 3026 3062; x_wconf 80' lang='grc' dir='ltr'><strong>τῆς</strong></span> <span class='ocrx_word' id='word_1_544' title='bbox 3073 2993 3483 3064; x_wconf 82' lang='grc' dir='ltr'>Ἰσραηλιτικῆς</span> <span class='ocrx_word' id='word_1_545' title='bbox 3515 2993 3760 3066; x_wconf 79' lang='grc' dir='ltr'>πληθύος</span> 
     </span>
    </p>
   </div>
   <div class='ocr_carea' id='block_1_77' title="bbox 2088 3085 3760 3178">
    <p class='ocr_par' dir='ltr' id='par_1_77' title="bbox 2088 3085 3760 3178">
     <span class='ocr_line' id='line_1_77' title="bbox 2088 3085 3760 3178; baseline -0.002 -37"><span class='ocrx_word' id='word_1_546' title='bbox 2088 3120 2133 3178; x_wconf 78' lang='lat' dir='ltr'>c</span> <span class='ocrx_word' id='word_1_547' title='bbox 2166 3091 2282 3150; x_wconf 90' lang='grc' dir='ltr'>τοῖς</span> <span class='ocrx_word' id='word_1_548' title='bbox 2320 3087 2591 3158; x_wconf 84' lang='grc' dir='ltr'>ἐλέγχοις,</span> <span class='ocrx_word' id='word_1_549' title='bbox 2665 3085 3242 3178; x_wconf 14' lang='grc' dir='ltr'>ἐπιπληχθένταῗμέν,</span> <span class='ocrx_word' id='word_1_550' title='bbox 3298 3085 3438 3156; x_wconf 80' lang='grc' dir='ltr'>πλὴν</span> <span class='ocrx_word' id='word_1_551' title='bbox 3485 3086 3625 3140; x_wconf 77' lang='grc' dir='ltr'>αἰδοῖ</span> <span class='ocrx_word' id='word_1_552' title='bbox 3691 3089 3760 3158; x_wconf 79' lang='grc' dir='ltr'>τῇ</span> 
     </span>
    </p>
   </div>
   <div class='ocr_carea' id='block_1_78' title="bbox 2167 3177 3758 3251">
    <p class='ocr_par' dir='ltr' id='par_1_78' title="bbox 2167 3177 3758 3251">
     <span class='ocr_line' id='line_1_78' title="bbox 2167 3177 3758 3251; baseline -0.001 -18"><span class='ocrx_word' id='word_1_553' title='bbox 2167 3181 2304 3251; x_wconf 72' lang='grc' dir='ltr'>πρδς</span> <span class='ocrx_word' id='word_1_554' title='bbox 2326 3179 2417 3233; x_wconf 83' lang='grc' dir='ltr'><strong>τὸν</strong></span> <span class='ocrx_word' id='word_1_555' title='bbox 2445 3181 2758 3251; x_wconf 73' lang='grc' dir='ltr'>προφήτην,</span> <span class='ocrx_word' id='word_1_556' title='bbox 2823 3178 2992 3247; x_wconf 78' lang='grc' dir='ltr'>μηδὲν</span> <span class='ocrx_word' id='word_1_557' title='bbox 3053 3177 3218 3231; x_wconf 86' lang='grc' dir='ltr'>πλέον</span> <span class='ocrx_word' id='word_1_558' title='bbox 3271 3177 3758 3248; x_wconf 78' lang='grc' dir='ltr'>διαπραξάμενονς</span> 
     </span>
    </p>
   </div>
   <div class='ocr_carea' id='block_1_79' title="bbox 2166 3269 3760 3344">
    <p class='ocr_par' dir='ltr' id='par_1_79' title="bbox 2166 3269 3760 3344">
     <span class='ocr_line' id='line_1_79' title="bbox 2166 3269 3760 3344; baseline -0.001 -18"><span class='ocrx_word' id='word_1_559' title='bbox 2166 3273 2412 3344; x_wconf 82' lang='grc' dir='ltr'>Λέληθας</span> <span class='ocrx_word' id='word_1_560' title='bbox 2470 3273 2722 3336; x_wconf 76' lang='grc' dir='ltr'>σεαυτὸν,</span> <span class='ocrx_word' id='word_1_561' title='bbox 2758 3271 2934 3335; x_wconf 83' lang='grc' dir='ltr'>ἄθλιε,</span> <span class='ocrx_word' id='word_1_562' title='bbox 2963 3269 3062 3342; x_wconf 86' lang='grc' dir='ltr'>τὴν</span> <span class='ocrx_word' id='word_1_563' title='bbox 3109 3269 3314 3340; x_wconf 80' lang='grc' dir='ltr'>Ἀχαὰὸ</span> <span class='ocrx_word' id='word_1_564' title='bbox 3363 3271 3466 3325; x_wconf 73' lang='grc' dir='ltr'><strong>ἐπὶ</strong></span> <span class='ocrx_word' id='word_1_565' title='bbox 3512 3270 3760 3326; x_wconf 73' lang='grc' dir='ltr'>Ναϐουθὲ</span> 
     </span>
    </p>
   </div>
   <div class='ocr_carea' id='block_1_80' title="bbox 2167 3357 3762 3436">
    <p class='ocr_par' dir='ltr' id='par_1_80' title="bbox 2167 3357 3762 3436">
     <span class='ocr_line' id='line_1_80' title="bbox 2167 3357 3762 3436; baseline 0 -20"><span class='ocrx_word' id='word_1_566' title='bbox 2167 3363 2516 3436; x_wconf 83' lang='grc' dir='ltr'>παρανομίαν</span> <span class='ocrx_word' id='word_1_567' title='bbox 2563 3363 2952 3425; x_wconf 83' lang='grc' dir='ltr'>διπλασιάσας,</span> <span class='ocrx_word' id='word_1_568' title='bbox 3012 3362 3138 3415; x_wconf 81' lang='grc' dir='ltr'>ὅσον</span> <span class='ocrx_word' id='word_1_569' title='bbox 3190 3365 3218 3415; x_wconf 87' lang='grc' dir='ltr'>ὁ</span> <span class='ocrx_word' id='word_1_570' title='bbox 3263 3357 3369 3432; x_wconf 76' lang='grc' dir='ltr'>μὲν</span> <span class='ocrx_word' id='word_1_571' title='bbox 3433 3364 3762 3434; x_wconf 83' lang='grc' dir='ltr'>ἀμπελῶνος</span> 
     </span>
    </p>
   </div>
   <div class='ocr_carea' id='block_1_81' title="bbox 2168 3453 3760 3527">
    <p class='ocr_par' dir='ltr' id='par_1_81' title="bbox 2168 3453 3760 3527">
     <span class='ocr_line' id='line_1_81' title="bbox 2168 3453 3760 3527; baseline -0.003 -17"><span class='ocrx_word' id='word_1_572' title='bbox 2168 3456 2461 3527; x_wconf 80' lang='grc' dir='ltr'>ἐπιθυμίᾳ,</span> <span class='ocrx_word' id='word_1_573' title='bbox 2494 3457 2597 3524; x_wconf 88' lang='grc' dir='ltr'>γῆς</span> <span class='ocrx_word' id='word_1_574' title='bbox 2621 3473 2680 3508; x_wconf 88' lang='grc' dir='ltr'><strong>τε</strong></span> <span class='ocrx_word' id='word_1_575' title='bbox 2711 3454 2944 3524; x_wconf 66' lang='grc' dir='ltr'>ἀψύχου,</span> <span class='ocrx_word' id='word_1_576' title='bbox 2983 3454 3079 3507; x_wconf 75' lang='grc' dir='ltr'><strong>καὶ</strong></span> <span class='ocrx_word' id='word_1_577' title='bbox 3119 3453 3303 3522; x_wconf 85' lang='grc' dir='ltr'>φυτῶν</span> <span class='ocrx_word' id='word_1_578' title='bbox 3324 3455 3637 3525; x_wconf 72' lang='grc' dir='ltr'>οἰνηφόρων</span> <span class='ocrx_word' id='word_1_579' title='bbox 3669 3457 3760 3525; x_wconf 74' lang='grc' dir='ltr'>ητ-</span> 
     </span>
    </p>
   </div>
   <div class='ocr_carea' id='block_1_82' title="bbox 2166 3545 3760 3618">
    <p class='ocr_par' dir='ltr' id='par_1_82' title="bbox 2166 3545 3760 3618">
     <span class='ocr_line' id='line_1_82' title="bbox 2166 3545 3760 3618; baseline 0 -20"><span class='ocrx_word' id='word_1_580' title='bbox 2166 3546 2352 3616; x_wconf 75' lang='grc' dir='ltr'>τηθεὶς</span> <span class='ocrx_word' id='word_1_581' title='bbox 2377 3546 2640 3618; x_wconf 78' lang='grc' dir='ltr'>ἐφωράθη</span> <span class='ocrx_word' id='word_1_582' title='bbox 2663 3563 2675 3576; x_wconf 90' lang='grc'><strong>·</strong></span> <span class='ocrx_word' id='word_1_583' title='bbox 2714 3547 2778 3599; x_wconf 76' lang='grc' dir='ltr'><strong>σὺ</strong></span> <span class='ocrx_word' id='word_1_584' title='bbox 2804 3546 2882 3610; x_wconf 83' lang='grc' dir='ltr'><strong>δὲ,</strong></span> <span class='ocrx_word' id='word_1_585' title='bbox 2913 3546 3176 3614; x_wconf 81' lang='grc' dir='ltr'>γυναικὸς</span> <span class='ocrx_word' id='word_1_586' title='bbox 3207 3545 3450 3616; x_wconf 72' lang='grc' dir='ltr'>μοιχείᾳ,</span> <span class='ocrx_word' id='word_1_587' title='bbox 3489 3549 3587 3600; x_wconf 71' lang='grc' dir='ltr'><strong>καὶ</strong></span> <span class='ocrx_word' id='word_1_588' title='bbox 3610 3548 3760 3601; x_wconf 77' lang='grc' dir='ltr'>ἀδελ-</span> 
     </span>
    </p>
   </div>
   <div class='ocr_carea' id='block_1_83' title="bbox 3671 3641 3764 3693">
    <p class='ocr_par' dir='ltr' id='par_1_83' title="bbox 3671 3641 3764 3693">
     <span class='ocr_line' id='line_1_83' title="bbox 3671 3641 3764 3693; baseline 0.011 -1"><span class='ocrx_word' id='word_1_589' title='bbox 3671 3641 3764 3693; x_wconf 74' lang='grc' dir='ltr'><strong>καὶ</strong></span> 
     </span>
    </p>
   </div>
   <div class='ocr_carea' id='block_1_84' title="bbox 2250 3813 3760 3890">
    <p class='ocr_par' dir='ltr' id='par_1_84' title="bbox 2250 3813 3760 3890">
     <span class='ocr_line' id='line_1_84' title="bbox 2250 3813 3760 3890; baseline 0.001 -18"><span class='ocrx_word' id='word_1_590' title='bbox 2250 3819 2339 3882; x_wconf 83' lang='grc' dir='ltr'>Ὠς</span> <span class='ocrx_word' id='word_1_591' title='bbox 2388 3816 2500 3871; x_wconf 74' lang='grc' dir='ltr'>εἴθε</span> <span class='ocrx_word' id='word_1_592' title='bbox 2555 3815 2630 3888; x_wconf 79' lang='grc' dir='ltr'>μὴ</span> <span class='ocrx_word' id='word_1_593' title='bbox 2674 3815 2998 3886; x_wconf 81' lang='grc' dir='ltr'>γεγέννησο,</span> <span class='ocrx_word' id='word_1_594' title='bbox 3036 3816 3174 3887; x_wconf 86' lang='grc' dir='ltr'><strong>μηδέ</strong></span> <span class='ocrx_word' id='word_1_595' title='bbox 3213 3818 3294 3880; x_wconf 85' lang='grc' dir='ltr'><strong>είς</strong></span> <span class='ocrx_word' id='word_1_596' title='bbox 3347 3817 3466 3886; x_wconf 84' lang='grc' dir='ltr'><strong>φῶς</strong></span> <span class='ocrx_word' id='word_1_597' title='bbox 3516 3813 3760 3890; x_wconf 79' lang='grc' dir='ltr'>ἦλθεςτθ</span> 
     </span>
    </p>
   </div>
   <div class='ocr_carea' id='block_1_85' title="bbox 2171 3903 3762 3981">
    <p class='ocr_par' dir='ltr' id='par_1_85' title="bbox 2171 3903 3762 3981">
     <span class='ocr_line' id='line_1_85' title="bbox 2171 3903 3762 3981; baseline 0.001 -18"><span class='ocrx_word' id='word_1_598' title='bbox 2171 3909 2311 3979; x_wconf 84' lang='grc' dir='ltr'>ὑπὲρ</span> <span class='ocrx_word' id='word_1_599' title='bbox 2340 3909 2466 3980; x_wconf 82' lang='grc' dir='ltr'>γῆν.</span> <span class='ocrx_word' id='word_1_600' title='bbox 2515 3907 2605 3970; x_wconf 83' lang='grc' dir='ltr'><strong>Ὦς</strong></span> <span class='ocrx_word' id='word_1_601' title='bbox 2632 3908 2887 3961; x_wconf 79' lang='grc' dir='ltr'>ἀπόλοιτο</span> <span class='ocrx_word' id='word_1_602' title='bbox 2930 3910 2963 3977; x_wconf 85' lang='grc' dir='ltr'><strong>ή</strong></span> <span class='ocrx_word' id='word_1_603' title='bbox 3000 3907 3202 3981; x_wconf 75' lang='grc' dir='ltr'>σπορὰ,</span> <span class='ocrx_word' id='word_1_604' title='bbox 3237 3903 3304 3980; x_wconf 82' lang='grc' dir='ltr'>ἦς</span> <span class='ocrx_word' id='word_1_605' title='bbox 3343 3909 3512 3974; x_wconf 76' lang='grc' dir='ltr'>αὐτὸς</span> <span class='ocrx_word' id='word_1_606' title='bbox 3545 3909 3762 3976; x_wconf 72' lang='grc' dir='ltr'>ἐξεϐλά-</span> 
     </span>
    </p>
   </div>
   <div class='ocr_carea' id='block_1_86' title="bbox 2170 3994 3760 4072">
    <p class='ocr_par' dir='ltr' id='par_1_86' title="bbox 2170 3994 3760 4072">
     <span class='ocr_line' id='line_1_86' title="bbox 2170 3994 3760 4072; baseline 0.003 -20"><span class='ocrx_word' id='word_1_607' title='bbox 2170 4017 2396 4072; x_wconf 88' lang='grc' dir='ltr'>στησας,</span> <span class='ocrx_word' id='word_1_608' title='bbox 2432 4000 2527 4052; x_wconf 81' lang='grc' dir='ltr'><strong>καὶ</strong></span> <span class='ocrx_word' id='word_1_609' title='bbox 2554 4001 2587 4068; x_wconf 84' lang='grc' dir='ltr'><strong>ή</strong></span> <span class='ocrx_word' id='word_1_610' title='bbox 2623 3999 2809 4069; x_wconf 80' lang='grc' dir='ltr'>νηδὺς,</span> <span class='ocrx_word' id='word_1_611' title='bbox 2845 3998 2902 4064; x_wconf 77' lang='grc' dir='ltr'><strong>ἐξ</strong></span> <span class='ocrx_word' id='word_1_612' title='bbox 2931 3994 3000 4070; x_wconf 83' lang='grc' dir='ltr'>ἦς</span> <span class='ocrx_word' id='word_1_613' title='bbox 3031 3999 3437 4070; x_wconf 80' lang='grc' dir='ltr'>προελήλυθας.</span> <span class='ocrx_word' id='word_1_614' title='bbox 3476 4002 3760 4056; x_wconf 78' lang='grc' dir='ltr'>’Δνθ’ὃτω</span> 
     </span>
    </p>
   </div>
   <div class='ocr_carea' id='block_1_87' title="bbox 2169 4090 3760 4165">
    <p class='ocr_par' dir='ltr' id='par_1_87' title="bbox 2169 4090 3760 4165">
     <span class='ocr_line' id='line_1_87' title="bbox 2169 4090 3760 4165; baseline -0.001 -21"><span class='ocrx_word' id='word_1_615' title='bbox 2169 4090 2296 4162; x_wconf 83' lang='grc' dir='ltr'>γάρ,</span> <span class='ocrx_word' id='word_1_616' title='bbox 2328 4090 2471 4154; x_wconf 75' lang='grc' dir='ltr'>εἰπὲ,</span> <span class='ocrx_word' id='word_1_617' title='bbox 2496 4090 2590 4143; x_wconf 85' lang='grc' dir='ltr'><strong>τὸν</strong></span> <span class='ocrx_word' id='word_1_618' title='bbox 2643 4091 3176 4165; x_wconf 28' lang='grc' dir='ltr'>προφήτηνιάνεῖλες</span> <span class='ocrx_word' id='word_1_619' title='bbox 3226 4091 3442 4162; x_wconf 73' lang='grc' dir='ltr'>τάληθῆ</span> <span class='ocrx_word' id='word_1_620' title='bbox 3477 4092 3760 4165; x_wconf 71' lang='grc' dir='ltr'>διαγορεύο</span> 
     </span>
    </p>
   </div>
   <div class='ocr_carea' id='block_1_88' title="bbox 2168 4181 3756 4252">
    <p class='ocr_par' dir='ltr' id='par_1_88' title="bbox 2168 4181 3756 4252">
     <span class='ocr_line' id='line_1_88' title="bbox 2168 4181 3756 4252; baseline -0.001 -16"><span class='ocrx_word' id='word_1_621' title='bbox 2168 4199 2358 4248; x_wconf 88' lang='grc' dir='ltr'>σαντα,</span> <span class='ocrx_word' id='word_1_622' title='bbox 2383 4183 2478 4236; x_wconf 69' lang='grc' dir='ltr'>καὶ</span> <span class='ocrx_word' id='word_1_623' title='bbox 2515 4181 2772 4252; x_wconf 71' lang='grc' dir='ltr'>περὶτῶν</span> <span class='ocrx_word' id='word_1_624' title='bbox 2795 4182 2857 4235; x_wconf 81' lang='grc' dir='ltr'><strong>οὐ</strong></span> <span class='ocrx_word' id='word_1_625' title='bbox 2891 4181 3187 4251; x_wconf 83' lang='grc' dir='ltr'>πρακτέων</span> <span class='ocrx_word' id='word_1_626' title='bbox 3210 4181 3513 4248; x_wconf 78' lang='grc' dir='ltr'>ἐλέγξαντα</span> <span class='ocrx_word' id='word_1_627' title='bbox 3539 4199 3556 4246; x_wconf 85' lang='lat'><strong>;</strong></span> <span class='ocrx_word' id='word_1_628' title='bbox 3593 4186 3756 4252; x_wconf 66' lang='lat' dir='ltr'><strong>1:an</strong></span> 
     </span>
    </p>
   </div>
   <div class='ocr_carea' id='block_1_89' title="bbox 2165 4273 3756 4346">
    <p class='ocr_par' dir='ltr' id='par_1_89' title="bbox 2165 4273 3756 4346">
     <span class='ocr_line' id='line_1_89' title="bbox 2165 4273 3756 4346; baseline 0 -18"><span class='ocrx_word' id='word_1_629' title='bbox 2165 4275 2303 4346; x_wconf 76' lang='grc' dir='ltr'>πρὸς</span> <span class='ocrx_word' id='word_1_630' title='bbox 2328 4274 2429 4346; x_wconf 80' lang='grc' dir='ltr'>τὴν</span> <span class='ocrx_word' id='word_1_631' title='bbox 2453 4275 2518 4328; x_wconf 83' lang='grc' dir='ltr'><strong>ἐκ</strong></span> <span class='ocrx_word' id='word_1_632' title='bbox 2542 4273 2638 4326; x_wconf 89' lang='grc' dir='ltr'><strong>τοῦ</strong></span> <span class='ocrx_word' id='word_1_633' title='bbox 2698 4274 2868 4342; x_wconf 82' lang='grc' dir='ltr'>ἄγους</span> <span class='ocrx_word' id='word_1_634' title='bbox 2917 4273 3302 4344; x_wconf 79' lang='grc' dir='ltr'>συστραφέντα</span> <span class='ocrx_word' id='word_1_635' title='bbox 3348 4274 3602 4344; x_wconf 83' lang='grc' dir='ltr'>μνήμην,</span> <span class='ocrx_word' id='word_1_636' title='bbox 3630 4275 3756 4328; x_wconf 64' lang='lat' dir='ltr'><strong>dno-</strong></span> 
     </span>
    </p>
   </div>
   <div class='ocr_carea' id='block_1_90' title="bbox 2163 4365 3756 4438">
    <p class='ocr_par' dir='ltr' id='par_1_90' title="bbox 2163 4365 3756 4438">
     <span class='ocr_line' id='line_1_90' title="bbox 2163 4365 3756 4438; baseline -0.001 -18"><span class='ocrx_word' id='word_1_637' title='bbox 2163 4367 2341 4420; x_wconf 89' lang='grc' dir='ltr'>κλῖναι</span> <span class='ocrx_word' id='word_1_638' title='bbox 2371 4365 2468 4419; x_wconf 91' lang='grc' dir='ltr'><strong>τοῦ</strong></span> <span class='ocrx_word' id='word_1_639' title='bbox 2507 4365 2744 4436; x_wconf 67' lang='grc' dir='ltr'>μύσους*</span> <span class='ocrx_word' id='word_1_640' title='bbox 2788 4365 2821 4436; x_wconf 77' lang='grc' dir='ltr'>ἦ</span> <span class='ocrx_word' id='word_1_641' title='bbox 2878 4365 3018 4436; x_wconf 83' lang='grc' dir='ltr'>πρὸς</span> <span class='ocrx_word' id='word_1_642' title='bbox 3053 4365 3155 4434; x_wconf 80' lang='grc' dir='ltr'><strong>τὴν</strong></span> <span class='ocrx_word' id='word_1_643' title='bbox 3212 4367 3323 4418; x_wconf 74' lang='grc' dir='ltr'><strong>τῶν</strong></span> <span class='ocrx_word' id='word_1_644' title='bbox 3355 4365 3604 4436; x_wconf 77' lang='grc' dir='ltr'>ἐλέγχων</span> <span class='ocrx_word' id='word_1_645' title='bbox 3627 4371 3756 4438; x_wconf 72' lang='grc' dir='ltr'><strong>παῤ⁹</strong></span> 
     </span>
    </p>
   </div>
   <div class='ocr_carea' id='block_1_91' title="bbox 481 4447 2060 4536">
    <p class='ocr_par' dir='ltr' id='par_1_91' title="bbox 481 4463 2058 4536">
     <span class='ocr_line' id='line_1_91' title="bbox 481 4463 2058 4536; baseline 0.002 -20"><span class='ocrx_word' id='word_1_646' title='bbox 481 4472 613 4518; x_wconf 91' lang='lat' dir='ltr'><strong>utve</strong></span> <span class='ocrx_word' id='word_1_647' title='bbox 642 4463 708 4518; x_wconf 89' lang='lat' dir='ltr'><strong>ad</strong></span> <span class='ocrx_word' id='word_1_648' title='bbox 747 4463 976 4518; x_wconf 87' lang='lat' dir='ltr'><strong>liberam</strong></span> <span class='ocrx_word' id='word_1_649' title='bbox 1011 4466 1497 4536; x_wconf 86' lang='lat' dir='ltr'><strong>reprehensionem</strong></span> <span class='ocrx_word' id='word_1_650' title='bbox 1523 4465 1766 4520; x_wconf 88' lang='lat' dir='ltr'><strong>animum</strong></span> <span class='ocrx_word' id='word_1_651' title='bbox 1788 4465 2058 4536; x_wconf 76' lang='lat' dir='ltr'><strong>dirigens,</strong></span> 
     </span>
    </p>
   </div>
   <div class='ocr_carea' id='block_1_92' title="bbox 2167 4447 3754 4536">
    <p class='ocr_par' dir='ltr' id='par_1_92' title="bbox 2168 4457 3754 4533">
     <span class='ocr_line' id='line_1_92' title="bbox 2168 4457 3754 4533; baseline -0.001 -20"><span class='ocrx_word' id='word_1_652' title='bbox 2168 4461 2364 4533; x_wconf 80' lang='grc' dir='ltr'>ρησίαν</span> <span class='ocrx_word' id='word_1_653' title='bbox 2418 4459 2512 4514; x_wconf 75' lang='grc' dir='ltr'><strong>τὸν</strong></span> <span class='ocrx_word' id='word_1_654' title='bbox 2572 4459 2698 4514; x_wconf 88' lang='grc' dir='ltr'>νοῦν</span> <span class='ocrx_word' id='word_1_655' title='bbox 2751 4457 3156 4523; x_wconf 81' lang='grc' dir='ltr'>ἀπευθύναντα,</span> <span class='ocrx_word' id='word_1_656' title='bbox 3227 4458 3471 4528; x_wconf 74' lang='grc' dir='ltr'>σώφρονι</span> <span class='ocrx_word' id='word_1_657' title='bbox 3515 4458 3754 4528; x_wconf 79' lang='grc' dir='ltr'>λογισμῷ</span> 
     </span>
    </p>
   </div>
   <div class='ocr_carea' id='block_1_93' title="bbox 483 4556 2060 4630">
    <p class='ocr_par' dir='ltr' id='par_1_93' title="bbox 483 4556 2060 4630">
     <span class='ocr_line' id='line_1_93' title="bbox 483 4556 2060 4630; baseline 0.001 -19"><span class='ocrx_word' id='word_1_658' title='bbox 483 4556 671 4611; x_wconf 84' lang='lat' dir='ltr'><strong>sobria</strong></span> <span class='ocrx_word' id='word_1_659' title='bbox 725 4558 1064 4626; x_wconf 83' lang='lat' dir='ltr'><strong>cogitatione</strong></span> <span class='ocrx_word' id='word_1_660' title='bbox 1109 4569 1417 4630; x_wconf 89' lang='lat' dir='ltr'><strong>assumpta,</strong></span> <span class='ocrx_word' id='word_1_661' title='bbox 1441 4557 1496 4614; x_wconf 93' lang='lat' dir='ltr'><strong>id</strong></span> <span class='ocrx_word' id='word_1_662' title='bbox 1532 4559 1677 4629; x_wconf 83' lang='lat' dir='ltr'><strong>quod</strong></span> <span class='ocrx_word' id='word_1_663' title='bbox 1707 4559 2060 4628; x_wconf 66' lang='lat' dir='ltr'><strong>praestantius</strong></span> 
     </span>
    </p>
   </div>
   <div class='ocr_carea' id='block_1_94' title="bbox 481 4645 2061 4718">
    <p class='ocr_par' dir='ltr' id='par_1_94' title="bbox 481 4645 2061 4718">
     <span class='ocr_line' id='line_1_94' title="bbox 481 4645 2061 4718; baseline 0.001 -18"><span class='ocrx_word' id='word_1_664' title='bbox 481 4654 654 4711; x_wconf 90' lang='lat' dir='ltr'><strong>esset,</strong></span> <span class='ocrx_word' id='word_1_665' title='bbox 699 4645 1020 4714; x_wconf 89' lang='lat' dir='ltr'><strong>obtineres;</strong></span> <span class='ocrx_word' id='word_1_666' title='bbox 1074 4649 1128 4702; x_wconf 93' lang='lat' dir='ltr'><strong>in</strong></span> <span class='ocrx_word' id='word_1_667' title='bbox 1168 4649 1512 4703; x_wconf 87' lang='lat' dir='ltr'><strong>contrarium</strong></span> <span class='ocrx_word' id='word_1_668' title='bbox 1574 4649 1737 4717; x_wconf 90' lang='lat' dir='ltr'><strong>plane</strong></span> <span class='ocrx_word' id='word_1_669' title='bbox 1769 4649 2061 4718; x_wconf 87' lang='lat' dir='ltr'><strong>prolapsus</strong></span> 
     </span>
    </p>
   </div>
   <div class='ocr_carea' id='block_1_95' title="bbox 483 4736 2062 4808">
    <p class='ocr_par' dir='ltr' id='par_1_95' title="bbox 483 4736 2062 4808">
     <span class='ocr_line' id='line_1_95' title="bbox 483 4736 2062 4808; baseline 0.001 -17"><span class='ocrx_word' id='word_1_670' title='bbox 483 4751 565 4798; x_wconf 86' lang='lat' dir='ltr'><strong>es.</strong></span> <span class='ocrx_word' id='word_1_671' title='bbox 613 4736 814 4790; x_wconf 83' lang='lat' dir='ltr'><strong>malum</strong></span> <span class='ocrx_word' id='word_1_672' title='bbox 851 4739 1043 4807; x_wconf 90' lang='lat' dir='ltr'><strong>utique</strong></span> <span class='ocrx_word' id='word_1_673' title='bbox 1090 4739 1235 4793; x_wconf 90' lang='lat' dir='ltr'><strong>malo</strong></span> <span class='ocrx_word' id='word_1_674' title='bbox 1275 4739 1506 4802; x_wconf 88' lang='lat' dir='ltr'><strong>addens,</strong></span> <span class='ocrx_word' id='word_1_675' title='bbox 1547 4755 1654 4793; x_wconf 90' lang='lat' dir='ltr'><strong>non</strong></span> <span class='ocrx_word' id='word_1_676' title='bbox 1687 4739 1765 4792; x_wconf 92' lang='lat' dir='ltr'><strong>uti</strong></span> <span class='ocrx_word' id='word_1_677' title='bbox 1795 4739 2062 4808; x_wconf 80' lang='lat' dir='ltr'><strong>opnt‘luil.</strong></span> 
     </span>
    </p>
   </div>
   <div class='ocr_carea' id='block_1_96' title="bbox 484 4827 2060 4900">
    <p class='ocr_par' dir='ltr' id='par_1_96' title="bbox 484 4827 2060 4900">
     <span class='ocr_line' id='line_1_96' title="bbox 484 4827 2060 4900; baseline 0.002 -19"><span class='ocrx_word' id='word_1_678' title='bbox 484 4827 768 4896; x_wconf 79' lang='lat' dir='ltr'><strong>depellens</strong></span> <span class='ocrx_word' id='word_1_679' title='bbox 803 4845 816 4880; x_wconf 91' lang='lat'>:</span> <span class='ocrx_word' id='word_1_680' title='bbox 851 4845 915 4883; x_wconf 87' lang='lat' dir='ltr'><strong>ac</strong></span> <span class='ocrx_word' id='word_1_681' title='bbox 957 4829 1230 4900; x_wconf 88' lang='lat' dir='ltr'><strong>siquidem</strong></span> <span class='ocrx_word' id='word_1_682' title='bbox 1282 4845 1426 4900; x_wconf 71' lang='lat' dir='ltr'><strong>azgre</strong></span> <span class='ocrx_word' id='word_1_683' title='bbox 1481 4829 1806 4900; x_wconf 89' lang='lat' dir='ltr'><strong>reprehendi</strong></span> <span class='ocrx_word' id='word_1_684' title='bbox 1851 4831 2060 4892; x_wconf 82' lang='lat' dir='ltr'><strong>ferens,</strong></span> 
     </span>
    </p>
   </div>
   <div class='ocr_carea' id='block_1_97' title="bbox 484 4917 2059 4991">
    <p class='ocr_par' dir='ltr' id='par_1_97' title="bbox 484 4917 2059 4991">
     <span class='ocr_line' id='line_1_97' title="bbox 484 4917 2059 4991; baseline 0.002 -18"><span class='ocrx_word' id='word_1_685' title='bbox 484 4933 553 4973; x_wconf 89' lang='lat' dir='ltr'><strong>eo</strong></span> <span class='ocrx_word' id='word_1_686' title='bbox 606 4917 880 4974; x_wconf 89' lang='lat' dir='ltr'><strong>deductus</strong></span> <span class='ocrx_word' id='word_1_687' title='bbox 940 4937 1034 4986; x_wconf 90' lang='lat' dir='ltr'><strong>es;</strong></span> <span class='ocrx_word' id='word_1_688' title='bbox 1068 4921 1197 4976; x_wconf 90' lang='lat' dir='ltr'><strong>hinc</strong></span> <span class='ocrx_word' id='word_1_689' title='bbox 1238 4923 1399 4991; x_wconf 90' lang='lat' dir='ltr'><strong>plane</strong></span> <span class='ocrx_word' id='word_1_690' title='bbox 1425 4921 1668 4976; x_wconf 89' lang='lat' dir='ltr'><strong>alienum</strong></span> <span class='ocrx_word' id='word_1_691' title='bbox 1705 4939 1735 4974; x_wconf 89' lang='lat' dir='ltr'><strong>a</strong></span> <span class='ocrx_word' id='word_1_692' title='bbox 1763 4921 2059 4991; x_wconf 83' lang='lat' dir='ltr'><strong>disciplina</strong></span> 
     </span>
    </p>
   </div>
   <div class='ocr_carea' id='block_1_98' title="bbox 484 5010 2060 5081">
    <p class='ocr_par' dir='ltr' id='par_1_98' title="bbox 484 5010 2060 5081">
     <span class='ocr_line' id='line_1_98' title="bbox 484 5010 2060 5081; baseline 0 -17"><span class='ocrx_word' id='word_1_693' title='bbox 484 5010 756 5066; x_wconf 88' lang='lat' dir='ltr'><strong>ostendis.</strong></span> <span class='ocrx_word' id='word_1_694' title='bbox 818 5011 1142 5081; x_wconf 85' lang='lat' dir='ltr'><strong>Diligendus</strong></span> <span class='ocrx_word' id='word_1_695' title='bbox 1175 5011 1347 5076; x_wconf 89' lang='lat' dir='ltr'><strong>enim,</strong></span> <span class='ocrx_word' id='word_1_696' title='bbox 1382 5027 1491 5066; x_wconf 91' lang='lat' dir='ltr'><strong>non</strong></span> <span class='ocrx_word' id='word_1_697' title='bbox 1523 5011 1868 5067; x_wconf 84' lang='lat' dir='ltr'><strong>occidendus</strong></span> <span class='ocrx_word' id='word_1_698' title='bbox 1917 5019 2060 5076; x_wconf 86' lang='lat' dir='ltr'><strong>erat,</strong></span> 
     </span>
    </p>
   </div>
   <div class='ocr_carea' id='block_1_99' title="bbox 488 5100 2067 5170">
    <p class='ocr_par' dir='ltr' id='par_1_99' title="bbox 488 5100 2067 5170">
     <span class='ocr_line' id='line_1_99' title="bbox 488 5100 2067 5170; baseline 0.002 -16"><span class='ocrx_word' id='word_1_699' title='bbox 488 5100 580 5169; x_wconf 89' lang='lat' dir='ltr'><strong>qui</strong></span> <span class='ocrx_word' id='word_1_700' title='bbox 612 5113 888 5170; x_wconf 87' lang='lat' dir='ltr'><strong>argueret,</strong></span> <span class='ocrx_word' id='word_1_701' title='bbox 923 5103 999 5157; x_wconf 88' lang='lat' dir='ltr'><strong>uti</strong></span> <span class='ocrx_word' id='word_1_702' title='bbox 1029 5101 1342 5158; x_wconf 87' lang='lat' dir='ltr'><strong>Salomonis</strong></span> <span class='ocrx_word' id='word_1_703' title='bbox 1373 5103 1653 5158; x_wconf 90' lang='lat' dir='ltr'><strong>sententia</strong></span> <span class='ocrx_word' id='word_1_704' title='bbox 1681 5111 1765 5158; x_wconf 86' lang='lat' dir='ltr'><strong>est</strong></span> <span class='ocrx_word' id='word_1_705' title='bbox 1803 5101 1822 5142; x_wconf 76' lang='grc' dir='ltr'><strong>ι</strong></span> <span class='ocrx_word' id='word_1_706' title='bbox 1849 5119 1866 5168; x_wconf 87' lang='lat'><strong>;</strong></span> <span class='ocrx_word' id='word_1_707' title='bbox 1903 5111 1962 5156; x_wconf 93' lang='lat' dir='ltr'><strong>ut</strong></span> <span class='ocrx_word' id='word_1_708' title='bbox 1998 5117 2067 5157; x_wconf 90' lang='lat' dir='ltr'><strong>ne</strong></span> 
     </span>
    </p>
   </div>
   <div class='ocr_carea' id='block_1_100' title="bbox 487 5193 2066 5265">
    <p class='ocr_par' dir='ltr' id='par_1_100' title="bbox 487 5193 2066 5265">
     <span class='ocr_line' id='line_1_100' title="bbox 487 5193 2066 5265; baseline -0.001 -18"><span class='ocrx_word' id='word_1_709' title='bbox 487 5201 544 5247; x_wconf 91' lang='lat' dir='ltr'><strong>et</strong></span> <span class='ocrx_word' id='word_1_710' title='bbox 597 5193 714 5262; x_wconf 86' lang='lat' dir='ltr'><strong>ipse</strong></span> <span class='ocrx_word' id='word_1_711' title='bbox 741 5201 881 5244; x_wconf 84' lang='lat' dir='ltr'><strong>esset</strong></span> <span class='ocrx_word' id='word_1_712' title='bbox 905 5194 1200 5252; x_wconf 87' lang='lat' dir='ltr'><strong>auditurus</strong></span> <span class='ocrx_word' id='word_1_713' title='bbox 1231 5212 1244 5248; x_wconf 91' lang='lat'><strong>:</strong></span> <span class='ocrx_word' id='word_1_714' title='bbox 1281 5215 1300 5248; x_wconf 82' lang='lat' dir='ltr'><strong>r</strong></span> <span class='ocrx_word' id='word_1_715' title='bbox 1349 5195 1601 5251; x_wconf 71' lang='lat' dir='ltr'><strong>Oderunt</strong></span> <span class='ocrx_word' id='word_1_716' title='bbox 1656 5202 1977 5265; x_wconf 86' lang='lat' dir='ltr'><strong>arguentem</strong></span> <span class='ocrx_word' id='word_1_717' title='bbox 2012 5194 2066 5247; x_wconf 92' lang='lat' dir='ltr'><strong>in</strong></span> 
     </span>
    </p>
   </div>
   <div class='ocr_carea' id='block_1_101' title="bbox 493 5272 2065 5353">
    <p class='ocr_par' dir='ltr' id='par_1_101' title="bbox 493 5272 2065 5353">
     <span class='ocr_line' id='line_1_101' title="bbox 493 5272 2065 5353; baseline -0.001 -15"><span class='ocrx_word' id='word_1_718' title='bbox 493 5286 692 5353; x_wconf 85' lang='lat' dir='ltr'><strong>portis,</strong></span> <span class='ocrx_word' id='word_1_719' title='bbox 720 5294 774 5340; x_wconf 86' lang='lat' dir='ltr'><strong>et</strong></span> <span class='ocrx_word' id='word_1_720' title='bbox 799 5300 1114 5341; x_wconf 87' lang='lat' dir='ltr'><strong>sermonem</strong></span> <span class='ocrx_word' id='word_1_721' title='bbox 1163 5295 1416 5342; x_wconf 86' lang='lat' dir='ltr'><strong>sanctum</strong></span> <span class='ocrx_word' id='word_1_722' title='bbox 1451 5286 1748 5341; x_wconf 86' lang='lat' dir='ltr'><strong>abominati</strong></span> <span class='ocrx_word' id='word_1_723' title='bbox 1785 5272 2006 5341; x_wconf 76' lang='lat' dir='ltr'><strong>suntm.</strong></span> <span class='ocrx_word' id='word_1_724' title='bbox 2046 5304 2065 5336; x_wconf 75' lang='grc' dir='ltr'><strong>ι</strong></span> 
     </span>
    </p>
   </div>
   <div class='ocr_carea' id='block_1_102' title="bbox 494 5373 2068 5444">
    <p class='ocr_par' dir='ltr' id='par_1_102' title="bbox 494 5373 2068 5444">
     <span class='ocr_line' id='line_1_102' title="bbox 494 5373 2068 5444; baseline 0.001 -18"><span class='ocrx_word' id='word_1_725' title='bbox 494 5373 592 5426; x_wconf 86' lang='lat' dir='ltr'><strong>Sin</strong></span> <span class='ocrx_word' id='word_1_726' title='bbox 618 5383 798 5428; x_wconf 86' lang='lat' dir='ltr'><strong>autem</strong></span> <span class='ocrx_word' id='word_1_727' title='bbox 823 5391 950 5429; x_wconf 88' lang='lat' dir='ltr'><strong>cum</strong></span> <span class='ocrx_word' id='word_1_728' title='bbox 979 5376 1368 5444; x_wconf 80' lang='lat' dir='ltr'><strong>jusjurandum</strong></span> <span class='ocrx_word' id='word_1_729' title='bbox 1397 5391 1619 5432; x_wconf 87' lang='lat' dir='ltr'><strong>servare</strong></span> <span class='ocrx_word' id='word_1_730' title='bbox 1647 5376 1836 5439; x_wconf 82' lang='lat' dir='ltr'><strong>velles,</strong></span> <span class='ocrx_word' id='word_1_731' title='bbox 1867 5375 2068 5429; x_wconf 68' lang='lat' dir='ltr'><strong>caedem</strong></span> 
     </span>
    </p>
   </div>
   <div class='ocr_carea' id='block_1_103' title="bbox 495 5454 2070 5538">
    <p class='ocr_par' dir='ltr' id='par_1_103' title="bbox 495 5454 2070 5538">
     <span class='ocr_line' id='line_1_103' title="bbox 495 5454 2070 5538; baseline 0.001 -20"><span class='ocrx_word' id='word_1_732' title='bbox 495 5467 870 5535; x_wconf 62' lang='lat' dir='ltr'><strong>praeposuisri.</strong></span> <span class='ocrx_word' id='word_1_733' title='bbox 954 5476 1215 5537; x_wconf 85' lang='lat' dir='ltr'><strong>tanquam</strong></span> <span class='ocrx_word' id='word_1_734' title='bbox 1288 5469 1382 5538; x_wconf 89' lang='lat' dir='ltr'><strong>qui</strong></span> <span class='ocrx_word' id='word_1_735' title='bbox 1451 5467 1682 5538; x_wconf 88' lang='lat' dir='ltr'><strong>perjurii</strong></span> <span class='ocrx_word' id='word_1_736' title='bbox 1747 5454 2070 5520; x_wconf 85' lang='lat' dir='ltr'><strong>barathrum</strong></span> 
     </span>
    </p>
   </div>
   <div class='ocr_carea' id='block_1_104' title="bbox 491 5553 2075 5630">
    <p class='ocr_par' dir='ltr' id='par_1_104' title="bbox 491 5553 2075 5630">
     <span class='ocr_line' id='line_1_104' title="bbox 491 5553 2075 5630; baseline 0.004 -24"><span class='ocrx_word' id='word_1_737' title='bbox 491 5553 725 5626; x_wconf 57' lang='lat' dir='ltr'><strong>fugeres</strong></span> <span class='ocrx_word' id='word_1_738' title='bbox 757 5574 772 5610; x_wconf 91' lang='lat'><strong>:</strong></span> <span class='ocrx_word' id='word_1_739' title='bbox 802 5555 1083 5612; x_wconf 81' lang='lat' dir='ltr'><strong>enirnvero</strong></span> <span class='ocrx_word' id='word_1_740' title='bbox 1114 5574 1210 5628; x_wconf 89' lang='lat' dir='ltr'><strong>par</strong></span> <span class='ocrx_word' id='word_1_741' title='bbox 1234 5566 1353 5614; x_wconf 88' lang='lat' dir='ltr'><strong>erat</strong></span> <span class='ocrx_word' id='word_1_742' title='bbox 1391 5565 1452 5612; x_wconf 92' lang='lat' dir='ltr'><strong>ut</strong></span> <span class='ocrx_word' id='word_1_743' title='bbox 1505 5572 1605 5628; x_wconf 90' lang='lat' dir='ltr'><strong>pro</strong></span> <span class='ocrx_word' id='word_1_744' title='bbox 1625 5558 1793 5630; x_wconf 90' lang='lat' dir='ltr'><strong>regali</strong></span> <span class='ocrx_word' id='word_1_745' title='bbox 1835 5558 2075 5627; x_wconf 86' lang='lat' dir='ltr'><strong>pruden-</strong></span> 
     </span>
    </p>
   </div>
   <div class='ocr_carea' id='block_1_105' title="bbox 2167 4549 3752 4624">
    <p class='ocr_par' dir='ltr' id='par_1_105' title="bbox 2167 4549 3752 4624">
     <span class='ocr_line' id='line_1_105' title="bbox 2167 4549 3752 4624; baseline -0.003 -18"><span class='ocrx_word' id='word_1_746' title='bbox 2167 4553 2261 4606; x_wconf 88' lang='grc' dir='ltr'><strong>τοῦ</strong></span> <span class='ocrx_word' id='word_1_747' title='bbox 2286 4551 2595 4624; x_wconf 85' lang='grc' dir='ltr'>κρείττονος</span> <span class='ocrx_word' id='word_1_748' title='bbox 2622 4549 2998 4620; x_wconf 86' lang='grc' dir='ltr'>περιέσεσθαι,</span> <span class='ocrx_word' id='word_1_749' title='bbox 3029 4549 3166 4618; x_wconf 81' lang='grc' dir='ltr'>πρὸς</span> <span class='ocrx_word' id='word_1_750' title='bbox 3199 4549 3514 4603; x_wconf 82' lang='grc' dir='ltr'>τούναντίον</span> <span class='ocrx_word' id='word_1_751' title='bbox 3539 4550 3752 4618; x_wconf 79' lang='grc' dir='ltr'>ἐξώκει-</span> 
     </span>
    </p>
   </div>
   <div class='ocr_carea' id='block_1_106' title="bbox 2167 4641 3752 4714">
    <p class='ocr_par' dir='ltr' id='par_1_106' title="bbox 2167 4641 3752 4714">
     <span class='ocr_line' id='line_1_106' title="bbox 2167 4641 3752 4714; baseline -0.006 -16"><span class='ocrx_word' id='word_1_752' title='bbox 2167 4646 2292 4708; x_wconf 80' lang='grc' dir='ltr'>λας’</span> <span class='ocrx_word' id='word_1_753' title='bbox 2317 4641 2474 4714; x_wconf 81' lang='grc' dir='ltr'>κακῷ</span> <span class='ocrx_word' id='word_1_754' title='bbox 2503 4641 2564 4695; x_wconf 77' lang='grc' dir='ltr'>τὸ</span> <span class='ocrx_word' id='word_1_755' title='bbox 2596 4641 2769 4695; x_wconf 75' lang='grc' dir='ltr'>κακὸν</span> <span class='ocrx_word' id='word_1_756' title='bbox 2798 4641 3311 4712; x_wconf 80' lang='grc' dir='ltr'>προσκτησάμενος,</span> <span class='ocrx_word' id='word_1_757' title='bbox 3351 4642 3453 4710; x_wconf 76' lang='grc' dir='ltr'><strong>οὐχ</strong></span> <span class='ocrx_word' id='word_1_758' title='bbox 3483 4643 3562 4706; x_wconf 85' lang='grc' dir='ltr'><strong>ὡς</strong></span> <span class='ocrx_word' id='word_1_759' title='bbox 3599 4642 3752 4712; x_wconf 70' lang='grc' dir='ltr'>ἐχρῆν</span> 
     </span>
    </p>
   </div>
   <div class='ocr_carea' id='block_1_107' title="bbox 2169 4731 3754 4808">
    <p class='ocr_par' dir='ltr' id='par_1_107' title="bbox 2169 4731 3754 4808">
     <span class='ocr_line' id='line_1_107' title="bbox 2169 4731 3754 4808; baseline -0.004 -18"><span class='ocrx_word' id='word_1_760' title='bbox 2169 4735 2571 4808; x_wconf 84' lang='grc' dir='ltr'>παρωσάμενος</span> <span class='ocrx_word' id='word_1_761' title='bbox 2591 4749 2605 4763; x_wconf 74' lang='grc'><strong>⁸</strong></span> <span class='ocrx_word' id='word_1_762' title='bbox 2640 4733 2736 4786; x_wconf 66' lang='grc' dir='ltr'><strong>καὶ</strong></span> <span class='ocrx_word' id='word_1_763' title='bbox 2769 4734 2817 4785; x_wconf 76' lang='grc' dir='ltr'>εἰ</span> <span class='ocrx_word' id='word_1_764' title='bbox 2852 4732 2951 4802; x_wconf 83' lang='grc' dir='ltr'><strong>μὲν</strong></span> <span class='ocrx_word' id='word_1_765' title='bbox 2965 4731 3104 4800; x_wconf 76' lang='grc' dir='ltr'>πρὸς</span> <span class='ocrx_word' id='word_1_766' title='bbox 3126 4731 3252 4794; x_wconf 82' lang='grc' dir='ltr'>τοὺς</span> <span class='ocrx_word' id='word_1_767' title='bbox 3275 4731 3538 4802; x_wconf 83' lang='grc' dir='ltr'>ἐλέγχους</span> <span class='ocrx_word' id='word_1_768' title='bbox 3569 4733 3754 4798; x_wconf 55' lang='lat' dir='ltr'><strong>Besso-</strong></span> 
     </span>
    </p>
   </div>
   <div class='ocr_carea' id='block_1_108' title="bbox 2174 4822 3752 4900">
    <p class='ocr_par' dir='ltr' id='par_1_108' title="bbox 2174 4822 3752 4900">
     <span class='ocr_line' id='line_1_108' title="bbox 2174 4822 3752 4900; baseline -0.004 -20"><span class='ocrx_word' id='word_1_769' title='bbox 2174 4827 2283 4900; x_wconf 85' lang='grc' dir='ltr'><strong>ρῶν</strong></span> <span class='ocrx_word' id='word_1_770' title='bbox 2335 4828 2416 4890; x_wconf 82' lang='grc' dir='ltr'><strong>είς</strong></span> <span class='ocrx_word' id='word_1_771' title='bbox 2466 4823 2628 4878; x_wconf 88' lang='grc' dir='ltr'>τοῦτο</span> <span class='ocrx_word' id='word_1_772' title='bbox 2677 4824 2886 4891; x_wconf 84' lang='grc' dir='ltr'>τάξεως</span> <span class='ocrx_word' id='word_1_773' title='bbox 2931 4823 3184 4893; x_wconf 61' lang='grc' dir='ltr'>ήλασαςν</span> <span class='ocrx_word' id='word_1_774' title='bbox 3240 4823 3572 4877; x_wconf 80' lang='grc' dir='ltr'>ἀπαιδευσία</span> <span class='ocrx_word' id='word_1_775' title='bbox 3609 4822 3752 4876; x_wconf 79' lang='grc' dir='ltr'>τοῦτο</span> 
     </span>
    </p>
   </div>
   <div class='ocr_carea' id='block_1_109' title="bbox 2169 4912 3751 4988">
    <p class='ocr_par' dir='ltr' id='par_1_109' title="bbox 2169 4912 3751 4988">
     <span class='ocr_line' id='line_1_109' title="bbox 2169 4912 3751 4988; baseline -0.006 -16"><span class='ocrx_word' id='word_1_776' title='bbox 2169 4919 2368 4988; x_wconf 69' lang='grc' dir='ltr'>σαφής.</span> <span class='ocrx_word' id='word_1_777' title='bbox 2405 4915 2651 4984; x_wconf 75' lang='grc' dir='ltr'>Ἀγαπᾷν</span> <span class='ocrx_word' id='word_1_778' title='bbox 2676 4914 2806 4985; x_wconf 75' lang='grc' dir='ltr'>γὰρ,</span> <span class='ocrx_word' id='word_1_779' title='bbox 2825 4913 2886 4966; x_wconf 82' lang='grc' dir='ltr'><strong>οὐ</strong></span> <span class='ocrx_word' id='word_1_780' title='bbox 2907 4913 3074 4984; x_wconf 76' lang='grc' dir='ltr'>φονᾷν</span> <span class='ocrx_word' id='word_1_781' title='bbox 3099 4913 3228 4976; x_wconf 74' lang='grc' dir='ltr'>ἔδει,</span> <span class='ocrx_word' id='word_1_782' title='bbox 3259 4912 3336 4975; x_wconf 86' lang='grc' dir='ltr'>ὡς</span> <span class='ocrx_word' id='word_1_783' title='bbox 3357 4913 3436 4982; x_wconf 81' lang='grc' dir='ltr'><strong>τῷ</strong></span> <span class='ocrx_word' id='word_1_784' title='bbox 3461 4913 3751 4982; x_wconf 78' lang='grc' dir='ltr'>Σολομῶντι</span> 
     </span>
    </p>
   </div>
   <div class='ocr_carea' id='block_1_110' title="bbox 2168 5003 3748 5076">
    <p class='ocr_par' dir='ltr' id='par_1_110' title="bbox 2168 5003 3748 5076">
     <span class='ocr_line' id='line_1_110' title="bbox 2168 5003 3748 5076; baseline -0.006 -13"><span class='ocrx_word' id='word_1_785' title='bbox 2168 5010 2337 5073; x_wconf 82' lang='grc' dir='ltr'>δοκεῖ,</span> <span class='ocrx_word' id='word_1_786' title='bbox 2389 5007 2720 5076; x_wconf 84' lang='grc' dir='ltr'>ἐλέγχοντα’</span> <span class='ocrx_word' id='word_1_787' title='bbox 2768 5005 2845 5067; x_wconf 84' lang='grc' dir='ltr'>ὡς</span> <span class='ocrx_word' id='word_1_788' title='bbox 2901 5003 2967 5058; x_wconf 78' lang='grc' dir='ltr'>ἂν</span> <span class='ocrx_word' id='word_1_789' title='bbox 3015 5003 3091 5074; x_wconf 79' lang='grc' dir='ltr'>μὴ</span> <span class='ocrx_word' id='word_1_790' title='bbox 3149 5004 3246 5057; x_wconf 70' lang='grc' dir='ltr'><strong>καὶ</strong></span> <span class='ocrx_word' id='word_1_791' title='bbox 3288 5004 3456 5068; x_wconf 75' lang='grc' dir='ltr'>αὐτὸς</span> <span class='ocrx_word' id='word_1_792' title='bbox 3493 5003 3748 5073; x_wconf 67' lang='grc' dir='ltr'>ἀκούσης·</span> 
     </span>
    </p>
   </div>
   <div class='ocr_carea' id='block_1_111' title="bbox 2177 5095 3750 5170">
    <p class='ocr_par' dir='ltr' id='par_1_111' title="bbox 2177 5095 3750 5170">
     <span class='ocr_line' id='line_1_111' title="bbox 2177 5095 3750 5170; baseline -0.006 -16"><span class='ocrx_word' id='word_1_793' title='bbox 2177 5121 2198 5154; x_wconf 76' lang='lat' dir='ltr'><strong>r</strong></span> <span class='ocrx_word' id='word_1_794' title='bbox 2249 5100 2554 5170; x_wconf 85' lang='grc' dir='ltr'>Ἐμίσησαν</span> <span class='ocrx_word' id='word_1_795' title='bbox 2584 5099 2643 5151; x_wconf 81' lang='grc' dir='ltr'><strong>ἐν</strong></span> <span class='ocrx_word' id='word_1_796' title='bbox 2674 5096 2873 5160; x_wconf 82' lang='grc' dir='ltr'>πύλαις</span> <span class='ocrx_word' id='word_1_797' title='bbox 2923 5095 3238 5166; x_wconf 83' lang='grc' dir='ltr'>ἐλέγχοντα,</span> <span class='ocrx_word' id='word_1_798' title='bbox 3283 5097 3380 5149; x_wconf 71' lang='grc' dir='ltr'><strong>καὶ</strong></span> <span class='ocrx_word' id='word_1_799' title='bbox 3429 5095 3594 5164; x_wconf 87' lang='grc' dir='ltr'>λόγον</span> <span class='ocrx_word' id='word_1_800' title='bbox 3620 5097 3750 5148; x_wconf 83' lang='grc' dir='ltr'>ὅσιον</span> 
     </span>
    </p>
   </div>
   <div class='ocr_carea' id='block_1_112' title="bbox 2175 5185 3748 5258">
    <p class='ocr_par' dir='ltr' id='par_1_112' title="bbox 2175 5185 3748 5258">
     <span class='ocr_line' id='line_1_112' title="bbox 2175 5185 3748 5258; baseline -0.006 -11"><span class='ocrx_word' id='word_1_801' title='bbox 2175 5191 2552 5256; x_wconf 75' lang='grc' dir='ltr'>ἐϐδελῦξαντο.</span> <span class='ocrx_word' id='word_1_802' title='bbox 2594 5207 2612 5240; x_wconf 73' lang='grc' dir='ltr'><strong>ι</strong></span> <span class='ocrx_word' id='word_1_803' title='bbox 2645 5189 2705 5241; x_wconf 72' lang='lat' dir='ltr'><strong>Ei</strong></span> <span class='ocrx_word' id='word_1_804' title='bbox 2736 5187 2792 5242; x_wconf 75' lang='grc' dir='ltr'>δὲ</span> <span class='ocrx_word' id='word_1_805' title='bbox 2822 5185 2918 5240; x_wconf 91' lang='grc' dir='ltr'><strong>τοῦ</strong></span> <span class='ocrx_word' id='word_1_806' title='bbox 2966 5187 3216 5258; x_wconf 77' lang='grc' dir='ltr'>εὐορκεῖν</span> <span class='ocrx_word' id='word_1_807' title='bbox 3253 5189 3666 5258; x_wconf 76' lang='grc' dir='ltr'>περιεχόμενος,</span> <span class='ocrx_word' id='word_1_808' title='bbox 3697 5187 3748 5238; x_wconf 75' lang='grc' dir='ltr'><strong>τὸ</strong></span> 
     </span>
    </p>
   </div>
   <div class='ocr_carea' id='block_1_113' title="bbox 2183 5263 3746 5356">
    <p class='ocr_par' dir='ltr' id='par_1_113' title="bbox 2183 5277 3746 5356">
     <span class='ocr_line' id='line_1_113' title="bbox 2183 5277 3746 5356; baseline -0.008 -17"><span class='ocrx_word' id='word_1_809' title='bbox 2183 5285 2484 5356; x_wconf 73' lang='grc' dir='ltr'>μιαιφονεῖν</span> <span class='ocrx_word' id='word_1_810' title='bbox 2520 5281 2924 5352; x_wconf 87' lang='grc' dir='ltr'>προετίμησας,</span> <span class='ocrx_word' id='word_1_811' title='bbox 2981 5277 3056 5341; x_wconf 88' lang='grc' dir='ltr'>ὡς</span> <span class='ocrx_word' id='word_1_812' title='bbox 3084 5279 3182 5348; x_wconf 86' lang='grc' dir='ltr'>τῆς</span> <span class='ocrx_word' id='word_1_813' title='bbox 3219 5279 3511 5348; x_wconf 83' lang='grc' dir='ltr'>ἐπιορκίας</span> <span class='ocrx_word' id='word_1_814' title='bbox 3548 5278 3746 5346; x_wconf 64' lang='grc' dir='ltr'>φεύγων</span> 
     </span>
    </p>
   </div>
   <div class='ocr_carea' id='block_1_114' title="bbox 2178 5371 3746 5449">
    <p class='ocr_par' dir='ltr' id='par_1_114' title="bbox 2178 5371 3746 5449">
     <span class='ocr_line' id='line_1_114' title="bbox 2178 5371 3746 5449; baseline -0.005 -20"><span class='ocrx_word' id='word_1_815' title='bbox 2178 5377 2238 5430; x_wconf 71' lang='grc' dir='ltr'>τὸ</span> <span class='ocrx_word' id='word_1_816' title='bbox 2271 5375 2546 5448; x_wconf 79' lang='grc' dir='ltr'>βάραθρον</span> <span class='ocrx_word' id='word_1_817' title='bbox 2568 5391 2583 5406; x_wconf 80' lang='grc' dir='ltr'><strong>ο</strong></span> <span class='ocrx_word' id='word_1_818' title='bbox 2624 5373 2739 5427; x_wconf 76' lang='grc' dir='ltr'>ἀλλ’</span> <span class='ocrx_word' id='word_1_819' title='bbox 2782 5372 2889 5425; x_wconf 77' lang='grc' dir='ltr'>ἔδει</span> <span class='ocrx_word' id='word_1_820' title='bbox 2931 5371 3190 5449; x_wconf 80' lang='grc' dir='ltr'>βασιλείῳ</span> <span class='ocrx_word' id='word_1_821' title='bbox 3219 5373 3556 5442; x_wconf 76' lang='grc' dir='ltr'>φρονήματι,</span> <span class='ocrx_word' id='word_1_822' title='bbox 3581 5371 3746 5440; x_wconf 74' lang='grc' dir='ltr'>δικαία</span> 
     </span>
    </p>
   </div>
   <div class='ocr_carea' id='block_1_115' title="bbox 2179 5462 3745 5536">
    <p class='ocr_par' dir='ltr' id='par_1_115' title="bbox 2179 5462 3745 5536">
     <span class='ocr_line' id='line_1_115' title="bbox 2179 5462 3745 5536; baseline -0.007 -15"><span class='ocrx_word' id='word_1_823' title='bbox 2179 5469 2274 5521; x_wconf 83' lang='grc' dir='ltr'><strong>τοῦ</strong></span> <span class='ocrx_word' id='word_1_824' title='bbox 2297 5467 2390 5521; x_wconf 87' lang='grc' dir='ltr'><strong>νοῦ</strong></span> <span class='ocrx_word' id='word_1_825' title='bbox 2423 5466 2640 5536; x_wconf 79' lang='grc' dir='ltr'>στάθμῃ</span> <span class='ocrx_word' id='word_1_826' title='bbox 2671 5463 3159 5518; x_wconf 83' lang='grc' dir='ltr'>ἀντιτα).αντεῦσαι</span> <span class='ocrx_word' id='word_1_827' title='bbox 3191 5464 3298 5534; x_wconf 67' lang='grc' dir='ltr'>’τὴν</span> <span class='ocrx_word' id='word_1_828' title='bbox 3332 5462 3638 5534; x_wconf 80' lang='grc' dir='ltr'>σύγκρισιν.</span> <span class='ocrx_word' id='word_1_829' title='bbox 3666 5462 3745 5520; x_wconf 78' lang='grc' dir='ltr'>καὶ</span> 
     </span>
    </p>
   </div>
   <div class='ocr_carea' id='block_1_116' title="bbox 2181 5552 3744 5630">
    <p class='ocr_par' dir='ltr' id='par_1_116' title="bbox 2181 5552 3744 5630">
     <span class='ocr_line' id='line_1_116' title="bbox 2181 5552 3744 5630; baseline -0.006 -17"><span class='ocrx_word' id='word_1_830' title='bbox 2181 5561 2280 5630; x_wconf 83' lang='grc' dir='ltr'>τῆς</span> <span class='ocrx_word' id='word_1_831' title='bbox 2301 5559 2510 5629; x_wconf 87' lang='grc' dir='ltr'>ἀμείνω</span> <span class='ocrx_word' id='word_1_832' title='bbox 2541 5555 2796 5626; x_wconf 81' lang='grc' dir='ltr'>γενέσθαι</span> <span class='ocrx_word' id='word_1_833' title='bbox 2828 5555 3025 5626; x_wconf 84' lang='grc' dir='ltr'>μοίρας</span> <span class='ocrx_word' id='word_1_834' title='bbox 3051 5572 3066 5586; x_wconf 90' lang='grc'><strong>·</strong></span> <span class='ocrx_word' id='word_1_835' title='bbox 3106 5555 3243 5624; x_wconf 78' lang='grc' dir='ltr'>ὅπερ</span> <span class='ocrx_word' id='word_1_836' title='bbox 3267 5553 3352 5607; x_wconf 77' lang='grc' dir='ltr'>σοὶ</span> <span class='ocrx_word' id='word_1_837' title='bbox 3383 5552 3520 5624; x_wconf 71' lang='grc' dir='ltr'>πρὸς</span> <span class='ocrx_word' id='word_1_838' title='bbox 3543 5553 3744 5606; x_wconf 75' lang='grc' dir='ltr'>τοῦναν·</span> 
     </span>
    </p>
   </div>
   <div class='ocr_carea' id='block_1_117' title="bbox 576 5703 3514 5808">
    <p class='ocr_par' dir='ltr' id='par_1_117' title="bbox 576 5703 3514 5808">
     <span class='ocr_line' id='line_1_117' title="bbox 576 5703 3514 5808; baseline 0.002 -30"><span class='ocrx_word' id='word_1_839' title='bbox 576 5717 588 5751; x_wconf 67' lang='grc' dir='ltr'><strong>ί</strong></span> <span class='ocrx_word' id='word_1_840' title='bbox 642 5725 706 5778; x_wconf 84' lang='grc' dir='ltr'><strong>Μ·</strong></span> <span class='ocrx_word' id='word_1_841' title='bbox 732 5744 808 5782; x_wconf 80' lang='lat' dir='ltr'><strong>re.</strong></span> <span class='ocrx_word' id='word_1_842' title='bbox 858 5747 930 5795; x_wconf 72' lang='grc' dir='ltr'><strong>τι,</strong></span> <span class='ocrx_word' id='word_1_843' title='bbox 991 5732 1178 5786; x_wconf 70' lang='lat' dir='ltr'><strong>Eli-23.</strong></span> <span class='ocrx_word' id='word_1_844' title='bbox 1261 5745 1274 5784; x_wconf 75' lang='grc' dir='ltr'><strong>ι</strong></span> <span class='ocrx_word' id='word_1_845' title='bbox 1323 5735 1365 5788; x_wconf 86' lang='lat' dir='ltr'><strong>li</strong></span> <span class='ocrx_word' id='word_1_846' title='bbox 1415 5732 1548 5805; x_wconf 72' lang='lat' dir='ltr'><strong>Reg.</strong></span> <span class='ocrx_word' id='word_1_847' title='bbox 1603 5750 1699 5798; x_wconf 82' lang='lat' dir='ltr'><strong>xu,</strong></span> <span class='ocrx_word' id='word_1_848' title='bbox 1745 5737 1791 5790; x_wconf 91' lang='lat' dir='ltr'><strong>l.</strong></span> <span class='ocrx_word' id='word_1_849' title='bbox 1874 5736 1899 5776; x_wconf 83' lang='grc' dir='ltr'>Ιι</span> <span class='ocrx_word' id='word_1_850' title='bbox 1943 5735 1964 5789; x_wconf 93' lang='grc' dir='ltr'><strong>ι</strong></span> <span class='ocrx_word' id='word_1_851' title='bbox 2003 5736 2137 5808; x_wconf 77' lang='lat' dir='ltr'><strong>Reg.</strong></span> <span class='ocrx_word' id='word_1_852' title='bbox 2169 5751 2260 5801; x_wconf 79' lang='lat' dir='ltr'><strong>xv,</strong></span> <span class='ocrx_word' id='word_1_853' title='bbox 2308 5733 2402 5786; x_wconf 66' lang='lat'><strong>25.</strong></span> <span class='ocrx_word' id='word_1_854' title='bbox 2484 5703 2808 5798; x_wconf 74' lang='lat' dir='ltr'><strong>li’rov..ix,</strong></span> <span class='ocrx_word' id='word_1_855' title='bbox 2867 5728 2918 5786; x_wconf 86' lang='lat'><strong>8.</strong></span> <span class='ocrx_word' id='word_1_856' title='bbox 2998 5738 3034 5760; x_wconf 89' lang='lat'><strong>&quot;&#39;</strong></span> <span class='ocrx_word' id='word_1_857' title='bbox 3066 5730 3172 5786; x_wconf 86' lang='lat' dir='ltr'><strong>lsa.</strong></span> <span class='ocrx_word' id='word_1_858' title='bbox 3215 5745 3366 5796; x_wconf 71' lang='lat' dir='ltr'><strong>una,</strong></span> <span class='ocrx_word' id='word_1_859' title='bbox 3424 5729 3514 5784; x_wconf 76' lang='lat'><strong>2!.</strong></span> 
     </span>
    </p>
   </div>
  </div>
