4016 6130
302 251 433 317 1121

1327 256 1413 319 IN
1455 258 1515 318 s.
1553 256 1879 319 JOANNIS
1909 218 2575 318 DECOLLATIQNEM.

3424 256 3562 322 1122

295 372 408 423 τεσν
439 368 505 422 ἐκ
523 367 839 441 παραλόγου
858 360 1354 440 πεπραγμάτευται
1378 371 1623 443 γνώμης.
1658 371 1754 432 Τίς
1765 372 1874 441 γάρ

1978 371 2077 433 tia,
2133 370 2365 426 alterius
2415 385 2540 426 cum
2572 369 2748 426 altero
2805 371 3283 440 comparationem
3326 371 3564 441 iustitiae

291 463 321 515 ό
349 460 447 514 τῶν
471 461 648 532 ἀρχὴν
687 462 885 532 ὀμόσαι
949 465 1454 532 προσαναγκάσας;
1503 465 1569 517 Τί
1609 464 1666 517 δὲ
1698 464 1875 517 κοινὸν

296 552 557 621 μαινάδος
586 552 811 622 ὀρχήσει
839 553 1050 621 παιδὸς,
1086 555 1180 609 καὶ
1210 557 1494 627 προφήτου
1528 559 1708 627 σφαγῇ
1733 573 1748 623 ;
1781 557 1876 619 Τίς

287 643 349 697 δὲ
377 643 639 713 μετουσία
668 642 843 713 θυμοῦ
875 646 995 715 μετ’
1023 646 1365 717 εὐφροσύνης
1395 663 1412 716 ;
1448 648 1510 701 Εἰ
1546 648 1604 701 δὲ
1628 647 1718 701 διὰ
1749 648 1878 710 τοὺς

293 740 510 807 ὅρκους,
568 737 646 799 ὡς
704 738 872 801 αὐτὸς
911 738 1046 793 οῖεν
1073 740 1188 794 ἀλλ’
1229 741 1338 794 οὐδ’
1368 741 1543 805 οὕτως
1574 741 1744 811 ἐχρῆν
1777 741 1876 811 τὴν

291 830 474 901 ψῆφον
502 830 796 900 ἐπιτρέψαι
821 833 887 902 τῇ
922 831 1081 904 μέθῃ.
1135 832 1454 902 Εὑφρασίας
1495 831 1625 902 γὰρ,
1659 833 1757 885 οὐκ
1784 832 1878 884 ἀν-

292 920 608 991 δροκτονίας
640 915 709 992 ἦν
737 923 765 974 ὁ
795 921 1007 992 καιρός.
1042 923 1152 975 Καὶ
1173 923 1232 975 τό
1264 939 1328 991 γε
1353 924 1589 994 πρᾶγμα
1617 922 1879 985 ἐπιεικῶς

291 1012 516 1075 ἄτοπον,
545 1012 641 1065 καὶ
669 1013 1013 1083 παράφορον.
1075 1014 1360 1082 Νήφοντος
1412 1013 1525 1084 γὰρ
1560 1013 1732 1067 ἐδεῖτο
1759 1032 1879 1069 και-

291 1103 412 1172 ροῦ,
443 1103 533 1154 καὶ
554 1101 818 1169 λογισμοῦ
852 1100 1165 1172 βεϐηκότος.
1213 1102 1286 1153 Οὐ
1318 1102 1427 1172 γὰρ
1483 1102 1614 1172 περὶ
1645 1099 1739 1154 τοῦ
1783 1118 1880 1153 τυ-

237 1172 245 1181 .
291 1194 480 1263 χόντος
500 1195 534 1262 ἡ
568 1192 761 1263 βλάϐη.
793 1194 963 1260 Πλὴν,
994 1192 1110 1245 ἀλλ’
1140 1194 1194 1244 εί
1217 1210 1271 1245 τι
1316 1194 1413 1246 καὶ
1445 1192 1728 1263 κέκρυπτο
1752 1193 1878 1247 λαν-

290 1284 456 1336 θάνον
476 1282 612 1344 τέως
642 1280 754 1332 τῶν
778 1282 835 1333 ἐν
863 1280 947 1332 σοὶ
983 1278 1189 1343 κακῶν,
1222 1278 1380 1332 τοῦτο
1403 1279 1467 1332 σὺ
1500 1278 1643 1332 κατὰ
1675 1277 1874 1331 σαυτοῦ

290 1374 713 1446 πεφανέρωκας,
735 1372 1038 1444 μιαιφονίᾳ,
1062 1371 1162 1441 τῆς
1186 1370 1534 1442 παρανομίας
1550 1372 1877 1443 ἀπογυμνὼ-

290 1483 396 1531 σας
421 1467 512 1520 τὸν
537 1466 780 1534 ἔλεγχον.
813 1465 909 1528 Τίς
931 1464 1040 1534 γάρ
1068 1464 1313 1539 ἀνάγκη,
1348 1463 1443 1517 τὸν
1484 1465 1546 1516 ἐν
1584 1464 1664 1534 τῷ
1694 1482 1876 1534 παρα-

288 1558 479 1627 ϐύστῳ
514 1556 791 1627 μοιχεύειν
849 1555 1209 1625 ἀπείργοντα,
1237 1556 1331 1609 ἐπὶ
1382 1554 1655 1626 Θριάμϐου
1686 1557 1875 1626 φέρειν

289 1649 618 1719 ἐλέγχοντα;
650 1649 721 1702 Σὺ
749 1648 808 1702 δέ
839 1647 1144 1719 φιληδονῶν
1171 1648 1397 1720 ἐλέγχῃ,
1440 1649 1766 1718 μιαιφονῶν.

1981 461 2187 514 trutina
2246 463 2612 532 expenderes,
2677 476 2742 516 ac
2776 476 2808 516 a
2858 464 3071 518 meliori
3121 473 3278 534 parte
3334 473 3567 541 staresz.

1978 553 2126 621 quod
2180 568 2341 610 secus
2387 555 2616 608 omnino
2652 569 2718 609 ex
2743 556 2922 609 aliena
2959 571 2987 608 a
3020 558 3233 610 ratione
3272 557 3563 621 voluntate

1980 646 2215 701 molitus
2247 663 2329 702 es.
2367 646 2503 712 Quis
2559 649 2705 702 enim
2748 655 2801 702 te
2827 649 2896 703 ab
2930 648 3086 704 initio
3119 649 3294 720 coegit
3319 649 3562 720 jurare?

1979 735 2123 802 Quid
2179 737 2451 793 Mainadis
2521 739 2716 808 puellae
2768 739 3344 794 saltatio~commune
3393 739 3560 793 habet

1978 842 2106 880 cum
2155 843 2289 882 nece
2335 830 2665 900 prophetze?
2700 829 2960 895 Quanam
3008 830 3107 883 irae
3154 831 3393 884 societas
3434 845 3558 885 cum

1978 918 2209 972 laetitia?
2264 917 2361 972 Sin
2418 936 2553 974 vero
2619 928 2845 990 propter
2905 920 3325 990 jusjurandum,
3364 922 3564 991 utipse

1981 1012 2279 1080 opinaris:
2323 1026 2387 1065 ac
2447 1028 2514 1066 ne
2554 1014 2638 1067 sic
2692 1012 2916 1082 quidem
2968 1013 3258 1069 sententiae
3314 1013 3563 1068 calculus

1979 1100 2250 1155 ebrietate
2305 1103 2708 1170 permittendus
2741 1112 2881 1156 erat.
2930 1103 3145 1173 Quippe
3196 1111 3315 1185 erat
3360 1104 3564 1158 laetitias

1979 1198 2222 1260 tempus,
2256 1208 2368 1246 non
2392 1192 2580 1248 caedis.
2614 1194 2688 1247 Ac
2712 1196 2872 1263 plane
2894 1210 2985 1250 res
3007 1195 3304 1264 ejusmodi.
3324 1195 3563 1252 absurda

1983 1297 2048 1337 ac
2098 1283 2403 1352 praecipitis
2464 1284 2687 1339 consilii
2743 1293 2885 1339 erat.
2948 1284 3082 1339 Erat
3113 1286 3387 1355 siquidem
3421 1301 3562 1356 opus

1985 1383 2230 1443 tempore
2260 1374 2471 1438 sobrio,
2503 1391 2567 1429 ac
2590 1375 2781 1430 sedata
2826 1379 3061 1432 ratione.
3100 1374 3220 1431 Non
3256 1379 3401 1432 enim
3429 1378 3565 1433 levis

1975 1465 2194 1535 jactura
2254 1465 2436 1521 futura
2471 1456 2612 1522 erat.
2649 1466 2756 1522 Sed
2797 1468 3106 1535 enimvero,
3152 1477 3212 1524 ut
3241 1470 3371 1539 quid
3395 1471 3563 1525 etiam

1980 1575 2011 1614 e
2040 1559 2150 1615 tuis
2189 1561 2319 1614 mali
2356 1561 2623 1616 hactenus
2649 1562 2927 1615 occultum
2971 1562 3189 1626 lateret,
3229 1564 3280 1616 id
3318 1563 3435 1632 ipse
3467 1563 3565 1617 ad-

1981 1666 2199 1707 versum
2245 1664 2297 1708 te
2348 1652 2703 1708 manifestum
2755 1652 3065 1717 reddidisti,
3114 1654 3263 1710 carde
3308 1653 3564 1723 aperiens

288 1743 583 1812 ﬂagitium,
632 1741 824 1817 cujus,
848 1741 1193 1808 arguebaris.
1248 1740 1392 1807 Quid
1429 1740 1576 1794 enim
1630 1756 1858 1796 necesse
1898 1730 2021 1797 erat
2051 1752 2112 1798 ut
2143 1759 2266 1798 eum
2294 1785 2309 1810 ,
2338 1745 2434 1815 qui
2470 1745 2525 1799 in
2592 1747 2814 1801 occulto
2859 1747 3126 1801 mmehari
3196 1747 3560 1818 prohibebat,

290 1834 783 1906 reprehendentem
820 1834 1103 1904 trimnpho
1134 1834 1486 1891 traduceres?
1542 1834 1623 1889 Tu
1682 1836 1867 1923 igitur,
1908 1838 2038 1893 dum
2069 1838 2273 1893 eaedem
2314 1847 2521 1906 patras,
2558 1842 2808 1912 argueris
2833 1842 3098 1908 libidinis.

360 1926 631 1997 Συνέχεας
683 1926 783 1995 τὴν
837 1923 994 1990 τάξιν
1046 1926 1146 1994 τῆς
1195 1926 1523 1992 ἑστιάσεως,
1595 1927 1874 2000 ἄνθρωπε.

2053 1929 2315 1986 Ordinem
2354 1933 2591 1986 convivii
2621 1933 2943 1996 confudisti,
2970 1949 3003 1988 ο
3032 1934 3218 1990 Ιιοιηο.
3262 1934 3394 1991 Nam
3430 1953 3557 1993 cum

294 2018 524 2089 Ἕστιᾷν
576 2017 969 2090 προελόμενος,
1009 2019 1168 2090 ἀνιᾷν
1213 2020 1341 2082 τοὺς
1370 2020 1702 2092 δαιτυμόνας
1745 2039 1880 2092 προ-

288 2112 542 2181 έκρινας.
575 2110 641 2163 Τί
667 2112 868 2175 ποιεῖς,
904 2109 1093 2173 άθλιες
1144 2110 1285 2165 Ἀντ’
1322 2112 1641 2183 ἐδέσματος,
1675 2113 1881 2186 ταύτην

288 2199 935 2272 προσεδωδὴνβίσάγεις,
955 2200 1056 2269 τὴν
1075 2199 1317 2271 κεφαλὴν
1345 2201 1438 2254 τοῦ
1466 2202 1835 2267 Βαπτίζοντος
1860 2221 1874 2271 ;

303 2293 453 2347 Ἀντὶ
484 2291 786 2364 κρατῆρος,
828 2292 1072 2344 τοιδῦτον
1117 2295 1379 2362 οἰνοχοεῖς
1416 2296 1530 2356 τοῖς
1572 2295 1879 2365 συμπόταις

287 2389 382 2441 τὸν
404 2387 678 2457 ἄκρατον;
719 2386 977 2466 Τοιοῦτον
1023 2387 1245 2458 κίρνησι
1281 2387 1539 2458 βασιλεὺς
1578 2390 1730 2458 πόμα
1765 2392 1877 2453 τοῖς

288 2479 627 2550 συμϐούλοις
651 2496 666 2545 ;
703 2479 772 2531 Ἢ
798 2480 897 2549 οὐχ
930 2480 1064 2549 ὁρᾷς
1096 2481 1222 2532 ὅσον
1239 2480 1411 2533 κακόν
1439 2483 1586 2534 ἐστιν
1614 2482 1873 2554 ἀκρασία,

288 2575 390 2626 καὶ
414 2572 692 2644 φιλήδονος
715 2572 909 2644 πρᾶξις
932 2589 948 2637 ;
986 2571 1311 2642 Ἀνάνηψον,
1341 2574 1390 2625 εἰ
1420 2573 1631 2643 βούλει,
1657 2575 1874 2645 μικρὸν,

286 2665 385 2716 καὶ
404 2663 601 2724 σύνεςο
670 2664 746 2725 ὡς
805 2661 961 2714 οὐδὲν
1010 2660 1186 2723 οὕτως
1232 2662 1572 2715 ἐπιλωϐἄται
1604 2664 1695 2717 τὸν
1725 2664 1877 2727 ἐντὸς

288 2754 669 2825 ἇνθρωπον,ἢ
700 2755 791 2807 τὸν
818 2753 979 2817 ἐκτὸς
1017 2752 1392 2818 ἐπιϐόσκεται,
1443 2754 1519 2817 ὡς
1550 2753 1720 2825 Θυμὸς
1747 2754 1878 2808 ταύ-

282 2864 416 2909 ταις
444 2844 966 2916 ἐξυπηρετούμενος.
993 2845 1065 2898 Σὺ
1110 2844 1189 2907 δὲ,
1222 2844 1433 2908 τούτοις
1461 2847 1525 2898 ἐκ
1559 2846 1876 2915 περιουσίας

284 2933 596 3000 ὑποζεύξας
654 2934 746 2986 τὸν
777 2934 924 2995 νοῦν,
986 2932 1047 2985 τὸ
1083 2934 1181 3000 τῆς
1215 2931 1394 3002 ψυχῆς
1454 2932 1875 2997 κατεδούλωσας

286 3026 569 3095 φρόνημα.
614 3024 809 3078 Καίτοι
844 3023 939 3076 δύο
972 3023 1315 3091 γενικώτατα
1349 3024 1497 3093 πάθη
1522 3024 1630 3077 τῶν
1657 3027 1713 3078 ἐν
1743 3027 1875 3096 ἡμῖν

285 3118 549 3171 ἁπάντων
610 3115 825 3182 παθῶν,
858 3115 908 3167 oi
942 3114 1073 3186 περὶ
1094 3113 1267 3167 ταῦτα
1300 3114 1477 3184 σοφοὶ,
1505 3115 1870 3186 διορίζονται·

286 3208 484 3280 θυμὸν,
520 3209 615 3262 καὶ
650 3206 949 3278 ἐπιθυμίαν
969 3223 983 3238 ·
1008 3200 1082 3260 ὧν
1104 3206 1365 3276 ἑκάτερον
1387 3207 1446 3259 ὲν
1465 3207 1549 3259 σοὶ
1573 3207 1872 3278 ἐπικρατῆ-

1983 2022 2278 2077 statuisses
2333 2024 2589 2077 convivio
2652 2024 2937 2094 excipere,
3013 2027 3258 2081 maluisti
3316 2030 3566 2085 convivis

1982 2114 2290 2168 molestiam
2327 2112 2529 2169 facere.
2553 2114 2692 2180 Quid
2726 2114 2885 2181 facis,
2905 2131 2938 2181 ο
2972 2119 3185 2172 miser?
3212 2119 3318 2172 Pro
3343 2120 3564 2182 cibone,

1979 2213 2147 2275 caput
2177 2205 2436 2274 Baptistae
2456 2209 2523 2260 ad
2560 2222 2716 2262 esum
2755 2207 3015 2263 inducis?
3047 2208 3152 2264 Pro
3182 2221 3421 2277 cratere,
3457 2213 3565 2266 tale

1980 2313 2194 2352 merum
2247 2296 2487 2353 aﬂ‘undis
2533 2300 2824 2355 convivis?
2856 2300 3042 2355 Talem
3093 2318 3187 2357 rex
3220 2312 3406 2373 potum
3443 2308 3564 2361 suis

1979 2397 2252 2459 temperat
2300 2391 2687 2446 consiliariis?
2713 2393 2794 2445 An
2828 2409 2936 2447 non
2973 2394 3127 2449 vides
3157 2405 3423 2464 quantum
3450 2413 3564 2450 ina-

1980 2483 2091 2536 lnm
2150 2484 2219 2537 sit
2259 2483 2709 2553 intemperantia,
2756 2493 2810 2539 et
2838 2488 2983 2540 actio
3030 2487 3366 2543 libidinosa?
3396 2488 3477 2541 Ad
3509 2497 3563 2542 te

1980 2589 2172 2644 parum
2218 2575 2357 2637 redi.
2397 2575 2442 2630 si
2486 2576 2591 2642 vis,
2622 2586 2673 2630 et
2739 2576 2999 2647 intellige,
3036 2585 3096 2631 ut
3144 2579 3277 2633 nihil
3314 2580 3385 2634 sit
3411 2581 3561 2650 quod

1979 2666 2259 2720 internum
2312 2665 2449 2720 adeo
2482 2667 2645 2720 laedat
2690 2668 2999 2733 hominum,
3053 2684 3119 2723 ac
3159 2671 3239 2724 sic
3267 2680 3560 2726 externum

1977 2753 2258 2823 deposcat,
2302 2755 2379 2807 uti
2415 2756 2482 2807 iis
2517 2756 2826 2824 obsequens
2886 2759 2967 2811 ira
2989 2753 3228 2824 (21).Tu
3258 2768 3440 2814 autem
3493 2777 3561 2816 ex

1978 2845 2277 2900 abundanti
2332 2854 2569 2900 mentem
2598 2846 2709 2901 illis
2757 2848 3087 2920 subjugans,
3138 2850 3305 2904 animi
3337 2868 3558 2907 sensum

1977 2937 2252 3007 captivum
2281 2936 2534 2992 elfecisti.
2576 2938 2747 3008 Atqui
2773 2940 3018 2993 omnium
3046 2958 3237 2994 earum
3270 2958 3392 3011 quae
3431 2953 3560 2999 sunt

1978 3031 2031 3085 in
2070 3030 2251 3095 nobis,
2293 3029 2667 3095 alfectionum,
2707 3034 2806 3086 has
2839 3032 2979 3087 duas
3012 3034 3248 3088 maxime
3274 3038 3560 3102 generales

1976 3117 2247 3173 deﬁniunt
2296 3122 2536 3176 morales
2582 3122 2917 3193 philosophi,
2950 3123 3091 3177 iram
3127 3126 3344 3179 scilicet
3367 3137 3422 3181 et
3460 3141 3560 3181 cu-

1977 3210 2281 3277 piditatem,
2316 3227 2549 3281 quarum
2581 3225 2814 3285 utraque
2857 3217 2911 3269 in
2949 3224 3001 3270 te
3025 3216 3368 3271 dominatum
3413 3219 3559 3275 obti-

287 3317 413 3362 σαν,
442 3296 774 3369 τυραννικῷ,
827 3298 927 3351 οὐκ
971 3296 1230 3368 ἰδιωτικῷ
1259 3297 1337 3368 τῷ
1377 3298 1659 3370 ὁρμήματι
1682 3298 1868 3352 δυστυ-

1979 3320 2140 3370 nens,
2192 3309 2504 3375 tyrannica,
2555 3322 2668 3361 non
2712 3309 2930 3377 privato
2992 3311 3221 3380 impetu,
3256 3310 3557 3367 infeliciter

284 3390 398 3459 χῶς
426 3390 819 3442 ἐϐασίλευσεν
856 3390 891 3460 ἡ
948 3389 1068 3460 μὲν,
1120 3391 1217 3443 καὶ
1275 3389 1407 3443 ἄνευ
1463 3391 1875 3460 μηχανημάτων

286 3484 442 3557 νόμῳ
470 3482 793 3553 πολιορκίας
822 3481 1020 3535 ἑλοῦσα
1051 3481 1161 3535 τῶν
1208 3482 1318 3536 σῶν
1354 3483 1566 3554 φρενῶν
1590 3482 1687 3553 τὴν
1711 3484 1877 3551 ἀκρό-

287 3575 470 3638 πολιν,
503 3573 598 3627 καὶ
628 3574 797 3626 οἱονεὶ
839 3573 1125 3645 πολιοῦχος
1170 3574 1270 3645 τῆς
1315 3575 1414 3645 σῆς
1456 3575 1873 3646 άπρυτανεύτου

284 3665 469 3736 ψυχῆς
504 3681 517 3694 '
545 3666 573 3718 ὁ
592 3664 671 3729 δὲ,
700 3650 865 3734 μέχρι
896 3662 1054 3717 τοῦδὲ
1085 3680 1145 3717 σε
1195 3663 1630 3733 δουλωσάμενος,
1665 3665 1771 3728 ἕως
1809 3664 1875 3717 ἂν

285 3758 371 3818 είς
406 3754 534 3826 ᾅδου
564 3755 862 3824 πέταυρον,
904 3754 1002 3806 καὶ
1029 3755 1110 3817 είς
1133 3753 1234 3822 τὴν
1286 3755 1523 3825 ἐσχάτην
1548 3753 1659 3807 τῶν
1684 3754 1881 3807 κακῶν

284 3846 669 3915 άπηκὸντισεν,
716 3843 1019 3913 Χάρυϐδιν.
1063 3843 1132 3896 Ἣ
1185 3845 1309 3914 οὐχὶ
1349 3843 1486 3915 αὓτη
1535 3845 1569 3913 ἡ
1615 3844 1740 3907 ὁδὸς
1766 3845 1872 3898 τῶν

285 3935 653 3989 ἐκτελούντων
683 3935 751 3988 τὰ
779 3934 992 4005 άνομα;
1029 3935 1100 3987 Ἦ
1149 3933 1355 4004 ἑτέρως
1389 3936 1492 3988 οἴει
1541 3935 1668 3998 τοὺς
1699 3933 1874 3996 οὕτως

287 4029 519 4091 ἁλόντας
546 4028 649 4080 ὑπό
671 4027 774 4095 τῆς
808 4026 990 4095 δίκης,
1018 4026 1529 4098 κολασθησομένους
1553 4026 1869 4092 ἐτάζεσθαι;

287 4122 401 4192 Τῆς
458 4120 514 4172 δὲ
572 4120 679 4174 τῶν
726 4119 1074 4187 Εὑαγγελίων
1144 4119 1331 4188 φωνῆς
1406 4115 1563 4183 αὖθις
1621 4119 1872 4172 ἀκουσώ-

290 4216 458 4286 μεθα.

367 4326 386 4357 ι
419 4306 459 4359 Γ
463 4305 688 4359 ενεσίων
748 4306 879 4376 γὰρ,
932 4304 1119 4373 φησιν,
1145 4302 1429 4374 ἀγομένων
1458 4302 1552 4355 τοῦ
1607 4302 1870 4371 Ἡρώδου,

284 4399 585 4469 ὠρχήσατο
644 4399 677 4468 ή
727 4397 976 4467 θυγάτηρ
1003 4398 1100 4464 τῆς
1137 4396 1464 4466 Ἡρωδιάδος
1497 4396 1554 4446 ἐν
1583 4394 1661 4465 τῷ
1698 4396 1869 4475 μέσῳ,

286 4493 385 4544 καὶ
425 4493 622 4562 ἡρεσεν
655 4490 734 4560 τῷ
776 4491 1012 4561 Ἡρώδῃ.
1051 4508 1069 4541 ι
1114 4489 1287 4541 Βαϐαῖ
1334 4488 1436 4557 τῆς
1485 4488 1705 4550 ἀνοίαςὲ
1744 4490 1872 4557 Ὄρ-

287 4599 456 4654 χησις
508 4582 771 4645 νεάνιδος,
816 4581 914 4652 τὴν
956 4580 1225 4650 βασιλέως
1273 4579 1543 4649 ἐθήρασεν
1582 4578 1866 4649 φρόνησιν.

286 4674 506 4747 Χειρῶν
536 4675 887 4740 ἀνακλάσεις,
927 4677 1020 4728 καὶ
1047 4674 1222 4727 ποδῶν
1250 4673 1527 4744 λυγισμοὶ,
1566 4674 1661 4725 καὶ
1693 4672 1872 4740 μελῶν

287 4766 563 4828 ἐκλύσεις,
632 4765 692 4817 τὺ
729 4765 960 4837 στερῤὸν
999 4764 1095 4817 τοῦ
1140 4762 1406 4830 βασιλέως
1447 4762 1707 4827 ἐξέλυσαν
1737 4763 1870 4831 φρό-

289 4876 462 4928 νημα.
500 4860 885 4930 Οὑκῆκουσας
917 4857 1007 4911 τὸν
1062 4855 1332 4908 Φιλίππου
1374 4855 1745 4924 Ἀλέξανδρον,
1778 4856 1871 4907 ἐπὶ

287 4952 411 5012 ταῖς
442 4950 668 5018 Δαρείου
698 4949 1034 5020 θυγατράσιν
1055 4945 1536 5018 προσενεχθείσαις
1563 4945 1711 5015 αὐτῷ
1733 4945 1870 5016 πρὸς

1979 3397 2247 3466 regnavit.
2274 3396 2557 3465 Cupiditas
2604 3397 2848 3465 quidem,
2890 3413 2960 3453 ne
2994 3400 3116 3455 ullis
3146 3400 3373 3469 quidem
3404 3401 3559 3455 adhi-

1977 3487 2108 3542 bitis
2163 3487 2457 3552 machinis,
2492 3489 2693 3543 mentis
2745 3498 2854 3543 tua:
2887 3504 3072 3545 arcem
3106 3491 3416 3547 obsidionis
3444 3494 3561 3563 lege

1977 3581 2219 3648 capiens,
2257 3593 2321 3634 ac
2373 3594 2474 3633 ceu
2509 3593 2715 3649 praeses
2761 3581 2933 3635 nescii
2966 3582 3087 3650 regi
3108 3582 3278 3636 animi
3324 3583 3427 3644 tui,
3461 3599 3560 3638 ex-

1977 3671 2182 3725 sistens
2212 3689 2225 3725 :
2253 3670 2334 3724 ira
2374 3682 2557 3726 autem
2610 3671 2801 3726 tandiu
2835 3673 3144 3741 captivans,
3173 3674 3348 3728 donec
3380 3675 3433 3729 in
3469 3675 3555 3728 iri-

1977 3760 2115 3816 ferni
2151 3763 2427 3831 laqueum,
2458 3778 2525 3817 ac
2547 3778 2860 3835 supremam
2889 3765 3160 3819 malorum
3193 3766 3555 3837 Charybdim,

1975 3851 2125 3906 dedit
2150 3853 2505 3923 prrecipitem.
2548 3855 2630 3908 An
2665 3870 2775 3908 non
2808 3854 2925 3910 haec
2956 3856 3040 3909 via
3080 3857 3297 3909 illorum
3330 3865 3415 3911 est
3463 3856 3557 3927 qui

1976 3944 2212 4000 scelesta
2272 3945 2529 4013 patrant?
2573 3943 2715 4000 Num
2779 3948 2963 4014 aliter,
3016 3948 3222 4003 divina:
3287 3949 3560 4004 obnoxios

1977 4036 2197 4099 ultioni,
2251 4038 2317 4090 ad
2380 4050 2599 4107 pmnam
2654 4038 3056 4093 examinandos
3103 4040 3297 4109 putas?
3344 4039 3557 4095 Rursus

1976 4143 2106 4183 vero
2131 4127 2500 4197 evangelicatn
2532 4142 2721 4183 vocem
2757 4127 3072 4185 audiamus.

2053 4326 2070 4358 ι
2106 4306 2241 4363 Cum
2266 4304 2527 4370 Herodis,
2564 4306 2763 4377 inquit,
2794 4306 3047 4361 natalitia
3079 4315 3400 4377 agerentur,
3439 4309 3556 4364 sal--

1976 4399 2109 4451 tavit
2140 4396 2468 4466 llerodiadis
2504 4397 2612 4451 lilia
2645 4398 2700 4451 in
2730 4397 2930 4462 medio,
2959 4408 3015 4453 et
3044 4399 3249 4468 placuit
3279 4399 3503 4454 Herodi.
3531 4419 3551 4452 ι

1974 4490 2314 4544 Amentiaml
2359 4488 2591 4543 Saltatio
2637 4489 3081 4556 adolescentulaa,
3124 4490 3266 4559 regis
3316 4489 3558 4560 pruden-

1976 4581 2106 4635 tiam
2146 4581 2311 4650 cepit.
2346 4581 2531 4636 Fraeti
2572 4596 2832 4635 manumn
2867 4590 3081 4647 motus,
3115 4582 3424 4651 pedumque
3455 4581 3557 4635 im-

1978 4673 2163 4743 pudici
2212 4671 2407 4735 ﬂexus,
2435 4687 2500 4726 ac
2534 4673 2778 4727 membra
2828 4672 2894 4726 ad
2927 4673 3197 4726 luxuriam
3245 4674 3448 4738 soluta,
3475 4673 3560 4726 lir-

1978 4779 2125 4818 mum
2162 4778 2225 4818 ac
2277 4763 2510 4818 solidum
2544 4764 2692 4833 regis
2747 4777 2969 4817 sensum
3029 4776 3383 4817 enervarunt.
3434 4763 3555 4817 Non

1978 4852 2234 4906 audivisti
2296 4852 2667 4907 Alexandrum
2722 4850 2957 4922 Philippi
3024 4852 3194 4905 lilium
3258 4853 3458 4908 oblatis
3488 4853 3556 4905 ad

1979 4945 2338 4999 concubitum
2376 4943 2520 4998 Darii
2560 4945 2775 5000 ﬁliabus
2819 4944 2968 5016 (2:2),
3000 4945 3170 5014 regali
3207 4944 3374 4998 animi
3413 4959 3555 5015 pra:-

1040 5162 1067 5185 ,
1613 5118 2000 5177 consensu
2032 5080 2263 5179 uorax.

362 5261 477 5329 (ει)
531 5258 618 5314 Uti
669 5260 755 5312 ira
808 5259 874 5312 iis
931 5258 1235 5328 obsequens.
1281 5259 1367 5320 Ὡς
1411 5256 1583 5329 θυμὸς
1642 5236 1914 5322 ταύτοιις⁵

286 5328 802 5402 ἐξυπηρετούμμενος
834 5346 860 5402 '_
898 5330 1156 5402 nimirum
1200 5328 1558 5402 rjdzpaelq
1603 5332 1697 5381 καὶ
1747 5329 1867 5402 φιλ-

287 5398 723 5472 ηδόνῴπράξει.
762 5398 898 5452 Male
935 5400 1205 5472 interpres
1240 5398 1548 5472 Lipomani.
1582 5413 1681 5465 pro
1711 5401 1866 5472 obse-

2047 5258 2158 5328 (22)
2206 5258 2415 5313 Oblalis
2448 5258 2518 5310 ad
2570 5260 2904 5313 concubitum
2955 5258 3113 5312 Darii
3155 5255 3391 5328 ﬁliabus.
3426 5238 3551 5309 νΤπὶ

1973 5331 2091 5400 ταῖς
2125 5327 2694 5400 Δαρείουλῦυγατράσι
2719 5329 3232 5400 ,προσενεχθείσαιᾳ
3280 5327 3554 5400 ΙιιιλθιῬτρδ

1974 5395 2258 5465 Lipomaiti
2294 5416 2307 5452 :
2341 5395 2548 5463 Septem
2570 5395 2748 5452 ’Darii
2778 5395 2946 5467 'ﬁliaa,
2969 5395 3084 5452 etc.
3124 5395 3313 5451 Putem
3358 5398 3554 5467 legisse

288 5467 325 5542 (ᾗ
350 5467 467 5525 oens
500 5467 563 5523 ac
596 5472 938 5542 ministranti,
965 5469 1220 5542 reddidit,
1251 5467 1573 5529 deminutis;
1601 5470 1746 5542 quod
1778 5477 1865 5523 est

1978 5469 2132 5542 ἑπτα,
2168 5468 2287 5542 ὰνῄ
2321 5469 2440 5533 τοῦ,
2466 5469 2592 5542 ἐπιῇ
2620 5470 2764 5542 quod
2792 5473 2932 5542 satis
2961 5484 3205 5521 crassum
3239 5481 3303 5520 ac
3326 5467 3554 5542 ridieu-

290 5538 534 5594 alienum
576 5556 700 5592 cum
742 5554 770 5591 a
811 5538 1173 5607 philosophia,
1205 5547 1319 5592 tum
1361 5554 1390 5592 a
1430 5548 1577 5607 textu
1613 5540 1861 5593 Andreae.

289 5610 453 5665 Deest
513 5610 678 5663 etiam
730 5612 869 5677 apud
908 5606 1035 5664 cum
1082 5609 1163 5670 τὸ,
1210 5611 1302 5679 τὸν
1344 5606 1494 5672 ἐντὸς
1542 5607 1861 5679 ἄνθρωπον·

289 5679 703 5750 quodomnino
730 5679 1130 5732 restituendum
1162 5694 1227 5732 ex
1268 5677 1401 5749 Reg.
1651 5677 1669 5699 ³

1974 5539 2083 5590 lum
2117 5549 2220 5590 est.
2250 5538 2394 5592 Duas
2418 5554 2519 5607 ego
2551 5539 2631 5591 sic
2659 5540 2874 5592 oblatas
2905 5540 3042 5605 lego,
3079 5549 3259 5592 castas
3289 5538 3552 5605 virgines,

1969 5607 2234 5679 aclonna
2264 5609 2518 5670 decoras,
2550 5623 2787 5679 quarum
2833 5609 3142 5663 Alexander
3189 5608 3382 5674 pudor.
3415 5622 3552 5662 cun-

1967 5678 2200 5734 sulucrit
2229 5697 2241 5732 :
2271 5693 2377 5748 qua
2410 5681 2477 5734 dc
2515 5695 2571 5733 re
2605 5682 2790 5733 multis
2827 5684 2878 5732 in
2914 5696 2980 5735 co
3012 5679 3364 5735 Plutarchus.
