4016 6130
609 299 747 364 1123

1797 293 1860 352 S.
1902 287 2236 351 ANDRE/E
2272 287 2698 349 CRETENSIS

3685 286 3780 352 ιιιι

605 407 837 475 stantia,
862 405 1088 478 indigne
1124 404 1344 467 tulisse,
1376 416 1442 458 ac
1471 414 1731 472 magnum
1765 397 1925 469 quid,
1949 398 2191 469 plenum-

2194 427 2196 436 ι
2222 402 2266 458 Α
2298 395 2610 462 συνουσίαν,
2668 395 2971 467 βασιλικῶς
3024 396 3453 468 δυσφορήσαντα.
3492 396 3577 453 καί
3606 414 3651 452 τι
3678 399 3780 468 μέγα

604 513 713 571 que
746 497 1069 561 sobrietate,
1099 494 1246 550 istud
1275 494 1621 564 prolocutum
1649 506 1806 547 esse:
1836 509 1855 542 ι
1876 488 2063 559 Turpe
2085 496 2193 553 est,

607 596 667 643 ut
697 588 792 658 qui
846 586 998 642 viros
1044 584 1305 648 vicimus,
1344 596 1376 636 a
1407 580 1741 637 mulieribus
1770 578 2139 649 superemur?
2169 597 2189 629 ι

602 679 756 733 Adeo
781 693 841 733 es
901 677 1164 731 incautus
1183 677 1209 731 7
1245 674 1397 729 Adeo
1428 675 1807 744 intemperans
1834 672 1858 726 2
1890 671 2008 725 Non
2035 670 2196 725 audi-

607 768 737 824 visti
761 768 1002 823 divinam
1030 782 1243 831 vocem,
1272 781 1397 836 qua:
1443 764 1580 819 dicit
1612 783 1627 819 :
1663 783 1681 815 ι
1711 762 1908 819 Videte
1944 779 2013 818 ne
2044 777 2195 818 mors

602 857 866 916 ascendat
888 875 985 930 per
1017 858 1288 915 fenestras
1313 857 1379 912 Ii
1418 876 1437 908 ο
1471 856 1598 912 dico
1630 841 1815 912 autem
1849 870 2071 919 sensus,
2098 870 2196 925 per

600 966 741 1022 quos
805 952 1058 1006 internus
1111 951 1275 1004 homo
1326 950 1680 1018 iiiaqueatur.
1744 946 1889 1014 Quid
1940 950 2195 1016 volupta-

599 1043 676 1099 tis
724 1043 841 1113 ('23)
894 1043 1064 1099 habet
1127 1043 1354 1099 saltatio
1407 1041 1807 1111 Corybantica,
1843 1046 1938 1094 aut
1981 1041 2195 1096 musica

599 1133 971 1190 instrumenta
999 1133 1068 1188 ad
1087 1133 1514 1187 demulcendum
1534 1138 1877 1201 comparata,
1908 1133 2191 1197 sambuca,

602 1233 659 1280 et
686 1224 904 1279 cithara
931 1264 947 1290 ,
982 1232 1038 1279 et
1072 1224 1257 1287 nabla,
1294 1232 1348 1277 et
1381 1223 1554 1277 tibia?
1582 1221 1698 1286 Qua
1725 1231 1909 1278 autem
1946 1239 2055 1278 non
2081 1224 2196 1294 ple—

601 1331 739 1371 num
792 1316 1016 1372 exsistit
1075 1315 1424 1386 turpitudine
1442 1329 1670 1385 corpus,
1704 1314 1852 1384 quod
1901 1313 2194 1370 libidinose

599 1408 847 1463 motibus
876 1407 1089 1478 agitur,
1115 1407 1286 1477 inque
1304 1422 1432 1462 eum
1475 1405 1699 1460 modum
1728 1414 1988 1461 contorta
2021 1422 2199 1462 mem-

598 1501 718 1568 bra,
755 1518 880 1572 qua:
912 1502 1070 1571 plane
1118 1501 1483 1557 obsessorum
1528 1514 1561 1554 a
1598 1499 1846 1555 daemone
1892 1501 2192 1555 simulacra

597 1593 846 1665 quaedam
886 1586 1161 1666 signaque
1193 1593 1528 1649 videantur?
1566 1592 1647 1646 Tu
1678 1602 1885 1657 autem,
1944 1594 2032 1647 bis
2064 1603 2192 1647 tan-

596 1703 765 1761 quam
801 1691 949 1743 cervi
1010 1687 1282 1742 binuulus
1344 1685 1664 1752 confossus,
1703 1699 1769 1740 ac
1816 1701 1918 1740 ceu
1950 1686 2193 1743 volucris

2297 488 2395 542 καὶ
2421 488 2778 559 σωφροσύνης
2811 489 3009 560 μεστὸν
3041 488 3497 560 έπιφθεγξάμενον
3519 490 3777 561 πρόσρημι·

2302 598 2322 630 ι
2357 579 2598 650 Δίσχρδν
2630 581 2779 650 ἡμᾶς
2803 580 3005 652 ἄνδρας
3037 581 3383 652 νικήσαντας,
3426 580 3526 635 ὑπὸ
3572 581 3773 648 γυναικῶν

2294 670 2601 740 ἡττηθῆναι
2618 671 2866 736 ;›οὕτως
2917 672 3230 741 ἀφύλακτος
3252 668 3337 737 εἷς
3366 671 3544 736 Οὕτως
3562 674 3778 744 apum;

2296 758 2413 811 θύκ
2435 758 2677 829 ήκουοας
2696 761 2795 830 τῆς
2819 760 2971 825 θείας
3000 762 3220 831 Γραφῆς
3239 761 3494 833 λεγούσης
3518 778 3532 794 ·
3564 781 3582 813 ι
3609 763 3780 819 Βλέπετε

2300 850 2379 922 μή
2406 850 2640 916 θάνατος
2671 853 2847 925 ἀναϐῇ
2867 853 2959 907 διὰ
2985 855 3096 908 τῶν
3138 854 3368 924 θυρίδων
3391 873 3408 922 ;
3439 873 3458 906 ι
3492 854 3618 922 λέγω
3633 854 3686 925 δὴ
3705 854 3780 908 τῶν

2297 941 2630 1012 αἰσθήσεων,
2693 938 2784 1006 αἶς
2819 946 2848 997 ὁ
2888 944 3043 1007 ἐντὸς
3085 944 3370 1016 ἄνθρωπος
3408 943 3780 1011 tardauerat!”

2292 1033 2404 1087 τῶν
2432 1033 2568 1104 πρὸς
2601 1035 2798 1105 ήδονὴν
2820 1034 2934 1103 ἔχει
2974 1020 3542 1106 Κορυϐαντιασμδςξῆ
3580 1035 3781 1104 μουσικῶν

2294 1127 2550 1197 ὀργάνων
2596 1126 2875 1198 θέλγητρα
2898 1144 2915 1159 ο
2970 1127 3228 1199 συμϐύκη
3270 1146 3331 1193 τε
3377 1128 3469 1183 καὶ
3505 1128 3781 1197 κιθάρα-καὶ

2295 1217 2470 1272 νάϐλα
2495 1218 2593 1271 καὶ
2620 1218 2783 1283 αὐλός
2809 1236 2825 1286 ;
2849 1219 2916 1272 Ti
2940 1220 2999 1273 δέ
3017 1220 3127 1273 τῶν
3154 1220 3395 1291 αἰσχρῶν
3423 1220 3482 1272 ού
3500 1220 3649 1289 νέμει,
3671 1219 3780 1288 σῶμα

2294 1305 2674 1376 λυγιζόμενον,
2709 1307 2804 1360 καὶ
2830 1307 2970 1378 μέλη
3013 1308 3441 1379 στρεϐλούμενα,
3476 1308 3509 1362 ἃ
3530 1309 3623 1361 τῶν
3644 1308 3779 1377 δαιμο-

2293 1397 2515 1453 νώντων
2564 1400 2706 1454 εἰσὶν
2761 1400 2982 1472 ἀληθῶς
3043 1405 3353 1471 εἰκάσματα
3408 1402 3496 1455 καὶ
3525 1401 3777 1473 μηνύματα;

2294 1493 2369 1546 Σὺ
2400 1493 2460 1547 δέ
2504 1494 2723 1559 τούτοις
2752 1489 2845 1549 οἶα
2870 1495 3066 1567 νεϐρὸς
3116 1495 3391 1564 τοξευθεὶς
3425 1496 3625 1566 ἐλάφου,
3641 1497 3714 1549 καὶ
3733 1496 3781 1558 ὡς

2296 1587 2500 1656 πτηνὸν
2524 1585 2779 1651 ίξευθεὶς,
2795 1587 2923 1642 οὔτε
2946 1588 3024 1653 ὥς
3041 1589 3506 1663 δορκὲςδιεσώθης
3531 1592 3588 1644 ἐκ
3613 1590 3779 1662 βρόχων,

2293 1677 2421 1732 οὗτε
2446 1679 2522 1743 ὡς
2549 1680 2741 1751 δρνεον
2783 1682 2851 1735 ἐκ
2910 1683 3144 1757 παγίδος
3182 1684 3452 1756 ἐρῤύσθης
3472 1701 3491 1715 ο
3518 1684 3637 1738 ἀλλὰ
3665 1683 3782 1750 τιγίς

596 1754 753 1835 visco
784 1780 1101 1849 implicatus
1126 1816 1141 1842 ,
1176 1792 1356 1847 neque
1388 1784 1449 1831 ut
1487 1792 1688 1848 caprea
1718 1792 1786 1832 ex
1825 1778 2042 1833 retibus
2074 1794 2182 1833 ser-

2225 1754 2267 1810 Β
2296 1789 2380 1825 σοι
2404 1774 2627 1843 γέγονεν
2646 1775 2749 1845 τῆς
2771 1754 3082 1848 μοιχαλίδος
3142 1779 3176 1850 ή
3214 1754 3495 1852 δρχηστρίς
3512 1794 3525 1807 ⁸
3551 1776 3783 1849 at:le

595 1879 759 1926 vatus
806 1885 867 1925 es
899 1876 949 1933 ο,
1007 1884 1187 1941 neque
1258 1876 1317 1922 ut
1368 1869 1490 1923 avis
1525 1881 1557 1921 a
1608 1868 1806 1938 laqueo
1853 1867 2117 1927 liberatus
2140 1879 2188 1925 ι».

598 1959 863 2027 Quiuimo
921 1959 1067 2014 facta
1133 1959 1232 2015 tibi
1289 1968 1376 2015 est
1429 1958 1663 2029 laqueus
1710 1958 1893 2029 puella
1936 1958 2191 2015 saltatrix

597 2051 905 2108 meretricis
960 2050 1214 2117 femina,
1287 2050 1558 2122 fovesque
1614 2050 1892 2121 profunda
1968 2052 2177 2108 amoris

598 2144 732 2200 illud
773 2146 829 2200 in
886 2160 1012 2200 eum
1064 2153 1323 2200 cestrum.
1362 2161 1383 2196 ι
1412 2146 1479 2198 Et
1534 2144 1777 2205 saltavit,
1843 2143 2046 2215 inquit,
2080 2144 2189 2199 lilia

597 2233 950 2299 Herodiadis,
980 2241 1036 2289 et
1070 2235 1282 2306 placuit
1321 2232 1549 2295 lierodi.
1584 2243 1640 2289 et
1664 2232 1847 2289 dixit:
1878 2233 2009 2290 Pete
2037 2249 2067 2288 a
2101 2250 2189 2292 me

592 2326 743 2395 quod
791 2326 1064 2391 volneris,
1134 2334 1190 2381 et
1239 2326 1385 2380 dabo
1440 2326 1562 2381 tibi.
1612 2326 1680 2381 Et
1709 2341 1833 2381 cum
1869 2326 2187 2397 juramento

593 2418 876 2487 pollicitus
902 2426 988 2474 est
1017 2418 1065 2473 ei
1123 2416 1259 2472 dare
1311 2415 1586 2488 quidquid
1613 2418 1981 2487 pbstulasset,
2013 2435 2188 2490 usque

592 2508 662 2564 ad
709 2509 997 2565 dimidium
1056 2509 1211 2580 regni
1277 2509 1384 2564 sui.
1419 2527 1438 2561 ι
1493 2508 1649 2572 Esto,
1709 2511 1989 2577 placuerit
2052 2519 2186 2566 tunc

593 2600 805 2655 saltans
858 2599 1065 2670 puella,
1145 2599 1374 2669 forsque
1437 2601 1601 2655 etiam
1659 2599 1868 2671 aliquid
1937 2603 2185 2658 muneris

594 2692 789 2761 puellze
819 2691 1031 2747 donare
1057 2692 1321 2747 debueris
1353 2706 1366 2743 :
1395 2698 1450 2744 at
1486 2699 1639 2746 certe
1667 2707 1857 2747 eorum
1884 2709 2006 2762 qua:
2054 2710 2184 2765 pos-

595 2798 719 2839 sent
742 2785 884 2847 dari,
916 2799 1024 2837 non
1056 2798 1178 2851 quae
1210 2782 1381 2836 nimia
1421 2797 1486 2836 ac
1534 2785 1927 2853 exsuperantia
1959 2795 2181 2854 essent;

593 2890 787 2931 eorum
828 2891 952 2945 quae
976 2876 1240 2929 convivas
1270 2874 1555 2943 voluptate
1585 2873 1888 2943 aiIicerent,
1924 2891 2035 2931 non
2060 2893 2184 2946 quae

594 2969 826 3024 molesta
856 2967 1037 3024 forent
1064 2984 1078 3022 :
1116 2983 1246 3021 num
1276 2968 1424 3022 enim
1443 2968 1624 3022 sancti
1654 2977 1823 3038 caput
1852 2978 2017 3040 atque
2054 2987 2184 3041 pro-

2294 1865 2658 1939 ἐπίκρημνος,
2706 1869 2736 1921 ὁ
2785 1869 2927 1939 πρὸς
2954 1870 3177 1942 ἐκείνην
3205 1867 3437 1942 οἶστρος.
3478 1890 3496 1924 ι
3530 1872 3624 1925 Καὶ
3652 1871 3780 1940 ὠρχή-

2295 1973 2449 2020 σατο,
2473 1958 2663 2028 φησὶν,
2694 1959 2728 2029 ή
2750 1956 3001 2031 Θυγάτηρ
3026 1961 3127 2032 τῆς
3161 1961 3500 2033 Ἡρωδιάδος,
3539 1962 3618 2016 καὶ
3642 1962 3779 2033 ήρεσεν

2291 2048 2372 2120 τῷ
2413 2049 2650 2123 Ἡρώδῃ,
2680 2052 2778 2105 καὶ
2808 2048 2965 2108 εἶπεν
2984 2068 3001 2083 '
3058 2054 3301 2123 Αἴτησόν
3322 2071 3387 2124 με
3415 2054 3441 2107 ὃ
3456 2055 3540 2107 ἐὰν
3553 2053 3697 2125 θέλῃς,
3718 2052 3780 2104 καὶ

2289 2140 2448 2194 δώσω
2482 2158 2585 2195 σοι.
2622 2142 2734 2196 Καὶ
2775 2142 2899 2214 μεθ’
2931 2144 3099 2214 δρκου
3135 2144 3480 2216 ὡμολόγησεν
3506 2146 3622 2216 αὐτῇ
3638 2142 3780 2206 δοῦναι,

2289 2233 2318 2285 ὃ
2348 2233 2444 2287 ἐὰν
2477 2235 2799 2310 αἰτήσηται,
2839 2235 2946 2300 ἕως
2972 2236 3213 2307 ἡμίσους
3233 2237 3331 2308 τῆς
3349 2238 3603 2308 βασι-λείας
3623 2233 3775 2290 αὐτοῦ.»

2292 2327 2479 2380 Ἔστω
2510 2327 2706 2398 ήρεσεν
2757 2328 2882 2382 τότε
2932 2328 3291 2405 ὀρχησαμένη
3329 2333 3362 2401 ἠ
3402 2332 3552 2395 παῖς,
3584 2329 3670 2382 ἔδει
3688 2327 3780 2381 δέτι

2288 2422 2384 2473 καὶ
2414 2420 2730 2492 δωρηθῆναι
2761 2422 2902 2493 τάχα
2962 2424 3116 2493 παρὰ
3174 2424 3269 2478 σοῦ
3303 2427 3368 2496 τῇ
3399 2424 3563 2479 παιδί·
3588 2423 3692 2477 ἀλλὰ
3709 2421 3779 2472 τῶν

2288 2511 2678 2581 ἐνδεχομένων,
2708 2512 2770 2565 οὐ
2799 2512 2911 2565 τῶν
2938 2512 3325 2584 ὑπερεχόντων
3345 2531 3358 2544 ⁸
3381 2514 3481 2567 τῶν
3499 2513 3686 2582 ήδόντων
3698 2508 3781 2570 τοὺς

2285 2601 2635 2673 δαιτυμόνας,
2663 2604 2722 2657 ού
2746 2604 2856 2656 τῶν
2878 2603 3161 2658 ἀνιώντων
3179 2622 3194 2637 ο
3230 2608 3357 2677 μήτι
3372 2604 3474 2676 γὰρ
3491 2605 3574 2675 τήν
3585 2602 3658 2656 τοῦ
3672 2601 3780 2669 ἁγὲον

2287 2694 2384 2746 καὶ
2417 2696 2703 2765 προφήτου
2731 2694 3007 2765 κεφαλήν;
3032 2714 3050 2748 ι
3076 2682 3243 2750 Ἆλλὰ
3257 2697 3475 2759 διάτοὺς
3488 2697 3660 2765 ὅρκους,
3672 2690 3778 2761 φησὶ.

2286 2786 2380 2838 καὶ
2407 2786 2534 2850 τοὺς
2566 2786 3080 2856 συνανακειμένους,
3130 2789 3239 2842 οὐκ
3270 2788 3518 2860 ἠθέλησεν
3539 2786 3674 2855 αὐτήν
3693 2782 3780 2837 ἀθε-

2283 2877 2469 2946 τῆσαι.
2512 2896 2531 2930 ι
2559 2879 2665 2934 Φεῦ
2700 2879 2801 2949 τῆς
2823 2881 3012 2944 ἀνίαςι
3044 2880 3150 2949 φεῦ
3180 2883 3280 2953 τῆς
3309 2880 3608 2952 πωρώσεως,
3631 2876 3780 2943 καὶτῆς

2285 2965 2579 3036 ἀνευλόγου
2634 2969 2996 3039 προφάσεωςε
3035 2970 3099 3023 Ei
3143 2972 3260 3044 γὰρ
3293 2974 3385 3025 καὶ
3436 2974 3526 3040 τῆς
3578 2963 3780 3039 βασιλείας

593 3059 812 3132 phenei
852 3079 869 3112 ι
905 3058 1013 3114 Sed
1046 3071 1271 3130 propter
1324 3057 1743 3127 jusjurandum,
1792 3059 1987 3129 inquit,
2033 3071 2087 3117 et
2116 3064 2179 3118 si-

2212 3082 2254 3140 C
2289 3058 2639 3122 ἐξεστακέναι
2661 3077 2720 3113 σε
2736 3060 2962 3132 ᾔτησεν,
2987 3063 3104 3126 πῶς
3123 3064 3195 3117 ἂν
3215 3064 3339 3127 τοὺς
3354 3063 3534 3134 ὅρκους
3543 3060 3651 3130 πρὸς
3662 3055 3778 3124 abdi“

598 3149 706 3201 ιηιιΙ
742 3149 1144 3210 recumbentes,
1174 3149 1351 3203 noluit
1379 3149 1429 3203 ei
1452 3149 1723 3203 abnuere.
1755 3168 1774 3201 ›
1795 3146 2188 3217 Οβιιιοῐιιίοηιι

595 3236 639 3292 0
702 3240 1035 3302 caecitatem,
1083 3248 1528 3309 praetextumque
1577 3238 1822 3293 alienum
1870 3256 1900 3294 a
1935 3243 2187 3300 ratione!

596 3329 667 3385 Ut
690 3334 837 3386 enim
872 3332 1122 3402 petiisset
1179 3341 1238 3385 ut
1266 3347 1298 3386 a
1329 3346 1502 3401 regno
1535 3332 1854 3403 excederes,
1916 3338 2193 3403 quomodo

595 3437 717 3478 eras
738 3434 1098 3479 exsecuturus
1111 3424 1257 3494 quod
1286 3424 1335 3478 ei
1357 3424 1644 3494 jnraveras
1663 3424 1689 3478 ?
1719 3426 1787 3480 Ut
1813 3434 1995 3482 autem
2024 3429 2190 3483 etiam

595 3513 845 3583 petiisset
901 3522 963 3568 ut
1017 3514 1392 3571 eil'oderentur
1434 3516 1632 3570 matris
1662 3518 1833 3582 oculi,
1870 3519 1955 3574 vel
1994 3521 2193 3590 utjus-

594 3604 758 3660 sisset
783 3612 842 3658 ut
872 3606 942 3660 ab
973 3606 1095 3674 ejus
1130 3607 1360 3659 omnino
1407 3607 1822 3664 consuetudine
1854 3611 2181 3675 recederes,

593 3692 1010 3764 implevissesne
1036 3694 1185 3764 quod
1207 3696 1502 3764 petiisset?
1539 3715 1558 3747 ι
1602 3695 1712 3751 Sed
1747 3701 2188 3771 propterjusju-

590 3786 850 3853 randum,
898 3787 1101 3855 inquit,
1154 3796 1209 3843 et
1272 3787 1438 3842 simul
1483 3789 1893 3858 recumbentes,
1926 3794 2107 3848 noluit
2136 3794 2187 3850 ei

593 3877 855 3932 abnuere.
902 3898 921 3931 ι
961 3878 1119 3946 Quod
1171 3879 1319 3934 enim
1380 3880 1609 3943 dicitur,
1640 3882 1920 3952 ejusmodi
1955 3885 2187 3941 inevita-

592 3968 757 4024 bilem
788 3972 1172 4026 necessitatem
1203 3970 1389 4028 refert.
1412 3971 1557 4038 Quid
1592 3988 1726 4045 ergo
1750 3973 2005 4032 facturus
2038 3994 2184 4046 eras,

592 4070 653 4116 ut
680 4062 769 4116 illa
804 4078 974 4118 unum
1005 4063 1139 4134 quid
1172 4065 1563 4134 praedictorum
1591 4069 2025 4137 proposuisset?
2055 4070 2185 4138 Sed,

591 4162 654 4208 ut
700 4155 942 4221 videtur,
1001 4174 1019 4209 ι
1063 4156 1260 4214 Omnis
1309 4157 1405 4228 qui
1460 4155 1597 4213 facit
1638 4168 1951 4227 peccatum,
1989 4176 2186 4220 servus

589 4253 677 4301 est
724 4247 932 4316 peccati
957 4256 1006 4299 τι.
1039 4266 1057 4298 ι
1120 4245 1258 4301 Nam
1301 4247 1394 4317 qui
1421 4262 1580 4302 suam
1626 4249 1898 4320 voluptati
1949 4253 2186 4323 subjecit

589 4338 863 4392 rationem
893 4380 908 4404 ,
945 4336 1004 4391 fit
1037 4338 1263 4407 quidem
1315 4338 1535 4393 occulte
1589 4338 1853 4394 vitiorum
1898 4356 1963 4396 ac
2013 4345 2184 4400 animi

2297 3150 2675 3221 ἐμεθώδευσας
2701 3170 2716 3220 ;
2742 3155 2802 3207 Εἰ
2826 3152 2883 3208 δὲ
2916 3155 3012 3208 καὶ
3057 3155 3160 3225 τῆς
3194 3156 3395 3229 μητρὸς
3421 3147 3777 3223 ἐκκορακισθῆναι

2293 3240 2421 3304 τοὺς
2473 3242 2794 3312 ὀφθαλμοὺς
2853 3244 3182 3319 ἐξῃτήσατο,
3235 3247 3394 3321 ἦκα).
3426 3245 3517 3316 τῆς
3558 3236 3778 3296 παντελοῦς

2292 3331 2594 3401 ἀφεστάναι
2622 3335 2757 3406 πρὸς
2806 3337 2985 3408 αὐτὴν
3031 3341 3324 3406 συνουσίας
3359 3340 3635 3401 ἐπέταττεν,
3664 3327 3777 3396 titur

2297 3440 2422 3495 ρους
2453 3422 2564 3496 ἆρα
2590 3426 2655 3478 τὸ
2688 3428 2914 3498 αἱτηθέν
2943 3447 2960 3496 ;
2999 3447 3019 3481 ι
3060 3430 3230 3486 Ἀλλὰ
3254 3432 3341 3486 διὰ
3370 3432 3489 3493 τοὺς
3510 3430 3683 3500 ὅρκους.
3710 3436 3776 3486 φη·

2294 3515 2401 3580 civ,
2433 3519 2675 3583 καὶτοὺς
2707 3523 3230 3593 συνανακειμένους,
3278 3524 3376 3578 οὐκ
3403 3521 3632 3594 ἠθέλησεν
3660 3510 3775 3577 αὐτὴν

2293 3607 2578 3681 ἀθετῆσαι.
2625 3629 2643 3662 ι
2677 3611 2751 3664 Τὸ
2786 3612 2898 3686 γὰρ
2926 3614 3228 3686 λεγόμενον
3256 3617 3388 3686 πρὸς
3417 3617 3557 3668 τοῦτο
3575 3609 3696 3680 φέρει
3714 3603 3775 3669 τῆς

2291 3695 2539 3768 ἀνάγκης
2588 3698 2648 3752 τὸ
2701 3701 3101 3774 ἀπαραίτητον.
3152 3705 3223 3756 Τί
3273 3699 3364 3758 οὖν
3404 3702 3465 3757 ἂν
3508 3688 3774 3770 ἔπραξαςιεί

2290 3788 2398 3841 τῶν
2456 3790 2764 3861 εἰρημένων
2817 3793 2949 3863 μίαν
3013 3796 3311 3866 προΐσχετο
3367 3793 3638 3865 πρότασινς
3683 3778 3773 3835 Ἀλλ’

2289 3878 2365 3942 ὡς
2381 3879 2579 3943 ἔοικεν,
2605 3900 2623 3932 ι
2659 3881 2821 3945 uage
2860 3884 3030 3939 ποιῶν
3071 3886 3173 3957 τήν
3213 3887 3495 3956 ἁμαρτίαν,
3518 3877 3668 3939 δοῦλός
3699 3874 3774 3925 ἔστι

2287 3973 2388 4042 τῆς
2420 3972 2752 4044 ἁμαρτίας.»
2786 3975 2847 4027 '0
2877 3976 3068 4049 γὰρτῇ
3093 3980 3255 4048 ἡδονῇ
3276 3979 3365 4032 τὸν
3394 3973 3570 4030 ἑαυτοῦ
3592 3962 3774 4036 λογισμὸν

2290 4064 2594 4130 ὑποζεύξας
2622 4104 2637 4130 ,
2681 4065 2867 4132 δοῦλος
2920 4069 3023 4139 μὲν
3082 4071 3305 4139 ἀφανῶς
3357 4070 3549 4139 γίνεται
3584 4061 3669 4115 τῶν
3705 4068 3770 4105 πασ

2288 4153 2418 4208 θῶν·
2443 4156 2522 4226 τῷ
2551 4156 2771 4228 θυμικῷ
2785 4158 2842 4212 δέ
2863 4161 3001 4230 πρὸς
3019 4161 3330 4233 ὑπουργίαν
3345 4159 3600 4231 ὁρμήματι
3624 4147 3774 4220 χρώμε-

2286 4263 2376 4310 νος
2399 4248 2690 4318 προφαίνει
2719 4251 3015 4321 προφανῶς
3041 4254 3121 4316 εἱς
3144 4251 3448 4324 τούμφανὲς
3475 4248 3560 4317 τὴν
3574 4241 3771 4296 διάθεσιν

2287 4339 2465 4392 ἐκεῖνο
2514 4343 2580 4411 τῇ
2632 4340 2859 4397 ἐκϐάσει
2917 4343 3013 4397 τοῦ
3045 4347 3251 4415 τρόπου
3291 4343 3607 4415 φαινόμενος.
3636 4324 3773 4398 δπεΡίΙ

591 4430 1071 4499 perturbationum
1106 4441 1345 4485 servus:
1374 4431 1468 4485 ubi
1497 4438 1683 4486 autem
1705 4434 2059 4503 postmodum
2093 4436 2177 4494 ira

2186 4461 2189 4491 ι
2220 4442 2266 4500 D
2290 4429 2610 4484 δουλώσασα
2659 4433 2767 4503 πρὸ
2834 4434 2936 4505 τῆς
2975 4435 3175 4507 πείρας
3213 4431 3557 4490 ἐϐούλετοσοὺ
3585 4425 3772 4497 πρότερα*

593 4533 743 4575 ιηοιυ
774 4521 1107 4576 administro
1142 4522 1344 4585 utitur,
1388 4536 1544 4577 suam
1577 4531 1771 4593 aperte
1802 4523 1857 4578 in
1898 4525 2184 4595 publicum

594 4611 855 4681 producit
912 4611 1301 4678 affectionem;
1355 4612 1492 4667 illud
1531 4627 1654 4669 sese
1705 4627 1924 4669 morum
1984 4604 2190 4677 eventu

592 4704 861 4774 prodens,
904 4702 1053 4774 quod
1108 4703 1397 4773 captivans
1455 4703 1713 4773 voluptas
1753 4713 1883 4760 ante
1924 4708 2002 4761 rei
2038 4708 2186 4778 peri-

591 4788 783 4851 culum
842 4796 1130 4867 exigebat;
1182 4811 1292 4850 non
1355 4795 1513 4868 prius
1563 4797 1855 4853 desinente
1888 4800 2190 4870 ira,quam

594 4890 892 4961 voluptatis
924 4891 1180 4960 laqueus,
1215 4905 1280 4945 ea
1304 4888 1595 4944 ali‘ectione
1622 4890 1966 4946 laborantem
2005 4893 2186 4949 homi-

590 4997 743 5043 Jtmn,
801 4962 950 5035 reum
1011 4979 1428 5035 demonstrarit.
1458 4980 1625 5035 Vides
1675 4982 1728 5034 in
1774 4990 2037 5052 quantam
2071 4983 2172 5038 tibi

2288 4520 2385 4575 τοῦ
2416 4521 2589 4593 θυμοῦ
2609 4522 2898 4593 λήξαντος,
2927 4526 3035 4591 ἓως
3067 4527 3133 4580 ἂν
3158 4529 3260 4598 τῆς
3280 4525 3467 4597 ήδονῆς
3494 4525 3523 4593 ἡ
3553 4508 3773 4585 πατῖςντδν

2291 4615 2517 4686 ἐμπαθῆ
2551 4618 2933 4676 κατεδίκασεν.
2969 4621 3133 4693 Ὁρᾷς
3164 4624 3246 4686 είς
3290 4622 3357 4692 ἢν
3383 4616 3589 4677 ἀτοπίας
3609 4601 3773 4693 ὕπερδίῗ

2291 4707 2389 4778 λὴν
2420 4707 2732 4764 ἀπώλισθέν
2789 4728 2873 4766 σοι
2908 4691 3040 4766 τῶν
3070 4691 3253 4786 ὅρκων
3364 4706 3615 4782 προφορᾶς
3649 4691 3773 4797 Μανία

2292 4798 2499 4870 πολλή·
2531 4800 2792 4872 πώρωσις
2821 4801 2939 4868 νοῦ,
2980 4804 3076 4857 καὶ
3126 4804 3340 4875 φρενῶν
3378 4795 3774 4875 ἐξάμϐλωσιςοτῗίν

2289 4891 2549 4962 τοιαύτην
2586 4892 2920 4967 ἀϐελτηρίαν
2965 4871 3256 4951 ἀπέτεκεν.
3295 4914 3314 4947 ι
3349 4891 3565 4962 Αἴτησόν
3603 4871 3774 4955 seu!"

2279 4981 2464 5063 θέλῃς,
2526 4985 2620 5038 καὶ
2669 4983 2827 5040 δώσω
2880 5003 3000 5053 σοι,
3029 4989 3137 5053 ἕως
3181 4990 3411 5060 ήμίσους
3461 4985 3549 5053 τῆς
3573 4968 3772 5051 βασιλείὲ

679 5151 711 5182 ιι
738 5142 942 5206 Ierem.
976 5166 1050 5219 Ix,
1080 5150 1172 5207 2i.
1244 5161 1271 5192 ο
1299 5152 1465 5211 Eccli.
1501 5169 1673 5222 xxvii,
1701 5155 1793 5210 2‘2.
1858 5167 1887 5207 ρ
1916 5156 2060 5216 Psal.
2087 5173 2291 5244 cxxvu,
2327 5165 2379 5220 7.
2457 5174 2485 5216 ς
2512 5165 2672 5224 Joan.
2710 5182 2830 5229 vm,
2862 5168 2953 5225 54.

1918 5300 2300 5358 COMBEFISII
2345 5303 2578 5366 NOTAE.

687 5391 972 5467 (ὓ)οῃὅά
1008 5395 1311 5467 submissis.
1360 5397 1641 5467 interpres
1689 5397 1971 5467 Lipomani
2024 5414 2183 5466 nega-

616 5463 786 5517 tivam
810 5464 996 5529 liabet,
1017 5463 1395 5522 sedvideniur
1424 5463 1624 5525 variare
1653 5485 1668 5523 :
1700 5463 1766 5522 ut
1788 5469 1912 5523 vciit
1940 5463 2190 5523 Andreas

621 5533 1051 5607 nuiiun‘veram
1105 5538 1441 5607 voluptatem
1495 5538 1695 5593 habere
1748 5539 1851 5593 ista
1898 5537 2190 5607 Coryban-

624 5602 731 5676 tica
779 5602 871 5656 sed
920 5618 1133 5676 merum
1184 5602 1492 5676 probrum;
1542 5609 1626 5676 sin
1678 5617 1861 5663 autem
1912 5602 2188 5663 carnalem

618 5669 946 5738 voluptatem
982 5686 1046 5730 ac
1075 5669 1359 5732 iibiTlinem
1393 5669 1644 5744 intelligit
1673 5717 1688 5744 ,
1738 5688 1869 5733 tunc
1904 5679 2186 5756 probanda

2297 5403 2368 5479 sit
2417 5403 2705 5479 Lipomani
2762 5409 3062 5479 negativa;
3132 5422 3231 5479 nec
3285 5405 3472 5479 dupli)!

2294 5466 2514 5549 aliunde
2546 5480 2815 5549 prodierit
2838 5466 2868 5544 ξ’
2889 5466 3061 5549 ηυαιιί
3097 5494 3160 5535 ex
3190 5466 3391 5549 duplici
3416 5466 3766 5549 ηιξ-νειοῖο,ῌῖ

2468 5538 2812 5618 acceptione,
2837 5538 3063 5607 ac'forto
3091 5549 3178 5607 illa
3198 5538 3474 5620 Lipomani
3498 5538 3660 5597 debes!
3676 5538 3767 5598 νη·
