4016 6130
327 301 464 370 1125

1360 322 1442 381 IN
1473 321 1534 384 S.
1573 319 1894 383 JOANNIS
1934 323 2590 388 DECOLLATIONEM.

3448 335 3580 400 1126

322 443 451 496 μου.
478 443 496 474 ι
533 423 719 488 Οὕτως
749 422 1060 492 ἀφύλακτος
1091 419 1176 493 ei;
1223 427 1396 493 οὕτως
1429 429 1682 502 εὐχερὴς,
1708 430 1780 493 ὡς
1829 433 1898 502 μὴ

2011 433 2264 502 prolapsa
2289 435 2362 488 sit
2390 437 2815 506 absurditatem,
2852 439 3210 513 iurisiurandi
3249 461 3380 502 voce
3421 457 3586 504 tenus

322 517 502 590 μέτρα
529 516 720 570 θέσθαι
746 520 857 580 σοῖς
883 518 1166 590 λογισμοῖς
1186 536 1200 550 ·
1241 521 1400 590 μηδὲ,
1429 520 1566 591 ὅπερ
1601 522 1701 574 οὐκ
1731 521 1898 592 ἐχρῆν

2005 526 2282 594 prolatio?
2305 527 2497 598 Magna
2525 531 2762 596 insania,
2805 537 3007 590 mentis
3026 541 3262 604 caecitas,
3289 557 3586 596 sensuum-

319 609 699 672 ἀϐασανίστως
753 610 1141 682 προσήκασθαι
1199 611 1469 686 συνιδεῖν;
1515 613 1718 666 Σκόπει
1761 613 1900 683 πρὸς

318 701 446 754 ὅσον
469 699 723 762 ἀϐουλίας
753 699 1016 770 ἐξηνέχθη
1044 717 1146 766 σοι,
1179 701 1242 755 τὸ
1262 701 1550 773 προπετῶς
1581 703 1798 772 ὀμόσαι’
1827 702 1900 756 Τὸ

317 791 377 846 δὲ
402 790 804 862 συνηρπάσθαι,
829 791 891 845 οὔ
924 810 1068 864 φημι
1101 794 1380 864 βασιλικὸν
1419 789 1562 848 εἶναι
1585 796 1898 866 γνώρισμα,

317 887 726 960 ἀθυροστομίας
743 887 800 940 δὲ
825 887 997 950 πάθος
1023 888 1260 958 ἀκρατὲς
1274 904 1287 916 ·
1304 889 1400 940 ὅπε
1411 904 1441 959 ρ
1459 887 1622 949 αὐτὸς
1639 886 1900 953 ὑποστὰς,

317 980 381 1033 τὸ
444 979 521 1050 μὴ
569 980 902 1050 κεκριμένον
953 977 1119 1043 ἐδέξω
1155 979 1232 1042 ὡς
1261 973 1610 1048 κεκριμένον.
1649 977 1904 1040 Τοιοῦτος

323 1071 435 1143 γὰρ
483 1071 628 1134 ἄπας
671 1069 796 1132 νοῦς
815 1070 1168 1140 ἀχαλίνωτος,
1203 1070 1298 1122 καὶ¹
1349 1069 1508 1138 λόγος
1549 1069 1860 1138 ἀφύλακτος
1887 1085 1900 1098 ·

327 1161 406 1232 μὴ
435 1161 532 1231 τῆς
579 1159 680 1213 τοῦ
730 1160 896 1214 καλοῦ
933 1160 1168 1230 κρίσεως
1197 1159 1601 1230 ὲπιστατούσης
1638 1163 1747 1222 τοῖς
1770 1159 1922 1228 λογι-

323 1255 505 1322 σμοῖς,
529 1252 664 1306 ma
675 1252 939 1306 τάναντία
960 1252 1090 1323 δρᾷν
1105 1251 1201 1305 τοῦ
1227 1251 1320 1305 νοῦ
1341 1251 1416 1323 μὴ
1433 1252 1754 1318 κωλύοντος,
1779 1271 1914 1325 προ-

324 1361 545 1417 ααφῃρη
555 1345 718 1414 μένου
737 1344 828 1396 τοῦ
842 1345 986 1398 κατὰ
1007 1343 1168 1412 φύσιν
1191 1345 1559 1414 φρονήματος.
1598 1343 1737 1398 Ἀλλ’
1755 1347 1784 1397 ὁ
1813 1346 1910 1415 μὲν

336 1434 584 1508 Ἡρώδης
628 1435 771 1488 οὕτω
815 1435 1035 1503 κούφως
1078 1435 1320 1504 ἐνεχθεὶς
1339 1435 1434 1488 καὶ
1469 1433 1690 1502 ἀθλίως,
1717 1435 1908 1490 ἀθλίαν

319 1529 417 1580 καὶ
457 1526 556 1597 τὴν
586 1525 1118 1598 μνήμηνδιαπαντὺν
1145 1525 1520 1594 ἀπηνέγκατο.

2005 631 2112 682 que
2171 617 2472 685 bebetndo,
2528 623 2671 676 hanc
2722 625 2821 680 tibi
2877 629 3170 684 stultitiam
3230 647 3585 702 pepererunt.
3681 649 3686 656 '

2011 727 2030 760 ι
2065 705 2198 763 Pete
2227 723 2255 761 a
2289 725 2374 766 me
2399 713 2552 788 quod
2586 714 2848 784 volueris,
2880 728 2934 773 et
2959 719 3102 774 dabo
3148 722 3266 786 tibi,
3301 715 3486 796 usque
3517 727 3586 780 ad

2008 797 2297 854 dimidium
2329 803 2477 873 regni
2525 805 2652 859 mei.
2709 825 2729 858 ι
2791 808 2944 870 Adeo
3013 813 3271 868 incautus
3311 831 3394 878 es,
3447 817 3590 872 adeo

2011 891 2147 947 levis
2174 900 2229 947 et
2267 891 2472 960 facilis,
2497 905 2558 950 ut
2586 913 2695 952 non
2739 904 2995 968 posueris
3025 907 3246 961 modum
3279 910 3590 967 rationibus

2010 985 2141 1052 tuis,
2182 999 2362 1057 neque
2393 994 2464 1052 te,
2501 989 2648 1058 quod
2672 1006 2783 1045 non
2816 1003 3120 1063 oporteret,
3149 999 3270 1053 sine
3307 1003 3592 1070 probatio-

2009 1091 2078 1130 ne
2105 1077 2400 1146 ac'judicio
2441 1079 2731 1138 admittere
2761 1084 3124 1143 intellexeris.
3153 1089 3453 1149 Considera
3479 1112 3590 1166 quo

2009 1181 2100 1220 res
2156 1167 2409 1233 cesserit,
2447 1179 2498 1224 et
2541 1185 2705 1241 quam
2741 1188 2938 1242 parum
2976 1177 3028 1230 in
3066 1185 3119 1232 te
3150 1183 3364 1236 consilii
3395 1199 3590 1256 argue-

2009 1257 2099 1322 rit,
2125 1258 2271 1326 quod
2314 1267 2520 1314 temere
2549 1261 2848 1330 juraveris.
2880 1264 2972 1320 Sic
2996 1277 3176 1323 autem
3201 1269 3362 1327 facile
3394 1275 3586 1345 arripi,

2007 1361 2118 1401 non
2141 1350 2307 1418 regiae
2333 1353 2540 1407 mentis
2568 1353 2838 1410 indicium
2874 1358 3130 1424 dixerim,
3162 1366 3257 1416 sed
3303 1365 3589 1433 profusio-

2005 1439 2086 1494 ris
2120 1440 2395 1508 impOtens
2419 1443 2650 1513 vilium;
2680 1447 2770 1501 cui
2808 1449 2926 1518 ipse
2953 1451 3260 1520 subjectus,
3301 1457 3446 1526 quod
3477 1473 3588 1514 non

1949 1536 1952 1540 '
2005 1540 2124 1586 erat
2171 1531 2382 1601 judicio
2440 1537 2738 1606 probatum
2773 1543 3092 1612 suscepisti,
3141 1553 3406 1617 tanquam
3436 1564 3582 1608 esset

312 1622 524 1692 judicio
564 1623 871 1692 probatum.
903 1621 1181 1691 Ejusmodi
1217 1621 1366 1676 enim
1400 1629 1486 1676 est
1523 1626 1681 1677 mens
1713 1622 1894 1679 omnis
1931 1625 2180 1690 effrenis,
2232 1637 2286 1682 et
2321 1629 2587 1686 incautus
2641 1647 2826 1688 sermo
2858 1675 2871 1697 ,
2941 1647 3137 1702 utnon
3181 1641 3312 1694 boni
3373 1643 3590 1712 judicio

315 1711 684 1780 cogitationes
746 1712 1098 1776 moderante,
1164 1711 1259 1766 sed
1295 1712 1496 1768 mentis
1534 1711 1746 1782 judicio
1807 1715 1946 1769 nihil
2015 1717 2366 1787 prohibente,
2394 1730 2674 1776 contraria
2708 1723 2892 1792 faciat,
2923 1729 3146 1784 sublato
3175 1747 3344 1788 sensu
3375 1711 3588 1792 natura;

315 1813 708 1861 consentaneo.
751 1805 842 1859 Sic
879 1819 1010 1860 vero
1053 1805 1301 1862 Herodes
1344 1806 1538 1862 leviter
1567 1821 1633 1861 ae
1679 1808 1878 1864 misere
1916 1819 2191 1882 arreptus,
2240 1813 2506 1869 miserum
2562 1831 2762 1871 nomen
2796 1818 2852 1872 in
2909 1831 3238 1890 perpetuum
3274 1826 3478 1884 retulit.

387 1925 454 1977 Τί
486 1923 542 1978 δὲ
566 1924 626 1978 τὺ
647 1923 746 1993 τῆς
806 1924 1033 1994 ἀνομίας
1082 1925 1372 1996 κοράσιον;
1400 1925 1499 1996 τῆς
1560 1925 1806 1996 μοιχείας
1837 1925 1898 1978 τὸ

2071 1931 2214 1996 Quid
2269 1946 2402 1988 vero
2451 1925 2690 1989 scelesta
2713 1933 2900 2002 puella
2931 1936 2956 1990 ί
2991 1937 3256 1994 adulterii
3292 1955 3422 1997 esca
3471 1943 3587 2010 illa,

311 2016 506 2088 δέλεαρ
530 2058 544 2083 ,
573 2017 633 2069 τὸ
655 2016 750 2070 τοῦ
795 2017 1040 2088 Ἡρώδου
1099 2017 1425 2088 ἄγκιστρονο
1461 2021 1494 2090 ἠ
1530 2021 1695 2087 παγίς
1717 2018 1802 2087 ἐφ’
1829 2020 1896 2088 ἢν

327 2109 539 2172 ἐκεῖνος
608 2107 1012 2179 παρολισθήσας
1087 2109 1432 2180 προσέκοψε,
1486 2110 1581 2162 καὶ
1637 2109 1896 2180 θηραθεὶς

311 2205 415 2254 οὐκ
448 2201 730 2270 ἐξέφυγεν;
771 2219 788 2252 ι
815 2194 1002 2266 Εἶπεν,
1056 2201 1242 2270 φησὶν,
1280 2205 1346 2272 τῇ
1379 2201 1548 2273 μητρὶ
1601 2203 1800 2272 αὑτῆς’
1833 2201 1898 2254 Τί

311 2293 646 2362 αἰτήσομαις
687 2291 753 2345 Ἠ
802 2291 858 2345 δὲ
912 2291 1344 2364 προῦιὸασθείσα
1384 2333 1399 2357 ,
1460 2294 1562 2358 Δός
1623 2311 1716 2365 μοι
1759 2290 1898 2360 ὦδε,

315 2385 505 2454 φησὶν,
528 2383 588 2450 ἒξ
615 2383 786 2454 αὐτῆς
817 2383 916 2454 τὴν
947 2383 1190 2455 κεφαλὴν
1246 2385 1495 2438 Ἰωάννου
1545 2385 1642 2438 τοῦ
1689 2385 1895 2439 Βαπτι-

316 2477 468 2531 στοῦ.
509 2495 528 2530 ι
577 2475 741 2548 Ὁρᾷς
776 2476 866 2528 τὸν
921 2475 1315 2546 εὸαγγελιστὴν
1357 2476 1568 2548 τάληθῆ
1613 2477 1895 2549 πανταχοῦ

155 2579 160 2582 “
257 2641 264 2644 _
315 2569 744 2639 προῖσχόμενον;
775 2567 840 2621 Τί
871 2567 973 2640 γάρ
1005 2585 1210 2638 φησιν;
1248 2586 1268 2619 ι
1296 2567 1364 2621 Ἦ
1392 2568 1450 2622 δὲ
1491 2567 1760 2640 Ἡρωδιὰς
1813 2572 1898 2623 έν-

315 2663 464 2729 εῖχεν
506 2657 676 2729 αὐτῷ,
704 2660 798 2712 καὶ
829 2659 1021 2728 1ἢθελεν
1075 2659 1240 2711 αὐτὸν
1287 2659 1636 2722 ἀποκτεῖναι,
1673 2660 1766 2712 καὶ
1795 2660 1898 2712 οὐκ

315 2751 567 2820 ἠδύνατο.
621 2751 680 2805 Ὀ
718 2751 828 2821 γάρ
857 2749 1122 2821 -Ἡρώδης
1153 2749 1403 2817 ἐφοϐεῖτο
1461 2751 1554 2803 τὸν
1608 2751 1894 2818 Ἰωάννην,

311 2843 478 2906 εἰδὼς
509 2843 670 2898 αὑτὸν
703 2843 872 2913 ἄνδρα
903 2843 1112 2896 δίκαιον
1157 2843 1253 2896 καὶ
1301 2841 1466 2911 ἇγιον
1491 2861 1503 2873 ·
1541 2845 1636 2897 καὶ
1682 2843 1898 2897 ἀκούων

312 2934 483 2990 αὐτοῦ
549 2933 720 2989 πολλὰ
769 2935 965 3001 ἐποίει,
1023 2936 1118 2990 καὶ
1181 2937 1352 3006 ἡδέως
1405 2936 1568 2989 αὐτοῦ
1629 2937 1890 3008 ἧκουεν.»

239 3097 244 3104 ,
313 3028 550 3092 Βλέπεις
605 3029 698 3080 καὶ
747 3029 854 3098 πρὸ
910 3027 1020 3080 τῶν
1077 3029 1259 3097 ὅρκων
1288 3027 1386 3098 ἥδη
1419 3028 1898 3098 προσεγκειμένην

309 3121 384 3190 τῇ
419 3119 670 3190 βδελυρᾷ,
699 3120 801 3190 τὴν
830 3120 970 3172 κατὰ
999 3118 1094 3173 τοῦ
1126 3119 1416 3191 προφήτου
1449 3119 1898 3192 φιλαπεχθήμονα

310 3211 570 3283 γνώμηνς
599 3213 708 3265 Καὶ
740 3213 792 3265 τί
832 3213 1037 3282 ταύτης
1095 3213 1490 3282 ἐναργέστερον
1531 3213 1632 3281 τῆς
1689 3230 1900 3282 μαρτυ-

312 3305 440 3376 ρίας
490 3303 688 3372 γένοιτ’
731 3303 832 3364 iv;
891 3303 1006 3372 Τήν
1040 3320 1099 3356 τε
1131 3305 1237 3374 γὰρ
1266 3304 1603 3374 παρρησίαν,
1661 3304 1755 3356 καὶ
1806 3303 1896 3355 τὸν

311 3395 499 3464 ζῆλον,
529 3394 616 3447 διὰ
644 3395 734 3447 τὸν
771 3393 906 3464 πρὸς
932 3393 1186 3465 Ἡρώδην
1246 3393 1467 3464 ἔλεγχον
1518 3393 1611 3445 τοῦ
1645 3395 1894 3447 Ἰωάννου

313 3487 638 3557 παρίστησι,
699 3487 794 3540 καὶ
825 3485 923 3557 τὴν
957 3487 1064 3538 ἀπὸ
1095 3487 1292 3555 χρόνου
1327 3485 1472 3539 κατὰ
1525 3485 1724 3554 βάθους
1766 3484 1896 3536 ὑπο-

311 3577 659 3648 τρεφομένην
684 3576 823 3645 αὐτῇ
867 3575 1049 3645 μῆνιν,
1103 3574 1194 3628 ὑπ’
1224 3575 1347 3645 ὄψιν
1381 3574 1504 3644 ἄγει
1532 3575 1642 3628 τῶν
1665 3575 1894 3630 ἀκουόν-

309 3685 443 3722 των.
479 3667 648 3721 Τοῦτο
665 3667 710 3700 ⁷⁸
765 3667 873 3738 γὰρ
901 3667 981 3731 τὺ,
1018 3667 1274 3736 ἐνεῖχεν,
1306 3668 1542 3738 ὑπάρχει
1595 3684 1892 3736 προστατι-

311 3759 412 3812 κδν
448 3758 584 3828 ἅμα,
621 3759 714 3812 καὶ
743 3757 1014 3811 δεικτικόν
1035 3773 1050 3787 ·
1085 3757 1208 3810 ἐπεὶ
1233 3758 1326 3810 καὶ
1354 3757 1438 3823 τὸ,
1468 3760 1579 3812 οὐκ
1606 3756 1892 3826 ἠδύνατο,

311 3850 596 3917 ἀπόδειξιν
653 3849 767 3920 ἔχει
826 3849 925 3920 τῆς
992 3847 1235 3919 Ἡρώδου
1290 3849 1426 3920 πρὸς
1478 3849 1731 3920 Ἰωάννην
1777 3849 1896 3920 μετ’

287 3940 604 4004 -εὐλαϐείας
635 3941 805 4012 τιμῆς
831 3959 842 3971 ·
873 3941 954 3994 ὅτι
1004 3957 1064 3993 τε
1097 3941 1256 4009 ἅγιον
1316 3941 1411 3994 καὶ
1469 3942 1676 3997 δίκαιον
1735 3943 1896 3997 αὐτὸν

311 4031 482 4105 εἶχεν,
540 4033 634 4086 καὶ
671 4033 888 4086 ἁκούων
938 4031 1105 4085 αὑτοῦ
1167 4031 1338 4088 πολλὰ
1369 4034 1564 4098 ἐποίει,
1599 4037 1693 4087 καὶ
1725 4034 1896 4106 ἡδέως

311 4123 483 4179 αὺτοῦ
536 4125 754 4196 ἡκουεν.
803 4125 864 4177 Εἰ
905 4125 1000 4177 καὶ
1053 4125 1146 4196 ἣδε
1171 4125 1280 4178 τῶν
1317 4125 1430 4180 ἄνω
1479 4127 1614 4198 πρὸς
1648 4125 1715 4178 τὰ
1746 4128 1898 4179 κάτω

315 4217 629 4289 σύγκρισις,
655 4217 794 4271 πολὺ
837 4217 974 4289 πρὸς
1006 4219 1208 4287 ἑαυτὴν
1236 4217 1298 4271 τὸ
1324 4219 1582 4289 διάφορον
1616 4217 1730 4290 ἔχει
1751 4236 1763 4250 ·
1803 4220 1896 4272 καὶ

312 4311 417 4363 οὐκ
455 4311 543 4362 [σοι
571 4309 640 4361 τὰ
673 4308 997 4379 πράγματα,
1030 4309 1128 4379 τὴν
1154 4308 1329 4372 ἄλλως
1355 4309 1400 4340 ’ν
1431 4309 1570 4362 αὐτὰ
1598 4308 1693 4361 τοῦ
1756 4325 1896 4378 κρα-

311 4402 538 4468 τοῦντος
596 4401 846 4471 ἄγοντος.
879 4403 960 4456 Τὰ
993 4401 1094 4473 μὲν
1149 4401 1258 4473 γὰρ
1309 4401 1503 4473 πρῶτα
1532 4420 1546 4434 ·
1604 4403 1894 4476 παρρησία

315 4495 414 4549 καὶ
463 4493 620 4564 ζῆλος
646 4511 656 4522 ·
685 4494 777 4546 καὶ
802 4493 1040 4564 ἔλεγχοι,
1068 4495 1168 4564 τὴν
1191 4493 1285 4548 τοῦ
1321 4494 1586 4564 βασιλέως
1623 4495 1897 4567 ἐπέπλητ-

311 4603 411 4640 τον
455 4586 677 4638 ἄνοιαν·
749 4583 1058 4656 ἀνομοῦντά
1105 4602 1164 4638 τε
1217 4587 1380 4638 αὐτόν
1415 4603 1428 4616 ο
1481 4588 1603 4639 κατ’
1661 4586 1894 4655 ἀδελφοῦ

316 4676 605 4747 φωερῶς,
675 4676 773 4747 τὴν
839 4675 1026 4746 κοίτην
1086 4675 1546 4741 ἐπιϐουλεύοντα,
1620 4675 1896 4746 προύργου

312 4769 622 4838 διήλεγχεν.
671 4765 836 4837 Ὁμοῦ
859 4767 920 4820 τὺ
947 4767 1014 4821 δι’
1039 4757 1236 4830 αίδοῦς
1275 4766 1419 4837 ἔχειν
1475 4767 1570 4820 τοῦ
1635 4767 1773 4819 Θεοῦ
1809 4766 1899 4819 τὸν

315 4861 610 4931 προφήτην
645 4900 660 4924 ,
715 4860 810 4913 ἆτε
873 4859 1080 4912 δίκαιον
1143 4858 1235 4912 καὶ
1286 4859 1442 4926 ἆγιον
1510 4860 1695 4930 χώραν
1755 4855 1899 4930 εῖχεν

313 4951 488 5014 τέως·
520 4950 592 5003 τὰ
635 4949 692 5003 δὲ
752 4951 900 5021 ἑξῆς,
958 4951 1193 5020 ἀνόμοια
1255 4952 1438 5020 πάντη
1490 4953 1584 5004 καὶ
1619 4954 1899 5020 άπεμφαί-

314 5057 501 5104 νοντα,
555 5043 650 5094 καὶ
703 5041 810 5094 τῶν
859 5043 1142 5113 προτέρων
1189 5042 1344 5096 οὐδὲν
1388 5042 1510 5096 κατ’
1539 5043 1732 5096 οὐδένα
1773 5043 1898 5114 τρό-

316 5149 422 5186 πον
449 5132 752 5204 ἐφάμιλλον
798 5132 1014 5204 ἔχοντα.
1047 5135 1212 5188 Ὅτου
1243 5134 1308 5206 δὴ
1339 5135 1520 5205 χάριν,
1571 5137 1666 5187 καὶ
1717 5135 1893 5203 διατί;

327 5224 638 5297 Ἐξετράπη
660 5224 768 5297 γὰρ
789 5225 1036 5290 οἰνωθεὶς
1058 5225 1195 5298 πρὸς
1213 5225 1274 5279 τὸ
1295 5228 1393 5298 τῆς
1421 5227 1592 5298 μέθης
1619 5226 1818 5295 κοῦφόν
1836 5245 1894 5280 τε

313 5319 418 5373 καὶ
473 5317 775 5388 ὑπηνέμιον
827 5317 1030 5390 ἔρυμα,
1099 5318 1222 5372 ὅθεν
1247 5317 1461 5388 ψυχρᾶς
1496 5319 1703 5372 εἵνεκεν
1738 5319 1894 5389 εὐορ-

392 5499 419 5529 τ
452 5491 622 5548 Marc.
696 5509 770 5559 νι,
803 5493 894 5558 19,
927 5497 1011 5554 20.

1925 3274 1967 3331 C

1931 4631 1975 4685 D

2000 2021 2236 2078 Herodis
2267 2024 2502 2091 hamus,
2541 2026 2772 2098 laqueus
2819 2027 2873 2082 in
2925 2044 3087 2098 quem
3141 2031 3234 2086 ille
3295 2034 3608 2104 prolapsus-

1999 2115 2248 2182 oﬂ‘endit,
2302 2124 2358 2172 et
2409 2133 2521 2188 quo
2573 2127 2770 2189 captus
2804 2119 3034 2176 minime
3095 2121 3326 2192 eﬂ‘ugit?
3358 2144 3376 2178 ι
3418 2125 3586 2192 Dixit,

1998 2209 2202 2278 inquit,
2234 2209 2401 2264 matri
2442 2225 2593 2264 suae:
2632 2209 2774 2276 Quid
2810 2213 3030 2282 petam?
3063 2212 3163 2266 Illa
3196 2223 3383 2270 autem
3435 2232 3589 2290 pra:-

2001 2301 2209 2354 monita
2249 2315 2264 2352 :
2301 2299 2377 2354 Da
2419 2301 2554 2356 mihi
2615 2300 2726 2368 hic,
2799 2302 3005 2370 inquit,
3075 2305 3262 2360 statim
3322 2306 3378 2361 in
3431 2308 3590 2364 disco

1998 2397 2164 2458 caput
2201 2387 2432 2444 Joannis
2488 2388 2770 2460 Baptistae.
2821 2408 2839 2442 ι
2879 2387 3045 2446 Vides
3076 2393 3475 2462 evangelistam
3523 2409 3587 2449 ea

2001 2495 2217 2549 semper
2270 2496 2394 2550 quae
2452 2495 2580 2536 vera
2636 2490 2767 2536 sunt
2814 2482 3216 2537 adducentem?
3262 2484 3405 2550 Quid
3439 2486 3585 2540 enim

2001 2571 2116 2624 ait?
2148 2589 2166 2622 ι
2202 2569 2479 2628 Herodias
2532 2581 2716 2627 autem
2755 2573 2803 2628 ei
2849 2572 3239 2642 insidiabatur,
3279 2585 3331 2630 et
3373 2577 3590 2631 volebat

2012 2675 2139 2715 eum
2183 2661 2462 2727 occidere,
2490 2677 2592 2716 nec
2621 2669 2860 2732 poterat.
2911 2661 3156 2718 Herodes
3187 2663 3338 2718 enim
3375 2673 3590 2720 metue-
3651 2722 3654 2724 .

2001 2752 2094 2805 bat
2118 2749 2412 2818 Joannem,
2439 2752 2623 2807 sciens
2641 2767 2766 2805 eum
2800 2752 3204 2822 virumjustum
3226 2761 3281 2808 et
3305 2763 3588 2840 sanctum;

1975 2845 2054 2899 'ct
2081 2845 2270 2900 audito
2298 2861 2366 2900 eo
2393 2847 2562 2900 multa
2602 2844 2862 2908 faciebat,
2893 2853 2948 2900 et
2978 2845 3210 2902 libenter
3236 2862 3360 2902 eum
3396 2848 3590 2904 audie-

1999 2940 2092 2993 bat
2129 2947 2173 2990 ι’.
2217 2955 2236 2987 ι
2281 2935 2450 2992 Vides
2480 2945 2606 2992 ante
2631 2937 2796 2990 etiam
2829 2935 3222 3006 jusjurandum
3259 2938 3435 2996 fuisse
3465 2954 3588 2994 sce-

1999 3029 2230 3084 leratam
2285 3026 2548 3082 feminam
2612 3026 2834 3082 infenso
2889 3028 3076 3082 animo
3115 3029 3168 3082 in
3222 3031 3590 3100 prOphetam?

2001 3120 2142 3186 Quid
2163 3127 2350 3174 autem
2385 3119 2707 3174 testimonio
2739 3119 2844 3174 hoc
2873 3119 3192 3175 evidentius
3221 3137 3345 3176 esse
3369 3129 3536 3190 queat
3563 3120 3590 3176 ἲ

1999 3213 2135 3266 Cum
2169 3211 2312 3265 enim
2343 3211 2654 3266 libertatem
2689 3211 2952 3281 loquendi
3017 3225 3098 3266 ac'
3127 3212 3304 3267 zelum
3356 3213 3589 3268 Joannis

2005 3303 2285 3365 ostendit,
2322 3318 2389 3357 eo
2425 3303 2571 3372 quod
2615 3302 2708 3356 ille
2769 3301 3045 3358 Herodem
3105 3305 3535 3374 reprehenderet
3569 3324 3585 3362 :

2005 3405 2118 3448 tum
2145 3395 2273 3448 olim
2315 3393 2426 3448 imo
2459 3401 2686 3464 pectore
2729 3401 2930 3461 satam,
2964 3407 3028 3448 ac
3060 3395 3420 3450 inveteratam
3467 3413 3588 3451 mu-

2007 3483 2250 3539 liercula:
2281 3483 2441 3547 iram,
2479 3483 2540 3554 in_
2592 3482 2908 3536 auditorum
2969 3490 3252 3550 aspectum
3303 3486 3586 3554 producit.

2006 3575 2120 3630 Hoc
2187 3575 2334 3628 enim
2387 3552 2664 3644 signiﬁcat
2717 3573 2924 3644 pariter
2963 3582 3130 3644 atque
3181 3552 3426 3630 ostendit
3481 3592 3586 3631 vox

2006 3669 2120 3731 illa,
2144 3666 2527 3721 insidiabatur.
2561 3663 2697 3719 Nam
2717 3675 2770 3720 et
2792 3665 2950 3726 illud,
2976 3681 3078 3719 non
3092 3675 3322 3732 poterat,
3344 3668 3590 3721 ostendit

2006 3761 2236 3815 Herodis
2293 3761 2350 3813 in
2399 3758 2668 3814 Joannem
2720 3761 2990 3815 honorem
3063 3769 3114 3814 et
3171 3759 3586 3814 reverentiam:

2005 3851 2153 3924 quod
2187 3853 2454 3905 nimirum
2495 3853 2542 3906 is
2594 3861 2850 3906 sanctum
2882 3866 2946 3906 ac
2971 3851 3188 3921 justum
3240 3867 3365 3906 eum
3417 3851 3590 3905 habe-

2005 3955 2110 4009 ret,
2138 3957 2317 4012 eoque
2363 3943 2552 3996 audito
2595 3943 2772 3996 multa
2819 3941 3050 4007 faceret,
3087 3956 3151 3995 ac
3190 3941 3428 3996 libenter
3461 3954 3587 3994 eum

2005 4037 2240 4091 audiret.
2302 4032 2628 4102 Quanquam
2673 4042 2735 4086 ut
2792 4032 2975 4102 priora
3037 4048 3165 4086 cum
3224 4033 3590 4102 sequentibus

2005 4127 2440 4198 comparaveris,
2499 4139 2756 4192 magnum
2813 4123 3116 4178 discrimen
3181 4133 3284 4188 est,
3345 4138 3444 4176 nec
3499 4137 3591 4176 res

2005 4229 2134 4276 sunt
2163 4220 2428 4288 aequales,
2469 4217 2524 4270 in
2565 4217 2767 4285 quibus
2815 4231 2910 4269 rex
2949 4216 3143 4270 leviter
3171 4215 3420 4270 haberet.
3449 4213 3588 4269 Nam

2005 4313 2181 4382 prima
2210 4309 2472 4380 quidem,
2515 4323 2712 4378 nempe
2745 4307 3012 4378 loquendi
3041 4306 3273 4361 libertas
3311 4321 3376 4361 ac
3409 4307 3612 4386 zelus,‘

2005 4400 2604 4469 reprehensionesque,
2657 4397 2804 4466 regis
2853 4397 3214 4466 increpabant
3261 4397 3590 4461 amentiam,

2006 4493 2300 4564 ipsumque
2335 4489 2515 4560 palam
2569 4487 2841 4544 adversus
2879 4487 3106 4566 fratrem
3161 4489 3354 4558 inique
3401 4503 3590 4559 agere,

2006 4585 2166 4655 cujus
2226 4582 2396 4637 cubili
2461 4580 2842 4645 insidiaretur,
2901 4565 3194 4635 commode
3256 4580 3588 4649 arguebant.

2001 4675 2279 4730 llactenus
2309 4685 2492 4729 tamen
2541 4673 2782 4728 habebat
2815 4675 3018 4738 locum,
3049 4683 3109 4726 ut
3137 4671 3234 4728 Dei
3265 4675 3588 4744 prophetam

2001 4777 2350 4822 revereretur
2381 4775 2646 4835 tanquam
2677 4765 2892 4834 justum
2935 4779 2998 4818 ac
3031 4771 3289 4820 sanctum
3324 4781 3338 4818 :
3377 4775 3432 4818 at
3465 4780 3590 4836 qua:

2002 4868 2312 4930 sequuntur
2353 4859 2650 4916 dissimilia
2681 4861 2908 4915 omnino
2931 4875 2994 4915 ac
3025 4860 3410 4931 discrepantia
3433 4869 3594 4924 sunt,

2001 4969 2102 5008 nec
2141 4952 2443 5023 quidquam
2479 4968 2712 5021 prorsus
2747 4953 2955 5008 habent
2986 4953 3130 5022 quod
3165 4951 3450 5022 prioribus
3503 4968 3594 5008 re-

2007 5045 2298 5114 spondeat.
2339 5043 2620 5110 Quorsum
2673 5057 2828 5106 vcro,
2889 5059 2953 5099 ac
2997 5059 3242 5112 quanam
3278 5059 3346 5098 ex
3378 5044 3594 5098 causa?

2006 5135 2364 5192 Temulentus
2397 5135 2570 5202 enim,
2597 5136 2664 5189 ad
2697 5135 2816 5191 leve
2847 5149 2913 5190 ac
2954 5133 3219 5190 frivolum
3269 5149 3588 5204 propugna-

2005 5229 2192 5285 culum
2239 5227 2526 5282 ebrietatis
2562 5243 2686 5284 sese
2731 5227 3012 5282 convertit
3044 5245 3058 5280 :
3117 5242 3230 5297 quo
3265 5227 3470 5280 factum
3503 5235 3590 5282 est

2006 5329 2066 5374 ut
2111 5327 2341 5391 propter
2371 5319 2632 5390 frigidum
2665 5319 3063 5390 jusjurandum
3083 5361 3097 5386 ,
3130 5328 3186 5376 et
3215 5318 3590 5375 convivarum

1533 5677 1537 5680 ~
1575 5645 1812 5702 VARUE
1847 5645 2254 5704 LECTIONES.

399 5741 448 5774 "
473 5757 562 5809 γρ.
590 5739 806 5794 τούτου.
883 5741 928 5772 ’⁸
947 5757 1040 5810 γρ,
1073 5737 1172 5810 τὴν
1197 5739 1394 5802 ἄλλως.
