4016 6130
537 297 633 363 127

1684 297 1748 356 S.
1777 295 2107 356 ANDRE/E
2149 294 2574 355 CRETENSIS

3638 284 3773 353 1128

496 412 884 476 reverentiam,
938 411 1199 480 majorem
1250 408 1491 465 nefando
1522 408 1822 463 concubitu
1879 410 2075 478 nequi-

2182 406 2326 473 κίας,
2357 406 2574 475 καὶτῆς
2604 405 2742 476 πρὸς
2770 405 2893 468 τοὺς
2928 404 3214 476 συμπότας
3248 404 3467 483 καίδοῦς,
3498 404 3601 477 τὴν
3654 406 3771 476 μεί·

495 507 628 559 tiam
656 513 925 573 pareret;
982 512 1240 572 tanquam
1294 501 1350 554 in
1383 515 1549 555 scena
1594 498 1813 554 luderet
1845 498 2080 554 simula-

494 597 728 660 tionem,
770 602 921 648 ratus
955 591 1076 647 fore
1102 599 1162 645 ut
1195 592 1416 646 oculum
1458 590 1703 655 falleret,
1743 605 1909 661 quem
1944 590 2081 644 nihil

496 693 680 757 potest
714 686 907 739 latere.
928 685 1047 749 Qua
1081 682 1134 737 id
1166 683 1416 745 ratione?
1447 702 1466 735 ι
1503 682 1880 739 Contristatus
1907 683 2076 745 enim,

497 778 702 845 inquit,
733 785 819 830 est
848 791 946 830 rex
975 792 988 828 :
1020 776 1115 830 sed
1147 775 1803 845 propterjusjurandum,
1831 783 1887 829 et
1912 773 2082 831 simul

495 867 910 932 recumbentes,
943 865 1120 920 noluit
1148 866 1199 919 ei
1230 867 1495 920 abnuere.
1542 883 1560 917 ι
1588 864 1732 930 Quid
1769 864 1872 919 bac
1902 865 2079 920 simu-

497 958 703 1011 latione
744 958 921 1027 magis
949 956 1425 1011 abominandum?
1454 956 1597 1020 Quid
1630 971 1758 1010 vero
1790 955 2081 1010 miserabi-

495 1050 606 1105 lius
642 1048 949 1119 juramenti
1003 1048 1156 1101 illius
1204 1046 1508 1117 religione?
1552 1045 1688 1099 Nam
1727 1062 1852 1099 cum
1890 1046 2080 1101 liceret

496 1142 587 1212 pio
633 1140 809 1210 magis
855 1146 1158 1211 praetextu,
1188 1152 1252 1190 ac
1289 1152 1456 1191 sensu
1496 1136 1649 1204 regio
1682 1136 2076 1205 jusjurandum

495 1234 792 1303 depellere,
819 1233 1024 1285 malum
1063 1232 1207 1284 malo
1240 1229 1501 1284 confecit.
1543 1249 1562 1279 σ
1587 1228 1757 1284 Misso
1787 1230 1936 1287 enim
1967 1229 2080 1299 spi-

496 1326 749 1381 culatore
798 1324 971 1394 jussit
1024 1319 1301 1393 amputari
1328 1331 1515 1392 .caput
1551 1320 1782 1376 Joannis
1809 1360 1825 1387 ,
1868 1329 1922 1374 et
1956 1321 2077 1374 dari

497 1416 716 1485 puellae.
762 1434 781 1467 ι
822 1412 1024 1469 Vidisti
1072 1412 1458 1467 ltebetudinem
1489 1427 1791 1473 summam,
1835 1426 1900 1466 ac
1941 1412 2077 1466 lcvi~

496 1506 706 1560 tatem?
731 1505 926 1559 Nonne
956 1505 1254 1574 praestabat
1275 1503 1418 1558 bene
1442 1503 1720 1573 pejerare,
1745 1518 1909 1573 quam
1935 1504 2079 1559 male

492 1598 887 1668 jusjurandum
925 1595 1184 1653 servare?
1220 1596 1424 1665 Aperte
1456 1596 1701 1660 mentiri,
1731 1579 1831 1650 nec
1855 1596 1909 1649 in
1938 1611 2075 1665 pro-

500 1691 720 1760 phetam
757 1705 980 1742 manum
1018 1686 1274 1742 mittere?
1306 1686 1499 1741 Delicti
1524 1727 1539 1751 ,
1595 1696 1659 1740 ac
1707 1686 2076 1756 imprudentis

494 1780 917 1851 pollicitationis
946 1780 1165 1834 veniam
1201 1786 1407 1847 petere,
1444 1794 1606 1847 quam
1638 1777 1790 1847 juste
1832 1793 1960 1831 vera
1991 1778 2072 1832 di-

2182 1783 2272 1835 καὶ
2325 1783 2423 1836 τοῦ
2472 1782 2757 1853 προφήτου
2822 1782 2898 1851 μὴ
2947 1781 3243 1850 ἅψασθαις

496 1884 709 1928 centem
747 1912 762 1936 ,
843 1872 1110 1940 injustum
1174 1870 1311 1923 eﬂici
1376 1870 1658 1939 propheta:
1713 1873 2019 1925 occisorem
2055 1911 2071 1937 ,

490 1962 816 2032 juStumque
848 1962 951 2016 sibi
985 1976 1250 2030 reponere
1274 1960 1547 2030 judicium
1574 2000 1590 2027 ,
1630 1975 1695 2014 ac
1726 1960 1864 2015 eﬁlci
1901 1963 2070 2016 lilium

496 2054 799 2123 gehennae?
828 2054 885 2108 Si
919 2054 1144 2124 quidem
1171 2055 1315 2109 enim
1352 2053 1688 2122 postulasset
1721 2061 1781 2106 ut
1812 2055 1866 2108 in
1900 2053 2071 2108 Deum

497 2153 752 2215 peccaret
788 2154 842 2199 et
866 2144 1014 2199 idola
1046 2147 1307 2215 erigeret,
1340 2146 1532 2215 eisque
1568 2146 1918 2200 subditorum
1947 2162 2073 2202 san-

496 2238 717 2308 guinem
751 2237 987 2315 libaret;
1022 2236 1295 2306 tiliOSque,
1330 2252 1395 2291 ac
1443 2238 1619 2303 filias,
1647 2247 1985 2308 matresque,
2018 2249 2073 2292 et

498 2329 722 2392 fratres,
761 2328 1047 2384 et\uxores
1071 2329 1300 2398 insuper
1328 2340 1595 2384 mactaret
1625 2346 1640 2384 :
1673 2331 1950 2400 quomodo
1992 2333 2076 2385 vir

496 2422 700 2476 stultus
716 2421 1110 2490 jusjurandum
1134 2422 1405 2490 superbis
1424 2422 1757 2492 depelleret?
1782 2423 2072 2488 Quomodo

494 2525 675 2569 autem
715 2513 766 2567 id
792 2513 1020 2568 auderet
1048 2514 1296 2582 implere,
1329 2529 1453 2567 eum
1485 2514 1672 2569 Judaaa
1703 2525 1848 2571 esset
1873 2514 2071 2568 Roma-

494 2607 582 2660 nis
618 2605 945 2670 tributaria,
1007 2604 1167 2674 cujus
1218 2605 1337 2673 ipse
1375 2605 1745 2659 tetrarchiam
1796 2606 1934 2661 male
1980 2620 2072 2657 rex

492 2695 961 2750 administrabat?
996 2695 1063 2746 At
1121 2696 1213 2749 ille
1263 2696 1489 2765 quidem
1544 2696 1599 2749 in
1654 2698 1801 2750 hunc
1849 2699 2071 2753 modum

495 2789 782 2856 dereptus,
822 2786 1017 2856 puella:
1063 2786 1280 2841 misera:
1328 2789 1525 2856 laqueo
1578 2796 1776 2856 captus
1832 2799 1939 2843 est.
1976 2790 2089 2843 llla.

497 2888 680 2933 autem
714 2893 840 2932 cum
893 2884 1044 2932 esset
1085 2878 1521 2933 instrumentum
1574 2879 1643 2931 ad
1678 2880 2072 2949 malignitatem

499 2972 806 3034 inventum,
838 2978 1129 3040 tutamque
1168 2971 1222 3023 in
1283 2985 1342 3024 se
1378 2971 1575 3024 matris
1623 2972 1957 3026 malitiosum
2011 2988 2074 3027 ac

2184 497 2315 562 ζονα
2344 498 2445 569 τῆς
2475 498 2738 569 ἀθεμίτου
2802 497 3006 568 μίξεως
3062 497 3288 567 ἀνομίαν
3338 495 3531 550 ὤδινεν
3560 513 3576 528 ·
3614 496 3690 560 ὡς
3714 499 3771 550 ὲν

2185 594 2359 661 σκηνῇ
2391 589 2592 655 παίξας
2611 591 2674 644 τὸ
2700 590 2883 662 δρᾶμα
2912 590 3011 660 τῆς
3055 588 3433 659 ὑποκρίσεως,
3487 587 3770 642 λανθάνειν

2183 686 2410 756 νομίσας
2422 686 2514 738 τὸν
2531 684 2780 755 ,ἄληστον
2802 681 3109 752 ὀφθαλμόν.
3141 682 3272 734 Τίνα
3301 682 3541 751 τρόπονς
3574 700 3594 733 ι
3616 681 3769 735 Ἐλυ-

2183 778 2332 849 πήθη
2375 778 2506 848 γάρ,
2569 777 2756 847 φησιν,
2788 778 2817 829 ό
2851 774 3109 846 βασιλεύς
3139 789 3153 804 ⁸
3190 774 3326 826 ἁλλά
3384 773 3475 827 διὰ
3504 772 3634 836 τοὺς
3677 773 3769 842 ὅρ-

2183 854 2337 934 κούς,
2373 873 2468 925 καὶ
2486 872 2614 935 τοὺς
2674 869 3192 938 συνανακειμένους,
3220 865 3552 939 οὗκθῆθελεν
3600 866 3767 936 αὐτὴν

2182 963 2471 1033 ἀθετῆσαι.
2505 981 2523 1014 ι
2567 963 2632 1016 Τί
2655 961 2860 1028 ταύτης
2890 962 2990 1032 τῆς
3047 959 3393 1031 ὑποκρίσεως
3420 957 3768 1027 βδελυκτάτε-

2185 1070 2315 1125 ρον;
2348 1055 2412 1107 Τί
2436 1055 2493 1107 δὲ
2518 1054 2617 1123 τῆς
2651 1054 2907 1124 εὐορκίας
2948 1054 3168 1122 ἐκείνης
3225 1049 3560 1119 ἀθλιώτερον
3585 1047 3765 1110 ;Ἐνόν

2183 1146 2292 1216 γὰρ
2319 1145 2470 1216 αὐτῷ
2493 1163 2567 1198 πα
2578 1145 2825 1216 ρωθῆσαι
2855 1147 2983 1208 τοὺς
3010 1146 3209 1216 ὅρκους
3231 1143 3612 1214 εὐσεϐεστέρῳ
3634 1160 3765 1212 προ-

2183 1237 2445 1307 ϐλήματι,
2479 1240 2573 1291 καὶ
2603 1238 2866 1309 βασιλείῳ
2925 1239 3261 1309 φρονήματι,
3322 1236 3481 1306 κακῷ
3501 1237 3562 1288 τὸ
3598 1237 3764 1290 κακὸν

2197 1328 2588 1399 συνεπέρανεν.
2653 1350 2671 1381 ι
2708 1329 3064 1392 ’Λποστείλας
3122 1328 3229 1398 γὰρ
3278 1326 3714 1399 σπεκοιιλάτωρα
3746 1370 3762 1392 ,

2180 1417 2467 1471 ἐκέλευσεν
2516 1420 2911 1490 ἀποτμηθῆναι
2948 1418 3050 1488 τὴν
3083 1418 3327 1486 κεφαλὴν
3370 1416 3643 1483 Ἰωάννου,
3674 1417 3765 1470 καὶ⁵
3867 1429 3871 1437 “

2180 1506 2404 1577 δοθῆναι
2434 1508 2512 1577 τῷ
2543 1509 2805 1579 κορασίῳ.
2844 1527 2863 1560 ι
2923 1502 3078 1568 Εἶδες
3131 1506 3363 1569 νωθείας
3417 1507 3514 1560 καὶ
3566 1508 3766 1575 κουφόο

2179 1618 2340 1668 τητος
2400 1602 2714 1672 ὑπερϐολήν
2763 1620 2779 1668 ;
2838 1601 2952 1655 Οὐκ
3011 1601 3119 1654 ἔδει
3185 1600 3386 1668 μᾶλλον
3438 1601 3766 1673 ἐπιορκῆσαι

2181 1690 2439 1760 καλῶῶῆ
2479 1692 2665 1755 κακῶς
2705 1692 3042 1765 εὑορκῆσαι,
3075 1691 3390 1761 ψεύσασθαι
3446 1691 3761 1761 προφανῶς,

3301 1779 3640 1850 συγγνώμην
3683 1782 3766 1834 αἰ-

2174 1873 2339 1943 τῆσαι
2365 1871 2460 1925 τοῦ
2491 1872 2908 1943 παροράματος,
2942 1873 3088 1942 ἥπερ
3113 1871 3495 1942 ἀληθεύσαντα
3516 1871 3762 1935 δικαίως,

2176 1963 2359 2017 ἄδικον
2384 1964 2651 2035 φονευτὴν
2683 1963 3074 2033 ἀποδειχθῆναι
3106 1964 3390 2035 προφήτου
3412 2005 3428 2027 ,
3481 1961 3579 2014 καὶ
3644 1961 3763 2032 κρί-

2178 2072 2260 2108 σιν
2282 2053 2488 2108 ἔνδικον
2518 2053 2694 2125 ἑαυτῷ
2728 2052 3151 2123 ταμιεύσασθαι,
3203 2054 3296 2106 καὶ
3355 2051 3587 2121 γεέννης
3616 2051 3765 2118 γενέ-

2178 2144 2302 2197 σθαι
2358 2144 2600 2211 υίόν;Εί
2649 2143 2759 2214 γὰρ
2833 2143 3039 2215 ⁴ᾔτησεν
3113 2143 3445 2213 ἐξαμαρτεῖν
3488 2145 3571 2205 είς
3614 2142 3761 2207 Θεὸν,

2175 2235 2274 2288 καὶ
2320 2233 2514 2288 είδωλα
2548 2233 2767 2304 στῆσαι,
2795 2237 2890 2288 καὶ
2922 2236 3144 2287 σπεῖσαι
3174 2234 3385 2295 τούτοις
3416 2233 3631 2303 αἵματα
3662 2232 3764 2284 τῶν

2175 2326 2461 2397 ὑπηκόων
2516 2327 2669 2390 υίούς
2696 2342 2777 2388 τε,
2807 2325 2903 2379 καὶ
2946 2324 3272 2394 θυγατέρας,
3334 2325 3430 2377 καὶ⁵
3493 2325 3760 2394 μητέρας,

2176 2418 2267 2471 καὶ
2320 2417 2602 2485 ἀδελφοὺς,
2664 2417 2759 2471 καὶ⁵
2808 2419 3076 2485 γυναῖκας
3136 2413 3570 2486 προσεπιθῦσαι,
3624 2413 3760 2478 πῶς.

2176 2511 2243 2563 ἂν
2273 2509 2401 2572 τοὺς
2426 2511 2517 2563 ἐπὶ
2542 2509 2753 2571 τούτοις
2777 2510 2974 2579 ὅρκους
3001 2509 3030 2560 ὁ
3062 2507 3290 2577 μάταιος
3343 2506 3713 2578 ἐξεκρούσατο
3743 2522 3759 2573 ;

2177 2601 2300 2665 Πῶς
2359 2601 2405 2653 δ’
2442 2601 2507 2654 ἂν
2580 2601 2678 2654 καὶ
2730 2599 2974 2670 πληροῦν
3046 2600 3247 2662 αὑτοὺς
3310 2597 3791 2668 κατετόλμησεν,-

2186 2692 2477 2762 Ῥωμαίων
2537 2690 2705 2763 οὑσης
2735 2692 3013 2760 ὑποιρόρου
3038 2689 3140 2759 τῆς
3188 2689 3473 2753 Ἰουδαίας,
3498 2686 3568 2760 ἧς
3602 2688 3758 2750 αὑτὸς

2174 2783 2493 2855 τετραρχῶν
2537 2784 2722 2847 κακῶς
2773 2782 3131 2847 ὲ6ασίλευεν;
3185 2779 3327 2833 Ἀλλ’
3358 2782 3386 2833 ό
3464 2782 3562 2849 μὲν
3617 2779 3759 2831 οὑτω

2176 2875 2594 2944 κεπφωθεὶςκθ,
2651 2875 2756 2928 ὑπὸ
2813 2875 2983 2945 κόρης
3037 2873 3228 2934 ἀθλίας
3287 2870 3654 2941 ἐσαγηνεύθη.
3698 2870 3763 2923 ’Π

2175 2969 2253 3033 δὲ,
2292 2967 2429 3038 πρὸς
2491 2968 2830 3037 κακουργίαν
2879 2967 3112 3037 ὄργανον
3166 2964 3548 3035 ὲξηυρημένον
3592 2963 3763 3032 ὑπᾶρ-

500 3062 824 3117 sceleratam
861 3072 1097 3114 mentem
1135 3061 1527 3129 expressisset,
1577 3076 1867 3130 personam
1899 3062 2074 3116 induit

2182 3077 2371 3130 χονσα,
2437 3059 2568 3129 ὅλην
2596 3077 2655 3112 τε
2690 3060 2789 3130 τῆς
2859 3058 3064 3130 μητρὸς
3113 3058 3199 3126 ἐφ’
3238 3056 3441 3126 ἑαυτὴν
3484 3055 3766 3127 ἀναμαξα-

499 3144 818 3218 creditoris,
880 3167 942 3204 ac
1026 3160 1286 3220 tauquam
1344 3152 1751 3221 indeprecabile
1831 3154 2076 3208 debitum

498 3244 752 3313 exigens,
792 3241 932 3297 solvi
969 3246 1101 3313 petit
1138 3257 1168 3295 a
1201 3259 1327 3311 rege
1362 3262 1375 3297 :
1417 3263 1434 3293 ι
1471 3244 1547 3297 Da
1581 3245 1712 3298 mihi
1767 3245 1857 3299 hic
1893 3247 2078 3301 statim

500 3336 557 3388 in
605 3335 761 3389 disco
801 3343 971 3404 caput
1023 3334 1254 3389 Joannis
1292 3335 1572 3406 Baptista.
1614 3356 1633 3389 ι
1672 3336 1752 3391 Da
1804 3339 1956 3401 mihi,
2004 3340 2081 3392 itt-

501 3425 644 3495 quit,
706 3424 825 3490 hic;
868 3426 1033 3495 idque
1080 3428 1287 3493 statim,
1349 3436 1404 3481 et
1444 3429 1497 3481 in
1541 3428 1706 3482 disco.
1735 3428 1875 3494 Quid
1918 3445 2081 3499 porro

502 3520 685 3574 dabo?
721 3520 841 3576 Non
875 3537 1106 3587 aurum,
1144 3522 1344 3591 inquit,
1399 3538 1507 3576 non
1558 3538 1804 3592 gemmas
1849 3524 2082 3593 pelluci-

501 3612 636 3679 das;
671 3629 780 3667 non
816 3615 862 3668 si
891 3614 1024 3683 quid
1058 3616 1206 3682 regia
1245 3623 1632 3680 sumptuosum
1666 3615 1833 3669 habet
1859 3632 1923 3671 ac
1955 3633 2080 3686 pre-

500 3705 744 3768 tiosum;
783 3703 879 3758 sed
910 3712 1067 3770 caput
1097 3701 1329 3756 Joannis
1382 3703 1667 3772 Baptism.
1707 3705 1850 3774 Quid
1901 3707 2082 3761 dicis?

501 3793 609 3846 D15
640 3802 826 3860 caput,
860 3792 1005 3861 quutl
1044 3793 1129 3847 vel
1170 3793 1274 3862 ipsi
1336 3802 1660 3847 reverentur
1705 3796 1920 3864 angeli?
1976 3795 2081 3852 Das

502 3894 667 3952 caput
701 3884 861 3949 illud,
890 3899 1057 3954 super
1089 3886 1236 3954 quod
1257 3900 1383 3938 cum
1415 3883 1654 3939 Verbum
1684 3887 2077 3957 baptizaretur,

506 3973 747 4042 Spiritus
795 3974 848 4026 in
898 3974 1083 4042 specie
1131 3974 1401 4028 columbae
1441 3974 1787 4031 descendens
1835 3978 2081 4032 volavit?

504 4065 612 4120 Das
664 4080 763 4134 pro
825 4081 993 4136 parva
1052 4066 1351 4136 voluptatis
1406 4069 1858 4123 remuneratione
1912 4078 2080 4140 caput

502 4160 661 4221 illud,
695 4159 857 4226 cujus
916 4159 1142 4214 dextera
1182 4175 1306 4214 eum
1361 4160 1651 4230 baptizans
1718 4163 1812 4231 qui
1860 4163 2012 4217 sedet
2048 4178 2077 4217 a

501 4251 718 4307 dextris
744 4252 949 4317 Patris,
983 4254 1328 4307 sanctificata
1350 4255 1474 4309 est?
1503 4253 1678 4323 Caput
1716 4254 1851 4308 illud
1879 4256 2074 4310 nefarii

502 4344 615 4396 ludi
673 4344 943 4412 persolvis
981 4346 1311 4411 mercedem,
1351 4345 1511 4413 cujus
1551 4347 1737 4414 lingua
1770 4346 1823 4400 in
1854 4348 2075 4402 hodier-

2189 3153 2325 3222 μένη
2375 3151 2475 3222 τὴν
2520 3151 2852 3205 κακότεκνον
2881 3149 3131 3220 γνώμην,
3160 3148 3570 3221 χρεωφειλέτου
3606 3146 3767 3216 δῆθεν

2184 3243 2535 3314 ὑποκρίνεται
2596 3244 2887 3314 πρόσωπον
2917 3260 2932 3273 ο
2967 3243 3062 3295 καὶ
3092 3242 3281 3312 ὥσπερ
3327 3242 3488 3311 χρέος
3520 3242 3760 3312 ἀπαραί-

2183 3350 2363 3401 τητον,
2396 3335 2540 3384 αίτεῖ
2594 3333 2744 3406 ποιρά
2776 3332 3041 3403 βασιλέως
3066 3333 3164 3403 τὴν
3200 3331 3414 3385 ἔκτισιν
3440 3349 3455 3363 ο
3496 3350 3516 3382 ι
3550 3333 3649 3395 Δός
3681 3350 3767 3401 μοι

2183 3418 2287 3477 ὧδε
2327 3425 2386 3492 ἐξ
2421 3424 2588 3493 αὑτῆς
2649 3425 2743 3476 ἐπὶ
2794 3424 3007 3489 πίνακι,
3066 3423 3165 3494 τὴν
3220 3424 3467 3492 κεφαλὴν
3524 3425 3765 3478 Ἰωάννου

2181 3514 2276 3568 τοῦ
2309 3514 2636 3569 Βαπτιστοῦ.
2659 3516 2768 3582 Δός
2791 3532 2914 3584 μοι,
2939 3515 3127 3585 φησὶν,
3158 3509 3297 3579 ὧδε,
3331 3517 3426 3568 καὶ
3447 3516 3518 3579 ἐξ
3558 3515 3765 3583 αῠτῆςι

2183 3607 2279 3659 καλ⁵
2336 3607 2435 3659 ἐπὶ
2490 3608 2723 3660 πίνακι.
2791 3608 2834 3660 Τ
2842 3608 2856 3660 ί
2883 3606 3076 3672 δὼσω;
3111 3607 3187 3660 Οὑ
3212 3607 3437 3679 χρυσὸν,
3489 3611 3681 3679 φησὶν,
3711 3609 3766 3660 οὐ

2181 3697 2363 3760 λίθους
2418 3698 2698 3765 διαφανεῖς
2728 3716 2742 3729 ·
2792 3700 2894 3753 οὑκ
2951 3698 3089 3753 εἴτι
3145 3698 3253 3752 τῶν
3284 3701 3341 3751 ὲν
3391 3698 3769 3769 βασιλείοιςτὺ

2183 3787 2473 3851 πολυτελὲς
2523 3788 2657 3860 ἔχει,
2722 3792 2816 3843 καὶ
2862 3790 3047 3859 τίμιον
3082 3807 3094 3821 ’
3150 3789 3289 3844 ἀλλὰ
3336 3789 3435 3862 τὴν
3494 3792 3767 3861 κεφαλὴν

2193 3880 2479 3936 Ἰωάννου
2510 3883 2618 3936 τοῦ
2651 3882 3019 3939 Βαπτιστοῦ.
3052 3883 3118 3938 Τί
3172 3884 3383 3952 λέγεις;
3448 3884 3550 3954 τὴν
3599 3902 3767 3953 κεφα-

2179 3973 2278 4044 λὴν
2328 3973 2486 4037 δίδως
2517 3975 2584 4045 ἣν
2610 3976 2888 4029 αἰδοῦνται
2940 3979 3038 4030 καὶ
3094 3975 3366 4045 ἄγγελοι;
3419 3977 3666 4047 Ἐκείνην
3706 3979 3764 4031 οὐ

2179 4067 2334 4129 δίδως
2386 4068 2484 4139 τὴν
2519 4067 2787 4138 κεφαλὴν,
2815 4062 2884 4138 ἧς
2914 4067 3172 4138 ὑπεράνω
3220 4068 3625 4139 βαπτιζομένου
3676 4068 3765 4121 τοῦ

2179 4159 2373 4226 Λόγου,
2407 4159 2466 4211 τὸ
2493 4159 2718 4227 Πνεῦμα
2767 4161 2828 4210 ὲν
2868 4159 3002 4210 εἴδει
3060 4161 3397 4229 περιστερᾶς
3442 4159 3761 4228 καθιέμενον

2180 4250 2372 4303 ἵπτατο
2426 4268 2440 4313 ;
2498 4250 2719 4320 Ταύτην
2789 4251 3023 4321 ἀμοιϐὴν
3082 4252 3287 4320 μικρᾶς
3348 4250 3550 4320 ἡδονῆς
3611 4252 3762 4311 δίδως

2176 4344 2273 4413 τὴν
2304 4342 2569 4412 κεφαλὴν,
2599 4338 2666 4413 ἦς
2699 4345 2730 4413 ἡ
2755 4341 2928 4408 δεξιὰ,
2958 4345 3053 4395 τὸν
3076 4345 3141 4395 ὲκ
3170 4340 3364 4405 δεξιῶν
3416 4341 3512 4394 τοῦ
3555 4342 3759 4410 Πατρὶς

502 4448 634 4485 num
689 4447 863 4500 usque
905 4432 1047 4485 diem
1108 4442 1221 4486 stat
1273 4433 1556 4487 clamans:
1593 4452 1610 4483 ι
1651 4433 1770 4487 Non
1813 4436 1937 4489 licet
1976 4440 2073 4491 tibi

2184 4434 2548 4503 καθεζόμενον
2583 4474 2597 4497 ,
2650 4434 2890 4502 ἡγιάσθη
2948 4432 3333 4504 βαπτίζουσας
3390 4435 3610 4503 ἐκείνην
3667 4433 3759 4501 τὴν

503 4520 709 4573 habere
743 4535 968 4573 uxorem
1003 4518 1234 4590 Philippi
1271 4519 1460 4576 fratris
1498 4522 1618 4576 tui?
1646 4542 1663 4573 ι
1701 4522 1814 4578 Hoc
1847 4532 1904 4577 tu
1922 4538 2086 4598 caput

504 4609 603 4663 das
642 4611 694 4663 in
755 4611 914 4664 disco
968 4611 1186 4680 puella“,
1221 4613 1366 4679 quod
1407 4614 1497 4666 illa
1537 4623 1688 4668 tuum
1724 4630 1967 4669 amorem
2018 4620 2085 4672 ad

506 4701 800 4756 mmebiam
841 4703 1179 4765 accenderit,
1214 4712 1268 4756 et
1298 4719 1394 4756 cor
1429 4705 1818 4762 saltationibus
1867 4710 2084 4762 sancia-

505 4790 686 4842 rerit?
720 4789 863 4854 Quid
901 4790 1057 4855 facis,
1108 4784 1321 4845 miser?
1362 4793 1727 4862 Ejusmodine
1784 4795 1896 4851 fers
1941 4799 2088 4867 leges
2124 4785 2131 4790 ’

504 4894 641 4945 quas
674 4881 764 4948 qui
794 4889 1001 4943 servat,
1034 4881 1243 4952 inique,
1279 4899 1342 4937 ac
1364 4885 1499 4954 legis
1525 4894 1907 4955 transgressor
1933 4890 2081 4958 agit?

504 4970 656 5025 Eane
712 4973 895 5026 sancis
931 4988 1053 5042 quae
1100 4986 1359 5045 separant
1411 4990 1440 5029 a
1498 4976 1622 5034 Deo,
1674 4987 1726 5030 et
1757 4978 1961 5046 quibus
1987 4977 2079 5047 jus

506 5063 764 5117 lmditnr?
798 5064 954 5120 Unde
987 5066 1082 5119 tibi
1131 5067 1360 5136 impium
1409 5069 1512 5122 boc
1558 5085 1620 5122 ac
1655 5070 1925 5123 nefarium
1974 5073 2079 5125 sci-

505 5153 664 5207 tum?
705 5155 964 5220 Qumnam
1004 5159 1168 5227 impia
1207 5161 1289 5213 lex
1321 5159 1436 5213 haec
1485 5162 1803 5230 suggessit?
1851 5164 2035 5233 Apage
2061 5205 2076 5229 ,

504 5262 615 5301 non
649 5257 781 5303 sunt
817 5253 933 5303 haec
972 5249 1065 5304 Dei
1098 5252 1201 5305 mei
1237 5252 1375 5322 legis
1412 5292 1428 5315 ,
1481 5262 1574 5307 aut
1624 5252 1902 5309 Mosaicm.
1959 5254 2077 5309 Non

505 5337 769 5394 audivisti
788 5337 1206 5397 Proverbiorum
1230 5344 1563 5415 scriptorem
1587 5346 1857 5401 dicentem
1884 5366 1897 5401 :
1930 5364 1948 5397 ι
1985 5347 2077 5401 Li-

507 5427 635 5481 bera
676 5445 773 5485 eos
811 5432 902 5501 qui
959 5432 1313 5490 abducuntur
1364 5437 1429 5491 ad
1487 5445 1740 5503 mortem,
1768 5450 1826 5493 et
1859 5453 1955 5494 eos
1991 5441 2082 5508 qui

2185 4523 2428 4594 κεφαλὴν
2471 4523 2663 4592 μισθὸν
2690 4523 2947 4593 ἀθεμίτου
3008 4524 3230 4586 παιδιᾶς
3284 4523 3659 4586 ἀποτιννύεις,
3696 4518 3761 4593 ἧς

2183 4614 2459 4684 ήγλῶσσα
2522 4614 2686 4684 μέχρι
2726 4616 2817 4666 καὶ
2849 4615 2944 4667 νῦν
2983 4615 3182 4684 ἕστηκε
3235 4615 3518 4686 κράζουσα
3552 4633 3567 4648 ·
3603 4617 3757 4686 «pix

2180 4706 2390 4772 ἔξεστίν
2422 4724 2502 4760 σοι
2528 4708 2673 4775 ἔχειν
2714 4706 2811 4776 τὴν
2836 4709 3070 4775 γυναῖκα
3095 4707 3370 4760 Φιλίππου
3399 4707 3494 4760 τοῦ
3536 4679 3753 4776 ἀδεθφοῦ

2185 4812 2317 4863 σου;
2352 4814 2370 4847 ι
2416 4795 2636 4864 Ταύτην
2700 4796 2855 4859 δίδως
2897 4799 2959 4848 σὺ
2989 4797 3085 4864 τὴν
3144 4796 3389 4865 κεφαλὴν
3444 4799 3537 4849 ἐπὶ
3579 4799 3754 4849 πίνακι

2187 4884 2264 4954 τῷ
2295 4885 2561 4956 κορασίῳ,
2628 4884 2817 4952 ἐπειδὴ
2870 4901 2964 4937 σου
3028 4885 3166 4955 πρὸς
3209 4885 3461 4955 μοιχείαν
3522 4885 3752 4953 Excivit}:

2186 4977 2275 5028 τὸν
2306 4976 2504 5045 ἔρωτα,
2535 4976 2630 5027 καὶ
2654 4974 2753 5045 τὴν
2782 4971 3011 5044 καρδίαν
3038 4976 3245 5046 ἔτρωσε
3275 4980 3398 5038 ταῖς
3432 4977 3751 5046 ὀρχήσεσιν,

2187 5069 2229 5121 Τ
2236 5069 2251 5120 ί
2280 5071 2478 5133 ποιεῖς,
2517 5065 2668 5121 ἄθλιε
2694 5084 2708 5132 ;
2741 5066 2982 5120 Τοιαῦτα
3004 5069 3339 5137 νομοθετεῖς,
3377 5068 3568 5139 ἆπερὸ
3596 5067 3754 5119 ποιῶν

2187 5162 2410 5230 ἁνομεῖ;
2463 5158 2686 5211 τοιαῦτα
2747 5157 3049 5222 θεσπίζεις,
3082 5158 3231 5211 ἂτοῦ
3291 5159 3431 5212 Θεοῦ
3488 5158 3750 5230 χωρίζεις

2190 5253 2282 5304 καὶ
2344 5249 2586 5301 λωϐᾶται
2633 5249 2695 5301 τὸ
2747 5247 2957 5302 δίκαιον
3010 5265 3025 5313 ;
3082 5249 3257 5303 Πόθεν
3319 5266 3403 5302 σοι
3459 5251 3521 5302 τὸ
3571 5249 3797 5310 ἀσεϐὲςί

2187 5339 2346 5394 τοῦτο
2375 5338 2469 5392 καὶ
2497 5338 2757 5408 ἀθέμιτον
2783 5338 3113 5411 πρόσταγμα
3135 5357 3151 5404 ς
3178 5341 3338 5403 Ποῖος
3362 5340 3567 5411 ἀσεὸὴς
3590 5340 3751 5394 ταῦτα

2191 5432 2568 5502 ὑπηγόρευσεν
2621 5432 2826 5500 νόμος;
2873 5433 3111 5500 Ἄπαγε.
3168 5433 3244 5486 Οὑ
3293 5431 3389 5486 τοῦ
3435 5433 3572 5504 ἐμοῦ
3625 5428 3751 5486 dect-3

1782 5613 2017 5667 VARI/ii
2046 5609 2451 5668 LECTIONES.

580 5691 624 5722 "
656 5692 724 5745 ισ
747 5736 756 5744 .
777 5697 1067 5764 κεκωφωθ.
