4016 6130
376 250 517 318 1129

1371 267 1453 327 IN
1487 270 1547 333 S.
1588 269 1833 333 ΙΟΑΝΝ
1842 273 1914 333 IS
1946 275 2601 340 DECOLLATIONEM.

3499 287 3521 352 1
3537 289 3639 357 130

368 365 568 434 ταῦτα,
619 369 652 440 ἢ
707 371 800 439 τῆς
856 364 1103 438 Μωσέως
1150 376 1494 448 νομοθεσίας.
1547 383 1661 436 Οὐκ
1713 384 1930 455 ἥκουσαι⁴

2061 389 2395 444 occiduntur
2437 390 2651 447 redime
2678 391 2743 444 εἳ
2804 410 2824 444 ι
2882 391 2941 448 Si
3003 392 3200 452 dicas:
3246 395 3446 456 Nescio
3496 403 3636 472 hoc;

367 458 464 512 τοῦ
512 460 924 531 Ιιαροιμιαστοῢ
993 463 1241 533 λέγοντος
1275 484 1290 498 ο
1355 489 1373 521 ι
1413 469 1603 523 Ῥὗσαι
1666 474 1953 544 ἀπαγομέ-

368 570 497 617 νους
539 556 621 618 είς
682 556 944 625 θάνατον,
1014 562 1108 614 καὶ
1176 563 1407 635 ὲκπρίου
1469 568 1852 638 κτεινομένους
1886 586 1947 632 ς»

382 643 511 699 Ἐάν
561 647 723 720 εἴπῃς
760 665 774 678 ·
831 651 947 704 Οὐκ
1001 648 1117 705 οἴδα
1170 655 1329 709 τοῦτο
1359 670 1375 687 ο
1412 656 1650 725 γίνωσκε
1708 658 1793 711 ὅτι
1840 659 1954 712 Κύ-

370 756 486 811 ριος
535 743 769 810 καρδίας
841 745 1061 801 πάντων
1124 746 1429 814 γινώσκει,
1488 747 1549 812 ὃς
1623 767 1643 800 ¢
1679 748 1951 804 ἀποδώσει

274 848 279 851 ’
368 831 585 904 ἑκάστῳ
636 834 778 888 κατά
802 833 870 888 τὰ
900 834 1037 904 ἔργα
1077 837 1263 891 αὐτοῦ.
1297 858 1315 888 ι
1352 837 1418 891 Τί
1472 840 1657 909 σαυτῷ
1697 840 1952 909 συνάγεις

369 921 515 994 ὕληνΔ
528 923 667 995 πρὸς
689 926 886 980 καῦσιν
915 928 1136 981 αἰωνίου
1171 930 1342 1001 πυρός
1368 948 1383 995 ;
1429 929 1609 995 Ἀλλὰ,
1646 948 1665 981 ι
1694 930 1796 984 Διά
1820 932 1949 994 τοὺς

365 1014 564 1086 ὅρκους
598 1056 614 1084 ,
675 1017 840 1086 φησὶν
868 1060 883 1084 ,
913 1020 1007 1072 καὶ
1042 1022 1171 1084 τοὺς
1236 1025 1731 1095 συνανακειμένους
1791 1026 1950 1079 τοῦτο

367 1106 530 1161 ποιῶ.
560 1126 580 1159 ι
657 1109 882 1174 Καλῶς.
945 1111 1056 1164 Καὶ
1102 1113 1185 1177 τίς
1218 1114 1246 1166 ὁ
1304 1100 1638 1185 βιασάμενος
1679 1116 1738 1182 ἐξ
1770 1120 1949 1188 ἀρχῆς

364 1199 521 1253 τοῦτό
589 1217 648 1252 σε
692 1202 1168 1273 καθυποσχέσθαι;
1210 1206 1306 1268 Τίς
1337 1206 1382 1258 δ’
1430 1208 1495 1261 ἀν
1541 1225 1600 1260 σε
1637 1208 1741 1262 κᾶν
1771 1210 1945 1262 ὁπωσ-

363 1292 458 1347 οῦν
491 1286 831 1358 ἀποδέξαιτο,
864 1295 896 1365 ἢ
929 1295 1004 1359 ὡς
1030 1296 1093 1349 τὸ
1138 1297 1304 1367 τυχὸν
1348 1299 1692 1355 ἐπαινέσειεν
1744 1301 1947 1373 δήπου-

362 1386 491 1452 θεν;
544 1388 910 1460 Ἀπροόρατον
966 1391 1073 1461 γάρ
1111 1392 1205 1445 ἐπὶ
1249 1394 1356 1446 τῶν
1390 1393 1602 1465 ἀδήλων
1636 1395 1669 1466 ἡ
1704 1395 1822 1466 μεθ’
1854 1397 1947 1468 ὅρ-

361 1498 460 1534 κου
508 1482 822 1553 ὑπόσχεσις,
870 1483 996 1537 ὃταν
1031 1484 1271 1554 ἀκρίτως
1331 1486 1632 1557 ἐκφέρηται
1669 1486 1765 1541 τοῦ
1795 1487 1945 1557 λογι-

363 1574 502 1646 σμοῦ
537 1575 634 1647 τὴν
696 1575 789 1628 ἐπὶ
848 1575 1053 1648 θάτερα
1099 1576 1334 1647 βάσανον
1362 1581 1423 1633 οὐ
1478 1580 1756 1646 λαϐόντος,
1805 1583 1945 1654 πρὸς

362 1666 710 1731 συνεξέτασιν
733 1668 829 1720 τοῦ
861 1668 1027 1723 καλοῦ
1060 1670 1156 1724 καὶ
1188 1669 1282 1723 τοῦ
1313 1672 1576 1743 χείρονος.
1623 1676 1688 1729 ’Ὀ
1720 1677 1783 1747 δὴ
1814 1677 1944 1748 πρό·

2059 478 2205 534 scias
2283 478 2430 550 quod
2478 480 2747 537 Dominus
2805 482 2981 562 novit.
3014 478 3179 539 corda
3215 489 3464 544 omnium
3504 492 3545 557 ι,
3583 502 3639 548 et

2063 587 2082 619 ι
2138 570 2334 626 reddet
2382 572 2685 644 unicuique
2714 572 3021 630 secundum
3057 590 3224 646 opera
3255 579 3433 648 ejus.u
3454 596 3472 630 ι
3495 581 3638 649 Quid

2055 660 2158 715 tibi
2187 664 2473 718 materiam
2503 665 2786 735 congeris,
2814 667 2879 721 ad
2912 669 3106 724 azterni
3142 670 3286 739 ignis
3331 673 3637 746 conﬂagra-

2055 752 2296 808 tionem?
2328 754 2556 820 Verum,
2591 776 2609 809 ι
2640 756 2872 828 Propter
2897 759 3315 830 jusjurandum,
3351 764 3563 838 inquit,
3587 778 3639 824 et

2054 846 2221 902 simul
2254 850 2671 927 recumbentes,
2716 871 2736 905 ›
2766 855 2870 910 hoc
2901 853 3067 911 facio.
3100 855 3267 914 Bene.
3295 859 3430 927 Quis
3461 865 3641 918 enim-

2053 949 2182 994 vero
2212 940 2280 995 ab
2302 940 2464 996 initio
2506 944 2690 1014 coegit
2735 945 2841 1001 hoc
2873 948 3166 1017 polliceri?
3194 950 3329 1017 Quis
3363 962 3414 1009 te
3455 966 3637 1011 autem

2055 1029 2166 1084 ulla
2226 1033 2443 1089 ratione
2498 1035 2808 1102 admiserit,
2866 1046 2961 1094 aut
3025 1041 3222 1097 leviter
3286 1045 3642 1103 laudaverit?

2053 1122 2358 1193 lmprovisa
2406 1127 2559 1182 enim
2602 1144 2692 1184 res
2741 1139 2848 1195 est,
2897 1132 2951 1186 in
3002 1133 3232 1191 incertis
3275 1129 3639 1210 obscurisque

2050 1231 2177 1275 cum
2208 1217 2575 1288 jurejurando
2618 1224 2865 1293 praestita
2918 1228 3251 1296 promissio,
3311 1233 3357 1287 si
3412 1235 3636 1303 quando

2042 1311 2262 1382 judicio
2295 1328 2407 1369 non
2439 1314 2791 1374 discernente
2837 1321 3110 1390 proferas,
3158 1324 3309 1393 quod
3348 1328 3494 1381 ratio
3526 1344 3634 1384 non

2050 1405 2313 1477 utrinque
2345 1423 2601 1476 examen,
2645 1413 2712 1467 ad
2756 1413 2887 1468 boni
2943 1428 3008 1469 ac
3067 1416 3192 1470 mali
3247 1420 3633 1485 probatimicm

2049 1501 2351 1570 acceperit.
2373 1499 2488 1557 Hoc
2516 1504 2675 1573 prius
2704 1520 3043 1577 quoqueusu
3074 1509 3228 1565 venit
3249 1508 3479 1581 Jephtaa,
3512 1529 3631 1568 ma-

2044 1606 2158 1663 gno
2211 1592 2293 1647 illi
2349 1609 2414 1650 ac
2467 1594 2671 1652 celebri
2726 1598 2871 1654 inter
2906 1597 3165 1666 Judices,
3225 1603 3633 1661 inconsiderate

2045 1684 2271 1739 voventi
2308 1699 2372 1740 ac
2401 1686 2536 1742 illud
2578 1688 2859 1756 pollicenti
2899 1690 3013 1747 Deo
3045 1693 3192 1763 quod
3246 1694 3463 1751 defectu
3496 1711 3631 1752 con-

357 1775 517 1829 rspov
565 1759 660 1812 καὶ
702 1759 915 1829 Ἰεφθάε
965 1760 1256 1828 πέπονθεν,
1305 1766 1334 1817 ὁ
1379 1765 1557 1834 μέγας
1604 1768 1661 1820 ὲν
1707 1769 1930 1839 Κριταῖς

2047 1774 2178 1840 silii,
2198 1790 2263 1831 ac
2294 1776 2548 1834 absentia
2576 1778 2841 1848 judicata:
2869 1759 3128 1849 rationis,
3154 1785 3631 1858 discretionisque

359 1855 590 1920 ἐκεῖνος,
634 1856 727 1907 καὶ
779 1853 1063 1925 διαϐόητος
1090 1895 1106 1923 ,
1159 1857 1560 1924 ἀσυλλογίστως
1617 1858 1937 1929 εὐξάμενος,

358 1948 580 2002 κάκεῖνο
626 1947 745 2017 Θεῷ
788 1947 1311 2019 καθυποσχόμενος,
1361 1950 1390 2002 ὃ
1458 1950 1533 2022 μὴ
1568 1951 1830 2023 ’προϊδεῖν
1871 1952 1938 2006 δι’

354 2039 620 2104 ἀϐουλίας
662 2039 969 2112 δεδύνηται,
996 2040 1063 2094 δι’
1088 2041 1327 2112 ἐρημίαν
1372 2041 1468 2095 τοῦ
1491 2043 1820 2114 κεκριμένου
1850 2044 1939 2098 λό-

354 2148 478 2201 γου,
539 2132 756 2202 καὶτῆς
795 2133 924 2202 περὶ
958 2131 1030 2186 τὰ
1057 2133 1312 2204 πρακτέα
1337 2134 1431 2187 τοῦ
1462 2134 1554 2188 νοῦ
1583 2135 1933 2207 διακρίσεως.

357 2226 508 2279 Ἔδει
563 2218 656 2278 οὖν
713 2225 1031 2297 σετῇκόρῃ
1081 2226 1434 2297 ὀμομωκότα,
1498 2228 1848 2299 προδιορίσαι
1884 2248 1936 2283 τι

351 2316 454 2388 τῆς
511 2317 792 2387 ὀρχήσεως
843 2315 1033 2382 ἀξιονο
1061 2318 1135 2388 μὴ
1164 2317 1275 2389 γὰρ
1330 2317 1431 2389 τὴν
1462 2317 1556 2371 τοῦ
1614 2320 1934 2392 Προδρόμου

351 2410 614 2481 κεφαλὴν,
651 2410 751 2481 τὴν
784 2409 971 2480 μηδενὶ
1006 2410 1409 2481 παρισουμένην
1440 2411 1676 2482 πλούτῳ,
1708 2411 1936 2484 μισθαρ·

351 2506 447 2577 νίς.
502 2504 764 2574 ἀθεμίτου
809 2502 938 2565 θέας
966 2502 1258 2573 προέσθαι.
1303 2503 1368 2556 Τί
1416 2503 1526 2574 γάρ
1572 2520 1655 2556 σοι
1715 2503 1935 2573 βασιλεῖ

349 2596 694 2666 τυγχάνοντι,
754 2593 866 2646 τῶν
910 2593 1129 2663 τιμίων,
1179 2594 1213 2664 ἢ
1259 2593 1619 2665 κομψοτέρων
1684 2595 1933 2648 ἐλείπετο

348 2689 676 2760 ἀντιστῆσαι
709 2691 774 2759 τῇ
807 2687 1125 2759 ὀρχηστρίδι
1152 2687 1242 2741 τὸν
1276 2687 1467 2757 μισθὸν
1495 2687 1595 2758 τῆς
1611 2688 1928 2759 ὀρχήσεωςς

359 2780 526 2835 Ἀλλά
575 2778 776 2849 τρόπον
820 2780 1008 2850 ἕτερον
1042 2777 1270 2832 σεαυτοῦ
1296 2779 1646 2850 τδνέλεγχον,
1672 2783 1773 2850 τῆς
1800 2780 1930 2833 ἁοε-

349 2876 512 2946 μίτου
560 2872 760 2944 μίξεως
804 2872 1276 2937 ἀποσκυϐαλίζειν
1321 2872 1546 2939 ἐθέλων,
1599 2873 1813 2926 ἀνεῖναι
1860 2875 1927 2944 τῇ

345 2969 486 3041 κόρῃ
533 2968 865 3039 προέκρινας
914 2967 1122 3019 ἐκεῖνον
1176 2965 1503 3034 αἰτήσασθαι
1553 2965 1645 3018 τὸν
1695 2964 1927 3041 μισθὸν,

2046 1868 2217 1923 animi
2259 1869 2407 1925 circa
2447 1872 2682 1943 agenda,
2714 1875 3018 1943 praevidere
3046 1879 3409 1949 nequivisset.
3452 1880 3626 1951 Opor-

2044 1959 2201 2015 tebat
2232 1975 2365 2033 ergo
2412 1968 2501 2029 te,
2546 1963 2794 2033 jurando
2847 1968 3066 2036 puellae,
3124 1971 3354 2040 dignum
3417 1973 3625 2043 aliquid

2042 2050 2341 2109 saltatione
2384 2054 2683 2133 praeﬁnire,
2732 2071 2797 2112 ac
2848 2066 2977 2115 ante
3022 2061 3208 2116 animo
3250 2065 3622 2129 constituere;

2040 2140 2245 2197 nedum
2293 2142 2667 2202 Praecursoris
2723 2156 2895 2218 caput
2925 2189 2940 2214 ,
3002 2151 3170 2208 nullis
3220 2158 3620 2226 exmquandum

2039 2229 2291 2299 divitiis,
2350 2233 2548 2290 nefarii
2612 2239 2921 2307 spectaculi
2995 2243 3308 2300 mercedem
3363 2249 3621 2318 prodere.

2039 2317 2182 2386 Quid
2215 2321 2361 2377 enim
2404 2324 2527 2391 tibi,
2565 2326 2662 2396 qui
2689 2342 2786 2383 rex
2817 2344 2993 2397 esses,
3029 2333 3337 2402 pretiosum
3366 2317 3476 2393 aut
3506 2356 3623 2394 mn-
3682 2404 3691 2415 _

2036 2410 2299 2482 gniﬁcum
2332 2413 2542 2480 deerat,
2574 2417 2722 2487 quod
2755 2419 3025 2476 saltatrici
3060 2423 3115 2477 in
3165 2426 3470 2482 mercedem
3511 2432 3622 2484 sal-

2034 2501 2268 2559 tationis
2302 2505 2901 2574 rependeres?Verum
2948 2525 3075 2567 cum
3128 2515 3237 2569 alio
3289 2519 3454 2573 modo
3485 2534 3515 2573 a
3566 2529 3619 2576 te

2035 2591 2208 2648 velles
2235 2594 2518 2664 projicere
2545 2598 2745 2654 nefarii
2776 2604 3111 2660 concubitus
3130 2607 3575 2666 criminationem
3599 2656 3614 2676 ,

2032 2684 2277 2742 maluisti
2306 2689 2623 2757 permittere
2648 2676 2845 2762 puella:
2878 2703 2937 2749 ut
2960 2710 3080 2752 eam
3120 2700 3430 2756 mercedem
3466 2711 3618 2773 pete-

2030 2784 2138 2845 rct,
2209 2794 2330 2849 quae
2388 2787 2485 2835 tuo
2532 2782 2746 2850 judicio
2807 2788 3299 2855 reprehensionem
3360 2794 3613 2851 ablatura

2032 2879 2181 2927 esset
2212 2890 2226 2925 :
2257 2881 2422 2943 caput
2467 2874 2724 2930 nimirum
2757 2874 3319 2952 Joannis~Baptistaa,
3357 2887 3517 2957 cujus
3553 2897 3611 2942 tu
3659 2874 3667 2880 ’

2032 2960 2314 3030 propheta:
2342 2964 2563 3018 occisor
2601 2964 2756 3020 fuisti
2785 2984 2801 3035 ;
2840 2976 3038 3038 prarter
3065 2973 3292 3042 quidem
3320 2988 3613 3049 exspecta-

342 3039 563 3125 τὸνξὼς
591 3060 655 3113 σὺ
687 3059 866 3121 δοκεῖς
893 3098 908 3124 ,
950 3056 1282 3128 ἀναιροῦντα
1335 3057 1427 3110 τὸν
1468 3057 1688 3128 ἔλεγχον
1719 3074 1732 3089 ·
1778 3059 1836 3112 rb
1867 3039 1930 3112 as‘

2038 3056 2278 3123 tionem;
2306 3065 2364 3114 at
2397 3074 2506 3113 nou
2542 3059 2863 3116 inconsulto
2909 3062 3043 3134 (Ἃ),
3083 3039 3332 3137 duplicis
3386 3039 3613 3130 sceleris

342 3150 436 3228 ἦν,
467 3155 502 3225 ἠ
526 3151 623 3206 τοῦ
659 3149 970 3205 Βαπτιστοῠ
1007 3149 1255 3222 κεφαλή·
1287 3143 1351 3204 οἶ»
1380 3150 1445 3203 σὺ
1486 3149 1926 3221 προφητοκτόνος

2038 3145 2262 3202 ell'ectus
2313 3163 2467 3216 reus,
2516 3149 2774 3206 adulterii
2822 3153 3032 3209 scilicet
3066 3171 3132 3211 ac
3167 3158 3489 3230 homicidii;
3546 3181 3613 3221 ac

343 3250 611 3318 γέγονας,
654 3243 1081 3317 ἀπροσδοκήτως
1133 3244 1231 3314 μὲν
1263 3282 1278 3309 ,
1341 3243 1443 3296 οὐκ
1498 3241 1815 3313 ἀϐουλήτως
1848 3242 1925 3306 δὲ,

240 3332 259 3373 ’ν
343 3341 499 3395 δυσὶν
571 3339 732 3402 ἁλοὺς
781 3338 1154 3408 ἀτοπήμασιν,
1211 3334 1431 3406 μοιχείᾳ
1480 3336 1574 3388 καὶ
1620 3334 1926 3407 μιαιφονίᾳ,

342 3434 441 3489 καὶ⁵
470 3432 549 3503 τῷ
582 3432 789 3503 χείρονι
849 3428 1273 3493 συναντεισὰξας
1317 3427 1379 3480 τὸ
1421 3427 1716 3499 χείριστον.
1773 3426 1866 3490 Τίς
1893 3429 1927 3497 ἡ

343 3526 583 3594 τοσαύτη
634 3522 975 3595 παραφορά;
1034 3521 1132 3584 Τίς
1182 3537 1265 3573 σοι
1307 3522 1335 3573 ό
1366 3518 1427 3573 rb
1473 3517 1647 3581 οὕτως
1690 3534 1928 3589 προσκεο

342 3617 640 3690 κρουκέναι
698 3614 838 3684 Θεῷ,
874 3615 971 3668 καὶ
1025 3612 1191 3683 φονᾷν
1222 3612 1281 3664 ὲν
1315 3611 1435 3683 ὥρᾳ
1465 3609 1679 3681 τρυφῆς
1722 3608 1924 3663 ὑποθέ-

389 3729 505 3774 ενος
527 3727 545 3774 ς

345 3731 505 3784 μενος
527 3731 549 3780 ;

414 3804 526 3856 Καὶ
556 3801 621 3854 σὺ
657 3800 753 3871 μὲν
798 3797 907 3869 ᾤου
949 3797 1041 3850 τὸν
1079 3793 1392 3864 Βαπτιστὴν
1441 3785 1692 3864 ἀναιρῶν
1726 3801 1923 3847 συναν-

341 3899 596 3969 αιρήσειν
659 3891 810 3963 αὐτῷ
837 3892 933 3946 καὶ
974 3891 1070 3944 τὸν
1128 3889 1382 3959 ἔλεγχον
1416 3888 1444 3940 ὁ
1477 3887 1553 3951 δὲ,
1603 3887 1700 3941 καὶ
1752 3887 1925 3955 τάφον

340 3992 530 4055 οίκῶν,
572 3988 676 4043 κᾶν
698 3985 804 4040 ὑπὸ
832 3985 939 4056 γῆν
967 3983 1299 4054 κρύπτηται,
1335 3980 1489 4035 οὐδὲν
1515 3974 1922 4052 ἦττονὺποφω-

343 4086 424 4139 νεῖ
457 4098 542 4135 σοι
560 4079 653 4133 rbv
676 4077 918 4147 ἐλεγχον.
952 4074 1157 4137 Διττῶς
1192 4073 1284 4125 ἐπὶ
1326 4071 1526 4135 διττοῖς
1577 4072 1691 4134 τοῖς
1726 4069 1924 4139 ἐγκλή-

254 4156 259 4159 ’
340 4191 511 4247 μασιν
539 4168 829 4225 καταὸοῶν
861 4182 955 4220 σου
985 4165 1088 4235 τῆς
1128 4163 1515 4234 ματαιότητος.
1552 4162 1683 4233 ᾭου
1712 4160 1791 4226 δὲ,
1826 4159 1922 4213 καὶ

335 4270 399 4323 rb
429 4265 602 4328 πάθος
630 4258 892 4317 ἀνάπτειν
945 4257 1302 4328 σφοδρότερον
1334 4259 1400 4325 τῇ
1435 4254 1646 4308 ἐκείνου
1710 4254 1917 4322 σφαγῇ,

333 4361 427 4415 τόν
456 4375 517 4411 τε
537 4352 756 4426 οἶστρον
801 4349 1082 4416 ὲπαύξειν,
1111 4349 1203 4402 καὶ
1235 4347 1333 4419 τὴν
1364 4348 1559 4419 ἡδονὴν
1588 4344 1918 4416 ἀναφλέγειν

335 4452 654 4524 ἁδρότερον.

368 4636 518 4703 dmi
567 4632 758 4687 τούτου
809 4627 974 4697 δεῖξις
1029 4626 1234 4697 ἀληθὴς
1277 4665 1291 4690 ,
1333 4624 1394 4676 τὸ
1438 4621 1512 4693 μὴ
1576 4619 1775 4674 αὐτίκα
1817 4620 1918 4689 μὲν

331 4728 622 4801 ἀπομύσαι
673 4724 741 4778 τά
802 4717 918 4776 ὦτα
977 4719 1116 4791 πρὸς
1174 4716 1275 4789 τὴν
1353 4713 1634 4785 ἀπευκτὴν
1698 4715 1914 4784 εκείνην

327 4821 652 4888 ἀπαίτησιν,
687 4816 783 4869 καὶ
826 4811 1022 4867 θᾶττον
1068 4808 1447 4879 ἀποπηδῆσαι,
1505 4804 1821 4875 σχετλιάσαι
1854 4821 1913 4858 τε

327 4917 405 4987 τῷ
434 4910 881 4984 ἀσκαρδαμύκτῳ
931 4910 1031 4976 τῆς
1076 4902 1428 4975 ὀρχηστρίδος
1465 4901 1749 4971 ὁρμήματι
1781 4899 1910 4952 δυσ-

326 5008 656 5080 φορήσαντα
683 5020 697 5034 θ
761 5001 905 5073 μέγα
940 5016 999 5053 τε
1040 4993 1523 5068 προσανοιμῶξαι,
1567 4992 1668 5045 Ἰοὺ
1703 5032 1718 5056 ,
1774 4990 1856 5045 iob
1892 5030 1907 5054 ,

324 5102 594 5168 λέγονταο
622 5096 671 5162 εί
705 5092 960 5162 τοιαύτης
1008 5088 1120 5159 ἐγὼ
1163 5086 1423 5159 βραχείας
1479 5084 1573 5139 κιπι)⁵
1622 5084 1909 5155 οὗτιδανῆς
1944 5120 1948 5124 -

322 5190 596 5261 τέρψεως,
626 5185 818 5258 μισθὸν
870 5181 1189 5256 τηλικοῦτον
1242 5178 1597 5249 προήσομαιο
1626 5168 1688 5229 οὗ
1741 5175 1910 5243 μηδὲν

374 5369 741 5427 *l‘rov.xx1v,
776 5363 864 5416 ll.
946 5360 965 5397 τ
1001 5359 1117 5418 Act.
1161 5372 1201 5421 ι,
1234 5356 1325 5410 24.
1438 5357 1459 5384 υ
1488 5352 1647 5407 Rom.
1716 5367 1778 5415 ιι,
1811 5349 1863 5403 6.

2032 3251 2159 3318 una
2181 3253 2307 3292 cum
2338 3240 2504 3307 malo,
2541 3240 2594 3295 id
2625 3241 2898 3298 inducens
2926 3245 3075 3316 quod
3107 3247 3269 3319 longe
3306 3253 3609 3321 pessimum

2030 3313 2200 3383 esset.
2235 3326 2499 3394 Quaenam
2531 3337 2686 3385 tanta
2730 3333 2844 3387 haec
2887 3313 3166 3391 dementia
3186 3313 3381 3405 {Quis
3431 3349 3483 3397 te
3525 3343 3612 3397 in-

2031 3418 2187 3474 duxit
2218 3428 2279 3474 ut
2316 3408 2405 3497 sic
2436 3419 2606 3476 Deum
2634 3421 2968 3492 olfenderes,
3002 3428 3323 3499 caedemque
3358 3440 3623 3502 patrarcs

2030 3521 2274 3584 tempore
2308 3514 2551 3569 ltetitiaz?
3242 3544 3250 3550 -

2102 3784 2179 3842 Ae
2227 3793 2286 3841 tu
2334 3784 2553 3857 quidem
2580 3786 2964 3857 arbitrabaris,
2997 3789 3246 3846 tollendo
3302 3790 3372 3846 de
3428 3792 3610 3848 medio

2027 3879 2352 3950 Baptistam,
2381 3893 2490 3933 una
2525 3893 2652 3934 cum
2683 3894 2751 3933 eo
2782 3879 3278 3949 reprehensionem
3309 3896 3528 3953 quoque
3556 3891 3610 3938 te

2026 3972 2378 4047 sublaturum
2403 3986 2566 4028 esse:
2598 3978 2653 4026 at
2685 3970 2777 4026 ille
2815 3972 3034 4047 tametsi
3079 3973 3392 4042 sepulcrum
3453 3975 3611 4029 habi-

2025 4045 2189 4129 tans;
2233 4063 2453 4121 tametsi
2485 4064 2618 4119 latet
2661 4063 2764 4142 sub
2802 4045 2977 4126 terra,
3017 4064 3156 4118 nihil
3199 4072 3253 4120 te
3299 4066 3484 4121 minus
3524 4083 3608 4120 re-

2026 4156 2353 4230 prehendit;
2422 4155 2634 4226 duplici
2709 4153 2873 4208 titulo
2927 4169 3029 4224 pro
3102 4155 3311 4225 duplici
3371 4158 3607 4213 crimine

2025 4250 2291 4306 adversus
2328 4257 2478 4303 tuam
2505 4245 2860 4303 conclamans
2883 4244 3209 4300 vanitatem.
3233 4246 3606 4301 Existimabas

2023 4358 2156 4399 vero
2190 4341 2339 4396 illius
2381 4348 2434 4395 te
2474 4338 2645 4417 caede,
2678 4336 3068 4394 vehementius
3103 4352 3466 4393 accensurum
3523 4341 3606 4394 vi-

2028 4439 2156 4496 tiosi
2182 4437 2410 4493 affectus
2442 4435 2742 4501 ﬂammam,
2791 4441 3140 4503 uestrumque
3175 4434 3379 4489 amoris
3411 4443 3607 4489 auctu-

2028 4547 2175 4595 rum,
2211 4544 2275 4585 ac
2308 4528 2647 4598 voluptatem
2681 4527 2865 4581 aerius
2896 4525 3393 4580 inﬂammaturum.

2097 4622 2274 4692 Hujus
2303 4629 2487 4675 autem
2511 4620 2589 4674 rei
2628 4615 2881 4689 apertum
2916 4617 3183 4673 indicium
3213 4626 3297 4677 est
3324 4618 3469 4688 quod
3495 4634 3601 4674 non

2025 4716 2218 4772 statim
2253 4713 2319 4767 ad
2362 4710 2788 4766 abominandam
2848 4709 2994 4764 illam
3044 4708 3374 4780 petitionem
3437 4724 3603 4764 aures

2022 4804 2392 4867 ohstruxeris,
2425 4817 2603 4872 neque
2635 4802 2747 4856 cito
2772 4799 3065 4865 resilieris,
3086 4799 3599 4870 dcploraverisque,

2020 4913 2165 4969 aegre
2202 4895 2391 4951 ferens
2421 4894 2796 4964 impudentem
2828 4891 3130 4948 saltatricis
3178 4891 3599 4961 appetitionem,

2021 5005 2124 5046 nec
2174 4987 2331 5043 valde
2383 4986 2705 5056 ejulaveris,
2752 4985 2950 5040 dicens
2981 5003 2995 5039 :
3029 4983 3168 5049 lleu,
3215 4983 3355 5038 eheu
3396 4997 3505 5048 me,
3550 4980 3598 5036 si

2019 5090 2127 5137 tam
2157 5081 2362 5146 brevis,
2392 5086 2617 5149 tamque.
2648 5077 2854 5133 nullius
2887 5076 3154 5132 momenti
3188 5073 3595 5137 delectationis,

2019 5181 2227 5228 tantam
2267 5169 2549 5225 tradidero
2589 5169 2940 5235 mercedem;
2980 5167 3071 5222 cui
3115 5167 3324 5221 nullius
3355 5166 3410 5220 in
3447 5163 3596 5233 regia

1638 5441 2029 5502 COMBEFISII
2069 5438 2302 5497 NOTE.

392 5557 510 5632 (24)
548 5558 617 5610 At
665 5548 1124 5632 nonjnconsullo.
1184 5548 1299 5632 Obx
1336 5539 1904 5632 dﬁouiﬁrmsubé-xdllt

321 5613 579 5687 fuerit'ea
618 5620 985 5694 promissione
1026 5619 1298 5699 ignoratio
1323 5630 1501 5699 quam
1530 5613 1714 5699 mos-tri
1749 5613 1904 5699 then:-

317 5684 428 5772 logi
477 5684 922 5752 conceinitantem
973 5684 1191 5743 vocant.
1240 5687 1467 5742 Volebat
1499 5684 1797 5755 siquidem,
1840 5695 1904 5736 ae

608 5793 873 5853 Parnm.
904 5786 1019 5847 GR.
1051 5783 1285 5846 XCVII.

2014 5539 2238 5593 modum
2267 5537 2552 5614 quaerebat
2589 5536 2953 5614 interficiendi
2988 5535 3254 5614 Joannem
3279 5535 3466 5614 ihaud
3505 5542 3586 5588 ta-

2014 5624 2137 5664 men
2172 5624 2233 5664 ea
2265 5608 2561 5663 occasione
2594 5606 3033 5663 interﬁciendum
3066 5606 3315 5677 putabat‘.

3122 5772 3200 5832 36
