4016 6130
465 287 601 353 1131

1638 290 1699 350 S.
1741 289 2068 349 ΛΝΟΡιΕεΕ
2114 288 2540 353 CRETENSIS

3599 294 3737 358 1132

459 408 763 461 thesaurus
811 413 1004 458 contra
1048 403 1303 472 appendi’
1325 402 1525 473 possit.
1577 400 1689 456 Cur
1734 403 1883 456 enint
1921 415 2033 456 cun

2153 402 2474 455 ἁντισοῦται
2524 402 2632 455 τῶν
2683 405 2738 455 ἐν
2770 402 3067 472 βασιλείοις
3092 403 3378 476 θησαυρῶν
3404 407 3733 466 ἰσοστάσιον.

459 505 745 569 oporteret
789 497 841 550 in
892 507 944 551 te
990 510 1296 558 reversum,
1357 503 1758 565 assumptaque
1818 492 2037 556 ﬁducia,

461 605 559 660 per
591 588 931 643 contrariam
979 586 1389 656 oppositionem
1442 600 1642 657 negare
1693 586 2038 655 petitionem,

460 697 570 735 non
604 695 789 749 regem
836 694 1004 751 agens
1030 680 1226 749 puella:
1258 680 1528 750 ﬂagitanti
1571 682 1914 750 repugnasti,
1955 682 2041 738 di-

460 785 632 827 cens:
667 768 822 828 Haud
859 785 954 840 per
983 769 1180 835 Deum,
1216 770 1311 839 qui
1355 771 1601 839 loquitur
1644 772 1698 825 in
1736 770 1907 837 Mose,
1939 772 2042 826 da-

410 897 413 900 ›
458 872 618 919 turus
653 878 813 929 sum;
854 875 955 916 nec
975 862 1143 932 piaue
1164 876 1264 932 pro
1292 862 1387 916 vili
1420 877 1484 917 ac
1515 863 1666 918 brevi
1698 865 2036 933 spectaculo,

459 952 625 1006 talem
698 951 1014 1006 mercedem
1074 950 1449 1006 eouttnutabo.
1518 969 1536 1002 ι
1570 950 1816 1007 Pretium
1893 955 2040 1008 enim

457 1045 768 1100 meretricis
800 1053 1062 1113 tanquam
1094 1053 1148 1098 et
1178 1045 1345 1100 unius
1394 1046 1576 1115 panis,
1617 1061 1635 1096 ι
1672 1052 1734 1101 ιιι
1765 1044 2041 1100 Parmmia

457 1135 619 1190 habet
644 1144 692 1189 ν.
719 1135 1089 1201 Quamobrem
1114 1150 1180 1189 ue
1200 1135 1473 1190 tantillum
1495 1135 1714 1204 quidem
1769 1137 2039 1203 reuuisse,

457 1233 554 1280 aut
598 1240 744 1296 aegre
771 1226 993 1291 tulisse,
1021 1234 1182 1280 erant
1236 1225 1452 1297 signum
1501 1226 1670 1281 animi
1719 1242 1818 1282 sua
1848 1236 2042 1299 sponte

458 1317 847 1372 assentientis.
880 1315 1185 1384 Oportebat
1229 1317 1376 1371 enim
1410 1331 1598 1372 vocem
1652 1319 1835 1372 statim
1882 1319 2043 1373 emit-

460 1407 649 1472 tendo,
695 1406 1048 1461 vehementer
1089 1407 1402 1476 deplorare,
1432 1413 1487 1463 et
1515 1406 1774 1462 ﬂebiliter
1808 1407 2038 1482 ejuiare.

460 1498 748 1553 Facillime
780 1501 931 1553 enim
955 1499 1324 1568 jurisjurandi
1362 1514 1581 1569 poenam
1614 1500 1956 1570 abjurasses,
1989 1509 2041 1556 et

458 1589 615 1644 illata
678 1592 977 1661 negatione
1038 1591 1266 1667 perjurii
1328 1592 1639 1663 periculum
1709 1594 2037 1663 depulisses.

456 1680 707 1747 Quonam
743 1679 797 1735 id
836 1682 1037 1737 modo?
1080 1682 1285 1737 Contra
1324 1683 1719 1752 jusjurandum
1752 1684 2038 1755 jusjuran-

456 1775 588 1829 dum
623 1775 937 1837 statuisses,
972 1781 1028 1830 et
1059 1776 1215 1844 prius
1253 1775 1502 1830 secundo
1531 1778 1853 1832 evertisses.
1876 1777 2037 1833 Nolle

364 1859 382 1867 ’
458 1880 631 1936 porro
672 1867 727 1920 in
774 1867 1046 1937 sanguine
1078 1866 1340 1935 Baptistae
1362 1877 1528 1937 atque
1552 1869 1831 1939 prophetae
1854 1868 2039 1940 jusju-

457 1956 694 2011 randum
727 1957 1003 2026 ejusmodi
1037 1958 1351 2023 admittere,
1384 1959 1586 2013 nedum
1616 1961 1869 2030 exsequi,
1915 1959 2036 2016 fue-

458 2051 531 2100 rit
562 2046 814 2117 proi'ecto
856 2048 957 2102 viri
1003 2048 1214 2115 sobrii,
1267 2063 1333 2102 ac
1374 2050 1735 2119 temperantis
1760 2090 1775 2115 ,
1816 2066 1879 2105 ac
1915 2051 2038 2120 ejus

457 2138 553 2209 qui
598 2139 809 2209 absque
865 2138 947 2192 ira
996 2138 1487 2210 reprehensionem
1545 2140 1690 2197 ferre
1747 2143 2033 2209 novisset;

457 2232 738 2300 quomodo
786 2245 1004 2295 rursus,
1062 2247 1169 2285 non
1226 2245 1371 2302 aegre
1429 2233 1641 2299 tulisse,
1701 2248 1801 2289 nec
1854 2235 2038 2290 vultus

458 2323 736 2376 tristitiam
769 2321 1131 2393 prae-tendisse
1167 2340 1179 2376 :
1215 2332 1329 2384 aut,
1367 2323 1513 2393 quod
1544 2323 1743 2379 fuisset
1782 2327 2036 2381 modera-

455 2415 566 2467 tius
593 2453 607 2478 ,
647 2412 714 2468 de
742 2428 800 2468 re
834 2428 1135 2483 parumper
1183 2412 1522 2470 deliberasse
1547 2456 1561 2480 ,
1608 2415 1794 2486 arguit
1840 2425 1891 2471 te
1939 2432 2032 2471 cu-

455 2504 993 2575 pidejusjurandum
1022 2505 1341 2561 admisisse.
1362 2504 1518 2572 Quod
1538 2522 1663 2560 cum
1685 2522 1798 2561 non
1817 2521 2033 2577 posses,

453 2605 567 2661 aut,
603 2609 661 2650 ιιι
696 2598 878 2651 verius
910 2597 1115 2662 dicam,
1156 2597 1331 2653 nolles
1372 2598 1704 2669 intelligere,
1756 2601 2031 2670 protinus,

455 2702 809 2757 praecepsque
862 2688 980 2758 (25)
1038 2689 1302 2743 immitem
1356 2690 1535 2745 tulisti
1587 2691 1942 2756 sententiam,
1977 2699 2035 2745 ttt

454 2789 621 2848 caput
648 2777 784 2832 illud
802 2786 1206 2847 amputaretur,
1240 2777 1466 2847 quodin
1498 2778 1829 2833 hodiernum
1862 2795 2035 2851 usque

458 2868 604 2921 diem
639 2877 791 2921 tuam
825 2868 974 2921 illaut
1020 2869 1348 2924 immensam
1388 2870 1569 2938 arguit
1602 2870 2030 2940 improbitatem.

455 2957 597 3013 Nam
666 2973 793 3012 cum
875 2959 1065 3014 liceret
1134 2974 1244 3012 non
1317 2961 1509 3028 jttrare
1578 2961 1854 3027 incaute,
1932 2976 2035 3018 nec

2158 490 2298 544 Ἀνθ’
2315 493 2438 545 ὅτου
2468 492 2576 563 γὰρ
2607 492 2725 546 δέον
2748 493 3063 563 ὲκνήᾲαντα
3121 496 3214 548 κοιῖ⁵
3245 497 3730 569 ἀναθαρσήσαντα,

2144 580 2211 632 δι’
2232 581 2619 651 ἀνθυποφορᾶς
2644 583 3026 655 ἀπαγορεῦσαι
3058 583 3155 654 τὴν
3187 584 3427 656 αἴτησιν,
3459 590 3560 642 οὐκ
3602 592 3730 644 6w:—

2145 671 2445 743 επεξῆλθες
2485 672 2560 737 ὡς
2590 674 2845 743 βασιλεὺς
2873 675 2952 746 τῷ
2975 678 3072 746 τῆς
3105 676 3271 748 κόρης
3317 680 3610 750 αίτήματι,
3641 682 3728 735 λέ-

2146 780 2255 831 γων
2278 780 2289 792 ·
2321 765 2393 816 Οὔ
2428 764 2506 834 μὰ
2532 765 2622 818 τὶν
2648 769 2704 818 ἐν
2736 767 2929 818 Μωσεί
2970 765 3237 820 λαλοῦντα
3260 767 3417 832 Θεὸν,
3455 770 3514 823 οὐ
3548 769 3725 837 δώσω,

2144 856 2254 908 οὐδ’
2287 856 2401 925 ἐγὼ
2451 857 2696 910 τοιοῦτον
2756 857 2948 927 μισθὸν
2989 857 3202 928 φαύλης
3242 859 3386 923 τινὸς
3418 862 3516 914 καὶ
3550 862 3722 933 προσ-

2144 948 2338 1016 καίρου
2410 948 2646 1019 θεωρίας
2716 948 3050 1019 ἀμείψομαι.
3113 969 3132 1001 ι
3190 951 3337 1020 Τιμὴ
3416 953 3527 1024 γὰρ
3595 957 3727 1026 πόρ-

2144 1057 2263 1110 νης,
2300 1039 2432 1092 ὡσεὶ
2485 1041 2579 1093 καὶ
2605 1040 2722 1104 ἑνὸς
2774 1042 2967 1112 ἄρτου,
3010 1061 3028 1093 ι
3064 1043 3208 1096 κατά
3265 1045 3365 1113 τὴν
3396 1047 3722 1117 Παροιμίαν.

2146 1130 2331 1197 Ὥστε,
2361 1130 2422 1183 τὸ
2447 1131 2583 1201 μηδὲ
2623 1131 2759 1202 πρὸς
2789 1130 2849 1184 τὸ
2899 1132 3062 1202 τυχὸν
3110 1133 3442 1198 ἀνανεῦσαι,
3475 1136 3507 1206 ῆ
3537 1136 3724 1207 δυσχε-

2145 1226 2327 1294 ρᾶναι,
2390 1225 2618 1293 σημεῖον
2663 1216 2732 1293 ἦν
2758 1222 3067 1276 ὲθελουσίου
3124 1225 3352 1295 γνώμης
3409 1226 3545 1296 πρὸς
3595 1244 3724 1295 συγ-

2088 1358 2101 1363 -
2144 1314 2459 1368 κατάθεσιν.
2522 1312 2674 1368 Ἔδει
2727 1316 2835 1385 γὰρ
2891 1314 3092 1368 αὐτίκα
3151 1316 3337 1385 φωνὴν
3399 1317 3719 1385 ἐπαρθέντα,

2144 1404 2532 1475 καταφορικῶς
2614 1403 2912 1474 ὀδύρασθαι
2954 1443 2969 1468 ,
3037 1405 3132 1458 καὶ
3191 1407 3387 1477 γοερὸν
3452 1408 3718 1474 ὀλολύξαι.

2157 1495 2357 1566 Ῥᾷστα
2380 1496 2489 1566 γὰρ
2510 1494 2575 1549 ἂν
2598 1495 2690 1548 καὶ
2711 1495 2810 1565 τὴν
2831 1494 2938 1548 τῶν
2971 1496 3151 1566 ὅρκων
3197 1495 3463 1567 ἐξωμόσω
3506 1500 3718 1570 ποινὴν,

2144 1588 2236 1639 καὶ
2290 1585 2389 1654 τῆς
2431 1585 2719 1655 ἐπιορκίας
2756 1586 2821 1654 τῇ
2856 1584 3213 1656 ἀντεισφορᾷ,
3251 1588 3353 1655 τῆς
3399 1588 3719 1658 ἀρνήσεως,

2142 1674 2453 1746 ὲξεκρούσω
2500 1674 2592 1727 τὸν
2648 1672 2912 1725 κίνδυνον.
2965 1672 3101 1727 Τίνα
3129 1673 3191 1743 δὴ
3239 1677 3477 1743 τρόπον;
3515 1677 3719 1747 Ὅρκον

2138 1765 2560 1837 ἁνθυπήνεγκας
2591 1764 2780 1833 ιὸρκῳ,
2849 1765 2942 1819 καὶ
2994 1765 3303 1836 ἀνέτρεψας
3349 1767 3431 1837 τῷ
3476 1769 3717 1840 δευτέρῳ

2138 1858 2198 1911 τὸ
2216 1857 2501 1928 πρότερον.
2531 1856 2604 1908 Τὸ
2624 1856 2681 1908 δὲ
2708 1856 2792 1922 ἐφ’
2822 1854 3018 1925 αἵματι
3052 1854 3364 1910 Βαπτιστοῦ
3390 1858 3485 1911 καὶ
3508 1864 3718 1930 προφή-

2138 1967 2231 2004 του
2278 1951 2406 2013 τοὺς
2440 1948 2680 2002 τοιούσδε
2709 1949 2783 2019 μὴ
2829 1947 3112 2019 βούλεσθαι
3158 1949 3357 2018 ὅρκους
3411 1952 3714 2022 προΐεσθαι,

2141 2046 2354 2114 μήτιγε
2392 2040 2805 2111 συμπεραίνειν,
2843 2040 3148 2111 τεκμήριον
3184 2041 3249 2092 ἂν
3278 2039 3366 2109 εἴη
3402 2041 3595 2111 ἀνδρδς
3623 2045 3717 2114 νή.

2083 2160 2093 2171 ο
2140 2150 2351 2202 φοντος,
2382 2133 2477 2185 καὶ
2502 2126 2706 2201 ’φέρειν
2738 2130 2937 2192 εἰδότος
2969 2131 3192 2201 ἔλεγχον
3220 2131 3351 2186 ἄνευ
3395 2133 3571 2203 θυμοῦ
3600 2151 3614 2163 ·
3644 2135 3718 2197 ὡς

2138 2227 2230 2281 καὶ
2262 2226 2321 2278 τδ
2349 2225 2586 2294 ἔμπαλιν
2619 2241 2632 2255 ο
2660 2224 2734 2293 μὴ
2776 2222 3327 2291 δυσανασχετήσαντα
3347 2225 3597 2293 κατηφὲς
3631 2227 3716 2277 ἐν·

2137 2316 2411 2382 δείξασθαι
2434 2298 2746 2385 πρόσωπον,
2771 2316 2826 2386 ἢ,
2856 2315 2918 2367 τό
2947 2332 3008 2382 γε
3040 2314 3411 2385 μετριώτερον
3436 2316 3574 2387 arpi);
3602 2316 3714 2370 διά-

2139 2408 2332 2477 σκεψιν
2354 2406 2724 2477 παραπέμψαι
2755 2406 2814 2458 το
2842 2405 3046 2476 δρᾶμα,
3077 2409 3433 2476 τεκμηριοῖτο
3464 2407 3591 2471 τοὺς
3624 2410 3715 2477 ερ-

2135 2515 2263 2560 κους
2293 2496 2546 2565 ἐκθύμως
2567 2495 3043 2566 πρεσήκασθαι.⁶“0
3074 2495 3147 2567 μὴ
3178 2496 3411 2550 συνιδεῖν
3445 2495 3711 2568 δυνηθεὶς,

2136 2590 2169 2660 ἢ
2199 2590 2261 2642 οὐ
2295 2588 2576 2658 βουληθεὶς
2616 2588 2792 2640 εἰπεῖν
2836 2586 3225 2656 ἀληθέστερον,
3271 2587 3474 2641 αὐτίκα
3499 2590 3594 2642 καὶ
3629 2606 3713 2642 το-

2140 2681 2257 2752 μῶς
2288 2680 2550 2749 ἀπεφήνω
2578 2679 2719 2747 ξίφει
2751 2678 2849 2749 τὴν
2876 2678 3118 2747 κεφαλὴν
3146 2679 3364 2749 ἐκείνην
3393 2680 3714 2750 ἀποτμηθῆο

2137 2790 2244 2838 ναι,
2274 2773 2375 2845 τὴν
2406 2772 2512 2835 ἕως
2542 2771 2638 2826 νῦν
2668 2772 2995 2840 ἐλέγχουσάν
3027 2786 3122 2824 σου
3156 2774 3257 2842 τῆς
3281 2774 3626 2842 παρανομίας
3654 2774 3716 2827 τὸ

2135 2865 2368 2935 ἄμαχον.
2395 2865 2575 2935 Ιίαρδν
2591 2865 2700 2934 γὰρ
2719 2862 2792 2934 μὴ
2821 2863 3148 2933 ἀφυλάκτως
3175 2864 3395 2934 ὀμόσαι,
3420 2867 3560 2935 μηδὲ
3588 2867 3714 2929 τοὺς

2135 2958 2332 3027 ὅρκους
2364 2957 2653 3026 ἐπιτρέψαι
2688 2959 2755 3027 τῇ
2811 2956 2971 3027 μέοῃ’
3002 2956 3139 3012 ἀλλά
3169 2973 3221 3008 τι
3254 2956 3516 3027 βλοσυρὸν
3546 2959 3579 3028 ἢ
3615 2974 3715 3026 μαρ

448 3047 836 3118 jusjurandum
898 3049 1158 3104 ebrietati
1226 3051 1574 3118 permittere,
1626 3050 1720 3106 sed
1776 3057 1929 3106 torre
1983 3061 2033 3106 et

2138 3049 2287 3102 νικδν
2306 3048 2694 3118 ἀποϐλέψαντα
2718 3049 2854 3120 πρὸς
2881 3048 2941 3100 τὸ
2976 3048 3193 3110 ἀναιδὲς
3226 3049 3405 3100 ἐκεῖνο
3423 3049 3519 3101 καὶ
3546 3066 3711 3103 καταο

450 3156 645 3211 aspere
697 3140 1067 3210 impudentem
1136 3142 1534 3210 seductamque
1588 3142 1824 3210 puellam
1878 3142 2030 3211 aspi-

450 3246 599 3295 cere,
634 3239 691 3284 ut
732 3239 943 3285 terrore
975 3231 1163 3285 vultus
1195 3232 1243 3286 ei
1281 3233 1539 3286 timorem
1606 3233 1907 3299 incutiens,
1964 3248 2031 3287 eo

449 3320 858 3378 contentiosam
923 3320 1225 3391 redigeres,
1282 3332 1337 3376 ut
1402 3337 1473 3377 ne
1523 3337 1586 3377 ea
1636 3326 1856 3393 quidem
1910 3339 2032 3394 quae

449 3422 611 3470 erant
634 3427 735 3483 pro
761 3410 994 3481 pedibus
1028 3414 1231 3468 intueri
1262 3421 1471 3482 posset,
1502 3415 1705 3469 nedum
1741 3417 2030 3486 impuden-

452 3516 537 3561 ter
571 3506 806 3560 nciauda
841 3503 1067 3574 exigere
1110 3524 1122 3558 :
1161 3520 1191 3560 e
1225 3517 1415 3559 contra
1441 3508 1605 3575 plane
1648 3506 1863 3573 fecisti;
1920 3516 2028 3562 tam

454 3599 645 3653 faciles
667 3610 833 3651 aures
867 3595 1165 3663 praebendo
1196 3595 1453 3658 ma-uadi,
1480 3610 1542 3650 ac
1563 3596 1609 3651 si
1643 3612 1762 3651 eam
1781 3598 2028 3662 omnino,

449 3705 560 3745 non
607 3690 772 3744 aliam
852 3694 1209 3755 exspectares
1261 3687 1329 3740 ab
1366 3700 1428 3741 ea
1472 3678 1763 3756 petendam
1808 3690 2031 3746 sceleris

448 3781 780 3835 mercedem.

521 3869 594 3924 Ita
639 3881 837 3941 captus
878 3870 981 3925 fuit
1033 3884 1127 3924 rex
1168 3867 1509 3925 Iudaeorum.
1542 3869 1631 3926 Sic
1683 3870 1806 3940 ejus
1861 3873 2027 3927 animi

448 3961 787 4017 debaccltata
821 3970 907 4018 est
941 3977 1145 4027 vecors
1172 3965 1437 4016 amentia.
1472 3961 1527 4015 In
1565 3963 1711 4017 hunc
1748 3980 1874 4018 eum
1911 3974 2030 4019 stu-

449 4067 637 4125 porem
677 4053 959 4109 deducens
988 4053 1275 4109 ebrietatis
1295 4053 1532 4118 daemon,
1565 4054 1861 4111 infeliciter
1880 4054 2032 4110 dedit

446 4145 834 4214 pracipitem:
881 4144 1122 4200 suadens
1174 4154 1230 4200 ut
1293 4145 1426 4199 illud
1481 4156 1791 4217 autputaret
1842 4154 2027 4217 caput,

446 4238 593 4307 quod
626 4247 787 4291 terrae
818 4238 1047 4292 latibula
1085 4254 1195 4292 non
1234 4239 1327 4292 diu
1358 4248 1658 4308 potuerunt
1686 4240 1808 4295 sin'u
1839 4241 2030 4296 occul-

448 4338 568 4384 tare
594 4345 609 4393 ;
634 4328 778 4399 quod
803 4328 1001 4383 calenti
1019 4330 1197 4385 adhuc
1215 4345 1312 4385 san
1320 4331 1484 4397 guiue
1499 4330 1772 4400 palpitans
1786 4329 2029 4387 Herodes

2137 3136 2501 3204 γοητευμὲνον
2532 3135 2808 3206 κοράσιον,
2849 3135 2925 3200 ὡς
2956 3139 3021 3207 τῇ
3069 3136 3331 3206 ἐκπλήξει
3372 3134 3469 3190 τοῦ
3504 3140 3715 3209 σχήμα-

2131 3242 2222 3288 τος
2260 3227 2518 3280 δείσασαν
2547 3228 2879 3297 συσταλῆναι
2908 3226 3006 3297 τὴν
3034 3227 3275 3293 δύσεριν,
3316 3227 3455 3297 πρὸς
3482 3229 3549 3281 τὸ
3582 3230 3712 3300 μηδὲ

2131 3317 2199 3369 τὰ
2226 3321 2283 3371 ἐν
2323 3320 2462 3371 ποιεῖ’
2488 3318 2723 3388 κείμενα
2752 3320 2986 3388 συνορᾷν
3010 3317 3286 3384 δύνασθαι,
3319 3321 3449 3389 μήτι
3475 3338 3539 3388 γε
3560 3322 3713 3374 ἁναίο

2130 3408 2229 3479 δην
2260 3408 2612 3482 εἰσπράττειν
2656 3411 2726 3462 τὰ
2773 3409 3056 3479 δύσφημω
3107 3410 3420 3463 τούναντίον
3451 3412 3710 3482 είργάσω,

2132 3500 2401 3571 φορούδην
2434 3499 2578 3554 οὕτω
2633 3499 2732 3571 τῂν
2785 3500 2955 3573 ἀκοὴν
3001 3499 3299 3571 παρασχὼν
3349 3504 3418 3570 τῇ
3473 3503 3711 3573 μαινάδι,

2131 3592 2332 3644 ὡσανεὶ
2383 3591 2610 3662 ταύτην,
2645 3592 2743 3661 οὐχ
2778 3591 2971 3663 ἑτέραν
3024 3589 3115 3644 ὑπ’
3140 3590 3313 3660 αὐτῆς
3362 3591 3711 3664 tamquam

2130 3684 2231 3752 τὴν
2256 3682 2586 3753 μισθαρνίαν
2618 3682 2711 3734 τοῦ
2746 3681 2952 3752 μύσους
2981 3681 3321 3752 καραδοκῶν.

2203 3859 2390 3923 Οὕτως
2439 3860 2467 3912 ὁ
2518 3834 2773 3930 βασιλεὺς
2816 3860 2959 3914 ἑάλω
3008 3861 3117 3916 τῶν
3175 3840 3467 3918 Ἰουδαίων.
3530 3864 3710 3928 Uber»;

2132 3949 2499 4021 ἐξεϐακχεύθη
2523 3952 2621 4020 τῆς
2643 3952 2853 4005 ἐκείνου
2889 3952 3086 4022 φρενὸς
3108 3955 3145 4025 ἡ
3177 3954 3505 4024 παράφορος
3540 3957 3705 4010 ἄνοια.

2061 4047 2073 4056 ⁶
2132 4042 2275 4113 Πρὸς
2300 4043 2502 4110 ταύτην
2522 4043 2685 4099 αὑτὸν
2700 4044 2799 4112 τὴν
2825 4044 3130 4114 ἀπόπληξιν
3146 4046 3175 4098 ὁ
3192 4044 3405 4115 δαίμων
3426 4047 3527 4113 τῆς
3547 4048 3705 4117 μέθης

2132 4133 2579 4202 ἁποϐουκολήσας
2620 4133 2901 4203 δυστυχῶς
2937 4137 3377 4206 ἀπεκρήμνίσεν,
3417 4137 3517 4201 τὴν
3546 4156 3706 4207 κεφα-

2131 4224 2227 4295 λὴν
2259 4226 2474 4296 ἐκείνην
2510 4228 2807 4296 ἀποτεμεῖν
2834 4226 3050 4290 πείσας,
3087 4228 3156 4297 ἢν
3187 4230 3289 4281 οὐκ
3321 4229 3566 4299 ἤνεγκαν
3622 4232 3707 4282 ἐπὶ

2134 4317 2268 4370 πολὺ
2296 4315 2613 4387 κευθμῶνες
2647 4317 2751 4386 γῆς
2774 4316 3168 4370 ὲπικαλύπτειν
3201 4318 3514 4387 ἐγκόλπιον⁸
3547 4320 3613 4390 ἢν
3635 4319 3705 4371 ἔτι

448 4436 555 4474 non
585 4429 668 4475 est
701 4422 989 4486 reveritus,
1028 4435 1152 4476 cum
1182 4422 1289 4475 cibi
1324 4423 1498 4476 instar
1527 4437 1622 4491 per
1649 4423 1701 4476 id
1734 4430 1954 4494 tempus
1977 4425 2029 4479 in

2134 4410 2211 4480 τῷ
2235 4410 2427 4479 αἵματι
2452 4408 2786 4480 σπαίρουσαν
2826 4408 3071 4478 Ἡρώδης
3104 4410 3204 4462 οὐκ
3242 4410 3547 4481 ὲνετράπη,
3594 4413 3705 4463 τότε

444 4513 598 4568 disco
630 4514 943 4583 appositum
983 4519 1258 4568 cerneret.
1296 4511 1403 4566 Sed
1444 4511 1580 4566 illud
1612 4511 1835 4580 quidem
1867 4513 2028 4568 etiam

2134 4498 2530 4570 παρατεθεῖσαν
2570 4499 2773 4567 ἔδεσμα
2819 4497 3051 4551 κατιδὼν
3089 4498 3181 4550 ἐπὶ
3226 4498 3438 4553 πίνακι.
3482 4502 3620 4553 Ἀλλ’
3666 4504 3694 4570 ή

446 4611 786 4675 amputatum
829 4605 1054 4670 clamat,
1086 4620 1184 4659 nec
1208 4606 1443 4660 sustinet
1472 4613 1653 4660 tacere
1679 4622 1693 4660 :
1721 4605 1817 4660 sed
1854 4615 1905 4660 te
1935 4606 2032 4661 ad-

2128 4593 2225 4661 μὲν
2247 4590 2338 4644 καὶ
2369 4590 2639 4660 τμηθεῖσα
2685 4589 2900 4659 κράζει,
2944 4589 3038 4642 καὶ
3074 4591 3233 4660 σιγᾷν
3279 4592 3381 4643 οὐκ
3437 4593 3692 4661 ἀνέχεται·

446 4695 554 4750 huc
581 4697 889 4751 adulterum
915 4709 1177 4767 arguens,
1219 4696 1389 4749 altum
1419 4694 1626 4765 profert
1654 4714 1669 4749 :
1702 4716 1719 4747 ι
1751 4695 1868 4750 Non
1906 4696 2033 4751 licet

2134 4684 2240 4736 αλλ’
2271 4682 2354 4735 ἔτι
2389 4681 2529 4751 μετὰ
2562 4680 2880 4751 παρρησίας
2926 4679 3228 4750 ἐλέγχουσα
3266 4697 3325 4732 σε
3365 4681 3699 4751 μοιχεύοντα,

446 4785 546 4839 tibi
602 4784 805 4840 habere
839 4800 1066 4839 uxorem
1112 4784 1351 4857 Philippi
1384 4784 1571 4841 fratris
1607 4786 1708 4842 ttti.
1752 4806 1770 4837 ι
1803 4785 2031 4843 Frustra

445 4892 579 4948 ergo
610 4888 692 4932 est
721 4892 751 4931 a
783 4888 835 4932 te
866 4864 1066 4932 scelus
1099 4887 1498 4949 perpetratum.
1537 4880 1723 4935 inanis
1766 4880 1865 4934 fuit
1892 4896 2030 4935 con-

446 4969 653 5025 siliaria
694 4985 709 5021 :
745 4983 884 5022 vana
913 4969 1080 5022 etiam
1113 4968 1213 5024 fuit
1264 4972 1453 5040 petitio
1493 4971 1811 5025 saltatricis.
1848 4976 1924 5024 Ac
1972 4978 2027 5024 tu

446 5062 665 5131 quidem
716 5070 935 5115 servato
989 5061 1330 5130 jut-atnento.
1378 5074 1637 5138 tanquam
1694 5064 2031 5135 pejerasses,

445 5165 651 5208 aeterno
682 5154 854 5207 reatui
880 5153 1153 5208 obnoxius
1186 5171 1246 5210 es
1285 5173 1297 5209 :
1343 5175 1360 5206 ι
1399 5156 1726 5226 [iniquitates
1756 5156 1900 5209 enim
1930 5172 2025 5207 ca-

517 5298 539 5324 ν
567 5289 725 5342 Prov.
758 5304 832 5350 γι,
880 5284 971 5338 96.

2133 4792 2151 4824 ο
2180 4773 2293 4825 Οὐκ
2332 4769 2544 4835 ἔξεστίν
2575 4786 2660 4822 σοι
2694 4769 2863 4838 ἔχειν,
2897 4769 3016 4840 βοᾷ,
3049 4769 3150 4839 τὴν
3183 4771 3420 4837 γυναῖκα
3442 4771 3700 4823 Φιλίππου

2123 4860 2219 4917 τοῦ
2247 4860 2478 4929 ἀδελφοῦ
2506 4876 2621 4915 σου.
2660 4879 2678 4911 t
2722 4859 2816 4922 Ei;
2850 4858 3027 4928 μάτην
3064 4853 3157 4911 οὖν
3199 4875 3281 4911 σοι
3318 4859 3701 4931 πεπόνηταιτδ

2134 4956 2477 5024 πονήρευμα.
2515 4951 2773 5023 Διάκενος
2812 4949 2908 5004 καὶ
2936 4953 2969 5020 ή
3014 4949 3338 5021 σύιιὸουλοςο
3367 4952 3577 5021 ματαία
3615 4952 3702 5003 καὶ

2135 5047 2236 5118 τῆς
2263 5044 2618 5116 ὀρχηστρίδος
2651 5045 2684 5113 ἡ
2728 5043 2965 5113 αἴτησις.
3009 5043 3122 5096 Καὶ
3155 5043 3219 5096 σὺ
3259 5042 3359 5114 μὲν
3381 5043 3698 5113 εὐορκήσας,

2137 5141 2213 5202 ὡς
2240 5138 2597 5208 ἐπιορκήσας,
2636 5136 2813 5189 εἰσαεὶ
2840 5134 3264 5205 κατακέκρισαι.
3299 5153 3318 5186 ι
3362 5132 3701 5205 Παρανομξαι

1767 5369 2159 5428 COMBEFISII
2201 5366 2432 5424 NOTAE.

517 5469 628 5539 (Bb)
680 5468 1043 5541 Prwcepsque.
1086 5471 1197 5523 Kal
1244 5468 1447 5538 τομῶς.
1500 5466 1765 5541 Videatur
1823 5466 2012 5541 eadem

448 5536 871 5606 signiﬁcatione
904 5536 1170 5609 accipere.
1219 5536 1383 5607 atque
1413 5538 1724 5609 ἀποτόμως,
1760 5536 1907 5603 quod
1961 5542 2015 5589 et

450 5609 779 5660 celeritatem
815 5618 868 5662 et
901 5607 1244 5663 severitatem
1300 5609 1593 5677 signiﬁcat,
1647 5607 1708 5677 τδ
1740 5621 2014 5677 καταγοη-

450 5677 711 5742 τευμὲνον
754 5681 961 5748 accipio
1010 5680 1249 5749 passive,
1289 5675 1365 5732 ut
1404 5679 1521 5746 ipsa
1583 5675 1762 5744 puclla
1810 5675 2029 5729 dicatur

2123 5465 2275 5545 {eiut
2328 5461 2620 5525 fascinata,
2648 5474 2713 5514 ac
2770 5455 3065 5545 praestigiis
3104 5454 3284 5545 illusa’
3314 5469 3344 5508 a
3398 5464 3593 5535 matre,
3628 5453 3690 5533 ad

2125 5534 2385 5602 Baptistae
2416 5540 2580 5600 caput
2611 5524 2925 5602 petendum.
2964 5524 3057 5586 Τὸ.
3083 5524 3375 5602 φορούδην,
3412 5526 3589 5602 rarius
3623 5527 3696 5602 ri-

2123 5595 2285 5657 detur
2326 5621 2341 5657 :
2382 5595 2540 5656 est'a
2587 5595 2766 5673 ερέρω·
2803 5598 2948 5655 velut
3003 5596 3240 5666 patulas,
3278 5605 3329 5648 et
3378 5610 3495 5663 qui:
3550 5595 3695 5648 farm

2136 5677 2421 5743 ferrentur.
