4016 6130
299 366 492 459 ,1133

1348 375 1432 438 IN
1475 376 1537 436 S.
1576 376 1821 437 JOANN
1832 377 1901 436 IS
1934 374 2598 437 DECOLLATIONEM.

3480 378 3619 447 1131

346 487 459 557 γάρ
489 483 657 558 ἀνδρα
694 484 1045 557 ἀγρεύουσιν.
1091 504 1109 536 ι
1169 484 1385 557 Ἐκείνη
1416 486 1496 550 δὲ,
1541 487 1678 558 πρὸς
1714 487 1792 559 τῷ
1827 491 1927 559 τῆς

2043 488 2187 557 piunt
2216 488 2394 544 virum
2426 504 2473 542 ι.
2507 506 2527 540 ι
2564 486 2660 542 Illa
2698 497 2901 554 autem,
2936 498 3131 559 pratter
3165 490 3429 564 ﬂagitium
3456 498 3619 552 adul-

349 576 601 649 μοιχείας
653 577 947 647 μιάσματι,
1005 578 1102 631 καὶ
1146 577 1210 631 τὸ
1259 579 1358 649 τῆς
1413 580 1728 650 μιαιφονίας
1761 597 1931 652 προσ-

344 670 621 740 εκτήσατο
657 668 848 739 μῦσος.
879 688 897 721 ι
936 669 1080 741 Γυνὴ
1104 670 1212 741 γὰρ
1238 656 1450 742 ἀφρων,
1485 674 1673 743 φησιν,
1699 672 1934 724 οὖκὲπί-

344 778 541 816 σταται
571 760 858 831 αἰσχύνην,
894 761 1011 816 ἀλλ’
1042 762 1137 815 ἐπὶ
1158 762 1432 832 πέταυρον
1464 763 1595 835 ᾅδου
1627 763 1928 833 συναντᾷ.)

354 851 422 905 Ἦ
478 851 539 905 δὲ
570 851 670 921 τῆς
723 850 1023 923 μαχλώσης
1080 851 1415 924 μαστρωπδς
1467 852 1792 925 ὀρχηστρὶς,
1826 869 1935 923 μη-

342 934 543 1013 τρῷοις
614 944 1115 1014 συμπαροινὴσασα
1178 943 1388 1012 φόνοις,
1455 942 1609 995 οὐδὲν
1676 939 1936 996 ἀπώνατο

346 1034 512 1088 πλέον
548 1034 648 1103 τῆς
687 1034 747 1085 ἐν
799 1032 996 1103 γεέννῃ
1036 1032 1259 1101 φλογὸς,
1293 1032 1417 1087 καθ’
1462 1033 1529 1103 ἡν
1563 1032 1792 1095 ἐνδίκως
1838 1033 1937 1095 τὰς

345 1123 575 1187 εὐθύνας
617 1123 1034 1194 εἰσπράττεται.
1088 1141 1108 1174 ι
1156 1123 1269 1194 Τῆς
1319 1122 1636 1194 ἀφροσύνης
1674 1122 1725 1176 ot
1778 1122 1937 1185 πόδες

346 1217 650 1284 κατάγουσι
687 1215 815 1279 τοὺς
859 1214 1181 1285 χρωμένους
1215 1214 1355 1282 αὐτῇ
1399 1212 1543 1282 μετά
1579 1212 1816 1267 θανάτου
1854 1214 1937 1277 είς

344 1309 438 1361 τὸν
469 1308 630 1381 ᾅδην,
653 1307 724 1359 τὰ
749 1306 807 1359 δὲ
834 1306 955 1377 τχνη
988 1305 1161 1376 αὐτῆς
1191 1305 1291 1359 οὐκ
1315 1306 1607 1377 ἐρείδεται.
1645 1324 1664 1355 ι
1698 1304 1940 1358 Τοιαῦτα

343 1396 453 1455 τῶν
505 1398 852 1469 ἀνομούντων
905 1389 975 1453 τά
1024 1398 1303 1467 δράματα·
1353 1395 1565 1467 ταύτην
1617 1396 1803 1449 δίδωσι
1835 1395 1939 1466 τὴν

344 1491 686 1562 ἐπικαρπίαν
723 1492 838 1552 τοῖς
870 1489 1042 1559 αὐτῆς
1070 1491 1333 1559 ἐρασταῖς
1377 1490 1411 1559 ἡ
1455 1487 1683 1557 λαγνεία
1706 1503 1724 1520 ο
1761 1486 1939 1540 ταῦτα

342 1585 455 1647 τοῖς
488 1583 811 1645 ἀκολάστοις
840 1583 874 1652 ἡ
906 1580 1165 1651 ἐμπαθὴς
1191 1580 1304 1634 τῶν
1328 1579 1534 1651 ἡδονῶν
1559 1578 1806 1650 ἀκρασία
1836 1596 1940 1651 χα-

346 1674 561 1746 ρίζεται
582 1674 651 1727 τὰ
679 1656 957 1745 ἐπέχειρα.

416 1767 635 1820 Τούτων
668 1766 918 1828 ἀκούετε,
948 1767 1061 1819 ὅσοι
1086 1782 1144 1818 τε
1171 1763 1416 1835 μιγάδες,
1446 1765 1542 1819 καὶ
1570 1766 1619 1818 οί
1641 1766 1704 1820 τὸ
1730 1765 1937 1835 ἄζυγον

2036 579 2187 646 terii,
2220 580 2386 637 cmdis
2416 595 2637 651 quoque
2667 581 2884 639 facinus
2915 583 3132 655 adjecit.
3172 605 3190 638 ι
3232 588 3425 643 Mulier
3470 592 3616 645 enim

2038 671 2328 743 insipiens,
2365 674 2566 745 inquit,
2618 675 2885 745 pudorem
2933 679 3136 743 nescit,
3173 680 3269 735 sed
3311 680 3619 739 ad-inferni

2038 764 2373 834 profundum
2398 766 2644 821 occurrit
2679 774 2731 821 I.
2773 785 2792 819 ι
2826 765 3157 825 Libidinosa:
3191 780 3373 826 autem
3403 772 3620 829 femina:

2040 856 2166 911 lena
2213 857 2489 920 saltatrix,
2517 874 2627 912 una
2673 873 2799 913 cum
2837 868 3011 915 matre
3054 860 3111 915 in
3165 863 3313 918 caede
3345 867 3618 933 petulans,

2040 948 2179 1003 nihil
2201 948 2329 1003 hinc
2360 950 2601 1020 amplius
2630 951 2904 1006 commodi
2955 954 3277 1023 reportavit,
3324 972 3488 1025 quam
3528 974 3621 1027 ge-

2039 1039 2235 1094 hennae
2261 1038 2565 1107 flammam,
2599 1040 2654 1095 in
2679 1057 2789 1112 qua
2814 1043 3009 1097 merito
3049 1058 3244 1113 pmnas
3278 1045 3420 1101 luit:
3455 1064 3474 1098 ι
3515 1045 3623 1101 lm-
3682 1059 3686 1063 '

2040 1129 2346 1200 prudentiae
2391 1131 2557 1200 pedes
2604 1134 2887 1188 deducunt
2936 1142 3155 1191 utentes
3188 1151 3252 1191 ea
3294 1151 3418 1191 cum
3452 1150 3625 1195 morte

2041 1221 2110 1276 ad
2145 1221 2422 1277 infernum
2456 1238 2472 1276 :
2506 1232 2562 1279 et
2608 1227 2840 1296 vestigia
2890 1226 3012 1296 ejus
3060 1242 3169 1282 non
3205 1227 3495 1283 firmantur
3521 1239 3566 1281 ι.
3601 1249 3619 1281 ι

2042 1313 2204 1370 Tales
2254 1325 2384 1371 sunt
2427 1317 2824 1372 sceleratorum
2883 1317 3080 1373 fabula:
3122 1335 3137 1373 :
3194 1319 3369 1376 hunc.
3406 1320 3624 1376 luxnria

2044 1405 2286 1462 fructum
2333 1409 2451 1465 suis
2495 1410 2693 1465 tribuit
2744 1411 3130 1467 amatoribus:
3185 1411 3300 1465 haec
3336 1412 3624 1482 impudicis

2042 1498 2292 1567 praemia,
2344 1499 2543 1557 vitiosa
2614 1501 2961 1569 voluptatum
3035 1500 3464 1571 intemperantia
3520 1505 3628 1583 Iar-

2042 1587 2209 1656 gitur.

2118 1762 2243 1821 Haec
2273 1765 2478 1832 audite,
2535 1774 2808 1838 quotquot
2852 1769 3056 1825 saeculo
3108 1770 3235 1827 aliis
3273 1774 3624 1829 eommistnm

346 1857 721 1928 περιέποντες,
756 1857 852 1909 καὶ
884 1855 1068 1923 λόγοις
1122 1829 1521 1924 Παροιμιακοῖς
1574 1829 1936 1924 ἐστιαθῶμεν,

2044 1856 2246 1920 vivitis,
2286 1869 2351 1910 ae
2379 1855 2425 1910 si
2453 1829 2747 1925 qui-vitain
2778 1856 3027 1911 caelibem
3058 1858 3239 1928 agitis,
3283 1860 3628 1930 sumptisque

348 1950 446 2003 καὶ
468 1949 682 2012 τούτοις
727 1947 943 2017 μᾶλλον
963 1945 1064 2017 την
1092 1945 1263 2016 ἁκοὴν
1303 1945 1759 2015 καταυλήσωμεν.
1796 1946 1862 1999 Τί
1885 1945 1942 1998 δὲ

341 2043 426 2096 δεῖ
454 2041 590 2113 πρὸς
638 2040 850 2103 εἰδότας
893 2040 1095 2102 εἰπεῖν,
1148 2038 1186 2092 ἀ
1229 2039 1303 2109 μὴ
1342 2038 1658 2107 πεφύκασιν
1694 2038 1940 2107 ἀγνοεῖν;

343 2136 551 2198 Πάντες
576 2135 685 2206 γάρ
717 2135 886 2204 ἐσμεν
909 2132 1150 2187 διδακτοὶ
1178 2130 1315 2185 Θεοῦ
1333 2133 1393 2184 ἐν
1419 2130 1665 2204 Χριστῷ,
1684 2130 1828 2185 κατὰ
1851 2131 1941 2184 τὸν

357 2222 709 2279 Ἀπόστολον.
752 2223 842 2285 Ὠς
864 2220 1076 2291 ὤφελον
1105 2220 1202 2275 καὶ
1240 2222 1426 2293 ἡμεῖς,
1448 2222 1478 2274 6
1503 2221 1632 2291 τῇδε
1660 2220 1940 2288 συνειλεγ-

345 2319 511 2390 μένος
543 2316 894 2387 ίερότευκτος
921 2314 1206 2385 σύλλογος,
1223 2314 1322 2384 τῆς
1346 2314 1517 2385 αὐτῆς
1544 2311 1830 2384 ἡξιώμιθα
1844 2310 1941 2382 χά-

344 2427 517 2481 ριτος,
549 2408 625 2472 ὡς
665 2408 742 2478 μὴ
773 2406 987 2461 δεῖσθαι
1035 2405 1133 2459 τοῦ
1171 2404 1502 2471 διδάξοντος,
1540 2404 1576 2474 ἡ
1610 2404 1939 2474 ἐπιπλήξον-

341 2517 455 2565 τος·
482 2499 600 2555 ἀλλ’
644 2498 936 2571 ἀρκεῖσθαι
977 2498 1125 2570 μόνῳ
1151 2497 1230 2567 τῷ
1258 2495 1643 2566 ὑποδείγματι,
1685 2494 1823 2564 πρὸς
1879 2494 1940 2548 τὸ

342 2595 527 2649 πᾶσαν
562 2594 826 2661 ἐκφυγεῖν
866 2592 969 2661 τῆς
1013 2590 1257 2662 Ἡρώδου
1289 2588 1683 2660 παραπληξίας
1712 2587 1814 2658 τὴν
1849 2587 1938 2657 μί-

344 2703 536 2759 μησιν,
560 2687 657 2739 καὶ⁵
696 2685 837 2755 μήτε
877 2681 1137 2754 ῥᾳστώνῃ
1177 2681 1286 2736 τινί
1318 2697 1422 2734 που
1456 2683 1576 2745 ταῖς
1611 2680 1938 2743 ἀκαθέκτοις

339 2779 451 2833 τῶν
485 2777 751 2850 ἐμπαθῶν
793 2775 1029 2849 ὀρέξεων
1060 2777 1262 2847 ὁρμαῖς
1315 2774 1614 2843 ἐπαφεῖναι
1638 2773 1732 2827 τὸν
1782 2770 1932 2835 νοῦν,

344 2872 487 2944 μήτε
519 2868 597 2940 τῷ
631 2868 761 2938 λείῳ
803 2868 913 2922 τῶν
962 2866 1167 2938 ἡδονῶν
1195 2867 1499 2938 συληθέντα
1536 2866 1628 2923 τὸν
1651 2862 1933 2933 λογισμὸν,

342 2963 689 3034 ὑποσυρῆναι
719 2961 855 3032 πρὸς
901 2958 1310 3029 συγκατάθεσιν
1334 2976 1349 2990 ·
1378 2959 1501 3031 ἣτις
1537 2958 1806 3012 ὠδίνουσα
1835 2954 1936 3024 τῆς

341 3054 620 3125 ἁμαρτίας
665 3052 728 3105 τὸ
784 3051 1103 3122 φάρμακον,
1160 3049 1498 3105 συναποκύει
1544 3043 1946 3106 τὸνθάνατονυ.

2041 1960 2073 2001 e
2109 1943 2536 2001 Proverbiorum
2591 1945 2733 2002 libro
2770 1947 2955 2004 verbis
3006 1950 3314 2018 epulemur,
3363 1958 3529 2020 atque
3560 1951 3627 2005 iis

2042 2037 2280 2093 maxime
2313 2051 2475 2094 aures
2501 2037 2864 2094 mulceamus.
2896 2039 3038 2106 Quid
3076 2055 3247 2111 porro
3272 2042 3341 2096 ad
3374 2057 3470 2097 eos
3499 2043 3627 2095 atti-

2041 2138 2134 2186 net
2162 2129 2364 2193 dicere,
2391 2127 2484 2199 qui
2512 2129 2718 2185 sciunt.
2738 2129 2943 2187 Omnes
2963 2133 3109 2187 enim
3136 2133 3437 2190 didicimus
3462 2149 3491 2188 a
3520 2131 3628 2190 Deo

2040 2220 2095 2277 in
2143 2219 2387 2285 Christo,
2433 2219 2593 2290 juxta
2656 2222 2979 2292 Apostolum
3010 2233 3037 2263 ι
3068 2221 3204 2295 (26).
3250 2223 3476 2279 Utinam
3526 2239 3628 2281 nos

2038 2328 2281 2384 quoque,
2305 2312 2399 2367 hic
2434 2312 2541 2368 loci
2557 2313 2826 2370 collectus
2853 2328 3014 2369 sacer
3042 2325 3370 2380 conventus,
3392 2317 3624 2387 gratiam

2037 2405 2311 2475 ejusmodi
2348 2406 2871 2477 promeruissemus,
2892 2414 2954 2460 ut
2983 2422 3093 2461 non
3125 2407 3456 2466 haberemus
3486 2424 3625 2480 Optls

2036 2500 2287 2563 docente,
2314 2506 2410 2554 aut
2445 2497 2918 2570 increpante;sed
2952 2500 3111 2556 nobis
3134 2500 3405 2556 sutiieeret
3440 2517 3626 2556 exem-

2036 2591 2210 2662 plum,
2244 2598 2306 2645 ut
2335 2605 2554 2647 omnem
2590 2590 2822 2647 Herodis
2848 2593 3103 2648 amentia
3136 2592 3496 2648 imitationem
3540 2593 3628 2647 fu-

2034 2698 2311 2755 geremus,
2345 2697 2411 2739 ac
2446 2698 2626 2754 neque
2680 2684 3013 2740 remissione
3064 2685 3177 2739 ulla
3225 2686 3627 2755 impotentibus

2037 2776 2365 2831 vitiosarum
2414 2776 2781 2846 cupiditatum
2825 2776 3072 2832 motibus
3113 2777 3357 2831 animum
3397 2777 3628 2833 dedere-

2034 2880 2199 2935 mus;
2232 2882 2415 2938 neque
2442 2867 2788 2937 voluptatum
2843 2867 3132 2924 blanditiis
3182 2867 3467 2923 inescatus
3504 2870 3629 2923 ani-

2034 2972 2184 3024 mus,
2226 2958 2281 3013 in
2309 2973 2643 3013 consensum
2703 2960 2927 3014 sinistre
2957 2959 3358 3030 agereturzqui
3408 2959 3628 3029 quidem

2036 3051 2166 3105 dum
2215 3051 2428 3120 peccati
2465 3050 2777 3107 remedium
2829 3052 3068 3121 parturit
3109 3050 3245 3122 (27),
3299 3065 3408 3104 una
3460 3052 3627 3105 etiam

342 3146 526 3217 Ὅπερ
556 3145 644 3198 ἵνα
680 3144 754 3214 μὴ
781 3143 1051 3213 πάθωμεν
1091 3144 1276 3213 ἡμεῖς,
1317 3142 1651 3213 τηρήσωμεν
1682 3126 1938 3205 ἑαυτοὺς,

2043 3152 2271 3199 mortem
2322 3145 2488 3213 parit.
2532 3142 2693 3210 Quod
2736 3159 2805 3200 ne
2855 3143 3016 3200 nobis
3052 3142 3339 3208 acciderit,
3386 3157 3489 3196 nos
3522 3141 3628 3211 ipsi

340 3235 621 3306 ὀφθαλμὸς
649 3234 715 3287 δι’
741 3233 864 3287 ὅλου
900 3232 1200 3304 γινόμενοι,
1238 3229 1540 3301 νυσταγμῷ
1572 3228 1767 3298 μηδενὶ
1798 3242 1934 3297 συγ-

342 3329 681 3399 κλειόμενος,
718 3328 806 3381 ἵνα
841 3326 916 3399 μὴ
941 3324 1125 3380 λαθὼν
1161 3327 1190 3378 6
1219 3325 1461 3396 δράκων,
1498 3323 1825 3396 ὑποσυλήσῃ
1847 3322 1940 3376 τὸν

341 3420 640 3492 θησαυρόν.
665 3418 939 3488 Λάὅωμεν
970 3417 1066 3471 οῦν
1090 3420 1245 3488 κοινῇ
1275 3416 1482 3479 πάντες
1499 3415 1826 3469 διδάσκαλον
1848 3414 1941 3468 τὸν

343 3511 763 3583 Παροιμιαστὴν
810 3510 1077 3580 σήμερον,
1119 3509 1589 3578 προφυλακτικοῖς
1622 3509 1776 3578 ἡμᾶς
1807 3524 1941 3561 κατ-

343 3604 785 3676 ασφαλιζόμενον
832 3602 1035 3669 λόγοις,
1084 3603 1178 3655 καὶ
1210 3601 1657 3670 διεξοδικώτερόν
1695 3616 1811 3663 πως
1838 3599 1942 3654 ὑπ-

342 3697 559 3763 εξιόντα
591 3695 659 3749 τά
706 3694 768 3760 ἐξ
792 3694 1094 3762 ἐπιϐουλῆς
1124 3693 1408 3762 γυναικῶν
1436 3693 1808 3763 ύποτιθέμενα
1829 3696 1940 3758 τοῖς

344 3788 749 3859 ἁπλουστέροις
771 3786 985 3857 ἐνέδρα.
1007 3785 1176 3856 Φησὶν
1192 3784 1343 3853 γοῦνο
1374 3803 1392 3835 ι
1423 3784 1514 3854 Mi;
1539 3785 1772 3855 πρόσεχε
1802 3783 1941 3853 φαύ-

340 3880 412 3953 λῃ
443 3880 688 3949 γυναικί.
724 3878 873 3933 Μέλι
898 3878 1007 3949 γὰρ
1036 3876 1335 3942 ἀποστάζει
1366 3877 1473 3932 ἀπὸ
1502 3876 1727 3948 χειλέων
1753 3892 1941 3943 γυναι-

342 3971 440 4035 κὸς
462 3970 693 4040 πόρνης,
737 3969 772 4038 ἢ
806 3968 943 4039 πρὸς
981 3967 1175 4038 καιρὸν
1224 3966 1468 4019 λιπαίνει
1523 3965 1613 4018 σὺν
1658 3966 1937 4036 φάρυγγα·

342 4062 576 4135 ὕστερον
627 4062 854 4130 μέντοι,
906 4059 1234 4130 πικρότερον
1292 4057 1455 4129 χολῆς
1502 4059 1755 4129 εὑρήσεις
1785 4074 1798 4086 ·
1846 4057 1941 4112 καὶ

338 4153 683 4225 ἠκονημένον
710 4150 913 4223 μᾶλλον
945 4151 1222 4221 μαχαίρας
1244 4150 1524 4220 διστόμου.
1554 4167 1573 4198 ι

429 4328 571 4383 Ἀλλ’
604 4328 679 4393 ὡς
731 4328 799 4383 ἀν
847 4329 923 4400 μὴ
965 4329 1283 4401 προσκορὴς
1318 4329 1348 4381 6
1405 4327 1564 4397 λόγος
1608 4330 1642 4402 ἢ
1682 4333 1941 4403 φορτικὸς

339 4423 629 4492 φαίνηται,
683 4423 856 4492 μικρά
912 4422 1052 4476 ἀττα
1093 4419 1390 4491 προσθήσω
1437 4425 1551 4487 τοῖς
1599 4423 1936 4494 εἰρημένοις·

2042 3245 2460 3296 conservemus,
2496 3231 2629 3289 facti
2666 3233 2898 3288 omnino
2932 3235 3148 3298 oculus,
3184 3234 3279 3303 qui
3317 3234 3467 3288 nulla
3500 3233 3630 3287 dur-

2041 3321 2330 3378 mitatione
2369 3322 2685 3389 claudatur,
2716 3331 2776 3377 ut
2814 3340 2884 3380 ne
2934 3325 3079 3378 clam
3112 3325 3273 3380 nobis
3311 3323 3481 3379 draco
3512 3324 3628 3379 tlte-

2044 3425 2271 3467 saurum
2312 3411 2547 3468 furetur.
2578 3412 2875 3468 Communi
2909 3428 3043 3483 ergo
3096 3429 3288 3471 omnes
3339 3418 3629 3486 conspira.

2042 3503 2214 3570 tione,
2250 3503 2532 3561 doctorem
2584 3506 2751 3562 hodie
2800 3504 3220 3563 Paruzmiastem
3251 3523 3626 3575 assumamus,

2044 3597 2136 3668 qui
2174 3612 2276 3653 nos
2320 3597 2503 3653 verbis
2529 3598 2597 3654 ad
2641 3598 2748 3653 hoc
2782 3599 3108 3670 compositis
3140 3600 3343 3669 previe
3391 3601 3625 3663 muniat.

2045 3687 2336 3760 fusiusque
2366 3697 2607 3755 enarret,
2643 3704 2781 3760 quas
2811 3703 2876 3744 ex
2910 3689 3203 3744 mulierum
3235 3690 3453 3746 insidiis
3501 3691 3628 3746 sim-

2043 3779 2301 3847 pliciores
2329 3779 2584 3835 homines
2632 3779 2977 3836 oﬂ‘ensiones
3008 3782 3311 3851 accipiunt.
3345 3781 3488 3836 Dicit
3520 3784 3625 3836 ita-

2043 3883 2191 3939 que:
2232 3889 2252 3922 ‹
2304 3869 2425 3926 Noli
2484 3874 2775 3927 attendere
2825 3872 3046 3927 mulieri
3102 3871 3307 3927 fallaci.
3338 3872 3438 3929 Mel
3480 3875 3624 3929 enim

2043 3961 2275 4017 distillat
2313 3977 2343 4016 a
2372 3962 2538 4018 labiis
2580 3964 2831 4020 mulieris
2872 3965 3205 4030 meretricis,
3239 3982 3362 4037 qua:
3388 3967 3456 4021 ad
3495 3976 3627 4023 tem-

2044 4069 2148 4124 pus
2182 4053 2491 4125 impiuguat
2522 4053 2710 4110 fauces
2749 4062 2873 4110 tuas
2917 4074 2930 4110 :
2986 4065 3181 4127 postea
3212 4074 3345 4113 vero
3386 4059 3619 4113 amario-

2045 4160 2159 4200 rem
2194 4144 2321 4203 felle
2353 4147 2623 4212 invenies,
2656 4154 2711 4203 et
2760 4152 2975 4203 sentam
3031 4149 3206 4219 magis
3257 4149 3438 4220 gladio
3490 4150 3625 4205 bici-

2041 4239 2140 4312 piti
2166 4239 2216 4292 δ.
2250 4256 2269 4290 ι

2115 4331 2225 4388 Sed
2259 4345 2327 4387 ne
2354 4339 2449 4385 aut
2479 4328 2787 4385 satietatem
2810 4327 3020 4397 afferat,
3052 4338 3148 4385 aut
3178 4331 3409 4387 molesta
3442 4331 3624 4387 videa-

2045 4434 2135 4480 tur
2168 4425 2369 4489 oratio,
2404 4437 2579 4494 pauca
2616 4423 2867 4493 quaedam
2904 4422 3161 4494 adjiciam
3213 4424 3280 4480 iis
3312 4439 3434 4494 qua:
3476 4424 3619 4479 dicta

336 4515 455 4576 τοῖς
511 4512 609 4583 μὲν
655 4512 856 4565 εἰδόσιν
889 4511 1224 4581 ὑπόμνησιν,
1260 4513 1374 4573 τοῖς
1424 4512 1479 4565 δὲ
1517 4512 1804 4581 ἀγνοοῦσιν
1832 4518 1931 4569 ἀσ-

2043 4526 2195 4582 sunt;
2230 4516 2349 4586 ipsa
2396 4512 2641 4583 quidem,
2691 4513 2763 4568 iis
2798 4514 2890 4586 qui
2922 4521 3149 4579 norunt,
3203 4514 3269 4568 ad
3300 4515 3621 4570 memoriam

338 4603 569 4671 φάλειαν
599 4603 661 4655 ού
684 4604 781 4672 τὴν
812 4601 1086 4672 τυχοῦσαν
1112 4602 1484 4671 προσάγοντα.
1516 4623 1535 4655 ‹
1577 4604 1726 4670 Πίνε,
1754 4608 1941 4676 φησὶν,

314 4695 520 4757 -ξύδατα
552 4695 662 4746 ἀπὸ
692 4695 803 4748 σῶν
842 4694 1111 4765 ἀγγείων,
1138 4693 1230 4746 καὶ
1254 4694 1360 4747 ἀπὸ
1401 4696 1511 4748 σῶν
1548 4698 1802 4765 φρεάτων
1832 4716 1939 4770 πη-

2044 4606 2252 4670 futura,
2285 4605 2355 4660 iis
2378 4612 2561 4660 autem
2593 4604 2688 4674 qui
2721 4607 3003 4669 nesciunt,
3047 4620 3155 4659 non
3198 4604 3368 4660 levem
3401 4603 3621 4659 cautio-

2045 4715 2169 4753 nem
2209 4695 2531 4768 praebitura.
2556 4713 2578 4748 ι
2614 4695 2770 4763 Bibe,
2799 4691 3003 4767 inquit,
3039 4711 3212 4767 aquas
3235 4695 3303 4751 de
3334 4696 3444 4751 tuis
3469 4696 3621 4750 vasis

421 4890 448 4918 ι
488 4875 650 4929 t‘rov.
674 4889 708 4927 ν
736 4914 752 4939 ,
784 4870 877 4927 22.
955 4883 986 4921 Y
1019 4872 1180 4930 Prov.
1229 4891 1308 4940 ις,
1344 4876 1435 4941 15,
1498 4877 1588 4942 18,
1668 4886 1692 4916 ι
1731 4878 1938 4935 Ρτον.ι

2134 4894 2159 4922 ι
2198 4882 2215 4935 1
2300 4880 2491 4938 Thess.
2540 4895 2609 4943 tv,
2644 4878 2698 4931 0.
2772 4879 2802 4917 ι)
2826 4874 2988 4932 Prov.
3026 4892 3078 4939 ν,
3114 4877 3253 4936 2-1.

1630 5012 1862 5070 VARIAS
1885 5016 2181 5074 LECTION
2191 5018 2314 5075 ES.‘

415 5102 457 5132 ⁸³
488 5103 694 5171 Interp.
723 5100 938 5171 Lipom.
966 5100 1216 5166 θάνατον,
1246 5119 1354 5157 ηοη
1387 5103 1549 5159 bene.

1641 5234 2038 5305 COMB‘EFISII
2077 5251 2312 5307 NOTAE.

416 5356 531 5428 (26)
566 5354 739 5428 Juxta
776 5356 1111 5425 Apostolum.
1153 5354 1453 5428 _lnterpres
1494 5353 1711 5427 Lipom.
1766 5357 1935 5414 Joan-

341 5426 468 5483 nem
513 5426 962 5497 evangelistam:
1020 5426 1165 5492 apud
1208 5426 1385 5497 quem
1441 5426 1608 5482 etiam
1657 5430 1936 5497 reperitur

342 5501 440 5553 illa
476 5504 794 5568 sanctorum
832 5512 863 5568 a
904 5496 1012 5551 Deo
1040 5496 1332 5568 doctrina:
1389 5512 1568 5568 eoque
1602 5496 1733 5551 non
1760 5498 1935 5568 liquet

342 5578 533 5624 utrum
564 5567 815 5621 Andreas
834 5567 1067 5619 Paulum
1099 5574 1194 5619 aut
1225 5563 1496 5621 Joanneni
1538 5568 1820 5620 citaverit.

414 5637 533 5707 (Ἥ)
573 5635 714 5707 Dum
754 5636 1299 5707 peccatj‘remedium
1343 5637 1618 5707 parturit._
1658 5636 1937 5691 Ὠδίνουσα

341 5703 445 5777 τῆς
486 5703 765 5777 ἁμαρτίας
812 5706 874 5757 τὸ
926 5703 1264 5777 ῖράρμακονῂ
1315 5703 1491 5775 palam
1534 5705 1806 5777 referens,
1850 5709 1935 5768 τὸ,

347 5774 719 5844 συγκαθεσιν,
780 5790 1112 5830 consensum.
1177 5774 1325 5831 Velit
1381 5776 1567 5832 dicere
1630 5776 1753 5845 ejus
1813 5792 1939 5832 esse

2038 5367 2249 5436 peccati
2283 5377 2535 5431 mortem,
2568 5381 2632 5421 ac
2674 5365 2977 5422 remedium
3011 5368 3220 5436 peccati
3254 5385 3267 5422 :
3296 5370 3433 5435 sive,
3477 5386 3622 5423 mor-

2041 5445 2150 5491 tem
2182 5452 2245 5492 ac
2274 5437 2442 5489 vitam
2478 5455 2491 5490 :
2525 5436 2673 5506 quod
2709 5437 2788 5493 sic
2822 5438 2983 5505 plane
3017 5438 3196 5498 habet.
3224 5454 3287 5495 ac
3321 5437 3622 5494 formaliter

2042 5514 2101 5558 ut
2134 5507 2703 5577 vocanttsupposila
2755 5521 2977 5577 semper
3026 5509 3357 5563 excitatione
3409 5508 3617 5565 divina.

2039 5576 2317 5647 Interpres
2372 5576 2588 5644 Lipom.
2631 5578 2790 5630 aliter
2835 5576 2966 5647 legit
3010 5580 3093 5633 vel
3138 5579 3365 5635 habuit:
3407 5578 3623 5634 Peccati

2043 5646 2262 5721 mortem
2326 5649 2562 5721 cupiens,
2596 5658 2814 5702 mortem
2858 5646 3025 5714 ipsam
3078 5650 3257 5719 parit,
3312 5652 3459 5721 quod
3512 5669 3620 5715 non

2043 5717 2182 5774 satis
2222 5718 2494 5789 intelligo.
