4016 6130
505 358 647 422 1135

1694 358 1756 419 S.
1782 359 1883 421 AN
1894 360 2116 419 ΒΒΕᾹΞ
2151 360 2573 424 CRETENSIS

3575 370 3682 437 1136

498 483 555 527 et
581 473 649 527 dc
680 477 966 542 puteorum
1004 475 1217 522 tuorum
1251 465 1420 522 fonte.
1462 465 1610 523 Fons
1660 484 1814 538 aqua:
1849 472 1921 526 sit
1967 472 2069 526 tibi

2174 475 2296 543 γῆς.
2341 476 2403 528 'H
2447 476 2598 547 πηγὴ
2637 474 2733 528 τοῦ
2763 468 2974 541 ὕδατος,
3011 477 3150 531 ἔστω
3177 496 3252 534 σοι
3274 482 3392 547 ίδία,
3416 486 3501 538 καὶ
3528 504 3682 544 συνευ-

497 562 779 632 pr0prius,
815 567 870 614 et
889 559 1195 628 jucundare
1217 574 1340 614 cum
1367 574 1558 626 uxore,
1585 575 1707 629 qua:
1731 576 1761 615 a
1784 563 2071 631 juventute

497 663 590 707 tua
614 672 638 710 .-
676 653 732 707 in
764 651 886 720 ejus
918 651 1063 706 enim
1095 650 1337 705 amicitia
1364 659 1745 718 conversatus,
1782 653 2072 710 diuturnus

495 742 606 797 oris
643 752 692 795 ε.
734 759 751 792 ι
792 738 859 794 Et
885 740 1082 795 iterum
1117 755 1130 791 :
1179 758 1197 792 ι
1238 738 1318 795 Νο
1357 746 1566 796 multus
1605 742 1684 796 sis
1710 742 1777 795 ad
1813 743 2099 812 alienam,-

496 846 672 901 neque
705 838 760 886 te
806 831 950 884 ulnae
1006 830 1448 900 complectantur
1496 845 1605 885 non
1639 832 1897 902 pr0priae.
1934 832 2072 886 Sunt

493 923 641 978 enim
668 936 852 976 coram
886 921 981 975 Dei
1001 921 1179 976 oculis
1210 921 1311 975 via:
1327 921 1546 975 viri.Ne
1573 922 1790 978 dederis
1818 937 2070 978 somnqu

495 1016 674 1072 oculis
704 1015 839 1081 tuis,
871 1028 1054 1085 neque
1112 1014 1440 1071 indormites
1489 1015 1764 1085 palpebris
1792 1017 1902 1071 tuis
1935 1031 1949 1068 :
2014 1025 2074 1072 ut

494 1107 721 1165 salveris
752 1114 1012 1176 tanquam
1068 1104 1290 1160 damula
1334 1121 1364 1160 e
1425 1106 1659 1187 laqueis,
1714 1115 1771 1161 et
1814 1092 2069 1177 tanquam

493 1197 611 1251 avis
647 1212 678 1250 e
711 1196 814 1250 reti
834 1194 886 1248 d.
929 1213 948 1245 ι
980 1193 1046 1247 Et
1095 1194 1294 1248 iterum
1337 1211 1349 1245 :
1397 1212 1414 1246 ι
1450 1192 1527 1249 Ne
1553 1200 1608 1248 te
1640 1194 1826 1248 vincat
1881 1194 2072 1250 forma:

490 1284 967 1356 concupiscentia,
1001 1298 1180 1354 neque
1227 1283 1461 1353 capiaris
1495 1283 1675 1338 oculis
1718 1284 1851 1349 tuis,
1890 1299 2071 1353 neque

491 1377 781 1447 abripiaris
807 1377 876 1432 ab
903 1375 1024 1446 ejus
1050 1375 1328 1445 palpebris
1353 1391 1367 1427 :
1403 1373 1596 1428 Mulier
1622 1374 1767 1429 enim
1825 1374 2068 1428 virorum

492 1472 769 1542 pretiosas
819 1475 1052 1523 venatur
1087 1466 1327 1520 animas.
1374 1462 1492 1519 Via:
1539 1471 1719 1519 autem
1761 1462 2066 1519 inferorum

492 1564 689 1615 domus
718 1558 859 1629 ejus,
890 1557 1232 1614 deducentes
1261 1559 1314 1611 in
1346 1572 1601 1614 secessus
1624 1557 1840 1613 mortis.
1863 1557 1944 1611 Tu
1971 1572 2071 1612 au-

493 1663 626 1716 tem,
660 1652 757 1715 illi,
793 1650 920 1705 andi
955 1665 1044 1705 me
1076 1668 1090 1704 :
1117 1664 1297 1719 neque
1325 1649 1567 1704 declinet
1603 1649 1657 1703 in
1681 1649 1799 1704 vias
1821 1649 1942 1719 ejus
1971 1663 2070 1703 cor

490 1753 683 1811 tuum;
716 1757 817 1798 nec
849 1741 1148 1811 decipiaris
1185 1741 1241 1794 in
1276 1740 1487 1795 semitis
1512 1741 1661 1808 ejus.
1697 1739 1892 1795 Multos
1920 1741 2065 1795 enim

486 1833 834 1892 vulnerando
860 1832 1068 1904 dejicit,
1100 1841 1155 1886 et
1183 1831 1615 1887 innumerabiles
1644 1840 1773 1887 sunt
1793 1846 1933 1902 quos
1951 1841 2069 1887 tru-

489 1926 696 1981 cidavit
733 1936 776 1980 ο.
823 1943 842 1976 ι
900 1952 973 1962 -
1014 1941 1035 1974 ι
1073 1920 1156 1975 Tu
1199 1931 1383 1985 autem
1443 1937 1513 1978 ne
1569 1922 1791 1992 injicias
1849 1923 2067 1978 oculum

444 2014 450 2025 ⁸
490 2028 646 2071 tuum
672 2015 740 2070 ad
781 2029 937 2078 eam,
969 2011 1065 2069 sed
1086 2006 1240 2068 resili
1262 2051 1278 2078 ,
1302 2027 1372 2068 ne
1415 2012 1649 2069 moreris
1679 2012 1735 2066 in
1789 2013 1913 2069 loco
1945 2028 1960 2067 :
1994 2012 2069 2067 ita

486 2114 634 2168 enim
676 2109 943 2166 transibis
992 2124 1192 2179 aquam
1252 2108 1510 2164 alienam.
1562 2107 1646 2161 Ab
1696 2122 1838 2178 aqua
1887 2119 2066 2164 autem

487 2206 668 2258 aliena
704 2203 918 2257 abstine
945 2211 1021 2269 te,
1062 2210 1115 2256 et
1151 2200 1219 2256 de
1251 2199 1399 2255 fonte
1425 2198 1608 2255 alieno
1634 2214 1701 2254 ne
1731 2199 1938 2255 biberis
1964 2215 1978 2250 :
2009 2207 2069 2253 ut

484 2295 712 2364 longum
739 2294 891 2348 vivas
923 2300 1176 2362 tempus;
1221 2301 1276 2346 et
1314 2288 1649 2359 adjicientur
1681 2289 1779 2344 tibi
1820 2287 1949 2344 anni
1982 2288 2064 2342 vi-

487 2397 556 2441 tae
590 2384 635 2440 ί.
660 2404 663 2407 ν
686 2405 704 2437 ι
743 2385 923 2454 Atque
955 2383 1244 2439 sufﬁciunt
1272 2381 1391 2436 haec
1425 2381 1646 2452 quidem
1676 2381 1745 2435 ad
1786 2380 2067 2452 castigan-

485 2478 613 2532 dum
643 2492 761 2542 eos,
793 2476 890 2546 qui
941 2482 1070 2531 sunt
1122 2473 1429 2544 segniores,
1459 2473 1663 2542 quibus
1711 2488 1809 2528 nos
1849 2472 2068 2528 abunde

374 2628 384 2638 _
486 2568 819 2623 communiit
848 2566 1208 2637 depromptus
1257 2579 1441 2620 sermo
1481 2578 1550 2618 ex
1579 2561 1921 2630 Proverbiis,
1971 2578 2065 2619 so-

484 2661 617 2716 bria:
643 2661 845 2731 lingua
878 2657 1048 2712 divini
1092 2656 1245 2710 illius
1283 2655 1390 2708 viri
1415 2668 1637 2709 causam
1669 2668 1871 2721 agens;
1901 2668 2066 2707 vene-

484 2752 669 2817 randi,
702 2751 951 2820 inquam,
980 2748 1268 2815 Baptista,
1305 2744 1399 2815 qui
1430 2744 1572 2803 hanc
1619 2743 1782 2799 nobis
1811 2745 2066 2814 apposuit

487 2857 732 2898 mensam
766 2857 781 2895 :
811 2853 920 2894 non
958 2837 1229 2909 sanguine
1263 2844 1574 2899 cruentam,
1597 2848 1794 2889 recens
1834 2834 2065 2904 jugulati

485 2943 653 3004 caput
684 2939 1051 3003 apponentem
1086 2939 1144 2983 ut
1175 2943 1378 2990 escam,
1413 2941 1521 2981 non
1551 2926 1864 2982 craterihus
1898 2941 2064 2981 cruo~

485 3040 600 3078 rem
631 3037 784 3078 mero
811 3020 1287 3076 commiscentem.
1318 3015 1456 3081 ﬂeo
1494 3015 1819 3070 l-lerodianae
1855 3016 2062 3085 iniqui-

487 3116 618 3170 tatis
650 3111 1032 3183 manupretia;
1076 3110 1145 3166 iis
1177 3109 1269 3163 ille
1311 3106 1623 3163 convivium
1648 3106 1908 3171 instruit,
1936 3106 2064 3161 talia
2092 3139 2133 3196 ο

485 3209 579 3263 ille
632 3206 884 3261 convivis
935 3203 1130 3258 miscet
1157 3201 1379 3272 pocula.
1422 3198 1528 3254 Sed
1578 3213 1689 3253 non
1728 3199 1803 3252 ita
1858 3199 1907 3256 is
1968 3200 2063 3269 qui

485 3308 673 3354 nostro
704 3304 908 3366 praeest
941 3293 1238 3360 convivio;
1277 3291 1473 3346 .absit!
1507 3288 1713 3345 Contra
1760 3291 1929 3358 enim,
1956 3290 2067 3346 for-

489 3388 748 3445 titudinis
783 3402 848 3442 ac
872 3384 1213 3449 sobrietatis,
1247 3382 1635 3453 pudicitiaequc
1668 3381 1831 3436 nobis
1859 3376 2066 3437 instru-

484 3485 566 3559 xit
606 3495 842 3547 coenam,
892 3478 1053 3550 cujus
1108 3475 1432 3547 ingurgitati
1489 3473 1761 3540 obsoniis,
1808 3473 2066 3529 meliores

484 3588 789 3631 evasnnus.

559 3756 830 3822 Quoniam
862 3760 1044 3807 autem
1085 3765 1284 3820 magno
1313 3746 1544 3805 Joannis
1584 3746 1850 3801 adversus
1888 3742 2067 3799 .Ilero-

484 3849 605 3902 dem
651 3843 895 3899 convivii
925 3841 1258 3896 transmisso
1285 3840 1499 3909 pelago,
1544 3839 1599 3892 in
1644 3845 1862 3907 portum
1916 3844 2068 3889 tran-

483 3940 745 4007 quillum,
789 3935 1054 3992 secundis
1109 3933 1230 4003 ejus
1289 3932 1357 3986 ad
1408 3930 1574 3985 Deum
1635 3943 1860 3999 precum
1916 3927 2067 3982 auris

481 4029 877 4103 pervenimus;
927 4039 1142 4097 tempus
1169 4032 1257 4081 est
1300 4036 1359 4078 ut
1402 4014 1523 4078 vela
1553 4021 1923 4083 demittentes,
1952 4034 2069 4075 ser-

481 4122 663 4177 monis
685 4117 1099 4190 remigationcm
1118 4116 1265 4170 intra
1290 4122 1506 4184 portum
1525 4112 1806 4168 sistamus.
1826 4109 2065 4181 Equum

479 4223 662 4268 autem
696 4210 980 4276 arbitror;
1013 4223 1137 4263 nam
1171 4216 1224 4262 et
1248 4213 1429 4260 nautae
1459 4203 1511 4259 id
1551 4204 1723 4258 moris
1751 4202 1973 4266 habent,
2010 4210 2067 4256 ut

482 4320 585 4359 nos
617 4317 837 4373 quoque
869 4299 1020 4371 quod
1047 4305 1304 4352 sanctum
1347 4294 1599 4350 videatur
1624 4291 1913 4355 facientes,
1943 4306 2071 4362 par-

481 4408 605 4446 vam
655 4392 873 4462 epilogo
940 4388 1247 4442 orationem
1313 4392 1733 4444 connectamus.
1802 4382 2068 4452 lectisque

2174 565 2400 634 φραίνου
2443 568 2582 637 μετά
2627 569 2909 637 γυναικὸς,
2956 569 3059 639 τῆς
3103 574 3166 624 ὲκ
3216 574 3448 644 νεότητός
3479 594 3579 632 σου.
3616 584 3683 639 Ἐν

2173 654 2281 725 γὰρ
2310 658 2376 726 τῇ
2415 657 2619 727 ταύτης
2658 657 2814 729 φιλίᾳ
2855 661 3407 731 συμπεριφερόμενος,
3444 667 3685 735 πολλοστὸς

2172 744 2292 814 ἔσῃ.
2324 764 2342 795 ι
2383 747 2494 799 Καὶ
2531 743 2687 810 αὖθις
2708 764 2720 777 ·
2757 767 2774 799 ι
2817 747 2910 818 Μὴ
2941 749 3109 810 πολὺς
3138 749 3243 802 ἴσθι
3275 753 3397 822 πρδς
3425 754 3681 827 ἀλλοτρίαν,

2175 832 2308 902 μηδὲ
2338 834 2562 905 συνέχον
2586 836 2855 904 ἀγκάλαις
2879 840 3000 900 ταῖς
3041 838 3115 908 μὴ
3143 839 3314 904 ίδίαις.
3338 842 3586 901 ’Ἑνώπιον
3601 851 3686 921 γάρ

2171 922 2309 1010 εἰσιν
2340 924 2453 978 τῶν
2480 926 2574 978 τοῦ
2606 927 2741 979 Θεοῦ
2787 927 3103 999 ὀφθαλμῶν,
3132 930 3239 982 ὁδοὶ
3268 934 3465 1003 ἀνδρός.
3495 938 3573 1006 Μὴ
3602 940 3682 1010 δῷς

2173 1009 2340 1066 ὕπνον
2371 1017 2483 1079 σοῖς
2520 1015 2785 1086 ὄμμασιν,
2828 1018 2963 1089 μηδὲ
3005 1021 3358 1095 ἐπινυστὰξῃς
3400 1029 3501 1092 σοῖς
3525 1009 3684 1101 βλεφά.

2173 1120 2309 1173 ροις·
2347 1104 2436 1158 ἵνα
2474 1105 2621 1177 σώσῃ
2661 1106 2850 1179 ὥσπερ
2874 1108 3080 1180 δορκάς
3106 1113 3167 1164 ὲκ
3186 1112 3406 1183 βρόχων,
3434 1119 3517 1171 καὶ
3535 1118 3684 1192 ὥσπερ

2170 1193 2359 1263 ὄρνεον
2384 1195 2447 1248 ὲκ
2480 1196 2739 1265 παγίδος,
2764 1217 2784 1249 ι
2843 1200 2954 1251 Καὶ
2981 1196 3155 1264 αὖθις·
3194 1221 3213 1253 ι
3248 1206 3332 1275 Μή
3365 1223 3419 1259 σε
3457 1213 3686 1282 νικησάτω

2171 1282 2398 1347 κάλλους
2450 1284 2741 1354 ἐπιθυμία,
2790 1287 2924 1358 μηδὲ
2972 1289 3247 1361 ἀγρευθῇς
3283 1297 3388 1358 σοῖς
3419 1296 3685 1369 ὀφθαλμοῖς,

2174 1373 2310 1442 μηδὲ
2345 1376 2733 1447 συναρπασθῇς
2776 1378 2884 1430 ἀπὸ
2911 1378 3022 1430 τῶν
3054 1380 3226 1450 αὐτῆς
3256 1383 3535 1455 βλεφάρων.
3574 1389 3685 1460 Γυνὴ

2172 1462 2304 1551 γὰρ,
2342 1465 2553 1533 ἀνδρῶν
2595 1468 2781 1539 τιμίας
2820 1468 3001 1539 ψυχὰς
3036 1472 3280 1542 ἀγρεύει.
3321 1476 3451 1530 Ὀδοί
3483 1479 3534 1531 δὲ
3567 1480 3684 1551 ᾆδον,

2169 1554 2197 1606 ὁ
2231 1549 2381 1618 οἶκος
2418 1558 2612 1627 αὐτῆς,
2646 1560 2983 1628 κατάγουσαι
3013 1564 3091 1626 είς
3136 1564 3204 1616 τὰ
3232 1570 3442 1636 ταμιεῖα
3477 1549 3684 1626 θανᾶτου.

2172 1646 2244 1698 Σὺ
2271 1646 2349 1711 δὲ,
2370 1647 2473 1712 υἱὲ,
2496 1648 2662 1703 ἄκουέ
2679 1668 2804 1721 μου,
2834 1653 2928 1705 καὶ
2953 1653 3027 1724 μὴ
3047 1655 3347 1711 ἐκκλινάτω
3368 1661 3441 1724 είς
3461 1663 3546 1724 τὰς
3564 1664 3684 1727 ὁδοὺς

2167 1736 2340 1806 αὐτῆς
2379 1738 2413 1810 ἡ
2443 1739 2639 1810 καρδία
2677 1757 2795 1806 σου,
2843 1744 2936 1795 καὶ
2964 1742 3042 1815 μὴ
3085 1744 3359 1818 πλανηθῇς
3386 1751 3439 1801 ὲν
3468 1752 3683 1821 ἀτραποῖς

2102 1812 2146 1867 Β
2172 1828 2362 1898 αὐτῆς.
2405 1831 2642 1896 Πολλοὺς
2679 1832 2939 1904 τρώσασα
2968 1812 3397 1910 ἀάωασλῄέὲν,
3434 1844 3515 1896 καὶ
3532 1812 3686 1914 ἀνειρίἐ

2171 1920 2369 1991 θμητοί
2398 1924 2555 1989 είσιν,
2589 1923 2684 1986 οὒς
2723 1926 3080 1993 πεφόνευκεν.
3114 1947 3134 1979 ι
3173 1959 3237 1968 -
3263 1950 3281 1980 ι
3319 1931 3386 1983 Σὺ
3413 1932 3464 1984 δὲ
3496 1933 3561 2001 μὴ
3588 1935 3683 1986 ἐπι-

2172 2012 2379 2084 στήσῃς
2401 2012 2463 2065 τὸ
2502 2014 2592 2066 σὸν
2621 2014 2779 2084 ὄμμα
2806 2016 2943 2087 πρὸς
2979 2017 3173 2089 αὑτήνο
3212 2019 3343 2074 ἀλλὰ
3370 2021 3683 2092 ἀποπήδησον·

2172 2101 2249 2174 μὴ
2278 2104 2533 2176 χρονίσῃς
2558 2105 2617 2158 ἐν
2650 2106 2728 2175 τῷ
2762 2107 2934 2177 ’τόπῳ⁹
2966 2107 3145 2173 οὕτως
3178 2110 3286 2181 γὰρ
3323 2112 3534 2185 διαϐήσῃ
3575 2113 3685 2183 ὕδωρ

2168 2194 2468 2265 ἀλλότριον.
2527 2196 2659 2249 Ἀπὸ
2698 2197 2755 2250 δὲ
2796 2195 2989 2262 ὓδατος
3026 2198 3312 2272 ἀλλοτρίου
3349 2204 3581 2273 ἀπόσχου,
3616 2205 3688 2256 καὶ

2166 2284 2276 2338 ἀπὸ
2304 2286 2488 2357 πηγῆς
2531 2286 2817 2356 ἀλλοτρίας
2851 2288 2925 2360 μὴ
2948 2290 3102 2362 πίῃς,
3135 2291 3221 2345 ἴνα
3246 2292 3405 2345 πολὺν
3431 2292 3579 2364 ζήσῃς
3592 2294 3686 2363 χρό-

2167 2393 2278 2442 νον,
2306 2378 2400 2431 καί¹
2432 2379 2871 2450 πρρστεϐήσεταί
2905 2399 2990 2435 σοι
3033 2382 3135 2453 ἐτη
3166 2384 3332 2452 ζωῆς.
3372 2405 3388 2437 ι
3425 2386 3583 2439 Ἱκαιὰ
3611 2385 3686 2453 μὲν

2168 2469 2266 2522 καὶ
2314 2470 2495 2555 ταῦτα,
2536 2474 2869 2543 σωφρονίσαι
2906 2475 3032 2537 τοὺς
3064 2477 3448 2553 νωᾶεστέρους,
3485 2475 3553 2540 οἷς
3583 2478 3685 2529 ἀπο-

2165 2559 2407 2630 χρόντως
2436 2562 2583 2631 ἡμᾶς
2618 2565 2647 2615 ὁ
2677 2564 3053 2635 Παροιμιακὸς
3078 2569 3513 2638 κατησφαλίσατο
3533 2567 3683 2641 λόγος’

2166 2652 2195 2703 ὁ
2217 2651 2317 2720 τῆς
2357 2651 2633 2722 σώφρονος
2661 2652 2914 2725 γλώσσης
2948 2657 3169 2711 ἐκείνου
3191 2658 3284 2711 τοῦ
3308 2658 3567 2712 θεσπεσίου
3592 2674 3684 2709 συν-

2167 2742 2386 2812 ήγορος’
2420 2742 2515 2797 τοῦ
2545 2743 2867 2814 σεϐασμίου,
2904 2748 3069 2816 φημὶ,
3104 2746 3432 2802 Βαπτιστοῦ·
3457 2749 3509 2812 ὃς
3526 2745 3683 2815 ταύτην

2166 2833 2299 2903 ἡμῖν
2345 2834 2660 2905 παρέθηκεν
2706 2835 2803 2906 τὴν
2832 2839 3118 2907 τράπεζαν
3169 2841 3422 2909 σήμερον*
3451 2841 3504 2892 οὐ
3534 2854 3681 2906 πεφοι-

2167 2924 2428 2995 νιγμένην
2456 2926 2787 2996 αἴμασινοηοὺ
2816 2930 3093 2999 νεοσφαγῆ
3135 2931 3377 3001 κεφαλὴν
3411 2927 3682 3001 προτιθεμέο

2165 3029 2263 3082 νην
2290 3014 2365 3076 ὼς
2384 3014 2606 3084 ἔδεσμα·
2633 3017 2695 3070 οὐ
2725 3017 3127 3087 συνεκχέουσαν
3162 3020 3243 3088 τῷ
3277 3019 3450 3089 λύθρῳ
3471 3020 3566 3079 τοῖς
3584 3031 3685 3084 κρα-

2165 3105 2331 3175 τῆρσι
2362 3107 2454 3161 τὸν
2505 3108 2787 3189 ἄκρατον.Δ
2821 3112 3008 3165 Ταῦτα
3056 3113 3162 3182 τῆς
3209 3115 3443 3185 Ἡρώδου
3489 3127 3683 3184 παρανο-

2169 3197 2300 3274 μίας
2323 3197 2371 3229 ⁸⁸
2411 3198 2482 3253 τά
2519 3201 2794 3272 ἐπίχειρα·
2824 3203 3037 3267 τούτοις
3066 3205 3279 3267 ἐκεῖνος
3320 3208 3463 3277 ἑστιᾷ
3496 3203 3549 3265 τὸ
3580 3219 3686 3270 συμ-

2167 3288 2378 3343 πόσιονο
2406 3292 2635 3346 τοιαῦτα
2681 3293 2900 3363 κίρνησι
2939 3297 3053 3359 τοῖς
3097 3299 3407 3367 συμπόταις
3442 3297 3619 3355 ἐκεῖνος
3636 3290 3685 3342 τὰ
3722 3310 3727 3317 ‘

2167 3381 2407 3451 πόματα.
2470 3384 2582 3454 Οὐχ
2636 3387 2664 3438 ὁ
2713 3386 2988 3457 ἡμέτερος
3040 3390 3474 3461 συμποσιάρχης·
3516 3384 3685 3451 ἄπαγεῐ

2167 3471 2493 3526 Τούναντίον
2546 3474 2666 3544 μὲν,
2730 3476 2983 3546 ἀνδρείας
3037 3480 3138 3532 καὶ
3197 3478 3533 3549 σωφροσύνης
3589 3474 3688 3542 ἡμῖν

2167 3561 2456 3615 ὲστιάσατο
2497 3562 2731 3630 δεῖπνον,
2766 3559 2829 3618 οὗ
2860 3566 2967 3619 τῶν
2995 3566 3149 3635 δψων
3179 3567 3575 3640 ἐμφορηθέντες,
3596 3561 3691 3632 βελ-

2166 3652 2316 3715 τίους
2349 3654 2678 3725 γεγόναμεν.

2250 3744 2405 3798 Ἐπεὶ
2425 3743 2519 3800 οὖν
2562 3746 2622 3799 τὸ
2666 3747 2808 3817 μέγα
2860 3748 2961 3818 τῆς
3022 3750 3273 3805 Ἰωάννου
3323 3751 3450 3823 πρὸς
3493 3745 3691 3818 Ἡρώδην

2167 3835 2463 3900 ἑστιάσεως
2484 3838 2712 3908 διαπορο
2721 3838 3018 3910 μεύσαντες
3052 3842 3315 3912 πέλαγος,
3341 3844 3422 3910 ἐφ’
3442 3843 3595 3912 ὅρμον
3614 3852 3691 3904 γα-

2168 3928 2349 3998 λήνιον
2388 3931 2510 3992 ταῖς
2561 3929 2728 3982 αὑτοῦ
2762 3930 2901 4001 πρὸς
2938 3931 3073 3985 Θεὸν
3097 3935 3382 3997 εὐκτικαῖς
3404 3930 3693 4000 κατηντήκα-

2172 4035 2272 4087 μεν
2298 4017 2518 4090 αὔραις,
2552 4020 2747 4091 καιρὸς
2780 4021 2879 4091 ἤδη
2908 4020 2976 4075 τὰ
3009 4023 3160 4078 ίστία
3209 4025 3554 4094 χαλάσαντας,
3589 4018 3693 4070 εἴσω

2168 4108 2401 4179 λιμένων
2422 4110 2791 4165 διαναπαῦσαι
2812 4112 2905 4165 τοῦ
2940 4113 3102 4183 λόγου
3124 4114 3224 4187 τὴν
3255 4115 3501 4186 εἰρεσίαν.
3518 4111 3693 4167 Δίκαιον

2168 4200 2222 4253 δὲ
2253 4198 2408 4271 οἶμαι
2441 4202 2559 4267 (καὶ
2593 4202 2702 4274 γὰρ
2731 4203 2856 4265 τοὺς
2884 4204 3185 4275 πλωτῆρας
3211 4205 3331 4269 ἔθος
3350 4204 3497 4258 τοῦτο
3518 4199 3691 4267 ποιεῖν).

2169 4293 2262 4345 καὶ
2278 4294 2425 4363 ἡμᾶς
2453 4292 2580 4345 δσιά
2606 4311 2670 4362 γε
2696 4296 3062 4365 πράττοντας,
3093 4296 3290 4368 μικρὸν
3309 4297 3599 4368 παρενεῖραι
3624 4288 3694 4342 λό-

2168 4402 2263 4453 γον
2293 4384 2371 4455 τῷ
2407 4383 2646 4454 ἐπιλόγῳ
2670 4425 2684 4447 ,
2720 4384 2814 4463 κα).
2848 4385 3148 4456 Γραφικοίς
3179 4387 3365 4443 ἄνθεσι
3404 4382 3694 4453 στεφανῶσαι

482 4485 783 4555 Scriptura:
831 4480 1081 4537 ﬂosculis
1138 4478 1314 4533 virum
1365 4490 1747 4532 coronemus:
1797 4473 2064 4543 siquidem

2170 4474 2260 4528 τὸν
2291 4473 2476 4545 ἄνδρα·
2506 4475 2559 4528 εί
2599 4492 2664 4543 γε
2694 4477 2789 4530 καὶ
2820 4476 2990 4546 ἄνδρα
3021 4476 3129 4548 χρὴ
3158 4477 3367 4547 λέγειν,
3404 4476 3490 4529 τὸν
3519 4474 3693 4541 πάντων

485 4590 667 4632 tamen
703 4578 880 4629 virum
911 4584 1241 4640 nuncupare
1266 4568 1458 4623 deceat
1494 4582 1617 4622 eum
1641 4568 1732 4636 qui
1769 4566 1917 4621 omni
1950 4581 2065 4619 ma-

480 4669 568 4738 jor
602 4669 842 4729 homine,
898 4666 1042 4719 inter
1090 4670 1250 4716 natos
1308 4661 1599 4716 mulierum
1653 4658 1924 4729 apparuit.
1969 4658 2068 4712 Hic

483 4759 632 4813 enim
655 4765 741 4812 est
769 4771 932 4826 quem
967 4754 1157 4806 multis
1201 4749 1501 4826 Scriptura:
1533 4748 1667 4803 locis
1717 4748 1866 4803 varie
1916 4746 2067 4802 desi-

484 4856 712 4919 gnatum
760 4824 1158 4907 invenerimus,
1209 4824 1375 4894 modo
1425 4846 1487 4892 ut
1534 4838 1652 4908 apis
1684 4846 2069 4907 argumentosa

483 4938 777 5009 diligenter
800 4937 1123 4992 lustremus.
1151 4931 1349 4987 Multas
1380 4930 1523 4984 enim
1554 4929 1712 4984 nobis
1741 4931 1860 4997 ejus
1885 4929 2070 4999 appel-

423 5073 427 5077 .
485 5027 722 5082 lationes
776 5040 961 5079 rerum
1004 5021 1381 5077 consideratio
1431 5020 1637 5081 attulit,
1691 5033 1924 5087 quarum
1959 5018 2073 5072 sin-

407 5092 416 5111 .
485 5119 632 5186 gulis
660 5130 964 5185 congruum
1007 5113 1385 5169 testimonium
1417 5111 1712 5175 adhibens,
1747 5125 1913 5179 quam
1953 5109 2072 5166 fue-

483 5210 593 5262 rint
626 5208 1026 5263 rationabiliter
1059 5206 1301 5273 ascripta
1324 5204 1571 5269 nomiua,
1605 5204 1854 5258 ostendo.

554 5297 651 5353 Est
707 5301 895 5367 itaque
949 5299 1119 5367 prima
1181 5297 1300 5363 ejus
1341 5286 1660 5364 'appellatio,
1704 5293 1900 5348 Filius.
1933 5311 1952 5343 ι
1989 5291 2066 5347 Ne

484 5388 674 5441 timeas
704 5387 873 5446 enim,
917 5383 1116 5453 inquit,
1154 5381 1462 5447 Zacharia;
1493 5396 1624 5437 ecce
1668 5381 1939 5437 Elisabcth
1976 5398 2066 5453 pa-

2174 4564 2478 4636 ἀνορώπων
2519 4567 2577 4618 ἐν
2616 4570 2899 4636 γεννητοῖς
2936 4570 3216 4636 γυναικῶν
3259 4566 3580 4636 ἀναφανέντα
3601 4561 3693 4631 μεί-

2175 4657 2323 4723 ζονα.
2353 4651 2520 4721 Οὗτος
2542 4657 2649 4729 γὰρ
2672 4660 2843 4725 ἐστιν,
2866 4658 2925 4711 ὃν
2956 4659 3231 4728 πολλαχοῦ
3264 4659 3364 4727 τῆς
3393 4653 3690 4726 ι’ραφῆς.φεο

2176 4750 2406 4820 ρόμενον
2455 4747 2789 4819 πολυσήμως
2837 4739 3166 4819 εὑρήσομεν,
3215 4750 3295 4820 τῷ
3338 4746 3591 4816 φιλοπόνῳ
3616 4739 3692 4805 τῆς

2168 4841 2435 4911 μελίσσης
2466 4839 2671 4909 ταύτην
2726 4842 3241 4911 ὲμπεριερχόμενοι.
3283 4838 3483 4901 Πολλὰς
3504 4835 3597 4903 γὰρ
3616 4830 3690 4882 αὖ·

2170 4931 2264 4984 τοῦ
2310 4932 2409 4995 τὰς
2456 4932 2830 5002 προσηγορίας
2863 4934 2999 5002 ἡμῖν
3038 4933 3360 5003 ἐνεποίησεν
3394 4928 3549 5000 ἡτῶν
3582 4937 3691 4991 πρα-

2170 5023 2399 5092 γμάτων
2461 5024 2740 5093 περιωπή·
2797 5016 2871 5076 ὧν
2927 5024 3137 5095 ἑκάστῃ
3200 5022 3302 5095 τὴν
3362 5022 3691 5091 προσήκουσαν

2174 5108 2482 5178 μαρτυρίαν
2535 5108 2827 5178 παραθεὶς,
2874 5108 2936 5161 τὸ
2984 5109 3268 5177 ἀξιόλογον
3313 5108 3418 5162 τῶν
3459 5101 3693 5174 ὀνομάτων

2174 5200 2443 5269 δείκνυμι.

2252 5293 2407 5345 Ἔστι
2439 5292 2569 5360 γοῦν
2617 5291 2783 5346 αὐτοῦ
2808 5294 2864 5362 λὴ
2921 5292 3113 5364 πρώτη
3147 5292 3359 5361 κλῆσις,
3412 5286 3546 5349 Υἱός·
3576 5301 3590 5333 ί
3621 5275 3691 5338 Μὴ

2173 5382 2337 5453 φοϐοῦ
2362 5384 2493 5455 γὰρ,
2530 5382 2794 5453 Ζαχαρία,
2826 5384 3013 5453 φησίνο
3047 5383 3151 5437 ἰδοὺ
3191 5380 3466 5435 Ἐλισάὁετ
3487 5370 3690 5444 γιτεννῆστι

556 5537 581 5566 ο
621 5525 756 5579 Prov
812 5541 863 5587 v,
896 5521 1077 5577 l5-l7.
1153 5524 1178 5561 ἀ
1203 5523 1359 5575 Prov.
1393 5538 1468 5585 vr,
1500 5522 1554 5585 4,
1588 5522 1643 5587 5,
1686 5521 1778 5585 25,
1805 5521 1895 5576 26.
1976 5530 1999 5558 θ
2036 5521 2196 5578 Prov.
2257 5539 2354 5586 vn,
2411 5524 2605 5578 24-27.
2688 5524 2708 5562 ι
2745 5523 2904 5583 Prov.
2941 5541 3024 5593 ﬂ,
3056 5523 3141 5588 19.
3190 5510 3302 5578 sec.
3339 5519 3492 5573 LXX.

1762 5634 1993 5689 VARle
2022 5617 2434 5691 LEcrmNris.

558 5720 852 5790 "littorpr.
886 5723 1095 5791 Liplm.
1155 5724 1301 5794 legit.
1355 5725 1651 5792 παροινίας.
