4016 6130
382 274 516 341 1137

1376 283 1455 349 ΙΝ
1485 287 1546 349 S.
1585 289 1910 354 JOANNIS
1952 242 2625 363 ΟΕΟΟΙᾸΑΤΙΟΝΕΜ..

3502 296 3638 365 1138

385 403 468 440 σοι
501 387 635 449 υἱὸν,
673 388 767 440 καὶ
795 384 980 441 πολλοὶ
1015 389 1072 441 ὲν
1106 389 1174 459 τῇ
1205 392 1457 462 γεννήσει
1500 394 1666 458 αὑτοῦ
1691 398 1958 468 χαρήσον·

2067 402 2166 455 riet
2193 401 2290 456 tibi
2349 405 2546 467 tilium,
2588 415 2643 461 et
2676 407 2833 461 multi
2875 408 2928 462 in
2955 409 3241 464 nativitate
3269 408 3391 480 ejus
3433 415 3639 481 gaude-

383 493 498 531 ται.
542 494 561 526 ι
591 503 659 516 -
692 495 711 527 ι
751 478 829 548 Τῇ
862 478 917 547 δέ
967 478 1247 533 Ἐλισάϐετ
1292 483 1543 554 ἐπλήσθη
1572 487 1601 539 6
1643 487 1835 557 χρόνος
1867 487 1959 541 τοῦ

381 569 564 621 τεκεῖν
598 565 789 639 αὐτὴν,
820 569 916 624 καὶ
949 572 1242 642 ἐγέννησεν
1271 573 1406 628 υἱόν.
1451 593 1469 626 ι
1508 575 1757 647 Βρέφος.·
1794 595 1813 629 ι
1851 580 1962 633 Καὶ

381 659 602 726 ἐγένετο
636 659 711 725 ὡς
744 662 979 734 ήκουσεν
1011 669 1044 736 ή
1096 668 1377 726 Ἐλισάσετ
1424 674 1517 729 τὸν
1543 665 1835 748 ἀσπασμὸν
1861 679 1962 750 τῆς

382 750 625 819 Μαρίας,
662 753 993 825 ἐσκίρτησεν
1022 758 1083 812 τὸ
1127 759 1327 832 βρέφος
1366 766 1503 837 ὲντῇ
1550 766 1729 838 κοιλία
1761 769 1957 840 αὐτῆς,

381 843 479 895 καλ⁵
532 844 779 917 ἐπλήσθη
824 849 1148 921 Πνεύματος
1183 855 1339 924 ἁγίου
1393 861 1425 927 ή
1475 859 1781 917 Ἑλισάϐετ.
1826 863 1958 917 Ἰδοὺ

378 931 487 1004 γὰρ
510 933 585 998 ὡς
609 936 828 1019 ἐγένετο
855 940 887 1010 ή
916 942 1069 1013 φωνὴ
1091 943 1185 998 τοῦ
1204 945 1497 1019 ἀσπασμοῦ
1531 967 1624 1004 σου
1649 952 1727 1016 είς
1755 951 1825 1006 τὰ
1845 947 1961 1008 ὦτά

381 1040 508 1093 μου,
528 1028 718 1099 φησὶν,
735 1018 1060 1102 ἐσκίρτησεν
1084 1035 1145 1087 τὸ
1166 1034 1366 1106 βρέφος
1390 1018 1447 1089 ἓν
1470 1040 1790 1106 ἀγαλλιάσει
1818 1045 1874 1096 ὲν
1888 1046 1956 1116 τῇ

377 1117 560 1207 κοιλίᾳ
579 1137 701 1189 μου.
717 1139 736 1172 ι
759 1123 980 1178 Παιδίον
995 1141 1009 1155 ·
1033 1144 1051 1177 ι
1073 1127 1186 1180 Kal.
1205 1128 1270 1181 σὺ
1296 1129 1374 1193 δὲ,
1391 1129 1601 1185 παιδίον
1620 1130 1955 1207 [προφήτης]

387 1192 647 1280 ’Ὑψίστου
688 1213 956 1287 κληθήσῃ.
990 1217 1064 1270 Τὸ
1103 1217 1160 1272 δὲ
1190 1192 1404 1273 παιδίον
1425 1192 1650 1294 ηὕξανει,
1794 1192 1961 1297 exp;

376 1299 596 1355 ταιοῦτο
636 1306 930 1375 πνεύματι,
960 1307 1055 1361 καὶ
1081 1304 1149 1379 ἦν
1180 1310 1237 1362 ἐν
1265 1312 1386 1375 ταῖς
1416 1314 1671 1385 ἐρήμοις,
1714 1335 1733 1367 ι
1768 1320 1863 1373 καὶ
1890 1318 1958 1372 τὰ

376 1390 751 1489 ἑξῆς-Μέγας
776 1412 791 1428 ο
820 1416 838 1449 ι
876 1392 1047 1463 Οὗτος
1078 1400 1232 1455 ἔσται
1260 1403 1437 1473 μέγας
1468 1405 1699 1461 ἐνώπιον
1724 1409 1954 1489 Κυρίου,

376 1485 472 1538 καὶ
502 1482 644 1540 οἶνον
668 1488 764 1541 καὶ
795 1488 985 1561 σίκερα
1008 1492 1068 1544 οὒ
1097 1492 1174 1562 μὴ
1190 1494 1312 1565 πίῃ·
1333 1496 1435 1559 καὶ
1456 1496 1770 1567 Πνεύματος
1798 1482 1957 1569 άγίου

376 1581 776 1654 πλησθήσεται,
810 1586 890 1641 ἔτι
911 1589 976 1641 ἐκ
1010 1588 1222 1662 κοιλίας
1255 1592 1468 1664 μητρὸς
1496 1593 1685 1647 αὐτοῦ.
1722 1615 1741 1647 ι
1776 1596 1959 1651 Ἰωάν-

374 1691 473 1744 νης
489 1689 508 1705 ·
530 1694 549 1726 ι
580 1676 690 1729 Καὶ
714 1676 934 1743 ἐγένετο
950 1681 1017 1751 τῇ
1042 1681 1204 1753 ὀγδόῃ
1224 1684 1430 1755 ήμέρᾳ,
1451 1681 1614 1756 ἦλθον
1642 1691 1959 1761 περιτεμεῖν

296 1816 317 1823 ,
372 1764 437 1819 τδ
468 1766 708 1833 παιδίον,
760 1768 859 1822 καὶ
905 1769 1138 1825 ἐκάλουν
1170 1772 1304 1826 αὐτὸ
1347 1775 1440 1828 ἐπὶ
1483 1775 1562 1846 τῷ
1596 1777 1820 1848 ὀνόματι
1866 1781 1962 1835 τοῦ

376 1859 584 1929 πατρὸς
639 1860 833 1926 αὑτοῦ,
867 1863 1174 1934 Ζαχαρίαν.
1229 1865 1343 1920 Kal.
1395 1868 1673 1941 ἀπεκρίθη
1708 1874 1741 1941 ή
1782 1874 1967 1945 μήτηρ

375 1952 566 2016 αὐτοῦ,
597 1953 692 2006 καὶ
723 1949 899 2007 εἶπεν·
935 1954 1107 2025 Οὐχί·
1153 1956 1293 2011 ἀλλὰ
1318 1958 1654 2032 κληθήσεται
1688 1963 1965 2036 Ἰωάννης.

376 2043 491 2097 Καὶ
545 2044 824 2116 Ζαχαρίας
855 2047 884 2098 6
917 2046 1106 2118 πατὴρ
1145 2048 1313 2102 αὐτοῦ
1359 2051 1592 2121 αἰτήσας
1641 2054 1965 2108 πινακίδιον,

377 2128 642 2204 ἔγραψεν·
688 2137 945 2209 Ἰωάννης
974 2136 1130 2192 ἔσται
1159 2139 1219 2194 τὸ
1247 2139 1418 2212 ὄνομα
1445 2142 1633 2197 αὐτοῦ.
1669 2162 1687 2194 ι
1726 2144 1971 2214 Ἀνθρω-

379 2243 485 2292 πος
503 2243 517 2256 ⁸
540 2246 560 2280 ι
585 2229 835 2297 Ἐγένετο
861 2231 959 2285 ἄνθ
969 2250 1152 2304 ρωπος
1183 2234 1602 2306 ἀπεσταλμένος
1630 2236 1782 2306 παρὰ
1807 2238 1986 2306 Θεοῦ,

377 2316 552 2386 ὄνομα
581 2318 730 2389 αὺτῷ
787 2320 1062 2391 Ἰωάννης.
1104 2341 1122 2374 ι
1173 2324 1490 2395 Προφήτης·
1552 2342 1572 2376 ι
1610 2325 1674 2377 Τί
1712 2324 1967 2397 ἐξήλθετε

381 2406 464 2468 είς
495 2408 594 2477 τὴν
641 2408 848 2480 ἔρημον
893 2409 1229 2477 θεάσασθαι;
1281 2414 1601 2484 προφήτην;
1643 2415 1773 2481 Ναὶ,
1826 2416 1977 2484 λέγω·

382 2496 516 2567 ὑμῖν
562 2500 659 2552 καὶ⁵
715 2502 1104 2573 περισσότερον
1157 2508 1465 2576 προφήτου.
1518 2505 1726 2570 Πάντες
1777 2506 1887 2577 γάρ
1919 2508 1968 2560 οἱ

385 2590 668 2660 προφῆται
702 2594 798 2647 καὶ
825 2595 1059 2666 δ’νόμος,
1088 2596 1196 2661 ἕως
1212 2597 1459 2652 Ἰωάννου
1495 2601 1962 2670 προεφήτευσαν.»

399 2681 604 2744 Ἠλίας*
624 2682 824 2739 «Καὶεί
855 2685 1039 2740 θέλετε
1061 2687 1339 2755 δέξασθαι·
1376 2708 1395 2742 ι
1421 2689 1593 2753 Αὐτός
1623 2690 1984 2755 ὲστινἨλίας’

384 2772 415 2825 6
439 2762 654 2842 μέλλων
687 2776 968 2848 ἔρχεσθαι.
1013 2800 1031 2832 ι
1074 2812 1144 2821 -
1187 2801 1207 2833 ι
1238 2776 1348 2836 Ka't
1378 2782 1542 2847 αὐτὸς
1580 2783 1968 2855 προελεύσεται

386 2862 620 2917 ἐνώπιον
650 2866 855 2935 Κυρίου
890 2870 947 2921 έν
989 2872 1262 2940 πνεύματι
1303 2873 1395 2926 καὶ
1430 2872 1655 2944 δυνάμει
1693 2874 1898 2931 Ἠλιοῦ.
1942 2894 1962 2928 ι

384 2953 742 3020 Διδέισκειιλοςο
782 2976 800 3010 ι
833 2948 1038 3014 ’Ἦλθον
1076 2962 1134 3015 δὲ
1176 2963 1271 3016 καὶ
1315 2963 1547 3017 τελῶναι
1579 2963 1974 3037 βαπτισθῆναι,⁴

384 3044 482 3097 καὶ
508 3040 662 3101 εἷπον
692 3049 827 3119 πρὸς
855 3052 1020 3105 αὐτόν
1037 3069 1050 3083 ·

385 3134 483 3189 καὶ
534 3137 601 3190 τὰ
643 3139 722 3206 ἐξ.
764 3139 1126 3214 Ἐτοιμαστής
1163 3161 1176 3175 ·
1216 3165 1234 3198 ι
1287 3147 1650 3218 Προπορεύσῃ
1698 3148 1808 3219 γὰρ
1859 3149 1966 3221 πρὸ

389 3227 683 3298 προσώπου
711 3233 921 3304 Κυρίου
957 3236 1248 3307 ἑτοιμάσαι
1279 3239 1436 3302 ὁδοὺς
1464 3240 1654 3294 αὑτοῦ.
1695 3259 1715 3292 ι
1750 3241 1961 3311 Κῆρυξ·
1980 3252 1997 3301 ἰ

310 3361 315 3366 .
393 3337 413 3369 ι
463 3319 715 3389 Ἐγένετο
761 3325 1013 3397 Ἰωάννης
1056 3328 1333 3398 βαπτίζων
1380 3332 1438 3384 ὲν
1482 3334 1550 3403 τῇ
1602 3334 1816 3404 ἐρήμῳ,
1872 3337 1966 3389 καὶ

386 3411 678 3482 κηρύσσων
695 3416 979 3489 βάπτισμα
1008 3421 1302 3489 μετανοίας
1320 3424 1403 3485 εἰς
1433 3423 1627 3492 ἄφεσιν
1657 3426 1985 3497 ἀμαρτιῶν.“

386 3504 501 3557 Kal.
545 3507 812 3577 ἐκήρυξεν
850 3510 1046 3579 λέγων·
1087 3512 1349 3585 Ἔρχεται
1383 3515 1413 3566 6
1461 3515 1810 3585 ἰσχυρότερός
1863 3536 1965 3588 μου

384 3596 562 3651 ὀπίσω
595 3609 721 3669 μου,
753 3621 772 3653 ι
817 3604 914 3657 καὶ
957 3603 1027 3657 τὰ
1067 3603 1146 3670 ἐξ.
1178 3606 1334 3676 Φωνή
1361 3622 1375 3636 °
1407 3625 1425 3658 ι
1472 3607 1567 3682 Τίς
1597 3603 1668 3673 εἴ,
1713 3609 1800 3662 ἴνα
1828 3610 1966 3663 ἀπό-

388 3706 570 3760 κρισιν
598 3692 780 3763 δῶμεν
823 3697 933 3759 τοῖς
983 3695 1266 3769 πέμψασιν
1291 3698 1468 3768 ήμᾶς;
1509 3698 1560 3751 τί
1612 3698 1790 3769 λέγεις
1836 3703 1966 3773 περὶ

387 3780 649 3846 σεαυτοῦ;
684 3783 851 3854 Ἔφη·
893 3784 1034 3853 Ἐγὼ
1064 3787 1215 3859 φωνὴ
1250 3787 1481 3858 βοῶντος
1506 3789 1565 3844 ἐν
1610 3793 1674 3862 τῇ
1703 3793 1913 3865 ἐρήμῳ.
1941 3812 1960 3846 ι

387 3871 699 3944 Βαπτιστής
723 3890 743 3904 ο
776 3892 796 3927 <
835 3878 1203 3947 Παραγίνεται
1238 3881 1267 3934 6
1303 3880 1511 3950 Ἰησοῦς
1534 3883 1641 3936 ἀπὸ
1664 3861 1969 3952 ΫτῆςτΓαλι-

387 3962 546 4025 λαίας
584 3964 678 4017 ἐπὶ
706 3966 798 4020 τὸν
845 3967 1142 4040 Ἰορδάνην,
1183 3970 1278 4024 τοῦ
1333 3971 1699 4042 βαπτισθῆναι
1745 3976 1837 4030 ὑπ’
1871 3976 1968 4029 αὺ-

387 4049 507 4105 τοῦ.
546 4048 656 4106 Ἦν
701 4055 759 4109 δὲ
814 4057 1402 4129 Ἰωάννηςιβαπτίζων,
1460 4063 1556 4116 καὶ
1602 4063 1967 4132 παρεγένοντο

388 4146 614 4212 πάντες,
662 4148 757 4202 καὶ
817 4149 1199 4213 ἐϐαπτίζοντο.
1249 4172 1268 4204 ι
1336 4154 1732 4226 Ὀμολογητήςο
1801 4175 1819 4208 ι
1857 4157 1967 4211 Καὶ

388 4237 761 4310 ὡμολόγησεν,
796 4243 889 4295 xal.
914 4243 1014 4296 οὐκ
1035 4244 1333 4315 ἠρνήσατο,
1362 4246 1457 4299 καὶ
1480 4245 1851 4319 ὡμολόγησεν,
1882 4249 1966 4301 ὅτι

388 4327 504 4381 Οὐκ
535 4330 650 4399 εἰμὶ
682 4330 795 4398 ἐγὼ
827 4332 1083 4402 Χριστός.
1122 4352 1140 4384 ι
1174 4335 1433 4401 Μάρτυς·
1469 4353 1490 4389 ι
1522 4337 1636 4390 Οὐκ
1662 4333 1731 4409 ἦν
1758 4340 1968 4402 ἐκεῖνος

2063 489 2220 546 bunt.
2260 511 2279 543 ι
2316 523 2386 533 --
2413 514 2432 546 ι
2460 486 2740 552 Elisabeth
2777 504 2961 552 autem
2998 498 3283 568 impletum
3313 506 3401 554 est
3421 507 3639 570 tempus

2061 582 2334 651 pariendi,
2375 593 2428 640 et
2465 589 2678 658 peperit
2713 587 2880 642 filium
2916 591 2961 642 ⁸.
2985 608 3004 641 ι
3034 588 3255 644 Infans:
3294 607 3314 641 ι
3345 589 3410 643 Ει
3435 591 3636 646 factum

2059 682 2165 738 est,
2200 684 2495 746 postquam
2547 677 2753 733 audivit
2799 677 3183 734 salutationem
3224 678 3409 735 Mariae
3460 681 3640 736 Elisa-

2061 768 2212 834 beth,
2241 772 2546 825 exsultavit
2587 770 2791 826 infans-
2825 773 2880 824 in
2913 779 3070 826 utero
3108 770 3230 841 ejus
3275 790 3287 825 :
3335 779 3390 826 et
3432 773 3639 842 repleta

2060 865 2147 914 est
2180 859 2393 929 Spiritu
2417 867 2613 917 sancto
2645 859 2927 917 Elisaheth
2966 860 3013 916 ιι.
3056 878 3074 912 ι
3102 890 3171 902 -
3203 878 3222 913 ι
3249 858 3391 918 Ecce
3413 863 3557 916 enim
3583 870 3642 916 ut

2061 948 2206 1004 facta
2233 958 2318 1005 est
2349 967 2450 1007 vox
2495 950 2845 1007 salutationis
2878 958 2985 1005 tuae
3010 951 3064 1004 in
3109 950 3532 1017 auribusmeis,
3559 951 3644 1006 in-

2060 1039 2199 1107 quit,
2231 1040 2533 1095 exsultavit
2556 1041 2609 1093 in
2649 1040 2851 1111 gaudio
2889 1039 3073 1094 infans
3102 1039 3159 1093 in
3190 1046 3347 1096 utero
3373 1055 3495 1096 meo
3532 1042 3574 1091 ι.
3617 1059 3636 1091 ι

2060 1128 2203 1184 Puer
2233 1148 2248 1184 :
2303 1149 2322 1182 ι
2361 1130 2427 1185 Et
2457 1137 2517 1186 tu
2553 1146 2690 1201 puer
2731 1129 3005 1200 Propheta
3035 1130 3303 1185 Altissimi
3333 1128 3641 1184 vocaberis.

2060 1218 2202 1275 Puer
2234 1228 2414 1277 autem
2446 1223 2749 1287 crescebat,
2788 1231 2843 1278 et
2891 1221 3309 1277 confortabatur
3343 1221 3563 1292 spiritu,
3588 1228 3644 1275 et

2059 1320 2178 1365 erat
2214 1312 2270 1366 in
2312 1313 2548 1371 desertis
2586 1312 2633 1379 i,
2677 1334 2696 1367 ι
2734 1321 2842 1369 etc.
2877 1315 3149 1385 Magnus:
3185 1333 3202 1366 ι
3234 1313 3335 1369 Hic
3368 1313 3471 1368 erit
3523 1326 3644 1366 ina-

2061 1418 2201 1471 gnus
2225 1418 2410 1459 coram
2462 1403 2692 1459 Domino
2724 1419 2737 1456 :
2784 1411 2842 1458 et
2871 1404 3059 1456 vinum
3087 1410 3140 1457 et
3164 1402 3398 1456 siceram
3431 1414 3539 1454 non
3563 1397 3645 1453 bi-

2061 1495 2173 1560 bet,
2214 1506 2267 1551 et
2303 1496 2510 1567 Spiritu
2563 1505 2760 1552 sancto
2812 1495 3133 1566 replebitur,
3165 1493 3346 1549 adhuc
3377 1507 3441 1547 ex
3490 1497 3644 1545 utero

2062 1587 2256 1642 matris
2298 1603 2413 1642 sua:
2448 1588 2496 1639 ι.
2551 1609 2570 1642 ι
2605 1587 2848 1644 Joannes
2884 1605 2898 1642 :
2937 1606 2954 1639 ι
2990 1586 3057 1640 Ει
3096 1585 3302 1641 factum
3356 1591 3441 1639 est
3471 1584 3524 1637 in
3557 1582 3646 1635 die

2067 1686 2287 1745 octavo,
2323 1688 2593 1735 venerunt
2630 1680 3032 1736 circumcidere
3083 1692 3334 1748 puerum,
3383 1685 3436 1731 et
3479 1688 3645 1730 vocas

2070 1771 2202 1827 bant
2260 1786 2386 1827 eum
2440 1773 2666 1828 nomine
2715 1772 2893 1841 patris-
2930 1771 3040 1835 sui,
3089 1765 3527 1823 Zachariam.Et
3560 1780 3644 1820 re.

2073 1863 2356 1934 spondens
2407 1873 2583 1920 mater
2637 1863 2781 1934 ejus,
2837 1862 2980 1917 dixit
3029 1879 3042 1915 :
3102 1860 3505 1930 Nequaquam:
3547 1856 3643 1911 sed

2072 1954 2363 2011 vocabitur
2385 1955 2649 2011 Joannes.
2677 1952 2743 2008 Et
2774 1951 3073 2008 Zacharias
3097 1959 3252 2020 pater
3279 1948 3425 2019 ejus,
3455 1952 3643 2018 postu-

2071 2045 2191 2100 lans
2252 2043 2863 2118 pugillarem,scripsit
2919 2061 2933 2097 :

2070 2135 2192 2204 ejus
2228 2134 2271 2188 ι.
2303 2154 2322 2187 ›
2368 2136 2546 2191 Homo
2579 2151 2593 2188 :
2654 2154 2673 2186 ι
2710 2133 2838 2188 Fuit
2890 2134 3056 2190 homo
3101 2132 3306 2187 missus
3332 2144 3364 2184 a
3393 2128 3525 2192 Deo,
3551 2127 3641 2181 cui

2072 2241 2268 2281 nomen
2296 2234 2416 2281 erat
2446 2223 2689 2281 Joannes
2711 2236 2773 2282 ω.
2811 2244 2831 2278 ι
2870 2223 3182 2295 Propheta:
3227 2219 3414 2288 «Quid
3448 2219 3643 2276 existis

2072 2318 2127 2371 in
2161 2318 2440 2373 desertum
2473 2317 2695 2373 videre?
2717 2316 3095 2386 Prophetam‘l
3117 2313 3295 2369 Etiam
3318 2312 3446 2368 dico
3461 2310 3640 2376 vobis,

2071 2416 2124 2462 et
2149 2409 2273 2478 plus
2303 2423 2466 2476 quam
2501 2409 2847 2478 prOphetam.
2871 2407 3074 2463 Omnes
3099 2408 3247 2461 enim
3286 2405 3563 2474 propheta:
3587 2410 3643 2455 et

2072 2500 2183 2564 lex,
2216 2501 2483 2579 usquc’ad
2512 2499 2780 2555 Joannem
2806 2499 3278 2570 prophetaverunt
3309 2503 3361 2550 ιι.
3396 2513 3414 2548 ι
3451 2493 3638 2550 Elias:

2077 2610 2095 2642 ι
2136 2590 2279 2646 Etsi
2339 2592 2508 2648 vultis
2546 2592 2712 2658 seire,
2740 2592 2856 2662 ipse
2896 2599 2980 2646 est
3034 2589 3183 2646 Elias
3229 2590 3324 2657 qui
3377 2595 3643 2642 venturus

2075 2691 2159 2740 est
2187 2693 2236 2741 υ.
2265 2704 2285 2738 ›
2311 2711 2375 2723 -ο
2433 2704 2453 2735 ι
2491 2684 2553 2739 Et
2594 2686 2710 2755 ipse
2759 2684 3026 2755 praecedet
3068 2691 3197 2738 ante
3244 2681 3534 2737 Dominum
3584 2679 3643 2733 in

2072 2779 2273 2848 spiritu
2292 2786 2347 2835 et
2376 2781 2579 2835 virtute
2636 2778 2766 2834 Elim
2791 2789 2839 2834 Ρ.
2873 2798 2892 2830 ι
2931 2776 3194 2849 Magister
3229 2792 3242 2829 :
3301 2794 3319 2826 ι
3359 2773 3643 2829 Venerunt

2071 2879 2250 2926 autem
2286 2880 2342 2927 et
2366 2870 2655 2927 Publicani
2706 2881 2767 2926 ut
2808 2870 3250 2941 baptizarentur,
3287 2874 3343 2922 et
3384 2865 3644 2920 dixerunt

2072 2961 2137 3017 ad
2170 2961 2325 3017 illum
2356 2979 2373 3016 :
2412 2961 2691 3033 Magister,
2723 2961 2856 3032 quid
2910 2960 3176 3015 faciemus
3209 2968 3258 3027 σι,
3292 2976 3311 3009 ι
3358 2964 3466 3012 etc.
3499 2953 3645 3008 Prai—

1142 3054 1466 3122 Διδάσκαλε,
1485 3056 1538 3109 τί
1567 3057 1881 3128 ποιήσωμεν
1901 3074 1916 3125 ;
1940 3077 1957 3106 ι

2073 3064 2304 3126 parator
2331 3097 2343 3109 .
2375 3074 2394 3106 ι
2428 3054 2656 3112 Prteibis
2689 3055 2834 3110 enim
2867 3062 2995 3121 ante
3040 3051 3236 3107 faciem
3296 3046 3510 3103 Domini
3545 3061 3644 3116 pa-

2068 3163 2193 3203 rare
2220 3147 2341 3204 vias
2386 3146 2508 3217 ejus
2560 3157 2607 3202 τ.
2649 3166 2669 3198 ι
2721 3146 3055 3202 Praedicator
3110 3161 3124 3198 :
3172 3161 3191 3194 ι
3232 3138 3358 3195 Fuit
3401 3137 3642 3193 Joannes

2068 3241 2356 3311 baptizans
2386 3240 2442 3294 in
2478 3241 2719 3306 deserto,
2747 3247 2802 3293 et
2832 3238 3140 3309 praedicans
3163 3234 3498 3304 baptismum
3530 3243 3643 3299 pai-

2068 3331 2315 3385 nitentiae
2365 3331 2420 3384 in
2461 3329 2844 3386 remissionem
2879 3329 3261 3397 peccatorum.
3285 3324 3349 3378 Et
3374 3319 3643 3394 praedicat.-

2068 3423 2145 3476 vit
2168 3422 2398 3479 dicens:
2424 3416 2588 3478 venit
2617 3420 2814 3476 fortior
2841 3433 2929 3473 me
2949 3427 3072 3489 post
3092 3433 3182 3473 me
3212 3418 3259 3482 ',
3293 3434 3313 3468 ι
3347 3422 3455 3471 etc.
3484 3412 3600 3467 Vox
3626 3425 3639 3461 :

2075 3536 2092 3569 ι
2132 3517 2268 3584 Quis
2305 3532 2389 3582 es,
2420 3522 2481 3569 ut
2505 3528 2833 3585 responsum
2865 3513 3058 3569 demus
3116 3510 3207 3575 iis,
3237 3507 3331 3579 qui
3372 3507 3646 3562 miserunt

2070 3607 2200 3662 nos?
2229 3607 2358 3661 Ait:
2386 3606 2499 3677 Ego
2553 3620 2661 3661 vox
2700 3601 2994 3659 clamantis
3037 3600 3093 3654 in
3125 3597 3349 3653 deserto
3381 3595 3428 3647 ⁸.
3469 3612 3488 3646 ι
3537 3592 3643 3647 lia-

2068 3700 2238 3770 ptista
2274 3715 2288 3753 :
2328 3715 2350 3750 ι
2398 3696 2563 3753 Venit
2587 3695 2749 3752 Jesus
2791 3709 2821 3748 a
2853 3692 3081 3749 Galilaea
3117 3689 3173 3767 in
3212 3686 3533 3749 Iordanem,
3586 3691 3646 3738 ut

2066 3786 2443 3856 baptizaretur
2468 3785 2536 3839 ab
2555 3799 2621 3839 eo
2660 3785 2710 3836 “.
2759 3801 2778 3834 ι
2816 3810 2889 3824 -
2940 3800 2960 3834 ι
2997 3779 3130 3835 Erat
3167 3787 3349 3834 autem
3405 3773 3645 3830 Joannes

2070 3877 2379 3948 baptizatus,
2415 3886 2470 3932 ct
2502 3876 2797 3937 veniebant
2825 3880 3115 3938 omnes,et
3146 3870 3594 3941 baptizabantur.
3618 3884 3638 3917 ι

2068 3968 2372 4025 Confessor
2406 3986 2419 4022 :
2450 3986 2469 4019 ι
2517 3966 2583 4021 Ει
2626 3965 2916 4021 confessus
2944 3972 3052 4030 est,
3083 3975 3138 4020 et
3165 3978 3277 4018 non
3303 3963 3524 4034 negavit
3550 3978 3563 4013 :
3589 3966 3647 4014 et

2069 4059 2356 4115 confessus
2387 4068 2488 4120 est,
2519 4059 2646 4127 quia
2674 4072 2785 4112 non
2813 4072 2937 4110 sum
2969 4071 3068 4127 ego
3094 4055 3353 4110 Christus
3370 4062 3417 4107 '.
3463 4072 3482 4104 ι
3508 4049 3648 4104 Mar—

2070 4159 2156 4223 tyr
2188 4166 2252 4206 ac
2278 4150 2436 4206 testis
2472 4169 2486 4205 :
2534 4167 2553 4201 ι
2599 4147 2719 4203 Non
2745 4155 2863 4203 erat
2892 4148 2983 4202 ille
3035 4149 3156 4212 lux;
3186 4145 3281 4201 sed
3316 4153 3376 4198 ut
3405 4144 3647 4199 testimo-

2069 4243 2218 4297 nium
2246 4242 2560 4312 perhiberet
2590 4240 2657 4295 de
2687 4239 2892 4294 lumine
2915 4247 2964 4305 ι,
2998 4259 3016 4290 ι
3055 4246 3165 4292 etc.
3191 4235 3476 4291 Trinitatis
3514 4234 3647 4303 sub-

2069 4333 2306 4403 scriptor
2339 4346 2354 4384 :
2382 4349 2403 4384 ι
2436 4330 2543 4387 Sed
2566 4330 2659 4401 qui
2707 4329 2859 4385 misit
2892 4344 3002 4395 me,
3032 4326 3233 4397 inquit,
3265 4325 3548 4395 baptizare
3592 4322 3648 4376 in

384 4417 448 4470 τὸ
474 4418 612 4485 φῶς·
644 4420 759 4474 ἀλλ’
795 4422 884 4476 ἵνα
914 4425 1241 4497 μαρτυρήσῃ
1272 4427 1400 4494 περὶ
1428 4426 1525 4478 τοῦ
1563 4428 1740 4497 φωτός
1768 4445 1783 4462 ο
1814 4447 1834 4481 ι
1869 4430 1963 4483 καὶ

2067 4441 2231 4497 aqua,
2255 4425 2348 4479 ille
2367 4424 2498 4478 mihi
2525 4424 2664 4479 dixit
2695 4441 2708 4478 :
2743 4422 2929 4492 Super
2949 4437 3112 4492 quem
3138 4419 3344 4475 videris
3380 4415 3647 4487 Spiritum

385 4506 456 4562 τὰ
484 4508 562 4572 ἐξ.
599 4510 825 4581 Τριάδος
874 4512 1228 4584 ὑπογραφεύς
1254 4534 1266 4546 ·
1305 4535 1323 4566 ι
1371 4517 1510 4570 Ἀλλ’
1541 4520 1569 4570 6
1615 4510 1836 4589 πέμψας
1869 4538 1959 4591 με,

388 4600 576 4667 φησὶν,
609 4600 894 4670 βαπτίζειν
943 4606 1002 4657 ἐν
1045 4604 1218 4670 ὕδατι,
1255 4608 1465 4672 ἐκεῖνός
1506 4627 1596 4680 μοι
1632 4606 1804 4665 εἶπενο
1847 4613 1962 4681 Ἐφ’

384 4688 446 4742 ὃν
474 4689 542 4743 ἂν
570 4691 686 4763 ἴδῃς
712 4693 773 4745 τὸ
802 4693 1029 4764 Πνεῦμα
1068 4697 1414 4761 καταϐαῖνον,
1447 4699 1540 4752 καὶ
1571 4702 1734 4770 μένον
1760 4704 1846 4756 ἐπ’
1877 4704 1967 4756 αὑ-

381 4781 498 4848 τὸν,
543 4776 696 4845 οὗτός
734 4784 883 4838 ἐστιν
940 4788 969 4839 6
1016 4786 1299 4856 βαπτίζων
1349 4791 1408 4843 ὲν
1474 4791 1753 4861 Πνεύματι
1802 4795 1963 4865 ἁγίῳ.

386 4873 560 4943 Κάγὼ
584 4874 830 4947 ἑώρακα,
878 4879 971 4931 καὶ
1020 4880 1444 4951 μεμαρτύρηκα,
1470 4883 1554 4937 ὅτι
1575 4876 1728 4948 οὗτός
1767 4888 1915 4940 ἐστιν
1941 4891 1968 4942 6

384 4964 516 5028 Υἱὸς
545 4966 641 5019 τοῦ
669 4967 827 5022 Θεοῦ.
858 4987 877 5021 ι
910 4969 1126 5035 Δίκαιος
1165 4971 1260 5025 καὶ
1288 4971 1445 5041 ἆγιος
1473 4989 1487 5003 ο
1529 4991 1546 5025 ι
1592 4976 1650 5028 Ὀ
1684 4975 1743 5028 δὲ
1786 4976 1964 5049 Ἡρώ-

385 5059 483 5128 δης
508 5059 755 5127 ἐφοϐεῖτο
770 5062 861 5115 τὸν
876 5063 1149 5135 Ἰωάννην,
1180 5064 1335 5128 εἰδὼς
1366 5066 1531 5119 αὐτὸν
1558 5067 1728 5138 ἄνδρα
1754 5068 1966 5124 δίκαιον

386 5150 483 5203 καὶ
505 5151 680 5218 ἆγιον.
716 5171 735 5204 ι
785 5150 1105 5218 Ἀπόστολος
1125 5171 1138 5187 ·
1171 5175 1190 5207 ι
1221 5158 1385 5210 Αὐτοὶ
1411 5159 1567 5227 ὑμεῖς
1612 5165 1962 5233 μαρτυρεῖτε,

385 5237 668 5295 ὄτι-εἷπον
697 5243 813 5297 Οὐκ
831 5245 949 5313 εἰμὶ
965 5244 1076 5313 ἐγὼ
1095 5246 1123 5298 ὁ
1139 5246 1396 5317 Χριστός·
1424 5246 1539 5301 ἀλλ’
1561 5249 1642 5303 ὅτι
1666 5250 1965 5305 ’Δπεσταλ-

390 5332 554 5403 μένος
566 5335 684 5405 είμὶ
700 5334 1012 5406 ἔμπροσθεν
1032 5338 1264 5391 ἐκείνου.
1280 5357 1299 5389 ι
1329 5339 1754 5410 Εὐαγγελιστής·
1785 5361 1805 5395 ι
1828 5334 1964 5398 Πολι

2064 4518 2511 4581 descendentem,
2560 4526 2613 4570 et
2646 4522 2966 4591 manentem
3013 4526 3178 4581 super
3218 4525 3369 4574 eum,
3418 4509 3534 4577 ipse
3564 4515 3650 4561 est

2066 4609 2158 4679 qui
2186 4608 2455 4678 .baptizat
2511 4608 2569 4660 in
2614 4604 2826 4675 Spiritu
2886 4616 3079 4659 sancto
3118 4620 3132 4658 :
3169 4599 3236 4655 Et
3290 4615 3391 4670 ego
3427 4597 3565 4662 vidi,
3596 4607 3650 4651 et

2066 4700 2445 4757 testimonium
2498 4698 2775 4769 perhibui,
2810 4698 2943 4768 quia
2974 4697 3066 4751 hic
3097 4701 3182 4751 est
3216 4693 3392 4749 Filius
3419 4691 3513 4746 Dei
3537 4700 3587 4744 γ.
3623 4709 3642 4741 ι

2064 4792 2257 4849 Justus
2296 4801 2351 4848 et
2399 4799 2628 4848 sanctus
2692 4811 2707 4844 :
2771 4812 2790 4843 ι
2846 4789 3090 4845 Herodes
3140 4794 3322 4842 autem
3369 4782 3649 4840 metuebat

2066 4884 2355 4951 Joannem,
2383 4885 2564 4941 sciens
2597 4900 2722 4940 eum
2760 4885 2938 4939 virum
2966 4883 3174 4953 justum
3198 4889 3255 4937 et
3282 4887 3535 4936 sanetum
3566 4887 3643 4932 ι.»

2066 4977 2391 5045 Apostolus,
2420 4976 2471 5031 id
2503 4977 2865 5043 est,missus.
2905 4995 2923 5027 ι
2963 4976 3071 5046 Ipsi
3106 4991 3206 5030 vos
3231 4974 3366 5028 mihi
3397 4972 3648 5028 testimo-

2073 5073 2223 5127 nium
2282 5068 2607 5139 perhibetis,
2663 5068 2808 5138 quod
2856 5068 3087 5123 dixerim
3139 5109 3151 5119 .
3205 5066 3322 5122 Non
3370 5080 3491 5119 sum
3546 5080 3647 5134 ego

2072 5160 2363 5226 Christus;
2425 5161 2522 5215 sed
2569 5160 2698 5229 quia
2756 5161 2958 5215 missus
3011 5175 3132 5215 sum
3188 5165 3317 5212 ante
3371 5156 3523 5211 illum
3567 5165 3643 5207 ’.ι

2072 5248 2420 5322 Evangelista
2467 5272 2479 5307 :
2524 5270 2543 5303 ι
2591 5251 2762 5306 Multa
2792 5252 3014 5322 quidem
3061 5259 3115 5306 et
3168 5251 3275 5305 alia
3319 5249 3643 5313 exhortans,

2070 5344 2488 5414 evangelizahat
2543 5344 2744 5412 populo
2775 5344 2827 5395 b.
2866 5363 2885 5395 ι
2917 5343 3203 5398 Pronuhus
3243 5360 3256 5395 :
3288 5360 3306 5393 ι
3336 5341 3438 5408 Qui
3482 5341 3647 5395 habet

469 5431 1098 5530 qu.uc..,is,u,57'.
1170 5465 1487 5522 hihid.4’i.
1573 5469 1880 5528 iihidJJ.
1959 5472 1972 5521 i

2070 5473 2146 5527 id.
2175 5474 2265 5529 76.
2346 5474 2370 5511 ι
2404 5474 2536 5529 ibid.
2596 5475 2681 5528 15.
2772 5478 2782 5512 ¹
2818 5474 2951 5528 ibid.
2984 5472 3173 5526 59-63.
3262 5479 3298 5501 "
3329 5469 3488 5524 Joatt.
3521 5484 3558 5530 I,
3589 5467 3643 5520 6.

392 5535 418 5563 ι’
454 5526 638 5580 Matth.
673 5544 749 5587 XI,
784 5529 835 5589 7,
874 5532 957 5585 15.

1037 5532 1274 5606 0Matth.
1334 5552 1408 5600 τι,
1444 5539 1531 5593 14.
1615 5550 1639 5589 P
1674 5540 1807 5597 Luc.
1862 5559 1900 5598 ι.
1948 5543 2029 5598 l7.
2106 5554 2132 5593 τι
2174 5544 2307 5599 Luc.
2365 5561 2446 5606 Ill,
2508 5546 2590 5598 12.

2673 5554 2694 5582 ι·
2728 5544 2862 5599 Luc.
2894 5560 2932 5601 I.
2968 5543 3058 5595 76.
3132 5549 3157 5576 ⁸
3197 5540 3360 5595 Marc.
3415 5556 3452 5603 ι,
3504 5538 3558 5598 4,
3595 5540 3647 5591 7.

400 5595 604 5677 τευ...
644 5598 811 5677 ..ξε
871 5600 1116 5677 νήπια..
1156 5595 1578 5677 παρείκατε.
1624 5595 2589 5677 ηιμτ]’‹ι;έιίζι,2ιῖ.”ἒιιἰᾢίἷιζιξξ
2658 5623 2685 5662 γ
2726 5595 3100 5677 iussam.
3184 5610 3394 5665 arma.
3441 5595 3649 5674 ιιγρο.

394 5676 418 5704 ι
442 5665 595 5718 Jo-m.
633 5682 715 5731 ιιι,
744 5668 831 5721 28.
904 5670 929 5709 ι)
957 5671 1091 5726 Luv'.
1114 5690 1190 5727 ιιι.
1233 5675 1311 5729 l8.

2994 2040 3238 2097 Joannes
3306 2046 3391 2094 est
3442 2051 3640 2092 nomen
3737 2057 3741 2063 '
