3978 6140
417 221 555 286 1139

1603 223 1662 282 S.
1702 219 2031 282 ANDREA‘I
2067 218 2488 277 CRETENSIS

3524 211 3640 279 1140

414 346 699 406 sponsam,
724 346 964 404 sponsus
989 341 1074 390 est
1107 352 1122 390 :
1157 333 1369 389 amicus
1404 339 1588 389 autem
1635 333 1846 403 sponsi,
1898 332 1993 401 qui

2098 328 2162 382 λὰ
2187 328 2288 398 μὲν
2318 324 2412 381 οὖν
2454 329 2545 381 καὶ
2576 327 2739 398 ἕτερα
2766 326 3118 399 παρακαλῶν,
3166 324 3539 399 εὐηγγελίζετο
3572 329 3646 382 τὸν

416 438 548 496 stat,
579 438 637 484 et
665 429 820 485 audit
856 444 1006 496 eum,
1040 428 1244 499 gaudio
1283 428 1485 497 gaudet
1524 435 1754 497 propter
1803 441 1996 481 vocem

418 523 633 593 sponsi.
661 522 773 578 Hoc
787 537 918 591 ergo
945 522 1204 591 gaudium
1230 536 1411 576 meum
1443 521 1730 591 impletum
1760 527 1845 575 est
1885 527 1932 572 ε.
1972 536 1991 570 ι

420 612 708 671 Lucerna:
749 632 768 665 ι
813 613 908 666 llle
959 622 1081 667 erat
1131 614 1359 668 lucerna
1401 613 1628 677 ardens,
1668 620 1725 667 et
1763 611 1992 665 lucens:

421 701 533 758 Vos
576 714 757 757 autem
792 702 1051 758 voluistis
1107 703 1174 757 ad
1217 704 1408 758 horam
1456 704 1735 759 exsultare
1783 702 1840 755 in
1876 702 1998 756 luce

419 794 542 864 ejus
570 792 620 848 ἀ.
660 811 680 845 ι
717 792 1106 864 Reprehensio
1145 796 1417 851 Herodis:
1459 814 1479 846 ι
1520 795 1750 850 Dicebat
1769 794 1915 849 enim
1946 793 1996 848 ei

418 881 659 938 Joannes
696 898 711 935 :
743 882 862 938 Non
916 884 1044 939 licet
1094 885 1192 940 tibi
1225 885 1429 940 habere
1474 900 1703 940 uxorem
1757 883 1996 953 Philippi

420 971 611 1027 fratris
632 971 781 1027 tui0.
830 992 852 1025 ι
891 971 1136 1029 Herodes
1166 985 1374 1040 autem,
1420 990 1545 1029 cum
1579 976 1628 1029 is
1661 990 1784 1030 eum
1810 990 1999 1044 repre-

422 1064 684 1120 henderet
713 1073 946 1136 propter
993 1064 1379 1132 Herodiadem,
1433 1067 1663 1122 inclusit
1714 1068 1892 1137 ipsum
1940 1068 1995 1121 in

417 1168 662 1210 carcere.

492 1415 594 1473 His
618 1415 861 1474 Joannes
888 1429 1118 1477 vocatus
1144 1430 1231 1477 est
1254 1423 1577 1480 nominibus
1615 1441 1629 1478 :
1674 1424 1829 1481 hisce
1864 1424 2000 1478 titu-

422 1507 492 1562 lis
519 1507 624 1562 fuit
653 1508 993 1577 honoratus;
1023 1498 1332 1584 hahuitque
1354 1514 1605 1571 actiones
1628 1516 1697 1573 iis
1724 1531 1998 1587 congruas

423 1601 911 1669 appellationibus.
944 1605 1061 1671 ille,
1100 1606 1349 1676 inquam,
1374 1607 1635 1670 Ioannes.
1663 1626 1775 1679 quo
1819 1629 1839 1663 ι
1885 1626 1995 1665 non

421 1693 668 1747 surrexit
698 1694 878 1764 major
916 1699 1060 1751 inter
1082 1708 1243 1754 natos
1278 1699 1573 1755 mulierum
1607 1699 1652 1755 τ.
1685 1720 1704 1754 ι
1742 1702 1848 1757 Hic
1870 1718 2000 1758 vere

419 1791 531 1847 est,
583 1782 653 1839 de
700 1801 814 1854 quo
868 1785 1039 1842 David
1089 1796 1350 1859 tauquam
1386 1806 1451 1846 ex
1500 1808 1738 1861 persona
1777 1791 1898 1858 Dei,
1942 1802 2000 1849 et

419 1869 604 1928 Patris
635 1875 879 1943 psallitto
899 1876 1097 1933 Paravi
1132 1879 1417 1936 lucernam
1464 1881 1692 1937 Christo
1720 1898 1879 1938 meo:
1907 1900 2002 1939 su-

419 1979 522 2033 per
557 1967 740 2035 ipsum
775 1976 957 2025 autem
1001 1970 1275 2027 emorebit
1329 1974 1697 2029 sanctiﬁcatio
1738 1990 1858 2029 mea
1888 1977 1930 2029 ³.
1973 1994 1993 2027 ι

422 2053 525 2109 Hic
552 2062 638 2112 est
671 2067 910 2127 magnus
947 2058 1115 2125 Elias,
1154 2076 1261 2115 non
1300 2063 1632 2131 'l'hesbites;
1661 2065 1753 2119 sed
1790 2064 1883 2134 qui
1921 2064 2000 2119 le-

421 2160 543 2215 gem
597 2147 748 2201 inter
793 2150 1171 2220 gratiamque,
1205 2151 1420 2207 medius
1461 2153 1815 2219 intercessit;
1868 2152 2001 2207 {uit-

421 2250 530 2306 que
580 2238 805 2307 prioris,
856 2256 1174 2311 quanquam
1227 2243 1348 2312 ipse
1405 2245 1681 2313 posterior
1732 2253 1999 2314 tempore,

421 2330 694 2387 adventus
737 2332 1004 2387 Dominici
1043 2349 1391 2404 praecursor;
1436 2352 1562 2391 cum
1602 2337 1795 2392 eodem
1835 2344 2000 2406 atque

423 2422 514 2476 ille
547 2424 775 2492 spiritu,
805 2440 869 2479 ac
900 2427 1105 2481 virtute
1141 2428 1479 2495 praecedens,
1512 2430 1588 2483 uti
1618 2429 1999 2499 Archangelus

421 2514 679 2582 praedixit
713 2515 996 2573 Zachariae
1032 2515 1084 2573 ιι.
1113 2517 1215 2573 Cui
1248 2518 1569 2575 Zachariae?
1603 2520 1686 2576 Illi
1734 2521 1996 2575 nimirum

420 2606 581 2676 cujus
610 2608 841 2677 sanguis
871 2610 1076 2663 clamat
1113 2609 1225 2680 (‘28)
1255 2611 1544 2681 plusquam
1578 2612 1783 2667 Abelis
1821 2614 1865 2667 ἱ.
1901 2611 1999 2667 Hic

421 2707 506 2753 cst
542 2700 638 2767 qui
670 2700 830 2767 prius
879 2700 1215 2765 exsultavit,
1252 2711 1307 2757 et
1351 2711 1645 2772 antequam
1694 2704 1753 2757 in
1811 2705 1996 2760 lucem

420 2788 688 2857 prodiret.
718 2788 1016 2843 Dominum
1053 2805 1216 2845 suum
1260 2793 1483 2862 agnovit
1515 2793 1590 2853 in
1648 2802 1863 2851 ventre.
1897 2794 1998 2850 Hic

424 2884 671 2932 materna
706 2878 893 2949 lingua
943 2879 1320 2937 instrumento
1378 2890 1581 2950 utens,
1614 2884 1828 2954 prolem
1879 2885 1998 2941 sine

421 2975 578 3033 patre
604 2965 881 3021 allocutus
917 2977 1024 3032 est,
1055 2984 1184 3023 cum
1221 2969 1312 3024 illa
1342 2970 1525 3028 adhue
1549 2980 1713 3029 utero
1742 2983 1994 3044 gestare-
2021 3007 2065 3067 ο

421 3068 512 3112 tur
546 3075 559 3111 :
616 3075 635 3109 ι
666 3058 823 3115 Unde
860 3061 966 3116 hoc
1001 3062 1158 3128 mihi,
1211 3063 1440 3132 dicens,
1476 3073 1537 3120 ut
1583 3068 1771 3123 veniat
1821 3068 1996 3126 Mater

421 3148 635 3203 Domini
666 3151 798 3204 mihi
830 3153 898 3205 ad
935 3167 1021 3207 me
1056 3152 1107 3205 i?
1142 3172 1162 3206 ι
1192 3184 1261 3195 --
1296 3173 1315 3207 ι
1355 3155 1455 3212 Hie
1484 3173 1611 3213 cum
1634 3162 1996 3218 convertisset

420 3234 593 3292 Eorda
634 3246 857 3307 patrum
890 3240 946 3293 in
988 3241 1153 3306 ﬁlios,
1183 3253 1239 3296 et
1270 3244 1594 3302 incredulos
1637 3247 1706 3302 ad
1752 3251 1996 3319 pruden-

420 3326 550 3380 tiam
596 3328 918 3397 iustorum,
968 3336 1184 3402 paravit
1238 3334 1474 3393 Domino
1541 3339 1754 3408 plebem
1816 3341 1996 3410 perfe-

419 3427 566 3501 ctam
601 3419 665 3472 k:
696 3440 718 3472 ι
776 3422 1166 3492 promissionis
1226 3427 1464 3496 fructus,
1499 3430 1676 3487 fausta
1719 3433 1995 3490 Gabrieiis

419 3511 794 3580 annuntiatio,
830 3530 1056 3584 germen
1089 3517 1304 3575 defecta
1354 3531 1539 3589 aetate,
1587 3525 1847 3592 genitalis
1894 3524 1996 3583 ﬂos

419 3603 663 3666 sterilis,
696 3607 965 3675 propheta
1016 3616 1180 3665 ortus
1219 3612 1519 3680 propheta,
1562 3613 1774 3670 deserti
1812 3616 1993 3683 civis,

419 3692 617 3763 aliptes
643 3694 799 3749 orbis
840 3704 1140 3763 terrarum,
1171 3700 1315 3755 solis
1352 3703 1534 3769 stella,
1566 3704 1791 3761 lucerna
1834 3707 1994 3775 lucis,

418 3785 564 3853 regis
595 3784 776 3848 miles,
806 3787 997 3855 sponsi
1030 3791 1337 3857 pronubus,
1377 3793 1596 3850 Domini
1634 3812 1853 3866 servus,
1887 3815 1993 3856 vos

417 3871 622 3957 Yerbi:
687 3874 809 3944 ejus
869 3877 1169 3946 sacerdos,
1233 3882 1326 3950 qui
1388 3884 1695 3940 secundum
1737 3889 1992 3946 ordinem

416 3964 785 4031 Mel-chisedec
812 3970 1183 4025 sacerdotium
1210 3975 1399 4044 gessit,
1430 3978 1654 4046 quando
1680 3981 1845 4036 etiam
1877 3998 1996 4036 me»

417 4056 531 4110 ruit
559 4057 777 4126 operari
806 4071 968 4113 sacro
996 4059 1119 4128 ejus
1154 4060 1478 4132 haptismati
1516 4084 1528 4119 :
1564 4081 1661 4134 per
1696 4083 1754 4122 se
1778 4069 1997 4123 auditor

296 4197 305 4207 ,
415 4147 618 4213 Patris,
652 4149 899 4218 Baptista
930 4148 1079 4213 Filii,
1109 4166 1173 4205 ac
1199 4161 1481 4223 spectator
1515 4155 1758 4224 Spiritus
1790 4163 1994 4227 sancti,

415 4241 555 4312 legis
595 4241 899 4304 silentium,
926 4251 1214 4313 sequester
1244 4247 1460 4315 gratiae,
1494 4251 1717 4306 coronis
1761 4254 1996 4322 prophe-

2098 417 2248 473 λαόν.
2274 438 2295 471 ι
2330 418 2722 488 Νυμφαγωγός
2743 435 2757 450 ο
2799 437 2818 470 ι
2884 419 2942 472 Ὀ
2969 418 3106 489 έχων
3138 418 3238 488 τὴν
3269 419 3504 490 νύμφην,
3531 438 3648 490 νυμ-

2099 510 2221 577 φίος
2252 509 2423 564 ἔστιν.
2465 511 2523 563 Ὀ
2550 510 2610 563 δὲ
2647 509 2801 579 φίλος
2835 509 2931 562 τοῦ
2964 510 3224 579 νυμφίου,
3254 512 3283 563 6
3312 509 3548 581 έστηκὼς
3572 513 3648 567 καὶ

2099 601 2319 655 ἀκούων
2349 601 2537 667 αὐτοῦ,
2580 603 2725 673 χαρᾷ
2751 602 2936 672 χαίρει
2962 603 3051 655 διὰ
3082 603 3182 672 τὴν
3216 602 3398 673 φωνὴν
3428 602 3513 656 τοῦ
3536 622 3648 674 vuu-

2099 692 2246 763 φίου.
2286 691 2438 763 Αὕτη
2483 689 2576 747 οὖν
2620 695 2653 763 ἡ
2685 694 2831 763 χαρὰ
2864 695 2899 764 ή
2939 694 3049 764 ἐμὴ
3100 694 3476 764 πεπλήρωται.
3510 713 3527 747 ι
3559 695 3648 748 Δύ-

2098 801 2254 853 χνος·
2286 803 2305 837 ι
2329 785 2567 847 Ἐκεῖνος
2594 780 2661 855 ἦν
2685 788 2713 837 6
2741 784 2933 854 λύχνος
2958 787 2986 838 ό
3004 786 3316 853 καιόμενος,
3342 786 3431 839 καὶ
3452 788 3645 856 φαίνων·

2100 876 2258 946 ὑμεῖς
2285 875 2340 929 δὲ
2364 876 2666 947 ἠθελήσατε
2706 875 3142 944 ἀγαλλιασθῆναι
3176 877 3317 946 πρὸς
3343 878 3487 946 ὤραν
3512 879 3563 930 ὲν
3583 879 3647 949 τῷ

2102 970 2243 1037 φωτὶ
2277 967 2460 1022 αὐτοῦ.
2508 986 2529 1020 ο
2577 967 2841 1038 Ἔλεγχος
2893 952 3189 1037 Ἡρώδουὲ
3231 989 3249 1020 ι
3298 970 3516 1037 Ἔλεγεν
3558 970 3647 1042 γὰρ

2099 1059 2249 1128 αύτῷ
2274 1059 2303 1111 6
2343 1059 2619 1130 Ἰωάννηςο
2654 1060 2769 1112 Οὐκ
2799 1058 3015 1123 ἔξεστίν
3047 1076 3130 1112 σοι
3164 1059 3309 1130 ἔχειν
3338 1060 3433 1132 τὴν
3450 1065 3648 1128 γυναῖκα

2066 1178 2077 1199 κ
2097 1148 2366 1201 Φιλίππου
2404 1147 2500 1201 τοῦ
2530 1146 2764 1217 ἀδελφοῦ
2799 1164 2914 1200 σου.
2948 1166 2968 1200 a
3014 1148 3071 1200 Ὁ
3110 1148 3168 1200 δὲ
3200 1147 3441 1218 Ἡρώδης
3464 1148 3641 1218 ἐλεγχό-

2102 1254 2264 1306 μενος
2298 1239 2391 1290 ὑπ’
2417 1238 2583 1293 αὑτοῦ
2606 1239 2673 1292 δι’
2707 1238 3033 1308 Ἡρωδιάδα,
3061 1239 3412 1292 κατέκλεισεν
3438 1239 3647 1295 αύτὺνὲν

2099 1331 2168 1398 τῇ
2201 1327 2441 1398 φυλακῇ.

2169 1416 2395 1479 Τούτοις
2433 1416 2689 1485 Ἰωάννης
2717 1417 2831 1478 τοῖς
2868 1417 3099 1486 ὀνόμασι
3127 1416 3391 1486 κέκληται
3418 1434 3431 1448 ·
3470 1417 3647 1480 τούτοις

2099 1505 2389 1578 τετίμηται
2406 1524 2420 1537 υ
2437 1507 2645 1565 τούτων
2669 1507 2768 1570 τὰς
2787 1508 3019 1587 πράξεις
3039 1508 3515 1578 καταλλήλωςταῖς
3536 1510 3647 1580 κλή-

2106 1617 2222 1652 σεσι
2247 1603 2684 1671 προσεκτήσατο.
2701 1602 2957 1671 Ἰωάννης
2981 1603 3217 1666 ἐκεῖνος,
3246 1596 3309 1655 οὗ
3341 1621 3359 1654 ι
3398 1602 3578 1672 μείζων
3600 1605 3647 1657 ιν

2099 1695 2379 1762 γεννητοῖς
2437 1693 2721 1761 γυναικῶν
2749 1693 2852 1746 ούκ
2904 1694 3231 1765 ἐγήγερται.
3268 1714 3286 1746 ι
3325 1690 3485 1759 Οὗτός
3521 1698 3647 1749 ἐστιν

2101 1783 2317 1854 ἀληθῶς
2341 1784 2469 1855 περὶ
2495 1778 2556 1839 o6
2576 1786 2603 1837 6
2630 1786 2811 1854 μέγας
2829 1784 3034 1855 ’ψάλλει
3075 1785 3287 1851 Δαϐὶδ,
3326 1787 3400 1851 ὡς
3420 1791 3481 1841 ὲκ
3508 1805 3625 1859 προσ

2099 1875 2249 1928 ὡπου
2272 1874 2366 1928 τοῦ
2378 1875 2521 1929 Θεοῦ
2541 1878 2635 1930 καὶ
2659 1877 2874 1947 Πατρὸς
2890 1877 3063 1947 λέγων
3089 1896 3104 1910 ο
3129 1898 3148 1931 ι
3171 1880 3466 1951 Ἠτοίμασα
3486 1881 3645 1951 λύχνον

2099 1968 2177 2037 τῷ
2207 1967 2430 2039 Χριστῷ
2469 1984 2602 2038 μουο
2630 1969 2726 2022 ἐπὶ
2751 1969 2808 2022 δὲ
2839 1970 3002 2024 αὐτὸν
3032 1971 3326 2040 ὲξανθήσει
3354 1971 3414 2025 τὸ
3439 1972 3644 2043 άγίασμά

2103 2074 2227 2127 μου.
2267 2076 2285 2108 ι
2331 2053 2500 2121 Οὗτός
2542 2059 2694 2111 ἐστιν
2734 2058 2923 2122 Ἠλίας
2955 2061 3166 2123 ἐκεῖνος
3212 2063 3240 2113 6
3273 2061 3474 2131 μέγας·
3516 2062 3644 2130 οὐχί

2099 2147 2367 2217 Θεσόίτης
2394 2164 2407 2177 ·
2436 2147 2555 2201 ἀλλ’
2600 2149 2629 2200 6
2684 2150 2914 2219 μεσίτης
2957 2150 3131 2219 νόμου
3183 2152 3280 2205 καὶ
3309 2152 3514 2222 χάριτος
3532 2192 3544 2215 ,
3569 2152 3643 2205 καὶ

2098 2239 2198 2309 τῆς
2230 2239 2506 2310 προτέρας
2524 2278 2539 2302 ,
2571 2241 2620 2292 εί
2659 2240 2752 2292 καὶ
2779 2241 2856 2310 τῷ
2889 2241 3069 2311 χρόνῳ
3104 2241 3360 2313 δεύτερος
3381 2283 3396 2308 ,
3420 2243 3511 2312 τῆς
3538 2244 3643 2312 Χρι-

2100 2329 2228 2382 στοῦ
2252 2329 2558 2397 παρουσίας
2594 2330 2926 2401 πρόδρομος,
2953 2331 2983 2382 6
3007 2331 3152 2402 μετὰ
3175 2335 3276 2403 τῆς
3304 2332 3464 2403 αὐτῆς
3482 2333 3642 2401 ἐκείνῳ

2101 2419 2380 2489 προελθὼν
2428 2420 2787 2490 ὲμπνεύσεως
2834 2422 2930 2475 καὶ
2966 2421 3258 2493 δυνάμεως
3278 2465 3293 2488 ,
3326 2424 3400 2486 ὡς
3425 2423 3640 2493 669161-

2097 2511 2255 2579 γελος
2282 2510 2361 2581 τῷ
2388 2512 2635 2583 Ζαχαρία
2658 2513 2990 2584 προέφησεν.
3023 2516 3278 2585 Ζαχαρία
3310 2514 3443 2585 ποίῳ
3465 2531 3479 2580 ;
3509 2505 3571 2565 Οὗ
3593 2511 3641 2564 τὺ

2097 2598 2240 2671 αἷμα
2271 2603 2462 2673 κράζει
2497 2603 2661 2656 πλέον
2698 2604 2796 2656 τοῦ
2844 2604 3032 2659 Ἅϐελ.
3076 2600 3253 2668 Οὗτός
3284 2607 3425 2658 ἐστιν
3462 2606 3487 2657 6
3530 2618 3638 2672 προσ

2099 2695 2421 2765 σκιρτήσας,
2455 2695 2551 2747 καὶ
2578 2695 2709 2765 πρὶν
2740 2697 2819 2758 εἰς
2841 2695 2957 2765 φῶς
2988 2697 3278 2766 προελθεῖν
3310 2697 3543 2765 ἐπιγνοὺς
3565 2693 3637 2746 τὸν

2098 2784 2292 2860 ἑαυτοῦ
2321 2787 2600 2858 Δεσπότην
2636 2787 2986 2858 ἐγγαστριον.
3021 2780 3199 2851 Οὗτος
3236 2789 3443 2860 ὀργάνῳ
3464 2790 3523 2858 τῇ
3561 2785 3638 2854 τῆς

2097 2857 2367 2947 τεκούσης
2395 2857 2613 2949 γλώττῃ
2636 2857 3007 2950 χρησάμενος,
3026 2881 3121 2936 τὸν
3146 2857 3395 2951 ἀπάτορα
3416 2857 3553 2933 τόκον
3575 2876 3638 2929 En

2099 2967 2537 3038 κυοφορούμενος
2593 2973 3008 3042 προηγόρευσεν
3034 3013 3049 3038 ,
3090 2992 3112 3025 ι
3147 2975 3320 3028 Πόθεν
3373 2990 3455 3044 μοι
3489 2972 3632 3033 τοῦτο,

2097 3057 2294 3126 λέγων,
2321 3058 2408 3112 ἵνα
2437 3060 2470 3130 ή
2503 3061 2684 3130 μήτηρ
2709 3062 2805 3116 τοῦ
2832 3063 3043 3134 Κυρίου
3074 3082 3186 3134 μου
3213 3065 3340 3136 ἔλθῃ
3370 3065 3497 3137 πρός
3524 3079 3631 3133 μεν

2096 3168 2195 3201 -ι
2216 3142 2383 3213 Οὗτος
2401 3151 2722 3222 ἐπιστρέψει
2739 3154 2966 3223 καρδίας
2991 3157 3252 3227 πατέρων
3278 3157 3368 3209 ἐπὶ
3386 3153 3636 3216 τέκνα,καὶ

2097 3240 2347 3303 ἀπειθεῖς
2372 3242 2431 3294 ὲν
2458 3244 2722 3313 φρονήσει
2744 3243 2988 3310 δικαίων,
3018 3247 3312 3318 ἑτοιμάσαι
3336 3247 3511 3318 Κυρίῳ
3536 3244 3637 3297 λαὸν

2097 3332 2602 3401 κατεσκευασμένον
2627 3348 2640 3363 υ
2676 3351 2696 3384 ι
2728 3334 2759 3385 6
2786 3333 2846 3397 ἐξ
2874 3336 3215 3409 ἐπαγγελίας
3245 3337 3464 3407 καρπὸς,
3485 3336 3536 3387 τὸ
3561 3331 3635 3385 τοῦ

2099 3412 2343 3494 Γαϐριὴλ
2372 3423 2717 3493 εὐαγγέλιον,
2748 3428 2781 3479 6
2804 3429 2936 3498 παρ’
2966 3428 3192 3499 ἡλικίαν
3219 3429 3456 3500 βλαστὸς,
3485 3426 3536 3480 τὸ
3557 3425 3635 3493 τῆς

2099 3517 2323 3586 στείρας
2353 3517 2578 3588 γόνιμον
2629 3516 2811 3581 ἄνθος,
2842 3519 2873 3572 6
2900 3518 2967 3571 ὲκ
3000 3521 3286 3591 προφήτου
3317 3520 3587 3591 προφήτης.
3612 3516 3635 3566 δ

2096 3609 2197 3676 τῆς
2241 3606 2342 3676 ὲρή
2353 3623 2454 3676 μου
2504 3606 2731 3676 πολίτης
2750 3646 2764 3671 ,
2804 3609 2833 3660 6
2857 3611 2957 3679 τῆς
2981 3611 3315 3682 οἰκουμένης
3339 3606 3635 3675 ἀλείπτηςνό

2097 3696 2192 3753 τοῦ
2223 3699 2373 3769 ἡλίου
2408 3699 2608 3771 ἀστὴρ,
2650 3697 2745 3751 τοῦ
2777 3700 2961 3766 φωτὸς
3002 3702 3031 3753 6
3054 3701 3270 3773 λύχνος,
3292 3701 3383 3755 τοῦ
3412 3696 3634 3769 βασιλέως

2097 3793 2126 3844 6
2155 3791 2518 3863 στρατιώτης,
2552 3791 2580 3842 6
2612 3790 2983 3860 νυμφαγωγὸς
3017 3791 3113 3845 τοῦ
3146 3793 3397 3863 νυμφίου,
3430 3791 3456 3841 6
3483 3786 3635 3845 δοῦλος

2097 3880 2192 3935 τοῦ
2222 3883 2517 3946 Δεσπότου,
2545 3882 2580 3951 ή
2623 3883 2783 3953 φωνὴ
2816 3883 2912 3936 τοῦ
2943 3884 3143 3952 Λόγου,
3176 3884 3267 3939 τοῦ
3294 3884 3426 3938 κατὰ
3447 3882 3534 3951 τὴν
3558 3877 3635 3930 τά·

2101 3973 2183 4039 ξιν
2210 3974 2546 4044 Μελχισεδὲκ
2577 3974 3017 4046 ίερατεύσαντος,
3051 3978 3081 4028 6
3112 3977 3312 4047 ἱερεὺς,
3340 3978 3443 4046 ὅσῳ
3468 3972 3549 4026 καὶ
3572 3971 3633 4020 is—

2102 4066 2401 4138 ρουργῆσαι
2429 4065 2596 4119 αὐτοῦ
2628 4065 2706 4138 τῷ
2748 4066 3094 4135 βαπτίσματι
3127 4067 3468 4137 κατηξίωται,
3503 4063 3529 4113 6
3550 4056 3629 4111 τοῦ

2098 4157 2311 4228 Πατρδς
2361 4158 2650 4227 αὐτήκοος,
2692 4158 2721 4210 6
2764 4157 2861 4210 τοῦ
2914 4158 3047 4211 Υίοῦ
3107 4158 3437 4229 βαπτιστὴς,
3485 4157 3513 4207 ὁ
3554 4149 3628 4204 τοῦ

2099 4250 2419 4321 Πνεύματος
2446 4249 2638 4319 θεατὴς
2662 4290 2677 4315 ,
2704 4251 2737 4321 ἡ
2766 4248 2861 4302 τοῦ
2887 4251 3054 4321 νόμου
3085 4252 3237 4320 σιγὴ,
3269 4252 3296 4303 6
3327 4248 3533 4320 μεσίτης
3550 4243 3629 4310 τῆς

416 4341 526 4404 tiae,
563 4342 953 4411 prophetarum
1012 4342 1139 4397 finis
1163 4383 1177 4407 ,
1212 4344 1368 4412 regni
1421 4359 1600 4413 praeco
1623 4382 1639 4409 ,
1680 4360 1993 4414 praecursor

2098 4343 2318 4414 χάριτος
2336 4382 2350 4405 ο
2386 4341 2486 4411 τῆς
2507 4341 2854 4412 προφητείας
2880 4343 3132 4413 κορωνὶς,
3160 4342 3271 4395 τῶν
3303 4336 3563 4411 προφητῶν
3581 4331 3628 4384 τὸ

415 4434 686 4499 veritatis,
742 4443 896 4502 porta
950 4434 1311 4503 ptenitentiae,
1358 4436 1703 4506 virginitatis
1736 4445 1995 4503 ornatur,

418 4525 614 4581 salutis
671 4535 1036 4596 prmparator,
1066 4528 1344 4584 castitatis
1376 4530 1681 4600 legislator,
1712 4532 1994 4601 improbo-

417 4633 539 4671 rqu
577 4617 816 4684 frenum,
847 4620 958 4676 dux
987 4633 1180 4697 eorum
1208 4622 1302 4692 qui
1328 4622 1499 4693 probe
1524 4623 1693 4676 vitam
1730 4629 1922 4690 agunt.

489 4878 727 4936 Joannes
786 4880 877 4937 ille
924 4896 1190 4952 magnus:
1228 4897 1261 4937 a
1298 4881 1411 4938 Deo
1462 4895 1712 4939 vocatum
1764 4900 1986 4951 nomen,

417 4975 579 5028 allata
627 4973 695 5028 de
745 4973 904 5029 caelis
934 4988 1029 5042 per
1066 4973 1401 5046 Archangeli
1436 4991 1627 5031 vocem
1677 4981 1989 5032 nomencla-

2102 4433 2497 4503 συμπέρασμα,
2528 4435 2625 4503 τῆς
2668 4432 2946 4502 βασιλείας
2992 4434 3021 4485 6
3048 4433 3247 4503 κῆρυξ,
3279 4431 3376 4500 τῆς
3415 4425 3627 4495 ἀληθείας

2098 4527 2128 4578 6
2158 4526 2492 4596 πρόδρομος,
2535 4527 2631 4596 τῆς
2665 4525 2962 4595 μετανοίας
2989 4527 3023 4595 ή
3063 4526 3223 4596 θύρα,
3252 4526 3347 4595 τῆς
3374 4518 3626 4592 παρθενίας

2098 4618 2127 4669 6
2152 4616 2453 4685 στολιστὴς,
2486 4616 2513 4667 ὁ
2536 4616 2633 4686 τῆς
2657 4617 2934 4687 σωτηρίας
2958 4617 3313 4687 ὲτοιμαστὴς,
3341 4615 3432 4684 τῆς
3451 4623 3624 4677 σωφρο-

2112 4707 2275 4778 σύνης
2300 4709 2328 4760 6
2363 4705 2684 4777 νομοθέτης,
2725 4706 2835 4760 τῶν
2874 4707 3223 4778 ἀνομούντων
3248 4711 3276 4761 6
3295 4703 3509 4778 χαλινὸς,
3538 4696 3624 4750 τῶν

2106 4797 2479 4867 εὐνομούντων
2508 4799 2537 4850 6
2568 4798 2934 4866 χειραγωγός.

2179 4888 2430 4958 Ἰωάννης
2458 4889 2488 4941 6
2517 4888 2690 4957 μέγας
2716 4905 2728 4919 ·
2756 4888 2819 4941 τὺ
2844 4888 3140 4957 θεὸκλητον
3158 4889 3350 4959 ὄνομα,
3372 4887 3402 4954 ἡ
3423 4882 3476 4945 ἒξ
3492 4880 3621 4945 οὖρα·

2096 4979 2203 5034 νῶν
2231 4981 2300 5033 δι’
2334 4980 2675 5051 ἀρχαγγέλου
2707 4978 2895 5050 φωνῆς
2931 4977 3491 5052 ὀνοματογραφηθείσα
3514 4968 3619 5035 κλῆ-

492 5163 693 5236 ἠίοιω.
720 5183 806 5231 ιιι,
835 5166 926 5228 29.
958 5167 1050 5222 50.
1100 5165 1151 5236 -ἀ
1193 5165 1353 5220 Joan.
1386 5163 1663 5236 11,354.40
1691 5162 1863 5236 Μέλης.
1891 5178 1995 5230 “,1

2158 5163 2490 5235 ‘Matllmu,
2516 5171 2602 5224 il.
2683 5175 2707 5212 ⁸
2734 5171 2884 5228 Psai.
2912 5187 3102 5236 cxxxt,
3134 5162 3217 5227 Π.
3289 5172 3317 5212 ιι
3342 5169 3462 5222 Luc.
3484 5178 3521 5229 ι,
3544 5154 3611 5209 i7-

419 5233 982 5305 tnauh.xxm,35.
1064 5232 1375 5300 iLuc.r,45.
1454 5231 1784 5291 kibid.l7.

1754 5400 2150 5460 COMBEFISII
2190 5404 2425 5460 NUTE.
2693 5455 2699 5461 .

489 5495 604 5566 (23)
635 5494 813 5568 Cujus
847 5496 1059 5568 sanguis
1093 5495 1313 5568 clamat.
1354 5495 1427 5550 Ut
1458 5493 1720 5568 Dominus
1748 5495 1985 5568 primum
2094 5496 2633 5568 palam_declararet.
2676 5496 2771 5568 Sic
2810 5498 3054 5568 plerique
3083 5497 3271 5553 Patres
3306 5479 3607 5568 dc__ZaCl}3r33

417 5564 883 5620 ac'novissimum
913 5564 1131 5618 Justum
1161 5566 1378 5618 occisos
1409 5564 1675 5627 referens,
1713 5564 1847 5617 nihil
1877 5579 1986 5616 non

410 5632 477 5695 riu
503 5632 682 5703 justos
713 5634 1067 5689 commissum
1096 5649 1124 5687 a
1150 5633 1353 5688 Judazis
1381 5635 1611 5687 inultum
1640 5635 1888 5688 relictum
1922 5634 1987 5686 iri

2084 5563 2255 5637 patre
2284 5566 2514 5624 Joannis
2545 5563 2879 5624 Dominicam
2914 5563 3237 5626 sententiam
3267 5563 3528 5633 explicant.
