3978 6140
288 323 413 388 Il“

1456 325 1539 385 IN
1586 326 2037 389 APOSTOLUM
2078 329 2347 390 TITUM.

3405 305 3541 396 uta

283 456 391 502 σις,
424 439 456 508 ἡ
489 437 551 489 ἐκ
573 433 831 502 σιγῶντος
855 434 1028 504 φωνὴ,
1059 434 1087 488 6
1113 437 1177 506 τῇ
1205 435 1418 509 ἀφωνία
1438 439 1532 492 τοῦ
1570 439 1771 511 πατρὸς
1802 441 1862 493 τὸ

1970 452 2122 508 Iura;
2155 458 2257 498 vox
2290 452 2411 498 orta
2441 458 2504 499 ex
2543 449 2734 515 muto,
2761 441 2857 514 qui
2904 442 3129 501 silentio
3162 454 3393 518 paterno
3427 459 3540 507 Ste-

280 532 478 598 ἄγονον
499 525 710 597 ὑφελὼν
744 527 842 596 τῆς
874 524 1214 598 στειρώσεως
1233 567 1249 593 ,
1275 529 1303 582 6
1333 528 1424 583 τὸν
1448 531 1618 602 ἀμνὸν
1640 531 1859 586 ὑποδεί-

283 621 404 685 ξας,
431 615 510 687 τῷ
535 613 788 670 λαλοῦντι
816 614 1086 685 δακτύλῳ,
1113 614 1176 667 τὸ
1226 614 1369 685 μέγα
1397 616 1499 686 τῆς
1534 617 1862 688 ἐγκρατείας

280 709 513 780 αῦχημα
536 748 552 774 ,
589 708 618 759 6
650 708 709 759 ἐν
739 705 954 776 σώματι
978 707 1236 777 ἄσαρκος,
1269 709 1297 760 6
1321 709 1379 760 ἐν
1402 708 1558 780 πηλῷ
1587 710 1859 780 μαργαρί-

279 816 404 869 της,
436 801 465 852 6
491 800 548 852 ἐν
589 798 903 869 ὀστρακίνῳ
935 797 1118 850 σκεύει
1160 797 1454 869 πολυτελὴς
1486 799 1755 870 θησαυρὸς
1778 842 1793 865 ,
1832 802 1860 853 6

282 893 349 961 τῇ
375 890 533 962 ἀξίνῃ
548 889 651 960 τὴν
671 891 847 959 τομὴν
873 889 1240 960 προσεπάγων
1258 892 1324 960 τῇ
1348 890 1456 943 τῶν
1472 889 1661 961 ψυχῶν
1686 891 1862 962 ἀκαρ-

283 980 406 1051 πίᾳ,
441 982 475 1050 ἡ
505 979 809 1051 φιλέρημος
833 980 934 1051 τῆς
968 979 1292 1049 Ἐκκλησίας
1314 981 1552 1051 τρυγὼν,
1583 980 1645 1033 τὸ
1669 980 1864 1052 ἀσίγη-

280 1087 375 1126 τον
399 1069 595 1141 στόμα,
625 1071 659 1139 ἡ
688 1069 966 1139 πανταχοῦ
1021 1070 1302 1140 βροντῶσα
1337 1091 1356 1124 ι
1384 1056 1535 1140 φωνὴ
1566 1070 1660 1124 τοῦ
1698 1071 1865 1141 βοῶν-

281 1180 376 1227 τος
407 1165 465 1215 ἐν
484 1164 552 1233 τῇ
575 1162 771 1233 ἐρήμῳ
793 1178 806 1193 ο
827 1161 1188 1230 Ἑτοιμάσατε
1218 1163 1317 1231 τὴν
1353 1162 1471 1217 ὁδὸν
1499 1162 1596 1217 τοῦ
1628 1163 1860 1234 Κυρίου*

282 1253 505 1317 εὐθείας
556 1256 761 1307 ποιεῖτε
795 1254 896 1317 τὰς
933 1253 1155 1325 τρίϐους
1197 1254 1393 1308 αὐτοῦ·
1433 1275 1451 1307 ι
1482 1255 1862 1327 ἠθεοῤῥήμων

282 1346 530 1414 γλῶσσα,
554 1340 676 1418 ἦςὴ
703 1346 876 1417 φωνὴ,
907 1347 1004 1399 καὶ
1038 1347 1179 1417 μετὰ
1209 1347 1271 1401 τὸ
1300 1347 1453 1412 τέλος
1479 1348 1571 1401 τὸν
1616 1348 1864 1420 Ἡρώδην

283 1435 521 1506 ἐλέγχει,
558 1437 652 1491 καὶ
676 1438 766 1490 τὸν
798 1437 1093 1509 ἐρχόμενον
1122 1436 1418 1510 κηρύττει·
1458 1456 1474 1487 t
1509 1440 1860 1504 Μετανοεῖτε,

284 1527 543 1596 λέγουσα,
577 1529 807 1598 ῆγγικεν
831 1530 863 1599 ή
891 1527 1141 1598 βασιλεία
1172 1528 1282 1582 τῶν
1303 1527 1569 1599 οὐρανῶν.
1594 1546 1613 1580 ι
1646 1527 1863 1599 Αύτῷ·ἡ

287 1618 440 1684 δόξα,
495 1620 590 1672 καὶ
627 1618 688 1672 τὸ
736 1620 935 1691 κράτος
978 1622 1059 1683 εἰς
1081 1621 1207 1682 τοὺς
1241 1619 1445 1683 αἰῶνας
1491 1618 1599 1675 τῶν
1628 1619 1863 1675 αἰώνων.

301 1709 361 1762 ’Δ
370 1711 499 1781 μήν.

881 1845 1099 1898 ΛΟΓΟΣ
1160 1844 1273 1911 lC.".

288 1951 399 2019 Ε’ίς
422 1951 528 2007 τὸν
548 1953 738 2023 ἄτιον,
756 1955 855 2009 καὶ
878 1955 1192 2026 μακάριον,
1212 1957 1311 2011 καί
1337 1958 1736 2026 πανεὺφημον
1756 1956 1863 2010 τοῦ

644 2025 901 2094 Χριστοῦ
933 2027 1283 2082 ἀπόστολον
1320 2027 1510 2082 Τίτον.

1893 1780 1941 1836 Β

1961 532 2192 589 rilitatis
2248 533 2481 589 abstulit
2551 531 3050 603 infecunditatem,
3119 535 3215 605 qui
3280 536 3540 608 loquente

1961 624 2134 694 digito
2185 620 2397 694 Agnitm
2455 625 2737 693 ostendit;
2790 624 2987 696 magna
3042 626 3135 683 illa
3187 630 3544 687 continentiae

1961 712 2234 783 gloriatio,
2268 714 2456 769 carnis
2507 715 2733 783 expers'
2756 715 2810 771 in
2860 730 3123 784 corpore,
3157 718 3454 787 margarita
3484 720 3540 775 in

1962 819 2161 870 coeno,
2196 807 2470 875 pretiosus
2521 808 2575 861 in
2625 807 2846 863 lictibili
2890 822 3021 863 vase
3075 809 3388 879 thesaurus,
3446 813 3541 882 qui

1960 896 2172 961 securi,
2204 897 2510 951 animarum
2536 905 2783 968 amputat
2814 890 3200 966 sterilitatem}
3226 900 3541 961 solitudinis

1963 1001 2156 1042 amans
2188 987 2450 1043 Ecclesia
2496 996 2718 1054 turtur;
2750 1004 2845 1049 eos
2882 990 3048 1046 silere
3089 992 3341 1048 nescium
3375 1008 3389 1046 :
3425 991 3544 1049 Vox

1964 1077 2167 1146 ubique
2198 1085 2398 1136 tonans
2430 1080 2721 1137 clamantis
2747 1079 2800 1134 in
2826 1079 3050 1136 deserto
3085 1099 3098 1135 :
3128 1099 3147 1133 ι
3172 1082 3373 1139 Parate
3396 1083 3540 1139 viam

1965 1169 2222 1224 Domini:
2261 1179 2443 1227 rectas
2493 1169 2657 1227 facite
2702 1171 2932 1227 semitas
2980 1172 3100 1242 ejus
3145 1171 3191 1241 1;
3230 1191 3249 1225 ι
3286 1173 3543 1246 deiloqua

1964 1259 2174 1331 lingua,
2212 1260 2372 1329 cujus
2409 1277 2514 1317 vox
2552 1268 2679 1333 post
2710 1262 2880 1317 etiam
2910 1262 3116 1318 obitum
3156 1260 3427 1319 Ilerodem
3459 1279 3547 1319 re—

1962 1352 2282 1419 prehendit,
2333 1360 2389 1408 et
2440 1369 2566 1409 eum
2632 1353 2918 1423 praedicat,
2972 1352 3066 1424 qui
3119 1361 3204 1408 est
3255 1362 3543 1418 venturus.

1964 1439 2162 1497 dicens
2192 1460 2205 1498 :
2241 1461 2260 1493 ι
2304 1439 2698 1498 Ρωηὶιθηιίοῐι]
2726 1444 2907 1515 agite;
2953 1443 3418 1515 appropinquavit
3454 1460 3542 1500 re-

1965 1547 2130 1602 gnum
2149 1533 2417 1588 ctelorum
2440 1543 2500 1588 ω.
2532 1553 2550 1587 ι
2580 1533 2688 1607 Ipsi
2716 1535 2891 1608 gloria
2918 1542 2972 1589 et
2996 1543 3243 1608 potestas
3265 1535 3319 1589 in
3343 1536 3544 1591 saecula

1964 1624 2314 1679 macularum.
2343 1625 2539 1681 Amen.

2528 1847 2793 1904 ORATIO
2830 1850 2972 1904 XVI.

1967 1956 2030 2010 In
2073 1966 2318 2012 sanctum
2347 1966 2398 2012 et
2434 1957 2700 2031 beatum,
2727 1958 3300 2031 “(gratissimumque
3338 1958 3548 2016 Christi

2490 2028 2792 2096 apostolum
2818 2028 3017 2084 Titum.

1593 2163 1861 2227 (Galland.,
1876 2168 1911 2213 t.
1937 2162 2068 2224 XIII,
2105 2162 2237 2224 156.)

379 2264 776 2319 Ἀποστολικῶν
831 2267 1123 2338 ἐγκωμίων
1180 2268 1519 2336 ἐφάπτεσθαι
1578 2269 1863 2341 μέλλοντι,

294 2356 528 2429 παρήτω
564 2374 654 2429 μοι
674 2357 734 2412 τὸ
760 2358 1004 2429 Πνεῦμα,
1030 2355 1127 2413 καὶ
1155 2360 1528 2431 διδότυνλόγον
1553 2362 1750 2416 ὁπόσον
1770 2364 1866 2421 καὶ

293 2444 575 2519 βούλομαι.
599 2449 747 2503 Φιλεῖ
789 2450 897 2521 γὰρ
936 2452 1024 2505 ἀεὶ
1065 2456 1431 2523 συμπαρεῖναι
1464 2457 1578 2518 τοῖς
1596 2456 1663 2508 δι’
1696 2455 1864 2510 αὐτοῦ

289 2538 473 2593 λαλεῖν
530 2541 846 2613 ᾑρημένοις,
897 2542 1085 2614 ὥσπερ
1127 2544 1229 2615 ήδη
1280 2545 1544 2617 πρότερον
1594 2547 1868 2616 γλώσσαις

291 2628 500 2682 ἄνωθεν
530 2629 904 2700 καθιεμέναις,
943 2633 1029 2700 ἐφ’
1067 2632 1164 2686 ἕνα
1205 2633 1436 2688 ἕκαστον
1458 2637 1863 2707 καταφοιτῆσαν

288 2716 402 2770 τῶν
426 2718 662 2787 Χριστοῦ
715 2719 976 2791 μαθητῶν
1024 2722 1344 2779 ἐπεκάθισε.
1392 2725 1630 2796 Παρὴτω
1673 2725 1750 2788 δὲ,
1788 2726 1863 2796 μὴ

289 2810 390 2879 τὴν
412 2809 570 2874 ἀξίαν
592 2810 693 2882 τῆς
722 2812 860 2883 ἐμῆς
901 2812 1206 2884 ἐκμετροῦν
1248 2814 1592 2883 ἀναϐάσεως,
1624 2816 1760 2870 ἀλλὰ
1787 2817 1864 2889 τῷ

296 2899 520 2970 μεγέθει
549 2901 648 2973 τῆς
674 2903 755 2965 είς
788 2903 938 2975 ἡμᾶς
968 2905 1389 2976 ἀγαθοπρεποῦς
1425 2908 1733 2979 θεουργίας,
1767 2909 1866 2982 τὴν

289 2991 718 3062 ἁπειροπλάσιον
743 2993 907 3047 αὑτοῦ
946 2995 1106 3067 χάριν
1132 2996 1261 3065 ἡμῖν
1296 2997 1730 3067 ἐπιδαψιλεῦσον.
1764 3002 1864 3070 Εῖη

290 3078 351 3132 δὲ
397 3082 492 3134 καὶ
541 3083 670 3154 ὑμῖν
707 3085 821 3148 τοῖς
881 3085 1106 3139 αὐτόθεν
1161 3086 1409 3157 ἀφθόνως
1462 3088 1867 3165 ἐκϐλυζομένης

2043 2268 2387 2341 Aggressuro
2408 2268 2542 2324 mihi
2572 2268 2820 2323 encomia
2853 2268 3175 2341 apostolica,
3197 2268 3344 2324 adsit
3371 2268 3546 2339 Spiri-

1973 2369 2063 2416 tus
2093 2369 2344 2428 sanctus,
2382 2356 2614 2432 eamque
2653 2358 2926 2433 sermonis
2966 2359 3075 2415 vim
3110 2359 3338 2427 tribuat,
3378 2373 3545 2429 quam

1971 2461 2026 2507 et
2055 2460 2206 2522 opto.
2225 2452 2430 2508 Libens
2450 2453 2653 2525 quippe
2677 2451 2748 2509 iis
2781 2466 2999 2524 semper
3020 2451 3195 2521 adest,
3214 2452 3308 2521 qui
3329 2450 3547 2511 aﬂlante

1973 2544 2093 2614 ipso
2121 2544 2350 2612 cupiunt
2384 2542 2536 2614 loqui
2568 2560 2583 2598 :
2616 2542 3081 2613 quemadmodum
3105 2542 3219 2614 jam
3249 2542 3404 2607 olim,
3438 2540 3546 2595 lin-

1968 2637 2094 2707 guis
2123 2635 2192 2691 de
2226 2635 2366 2692 caelo
2397 2635 2608 2699 missis,
2648 2650 2813 2707 supra
2848 2634 3098 2709 singulos
3136 2632 3345 2689 Christi
3375 2632 3544 2688 disci-

1970 2728 2134 2797 pulos
2164 2725 2509 2783 descendens
2539 2725 2702 2781 sedit.
2743 2726 2903 2787 Adsit
2943 2741 3099 2790 vero,
3147 2739 3257 2779 non
3291 2738 3390 2796 pro
3436 2724 3545 2778 mei

1971 2833 2241 2874 ascensus
2270 2818 2503 2884 ratione,
2534 2817 2627 2873 sed
2656 2833 2756 2889 pro
2774 2817 2972 2872 divina:
3003 2816 3056 2870 in
3088 2831 3191 2870 nos
3216 2816 3372 2870 bona:
3400 2813 3547 2871 illius

1971 2908 2311 2978 operationis
2348 2909 2763 2979 magnitudine,
2812 2907 3146 2961 immensum
3179 2904 3541 2975 multiplicem

1973 2997 2207 3066 gratiam
2242 3011 2398 3051 suam
2436 2996 2587 3066 large
2617 2995 2780 3050 nobis
2796 2995 3169 3050 exbibiturus.
3200 2992 3392 3063 Operae
3417 3007 3545 3047 vero

1975 3088 2209 3160 pretium
2256 3088 2457 3154 fuerit,
2509 3096 2567 3142 ut
2613 3097 2666 3143 et
2714 3102 2848 3151 vos,
2904 3087 2997 3156 qui
3036 3085 3323 3155 copiosum
3362 3088 3429 3139 ab
3477 3098 3545 3139 eo

294 3171 638 3240 φωτοχυσίας
665 3175 850 3241 τυχεῖν
894 3174 1225 3243 ἐφιεμένοις,
1257 3174 1324 3228 τὰ
1361 3176 1503 3229 αὐτά
1547 3194 1639 3247 μοι
1675 3179 1866 3231 συνεύ-

1974 3180 2124 3235 fonte
2186 3193 2419 3235 manans
2474 3180 2659 3235 lumen
2713 3177 2934 3248 assequi
2997 3177 3292 3241 studeatis,
3348 3174 3540 3231 eadem

293 3258 490 3323 ξασθαι
521 3262 612 3314 καὶ
643 3250 820 3317 εἰπεῖν
840 3280 853 3294 ο
887 3264 1081 3334 Κύριε,
1109 3264 1378 3335 γνώρισόν
1402 3283 1513 3336 μοι,
1545 3268 1641 3320 καὶ
1665 3258 1870 3337 γνώσο-

296 3367 418 3419 μαι,
447 3351 542 3404 τοῦ
579 3353 781 3422 γνῶναι
818 3356 980 3425 ἡνίκα
1006 3357 1087 3409 δεῖ
1131 3357 1311 3410 εἰπεῖν
1352 3357 1510 3426 λόγον
1537 3375 1553 3389 ο
1592 3378 1610 3413 ι
1654 3360 1767 3413 Καὶ
1792 3360 1868 3431 μὴ

290 3441 551 3515 περιέλῃς
576 3446 640 3497 ἐκ
674 3445 774 3498 τοῦ
821 3447 1090 3516 στόματός
1129 3465 1232 3518 μου
1272 3448 1430 3516 λόγον
1463 3449 1723 3518 ἀληθείας
1761 3449 1868 3514 ἕως

293 3533 518 3605 σφόδρα.
552 3553 570 3586 ι
599 3534 756 3591 Οῦτω
785 3540 883 3606 μὲν
908 3533 1002 3592 οῦν
1025 3541 1164 3609 πρός
1193 3539 1255 3592 τὸ
1288 3540 1518 3610 μέγεθος
1548 3541 1868 3612 ἀφορῶντας

290 3627 385 3680 τοῦ
412 3631 774 3702 προκειμένου
802 3633 1028 3701 σκοποῦ,
1064 3634 1146 3686 δεῖ
1179 3635 1397 3698 πάντως
1424 3636 1569 3709 ήμᾷς
1598 3636 1869 3701 εύκτικῶς

290 3719 643 3790 ἐντυγχάνειν
685 3722 763 3792 τῷ
789 3723 1093 3795 Πνεύματι,
1134 3726 1227 3778 καὶ
1269 3728 1401 3796 παρῗ
1432 3725 1598 3779 αὑτοῦ
1644 3727 1712 3793 si
1745 3729 1869 3781 κατ’

290 3809 454 3874 ἀξίαν
472 3810 653 3881 λέγειν
674 3813 730 3865 ἐν
752 3813 828 3884 τῷ
852 3815 994 3886 ὑπὲρ
1020 3815 1178 3879 ἀξίαν
1207 3816 1399 3884 αίτεῖν,
1428 3816 1503 3881 ὡς
1530 3816 1596 3871 ἂν
1628 3818 1703 3888 μὴ
1725 3817 1871 3893 λόγῳ

289 3899 686 3973 καθυϐρισθείη
720 3902 780 3955 τὸ
806 3904 1243 3975 εύφημούμενον.
1286 3904 1510 3958 Ποθεῖτε
1547 3905 1603 3957 δὲ
1650 3905 1870 3968 πάντως

294 3991 510 4061 μαθεῖν,
542 3993 596 4045 τί
622 3993 752 4045 ποτέ
788 3995 935 4047 ἐστιν
962 3994 1072 4065 ἀρα
1102 3995 1161 4049 τὸ
1190 3993 1283 4049 νῦν
1320 3995 1761 4067 εὐφημούμενον.
1796 3996 1870 4049 Τὸ

290 4083 348 4135 δέ
384 4085 668 4155 προδήλως
706 4087 853 4138 ἐστὶν
891 4088 920 4138 6
958 4087 1247 4150 θεσπέσιος
1275 4087 1432 4151 Τίτος
1464 4089 1493 4140 6
1528 4088 1742 4158 πρῶτος
1767 4087 1869 4156 τῆς

291 4169 534 4239 Κρητῶν
574 4171 903 4240 Ἐκκλησίας
944 4170 1219 4241 θεμέλιος,
1264 4174 1365 4235 τῆς
1403 4171 1660 4242 ἀληθείας
1690 4174 1719 4225 6
1751 4172 1871 4225 στύ-

289 4258 406 4321 λος,
434 4259 496 4311 τὸ
525 4259 625 4329 τῆς
650 4259 885 4322 πίστεως
921 4259 1153 4328 ἔρεισμα
1197 4258 1307 4311 τῶν
1340 4257 1556 4327 ἀληθῶν
1582 4258 1870 4327 δογμάτων

287 4349 317 4402 6
354 4349 638 4420 πρόϐολος.
675 4350 834 4411 Τίτος
864 4350 974 4402 τῶν
1018 4349 1395 4417 εύαγγελικῶν
1430 4348 1808 4419 κηρυγμάτων
1834 4350 1869 4419 ἡ

289 4442 558 4510 ἀσίγητος
588 4440 846 4508 σάλπιγξ,
885 4441 945 4493 τὸ
984 4439 1187 4509 ὑψηλὸν
1221 4439 1322 4509 τῆς
1368 4439 1586 4493 Παύλου
1620 4438 1871 4521 γλώττης

1971 3284 2186 3325 mecum
2232 3270 2559 3339 precemiui,
2595 3284 2659 3323 ac
2687 3269 2887 3323 dicatis
2922 3286 2935 3322 :
2981 3269 3125 3324 Doce
3156 3284 3265 3334 me,
3287 3266 3539 3329 Domine.

1971 3365 2026 3410 et
2073 3356 2246 3411 sciam
2297 3356 2438 3427 (29);
2495 3367 2552 3411 ut
2593 3358 2840 3411 noverim
2892 3358 3118 3428 quando
3165 3364 3414 3428 oporteat
3458 3372 3545 3413 me

1970 3446 2117 3517 loqui
2145 3446 2372 3517 verbum
2399 3465 2413 3501 :
2452 3466 2471 3500 ι
2512 3446 2577 3503 Ει
2609 3463 2677 3503 ne
2701 3447 2921 3504 auferas
2945 3448 3168 3502 verbum
3202 3450 3451 3503 veritatis
3479 3464 3544 3503 ex

1969 3524 2065 3590 ore
2095 3549 2216 3590 meo
2247 3550 2425 3607 usque
2454 3536 2613 3592 valde
2647 3547 2698 3591 ιι.
2738 3555 2757 3589 ι
2793 3537 2888 3592 Sic
2917 3550 3051 3593 sane
3085 3539 3331 3592 animum
3365 3539 3546 3593 inten-

1969 3625 2228 3683 dentibus
2262 3626 2318 3681 in
2354 3628 2922 3701 subjectiargumenti
2948 3628 3347 3699 praestantiam,
3384 3629 3545 3683 fuerit

1969 3717 2197 3771 omnino
2232 3719 2524 3775 adeundus
2553 3734 2678 3774 cum
2715 3721 2977 3790 precibus
3018 3720 3240 3775 divinus
3278 3717 3541 3790 Spiritus,

1970 3816 2132 3879 atque
2171 3810 2238 3864 ab
2271 3826 2337 3865 eo
2370 3812 2666 3879 petendum
2694 3853 2708 3876 ,
2748 3823 2808 3867 ut
2870 3828 2972 3883 pro
3011 3812 3279 3884 dignitate
3313 3827 3547 3868 conces-

1971 3899 2102 3953 serit
2132 3898 2343 3964 dicere,
2371 3901 2427 3954 in
2464 3917 2530 3956 eo
2555 3901 2705 3972 quod
2735 3903 3061 3973 dignitatem
3094 3912 3342 3974 superat,
3386 3912 3445 3958 ut
3476 3919 3546 3960 ne

1969 3991 2112 4061 quod
2156 3992 2437 4062 praeconio
2456 3994 2855 4048 celebrandum
2891 3998 3254 4058 assumimus.
3285 4011 3545 4052 sermone

1969 4084 2270 4139 infametur
2336 4086 2696 4157 vilescatque.
2765 4087 2935 4143 Plane
3006 4104 3141 4144 vero
3207 4080 3544 4145 desideratis

1970 4176 2118 4232 scire
2164 4176 2428 4246 quidnam
2464 4178 2606 4233 laetis
2658 4179 2957 4249 praeconiis
3011 4180 3402 4235 celebrandum
3460 4181 3546 4235 iu-

1969 4265 2231 4321 cumbat?
2272 4264 2476 4338 Utique
2506 4268 2856 4324 admirabilis
2895 4270 2989 4324 ille
3020 4277 3075 4325 et
3105 4271 3324 4325 divinus
3360 4270 3543 4335 Titus,

1969 4359 2207 4428 primum
2271 4358 2408 4415 illud
2460 4357 2742 4417 Cretensis
2781 4361 3041 4418 Ecclesia:
3097 4361 3551 4433 fundamentum,

1971 4449 2229 4504 columna
2261 4450 2357 4505 illa
2385 4452 2661 4520 veritatis,
2694 4451 2816 4508 ﬁdei
2853 4452 3283 4519 ﬁrmamentum,
3320 4454 3546 4525 dogma-

289 4536 590 4606 ἀπήχημα,
633 4534 733 4605 τῆς
785 4533 1026 4589 ἀπλάνου
1071 4533 1325 4602 γνώσεως
1366 4535 1395 4587 6
1446 4533 1648 4589 κανών.
1695 4529 1865 4596 Οὗτος

1974 4545 2085 4593 tum
2118 4538 2368 4594 veritatis
2404 4540 2740 4609 prasidium.
2762 4540 2944 4608 Titus,
2974 4544 3223 4614 inquam,
3258 4523 3549 4617 Evangeli-

291 4627 445 4695 ἡμᾶς
484 4628 512 4678 6
548 4627 722 4694 μέγας
762 4626 1033 4695 ἑστιάτωρ
1071 4624 1170 4696 τὴν
1220 4626 1603 4696 πνευματικὴν
1640 4626 1872 4679 πανδαι-

292 4717 419 4770 σίαν
446 4716 555 4770 τῶν
585 4718 759 4786 λόγων
795 4718 1123 4770 συνεκάλεσε
1158 4718 1401 4789 τήμερον
1424 4730 1440 4748 ·
1464 4716 1573 4785 ὄψα
1605 4716 1705 4787 μέν
1737 4730 1871 4788 προο

290 4807 408 4872 θεὶς
436 4807 503 4861 τὰ
543 4808 782 4878 μυστικά
806 4809 906 4879 τῆς
934 4809 1185 4881 ἀγράφου
1218 4807 1410 4877 σοφίας
1428 4825 1442 4839 ο
1481 4807 1592 4861 εἴτε
1613 4808 1871 4877 θαύματα

289 4901 401 4973 χρὴ
431 4899 636 4968 λέγειν,
658 4900 765 4953 εἴτε
794 4900 1040 4970 δόγματα
1063 4915 1077 4929 ’
1102 4899 1357 4970 κρατῆρα
1372 4899 1432 4974 δὲ
1455 4899 1746 4969 ύπερφερῆ
1768 4900 1870 4952 καὶ

290 4993 424 5062 θείῳ
456 4991 790 5062 κιρνὼμενον
821 4991 1047 5060 πόματι,
1087 4990 1179 5043 τὸν
1219 4990 1540 5043 συνεκτικὸν
1579 4990 1677 5061 τῆς
1716 4990 1869 5055 θείας

288 5080 644 5143 διδασκαλίας
668 5080 826 5147 λόγον
857 5080 1018 5133 οἱονεὶ
1043 5078 1408 5148 προχεόμενόν
1440 5094 1499 5130 τε
1525 5080 1617 5133 καὶ
1647 5081 1870 5150 μετεχό-

291 5188 477 5240 μενον.
501 5170 673 5238 Λόγον
699 5170 754 5223 δὲ
786 5171 874 5222 τὸν
904 5169 1028 5233 ὀξὺν
1060 5171 1151 5223 καὶ
1184 5168 1496 5239 τομὼτατον
1518 5168 1659 5241 ὑπὲρ
1686 5172 1867 5224 πᾶσαν

372 5348 391 5387 1
429 5349 592 5406 Joan.
624 5367 661 5415 ι,
710 5350 799 5404 25.
878 5359 913 5380 "
946 5350 1141 5403 Matth.
1176 5365 1258 5415 tu,
1290 5351 1344 5403 ‘2.

1970 4643 2158 4684 carum
2183 4630 2638 4700 praedicationum
2670 4634 2858 4690 nescia
2904 4635 3111 4691 silentii
3161 4637 3330 4702 tuba,
3372 4636 3547 4692 subli-

1968 4722 2075 4777 mis
2102 4719 2351 4777 Paulinae
2388 4723 2591 4795 linguae
2622 4726 2940 4781 resonantia
2965 4769 2978 4793 ,
3013 4742 3155 4783 verae
3185 4728 3435 4783 scientiae
3458 4742 3548 4784 re—

1967 4811 2117 4881 gula.
2154 4811 2250 4867 Hic
2281 4828 2382 4869 nos
2426 4830 2664 4886 magnus
2695 4817 2923 4872 conviva
2967 4818 3032 4871 ad
3081 4818 3330 4887 spiritale
3360 4817 3545 4889 splen-

1971 4899 2323 4958 didissimum
2383 4903 2652 4961 hodierna
2714 4907 2805 4962 die
2841 4909 3168 4963 convocavit
3222 4923 3542 4964 sermonum

1970 4993 2195 5062 epulum
2224 5010 2238 5047 :
2269 5008 2371 5050 ceu
2400 4995 2624 5067 quidem
2672 4999 2854 5053 edulia
2902 5000 3131 5071 mystica
3178 5016 3289 5055 non
3322 5000 3545 5072 scriptae

1972 5086 2281 5157 sapientiae,
2323 5089 2441 5146 sive
2479 5092 2748 5147 miracula
2783 5101 3001 5165 oportet
3038 5096 3222 5152 dicere
3276 5097 3395 5152 sive
3447 5096 3545 5152 do-

1973 5179 2239 5248 gntatica;
2271 5195 2372 5236 ceu
2407 5192 2588 5239 autem
2618 5186 2944 5255 praeclarum
3001 5198 3294 5254 craterem,
3334 5204 3396 5242 ac
3453 5189 3543 5243 di-

1422 5360 1449 5388 ⁸
1491 5350 1636 5405 I’sul.
1657 5367 1844 5415 eam],
1876 5350 1965 5406 45.

1575 5490 1966 5549 COMBEFISII
1998 5490 2229 5548 ΝΟΪᾹΞ.

368 5585 483 5655 (29)
528 5583 663 5655 Doce
690 5601 789 5650 me,
816 5585 1053 5649 Domine,
1079 5597 1129 5641 et
1147 5588 1333 5652 sciam,
1360 5596 1467 5643 etc.
1489 5587 1715 5643 Videtur
1739 5589 1875 5643 allu-

295 5653 430 5708 dere
468 5653 544 5707 ad
581 5654 743 5710 verba
799 5655 950 5711 Pauli
1012 5659 1211 5720 Ephcs.
1252 5675 1325 5721 tv,
1378 5660 1468 5714 νο.
1527 5657 1690 5714 Forte
1739 5676 1870 5713 vero

300 5723 524 5793 respicit
561 5726 741 5779 locum
783 5727 1018 5796 aliquem
1057 5725 1477 5785 Proverbiorum
1504 5729 1659 5799 juxta
1702 5730 1901 5791 aliam_

1981 5589 2274 5660 lectionem
2311 5588 2392 5660 illi
2422 5587 2653 5660 afﬁnem,
2683 5587 2833 5643 Mala
2866 5605 3029 5643 aurea
3071 5592 3124 5643 in
3166 5591 3313 5645 lectis
3353 5608 3541 5660 argen-

1979 5660 2115 5801 ἑσίε,
2162 5659 2252 5781 1alii):
2307 5659 2396 5729 qui
2484 5659 2716 5729 loquitur
2770 5661 3003 5714 rerbum'
3039 5663 3089 5714 in
3153 5671 3384 5729 tetttpore
3417 5659 3540 5714 ίδιιυ

2004 5746 2128 5794 xxv,
2230 5768 2272 5798 I.
3322 5766 3331 5774 -

2115 5769 2128 5794 ’
2167 5768 2272 5798 IIII.
