3978 6140
1240 276 1308 305 ".‘V

531 298 668 415 11.43

1711 346 1769 410 3.
1804 352 2133 411 ΑΝΒΗΕίΕ
2160 346 2578 413 CRETENSIS
2796 344 2859 356 Ἰ
3010 344 3041 381 ³

2782 314 2859 356 tu

3607 358 3709 422 llll

526 465 658 519 vino
697 473 1058 535 temperatum
1091 471 1227 535 potu
1254 504 1268 528 ,
1308 461 1553 517 divinam
1594 463 1905 521 doctrinam
1934 465 2068 543 rvelu

2202 464 2479 535 μάχαιραν
2505 465 2783 534 δίστομον,
2817 464 2913 517 καὶ
2946 426 3309 537 διικνούμενον
3332 468 3453 538 ἄχρι
3484 479 3708 542 μερισμοῦ

526 569 748 609 summa
777 555 1123 624 complexum
1154 567 1489 619 sermonem,
1532 552 1626 623 qui
1679 552 2093 624 participandus

523 655 889 717 proponetur,
923 645 1250 715 propinans.
1276 643 1622 710 Sermonem,
1647 645 1895 715 inquam,
1936 644 2092 698 illum

522 748 767 807 acutum,
809 737 1490 809 penetrabilissimumque
1524 754 1695 808 supra
1725 753 1943 793 omnem
1975 737 2092 808 gla-

518 829 666 884 dium
697 831 1012 900 ancipitem,
1044 838 1098 887 et
1129 831 1530 903 pertingcntem
1562 847 1739 901 usque
1765 830 1831 885 ad
1868 829 2094 885 divisio-

2204 556 2407 625 σαρκὸς
2447 557 2538 610 καὶ
2567 556 2897 625 πνεύματος,
2917 557 2993 621 ὡς
3023 557 3087 629 δὴ
3113 560 3303 630 μικρὸν
3332 560 3559 632 ὕστερον,
3586 566 3648 628 ὡς
3668 568 3708 618 ὲν

2200 647 2452 717 ἐπιλόγου
2477 649 2627 715 τάξει
2667 651 2776 710 τοῖς
2823 648 3093 717 φιλοθέοις
3132 651 3443 721 ἐκθήσομαι.
3482 653 3582 707 Νῦν
3606 653 3709 723 She

2201 739 2353 807 φίλον
2382 740 2519 803 τέως
2554 741 2680 810 ύμῖν
2722 740 2821 810 μὲν
2858 740 3099 809 ἀκούειν,
3130 743 3252 813 ἐμοὶ
3294 743 3347 796 δὲ
3388 743 3552 813 λέγειν
3580 747 3706 813 εἰκὸς,

2198 829 2370 885 ταῦτα
2394 830 2689 897 λελέξεται.

516 935 642 974 nem
690 922 875 977 carnis
905 930 959 977 et
984 923 1214 991 spiritus
1236 962 1251 988 ,
1286 931 1348 978 ut
1390 923 1553 993 paulo
1602 922 1834 978 inferius
1874 921 2024 975 velut
2061 933 2157 989 per
2187 922 2458 979 orationis
2489 925 2730 994 Speciem
2767 922 2859 980 Dei
2889 923 3202 978 amantibus
3223 938 3286 978 ac
3311 923 3547 994 religioso
3572 927 3703 981 ειειυί

515 1029 638 1067 sum
656 1015 1033 1083 expositurus.
1060 1018 1281 1070 Interim
1303 1031 1592 1087 vero,quae
1613 1025 1667 1072 et
1685 1030 1783 1071 vos
1810 1008 2062 1069 amanter
2094 1012 2407 1080 audieritis,
2440 1024 2493 1072 et
2531 1018 2660 1071 mihi
2702 1018 2887 1072 dicere
2927 1031 3233 1086 congruum
3276 1025 3377 1079 est,
3415 1018 3521 1070 haec
3544 1016 3703 1071 dicam.

584 1110 811 1165 Maximi
848 1112 1038 1182 itaque
1070 1114 1244 1185 patris
1272 1114 1391 1168 dies
1425 1112 1601 1168 festus
1620 1111 1865 1166 advenit.
1890 1110 2092 1165 Adeste

513 1220 667 1270 vero,
698 1214 866 1277 atque
893 1216 952 1263 ut
993 1208 1246 1263 benevoli
1281 1207 1398 1272 lilii,
1431 1205 1576 1276 patri
1613 1206 1851 1259 ﬁliorum
1886 1203 2090 1257 amanti

513 1296 740 1351 laudum
801 1300 1021 1353 cantica
1082 1298 1404 1354 oll'eramus.
1464 1296 1580 1351 Hoc
1637 1297 1783 1351 enim
1835 1284 2089 1350 nostrum

512 1388 566 1441 in
604 1387 781 1457 ipsum
816 1389 1060 1445 debitum
1079 1398 1187 1445 est.
1223 1390 1307 1445 Sit
1327 1389 1490 1446 nobis
1523 1388 1787 1458 templum
1813 1388 1914 1441 hoc
1938 1400 2090 1441 com-

512 1480 700 1535 munis
743 1480 809 1533 ad
860 1479 1235 1536 submittenda
1289 1479 1479 1535 divina
1531 1480 1750 1535 cantica
1786 1479 1943 1535 locus
1969 1519 1984 1544 ,
2023 1492 2086 1532 ac

507 1571 659 1625 velut
679 1585 969 1642 organum.
991 1572 1264 1628 Caeterum
1284 1572 1378 1627 det
1397 1571 1559 1627 nobis
1582 1585 1890 1627 sermonem
1928 1571 2088 1627 Pater

508 1662 604 1717 ille
630 1662 938 1730 Sermonis,
961 1679 1272 1721 sermonem
1311 1673 1568 1720 nostrum
1596 1663 1664 1718 ad
1694 1662 2083 1718 inveniendam

508 1755 796 1810 veritatem
823 1753 1091 1824 dirigens.
1122 1754 1315 1811 Merito
1335 1764 1518 1809 autem
1551 1769 1858 1823 congruum
1892 1751 2081 1817 fuerit,

508 1852 569 1897 ut
601 1845 699 1915 qui
757 1846 936 1914 patris
991 1856 1179 1915 partes
1231 1847 1575 1911 sustineam,
1623 1845 1854 1915 apiculte
1903 1845 2085 1899 instar

506 1937 797 2003 operosius
820 1937 1288 1992 circumlustratis
1334 1936 1682 2007 spiritalibus
1729 1936 1925 2004 pratis,
1956 1934 2084 1990 inde

504 2028 667 2084 vobis
715 2044 882 2085 sacro
940 2029 1009 2083 ab
1056 2029 1233 2085 sacris
1277 2029 1516 2099 eloquiis
1560 2038 1709 2084 serto
1758 2035 2082 2082 coronatum

504 2121 686 2175 virum
723 2120 1033 2177 exhibeam.
1073 2119 1284 2177 Vereor
1332 2130 1516 2177 autem
1548 2137 1614 2177 ne
1644 2136 1673 2175 a
1718 2121 1850 2175 recti
1883 2134 2083 2173 cursus

506 2213 830 2270 carceribus
859 2213 1174 2268 clanculum
1228 2228 1535 2269 excurrens
1589 2228 1773 2269 sermo
1808 2208 2083 2281 propositi

506 2303 830 2360 certaminis
888 2312 1068 2361 metas
1132 2305 1403 2370 excedat;
1464 2318 1527 2359 ac
1561 2318 1630 2359 ne
1691 2302 2082 2358 tumultuarius

424 2446 428 2451 .
504 2404 879 2470 spectatorum
910 2414 1122 2465 rumor,
1158 2400 1269 2454 alio
1303 2414 1467 2468 quam
1504 2397 1697 2452 tendat
1729 2411 1930 2452 cursus
1956 2410 2076 2466 spe-

504 2489 782 2544 ctaculum
861 2501 1234 2556 convertens,
1301 2492 1490 2546 eadem
1552 2498 1895 2561 spectatores
1954 2502 2082 2557 spes

505 2592 758 2637 coerceat
796 2582 1077 2655 edantque
1129 2583 1352 2639 inanem
1384 2591 1439 2638 et
1482 2581 1816 2637 ineﬂlracem
1868 2594 2080 2635 sermo-

406 2732 413 2739 ,
505 2688 654 2739 nem,
689 2673 789 2744 qui
816 2675 1094 2731 sermOnis
1121 2690 1398 2731 sessorem
1430 2682 1756 2744 provocant.
1783 2671 2080 2726 Enimvero

504 2778 824 2834 quanquam
848 2778 1077 2822 necesse
1108 2773 1218 2831 est,
1258 2773 1316 2821 ut
1348 2765 1535 2820 multis
1565 2775 1713 2820 retro
1746 2764 1939 2833 spatiis
1970 2763 2074 2817 viri

502 2855 829 2927 dignitatem
875 2865 1142 2926 sequatur
1168 2858 1345 2912 oratio
1382 2858 1480 2927 (ita
1523 2859 1670 2911 enim
1702 2856 2079 2913 encomiorum

501 2950 672 3020 exigit
698 2950 846 3020 lex);
877 2950 1057 3005 sancti
1088 2950 1459 3005 nihilominus
1493 2950 1560 3004 ad
1594 2949 1762 3005 Deum
1812 2949 2082 3003 interces-

500 3039 783 3107 sionibus,
820 3056 924 3097 ceu
958 3041 1294 3113 quibusdam
1330 3042 1663 3114 infrenatum
1696 3042 1853 3107 loris,
1884 3040 1977 3095 ubi
2010 3039 2078 3094 ad

2266 1111 2540 1180 Μεγίστου
2593 1111 2774 1165 τοίνυν
2825 1112 3035 1182 πατρὸς
3080 1111 3379 1181 ἐφέστηκεν
3423 1112 3585 1182 ἑορτή.
3624 1114 3705 1165 Καὶ

2192 1202 2353 1275 δεῦρο
2379 1247 2391 1268 ,
2449 1204 2701 1274 καθάπερ
2745 1204 2967 1265 παῖδες·
2992 1203 3335 1274 εὐγνώμονες
3374 1203 3446 1273 τῷ
3487 1203 3705 1272 φιλόπαιδι

2194 1297 2361 1363 πατρὶ
2405 1295 2529 1358 τοὺς
2566 1294 2771 1365 ὕμνους
2821 1293 3205 1366 προσάξωμεν.
3255 1295 3418 1348 Τοῦτο
3468 1295 3562 1364 γὰρ
3594 1294 3705 1362 αὐτῷ

2192 1386 2502 1457 παρ’ήμῶν
2539 1387 2883 1454 ἐποφείλεται
2922 1387 3104 1457 χρέος.
3138 1386 3379 1441 Γενέσθω
3407 1386 3564 1449 κοινὸς
3588 1379 3707 1448 οὗτος
3806 1406 3811 1410 ν

2193 1480 2324 1548 ἡμῖν
2355 1481 2383 1532 ό
2405 1478 2539 1541 νεὼς
2563 1479 2672 1531 τῶν
2697 1478 2854 1532 θείων
2881 1477 3068 1548 ὓμνων
3096 1478 3458 1549 ἐπιϐατήριος.
3482 1478 3576 1530 Καὶ
3603 1478 3706 1530 δότω

2191 1573 2348 1641 λόγον
2378 1575 2509 1643 ἡμῖν
2541 1574 2570 1624 ὁ
2596 1571 2690 1625 τοῦ
2724 1572 2896 1641 Λόγου
2929 1572 3151 1644 Πατὴρ,
3196 1573 3286 1626 τὸν
3314 1572 3555 1643 ἡμέτερον
3589 1588 3705 1640 χειρ-

2191 1665 2425 1733 αγωγῶν
2454 1665 2590 1733 πρὸς
2616 1665 2714 1731 τὴν
2735 1665 2834 1735 τῆς
2856 1666 3116 1735 ἀληθείας
3137 1664 3368 1735 εὕρεσιν.
3396 1664 3581 1734 Πρέποι
3602 1663 3638 1716 δ’
3657 1662 3705 1715 ἂν

2190 1759 2415 1822 εἰκότως
2443 1760 2567 1828 ἐμοὶ
2592 1760 2799 1829 πατρὸς
2828 1759 3084 1828 ἐπέχοντι
3108 1758 3283 1824 τάξιν,
3309 1757 3428 1819 τοὺς
3459 1771 3704 1824 πνευματι-

2117 1808 2159 1862 Β
2191 1808 3554 1920 .35.’i;.;.::.;..;.‘;s;.,gt‘:..g.".1..;....s....
3582 1808 3703 1914 ξοιλο.

2188 1940 2517 2009 πονώτερον,
2544 1940 2772 1993 αὐτόθεν
2801 1941 2932 2010 ὑμῖν
2972 1940 3283 2009 ὑποστῆσαι
3304 1938 3389 1991 τόν
3406 1938 3573 2008 ἄνδρα,
3599 1937 3702 2004 πρὸς

2186 2033 2295 2086 τῶν
2326 2031 2489 2103 ἱερῶν
2522 2032 2719 2099 λογίων
2747 2033 2908 2102 ίερῶς
2943 2031 3397 2100 στεφανούμενον.
3428 2030 3621 2083 Δέδοικε
3641 2028 3699 2093 δὲ,

2189 2125 2265 2194 μὴ
2298 2124 2393 2177 τοῦ
2428 2125 2549 2180 κατ’
2572 2123 2927 2194 εὐθὺ-δρόμου
2973 2124 3073 2194 τῆς
3107 2122 3356 2192 βαλόἰδος
3397 2118 3700 2190 ὑπεκδραμὼν

2184 2190 2213 2270 ό
2243 2190 2425 2283 λόγος,
2454 2190 3039 2283 ἐξαγώνιόςνγένηταιί
3070 2190 3165 2269 καὶ
3192 2217 3219 2267 ὁ
3250 2214 3396 2284 παρά
3421 2215 3519 2267 τῶν
3539 2210 3699 2265 θεατῶν

2185 2308 2568 2379 ἀπηχούμενος
2602 2308 2788 2378 Θροῦς,
2837 2309 2923 2361 ἐπ’
2953 2309 3094 2362 ἄλλα
3136 2307 3230 2362 τοῦ
3282 2309 3469 2380 δρόμου
3499 2306 3580 2377 τὴν
3602 2305 3700 2357 θέαν

2189 2399 2462 2470 μετάγων,
2494 2399 2595 2469 τῆς
2620 2399 2837 2462 ἐλπίδος
2864 2400 2991 2462 τοὺς
3021 2399 3224 2464 θεατάς
3247 2399 3573 2453 ἐπικόπτοιτο
3592 2414 3603 2426 ·
3627 2396 3699 2465 τήν

2184 2508 2243 2544 τε
2286 2491 2536 2561 κραυγὴν
2579 2491 2757 2561 ἀργὴν
2809 2495 3051 2545 ποιοῖντο
3084 2492 3200 2545 «καὶ
3241 2493 3525 2564 ἄπρακτον,
3556 2492 3595 2543 οἱ
3628 2487 3717 2540 τοῦ·

2184 2584 2345 2652 λόγου
2365 2584 2454 2637 τὸν
2480 2582 2749 2653 ἐπιϐάτην
2763 2582 3126 2655 ἐρεθίζοντες.
3148 2585 3291 2656 Πλὴν
3313 2584 3425 2638 ἀλλ’
3439 2586 3483 2637 εἰ
3504 2582 3582 2635 καὶ
3597 2579 3697 2633 πολύ

2185 2692 2288 2728 που
2322 2675 2421 2745 τῆς
2446 2673 2541 2726 τοῦ
2564 2673 2758 2744 ἀνδρὸς
2799 2674 2955 2740 ἀξίας
2987 2674 3227 2729 κατόπιν
3254 2676 3457 2744 ἀνάγκη
3481 2672 3559 2725 τὸν
3578 2670 3696 2737 λόγον

2179 2766 2385 2819 ἐλθεῖν·
2418 2764 2576 2819 τοῦτο
2610 2767 2717 2836 γάρ
2746 2767 2775 2818 ὁ
2807 2765 2916 2820 τῶν
2963 2767 3265 2837 ἐγκωμίων
3297 2766 3525 2836 βούλεται
3548 2762 3692 2831 νόμος

2179 2860 2303 2921 ταῖς
2333 2856 2465 2925 γοῦν
2493 2857 2589 2910 τοῦ
2618 2850 2790 2926 ⁴όιγίου
2828 2858 2968 2929 πρὸς
3003 2859 3065 2911 τὸ
3107 2858 3257 2912 θεῖον
3286 2858 3587 2921 ἐντεύξεσιν,
3611 2853 3693 2904 oio-

2180 2950 2262 3003 νεί
2287 2966 2398 3003 τισι
2429 2952 2660 3021 ῥυτῆρσι
2684 2950 2874 3004 τοῦτον
2906 2953 3329 3024 ἀναστομώσας,
3350 2947 3460 3005 εἶτα
3488 2949 3599 3021 πρὸς
3623 2945 3695 3014 τὴν

2180 3040 2300 3094 κατ’
2341 3040 2469 3092 εὐθὺ
2510 3040 2734 3108 πορείαν
2762 3040 2948 3111 ᾷττειν
2982 3041 3237 3111 σφοδρῶς
3283 3038 3592 3111 παραθήξας,
3628 3031 3696 3086 ἐπὶ

499 3132 635 3188 recti
674 3132 894 3192 itineris
923 3147 1151 3190 cursum
1203 3132 1584 3188 vehementius
1618 3132 1974 3202 instigavero,
2009 3132 2075 3187 ad

2178 3130 2276 3203 τὴν
2305 3131 2509 3185 νύσσαν
2541 3128 2696 3195 αὖθις
2723 3132 3041 3201 μετάγοιμι.
3072 3133 3216 3187 Φίλα
3238 3132 3345 3203 γάρ
3368 3126 3510 3184 ἔσται
3529 3128 3694 3183 πάντως

498 3232 697 3279 metam
737 3224 999 3294 deinceps
1052 3223 1338 3280 reducam.
1395 3224 1563 3281 Plane
1606 3226 1752 3281 enim
1789 3231 2075 3295 acceptum

497 3315 602 3369 erit
645 3316 791 3387 quod
846 3315 1125 3373 facultatis
1167 3324 1273 3372 est.
1318 3313 1456 3371 Nam
1501 3329 1558 3373 et
1603 3317 1757 3373 novit
1790 3333 1821 3371 a
1871 3326 2075 3372 natura

497 3407 743 3462 modeste
768 3422 953 3480 agere,
985 3428 1002 3460 ι
1038 3425 1103 3465 ac
1124 3426 1184 3466 se
1207 3410 1513 3466 humilibus
1540 3408 1965 3465 accommodare
1987 3415 2068 3478 ⁸,»

496 3488 554 3555 in
584 3500 688 3555 hoc
726 3516 947 3572 quoque
978 3503 1211 3558 Paulum
1250 3503 1523 3559 imitatus.
1555 3502 1668 3573 Age
1710 3503 1880 3573 igitur
1917 3501 2073 3555 dica-

495 3606 642 3657 mus,
692 3592 738 3647 si
784 3593 914 3664 quid
975 3594 1139 3650 nobis
1208 3608 1542 3649 concessum
1599 3601 1707 3648 est.
1771 3590 1884 3648 Nec
1938 3606 2073 3647 vero

492 3684 786 3754 quisquam
803 3685 1238 3756 vituperandum
1259 3686 1557 3756 putaverit,
1578 3685 1729 3741 velut
1750 3700 1814 3741 ex
1835 3685 2070 3741 adverso

491 3776 879 3832 excellentium
904 3776 1008 3830 viri
1039 3776 1420 3832 encomiorum
1450 3785 1706 3832 nostrum
1755 3790 2068 3832 sermonem

492 3869 839 3939 ingeramus.
874 3867 993 3924 Non
1026 3870 1172 3926 enim
1192 3869 1341 3925 velut
1369 3876 1627 3940 suppetat
1657 3869 1744 3925 vis
1769 3868 2066 3936 orationis;

490 3960 589 4014 scd
625 3960 801 4037 magis
824 3959 1100 4015 desiderio
1130 3961 1184 4014 in
1213 3968 1491 4026 sanctum,
1512 3975 1633 4030 qua:
1667 3960 1773 4014 vim
1803 3971 2071 4032 superant

488 4053 903 4121 prmsumimus.
939 4053 1043 4108 Ubi
1072 4061 1255 4109 autem
1287 4060 1373 4108 est
1404 4053 1759 4118 desiderium,
1785 4053 1961 4122 palam
1983 4060 2069 4107 est

488 4127 771 4198 sublatum
804 4159 930 4201 esse
961 4146 1217 4201 timorem
1246 4160 1467 4200 omnem
1506 4162 1519 4200 :
1554 4153 1717 4216 atque
1751 4145 1845 4200 ubi
1893 4145 2066 4200 libera

486 4244 572 4292 est
599 4252 922 4292 sermonum
952 4238 1211 4302 libertas,
1246 4252 1316 4292 ne
1348 4237 1589 4291 minima:
1627 4237 1943 4292 timiditatis
1979 4254 2068 4291 re-

486 4330 673 4399 liquiae
696 4331 1043 4386 consistunt.
1070 4331 1386 4385 Cavendum
1418 4344 1551 4400 ergo
1592 4344 1662 4385 ne
1704 4331 1859 4384 nullo
1900 4330 2064 4385 modo

475 4421 739 4478 dicamus
779 4438 901 4492 quae
952 4420 1186 4476 facultas
1245 4422 1538 4494 concedit,
1579 4436 1642 4476 ac
1697 4437 1766 4476 ne
1793 4423 2063 4476 sileamus

2178 3220 2328 3291 αὐτῷ
2360 3219 2430 3274 τὰ
2478 3220 2618 3274 κατὰ
2646 3220 2876 3292 δύναμιν
2898 3239 2909 3250 ·
2949 3222 3031 3275 ὅτι
3055 3240 3120 3275 τε
3171 3222 3475 3294 μετριάζειν
3507 3215 3622 3273 οἶδεν
3648 3215 3695 3266 ἐκ

2177 3313 2416 3382 φύσεως,
2481 3330 2500 3364 ι
2566 3311 2821 3376 καὶτοῖς
2883 3316 3169 3377 ταπεινοῖς
3225 3309 3629 3378 συναπάγεσθαι,
3676 3322 3690 3355 ι

2176 3405 2391 3460 Παῦλον
2417 3405 2699 3461 κάνταῦθα
2723 3406 3087 3476 μιμούμενος.
3118 3407 3261 3478 Φέρε
3287 3407 3342 3460 δὲ
3369 3405 3455 3461 οὖν
3475 3391 3693 3471 λέγοιμεν,

2174 3498 2275 3553 ὅσα
2324 3497 2510 3567 λέγειν
2556 3500 2686 3569 ἡμῖν
2721 3499 3144 3569 ἐπιτέτραπται.
3210 3500 3319 3554 Καὶ
3365 3500 3535 3570 μήτις
3580 3492 3695 3562 ἡμᾶς

2177 3592 2496 3662 μωμήσοιτο
2543 3591 2620 3661 τῷ
2663 3590 2907 3661 περιόντι
2942 3591 3052 3644 τῶν
3097 3593 3195 3645 τοῦ
3237 3591 3422 3662 ἀνδρὸς
3459 3582 3694 3655 ἐγκωμίων

2172 3682 2264 3735 τὸν
2290 3683 2567 3753 ἡμέτερον»
2587 3681 3058 3751 ἀντεπεξάγοντας
3080 3700 3094 3713 ’
3126 3685 3210 3737 ὅτι
3237 3683 3310 3754 μὴ
3335 3682 3482 3750 λόγου
3507 3675 3692 3741 δύναμιν

2173 3773 2411 3846 ἔχοντες,
2441 3777 2591 3846 πόθῳ
2622 3777 2677 3830 δέ
2706 3776 2785 3846 τῷ
2810 3777 2948 3848 πρὸς
2972 3778 3062 3831 τὸν
3086 3778 3269 3847 ἆγιον,
3296 3778 3402 3831 τῶν
3427 3776 3552 3845 ὑπὲρ
3571 3770 3693 3824 δύνα-

2174 3886 2267 3939 μιν
2325 3867 2700 3938 ἐφαπτόμεθα.
2756 3869 2925 3923 Ἔνθα
2965 3869 3019 3922 δὲ
3068 3870 3259 3935 πόθος,
3307 3871 3420 3922 ἐκεῖ
3461 3862 3690 3934 προδήλως

2171 3961 2338 4030 φόϐος
2367 3959 2511 4024 ἅπας
2556 3960 2857 4033 ἀφῄρηταιο
2908 3963 2998 4015 καὶ
3050 3964 3190 4016 ὄπου
3242 3963 3412 4030 λόγων
3456 3950 3692 4022 ἐλευθερία

2169 4052 2629 4123 παρρησιάζεται,
2660 4051 2863 4114 δειλίας
2902 4053 2963 4105 ού
3006 4054 3418 4122 παρυφισταται
3456 4045 3687 4114 λείψανον.

2168 4144 2540 4214 Παραιτητέον
2555 4142 2648 4196 οῦν
2671 4143 2925 4213 οὐδαμῶς
2951 4146 3127 4197 εἰπεῖν
3152 4146 3220 4198 τὰ
3238 4147 3316 4207 εἰς
3345 4142 3573 4210 δύναμιν,
3596 4130 3690 4186 οὐδὲ

2170 4236 2491 4305 σιωπητέον,
2507 4235 2542 4288 ἂ
2560 4234 2849 4305 κηρύττειν
2872 4235 3034 4288 ὅσιον·
3067 4236 3148 4289 ὅτι
3171 4238 3246 4308 μὴ
3269 4235 3435 4306 λήθης
3458 4230 3606 4284 ταῦτα
3624 4224 3687 4293 βυ·

2168 4327 2279 4391 θοῖς
2319 4327 2378 4380 τὸ
2418 4327 2640 4396 Πνεῦμα
2671 4326 3151 4394 συγκαλύπτεσθαι
3182 4327 3443 4398 βούλεται.
3475 4318 3686 4376 Βούλεται

2167 4419 2278 4489 γὰρ
2311 4418 2550 4489 μετρίως
2575 4418 2639 4485 γέ
2676 4434 2791 4479 πως
2831 4417 2972 4472 αύτά
3016 4420 3129 4482 τοῖς
3169 4420 3272 4470 οὐκ
3311 4417 3494 4469 εἰδόσιν
3524 4413 3686 4476 ἐκφαν-

485 4527 608 4581 qua:
670 4491 927 4567 sanctum
978 4511 1147 4566 fuerit
1201 4491 1523 4581 praedicare,
1576 4510 1794 4568 nolente
1850 4510 2060 4581 Spiritu

2178 4512 2328 4581 ὶῆναι
2353 4528 2366 4541 ·
2398 4509 2604 4563 δίκαιον
2633 4509 2740 4579 γάρ
2764 4525 2777 4538 ·
2805 4508 2881 4571 ὡς
2917 4507 2982 4561 ἂν
3010 4509 3147 4579 πρὸς
3174 4508 3335 4578 ζῆλον
3372 4507 3461 4559 καὶ
3496 4502 3683 4572 μίμησιν

484 4601 784 4657 oblivionis
813 4601 1090 4673 profundo
1115 4601 1244 4668 tegi.
1269 4599 1398 4654 Vult
1427 4601 1700 4671 siquidem
1732 4610 1791 4656 ut
1816 4603 2063 4659 modeste

417 4681 422 4686 ’
484 4699 539 4744 ct
562 4692 647 4746 vel
672 4692 852 4761 aliqua
869 4700 1025 4761 parte
1049 4690 1430 4746 nescientibus
1448 4690 1831 4747 declarentur:
1859 4693 2061 4763 quippe

480 4782 690 4852 justum
722 4790 828 4849 est,
859 4798 969 4853 quo
1003 4783 1071 4837 ad
1102 4782 1412 4837 acnwlanda
1447 4782 1824 4855 imitandaquc
1853 4801 1952 4840 ceu
1992 4802 2060 4841 ex

483 4876 786 4933 commisso
818 4876 1181 4932 inducantur.
1205 4874 1580 4941 Quamobrem
1631 4875 2058 4947 haudquaquam

483 4970 769 5026 silentium
803 4969 937 5024 mihi
970 4969 1024 5023 in
1068 4967 1491 5038 praesentiarum
1556 4984 1588 5024 e
1627 4984 1685 5023 re
1710 4970 1920 5039 judico.
1965 4972 2057 5027 Et-

2160 4602 2356 4662 αὐτοὺς
2387 4598 2775 4669 προτροπάδην
2814 4597 3081 4666 ἐνάγοιεν.
3137 4598 3304 4649 Ὥστε
3339 4613 3430 4665 μοι
3471 4592 3558 4659 τὴν
3585 4602 3683 4638 σιω·

2160 4694 2269 4764 πὴν
2294 4694 2395 4746 οὐκ
2417 4690 2726 4759 ἀναγκαίαν
2752 4685 2893 4744 εἶναι
2944 4691 3003 4743 ἐν
3050 4688 3128 4759 τῷ
3157 4689 3384 4760 παρόντι
3426 4682 3570 4738 δοκῶ.
3599 4673 3682 4730 Καὶ

2159 4788 2265 4856 γάρ
2297 4780 2433 4857 ἧκεν
2464 4787 2492 4838 ὁ
2529 4784 2689 4853 λόγος
2720 4786 2853 4855 ἡμῖν
2894 4783 2981 4835 ἐπ’
3020 4782 3150 4836 αὐτὸ
3180 4781 3275 4834 τοῦ
3323 4777 3513 4832 σκοποῦ
3538 4772 3587 4825 τὸ
3611 4784 3681 4820 κε-

2158 4878 2405 4947 φάλαιον,
2454 4877 2539 4944 ἐφ’
2582 4877 2610 4929 ὅ
2653 4874 2740 4930 καὶ
2786 4875 2855 4928 δι’
2898 4875 3035 4945 ὅπερ
3076 4875 3209 4944 ἡμῖν
3258 4874 3286 4925 ὁ
3332 4872 3433 4934 πᾶς
3471 4867 3679 4936 ὥρμηται

2165 4970 2347 5031 πόθος.

482 5063 631 5117 cnim
682 5061 797 5130 jam
845 5061 996 5118 venit
1028 5060 1210 5117 oratio
1273 5059 1340 5115 ad
1390 5061 1569 5130 ipsum
1629 5061 1707 5116 rei
1739 5064 2035 5134 proposita:
2061 5072 2249 5137 caput,
2277 5062 2342 5115 ad
2377 5060 2548 5129 quod,
2574 5068 2629 5114 et
2660 5058 2819 5128 cujus
2848 5058 3025 5128 gratia
3070 5064 3323 5111 nostrum
3383 5065 3531 5108 omne
3557 5042 3673 5100 desi-

487 5150 694 5209 deriunt
726 5163 832 5212 est.

554 5242 691 5309 Quis
733 5245 919 5314 itaque
958 5256 1192 5313 magnus
1227 5242 1318 5297 hic
1366 5252 1421 5298 et
1476 5244 1815 5313 conspicuus
1868 5243 2049 5312 Titus,

482 5353 644 5407 quem
678 5343 867 5391 nostra
896 5334 1190 5391 duodecim
1224 5336 1467 5406 glorians
1500 5336 1726 5392 sedibus
1751 5336 1885 5407 (50),
1912 5339 2057 5393 velut

557 5455 582 5482 °
623 5454 785 5511 Rom.
821 5470 916 5523 xu,
954 5454 1036 5509 l6.

2231 5244 2579 5316 Τοιγαροῦνὸ
2605 5243 2779 5311 μέγας
2818 5236 2972 5305 οὗτος
3012 5242 3104 5295 καὶ
3141 5239 3493 5311 περίϐλεπτκ
3530 5229 3673 5286 Τίτοςι

2163 5338 2223 5393 ὃν
2271 5339 2303 5407 ή
2359 5336 2482 5390 καθ’
2521 5336 2670 5407 ἡμᾶς
2729 5333 2998 5404 ἠνέγκατο
3058 5331 3447 5403 δωδεκάθρονος
3496 5322 3671 5394 Κρήτην

1791 5576 2182 5635 COMBLFlSll
2218 5577 2452 5635 NOTIE.

564 5662 675 5739 (ὅθ)
724 5663 1005 5717 Duodecim
1038 5661 1293 5739 glorians
1349 5664 1597 5739 sedibus.
1626 5666 2056 5739 Δωδεκάθρονος.

490 5731 788 5790 Ραιιιὶοιεε
844 5748 988 5787 nunc
1038 5731 1215 5795 liabet.
1253 5744 1309 5789 ut
1345 5734 1448 5788 l‘uit
1479 5735 1634 5790 valde
1685 5731 1928 5793 minutiis
1971 5731 2063 5793 ur-

2170 5671 2320 5726 bium
2354 5688 2617 5729 numerus
2652 5691 2666 5727 :
2703 5686 2813 5741 qua
2833 5672 2899 5725 de
2925 5684 2982 5725 re
3007 5665 3245 5725 Ortelius
3273 5672 3322 5719 et
3353 5658 3437 5715 alii
3466 5658 3511 5709 in
3533 5651 3668 5706 Crete

2169 5741 2371 5798 tabulis
2398 5750 2450 5798 et
2481 5740 2966 5814 descriptionibus.
3017 5792 3021 5797 .
