3978 6140
338 259 478 328 1145

1533 270 1617 330 ΙΝ
1645 220 2103 332 APOSTbLUM
2136 271 2400 333 TITUM.

3457 270 3594 336 1146

333 370 678 441 ἁποστολικῷ
721 371 1063 443 τετιμημένη
1129 373 1474 444 συμϐολικῶς
1530 376 1770 448 ἀριθμῷ.
1817 377 1905 440 Τίς

2017 379 2324 448 apostolico
2371 378 2676 450 syn'tbolice
2735 379 3067 435 honestante
3124 395 3380 447 numero,
3429 380 3592 437 Creta

339 463 438 534 μὲν
467 459 559 516 οῦν
591 461 856 532 ἐτύγχανε
885 462 962 516 τὰ-
993 463 1208 534 πρώτα,
1240 465 1334 518 καὶ
1363 466 1492 521 οἴων
1529 465 1632 536 ἔφυ
1684 466 1907 535 γονέων,

276 555 284 560 ’
333 553 433 608 καὶ
467 555 570 624 τῆς
595 551 886 608 ὁποιασοῦν
915 554 1072 626 ῥίζης
1105 555 1464 628 ὲξεϐλάστησε
1495 558 1674 629 ὅρπηξ
1693 600 1706 624 ,
1735 559 1912 627 λέγειν

329 646 436 700 οὐκ
461 646 764 712 ἀναγκαῖον
800 647 924 716 ἐμοί
945 664 958 678 ·
986 647 1068 700 ὅτι
1107 648 1182 720 μὴ
1230 650 1372 702 κατὰ
1408 649 1524 720 βίου
1567 651 1846 722 διήγησιν,
1877 651 1911 722 ἢ

331 737 458 792 καθ’
510 736 752 808 ἱστορίας
811 737 998 808 νόμον,
1050 739 1080 790 ὁ
1139 739 1331 810 παρών
1400 757 1502 810 μου
1558 741 1912 795 συντέτακται

331 827 512 898 λόγος,
548 828 688 898 πλὴν
736 829 785 880 εί
836 827 913 898 μὴ
955 827 1074 882 κατ’
1115 829 1394 900 ὲγκωμίου
1427 830 1654 899 δύναμιν
1685 831 1911 903 παροδι-

332 919 450 982 κῶς
481 919 850 990 ἐσχεδίασται.
887 919 1038 972 Φιλεῖ
1059 920 1169 990 γὰρ
1194 921 1266 982 ὡς
1299 920 1368 972 τὰ
1398 920 1569 974 πολλὰ
1595 921 1706 974 τῶν
1735 924 1912 990 ἐγκω-

335 1007 640 1080 μιαζόντων
683 1011 713 1064 ὁ
751 1007 928 1078 λόγος,
963 1010 1090 1072 τοὺς
1135 1009 1473 1078 πολυσχιδείς
1525 1010 1634 1063 τῶν
1685 1011 1912 1081 μακρῶν

335 1099 627 1167 ἐκφεύγειν
679 1097 1064 1168 άφηγημὰτων
1116 1097 1388 1161 διαύλους,
1439 1098 1515 1161 ὡς
1565 1097 1633 1152 ἂν
1682 1099 1758 1171 μὴ
1803 1100 1914 1154 τῶν

333 1189 642 1246 ἀκουὸντων
709 1188 1171 1252 ἀποκναισθέντες
1235 1189 1416 1254 τινὲς,
1480 1195 1760 1263 προσκορῆ
1819 1191 1914 1246 τὸν

333 1277 493 1348 λόγον
527 1270 765 1350 ἡγοῖντο,
789 1283 856 1350 τῇ
892 1280 1054 1350 ἀηδίᾳ
1085 1281 1186 1350 τῆς
1213 1281 1598 1353 μακρηγορίας
1639 1281 1912 1352 βαρούμε-

331 1387 439 1426 νοι.
483 1369 624 1440 Ἐγὼ
673 1371 730 1424 δὲ
762 1369 798 1424 ά
835 1371 1102 1424 συνοίσειν
1131 1365 1250 1426 οἶδα
1295 1375 1412 1436 τοῖς
1448 1389 1508 1426 τε
1557 1372 1913 1444 συνειλεγμέ-

331 1475 468 1524 νοις,
490 1461 655 1529 κάμοὶ
670 1461 746 1531 τῷ
765 1461 865 1532 τὴν
893 1463 1267 1534 πνευματικὴν
1281 1463 1392 1517 τῶν
1421 1463 1592 1532 λόγων
1618 1465 1747 1534 ὑμῖν
1779 1469 1915 1520 παντὶ

329 1551 549 1606 δαισίαν
573 1554 929 1624 προτείνοντι,
947 1555 1122 1610 ταῦτά
1151 1573 1222 1626 φη
1233 1573 1313 1626 μι,
1330 1555 1423 1608 τοῦ
1443 1556 1602 1624 λόγου
1626 1557 1723 1628 τὴν
1739 1558 1914 1629 ἀρχὴν

331 1645 560 1699 αὐτόθεν
591 1645 934 1718 ποιούμενος,
962 1647 1085 1702 ὅθεν
1119 1647 1284 1702 αὑτὸν
1313 1650 1444 1719 ἡμῖν
1480 1649 1512 1720 ἡ
1539 1649 1702 1721 χάρις
1734 1649 1910 1720 ὲγνώο

335 1751 509 1806 ρισεν.

417 1826 720 1897 ’Υπεριδὼν
749 1828 857 1899 γὰρ
891 1822 1046 1892 οὗτος
1075 1831 1169 1884 καὶ
1201 1828 1394 1899 γένους
1437 1831 1532 1885 καὶ
1559 1831 1788 1886 πλούτου
1820 1834 1914 1888 καὶ

332 1918 690 1988 περιφανείας
727 1919 968 1989 ἁπάσης,
996 1919 1096 1990 ὅση
1128 1937 1186 1972 τε
1224 1921 1348 1973 καθ’
1383 1921 1654 1992 Ἕλληνας
1685 1923 1912 1994 ἐκράτει

327 2004 476 2074 τότε,
508 2011 605 2062 καὶ
633 2011 733 2080 ὅση
765 2010 918 2080 παρὰ
959 2010 1070 2064 τῶν
1111 2011 1380 2065 σεϐόντων
1426 2012 1496 2066 τὰ
1523 2014 1718 2068 εἴδωλα
1757 2031 1914 2086 περι-

325 2101 562 2170 εκέχυτο
589 2101 719 2166 δόξα
737 2121 748 2131 ·
774 2102 994 2156 πάντων
1017 2119 1074 2155 τε
1101 2103 1428 2172 καταφανῶς
1448 2104 1746 2176 ἀλογήσας,
1779 2107 1912 2176 μιᾶς

2017 471 2189 524 ιιιΙίιῖ
2236 470 2374 536 Quis
2408 485 2438 524 a
2470 472 2644 540 prima
2677 479 2838 525 aetate
2874 469 3077 535 fuerit,
3117 471 3389 541 quibusve
3433 481 3594 528 natus

2015 561 2364 630 parentibus,
2391 575 2459 632 ac
2486 575 2554 614 ex
2585 575 2690 628 qua
2721 559 2939 614 demum
2969 559 3156 615 radice
3187 559 3458 628 surculus
3473 575 3594 630 ger-

2015 651 2336 716 minaverit,
2387 651 2812 721 haudquaquam
2861 650 3146 704 habuerim
3183 665 3322 720 opus
3366 651 3590 716 dicere;

2013 744 2110 812 qui
2149 758 2257 798 non
2307 743 2455 798 velut
2485 743 2802 798 enarrando
2833 740 3026 807 vitam,
3061 757 3125 796 ac
3153 741 3312 812 juxta
3349 742 3596 796 historia:

2015 837 2212 906 legem,
2249 835 2470 889 huncce
2505 848 2814 889 sermonem
2859 833 3294 902 composuerim,
3338 847 3440 887 nec
3486 833 3590 888 nisi

2015 940 2114 996 pro
2145 925 2384 980 encomii
2413 925 2631 978 ratione
2661 918 2846 978 obiter
2876 924 3196 978 erudierim.
3217 923 3430 994 Quippe
3455 925 3572 978 sole

2016 1016 2336 1086 plerumque
2355 1015 2748 1068 encomiastica
2775 1015 2952 1066 oratio
2979 1027 3296 1082 magnarum
3321 1011 3594 1067 narratio-

2014 1122 2143 1162 num
2175 1106 2344 1162 veluti
2378 1105 2696 1170 reciprocos
2725 1119 2787 1160 ac
2819 1104 3155 1172 multiplices
3177 1103 3356 1157 vitare
3389 1103 3590 1157 circui-

2013 1205 2126 1264 tus,
2186 1206 2246 1252 ut
2313 1213 2382 1254 ne
2427 1197 2521 1268 qui
2575 1196 2862 1251 auditores
2915 1195 3213 1266 injucunda
3273 1195 3592 1265 prolixitate

2015 1289 2204 1345 oll'ensi
2237 1289 2587 1359 gravatique,
2615 1287 2909 1343 taediosum
2961 1299 3272 1342 sermonem
3307 1283 3592 1338 cxistima«

2015 1383 2216 1436 vcrint.
2251 1379 2518 1450 Equidem
2553 1380 2596 1436 si
2628 1394 2737 1449 qua
2769 1393 2974 1434 novero
3017 1369 3418 1439 conducibilia,
3471 1383 3586 1428 tum

2016 1474 2250 1528 collecto
2277 1473 2468 1538 coetui,
2511 1483 2622 1527 tttm
2667 1473 2801 1526 mihi
2832 1471 2956 1540 'ipsi
3003 1469 3092 1540 qui
3141 1467 3388 1538 spiritale
3431 1465 3589 1521 vobis

2015 1578 2332 1618 sermonum
2385 1563 2702 1618 convivium
2763 1575 3002 1631 appono,
3050 1561 3166 1614 hmc
3204 1558 3408 1622 dicam,
3459 1555 3587 1608 inde

2017 1653 2290 1707 sermonis
2341 1651 2492 1706 dicto
2529 1650 2795 1714 exordio,
2837 1649 2984 1704 unde
3032 1663 3156 1703 eum
3207 1647 3370 1702 nobis
3413 1645 3588 1715 gratia

2015 1753 2209 1798 notum
2247 1743 2395 1799 fecit.

2084 1835 2184 1892 llic
2217 1837 2385 1903 enim,
2417 1845 2474 1890 et
2505 1849 2706 1904 genere
2747 1843 2934 1904 spreto
2963 1841 3018 1887 et
3053 1832 3286 1894 divitiis,
3327 1829 3588 1899 omnique

2011 1927 2330 1997 splendore,
2381 1941 2444 1980 ac
2494 1921 2694 1996 si'qua
2749 1926 2804 1979 id
2855 1925 3118 1994 temporis
3175 1921 3318 1992 apud
3366 1920 3589 1975 Graecos

2011 2021 2282 2074 obtineret
2308 2019 2442 2090 (3|),
2473 2019 2517 2074 si
2549 2034 2656 2088 qua
2683 2017 2850 2073 etiam
2874 2017 2941 2072 ab
2975 2017 3246 2070 idolorum
3275 2011 3588 2068 cultoribus

2013 2112 2256 2181 undique
2281 2109 2458 2166 atl'nsa
2493 2111 2670 2182 gloria
2694 2119 2864 2176 esset,
2897 2109 3266 2177 omnibusque
3295 2103 3589 2176 perspicue

326 2191 793 2262 ἐπεθύμειδόξης,
822 2191 919 2247 τοῦ
951 2195 1129 2248 πᾶσαν
1161 2195 1262 2264 μὲν
1297 2197 1519 2265 ἀφεῖναι
1546 2196 1646 2267 τὴν
1677 2190 1905 2267 πάτριον

2010 2203 2298 2284 peglectis,
2341 2203 2480 2256 hanc
2517 2217 2678 2257 unam
2725 2202 2953 2272 gloriam
2989 2199 3342 2256 desiderabat
3371 2215 3385 2251 :
3415 2204 3473 2250 ut
3502 2197 3586 2249 ni-

326 2285 628 2338 πολυθεῖαν
675 2286 772 2338 καὶ
817 2285 1191 2357 δεισιδαίμονα
1233 2287 1463 2358 πλάνην,
1513 2290 1684 2360 μόνης
1715 2290 1772 2344 δὲ
1811 2291 1911 2362 τῆς

327 2375 454 2430 καθ’
497 2378 645 2447 ἡμᾶς
693 2375 867 2446 Ἰησοῦ
907 2377 1195 2447 θεοσοφίας
1231 2378 1376 2432 κατὰ
1420 2379 1636 2450 μέθεξιν
1670 2381 1910 2454 άρῤητον

329 2468 694 2538 μεγαλοφυῶς
735 2469 1163 2540 ἐπιδράξασθαι,
1210 2473 1302 2524 καὶ
1334 2471 1454 2534 ὅλος
1482 2471 1605 2525 ὅλου
1648 2473 1909 2541 γενέσθαι

328 2558 424 2612 τοῦ
457 2558 712 2627 ἐραστοῦ,
743 2560 840 2613 καὶ
877 2561 978 2630 τῆς
1006 2562 1405 2632 Χριστιανικῆςι
1435 2561 1672 2632 μερίδος.
1707 2563 1816 2616 Καὶ
1846 2563 1908 2628 δὴ

326 2651 426 2702 καὶ
456 2649 722 2720 γεγένητο
746 2689 762 2714 ,
793 2651 1270 2722 προσκεκληκότος
1307 2653 1470 2709 αὑτὸν
1493 2655 1590 2708 τοῦ
1627 2653 1786 2720 Θεοῦ,
1817 2654 1910 2708 καὶ

323 2737 406 2809 τῷ
435 2738 613 2792 πάντα
631 2738 921 2807 φωτίζοντι
955 2741 1229 2810 πνεύματι
1259 2742 1358 2806 τὰς
1381 2743 1602 2814 τρίϐους
1632 2743 1780 2813 αύτῷ
1809 2743 1908 2812 τῆς

326 2827 591 2899 ἀληθείας
609 2830 701 2882 ἐπὶ
720 2829 780 2882 τὸ
811 2829 1170 2900 εὐαγγελικδν
1189 2831 1602 2901 διομαλίσαντος
1622 2833 1905 2904 κήρυγμα.

337 2921 628 2976 Ἐντεῦθεν
671 2921 750 2992 τῷ
799 2921 1007 2994 φαεινῷ
1062 2922 1350 2994 λαμπτῆρι
1394 2924 1492 2994 τῆς
1538 2924 1908 2994 ἀποστολικῆς

321 3011 674 3084 ὀμηγύρεως,
694 3011 894 3084 Παύλῳ
921 3013 986 3086 δὴ
1006 3013 1170 3083 λέγω,
1197 3013 1276 3084 τῷ
1299 3015 1440 3068 κατὰ
1463 3014 1624 3086 νόμον
1641 3015 1904 3085 ἐννόμως,

269 3142 278 3148 -
325 3105 426 3158 καὶ
457 3103 602 3158 κατὰ
633 3105 793 3176 χάριν
813 3105 872 3160 ἐν
899 3106 1086 3176 χάριτι
1115 3105 1498 3176 διαπρέψαντι,
1538 3106 1906 3177 συμπλακεὶς,

325 3195 529 3260 ὀπαδδς
586 3196 682 3250 καὶ
739 3195 1076 3268 συνέκδημος
1122 3197 1374 3266 γίνεται·
1421 3197 1517 3250 καὶ
1563 3198 1655 3251 τὸν
1695 3198 1907 3252 ἐκείνου

325 3285 488 3358 ζῆλον
521 3285 600 3356 τῷ
625 3287 727 3358 ἴσῳ
759 3287 904 3358 ζήλῳ
942 3287 1302 3360 μιμούμενος,
1345 3286 1594 3358 ζηλωτὴς
1620 3288 1717 3342 καὶ
1745 3289 1909 3351 αὐτὸς

325 3376 734 3432 ἀναδείκνυται.
765 3379 877 3432 Καὶ
917 3378 981 3448 δὴ
1024 3379 1368 3449 μεταστάτης
1399 3376 1494 3431 τοῦ
1526 3377 1783 3449 πατρῴου
1816 3378 1906 3432 νό-

329 3484 436 3538 μου
455 3467 770 3538 λεγὸμενος,
795 3469 890 3524 καὶ
915 3471 1015 3540 τῆς
1049 3468 1269 3540 ὲθνικῆς
1300 3469 1512 3532 ἐννοίας
1531 3469 1636 3540 τὴν
1659 3469 1908 3524 διάκενον

324 3557 778 3630 ὲθελοθρησκείαν
818 3559 1343 3628 ἀποσκευασάμενος
1365 3597 1382 3623 ,
1421 3561 1505 3622 εἰς
1531 3559 1758 3630 οὐρανὸν
1783 3559 1906 3628 ὅλον

324 3649 392 3702 δι’
431 3649 553 3704 ὅλου
605 3648 876 3720 μετέθηκε
913 3649 973 3706 τὸ
1021 3649 1353 3720 πολίτευμα.
1387 3652 1454 3704 ’0
1489 3650 1547 3704 δὲ
1593 3651 1792 3722 μικροῦ
1837 3669 1904 3722 με

323 3741 574 3811 διέφυγε,
603 3741 984 3813 παραδραμεῖν
1012 3743 1110 3813 οὐχ
1146 3744 1313 3797 ὅσιον.
1347 3745 1548 3813 Ἔτυχε
1579 3745 1788 3797 τουτονὶ
1814 3745 1905 3797 τὸν

297 3830 554 3902 ,διαφανῆ
579 3830 672 3884 τοῦ
697 3831 935 3902 Χριστοῦ
968 3833 1336 3902 μαργαρίτην,
1355 3834 1447 3886 τὸν
1471 3833 1740 3903 πολυτελῆ
1759 3835 1904 3902 λέγω

319 3920 489 3988 λίθον,
529 3923 628 3992 οὐχ
666 3914 830 3994 ἦττον
877 3923 911 3992 ἢ
957 3923 1049 3976 τὸν
1089 3921 1183 3976 τοῦ
1242 3923 1550 3994 Ζοροϐάϐελ
1586 3924 1734 3978 λίθον
1760 3927 1905 3980 ὲπτά

319 4011 621 4081 ὀφθαλμοῖς
653 4011 1051 4082 κοσμούμενον,
1084 4014 1193 4083 ὅσῳ
1223 4015 1317 4067 καὶ
1350 4015 1460 4069 τῶν
1487 4015 1727 4086 χαρίτων
1765 4033 1903 4069 κατ-

319 4103 550 4171 εκόσμει
581 4103 674 4155 τὸν
721 4103 1010 4170 στέφανον,
1057 4105 1328 4172 συγγενέα
1373 4105 1466 4159 τὸν
1496 4107 1748 4176 τηνικάδε
1803 4109 1903 4178 τῆς

317 4192 503 4264 χώρας
535 4193 846 4248 ἀνθύπατον
873 4193 1040 4265 ἔχειν,
1085 4197 1179 4249 καὶ
1208 4197 1334 4259 τοὺς
1369 4198 1510 4256 κατὰ
1541 4197 1698 4264 γένος
1731 4215 1901 4266 προσ-

316 4284 586 4352 ήκοντας,
632 4277 714 4346 οἷς
766 4283 956 4346 Μίνως
1005 4284 1101 4336 καὶ
1167 4284 1542 4354 Ῥαδάμανθυς
1584 4286 1634 4340 οἱ
1670 4289 1735 4340 ὲκ
1777 4287 1900 4350 Διὸς

316 4373 492 4445 ἤστην
523 4375 876 4444 πρωτόγονοι.

391 4465 498 4517 Καὶ
529 4463 596 4535 δὴ
628 4463 706 4533 τῷ
752 4464 944 4536 κράτει
999 4464 1095 4518 τοῦ
1154 4465 1452 4534 συγγενέας
1479 4467 1896 4540 ⁴ὲπιθαρσήσας,

313 4555 581 4626 οὐμενοῦν
615 4557 667 4610 εἴ
697 4574 747 4610 τι
779 4558 874 4610 καὶ
897 4556 1005 4608 δέοι
1045 4556 1239 4610 παθεῖν
1265 4557 1470 4619 δείσας,
1514 4557 1687 4626 καλὴν
1719 4557 1905 4628 ἑαυτῷ

313 4648 418 4717 τῆς
445 4648 529 4710 είς
555 4647 788 4716 Χριστὸν
820 4647 1053 4710 πίστεως
1073 4689 1087 4712 ,
1123 4648 1222 4718 τὴν
1249 4650 1306 4703 ὲν
1342 4649 1632 4718 γράμματι
1672 4651 1899 4718 νομοθε-

313 4739 438 4792 σίαν
466 4736 785 4807 ύποϐάθραν
815 4735 1118 4806 προύθηκε.
1145 4737 1463 4808 Περιτυχὼν
1499 4737 1604 4807 γὰρ
1632 4738 1742 4791 τῶν
1767 4739 1898 4793 Μω-

313 4828 520 4882 σαῖκῶν
560 4826 804 4898 βιϐλίων,
838 4828 935 4882 καὶ
963 4829 1063 4898 τῆς
1103 4827 1371 4898 Ἐϐραίων
1399 4829 1620 4898 ἁπάσης
1648 4830 1893 4899 Γραφῆς,

310 4919 414 4974 καὶ
448 4920 662 4983 τούτοις
687 4919 763 4984 ὡς
815 4919 1050 4990 μάλιστα
1093 4919 1405 4989 φιλομαθῶς
1448 4921 1895 4991 ὲναπασχο).ήσας

309 5007 407 5064 τὸν
434 5008 589 5074 νοῦν,
627 5009 721 5062 καὶ
749 5008 870 5074 ὅλος
893 5008 1000 5080 ὅλῳ
1031 5007 1397 5078 στοιχειωθεὶς
1421 5049 1434 5072 ,
1469 5009 1642 5072 οὕτως
1675 5010 1734 5062 ἐν
1764 5009 1895 5078 βρα-

389 5195 416 5234 P
443 5183 692 5254 Zachar._
713 5203 796 5252 ιιι,
827 5186 879 5242 9.

2011 2295 2208 2349 mirum
2240 2303 2526 2366 paternam
2548 2308 2764 2348 omnem
2791 2292 3028 2363 plurium
3056 2292 3280 2345 deorum
3307 2288 3586 2356 deceptio-

2012 2400 2176 2450 nem,
2247 2399 2309 2436 ac
2375 2382 2823 2451 superstitiosum
2889 2395 3134 2436 errorem
3198 2379 3584 2446 relinqueret,

2011 2481 2257 2528 nostram
2285 2480 2466 2526 autem
2491 2471 2620 2526 Jesu
2656 2471 2979 2541 religionem
3009 2468 3270 2524 ineffabili
3292 2465 3587 2537 participio

2007 2563 2432 2630 magnanimiler
2459 2561 2915 2632 apprehemleret,
2959 2567 3216 2628 totusque
3248 2559 3420 2612 totius
3445 2571 3577 2626 pra:-

2009 2652 2208 2721 cupide
2243 2653 2432 2716 amati,
2468 2666 2533 2706 ac
2563 2651 3008 2706 Christianorum
3038 2649 3278 2719 partium
3311 2647 3484 2706 ﬁeret.
3510 2647 3587 2700 Ac

2011 2744 2174 2812 plane
2217 2744 2290 2796 ita
2337 2743 2540 2808 evenit,
2581 2749 2820 2796 vocante
2871 2739 3005 2804 Deo,
3041 2754 3107 2792 ac
3140 2737 3348 2806 Spiritu
3400 2736 3582 2792 omnia

2010 2834 2366 2897 illustrante,
2420 2832 2672 2888 veritatis
2710 2831 2759 2885 ei
2794 2829 3024 2886 semitas
3077 2827 3146 2882 ad
3199 2825 3583 2896 Erangelicam

2008 2923 2458 2995 praedicationem
2495 2923 2907 2992 complanante.
2942 2919 3080 2974 Hinc
3130 2917 3425 2987 splendido
3457 2929 3587 2984 apo-

2010 3015 2191 3071 stolici
2223 3022 2401 3069 castus
2434 3013 2721 3074 luminari,
2752 3009 2950 3074 Paulo,
2981 3011 3228 3077 inquam,
3262 3007 3356 3076 qui
3381 3005 3435 3059 in
3472 3005 3587 3073 lege

2011 3121 2109 3176 pro
2165 3106 2302 3175 legis
2355 3105 2590 3168 ratione,
2641 3105 2696 3156 in
2744 3103 2922 3172 gratia
2966 3107 3148 3155 autem
3211 3105 3586 3153 consentanee

2009 3197 2208 3251 enituit
2243 3195 2455 3264 gratiae,
2492 3195 2781 3248 adhaerens
2803 3195 2965 3260 eique
3000 3191 3342 3262 implicatus.
3371 3187 3586 3242 itineris

2009 3286 2194 3342 socius
2223 3285 2456 3340 cllicitur
2485 3301 2547 3340 ac
2575 3285 3081 3356 peregrinationum
3113 3298 3299 3338 comes
3323 3299 3336 3336 :
3359 3281 3588 3350 ejusque

2007 3375 2438 3437 aemulationem,
2470 3373 2591 3444 pari
2610 3374 2962 3428 aunulatione
2983 3374 3253 3438 imitatus,
3283 3374 3446 3427 etiam
3471 3371 3589 3439 ipse

2007 3469 2295 3522 aemulator
2323 3466 2658 3522 ostenditur.
2691 3464 2872 3536 Atque
2903 3479 2934 3518 a
2965 3474 3192 3535 paterna
3216 3463 3586 3532 commigrans
3633 3521 3636 3525 ,

2008 3557 2146 3625 lege,
2175 3556 2543 3628 gentilitiique
2571 3570 2770 3612 sensus
2801 3555 2953 3610 inani
2989 3553 3390 3624 superstitione
3433 3552 3587 3606 able-

2005 3656 2173 3718 gata,
2236 3655 2404 3701 totam
2457 3663 2690 3718 prorsus
2741 3647 3217 3702 conversationem
3271 3644 3328 3698 in
3384 3645 3584 3698 caelum

2007 3738 2318 3794 transtulit.
2363 3737 2560 3794 Verum
2608 3739 2751 3793 haud
2812 3754 3027 3810 aequum
3086 3736 3280 3799 fuerit,
3335 3745 3392 3790 ιιι
3435 3735 3585 3806 quod

2005 3828 2121 3884 fere
2149 3827 2438 3898 elfugerat,
2486 3837 2868 3899 praetereatur.
2903 3829 3150 3900 Contigit
3195 3836 3255 3884 ut
3306 3826 3583 3899 pellucida

2006 3921 2120 3976 haec
2155 3920 2364 3976 Christi
2431 3921 2768 3990 margarita;
2797 3921 3094 3989 pretiosus,
3141 3924 3388 3990 inquam,
3416 3917 3582 3985 lapis,

2004 4022 2112 4064 non
2145 4007 2330 4062 minus
2359 4021 2525 4076 quam
2549 4007 2690 4076 lapis
2720 4007 2809 4061 ille
2838 4007 3142 4062 Zorohabel
3165 4009 3340 4063 oculis
3371 4015 3580 4076 septem

2003 4107 2232 4176 Ornatus
2267 4109 2312 4162 P,
2355 4113 2466 4168 quo
2493 4106 2548 4152 et
2583 4097 2891 4168 gratiarum
2922 4099 3254 4168 pcrornabat
3275 4110 3580 4160 coronam;

2001 4191 2247 4261 regionis
2292 4205 2391 4260 per
2441 4189 2496 4244 id
2546 4199 2762 4258 tempus
2807 4189 3196 4260 proconsulem
3227 4188 3583 4258 'cognatione

2001 4283 2314 4352 attingeret,
2333 4282 2670 4350 haberetque
2686 4296 2884 4352 genere
2897 4280 3234 4350 propinquos
3247 4279 3470 4348 ,quibus
3484 4277 3552 4330 Mi
3565 4303 3584 4315 η

1928 4381 1974 4437 D
2003 4391 2105 4431 nos
2121 4373 2663 4439 etRbadamanthus,
2687 4367 2839 4428 Jovis
2860 4374 2978 4437 lilii,
3007 4371 3195 4442 proavi
3214 4370 3577 4426 exstitissent.

2073 4465 2306 4536 Cognati
2353 4464 2541 4530 itaque
2570 4471 2844 4534 potestate
2895 4462 3046 4528 fisus,
3084 4477 3183 4517 nec
3215 4477 3350 4517 sane
3375 4461 3582 4515 veritus

2003 4556 2050 4612 si
2082 4555 2216 4625 quid
2242 4557 2408 4609 etiam
2432 4564 2577 4610 esset
2607 4555 3000 4624 perferendum
3026 4572 3040 4622 ;
3070 4553 3296 4626 pulchre
3327 4553 3436 4608 sibi
3467 4553 3582 4622 ipse

2002 4648 2175 4717 legem
2210 4647 2264 4700 in
2301 4647 2486 4702 littera
2520 4648 2758 4716 positam
2801 4647 2868 4702 ad
2901 4647 3106 4702 Christi
3141 4646 3302 4702 fidem
3351 4645 3580 4717 gradum

2002 4737 2324 4792 substravit.
2380 4735 2588 4793 Nactus
2626 4737 2772 4792 enim
2823 4739 2996 4793 libros
3031 4737 3233 4804 Mosis,
3297 4743 3581 4806 totamque

2002 4826 2362 4881 Hebraeorum
2402 4827 2772 4896 Scripturam,
2811 4834 2976 4897 atque
3005 4827 3060 4880 in
3092 4826 3162 4882 iis
3205 4825 3454 4880 studiose
3477 4823 3578 4898 ad-

2005 4918 2226 4974 modum
2267 4919 2444 4988 posita
2478 4933 2670 4988 opera,
2707 4902 2968 4988 totusque
3004 4926 3187 4975 mente
3217 4925 3328 4973 tota
3371 4917 3572 4972 instru-

2001 5017 2168 5075 ctus,
2221 5009 2299 5063 ita
2351 5009 2505 5064 brevi
2561 5009 2756 5065 didicit
2806 5009 3051 5081 linguam
3105 5009 3466 5076 llcbraicam,
3517 5014 3578 5061 ut

1645 5337 2041 5396 COMBEFISII
2081 5338 2315 5401 ΝΟΤᾹΞ.

385 5479 500 5548 (3|)
544 5479 606 5535 Si
642 5496 747 5548 qua
775 5479 917 5548 apud
961 5477 1172 5533 ercos
1208 5479 1380 5546 gloria
1417 5478 1694 5548 obtineret.
1738 5479 1885 5548 ’ξΟση

305 5565 372 5601 τε
407 5547 528 5602 καθ’
557 5547 828 5619 Ἕλληνας
861 5547 1085 5619 ἐκράτει
1119 5549 1271 5600 τότεο
1305 5564 1499 5617 nempe
1529 5547 1654 5619 δόξα
1679 5564 1708 5601 a
1735 5547 1884 5619 Gracé

310 5619 527 5674 canicis
563 5612 874 5681 disciplinis
927 5612 976 5672 et
1023 5623 1248 5672 externa
1311 5612 1758 5687 sapientia,'qua
1807 5618 1884 5671 illi

311 5687 609 5756 plurimum
642 5688 1063 5760 gloriabantur:
1134 5701 1298 5756 quam
1369 5687 1656 5758 sapientia
1709 5702 1882 5744 saecu-

1997 5482 2165 5547 laris,
2235 5480 2561 5538 Citristianm
2614 5482 2894 5552 religionis
2943 5499 3132 5546 causa,
3188 5489 3566 5552 contemptam
3665 5486 3671 5492 '

1994 5551 2249 5619 gloriam,
2303 5553 2502 5608 merito
2547 5551 2919 5620 deprmdicant
2975 5555 3030 5609 in
3069 5553 3276 5608 Basilio
3308 5563 3360 5608 et
3410 5551 3568 5607 Simic

1997 5622 2159 5691 libus,
2189 5624 2280 5693 qui
2316 5639 2406 5679 res
2439 5638 2626 5680 eorum
2660 5621 2965 5704 celebrant.
