3978 6140
224 270 359 340 1119

1409 290 1493 351 ΙΝ
1523 289 1978 353 APOSTOLUM
2008 290 2275 353 TlTUM.

3354 282 3496 349 1150

220 383 394 454 ὄνομα
414 387 623 458 Κυρίου
655 389 879 445 ἐνώπιον
908 392 1079 446 ἐθνῶν
1102 396 1195 450 καὶ
1225 394 1510 464 βασιλέων.
1538 397 1606 450 δι’
1651 397 1797 450 Ἀνα-

1912 397 2044 451 mini
2079 414 2265 453 coram
2307 398 2565 468 gentibus
2598 407 2657 455 et
2690 397 2942 470 regibus,
2993 412 3095 454 ceu
3130 395 3324 452 divino
3359 392 3488 463 Spi-

218 474 335 528 νίου
371 477 465 529 τοῦ
492 478 633 531 πάνυ
684 484 1110 553 χρησμῳδοῦται
1149 486 1302 558 παρὰ
1345 486 1440 539 τοῦ
1473 486 1804 556 πνεύματος,

216 566 486 640 ἀλείπτης
526 572 648 625 ἀντὶ
680 573 934 643 διώκτου,
979 580 1074 633 καὶ
1121 579 1301 650 κῆρυξ
1334 581 1455 633 ἀντὶ
1482 580 1804 649 βλασφήμου

216 661 524 745 γινόμενος..
558 667 655 717 Ὃν
680 666 801 719 τότε
845 671 912 740 τῇ
952 668 1201 740 ὀξυωπίᾳ
1233 671 1330 723 τοῦ
1377 671 1689 740 πνεύματος
1723 674 1807 724 ὲν-

219 751 346 809 ιδὼν
375 755 404 806 ὁ
440 752 734 823 θεσπέσιος
770 758 947 827 Τίτος,
980 761 1076 815 καὶ
1104 759 1204 835 τὴν
1236 762 1625 833 περιχυθεῖσαν
1655 763 1807 833 αὑτῷ

215 850 314 922 τῆς
356 849 507 916 θείας
560 855 786 923 χάριτος
838 856 1178 928 θεολαμπίαν
1228 862 1614 931 κατανοήσας,
1684 862 1805 924 ὅλος

215 941 432 1008 γίνεται
472 943 569 997 τοῦ
620 946 970 1012 καλέσαντος,
1023 950 1117 1003 καὶ
1159 951 1234 1013 ὡς
1278 950 1343 1004 ἄν
1382 968 1488 1020 περ
1529 952 1596 1004 δι’
1640 952 1803 1006 αὑτὸν

215 1034 502 1089 ἐπιστάντι
547 1036 596 1068 ⁸³
641 1036 720 1107 τῷ
766 1040 992 1109 κήρυκι.
1039 1041 1249 1096 Αὐτίκα
1304 1042 1541 1112 μάλιστα
1589 1044 1700 1095 τῶν
1745 1045 1804 1097 ἐν

216 1127 378 1179 ποσὶν
426 1128 683 1182 ἁπάντων
716 1130 1012 1200 ἀφέμενος,
1060 1133 1156 1186 καὶ
1196 1134 1330 1186 πᾶσι
1372 1133 1582 1205 χαίρειν
1631 1132 1802 1188 εἰπὼν

214 1221 351 1280 τοῖς,
372 1221 473 1273 ὅσα
494 1221 717 1275 κλέπτει
748 1220 846 1293 τὴν
865 1222 1139 1294 αἴσθησιν,
1172 1225 1455 1294 πρόσεισιν
1481 1223 1629 1294 αὑτῷ
1662 1223 1801 1295 μετὰ

214 1309 411 1365 πολλοῦ
441 1311 536 1365 τοῦ
576 1314 944 1383 συστήματος.

288 1400 399 1453 Καὶ
424 1400 636 1468 γίνεται
675 1401 773 1470 μὲν
804 1402 873 1454 τὰ
897 1402 1090 1473 πρῶτα
1125 1402 1232 1455 τῶν
1256 1404 1504 1474 συνήθων
1537 1404 1629 1457 καὶ⁴
1662 1419 1801 1472 γνω-

216 1492 394 1562 ρίμων
414 1489 515 1556 εἷς,
555 1494 674 1562 μετ’
706 1493 766 1546 οὑ
798 1492 934 1547 πολὺ
963 1494 1020 1546 δὲ
1057 1493 1310 1557 σύσσιτος
1343 1495 1439 1548 καὶ⁵
1472 1497 1795 1566 ὁμόσκηνος.

227 1582 318 1646 Ὠς
341 1582 399 1636 δὲ
417 1584 530 1646 τοῖς
560 1583 750 1654 πρόσω
779 1584 972 1655 χωρῶν
992 1585 1020 1637 ό
1044 1584 1348 1655 θαυμάσιος
1370 1584 1697 1655 ἐπεγνώσθη
1722 1585 1800 1657 τῷ

212 1673 619 1743 προγωσθέντι
664 1674 808 1742 Θεῷ,
854 1676 948 1728 καὶ
985 1679 1096 1738 τοῖς
1130 1676 1271 1746 ὑπὲρ
1314 1676 1436 1729 λίαν
1476 1678 1796 1741 ἀποστόλοις

1907 488 2047 542 ritus
2088 490 2342 549 oraculo,
2376 504 2476 557 per
2514 505 2773 561 magnum
2825 488 2983 543 illum
3041 483 3310 540 Ananiam
3353 495 3482 551 pro-

1907 578 2248 633 nuntiatur:
2300 580 2497 649 aliptes
2537 580 2718 635 factus
2765 595 2832 635 ex
2883 583 3261 648 persecutore,
3308 581 3364 628 et
3413 586 3479 626 ex

1907 669 2235 738 blaspheme
2272 671 2622 740 praedicator.
2666 672 2803 725 Eum
2847 678 2981 723 tunc
3012 664 3323 737 perspicaci
3362 664 3480 732 spi-

1905 760 2045 835 ritus
2085 762 2250 815 oculo
2282 763 2518 817 intuitus
2556 761 2896 817 admirabilis
2928 759 3104 823 Titus,
3136 757 3482 824 afl'usamque

1907 849 2011 921 ipsi
2045 851 2220 907 divini
2270 853 2589 922 splendoris
2648 853 2882 922 gratiam
2929 848 3252 921 diligentius
3305 854 3485 899 atten—

1904 942 2065 1006 dens,
2118 950 2267 998 totus
2320 944 2378 997 fit
2414 945 2566 998 illius
2612 943 2712 1014 qui
2758 952 3033 1005 vocasset,
3087 940 3293 1009 quique
3331 937 3482 992 velut

1904 1032 2077 1101 ipsius
2105 1047 2276 1088 causa
2308 1034 2576 1088 astitissct
2620 1032 2970 1104 praedicatori
3002 1031 3140 1099 (33).
3172 1027 3483 1097 Extemplo

1904 1126 2146 1176 maxime
2181 1124 2439 1179 omnibus
2469 1138 2499 1177 a
2548 1139 2609 1179 se
2656 1123 2847 1193 procul
2888 1120 3157 1184 dimissis,
3198 1127 3367 1188 atque
3410 1120 3482 1174 iis

1903 1212 2126 1281 penitus
2168 1214 2351 1267 valere
2391 1213 2562 1281 jussis
2593 1228 2717 1284 qua:
2757 1211 3036 1268 lenocinio
3066 1212 3324 1267 furantur
3353 1225 3482 1267 sen-

1902 1319 2048 1368 sum,
2074 1305 2249 1359 multo
2268 1307 2537 1360 comitatu
2571 1308 2751 1376 ipsum
2782 1306 2920 1360 adit.

1972 1397 2049 1450 Ac
2083 1398 2319 1467 primum
2358 1399 2580 1467 quidem
2623 1414 2769 1455 unus
2802 1412 2996 1453 eorum
3037 1395 3134 1467 qui
3177 1393 3482 1449 familiares

1903 1498 1957 1544 et
1995 1489 2111 1543 noti
2149 1498 2358 1553 essent,
2395 1490 2750 1557 postmodum
2802 1504 2938 1545 vero
2986 1489 3151 1544 etiam
3194 1499 3480 1540 commen-

1903 1578 2038 1632 salis
2076 1584 2131 1631 et
2171 1577 2586 1633 contubernalis
2615 1578 2868 1635 eflicitur.
2906 1578 3011 1635 Ubi
3047 1589 3229 1633 autem
3262 1574 3347 1629 vir
3374 1573 3481 1627 mi-

1903 1667 2099 1722 rabilis
2136 1666 2202 1721 ad
2229 1668 2490 1723 ulteriora
2523 1669 2851 1738 procedens.
2885 1670 3111 1739 agnitus
3144 1668 3191 1724 ei
3225 1665 3349 1728 fuit,
3381 1662 3477 1735 qni

213 1726 607 1833 πὲιρίσωθέντι,
645 1765 723 1835 τῷ
752 1726 1169 1836 ακραήιιρνεῖήτῆς
1199 1726 1718 1836 saginas...
1744 1726 1796 1822 τὶ

1901 1757 2100 1813 fuisset
2142 1726 2643 1828 praagnitnsﬁeo,
2692 1767 2747 1815 et
2779 1726 2849 1814 iis
2893 1726 2986 1831 qui
3040 1773 3207 1827 supra
3252 1726 3474 1811 modum

215 1855 463 1921 γίνεταις
508 1855 795 1925 συνόμιλος
832 1856 981 1926 αὑτῷ
1015 1856 1201 1910 λοιπὸν
1236 1857 1332 1911 καὶ
1367 1858 1706 1929 συνέκδημος
1737 1860 1798 1914 ὲν

208 1946 289 2015 τῷ
320 1945 412 1998 τοῦ
437 1946 769 2015 Εὑαγγελίου
800 1947 1138 2019 κηρύγματι.
1158 1949 1239 2001 Τὰ
1263 1949 1321 2002 δὲ
1350 1949 1478 2021 ἑξῆς
1507 1952 1661 2004 ὀκνεῖ
1693 1951 1796 2020 μὲν

212 2038 392 2089 εἰπεῖν
418 2038 446 2090 ό
469 2035 648 2104 λόγος,
676 2037 770 2090 ἅτε
807 2037 905 2109 τὴν
939 2038 1214 2109 ἡμετέραν
1254 2040 1619 2110 διαφεύγοντα
1654 2040 1798 2111 γνῶς-

215 2144 326 2190 σιν,
388 2127 482 2180 καὶ
536 2128 822 2200 κρείττονα
867 2128 1006 2201 τάχα
1052 2131 1151 2202 τῆς
1213 2132 1427 2186 πολλῶν
1477 2133 1799 2205 ὑπολήψεως

219 2207 374 2275 ὄντα.
421 2221 535 2289 Ἐφ’
563 2221 599 2275 ὃ.
624 2223 678 2274 δὲ
708 2223 790 2276 δεῖ
811 2223 901 2276 τὸν
925 2224 1082 2291 λόγον
1108 2224 1517 2296 μετοχετεῦσαι,
1541 2228 1629 2280 ἐπ’
1653 2226 1796 2280 αὑτὰ

213 2313 279 2381 δὴ
306 2313 402 2364 καὶ
446 2312 739 2382 τρέψομαι.
781 2309 908 2383 Εἶχε
936 2316 1034 2384 μὲν
1076 2311 1170 2369 οὖν
1204 2318 1367 2370 αὑτὸν
1419 2315 1594 2379 οὕτως
1638 2317 1672 2385 ἡ
1701 2314 1795 2369 τοῦ

219 2403 437 2456 Παύλου
487 2405 731 2473 φροντὶς,
783 2407 1100 2477 πανταχόσε
1145 2408 1659 2480 συμπεριαγόμενον
1703 2408 1797 2461 καὶ

217 2495 543 2565 φερόμενον,
580 2497 675 2549 καὶ
702 2496 770 2529 ⁸³⁸
806 2496 868 2550 τὸ
909 2497 1133 2569 θήραμα
1159 2500 1234 2563 ὡς
1270 2499 1391 2552 λίαν
1428 2501 1653 2571 ἐπίχαρι
1695 2500 1792 2553 καὶ

216 2585 453 2639 πλούτου
493 2586 712 2656 μεστόν.
759 2586 817 2641 ὐ
861 2589 920 2642 δὲ
967 2585 1035 2660 ἦν
1080 2590 1243 2654 εὐθὺς
1280 2592 1346 2644 ὲκ
1380 2590 1605 2662 πρώτης
1646 2590 1795 2660 αὑτῷ

219 2678 478 2749 βλαστης,
537 2678 696 2732 πάνθ’
737 2680 837 2733 ὅσα
883 2684 1256 2751 κατακοσμεῖν
1312 2678 1418 2735 οἶδε
1479 2682 1573 2735 τὸν
1621 2682 1793 2752 ἀρετῇ

214 2769 437 2839 βιοῦντα
480 2770 576 2823 καὶ
612 2770 755 2824 κατὰ
800 2771 934 2825 Θεὸν
978 2773 1347 2844 ἀναγόμενονο
1401 2772 1675 2842 ἐπιεικὴς,
1708 2771 1794 2824 εὑ-

212 2860 435 2933 πειθὴς,
478 2860 822 2933 εὐπρόσιτος,
866 2863 1129 2933 ὑπήκοος,
1179 2864 1318 2934 πρὸς
1368 2863 1674 2935 ἀποστολὴν
1702 2863 1795 2916 εὑ-

213 2951 435 3023 σταλὴς,
467 2953 602 3023 πρὸς
627 2953 905 3007 διακονίαν
926 2953 1255 3025 εὔχρηστος,
1279 2956 1414 3023 πρὸς
1432 2954 1785 3025 καταλλαγὰς

1900 1847 2133 1916 apostoli
2181 1858 2341 1903 erant
2382 1859 2726 1919 exequatus,
2780 1850 3002 1906 sincera
3065 1849 3258 1918 utique
3298 1845 3474 1902 divini

1900 1939 2123 1996 luminis
2159 1940 2548 2008 illustrations,
2586 1942 2720 2014 quid
2755 1942 2997 1999 accidit?
3032 1941 3121 1996 Fit
3149 1940 3367 1994 tandem
3398 1937 3475 1992 illi

1898 2033 2108 2097 socius,
2137 2047 2201 2089 ac
2231 2036 2737 2105 peregrinationum
2780 2051 2965 2091 comes
3001 2034 3057 2088 in
3086 2031 3479 2103 praedicatione

1897 2127 2197 2198 Evangelii.
2225 2126 2426 2182 Rennit
2449 2134 2636 2184 autem
2661 2128 2843 2197 eloqui
2864 2126 3046 2181 oratio
3067 2140 3192 2196 qua:
3213 2123 3478 2192 deinceps

1897 2226 2226 2288 sequuntur,
2259 2227 2316 2273 ut
2342 2234 2473 2289 qua:
2497 2218 2760 2287 effugiant
2790 2227 3041 2274 nostram
3073 2215 3472 2286 cognitionem,

1899 2325 1962 2364 ac
1991 2309 2176 2366 forsan
2206 2301 2418 2381 majOra
2451 2313 2563 2368 sint
2600 2327 2764 2382 quam
2800 2312 2988 2381 plures
3011 2306 3477 2365 existimaverint.

1896 2402 1978 2457 Ad
2015 2417 2077 2457 ea
2105 2418 2237 2457 vero
2265 2413 2585 2460 convertam
2608 2417 2948 2467 sermonem,
2975 2400 3044 2454 ad
3072 2414 3196 2470 quae
3216 2399 3265 2453 is
3289 2397 3478 2451 detor—

1896 2491 2150 2562 quendus
2185 2491 2277 2546 sit.
2312 2492 2407 2546 Sic
2431 2491 2616 2559 itaque
2646 2506 2772 2545 eum
2799 2489 3009 2543 Paulus
3041 2500 3188 2541 curae
3215 2482 3475 2544 habebat,

1897 2588 1957 2634 ut
1983 2581 2135 2636 omni
2165 2580 2289 2636 ioco
2325 2596 2435 2636 una
2468 2580 2934 2644 circumduceret,
2989 2592 3054 2630 ac
3083 2576 3231 2633 velut
3270 2573 3476 2644 gratis-

1897 2670 2093 2725 simam
2122 2671 2453 2740 plenamque
2481 2671 2687 2726 divitiis
2714 2667 2955 2739 prazdam
3001 2665 3189 2721 ferret.
3224 2661 3346 2732 ipse
3380 2676 3479 2714 auo

1897 2768 2007 2815 tem
2041 2774 2071 2813 a
2103 2761 2283 2829 primo
2318 2762 2504 2815 statim
2561 2761 2830 2832 germine,
2871 2759 3054 2815 omnia
3101 2759 3150 2814 ei
3201 2765 3319 2810 erat
3355 2768 3476 2823 qua:

1897 2849 2075 2905 solent
2105 2866 2229 2907 esse
2275 2859 2604 2907 ornamento
2638 2852 2846 2908 viventi
2882 2867 2947 2906 ex
2978 2852 3195 2905 ratione
3231 2847 3475 2908 virtutis.

1896 2943 2120 3013 vitaque
2150 2941 2334 2997 divine
2366 2942 2590 2998 sublimi
2644 2951 2698 2996 et
2744 2941 2856 2997 Deo
2894 2941 3233 2997 subvehente
3279 2938 3426 2992 elata
3460 2953 3475 2988 :

209 3045 524 3114 εὐδαίμων,
589 3045 853 3116 ἀλείπτης
905 3046 1014 3099 τῶν
1077 3047 1419 3111 κοπιώντων,
1483 3047 1591 3100 τῶν
1648 3046 1790 3117 ὑπὲρ

1901 3032 2204 3097 modestus,
2232 3031 2540 3098 snasibilis,
2576 3046 2807 3089 accessu
2845 3030 3049 3094 facilis,
3077 3030 3372 3091 obediens,
3408 3025 3475 3079 ad

209 3133 452 3204 Χριστοῦ
488 3133 794 3187 πονούντων
833 3134 1286 3208 ὑπερασπιστὴς,
1320 3136 1415 3189 καὶ
1455 3136 1590 3206 πρὸς
1619 3136 1794 3190 anew

208 3244 321 3278 των
351 3225 535 3278 καλῶν
577 3225 884 3296 ὀξύρροπον
913 3227 1010 3297 τὴν
1042 3228 1378 3299 μετάκλησιν
1408 3226 1568 3297 ἔχων.
1609 3227 1674 3279 Τί
1702 3244 1793 3298 μοι

208 3319 279 3372 τὰ
332 3318 523 3390 πόρρω
561 3317 761 3384 λέγειν,
818 3320 997 3390 παρὸν
1053 3318 1153 3382 τὰς
1204 3319 1421 3372 Παύλου
1474 3317 1659 3387 φωνὰς
1711 3319 1793 3381 εἰς

213 3409 380 3477 μέσον
417 3409 722 3477 ἀγαγόντα,
746 3409 806 3462 ἐν
831 3412 1025 3474 αὑταῖς
1041 3409 1231 3465 τοῦτον
1254 3411 1382 3480 ὑμῖν
1409 3408 1793 3479 ὲκτυπώτερον

208 3498 470 3565 διαδείξαι
498 3499 612 3564 νῦν,
640 3502 715 3566 ὡς
752 3504 812 3557 ἐν
837 3502 1029 3555 πίνακι
1068 3500 1146 3571 τῷ
1166 3500 1458 3571 γράμματι
1484 3500 1792 3572 στηλογρα-

210 3587 512 3658 φούμενονς
545 3591 642 3654 ’⁵ος
674 3591 985 3663 Κορινθίοις
1014 3591 1349 3644 ἐπιστέλλων
1388 3591 1540 3656 ποτὲ,
1566 3590 1661 3644 καὶ
1695 3589 1794 3661 τὴν

207 3681 293 3743 εἰς
323 3680 387 3733 τὸ
409 3681 673 3752 κήρυγμα
716 3683 1011 3754 δεδομένην
1045 3681 1195 3752 αὐτῷ
1236 3681 1398 3753 χάριν
1428 3682 1793 3754 ἐκδιηγούμε-

206 3787 320 3833 νος,
347 3770 516 3824 αὐτοϋ
564 3789 671 3825 που
716 3774 811 3826 τοῦ
854 3773 1016 3840 λόγου
1061 3773 1373 3843 γενόμενος,
1417 3772 1508 3825 τὸν
1552 3772 1697 3843 ἱερὸν
1729 3773 1793 3843 δὴ

205 3861 399 3915 τοῦτον
447 3863 1033 3934 ὑποσεμνύνει-Τίτον
1083 3865 1142 3917 ὲν
1201 3864 1413 3927 τούτοις
1462 3864 1639 3933 δήπου
1681 3867 1794 3927 τοῖς

208 3954 453 4024 ῥήμασι·
495 3973 515 4004 ι
542 3954 727 4025 Θύρας
760 3973 874 4026 μοι,
908 3956 1096 4027 φησὶν,
1129 3954 1485 4026 ἀνεῳγμένης
1514 3957 1571 4008 ὲν
1601 3956 1795 4026 Κυρίῳ

206 4044 290 4105 εἰς
322 4042 387 4095 τὸ
417 4043 753 4113 Εὑαγγέλιον
783 4046 878 4100 τοῦ
926 4045 1166 4117 Χριστοῦ
1213 4048 1313 4100 οὑκ
1358 4045 1567 4115 ἔσχηκα
1609 4046 1796 4100 ἄνεσιν

204 4133 287 4202 τῷ
318 4134 593 4206 πνεύματί
622 4155 746 4208 μου,
778 4138 873 4191 τοῦ
907 4139 983 4210 μὴ
1006 4139 1184 4210 εὑρεῖν
1220 4155 1289 4209 με
1320 4136 1478 4192 Τίτον
1518 4137 1608 4191 τὸν
1638 4138 1794 4191 ἁδελ-

206 4224 309 4292 φόν
339 4242 465 4295 μου.
502 4245 522 4277 ι

1901 3122 2273 3192 apostolatum
2308 3123 2626 3191 expeditus,
2664 3122 2731 3177 ad
2768 3121 3137 3179 ministerium
3168 3119 3324 3175 utilis
3347 3158 3362 3181 ,
3408 3118 3475 3170 ad

1900 3214 2319 3268 conciliationes
2364 3213 2514 3281 felix,
2545 3213 2922 3269 fatisceutium
2962 3214 3182 3282 aliptes,
3215 3208 3478 3264 defensor

1901 3318 2003 3375 pro
2032 3302 2254 3358 Christo
2284 3304 2680 3371 laborantium,
2732 3320 2895 3374 quem
2928 3304 3165 3371 denique
3195 3303 3319 3357 boni
3348 3316 3474 3353 om-

1898 3410 1997 3448 nes
2022 3395 2355 3464 propensius
2383 3396 2646 3450 accirent.
2680 3395 2973 3449 Enimvero
3008 3394 3143 3463 quid
3172 3394 3476 3450 remotiora

1899 3485 2045 3551 dico,
2110 3501 2236 3540 cum
2297 3493 2501 3555 praesto
2551 3487 2622 3541 sit
2685 3494 2745 3540 ut
2804 3486 2860 3540 in
2930 3485 3167 3539 medium
3220 3484 3478 3538 adductis

1897 3576 2048 3630 Pauli
2084 3576 2332 3640 vocibus,
2355 3592 2481 3631 eum
2512 3577 2672 3631 vobis
2698 3570 3221 3646 imprazsentiarum,
3247 3575 3398 3628 velut
3421 3577 3478 3629 in

1896 3665 2121 3730 tabella,
2173 3680 2237 3723 ac
2267 3682 2368 3721 ceu
2401 3666 2456 3720 in
2502 3667 2762 3722 columna
2785 3666 3120 3734 insculptum
3155 3665 3474 3732 expressius

1897 3774 1962 3813 ex
2001 3758 2284 3829 Scriptura
2326 3759 2660 3814 exhibeam?
2712 3757 2762 3814 Is
2812 3757 3118 3826 aliquando
3167 3755 3479 3811 Corinthiis

1900 3850 2174 3914 scribens,
2220 3847 2519 3918 datamque
2566 3849 2713 3903 eiad
2750 3850 3198 3918 praedicationem
3241 3848 3509 3917 gratiam'

1890 3940 2205 4005 disserens,
2240 3942 2331 3994 ubi
2369 3941 2436 3995 ad
2473 3949 2682 3994 eertum
2740 3940 3038 4009 quemdam
3086 3940 3271 3994 locum
3316 3939 3479 3994 deve-

1898 4030 1999 4095 nit,
2025 4031 2205 4085 verbis
2246 4028 2584 4098 ejuscemodi
2627 4028 2881 4083 honestat
2922 4044 3141 4084 sacrum
3178 4029 3329 4083 hunc
3378 4029 3475 4082 Ti-

1898 4128 2013 4175 tum
2050 4139 2063 4175 :
2105 4140 2124 4172 ι
2164 4120 2326 4182 Cum.
2358 4119 2563 4190 inquit,
2597 4121 2799 4173 ostium
2833 4118 2973 4172 mihi
3008 4118 3075 4171 ad
3127 4117 3476 4184 Evangelinm

1899 4210 2107 4267 Christi
2131 4217 2380 4281 apertum
2408 4219 2577 4274 esset,
2607 4225 2715 4264 non
2751 4208 2919 4263 habui
2962 4208 3208 4277 requiem
3258 4209 3477 4291 spiritui

1900 4317 2066 4369 meo,
2122 4317 2188 4358 eo
2253 4303 2397 4368 quod
2459 4318 2569 4357 non
2626 4301 2925 4356 invenerim
2983 4300 3166 4354 Titum
3239 4301 3471 4373 fratrem

1905 4410 2084 4449 meum
2118 4405 2164 4449 ⁸.
2208 4415 2227 4446 ι

289 4482 455 4553 Ὁρᾷς
489 4485 589 4554 ὅση
615 4485 709 4539 καὶ
738 4487 821 4551 τίς
846 4487 1094 4559 ὑπῆρχεν
1121 4489 1150 4558 ή
1180 4489 1244 4540 ὲκ
1275 4487 1492 4560 βάθρων
1522 4489 1671 4559 αὑτῷ
1695 4490 1794 4560 τῆς

1970 4484 2135 4541 Vides
2170 4495 2375 4557 quanta
2404 4487 2455 4542 ei
2496 4486 2669 4541 aﬂusa
2694 4495 2847 4541 esset
2878 4488 3051 4555 gratia
3110 4484 3373 4555 Spiritus,
3410 4486 3479 4539 ab

203 4574 454 4636 πίστεως
485 4575 845 4645 περιχυθεῖσα
878 4579 1042 4649 χάρις
1078 4579 1172 4632 τοῦ
1207 4579 1526 4649 Πνεύματος
1547 4620 1561 4646 ,
1601 4579 1677 4643 ὼς
1706 4579 1799 4632 καὶ

203 4665 443 4734 ἀδελφὸν
481 4668 842 4739 ἐπικληθῆναι
880 4671 1119 4738 Παύλου,
1177 4671 1273 4724 καὶ
1319 4671 1652 4742 ψυχαγωγὸν
1703 4671 1800 4725 καὶ

286 4795 375 4849 'll
404 4795 537 4852 Cor.
576 4814 636 4866 ιι,
683 4800 769 4853 12.

1909 4578 2045 4649 ipsis
2080 4578 2204 4633 fidei
2235 4577 2629 4644 fundamentis,
2672 4588 2807 4634 utet
2843 4578 2999 4633 Pauli
3040 4579 3215 4633 frater
3244 4586 3298 4632 et
3330 4578 3476 4632 sola-

1904 4674 2043 4727 tium
2070 4680 2125 4729 et
2152 4671 2500 4745 refrigerium
2532 4672 2865 4730 vocaretur?
2901 4690 2919 4724 ι
2967 4670 3085 4726 Non
3116 4671 3287 4727 habui
3330 4669 3476 4725 enim

1489 4918 1728 4973 VARI/IS
1782 4919 2187 4979 LECTIONES.

278 5009 326 5042 ⁸³
360 5006 505 5079 Lege
561 5010 905 5073 ἐπιστάντος.

981 5009 1049 5043 ⁸³⁹
1079 5008 1214 5082 Leg.
1240 5009 1335 5072 ὡς.

1546 5100 1936 5158 COMBEFISH
1964 5102 2195 5159 NOTAE».

282 5191 397 5259 ('35)
438 5191 646 5265 Quique
699 5191 851 5265 velut_
893 5194 1285 5265 ἱρήια-σακία
1349 5195 1607 5265 qstitisset
1654 5212 1798 5265 prtum

200 5263 468 5315 dicatori.
505 5262 780 5332 Ahfempe,
836 5259 1023 5318 Paulo.
1087 5259 1297 5318 Iudicat
1354 5263 1508 5317 Pauli
1565 5259 1801 5319 conver-

202 5333 427 5385 sionem
497 5330 687 5386 fuisse
721 5332 856 5385 ‘Tito
919 5333 1268 5387 occasionem
1348 5334 1604 5398 perfectae
1662 5350 1799 5389 con-

202 5402 514 5473 versionis,
559 5409 614 5473 et
678 5403 1218 5473 arripiendiﬂstatns
1277 5403 1642 5469 sublimioris,
1689 5420 1802 5473 quo

201 5470 525 5543 expeditior
581 5471 740 5543 fieret
797 5486 958 5543 sacro
1004 5472 1083 5524 illi
1142 5472 1478 5536 ministerio,
1518 5475 1602 5543 _ad
1654 5470 1802 5543 quod

201 5540 420 5613 Paulus
479 5542 920 5613 peculiarissime
968 5548 1431 5613 vocatusgesset,
1467 5539 1802 5613 ta’ndenique

205 5612 269 5664 in
308 5607 448 5681 pejus
479 5607 714 5665 'soeium
756 5619 1126 5678 promoveret.
1152 5678 1168 5681 _
1201 5611 1426 5681 Accepit
1488 5615 1641 5667 velut
1696 5607 1798 5669 sibi

202 5679 320 5749 ipsi
365 5685 644 5747 vocatum,
677 5694 739 5733 ac
773 5681 966 5734 ducem
1026 5678 1369 5749 praefectum,
1414 5682 1517 5740 sub
1561 5699 1706 5754 quo,
1750 5695 1803 5740 et

1906 5210 2017 5265 quo
2060 5198 2234 5259 socio.
2277 5196 2651 5266 prmdicationi
2703 5195 2953 5249 instaret.
3003 5191 3247 5266 Non__ila
3278 5190 3486 5266 _abest,

1906 5259 2055 5341 quod
2098 5267 2168 5321 de
2202 5259 2609 5341 Bgfﬂeginaldo
2659 5262 3078 5341 habetur__apud
3106 5259 3380 5341 Theodor.
3407 5269 3483 5341 Act

1909 5331 2070 5401 alios,
2107 5331 2414 5409 meditante
2445 5343 2651 5409 statum
2689 5334 3137 5409 apostolic_um_et
3168 5331 3485 5409 praedi-cato:

1909 5397 2066 5468 rum,
2092 5408 2180 5459 cui
2216 5406 2378 5470 Deus,
2411 5407 2500 5458 vix
2534 5420 2644 5458 non
2679 5397 2911 5459 alterum
2943 5397 3195 5463 Paulum,
3234 5416 3296 5453 ac
3323 5397 3479 5470 Pauli

1912 5465 2111 5550 spiritu
2145 5465 2389 5550 plenum,
2424 5475 2771 5550 Dominicum
2824 5470 3199 5550 quo_prafside
3227 5465 3483 5550 ethPatre

1911 5540 2174 5615 socioque
2224 5544 2276 5599 id
2330 5544 2577 5600 muneris
2635 5540 2861 5615 strenue
2899 5540 3108 5615 obiret,
3143 5540 3480 5603 suscitavit;

1908 5612 2100 5668 etiam‘
2131 5615 2471 5669 mirae'ulose
2523 5628 2729 5668 sanans
2781 5613 2902 5681 ejus
2942 5612 3242 5682 precibus,
3301 5616 3359 5663 ut
3412 5620 3483 5663 ne

1913 5693 2099 5741 tantus
2127 5685 2343 5743 deesset
2370 5701 2523 5742 novae
2550 5682 2761 5753 militia:
2787 5684 2917 5739 dux.
