3978 6140
507 235 634 304 1151

1609 203 1620 212 ’
1671 238 1734 300 s.
1763 231 2092 296 manus
2130 227 2554 293 CBETENSIS

2733 147 2764 159 -Α

3651 211 3788 279 liii?!

497 355 702 424 inquit.
739 356 985 426 requiem
1015 355 1233 425 spiritui
1270 369 1414 418 meo,
1442 369 1509 410 eo
1541 354 1685 424 quod
1722 369 1828 408 non
1857 353 2056 406 iuvene

2184 345 2484 415 άνάψυξινς
2537 363 2554 394 ι
2599 341 2714 396 Οὐκ
2754 335 2968 412 ἔσχηκα
3021 334 3152 408 γάρ,
3208 331 3409 403 φησὶν,
3452 327 3664 426 Δἄνεσιν
3707 329 3785 426 se}:

476 449 601 502 'rim
627 447 808 502 Titum
835 447 1062 502 fratrem
1105 463 1310 503 meum.
1349 467 1368 499 ι
1404 445 1502 504 Vis
1531 455 1585 502 et
1619 447 1731 500 alio
1785 443 2070 499 ostendam

495 539 869 593 testimonium
932 539 980 592 ci
1045 538 1316 594 detulisse
1371 552 1630 607 magnum
1702 534 2074 603 Apostolum?

501 649 521 680 ‹
556 627 816 695 Repletus
841 644 984 691 sum,
1005 629 1206 698 inquit,
1233 630 1636 691 consolatione,
1677 629 2073 698 superabundo

493 719 692 786 gaudio
731 718 775 772 ί.
811 737 831 769 ι
867 718 1180 784 Quomodo,
1212 734 1392 789 quave
1425 733 1614 787 quasso
1647 719 1899 773 ratione?
1924 737 1942 768 ι
1968 719 2074 784 Qui

491 809 637 866 enim
692 812 1016 866 consolatur
1059 812 1322 876 humiles,
1375 813 1578 881 inquit,
1620 813 1940 868 consolatus
1991 818 2074 866 est

490 917 593 956 nos
625 901 682 956 in
717 901 955 958 adventu
996 903 1129 958 Titi.
1159 895 1281 958 Non
1334 904 1513 959 solum
1543 913 1724 959 autem
1754 904 1808 957 in
1834 902 2073 959 adventu

490 995 631 1064 ejus,
659 996 756 1050 sed
788 995 954 1050 etiam
986 996 1042 1050 in
1066 997 1469 1063 consolatione,
1505 1011 1614 1066 qua
1637 999 1960 1054 consolatus
1991 1007 2076 1054 est

491 1087 695 1156 ipsein
742 1087 904 1144 vobis
945 1096 998 1140 ιι.
1039 1107 1058 1138 ι
1089 1087 1364 1157 Νῖὰἱειίιϋ
1405 1090 1774 1145 excellentem
1820 1091 2074 1145 dilectio-

491 1178 660 1234 nem?
693 1178 956 1235 Vidistin’
997 1179 1312 1236 concordia:
1355 1181 1660 1245 vinculum,
1697 1190 1760 1236 ut
1804 1183 1969 1236 etiam
2009 1182 2075 1236 il-

491 1269 600 1327 lius
645 1271 1108 1338 consolationem,
1173 1289 1328 1328 suam
1383 1273 1558 1344 ipsius
1595 1273 1890 1338 deﬁnierit,
1941 1291 2074 1344 gau-

491 1361 755 1432 diumque
787 1363 934 1434 ejus,
979 1366 1267 1434 proprium
1313 1381 1472 1420 suum
1520 1367 1899 1436 reputaverit?
1929 1368 2070 1422 Audi

491 1465 622 1508 vero
642 1454 772 1524 quid
806 1455 874 1509 ad
897 1455 1120 1510 eosdem
1143 1472 1338 1512 rursus
1363 1456 1642 1519 scribens,
1675 1457 1752 1511 ait
1787 1477 1799 1511 :
1837 1475 1856 1508 ι
1882 1456 2074 1511 Abun-~

491 1545 714 1602 dantius
754 1553 935 1601 autem
986 1549 1161 1618 magis
1193 1548 1367 1620 gavisi
1415 1565 1610 1604 sumus
1661 1565 1828 1617 super
1871 1551 2073 1620 gaudio

490 1633 624 1698 Titi,
657 1635 785 1704 quia
837 1635 1080 1692 refectus
1128 1647 1214 1692 est
1264 1639 1492 1706 spiritus
1547 1638 1668 1707 ejus
1703 1638 1771 1692 ab
1815 1639 2073 1693 omnibus

2183 435 2458 506 πνεύματί
2488 451 2611 502 μου,
2641 433 2738 486 τοῦ
2778 432 2854 502 μὴ
2884 431 3066 501 εὑρεῖν
3104 444 3172 497 με
3203 426 3370 479 Τίτον
3415 422 3514 475 τὸν
3547 419 3782 488 ἀδελφόν

2183 544 2308 598 μου.
2352 545 2370 577 ι
2400 525 2590 580 Βούλει
2613 525 2710 579 καὶ
2735 523 2882 593 ἄλλῳ
2915 538 3000 575 σοι
3040 517 3198 582 δείξω
3235 517 3339 586 τὴν
3373 513 3528 583 αὑτῷ
3569 529 3781 582 imptu-

2183 619 2306 690 ρίαν
2355 615 2778 688 προσαγαγόντα
2833 613 2926 666 τὸν
2967 611 3146 683 μέγαν
3191 606 3562 672 Ἀπόστολονς
3610 623 3630 654 ι
3667 605 3777 657 Πε-

2181 709 2502 780 πλήρωμαι,
2533 708 2690 778 φησὶ,
2720 709 2786 778 τῇ
2817 704 3188 776 παρακλήσει,
3220 695 3774 770 ὑπερπερισσεύομαι

2180 805 2246 872 τῇ
2295 802 2460 872 χαρᾷ.
2500 818 2518 851 ι
2567 800 2694 864 Πῶς
2731 788 2827 852 καὶ
2864 799 2988 851 τίνα
3028 795 3255 866 τρόπον,
3293 791 3457 857 εῑπέ;
3489 809 3508 840 ⁸
3558 789 3622 842 Ὅ
3667 790 3775 858 γὰρ

2182 893 2517 964 παρακαλῶν
2572 893 2701 956 τοὺς
2758 893 3089 952 ταπεινοὺς,
3152 886 3326 956 φησὶ,
3390 881 3773 952 παρεκάλεσεν

2180 988 2330 1057 ἡμᾶς
2359 988 2418 1038 ὲν
2451 986 2521 1056 τῇ
2552 983 2826 1056 παρουσίᾳ
2853 983 3038 1036 Τίτου.
3070 981 3186 1034 Ούκ
3207 980 3266 1031 ἐν
3295 980 3362 1048 τῇ
3406 971 3692 1045 παρουσίᾳ
3717 972 3769 1025 δὲ

2153 1109 2158 1113 -
2185 1079 2345 1148 μόνον
2377 1077 2578 1144 αὑτοῦ,
2615 1077 2753 1132 ἀλλά
2785 1077 2880 1130 καὶ
2915 1077 2975 1128 ὲν
3007 1077 3074 1144 τῇ
3112 1071 3465 1142 παρακλήσει
3491 1109 3507 1133 ,
3623 1083 3767 1136 παρ-

2182 1155 2396 1241 εκλήθη
2430 1169 2594 1232 αὐτὸς
2625 1171 2682 1222 ἐν
2713 1170 2863 1238 ὑμῖν.
2903 1185 2922 1217 ι
2957 1161 3114 1228 Εἶδες
3152 1163 3380 1232 ἀγάπης
3414 1157 3766 1230 ὑπερϐολήν;

2181 1259 2340 1326 Εἶδες
2387 1261 2696 1332 ὀμοψυχίας
2761 1257 3094 1328 σύνδεσμον,
3142 1255 3218 1318 ὡς
3263 1255 3361 1306 καὶ
3403 1253 3508 1322 τὴν
3556 1251 3767 1303 ἐκείνου

2182 1354 2530 1425 παράκλησιν
2577 1352 2789 1406 οἰκείαν
2827 1347 3141 1420 ὁρίσασθαι,
3190 1347 3288 1400 καὶ
3328 1344 3432 1414 τὴν
3483 1343 3578 1396 ἔπ’
3624 1339 3769 1410 αὐτῷ

2181 1443 2344 1514 χάριν
2394 1443 2532 1496 ίδίαν
2587 1440 2940 1512 ἡγήσασθαις
3005 1439 3211 1492 ’Ἄκουε
3267 1435 3322 1488 τί
3373 1433 3516 1504 πρὸς
3573 1431 3769 1493 αὐτοὺς

2182 1535 2344 1590 πάλιν
2378 1534 2622 1597 ἐκείνους
2667 1533 2901 1602 γράφων
2954 1530 3130 1600 φησί·
3189 1547 3209 1580 ι
3243 1524 3676 1596 Περισσοτὲρως
3713 1522 3769 1575 δὲ

2185 1628 2384 1697 μᾶλλον
2407 1628 2684 1698 ἐχάρημεν
2702 1625 2794 1678 ἐπὶ
2819 1627 2884 1696 τῇ
2909 1625 3057 1694 χαρᾷ
3081 1619 3362 1681 Thomas:
3374 1617 3769 1696 ἀναπέπαυται

487 1723 668 1779 vobis.
704 1723 770 1778 Et
819 1726 866 1780 si
908 1725 1040 1796 quid
1093 1724 1237 1795 apud
1282 1726 1436 1780 illum
1487 1726 1557 1781 de
1604 1725 1760 1780 vobis
1805 1725 2061 1794 gloriatus

2177 1721 2239 1774 τὸ
2275 1719 2494 1789 πνεῦμα
2530 1717 2698 1772 αὑτοῦ
2735 1717 2842 1772 ἀπὸ
2873 1715 3095 1768 πάντων
3125 1711 3282 1784 ὑμῶν
3305 1729 3317 1742 ·
3353 1711 3436 1764 ὅτι
3467 1711 3519 1762 εί
3550 1726 3598 1760 τι
3622 1706 3768 1776 αὑτῷ

492 1829 636 1875 sum.
671 1830 782 1869 non
810 1831 930 1870 sum
963 1815 1230 1873 confusus
1263 1835 1275 1870 :
1307 1817 1400 1872 sed
1430 1818 1575 1874 sicut
1613 1819 1799 1874 omnia
1830 1819 1989 1875 vobis
2017 1820 2072 1874 in

492 1909 728 1962 veritate
767 1908 939 1963 locuti
975 1923 1192 1974 sumus,
1233 1909 1308 1964 ita
1341 1915 1394 1964 et
1428 1909 1685 1980 gloriatio
1712 1919 1922 1980 nostra,
1951 1927 2073 1982 qua:

493 1998 596 2052 fuit
626 1999 691 2052 ad
729 1997 934 2062 Titum.
993 2001 1203 2056 veritas
1238 1999 1379 2056 facta
1430 2008 1514 2056 est
1545 2019 1560 2056 :
1609 2010 1664 2058 et
1693 2001 1908 2058 viscera
1949 2003 2072 2073 ejus

493 2087 866 2144 abundantius
921 2089 976 2143 in
1013 2088 1172 2145 vobis
1199 2098 1330 2146 sunt
1377 2099 1426 2145 ν.
1482 2109 1501 2142 ι
1547 2089 1614 2146 Et
1676 2101 1800 2161 post
1849 2107 2068 2162 pauca:

499 2200 517 2230 ι
548 2177 766 2234 Gratias
797 2190 981 2236 autem
1016 2180 1148 2245 Deo,
1185 2182 1280 2252 qui
1311 2181 1464 2236 dedit
1509 2182 1758 2238 eamdem
1783 2185 2074 2241 sollicitu-

490 2269 673 2326 dinem
718 2287 816 2342 pro
843 2273 1000 2328 vobis
1039 2273 1093 2328 in
1127 2274 1296 2330 corde
1325 2273 1438 2328 Titi
1466 2291 1482 2334 ε
1518 2275 1778 2346 quoniam
1809 2278 2070 2334 exhorta-

404 2345 413 2352 ’
493 2363 694 2418 tionem
722 2364 946 2434 quidem
979 2367 1260 2436 suscepit;
1285 2367 1383 2422 sed
1409 2345 1549 2422 cum
1573 2369 1867 2424 sollicitior
1895 2381 2067 2439 esset,

2175 1808 2556 1880 κεκαύχημαι,
2605 1811 2665 1862 οὑ
2716 1805 3120 1878 κατῃσχύνθην.
3180 1803 3323 1856 Ἀλλ’
3366 1801 3444 1864 ὡς
3487 1801 3669 1854 πάντα
3711 1800 3766 1850 ὲν

2173 1902 2400 1974 ἀληθείᾳ
2446 1903 2790 1971 ἐλαλήσαμεν
2841 1899 2997 1970 ὑμῖν,
3051 1895 3196 1950 οὑτω
3259 1895 3356 1948 καὶ
3399 1895 3434 1962 ἡ
3489 1891 3766 1961 καύχησις

2174 1994 2330 2066 ἡμῶν
2357 1997 2390 2063 ή
2415 1993 2507 2046 ὲπὶ
2535 1993 2699 2046 Τίτου
2726 1990 2956 2062 ἀλήθεια
2989 1988 3224 2060 ἐγενήθη
3243 2005 3258 2020 ο
3308 1987 3410 2040 καὶ
3446 1985 3519 2038 τά
3557 1984 3763 2050 σπλάγο

2173 2103 2274 2154 χνα
2301 2082 2468 2137 αὑτοῦ
2511 2082 2918 2155 περισσοτέρως
2951 2081 3032 2144 είς
3061 2080 3206 2148 ὑμᾶς
3239 2079 3378 2130 ἐστι.
3431 2094 3449 2126 ι
3491 2075 3600 2127 Καὶ
3647 2070 3763 2142 μετ’

2171 2178 2327 2247 ὀλίγα
2347 2194 2361 2208 ⁹
2399 2195 2418 2229 ⁸
2457 2177 2634 2248 Χάρις
2666 2177 2722 2230 δὲ
2747 2175 2870 2246 Θεῷ
2893 2173 2971 2245 τῷ
3005 2172 3202 2227 διδόντι
3246 2171 3349 2240 τὴν
3392 2167 3572 2237 αὑτὴν
3595 2181 3758 2219 σπου-

2170 2271 2266 2342 δὴν
2296 2271 2438 2341 ὑπὲρ
2464 2270 2617 2340 ὑμῶν
2667 2271 2725 2322 ὲν
2773 2271 2839 2340 τῇ
2881 2267 3080 2339 καρδία
3119 2265 3284 2319 Τίτου
3311 2281 3326 2296 ·
3369 2263 3456 2316 ὅτι
3507 2260 3615 2331 τὴν
3662 2259 3757 2329 μὲν

2171 2361 2548 2433 παράκλησιν*
2569 2362 2824 2426 ἐδέξατο·
2859 2358 3304 2428 ’σπουδαιότερος
3355 2355 3412 2409 δὲ
3457 2355 3753 2424 ὑπάρχων,

491 2468 591 2508 sua
617 2455 896 2510 voluntate
928 2456 1212 2527 profectus
1238 2466 1322 2514 est
1352 2458 1422 2513 ad
1473 2473 1572 2514 vos
1624 2474 1673 2518 ι.
1731 2480 1751 2513 ι
1789 2461 1953 2518 Vides
2012 2472 2061 2517 ut

2171 2452 2512 2523 αὐθαιρέτως
2555 2451 2750 2524 ἐξῆλθε
2805 2451 2944 2522 πρὸς
2997 2450 3162 2520 ὑμᾶς.
3213 2467 3234 2500 ι
3300 2446 3538 2508 Βλέπεις
3592 2441 3754 2496 αὑτὸν

489 2545 610 2608 ejus
665 2547 868 2616 ubique
919 2546 1286 2603 sollicitudini
1363 2549 1744 2606 testimonium
1822 2550 2061 2608 deferat‘l

2171 2544 2453 2614 πανταχοῦ
2483 2543 2542 2597 τὺ
2571 2543 2860 2597 σπουδαῖον
2887 2541 3038 2612 αὐτῷ
3065 2537 3596 2611 προσμαρτύροντας
3629 2533 3756 2586 Βλέ-

497 2633 658 2691 Vides
687 2645 746 2689 ut
783 2652 954 2707 supra
987 2647 1042 2694 et
1089 2639 1234 2694 infra
1265 2657 1512 2705 versans,
1564 2642 1829 2700 laudibus
1850 2653 2061 2712 appetat

2173 2655 2293 2701 πεις
2322 2638 2439 2700 πῶς
2469 2637 2580 2690 ἀνω
2606 2636 2700 2689 καὶ
2722 2635 2874 2689 κάτω
2899 2633 3150 2705 στρέφων
3167 2631 3484 2695 αὑτδιδ,τοῖς
3509 2628 3754 2689 ἐπαίνοις

488 2733 545 2779 et
595 2727 886 2803 magniﬁee
933 2729 1164 2784 emerat?
1211 2731 1392 2800 Supra
1437 2733 1707 2803 quidem:
1761 2753 1781 2786 ι
1829 2735 1884 2789 Si
1933 2737 2061 2806 quid

2171 2728 2354 2798 βάλλει
2380 2728 2476 2782 καὶ
2496 2726 2789 2798 ὑπεραίρει
2815 2743 2830 2791 ;
2863 2726 2977 2780 ἅνω
3005 2725 3124 2796 μὲν,
3149 2722 3232 2776 ὅτι
3271 2740 3290 2772 ι
3316 2722 3384 2775 Εἴ
3407 2738 3462 2773 τι
3490 2717 3642 2788 αὑτῷ
3663 2735 3754 2770 κε-

489 2818 634 2884 apud
661 2819 814 2873 illum
852 2820 1125 2890 gloriatus
1168 2838 1314 2886 sum,
1371 2840 1480 2879 non
1527 2841 1647 2881 sum
1699 2827 1984 2885 confusus.
2043 2851 2061 2883 ι

2168 2819 2474 2889 καύχημαι,
2497 2819 2558 2872 οὑ
2582 2813 2962 2888 κατῃσχύνθην
2983 2831 2996 2845 ·
3033 2834 3051 2866 ι
3075 2813 3194 2875 καὶ,
3222 2813 3303 2866 ὅτι
3334 2831 3353 2862 ι
3386 2811 3457 2864 Ἡ
3485 2809 3752 2879 καύχησις

487 2907 574 2972 Et,
613 2927 632 2960 ι
658 2908 929 2966 Gloriatio
971 2921 1184 2976 nostra.
1222 2930 1344 2984 quae
1393 2915 1496 2971 fuit
1529 2919 1595 2972 ad
1632 2917 1839 2984 Titum,
1864 2921 2061 2977 veritas

2168 2909 2324 2980 ήμῶν
2343 2951 2358 2976 ,
2387 2912 2420 2980 ὴ
2456 2910 2548 2963 ἐπὶ
2577 2910 2762 2975 Τίτου,
2797 2908 3030 2978 ἀλήθεια
3058 2905 3318 2976 ἐγενήθη.
3360 2923 3377 2956 ι
3406 2903 3580 2956 litim)
3609 2901 3666 2954 δὲ
3685 2899 3751 2962 ⁸⁸,

490 2996 634 3052 facta
657 3007 760 3054 est.
812 3019 831 3053 ι
869 2999 1018 3056 infra
1055 3017 1184 3056 vero
1210 3018 1492 3074 exponens
1525 3015 1729 3072 quanta
1769 3014 1914 3060 esset
1944 3007 2061 3074 ejus

2168 3004 2267 3072 τὴν
2321 3003 2558 3071 σπουδὴν
2605 3002 2738 3072 ὅσην
2787 2997 2902 3072 εἶχε
2939 3000 3069 3070 περὶ
3107 2998 3207 3067 τῆν
3241 2997 3519 3051 διακονίαν
3540 2993 3652 3048 τῶν
3675 2997 3752 3056 εἰς

485 3089 798 3146 sollicitudo
833 3091 889 3146 in
938 3069 1308 3148 ministerium
1350 3069 1590 3166 gentium
1627 3111 1750 3166 quae
1793 3069 2061 3154 credidis-

2168 3094 2404 3164 Χριστὸν
2459 3093 2906 3147 πεπιστευκότων
2966 3090 3177 3144 ἐθνῶν·
3241 3109 3260 3142 ι
3323 3087 3755 3155 Σπουδαιότερος

485 3183 682 3237 sentin
709 3183 996 3238 Christum
1036 3202 1052 3239 :
1089 3203 1108 3236 ι
1143 3185 1280 3240 Cum
1317 3187 1464 3242 enim
1493 3195 1662 3253 esset,
1714 3190 1912 3260 inquit,
1947 3193 2059 3248 sol-

482 3274 708 3338 licitior,
741 3289 840 3330 sua
871 3277 1156 3334 voluntate
1186 3279 1470 3347 proiectus
1503 3289 1586 3336 est
1621 3279 1688 3335 ad
1717 3297 1837 3339 vos.
1877 3301 1897 3335 ι

554 3362 701 3419 Ades
734 3379 886 3430 vero,
937 3367 1104 3422 etiam
1157 3368 1320 3424 Pauli
1364 3371 1577 3426 socium
1632 3373 1922 3430 ostendam
1969 3373 2062 3431 Ti-

483 3462 622 3522 tum,
652 3465 705 3511 et
737 3457 1066 3526 adjutorem,
1107 3471 1162 3518 et
1193 3463 1422 3528 gloriam
1453 3464 1685 3527 Christi,
1715 3479 1768 3520 et
1789 3465 2061 3525 Ecclesia-

480 3558 602 3596 rum
629 3548 962 3615 apostolum.
999 3549 1288 3620 (Iompleat
1325 3555 1666 3620 porromibi
1692 3553 1890 3612 Paulus
1920 3559 2058 3626 ipse,

480 3647 543 3687 os
574 3633 708 3688 illud
738 3633 969 3698 Christi.
1011 3641 1287 3696 sermonis
1323 3657 1679 3698 consensum.
1739 3645 1916 3702 Unius
1963 3664 2059 3703 eo-

479 3736 600 3776 rum
625 3739 766 3792 quos
805 3739 915 3779 una
947 3741 1070 3781 cum
1145 3729 1266 3798 ipso
1305 3730 1550 3787 misisset
1585 3732 1640 3787 in
1690 3720 2054 3795 ministerium

477 3807 596 3878 ipse
639 3809 936 3877 creditura,
987 3818 1459 3884 comparationem
1507 3825 1818 3880 accuratius
1849 3827 2058 3884 edisse-

480 3915 606 3955 rens
638 3917 653 3986 ι
692 3921 710 3952 ‹
753 3902 879 3959 Sive
907 3907 1052 3961 enim
1088 3923 1188 3978 pro
1216 3908 1366 3976 Tito,
1405 3913 1602 3982 inquit,
1627 3917 1718 3986 qui
1751 3928 1834 3974 est
1870 3922 2056 3979 sorius

478 3984 656 4053 meus'.
719 4001 772 4047 et
825 3997 876 4049 in
925 3999 1078 4056 vobis
1115 4001 1374 4070 adjutor:
1427 4006 1542 4063 sive
1601 3984 1800 4067 fratres
1857 4019 2052 4078 nostri,

474 4083 705 4150 apostoli
749 4083 1144 4154 Ecclesiarum,
1193 4093 1368 4160 gloria
1404 4095 1612 4153 Christi
1645 4109 1698 4154 1.
1743 4121 1764 4153 ι
1797 4101 2056 4160 Vidistin’

473 4174 776 4242 aequalem?
807 4177 942 4234 Num
979 4181 1075 4236 tibi
1111 4183 1334 4240 videtur
1363 4203 1646 4258 magnum,
1681 4202 1741 4247 ut
1777 4195 1921 4264 quod
1967 4208 2052 4254 est

473 4266 748 4330 posterius
778 4266 970 4335 Paulo,
1011 4287 1137 4327 cum
1183 4273 1355 4330 Paulo
1394 4279 1738 4346 collocetur,-
1765 4284 1946 4354 sitque
1988 4303 2051 4342 ac

2165 3185 2293 3256 γὰρ,
2344 3187 2543 3255 φησὶν,
2601 3184 2908 3256 ὑπάρχων,
2961 3181 3307 3252 αὐθαιρέτως
3367 3179 3566 3248 ἐξῆλθε
3619 3177 3752 3248 πρδς

2167 3275 2330 3338 ὑμᾶς.
2380 3293 2400 3326 ι

2205 3294 2407 3436 μὲξέρῖς
2437 3382 2528 3434 μοι
2562 3365 2656 3418 καὶ
2693 3363 2952 3418 κοινωνὸν
2996 3360 3156 3428 δείξω
3199 3360 3418 3417 Παύλου
3452 3359 3548 3414 τδν
3571 3359 3776 3422 Τίτον,

2164 3457 2258 3510 καὶ
2287 3455 2550 3525 συνεργὸν
2571 3495 2584 3520 ,
2619 3454 2711 3509 καὶ
2745 3452 2905 3520 δόξαν
2926 3453 3198 3524 Χριστοῦ,
3238 3453 3333 3506 καὶ
3361 3451 3474 3504 τῶν
3517 3450 3748 3518 Ἐκκλη-

2165 3546 2297 3601 σιῶν
2328 3544 2642 3600 ἀπόστολον.
2672 3544 3091 3617 Συμπληρούτω
3111 3543 3169 3598 δέ
3196 3561 3288 3615 μοι
3320 3541 3540 3604 Παῦλος
3568 3540 3747 3603 αὑτὸς,

2162 3637 2400 3708 Χριστοῦ
2428 3638 2492 3691 τὸ
2520 3637 2716 3706 στόμα,
2755 3636 2850 3690 τοῦ
2890 3637 3052 3704 λόγου
3078 3636 3179 3706 τὴν
3213 3637 3557 3706 σύμφρασιν.
3606 3633 3749 3695 Ἕνδς

2163 3727 2603 3798 κατασύγκρισιν
2622 3727 2877 3792 ἐπεξιὼν,
2906 3725 3000 3790 οὓς
3029 3726 3181 3796 αὑτῷ
3210 3724 3646 3780 συναπέστειλεν
3673 3724 3749 3786 είς

2159 3818 2259 3890 τὴν
2313 3818 2593 3872 διακονίαν
2645 3817 2715 3888 ἢν
2771 3817 3134 3872 πεπίστευτο·
3195 3835 3214 3867 ι
3259 3817 3388 3870 lifts
3433 3815 3551 3886 γάρ
3615 3815 3748 3886 ὑπὲρ

2161 3912 2343 3974 Τίτου,
2381 3910 2540 3981 φησὶ,
2573 3909 2832 3973 κοινωνὸς
2865 3909 3000 3978 ὲμδς
3031 3909 3126 3962 καὶ
3159 3911 3241 3970 είς
3281 3909 3430 3979 ὑμᾶς
3454 3906 3746 3974 συνεργός·

2157 4005 2269 4058 εἴτε
2315 4004 2536 4074 ἀδελφοὶ
2583 4001 2742 4074 ἡμῶν
2766 4043 2782 4069 ,
2835 4001 3131 4056 ἀπόστολοι
3195 3999 3564 4070 Ἐκκλησιῶν,
3627 3997 3747 4060 δόξα

2156 4095 2416 4168 Χριστοῦ.
2461 4115 2480 4148 ι
2531 4091 2686 4158 Εἶδες
2718 4095 3028 4166 ἰσομοιρίαν
3061 4093 3333 4158 πίστεως;
3367 4093 3484 4146 Οὐκ
3525 4087 3640 4161 ἆρά
3667 4107 3746 4142 σοι

2157 4187 2470 4258 θαυμαστὸν
2497 4187 2922 4256 καταφαίνεται,
2948 4185 3087 4257 μετά
3117 4183 3338 4239 Παύλου
3357 4185 3419 4236 τὸ
3442 4182 3585 4252 μετά
3607 4180 3749 4236 Παῦ-

2154 4279 2245 4332 λον
2275 4279 2532 4348 τετάχθαι
2561 4321 2577 4344 ,
2615 4279 2877 4358 κοινωνόν
2907 4297 2966 4331 τε
3000 4277 3194 4330 τούτου
3226 4277 3321 4330 καὶ
3355 4275 3626 4345 συνεργὸν
3651 4273 3744 4326 καὶ

471 4354 698 4454 dicatur
723 4355 845 4427 ejus
896 4363 1082 4425 socius
1139 4378 1202 4418 ac
1249 4365 1508 4435 adjutor?
1555 4369 1750 4438 Cujus,
1801 4377 2046 4446 inquam,

2168 4367 2296 4423 εἶναι
2335 4371 2430 4423 καὶ
2469 4354 3134 4442 ὀνομάζεσθαίμΠαύλου
3159 4385 3172 4398 '
3227 4367 3431 4432 ποίου;
3475 4364 3576 4418 τοῦ
3612 4364 3744 4429 ὑπὲρ

470 4441 626 4499 Pauli
651 4449 838 4503 socius
870 4451 1242 4524 adjutorquc?
1264 4457 1398 4526 Ejus
1423 4465 1519 4529 qui
1547 4463 1731 4518 volatu
1767 4441 2050 4525 transcen-

468 4535 548 4589 dit
579 4539 800 4594 tertium
827 4544 1048 4611 caelum,
1082 4547 1380 4619 audituque
1398 4568 1459 4608 ea
1493 4557 1738 4626 suscepit
1769 4576 1892 4628 quae
1921 4565 2046 4618 nel-

469 4626 554 4682 lus
586 4631 759 4696 possit
803 4633 1022 4690 eﬂ‘erre.
1073 4637 1176 4704 Qui
1205 4641 1445 4712 denique
1479 4655 1607 4702 ante
1653 4626 2046 4711 resolutionem

466 4731 496 4770 a
534 4731 728 4787 morte,
759 4727 974 4782 meliori
1021 4730 1160 4785 citra
1210 4739 1676 4805 comparationem
1726 4758 1893 4814 supra
1943 4747 2048 4802 Ιιιι-

463 4824 682 4907 manam
713 4815 969 4886 scientia,
1015 4831 1204 4892 raptus
1239 4835 1360 4902 est.
1412 4828 1542 4896 Ejus
1596 4832 1756 4890 Titus
1809 4839 2042 4907 socius,

2157 4463 2342 4534 τρίτον
2380 4465 2612 4535 ούρανδν
2659 4465 3038 4528 ἁναπτάντος·
3094 4467 3191 4518 καὶ
3221 4461 3465 4526 διακαῶς
3501 4461 3553 4492 ⁸⁸
3597 4458 3744 4524 δεξα-

2162 4559 2323 4628 μένου
2349 4559 2419 4612 τά
2448 4560 2614 4612 πᾶσιν
2643 4557 2930 4628 ἁνέκφορα
2949 4575 2964 4588 ο
3007 4558 3102 4610 καὶ
3144 4556 3250 4624 πρὸ
3281 4555 3382 4624 τῆς
3409 4553 3739 4613 ἀναλύσεως,

2157 4651 2405 4720 κρεῖττον
2425 4649 2774 4718 ἁσυγκρίτως
2802 4648 2835 4718 ἢ
2861 4646 2992 4701 καθ’
3013 4647 3294 4716 ἡμετέραν
3325 4645 3555 4714 γνῶσιν,
3580 4643 3741 4710 ἀναρ-

2157 4739 2461 4803 πασθέντος
2514 4741 2596 4804 είς
2633 4743 2725 4794 τὸν
2758 4739 3109 4810 παράδεισον.
3152 4737 3359 4791 Τούτου
3409 4734 3670 4795 κοινωνὸς
3713 4731 3738 4784 ὁ

2156 4833 2336 4897 Τίτος,
2371 4834 2468 4887 καὶ
2505 4834 2768 4904 συνεργὸς
2815 4835 2912 4888 καὶ
2947 4832 3310 4901 συνέκδημος.
3355 4830 3466 4883 Καὶ
3497 4830 3562 4883 οὑ
3590 4827 3738 4880 τοῦτο

463 4897 792 5002 adjutorque
816 4913 870 4959 et
926 4923 1112 4966 comes
1160 4897 1263 4970 est.
1322 4915 1432 4972 Nec
1482 4919 1533 4972 id
1589 4924 1794 4987 solum,
1853 4897 2040 4985 verum

2168 4931 2206 4981 ἰὲ
2261 4929 2442 4999 μόνον,
2491 4897 2650 4984 ἀλλα
2679 4897 2776 4984 καὶ
2812 4930 2942 4995 δόξα
2991 4897 3255 5002 Χριστοῦ,
3306 4930 3404 4982 καὶ
3448 4925 3736 4987 ἀπόστολος

461 4989 649 5058 etiam,
684 5011 706 5044 ι
744 4995 931 5052 Gloria
971 5001 1174 5058 Christi
1221 5010 1582 5076 etapostnlus
1603 5013 2036 5075 Ecclesiarum.»

461 5076 597 5172 Vide
625 5082 812 5152 igitur,
847 5097 906 5142 ut
928 5091 1118 5148 eodem
1149 5111 1272 5150 eum
1303 5097 1474 5155 Paulo
1497 5103 1698 5172 spiritu
1725 5111 2042 5168 ambulave-

460 5169 552 5231 rit,
582 5186 875 5245 moresque
911 5179 978 5232 ab
1006 5183 1252 5240 avaritiae
1285 5169 1542 5246 sordibus
1575 5195 1892 5252 testimonio
1923 5202 2041 5255 viu-

460 5258 694 5320 dicatos.
749 5267 889 5323 Audi
931 5287 1063 5328 vero
1119 5276 1234 5346 ipsa
1287 5285 1580 5354 perspicue
1621 5285 1777 5342 Pauli
1832 5295 2040 5350 verba:

2159 5021 2522 5092 Ἐκκλησιῶν.
2585 5023 2729 5094 Ὅρα
2793 5022 2858 5093 δὴ
2906 5018 3000 5077 οὖν
3059 5023 3261 5088 αὑτὸν,
3317 5026 3416 5078 καὶ
3461 5023 3542 5092 τῷ
3597 5021 3738 5090 αὐτῷ

2151 5113 2424 5184 πνεύματι
2470 5115 2685 5168 Παύλου
2731 5117 3214 5192 περιπατήσαντα,
3267 5117 3328 5170 τό
3377 5134 3442 5170 τε
3483 5117 3582 5170 τοῦ
3619 5117 3736 5186 cpti-

2149 5226 2252 5262 που
2297 5210 2358 5262 τὸ
2401 5211 2780 5284 ἀφιλάργυρον
2843 5193 3321 5286 μαρτυρούμενον.
3365 5217 3575 5268 ¹Ἄκουε
3611 5212 3736 5282 γοῦν

2151 5301 2334 5372 σαφῶς
2365 5305 2506 5356 αὐτὰ.
2537 5303 2753 5360 Παύλου
2788 5307 2856 5360 τὶ
2882 5309 3106 5379 ῥήματα
3135 5326 3147 5340 ’
3181 5327 3197 5360 ι
3227 5312 3412 5365 Ἔστω
3433 5311 3515 5374 δὲ,
3549 5313 3730 5384 φησὶν,

539 5417 553 5451 ⁸
599 5421 641 5477 ll
674 5427 800 5486 Cor.
841 5449 936 5497 VII,
973 5435 1056 5490 4.‘
1110 5452 1134 5480 υ
1183 5442 1294 5496 ibid
1359 5446 1468 5508 6,7.
1548 5460 1575 5487 τ’
1610 5453 1742 5508 ibid".
1796 5456 1980 5510 13-15.
2061 5463 2240 5520 ‘ihid.
2278 5470 2368 5524 ‘25.
2447 5481 2475 5521 3'
2505 5472 2548 5526 ll
2587 5475 2716 5529 (Ior.
2758 5489 2877 5540 ΠΗ,
2909 5477 2995 5532 35-

1695 5639 1707 5652 _
1744 5572 1980 5630 νΑιιιΑεῑ
2029 5575 2429 5645 LEtZ'l‘lO‘NES.

523 5626 569 5656 ⁸³
605 5630 768 5692 Forte
797 5641 949 5700 deest
971 5645 1164 5716 λέγων.
1244 5655 1291 5687 ε’
1317 5655 1475 5710 1³0110
1511 5659 1578 5711 δι’
1609 5639 1798 5734 ἁκόῆς.
