3978 6140
254 322 393 388 1153

1450 314 1532 373 IN
1566 310 2021 374 APOSTOLUM
2052 310 2301 371 TITUM

3366 309 3509 376 11M

250 435 364 503 ἐγὼ
382 434 444 487 οὐ
473 428 828 498 κατεϐάρησα
852 394 1030 497 ὑμᾶς’
1058 427 1170 481 ἀλλ’
1202 425 1464 497 ὑπάρχων
1501 425 1829 496 πανοῦργος,

1947 440 1962 473 ι
1996 420 2104 478 Sed
2140 429 2281 485 esto,
2312 421 2512 490 inquit,
2546 436 2644 491 ego
2670 435 2770 477 vos
2820 435 2928 475 non
2959 419 3203 493 gravavi,
3254 418 3352 477 sed
3383 436 3513 478 cum

249 528 390 597 δόλῳ
417 525 562 595 ὑμᾶς
583 522 792 575 ἔλαϐον.
834 541 852 570 ι
886 520 952 572 Τί
982 520 1195 590 λέγειςς
1230 519 1377 590 Δόλῳ
1397 517 1702 588 πανοῦργος
1733 519 1836 571 ὑπ-

251 620 441 690 άρχων
468 613 612 678 εἷλες
636 652 652 676 ,
687 612 780 676 οὒς
837 612 926 665 διὰ
973 612 1212 682 Χριστὸν
1242 613 1657 687 ἐσαγήνευσας;
1703 609 1834 674 Ναὶ,

250 711 410 780 φησι.
445 707 556 778 Τὴν
590 705 760 776 καλὴν
787 706 1004 775 ἀπάτην
1033 705 1313 776 ὴπάτησα,
1348 704 1579 774 μιμήσει
1598 699 1835 773 Χριστοῦ

250 798 347 852 τοῦ
375 798 467 851 τὸν
491 795 684 867 ἐχθρὸν
707 796 1122 865 φενακίσαντος.
1148 796 1259 848 Καὶ
1284 793 1393 864 γὰρ
1419 794 1625 846 ἐκεῖνον
1654 790 1838 844 δελεά⁴

253 907 355 953 σας
399 888 478 958 τῷ
514 889 613 957 τῆς
647 886 851 957 σαρκὸς
891 885 1344 956 προκαλύμματι,
1393 883 1645 951 θεότητος
1680 882 1839 950 ἀγκί-

255 1000 405 1052 στρῳ
435 981 468 1051 ἢ
506 979 602 1033 καὶ
622 980 668 1011 ⁸⁸
701 978 1069 1047 προϐλήματι.
1106 977 1178 1028 Τὸ
1217 976 1272 1028 δέ
1307 974 1668 1044 πανοῦργος,
1718 974 1838 1026 ἀντὶ

253 1072 372 1137 τοῦ,
398 1071 614 1141 σοφὸς,
654 1069 1095 1139 ἐκλαμϐάνομεν.
1129 1087 1147 1118 ι
1192 1068 1374 1120 Ἔστω
1403 1060 1518 1132 οὖν,
1542 1066 1695 1135 φησὶ,
1728 1063 1839 1133 ἐγὼ

255 1161 318 1213 ού
380 1160 737 1229 κατεϐάρησα
794 1159 975 1226 ὑμᾶς·
1038 1156 1154 1209 ἀλλ’
1202 1155 1462 1225 ὑπάρχων
1512 1152 1837 1222 πανοῦργος.

254 1252 393 1321 δόλῳ
418 1252 561 1320 ὑμᾶς
583 1249 798 1302 ἔλαϐον.
831 1249 922 1317 Μή
967 1262 1090 1299 τινα
1124 1244 1185 1298 ὃν
1212 1243 1510 1298 ἀπέστειλα
1539 1244 1673 1315 πρὸς
1696 1245 1840 1313 ὑμᾶς

256 1341 684 1409 ἐπλεονέκτησεν
707 1339 883 1408 (apag;
920 1336 1281 1408 Παρεκὰλεσα
1305 1337 1485 1403 Τίτον,
1517 1339 1612 1390 καὶ
1636 1353 1840 1389 συναπ-

257 1431 477 1485 έστειλα
493 1432 584 1485 τὸν
602 1429 852 1498 ἀδελφόν.
870 1430 961 1499 Μή
980 1446 1032 1481 τι
1053 1427 1482 1498 ἐπλεονέκτησεν
1502 1427 1645 1497 ὑμᾶς
1661 1428 1839 1494 Τίτος;

244 1505 338 1577 Ὀὐ
362 1523 439 1592 τῷ
471 1521 620 1593 αὐτῷ
653 1521 926 1590 πνεύματι
954 1521 1479 1590 περιεπατήσαμεν;
1505 1520 1580 1572 Οὐ
1609 1520 1720 1582 τοῖς
1746 1519 1843 1573 αὑ-

249 1618 373 1678 τοῖς
405 1616 643 1685 ῖχνεσινς
690 1633 709 1666 ι
746 1608 890 1679 Εὖγε
936 1612 1036 1681 τῆς
1065 1610 1356 1681 ἀληθείαςι
1398 1610 1700 1682 Ὑπέρευγε
1748 1609 1842 1663 τοῦ

263 1701 601 1771 Πνεύματος.
631 1700 773 1753 οὕτω
799 1699 1241 1769 συναρμόσαντος
1266 1700 1433 1769 ἄμφω
1452 1701 1578 1763 τοὺς
1606 1701 1839 1770 Χριστο-

1937 527 2118 568 essem
2150 520 2366 568 astutus
2398 511 2525 565 dolo
2573 526 2668 565 vos
2722 510 2841 580 cepi
2878 519 2924 563 ι.
2975 529 2993 562 ι
3040 509 3182 577 Quid
3230 510 3349 565 ais?
3377 509 3515 565 Cum

1937 618 2091 659 esses
2126 610 2369 669 astutus,
2401 617 2496 658 eos
2524 602 2653 656 dolo
2684 601 2900 671 cepisti,
2935 616 3076 671 quos
3107 607 3332 671 propter
3357 600 3513 655 Cbri-
3540 625 3548 631 -
3582 610 3585 615 ‘

1938 704 2079 750 stum
2116 694 2362 765 piscatus
2411 694 2510 749 es?
2544 693 2643 757 lta,
2693 694 2915 763 inquit:
2982 692 3134 747 Bono
3184 709 3282 748 vos
3327 707 3518 752 erro.e

1937 785 2147 854 decepi,
2189 785 2399 840 Christi
2444 785 2696 854 exemplo
2726 786 2818 853 qui
2854 784 2999 837 hosti
3057 784 3249 839 illusit.
3284 785 3420 838 Nam
3462 795 3517 839 et

1938 875 2091 929 illum
2116 876 2307 930 carnis
2340 875 2629 929 involucro
2660 889 2759 928 ceu
2790 888 2915 928 esca
2951 872 3169 938 fallens,
3207 874 3516 928 divinitatis

1938 962 2105 1016 hamo
2169 963 2285 1018 sive
2346 963 2509 1015 etiam
2573 962 2827 1031 praesidio
2885 962 3054 1030 cepit.
3108 961 3242 1016 Illud
3299 971 3529 1029 autem,

1939 1047 2184 1115 oslulus,
2232 1068 2330 1123 pro
2374 1067 2440 1108 eo
2495 1055 2847 1123 exponimus,
2903 1054 3052 1122 quod
3115 1061 3220 1119 est,
3279 1055 3517 1123 sapiens.

1942 1162 1961 1195 ι
2002 1143 2109 1199 Sed
2136 1152 2276 1210 esto,
2310 1145 2513 1215 inquit,
2559 1160 2661 1216 ego
2693 1160 2791 1198 vos
2828 1160 2936 1199 non
2963 1148 3207 1215 gravavi,
3252 1148 3346 1201 sed
3391 1161 3515 1201 eum

1938 1250 2117 1290 essem
2171 1243 2411 1300 astutus,
2442 1236 2572 1290 dolo
2596 1248 2694 1290 vos
2721 1235 2863 1305 cepi.
2904 1234 3164 1305 Nunquid
3200 1236 3401 1306 aliquis
3423 1253 3519 1291 co-

1941 1341 2060 1380 rum
2095 1341 2234 1396 quos
2282 1326 2413 1380 misi
2460 1326 2526 1379 ad
2572 1338 2692 1390 vos,
2728 1326 2989 1395 expilavit
3026 1327 3162 1381 vos?
3200 1328 3401 1397 liogaii
3426 1326 3520 1380 Ti-

1941 1424 2076 1480 tum,
2107 1424 2161 1471 et
2189 1417 2312 1472 misi
2345 1432 2471 1470 cum
2510 1418 2604 1471 illo
2632 1416 2879 1470 fratrem.
2922 1416 3180 1486 Nunquid
3217 1419 3379 1473 Titus
3412 1433 3513 1474 vos

1941 1507 2237 1574 expilavit?
2303 1506 2494 1562 Nonne
2558 1508 2750 1563 eodem
2816 1507 3013 1577 spiritu
3070 1500 3520 1564 ambulaiimus?

1940 1597 2135 1654 Nonne
2169 1599 2361 1654 iisdem
2394 1598 2645 1669 vestigiis
2675 1599 2735 1652 ’ἲ
2770 1617 2788 1651 ι
2827 1601 2979 1669 Euge.
3018 1601 3336 1655 veritatem!
3368 1600 3519 1668 Euge

1944 1690 2117 1760 magis
2167 1689 2456 1760 Spiritum,
2502 1690 2596 1758 qui
2649 1690 2723 1743 ita
2762 1690 2955 1744 ambos
2982 1689 3188 1745 Christi
3240 1707 3521 1760 prmeoncs

262 1790 511 1860 κήρυκας
537 1790 551 1842 l
578 1789 719 1859 Ἤδη
752 1789 851 1860 μὲν
879 1785 974 1859 οὖν
1003 1785 1062 1841 εὖ
1095 1789 1238 1859 μάλα
1271 1788 1434 1851 αὐτὸς
1460 1791 1493 1858 ἡ
1523 1788 1651 1854 δόξα
1679 1790 1838 1843 Τίτου

1947 1783 2249 1852 coaptavit!
2279 1780 2399 1835 Jam
2430 1796 2565 1837 sane
2591 1781 2829 1834 maxime
2867 1780 2987 1849 ipse
3023 1778 3128 1832 Titi
3176 1780 3349 1849 gloria
3385 1779 3520 1835 Pau-

260 1881 495 1946 Παῦλος,
547 1882 638 1935 τὸν
690 1881 910 1935 ἔπαινον
962 1879 1251 1950 προλαϐὼν
1299 1880 1679 1951 ἁπηκρίϐωσε,
1729 1884 1841 1944 τοῖς

258 1973 459 2027 ἑαυτοῦ
484 1971 553 2026 τὰ
574 1972 787 2026 ἐκείνου
811 1973 1132 2043 συγκρίνας,
1168 1972 1366 2043 ἀριστά
1388 1989 1448 2025 τε
1480 1973 1668 2026 τοῦτον
1699 1973 1839 2039 ἐξει-

262 2065 492 2129 κονίσας
521 2064 986 2134 εὐχρωματὶστως
1018 2063 1485 2135 διεζωγράφησεν.

365 2234 512 2301 An’,
548 2230 592 2287 ὦ
620 2236 858 2306 μακάριε
914 2237 1098 2308 Πάτερ
1120 2278 1135 2300 ,
1172 2238 1234 2291 τδ
1265 2239 1410 2308 μέγα
1452 2242 1683 2313 Κρήτης
1710 2242 1844 2297 καύ·

261 2342 422 2396 χημα
453 2326 547 2380 καὶ
575 2325 959 2397 καλλώπισμα,
1005 2329 1228 2399 καὶτῆς
1268 2331 1474 2402 σκηνῆς
1513 2333 1614 2404 τῆς
1658 2334 1844 2402 ἀληθι-

262 2420 385 2489 νῆς,
418 2419 513 2496 καὶ
566 2418 665 2489 τῆς
720 2419 834 2474 ἀνω
876 2420 1331 2492 μυστολατρείας,
1387 2425 1481 2478 καὶ
1524 2426 1634 2479 τῶν
1684 2427 1843 2481 θείων

266 2510 546 2582 ύφηγητὰ,
568 2511 726 2581 δέχου
760 2511 897 2583 πρὸς
925 2511 1083 2582 ἡμῶν
1103 2507 1301 2567 οἷόνλτι
1320 2516 1643 2587 ’Σειρήνειον
1683 2518 1843 2588 μέλος

264 2604 358 2657 τὸν
385 2603 648 2675 ἐφύμνιον
677 2605 853 2673 λόγον,
889 2607 981 2659 καὶ
1032 2607 1345 2677 τραυλίζειν
1380 2609 1641 2675 ἐθέλοντι,
1691 2612 1844 2680 φιλόο

269 2711 499 2765 στοργος
524 2695 621 2760 ὢν,
646 2696 845 2767 ἣδιστα
879 2699 1163 2769 παράϐαλε
1191 2700 1283 2753 σὺν
1321 2696 1413 2765 οὖς
1435 2703 1589 2772 ἐμοῖς
1641 2703 1840 2771 λόγοις.

260 2785 403 2840 Φίλα
439 2786 548 2858 γὰρ
578 2789 819 2860 πατράσι
841 2790 911 2843 τὰ
941 2789 1052 2844 τῶν
1087 2791 1295 2846 τέκνων
1325 2791 1689 2865 ψελλίσματα,
1717 2795 1845 2848 ὅταν

268 2875 330 2940 ἐξ
358 2876 585 2946 ἀτέχνου
608 2877 836 2950 γνώμης
861 2880 1137 2935 ἄπλαστον
1163 2882 1323 2951 λόγον
1341 2884 1644 2954 προΐενται.
1674 2885 1846 2955 Λόγος

265 2967 325 3019 δέ
354 2971 505 3032 ποῖος
538 2968 606 3022 ἂν
650 2971 744 3023 καὶ¹
793 2970 970 3041 δοθείη
1005 2972 1084 3043 τῷ
1135 2974 1301 3044 μηδὲν
1335 2973 1636 3046 εὔχρηστον
1667 2975 1846 3047 ἔχοντι

267 3055 408 3126 πρὸς
431 3057 696 3128 ὑποδοχὴν
722 3059 814 3112 τοῦ
840 3063 1284 3133 συντετμημένον
1324 3065 1418 3120 καὶ
1443 3067 1847 3141 συνεκτικωτά-

268 3165 365 3202 του
395 3148 578 3217 λόγου,
602 3150 741 3220 πλὴν
765 3151 858 3204 τοῦ
889 3154 970 3216 εἰς
999 3154 1230 3225 δύναμιν
1249 3156 1476 3227 ἥκοντος
1500 3161 1600 3229 τῆς
1628 3159 1687 3212 ἐν
1716 3161 1850 3230 ἡμῖν

267 3241 592 3308 ἀσθενείας,;
652 3243 718 3295 Σὲ
749 3243 806 3297 δέ
832 3245 918 3309 τίς
944 3245 1012 3299 ἂν
1064 3246 1159 3299 καὶ
1189 3247 1314 3301 κατ’
1354 3248 1515 3313 ἀξίαν
1544 3252 1850 3305 ἐπαινέσειε

269 3332 451 3400 λόγος,
506 3333 712 3388 ἄνωθεν
748 3335 901 3407 παρὰ
935 3337 1141 3407 Κυρίου
1190 3339 1421 3393 λαϐόντα
1469 3341 1560 3393 τὸν
1590 3341 1848 3409 ἐπαινον;

286 3426 376 3488 Ὠς
391 3427 519 3479 ὅταν
540 3427 957 3496 ύποφωνοῧντος
986 3429 1150 3481 αὐτοῦ
1177 3430 1513 3498 διαπρυσίως
1541 3432 1847 3503 ἀκούωμεν,

272 3515 350 3584 πῆ
378 3514 479 3582 μέν
505 3532 520 3546 ο
551 3533 569 3566 ι
611 3515 802 3584 Ὑμεῖς
834 3519 958 3569 ἐστε
987 3518 1048 3570 τὸ
1074 3518 1169 3580 ἃλς
1192 3519 1291 3588 τῆς
1319 3520 1441 3589 γῆς.
1479 3539 1498 3571 ›
1524 3540 1621 3572 -ι
1662 3521 1851 3591 Ὑμεῖς

271 3605 398 3656 ἐστε
424 3605 484 3658 τὸ
513 3605 628 3673 φῶς
655 3605 750 3658 τοῦ
790 3607 1017 3677 κόσμου.
1051 3626 1071 3660 ι
1104 3638 1176 3648 -
1210 3628 1230 3661 ι
1282 3609 1443 3679 Ὑμῖν
1465 3611 1682 3666 δέδοται
1706 3612 1849 3680 γνῶ-

271 3710 366 3747 ναι
408 3694 476 3747 τὰ
530 3696 808 3766 μυστήρια
833 3696 933 3766 τῆς
968 3697 1250 3767 βασιλείας
1270 3699 1366 3751 τοῦ
1393 3699 1548 3752 Θεοῦ·
1586 3720 1605 3753 ι
1645 3702 1722 3774 πῆ
1750 3702 1808 3756 δέ
1832 3720 1847 3734 ·

280 3801 302 3834 ι
350 3782 535 3853 ’Υμῶν
564 3783 619 3836 δὲ
645 3785 906 3857 μακάριοι
935 3788 983 3838 οί
1012 3786 1283 3858 ὀφθαλμοὶ
1323 3789 1405 3841 ὅτι
1440 3788 1718 3858 βλέπουσι,
1756 3791 1850 3845 καὶ

272 3874 346 3929 τὰ
374 3869 488 3929 ὦτα
514 3875 670 3947 ὑμῶν
695 3877 778 3930 ὅτι
799 3876 1081 3931 ἀκούουσι.
1114 3879 1273 3947 Λέγω
1302 3879 1411 3951 γάρ
1443 3879 1592 3951 ὑμῖν,
1613 3882 1696 3935 ὄτι
1718 3883 1850 3936 πολ-

274 3971 361 4024 λοὶ
390 3972 666 4041 προφῆται
692 3972 787 4026 καὶ
825 3971 1065 4043 βασιλεῖς
1120 3971 1474 4045 ἐπεθύμησαν
1511 3973 1636 4029 ἰδεῖν
1674 3976 1710 4030 ἃ
1731 3976 1853 4046 βλέ-

272 4079 428 4127 πετε,
461 4063 554 4116 καὶ
578 4063 678 4117 οὐκ
703 4059 863 4127 εἶδον,
897 4064 990 4118 καὶ
1013 4064 1245 4120 ἀκοῦσαι
1292 4064 1327 4119 ἃ
1357 4066 1603 4133 ἀκούετε,
1636 4069 1730 4122 καὶ
1752 4069 1851 4123 ούκ

270 4154 533 4225 ᾐκουσαν.
568 4173 588 4207 ι
617 4154 759 4208 Τίνα
802 4149 896 4209 οὗν
926 4156 1092 4225 ἡμεῖς
1120 4171 1203 4208 σοι
1235 4156 1328 4209 τὸν
1359 4156 1622 4225 στέφανον
1659 4157 1851 4225 πλέξα-

273 4261 408 4314 μενς
443 4245 616 4299 Τίνων
637 4245 693 4298 δέ
715 4245 892 4315 λόγων
911 4246 980 4299 τά
1009 4244 1145 4317 ἄνθη
1169 4246 1538 4313 συλλέξαντες,
1572 4252 1637 4321 τῇ
1667 4252 1850 4305 πανιέ-

271 4353 356 4406 ρῳ
388 4353 481 4389 σου
504 4339 716 4408 κορυφῇ
752 4336 1126 4407 περιθήσομεν
1151 4353 1165 4401 ;
1206 4336 1302 4399 Τίς
1327 4336 1502 4401 οὕτως
1531 4340 1755 4409 ἠλίθιος,
1777 4341 1851 4406 ὡς

268 4429 399 4490 τοὺς
421 4427 619 4481 ἐαυτοῦ
645 4428 752 4480 τῶν
781 4428 1115 4482 δεσποτικῶν
1135 4428 1532 4497 ἀντεπεξάγειν
1556 4434 1851 4502 πειρᾶσθαι

269 4520 497 4587 λόγους
535 4512 610 4572 ὧν
659 4518 755 4573 καὶ
791 4519 891 4589 μία
931 4518 1095 4589 μόνον
1131 4521 1356 4591 ἀρκέσει
1387 4522 1562 4593 φωνὴ,
1599 4524 1852 4595 συμπληο

275 4609 453 4679 ρῶσαί
480 4627 573 4663 σου
597 4610 717 4663 κατ’
734 4611 893 4677 ἀξίαν
915 4610 1006 4664 τὸν
1025 4610 1268 4677 ἔπαινον.
1288 4612 1385 4675 Τίς
1405 4612 1542 4684 αὕτη
1575 4616 1670 4668 καὶ
1691 4617 1851 4683 ποία;

269 4696 313 4769 ἢ
339 4698 522 4770 μικρῷ
551 4699 786 4770 πρόσθεν
825 4700 973 4770 ὑμᾶς
1005 4699 1123 4768 φῶς
1169 4699 1263 4753 τοῦ
1290 4700 1499 4770 κόσμου
1549 4702 1849 4769 καλέσασα,

270 4792 351 4854 ὡς
380 4790 459 4861 τῷ
489 4790 691 4877 πρέιτῳ
727 4791 1169 4861 μαθητευθέντας
1196 4792 1356 4859 φωτί.
1391 4792 1550 4847 Οὕτω
1578 4795 1687 4866 γὰρ
1722 4796 1854 4850 ὑπο-

273 4885 511 4957 ληπτέον
530 4885 656 4947 τοὶις
680 4883 760 4953 τῷ
783 4883 1120 4952 Εὐαγγελίῳ,
1149 4883 1311 4952 δίκην
1331 4883 1557 4955 ἡλιακοῦ
1585 4885 1849 4955 ἅρματος,

1944 1874 2054 1938 lus,
2078 1874 2198 1942 ejus
2232 1885 2490 1928 accurate
2525 1872 2896 1927 laudationem
2921 1886 3203 1942 occupans
3225 1880 3519 1928 exsecutus

1947 1972 2063 2032 est;
2106 1966 2224 2020 suis
2259 1965 2429 2034 ipsius
2470 1980 2560 2020 res
2607 1965 2757 2018 illius
2806 1941 3264 2032 comparausfac
3311 1979 3413 2019 ceu
3465 1963 3519 2018 in

1949 2057 2182 2128 imagine
2240 2058 2447 2126 optime
2508 2057 3220 2127 repraesentans,_egregio
3272 2057 3519 2111 colorum

1950 2147 2083 2204 l'lore
2121 2150 2391 2220 depinxit.

2023 2240 2154 2305 Sed,
2204 2256 2237 2295 ο
2292 2242 2449 2294 beate
2498 2237 2695 2294 Pater!
2740 2254 2936 2310 magna
2962 2239 3138 2294 Creta:
3166 2238 3427 2310 gloriatio
3457 2252 3523 2293 ac

1948 2339 2362 2395 ornamentum,
2399 2329 2632 2399 verique
2666 2330 3016 2385 tabernaculi
3048 2345 3111 2384 ac
3145 2329 3372 2400 superni
3402 2329 3524 2383 cul-
3630 2341 3636 2347 '

1950 2431 2064 2488 tus,
2092 2421 2521 2490 divinorumque
2557 2420 2858 2487 interpres,
2903 2418 3125 2486 suscipe
3162 2432 3191 2470 a
3225 2417 3390 2471 nobis
3421 2431 3523 2470 ceu

1952 2512 2276 2568 Sirenarum
2312 2512 2509 2576 melos,
2547 2509 2882 2564 laudationis
2926 2523 3238 2564 sermonem
3269 2526 3284 2563 :
3318 2509 3525 2578 quique

1950 2606 2030 2663 sis
2065 2603 2301 2660 ﬁliorum
2332 2619 2546 2669 amans,
2583 2603 2790 2657 volenti
2819 2602 3116 2665 balbutire,
3151 2617 3340 2656 aurem
3374 2609 3523 2654 tuam

1951 2697 2089 2751 meis
2136 2696 2317 2749 libens
2358 2693 2714 2749 sermonibus
2755 2694 2977 2748 adhibe.
3021 2693 3214 2748 Solent
3244 2693 3390 2747 enim
3420 2692 3524 2746 Pa-

1952 2795 2066 2842 tres
2097 2794 2250 2859 grata
2281 2786 2486 2840 habere
2532 2785 2770 2838 liliorum
2810 2784 3239 2850 balbutimenta,
3276 2799 3400 2839 cum
3436 2785 3469 2837 ii
3495 2800 3526 2839 ο

1953 2878 2192 2945 simplici
2246 2888 2428 2933 mente
2481 2880 2758 2933 sincerum
2804 2892 3118 2932 sermonem
3170 2878 3523 2947 depromunt.

1952 2956 2123 3039 Quem
2156 2972 2464 3031 enimvero,
2497 2977 2729 3040 excepto
2762 2969 2807 3024 si
2843 2969 2970 3039 quis
3002 2983 3135 3023 mea:
3160 2968 3526 3049 imbecillitati

1948 3070 2244 3134 congruat,
2302 3078 2614 3117 sermonem
2659 3061 2928 3125 dederim,
2968 3061 3057 3115 cui
3108 3060 3245 3114 nihil
3279 3061 3345 3113 ad
3375 3073 3530 3121 com-
3581 3126 3583 3129 η

1953 3154 2207 3226 pendiosi
2271 3168 2683 3224 sensorumque
2711 3152 3094 3229 complegione
3128 3152 3527 3207 confertissimi

1951 3245 2222 3300 sermonis
2253 3244 2684 3313 susceptionem,
2709 3251 3088 3313 comparatum
3131 3245 3420 3312 suppetat!
3453 3242 3531 3299 Te

1908 3384 1917 3393 ,
1952 3350 2083 3389 vero
2122 3335 2379 3406 quisnam
2410 3336 2577 3389 etiam
2607 3349 2786 3390 sermo
2813 3349 2916 3402 pro
2944 3336 3165 3389 meritis
3199 3335 3525 3395 laudaverit,

1952 3428 2045 3497 qui
2106 3427 2239 3483 olim
2280 3441 2313 3480 a
2353 3427 2590 3480 Domino
2643 3425 2866 3480 laudem
2936 3429 3253 3497 acceperis?
3302 3429 3528 3486 Utrum

1952 3520 2103 3574 clare
2124 3519 2454 3573 clamantem
2481 3517 2760 3582 audimus,
2792 3517 2901 3571 alio
2927 3517 3149 3588 quidem
3175 3520 3299 3575 loco
3323 3539 3334 3574 :
3368 3540 3386 3571 ι
3421 3519 3529 3576 Vos

1951 3610 2088 3665 eslis
2127 3610 2208 3666 sal
2260 3618 2420 3664 terrae
2449 3611 2499 3664 ιι.
2528 3641 2597 3652 -
2629 3608 2742 3665 Vos
2765 3610 2903 3664 estis
2941 3610 3125 3665 lumen
3158 3611 3352 3665 mundi
3385 3622 3432 3663 ο.
3464 3644 3530 3654 -

1952 3700 2125 3779 Vobis
2179 3702 2389 3761 datum.
2426 3711 2509 3757 est
2564 3717 2733 3757 nosse
2786 3702 3055 3773 mysteria
3094 3702 3247 3772 regni
3283 3701 3378 3763 Dei
3411 3702 3460 3758 ά.
3505 3722 3524 3754 ο

1952 3793 2075 3846 Alio
2113 3804 2343 3848 autem:
2397 3812 2417 3845 ‹
2475 3792 2653 3848 Vestri
2706 3803 2887 3849 autem
2937 3794 3078 3850 beati
3107 3795 3249 3849 oculi
3282 3795 3413 3865 quia
3445 3796 3529 3847 vi-

1952 3881 2109 3946 dent,
2161 3889 2219 3938 et
2268 3897 2434 3938 aures
2486 3894 2685 3939 vestrae
2732 3885 2861 3953 quia
2903 3886 3162 3941 audiunt.
3203 3886 3342 3941 Dico
3379 3888 3527 3942 enim

1952 3975 2135 4039 vobis,
2199 3974 2330 4044 quia
2388 3975 2547 4028 multi
2597 3977 2887 4045 prophetae
2914 3986 2968 4031 ct
3020 3992 3182 4048 reges
3236 3980 3531 4034 voluerunt

1953 4064 2143 4120 videre
2172 4080 2294 4134 quae
2323 4079 2420 4120 vos
2447 4064 2670 4129 videtis,
2704 4074 2759 4121 et
2785 4081 2896 4120 non
2929 4069 3221 4134 viderunt;
3255 4079 3311 4124 ct
3340 4071 3530 4125 audire

1953 4171 2075 4222 quae
2104 4156 2334 4224 auditis,
2372 4166 2428 4213 et
2457 4172 2565 4212 non
2599 4159 2896 4213 audierunt
2929 4170 2974 4213 ο.
3014 4177 3033 4211 ι
3063 4159 3238 4224 Quam
3270 4162 3368 4215 tibi
3399 4177 3530 4232 ergo
3560 4172 3565 4173 ’

1935 4266 2150 4305 .sumus
2180 4253 2398 4322 plexuri
2437 4254 2744 4309 coronam?
2783 4253 3161 4321 Quorumnam
3213 4272 3527 4312 sermonum

1954 4344 2220 4399 collectos
2266 4345 2434 4422 tiores
2474 4356 2569 4400 tuo
2616 4346 2812 4401 vertici
2860 4347 3244 4416 imponemus?
3283 4349 3418 4415 Quis
3455 4350 3529 4403 ita

1884 4467 1928 4521 Β
1955 4435 2181 4499 stultus,
2224 4447 2283 4489 ut
2317 4451 2451 4492 suos
2479 4452 2767 4493 sermones
2804 4439 2954 4493 velut
2991 4455 3054 4495 ex
3083 4441 3317 4497 adverso
3348 4442 3532 4496 Domi-

1957 4525 2099 4579 nicis
2125 4533 2299 4580 tentet
2322 4525 2597 4597 ingerere,
2648 4544 2883 4598 quorum
2916 4531 3000 4586 vel
3034 4548 3143 4586 una
3173 4549 3277 4587 vox
3313 4534 3532 4590 abunde

1958 4613 2149 4682 fuerit,
2209 4615 2516 4671 laudationi
2569 4634 2669 4688 pro
2719 4620 2940 4676 meritis
2975 4622 3532 4692 complendae?Qna:—

1958 4722 2084 4760 nam
2140 4707 2233 4761 illa
2263 4723 2364 4763 vox
2423 4717 2479 4765 et
2526 4712 2774 4781 quanta?
2820 4728 2927 4768 non
2957 4717 3031 4768 ita
3076 4715 3310 4783 pridem,
3344 4717 3528 4772 lumen

1957 4795 2145 4851 mundi
2214 4799 2522 4869 appellans.
2582 4800 2654 4856 Ut
2701 4802 2963 4857 nimirum
3012 4800 3529 4878 discipulos'primi

1956 4888 2105 4943 illius
2154 4890 2405 4946 luminis.
2457 4892 2552 4947 Sic
2600 4894 2748 4949 enim
2782 4894 2819 4948 ii
2848 4896 3199 4952 existimandi
3255 4909 3405 4963 sunt,
3436 4901 3531 4971 qui

274 4977 383 5031 ἀνά
407 4976 505 5046 τὴν
533 4976 712 5031 κτίσιν
735 4968 1253 5046 περινοστήσαντας.
1291 4975 1479 5044 Ὑμεῖς
1509 4976 1632 5027 ἐστε
1666 4974 1728 5028 τὺ
1756 4974 1844 5040 ἃλς

1959 4978 2277 5051 Evangelio,
2308 4983 2454 5038 velut
2486 4983 2658 5038 solari
2684 5001 2875 5052 curru,
2905 4988 3340 5061 circumquaque
3369 4968 3532 5048 mun-

276 5069 377 5138 τῆς
419 5068 769 5140 Ἐκκλησίας,
825 5067 893 5120 δι’
932 5060 995 5119 οὗ
1049 5065 1117 5119 τά
1167 5065 1340 5137 πικρά
1369 5065 1460 5118 καὶ
1487 5065 1706 5137 ἁλμυρά
1752 5066 1844 5137 τῆς

1959 5069 2088 5125 dum
2119 5072 2443 5129 lustrarunt.
2481 5073 2591 5130 Vos
2616 5077 2750 5132 estis
2779 5076 3042 5135 Ecclesiae
3070 5083 3173 5145 sal,
3198 5060 3309 5153 quo
3332 5099 3534 5139 amara:

274 5159 538 5222 ἀπιστίας
593 5158 1110 5229 κατεγλυκάνθησαν
1170 5157 1370 5211 ὕδατα·
1396 5156 1472 5226 τῷ
1517 5158 1727 5230 γονίμῳ
1759 5159 1844 5230 rip

1952 5164 2224 5234 salsasque
2251 5165 2596 5221 infidelitatis
2629 5184 2786 5239 aquae
2820 5171 3228 5228 dulcorantur:
3267 5176 3532 5231 sterilita-

278 5251 556 5314 ἀτεκνίαν,
577 5251 672 5303 καὶ
691 5248 769 5319 τῷ
793 5249 1008 5319 ποτίμῳ
1039 5248 1097 5302 τὸ
1117 5250 1386 5318 ἀπότιμον
1403 5249 1844 5322 διακρούσαντες.

1952 5262 2060 5311 tem
2093 5254 2435 5326 depellentes
2466 5257 2735 5317 cencessa
2783 5261 3143 5329 fecunditate,
3172 5264 3533 5335 ineptamque

287 5343 478 5412 Ὑμεῖς
495 5344 617 5395 ἐστε
643 5343 674 5412 ὴ
698 5343 784 5394 ἐπ’
808 5341 970 5412 ὅρους
993 5341 1223 5412 κειμένη
1245 5341 1355 5394 τῶν
1384 5342 1844 5414 ἐκκλησιαστικῶκ

1952 5345 2018 5400 ad
2050 5353 2242 5417 potum
2290 5349 2617 5419 qualitatem
2661 5354 2819 5407 suavi
2857 5354 2922 5408 ad
2952 5362 3143 5424 potum
3183 5359 3385 5427 gratia.
3416 5354 3531 5412 Vos

368 5475 455 5531 ³11
486 5475 618 5531 Cor.
654 5491 753 5539 xu,
806 5475 896 5529 16.
973 5487 999 5515 ιι
1036 5477 1170 5530 ibid.
1209 5476 1392 5530 16-18.
1472 5478 1501 5517 δ
1536 5475 1727 5532 Matth.
1763 5493 1816 5543 ν,

2019 5490 2040 5517 ο
2077 5479 2210 5535 ibid.
2255 5481 2344 5538 M.
2420 5481 2443 5520 ά
2477 5480 2639 5539 Marc.
2662 5501 2733 5551 iv,
2768 5485 2853 5541 ll.

1563 5607 1791 5664 VARI/E
1833 5610 2236 5667 LECTlONES.

2937 5498 2959 5556 ε
2994 5484 3130 5540 Luc.
3170 5503 3224 5553 κ,
3257 5487 3350 5542 23.

268 5750 275 5755 .
306 5701 565 5785 ““Adde
596 5695 726 5763 εἷλε,
770 5701 852 5754 vel
878 5674 1005 5768 quid
1028 5700 1223 5754 simile.
