3978 6140
253 336 382 406 ῙῙΞἸ
427 335 434 340 ’

1407 339 1490 399 IN
1529 337 1983 398 APOSTOLUM
2023 338 2068 396 Τ
2079 336 2290 396 lTUM.

3380 337 3524 402 1153

247 455 574 525 συνέᾦεσθαι
605 453 697 507 καὶ
724 453 866 521 ὑμᾶς
900 452 994 506 καὶ
1023 449 1630 523 συνευφρανθὴσεσθαι·
1665 470 1684 499 ι
1709 451 1828 518 Ἐγ-

1943 452 2067 506 ritis
2102 461 2162 506 ut
2197 461 2249 507 et
2303 453 2507 508 iterum
2542 452 2850 507 orationem
2888 449 2946 503 in
2993 463 3124 506 eum
3151 457 3467 504 convertam
3498 468 3514 506 .-

245 547 658 619 κωμιαζομένου
686 549 795 614 γὰρ
837 545 1074 607 δικαίου,
1115 541 1589 613 εὐφρανθήσονται
1617 542 1758 603 λαοὶ,
1804 562 1826 593 δ

245 641 410 708 φησὶν
457 641 487 692 6
539 638 854 708 σοφώτατος
889 635 1170 706 Σαλομὼν.
1208 634 1431 688 Δίκαιον
1464 633 1557 687 οὖν
1591 633 1832 704 ἡγοῦμαι

241 731 337 801 τὴν
369 731 587 784 πάντων
611 725 793 797 φωνὴν
814 726 1226 789 οἰκειώσασθαι,
1259 725 1352 780 καὶ
1381 725 1458 788 ὡς
1481 721 1562 788 εἷς
1600 727 1664 778 ὲκ
1697 726 1833 778 πάνυ

239 837 348 874 των
376 820 499 873 ἀντί
519 820 739 874 πάντων
779 819 972 873 τοῦτον
1002 819 1129 890 ὑμῖν
1149 817 1537 888 ἀναστηλῶσαι
1563 815 1642 886 τῷ
1663 817 1830 884 λόγῳ,

239 911 326 964 τὸν
358 910 580 980 λογικὸν
626 911 924 979 ἀνδριάντα
963 909 1074 964 τῶν
1109 907 1308 978 λόγων,
1339 908 1560 978 καὶτῆς
1587 909 1831 962 ἅπαντα·

239 1003 332 1074 χοῦ
365 1003 468 1073 γῆς
493 1001 604 1056 τῶν
643 1001 980 1072 Ἐκκλησιῶν
1004 1001 1290 1073 πεφηνότα
1316 997 1657 1054 διδάσκαλον.

1933 556 2000 598 ac
2033 543 2198 613 plane
2243 559 2578 614 persuasum
2617 543 2796 598 habeo
2827 541 2967 606 fore,
2999 550 3060 596 ut
3087 550 3143 597 et
3181 557 3282 598 vos
3313 557 3518 598 conse-

1935 634 2158 688 ctemini
2201 649 2268 688 ac
2297 634 2656 690 eollatemini
2693 652 2706 688 :
2747 651 2764 684 ι
2797 631 3084 688 Laudibus
3120 633 3395 702 siquidem
3427 649 3519 688 ce-

1937 722 2160 778 lebrato
2203 725 2381 795 justo,
2445 726 2784 780 laetabuntur
2830 723 3061 794 populii
3110 720 3246 794 (37),
3285 743 3304 776 ›
3341 725 3520 796 inquit

1941 816 2390 888 sapientissimus
2424 815 2716 872 Salomon.
2758 815 2980 871 Justum
3019 817 3208 887 itaque
3257 819 3518 886 arbitror,

1939 919 2001 962 ut
2041 910 2291 963 omnium
2322 910 2454 962 mihi
2498 910 2794 964 aSciverim
2837 923 3052 975 vocem,
3096 924 3161 964 ac
3190 909 3339 964 velut
3373 926 3520 966 unus

1937 1011 1992 1058 et
2025 1011 2142 1058 toto
2198 1014 2366 1070 ccetu,
2406 1004 2640 1074 vit-eque
2697 1005 3107 1067 universorum,
3161 1003 3311 1059 hunc
3357 1005 3518 1061 vobis

240 1112 521 1160 sermone,
555 1097 741 1152 instar
783 1094 958 1166 cippi,
993 1109 1186 1150 coram
1221 1103 1458 1149 statuam
1492 1103 1546 1150 et
1592 1095 1798 1163 erigant
1841 1113 1854 1150 :
1895 1097 1993 1164 qui
2061 1098 2326 1152 nimirum
2353 1139 2366 1161 ,
2420 1113 2520 1152 ceu
2598 1097 2894 1151 rationalis
2944 1111 3261 1152 sermonum
3310 1107 3518 1168 statua,

239 1196 356 1240 toto
414 1186 552 1241 orbe
613 1187 924 1254 positarum
995 1181 1376 1240 Ecclesiarum
1442 1183 1640 1239 doctor
1703 1183 1992 1240 claruerit.

353 1273 478 1340 ὗτος
502 1276 633 1348 γὰρ,
663 1271 822 1340 οὗτός
837 1276 984 1330 ἐστιν
1009 1277 1037 1329 6
1063 1277 1235 1347 μέγας
1263 1273 1444 1340 Τίτος,
1474 1274 1568 1328 τοῦ
1597 1275 1826 1340 σκεύους

238 1371 336 1440 τῆς
361 1369 598 1438 ἐκλογῆς
618 1369 650 1422 6
670 1369 1030 1440 συνέκδημος,
1062 1371 1090 1422 6
1113 1369 1317 1440 θερμὸς
1339 1370 1550 1422 ἐκείνου
1567 1369 1826 1432 κοινωνὸς

237 1467 294 1516 ὲν
318 1457 398 1532 τῷ
447 1459 543 1514 τοῦ
597 1461 934 1530 Εὐαγγελίου
971 1461 1312 1532 κηρύγματι.
1345 1461 1506 1522 Τίτος
1551 1461 1580 1512 6
1610 1459 1826 1531 πρῶτος

236 1555 338 1625 τῆς
370 1553 762 1625 εἰδωλομανίας
801 1552 1116 1619 ἀντίπαλος,
1151 1552 1246 1606 καὶ
1287 1551 1388 1622 τῆς
1434 1551 1674 1622 Χριστοῦ
1708 1552 1826 1604 θεο-

239 1647 430 1716 σοφίας
469 1647 785 1718 ὑπέρμαχος
806 1662 820 1675 ·
851 1645 879 1696 6
909 1644 1048 1697 κατά
1077 1643 1186 1696 τῶν
1219 1643 1671 1712 προσκυνούντων
1700 1643 1828 1705 τοὺς

2005 1275 2106 1332 Hic
2147 1277 2295 1332 enim
2323 1278 2637 1347 plane,-hic
2684 1285 2768 1332 est
2805 1295 3038 1350 magnus
3071 1281 3164 1336 ille
3203 1279 3385 1348 Titus,
3421 1300 3516 1354 pc-

1931 1369 2370 1439 regrinationum
2395 1385 2582 1425 comes
2608 1373 2756 1426 'vasis
2781 1371 2928 1426 illius
2963 1373 3276 1438 electionis,
3297 1375 3518 1434 fervens

1931 1458 2052 1528 ejus
2085 1461 2136 1514 in
2175 1459 2574 1529 praedicatione
2609 1461 2892 1532 Evangelii
2943 1465 3155 1518 socius.
3185 1464 3362 1532 Titus,
3403 1471 3518 1535 pri-

1935 1565 2059 1605 mus
2101 1551 2284 1606 insani
2315 1551 2594 1607 idolorum
2625 1554 2812 1609 cultus
2853 1555 3058 1618 hostis,
3087 1557 3409 1630 Christique
3435 1562 3518 1615 di-

1935 1645 2081 1699 vinae
2125 1645 2416 1716 religionis
2454 1647 2694 1702 vindex:
2734 1649 2802 1702 iis
2834 1649 2927 1719 qui
2963 1650 3174 1719 lapides
3213 1653 3517 1708 adorarent

237 1737 442 1802 λίθους,
497 1737 644 1800 λίθος
685 1736 1122 1808 προσκόμματος
1156 1734 1432 1803 κείμενος,
1487 1734 1581 1787 καὶ
1617 1735 1708 1787 τὸν
1747 1735 1826 1798 είς

1931 1734 2259 1790 offensionis
2293 1738 2509 1805 positus
2545 1738 2710 1806 lapis,
2750 1741 2958 1810 quique
2982 1742 3226 1809 positum
3261 1745 3316 1798 in
3349 1755 3516 1816 caput

236 1830 481 1900 κεφαλὴν
507 1829 708 1898 γωνίας
729 1827 828 1897 τῆς
865 1827 1196 1898 Ἐκκλησίας
1215 1827 1362 1880 λίθον
1384 1827 1620 1898 Χριστὸν
1645 1827 1828 1890 αὐτοῖς

237 1922 596 1989 ὑποθέμενος.
628 1920 808 1982 Τίτος,
841 1921 875 1989 ή
911 1919 1215 1990 ἅκρότομος
1245 1917 1376 1988 ἕδρα
1411 1917 1506 1970 καὶ
1530 1917 1708 1986 πέτρα
1728 1917 1830 1986 τῆς

237 2013 496 2076 πίστεως,
537 2013 568 2082 ἡ
624 2011 1118 2083 ἀποπετρωθέντας
1171 2009 1264 2063 τὸν
1317 2008 1442 2064 νοῦν
1501 2008 1722 2080 Χριστῷ
1761 2011 1849 2079 τῇ’

237 2105 417 2175 πέτρᾳ
459 2103 798 2176 στερεμνίως
847 2103 1171 2174 έδράζουσα.
1205 2103 1384 2168 Τίτος,
1409 2102 1470 2156 τὸ
1514 2101 1830 2155 θεόκτιστον

235 2197 335 2263 τῆς
357 2192 595 2266 Κρητῶν
637 2193 971 2265 Ἐκκλησίας
995 2193 1362 2266 προπύργιον,
1395 2195 1428 2264 ἡ
1456 2192 1696 2264 ἀψευδὴς
1722 2191 1828 2246 τῶν

236 2287 582 2349 ἁδιστάκτως
615 2284 768 2355 αὐτῷ
811 2286 1148 2356 προσιόντων
1190 2287 1496 2356 ἀντίληψις,
1547 2286 1608 2339 τὸ
1633 2287 1831 2357 εὐπρε-

235 2372 340 2436 πὲς
365 2373 462 2444 τῆς
495 2373 622 2444 περὶ
677 2375 824 2444 ἡμᾶς
853 2373 1005 2439 θείας
1051 2375 1377 2447 κηδεμονίας
1404 2377 1724 2448 προαύλιον,
1758 2378 1827 2432 δι’

174 2516 185 2525 ,
236 2460 298 2519 οὗ
327 2465 425 2536 τὴν
459 2465 718 2536 ἀλήθειαν
756 2467 1027 2536 ἔγνωμεν,
1057 2469 1160 2538 τὴν
1190 2467 1336 2537 ζωὴν
1361 2470 1702 2540 ἐσχήκαμεν,
1730 2471 1828 2544 τὴν

239 2555 442 2626 γνῶσιν
473 2557 760 2627 ἐλάϐομεν,
812 2557 874 2610 τὸ
916 2557 1032 2626 φῶς
1081 2558 1527 2631 ὲνελάμφθημεν,
1589 2562 1770 2626 Τίτος,
1801 2563 1830 2614 6

235 2648 337 2718 τῆς
367 2648 788 2712 δυοκαιδεκάδος
817 2649 926 2702 τῶν
965 2649 1092 2720 τῇδε
1120 2649 1389 2721 καθέδρας
1423 2652 1765 2723 ἀρχίθρονος,
1801 2654 1830 2706 6

237 2738 561 2810 θεολαμπὴς
589 2739 822 2810 οὐρανὸς
856 2743 957 2811 τῆς
992 2741 1150 2812 ἡμῶν
1203 2741 1490 2812 ἀμϐλεψίας,
1523 2745 1553 2796 6
1603 2745 1830 2816 φαιδρὸς

237 2829 334 2884 τοῦ
355 2829 817 2901 έκκλησιαστικοῦ
847 2830 1228 2902 στερεώματος
1256 2833 1427 2904 ἣλιος,
1457 2835 1485 2888 ὀ
1515 2830 1829 2902 λαμπαδοῦ-

235 2937 333 2990 χος
361 2920 468 2973 τῶν
501 2920 764 2992 ἐμψύχων
791 2921 1132 2993 λαμπτήρων
1163 2925 1364 2994 ἀστὴρ,
1397 2927 1426 2978 6
1465 2925 1593 2988 τοὺς
1623 2925 1829 2997 πλανήέ-

236 3028 337 3074 τας
383 3011 483 3080 τῆς
533 3011 743 3080 πλάνης
799 3013 937 3084 πρὸς
985 3013 1246 3078 ἀπλανεῖς
1295 3015 1522 3084 ἐφόδους
1570 3017 1828 3082 ἀπλανῶς

1932 1830 2118 1898 anguli
2155 1830 2415 1883 Ecclesia:
2438 1829 2674 1898 lapidem
2701 1831 2990 1886 Christum
3021 1834 3103 1887 eis
3127 1835 3515 1892 substraverit.

1931 1911 2112 1980 Titus,
2175 1915 2482 1970 durissima
2524 1916 2676 1972 basis
2709 1927 2976 1989 petraque
3009 1920 3160 1984 ﬁdei,
3192 1935 3428 1980 mentem
3461 1928 3516 1983 in

1931 2015 2144 2078 petram
2177 2009 2432 2070 duratos,
2469 2009 2524 2063 in
2559 2011 2780 2066 Christo
2805 2023 2962 2081 petra
2993 2012 3224 2070 ﬁrmans
3253 2031 3317 2071 ac
3346 2019 3517 2072 stabi-

1930 2099 2094 2156 liens.
2133 2099 2316 2162 Titus.
2370 2100 2723 2156 Cretensium
2774 2103 3040 2160 Ecclesiae
3084 2123 3112 2160 a
3155 2108 3269 2163 Deo
3322 2111 3518 2164 cond:-

1933 2199 2044 2246 tum
2071 2207 2172 2246 ceu
2203 2193 2375 2246 turris
2411 2195 2888 2262 propugnaculum
2918 2215 2932 2262 ;
2973 2213 3100 2252 vera
3137 2199 3264 2256 sine
3289 2201 3516 2256 dubita-

1932 2281 2086 2336 tione
2113 2281 2182 2335 ad
2213 2297 2341 2336 eum
2389 2282 2776 2337 accedentium
2824 2283 3102 2352 defensio,
3137 2287 3400 2343 decorum
3427 2292 3514 2344 di-

1932 2375 2073 2428 vina:
2104 2375 2160 2428 in
2190 2389 2293 2429 nos
2325 2389 2472 2428 cura:
2505 2374 2865 2444 praaludium,
2898 2393 3013 2446 quo
3038 2381 3402 2450 cognovimus
3429 2399 3519 2437 vc-

1932 2465 2176 2530 ritatem,
2221 2464 2571 2520 obtinuimus
2621 2466 2811 2530 vitam,
2843 2467 3136 2523 scientiam
3170 2472 3514 2541 accepimus,

1932 2555 2146 2610 etelesti
2176 2556 2384 2611 lumine
2419 2555 2629 2626 perfusi
2663 2573 2882 2613 sumus.
2918 2557 3098 2622 Titus,
3131 2560 3514 2618 duodenarum

1932 2656 2137 2702 nostra:
2170 2647 2367 2702 insula:
2402 2648 2616 2701 sedium
2677 2649 2867 2703 sedem
2895 2651 3208 2720 principem
3241 2664 3454 2719 tenens,
3484 2671 3516 2709 a

1933 2736 2045 2791 Deo
2086 2737 2304 2808 fulgens
2337 2749 2545 2794 nostra:
2579 2741 2849 2796 caecitatis
2875 2742 3100 2806 cadum,
3130 2745 3288 2800 hctus
3322 2745 3514 2801 Eccle-

1931 2830 2146 2884 siastici
2182 2830 2515 2886 ﬁrmamenti
2545 2833 2654 2893 sol,
2686 2832 3346 2893 animatisluminaribus
3378 2855 3518 2908 pra!-

1933 2923 2124 2976 lucens
2157 2931 2396 2988 astrum,
2431 2924 2674 2978 erratica
2702 2925 2910 2980 erroris
2946 2927 3152 2992 sidera,
3181 2928 3252 2984 ad
3285 2930 3518 2985 iudet-lis

1934 3013 2173 3068 uabilem
2216 3013 2341 3068 ildei
2377 3015 2654 3070 tramitem
2694 3018 3009 3072 iuerranter
3047 3019 3280 3087 ducens,
3317 3037 3381 3076 ac
3411 3039 3514 3078 ceu

237 3101 627 3172 καθοδηγήσας
666 3102 764 3170 τῆς
791 3103 1052 3168 πίστεως,
1087 3104 1183 3158 καὶ
1208 3109 1537 3175 στηριγμοῖς
1571 3091 1828 3177 ἀληθείας

1938 3102 2174 3158 sublatis
2207 3105 2430 3175 ignibus
2471 3105 2788 3161 universam
2827 3115 3038 3162 terram
3075 3110 3326 3166 veritatis
3359 3112 3518 3167 fulci—

236 3193 677 3264 καταπυρσεύων
709 3195 809 3262 τὴν
834 3193 1149 3265 σύμπασαν.
1193 3196 1516 3262 Τίτος,“τῶν
1545 3199 1830 3270 Χερουϐὶμ

235 3285 298 3338 τὸ
326 3285 504 3356 ὄμμα,
531 3285 638 3339 τῶν
663 3287 918 3358 Σεραφὶμ
945 3287 1008 3340 τὸ
1037 3289 1234 3358 στόμα,
1267 3290 1294 3342 6
1327 3291 1600 3362 γρήγορος
1633 3291 1834 3360 ὀφθαλ-

240 3379 364 3449 μὸς,
390 3378 450 3432 τὸ
467 3379 766 3450 ἀκοίμητον
792 3383 894 3452 τῆς
915 3381 1188 3452 μυστικῆς
1217 3383 1522 3454 ἀγραυλίας
1541 3383 1827 3453 βλέφαρον.

239 3469 423 3533 Τίτος,
454 3471 516 3524 τὸ
557 3472 988 3543 ἀπροσμάχητον
1013 3473 1200 3539 ὅπλον,
1233 3474 1406 3544 ἡκατ⁹
1431 3473 1642 3544 ὲχθρῶν
1662 3475 1835 3528 ὲστιλο

235 3561 463 3633 ϐωμένη
498 3563 744 3634 ῥομφαία
771 3604 786 3628 ,
835 3564 946 3617 τῶν
981 3564 1198 3618 οίκείων
1229 3566 1438 3618 τέκνων
1463 3567 1492 3618 6
1521 3565 1824 3636 πρόμαχος,

233 3653 353 3708 τῶν
379 3655 602 3726 ἀπόρων
633 3657 662 3710 6
709 3657 900 3727 πόρος,
931 3657 1042 3710 τῶν
1090 3655 1408 3710 πεινώντων
1428 3659 1462 3728 ἡ
1491 3656 1686 3728 τροφὴ,
1715 3657 1827 3725 in:

235 3745 491 3814 ἀστέγων
523 3748 557 3817 ή
596 3749 786 3815 στέγη,
842 3750 876 3818 ἠ
923 3749 1052 3812 τοὺς
1081 3749 1370 3819 γυμνήτας
1400 3749 1829 3820 περιστέλλουσα

237 3832 442 3901 σκέπη,
481 3834 509 3884 6
541 3833 669 3897 τοὺς
710 3837 766 3888 ἐν
799 3833 936 3908 ζάλῃ
967 3838 1247 3906 κυμάτων-
1261 3834 1544 3903 διασώζων
1579 3838 1766 3912 λιμὴν,
1801 3843 1831 3894 6

235 3923 452 3994 πυρσὸς
485 3927 581 3995 τῆς
613 3925 917 3992 εὐσεϐείας,
949 3929 977 3981 6
1010 3928 1280 3998 διαφανὴς
1303 3924 1413 3982 τῶν
1434 3929 1596 3983 θείων
1619 3929 1826 4000 δογμά-
1866 3925 1869 3927 ’

233 4032 348 4067 των
385 4014 640 4088 σπινθὴρ,
663 4019 696 4087 ἡ
729 4017 971 4089 ἔμψυχος
1007 4019 1108 4090 τῆς
1152 4019 1481 4092 Ἐκκλησίας
1512 4019 1756 4091 λαμπὰς,
1789 4025 1822 4094 ἡ

236 4105 412 4176 στήλη
434 4105 573 4191 ’τῶν
603 4107 836 4178 ἀρετῶν,
877 4110 910 4178 ἡ
945 4108 1188 4178 ἔμπνους
1227 4109 1336 4162 τῶν
1380 4110 1824 4182 κατορθωμάτων

235 4195 428 4264 εἰκὼν,
462 4198 496 4266 ή
529 4195 753 4262 εὖλαλος
780 4199 888 4253 τῶν
920 4199 1208 4269 δογμάτων
1241 4199 1450 4270 λύρα,ὁ
1480 4201 1700 4272 λιγυρὸς
1719 4201 1830 4256 τῶν
1864 4249 1873 4260 .

238 4289 407 4343 θείων
435 4287 704 4360 ᾀσμάτων
727 4288 886 4361 ᾠδὸς,
913 4290 1233 4362 ήάσίγητος
1258 4292 1522 4365 φόρμιγξ,
1539 4295 1574 4366 ή
1591 4294 1668 4366 τῷ
1693 4294 1828 4365 πλή-

317 4459 336 4496 i
372 4455 510 4509 Prov
572 4469 650 4510 xl.
695 4451 777 4506 10.

1931 3194 2130 3248 mentis
2169 3195 2530 3250 collustrans.
2567 3195 2727 3253 Titus
2755 3197 2869 3262 ille,
2905 3198 3252 3256 Cherubicns
3284 3203 3512 3259 oculus:

1930 3299 1993 3338 os
2049 3283 2436 3352 Seraphicum,
2486 3287 2617 3356 vigil
2651 3289 2902 3354 obtutus,
2948 3291 3346 3363 insoporabilis
3394 3312 3516 3368 my-

1930 3376 2082 3430 stica:
2129 3378 2574 3446 peruoctationis
2614 3395 2714 3449 pro
2767 3386 3010 3449 pastoris
3064 3401 3296 3443 munere
3329 3385 3518 3458 palpe-

1899 3466 2052 3520 \bra.
2109 3467 2290 3534 Titus,
2343 3469 2802 3540 inexpugnabilis
2856 3477 3152 3543 protectio,
3205 3479 3424 3548 gladius
3459 3481 3514 3534 in

1932 3557 2120 3613 hostes
2175 3559 2484 3641 districtus,
2539 3560 2778 3616 ﬁlioru‘m
2837 3575 3238 3632 prepugnator,
3287 3566 3514 3636 inopum

1886 3647 1894 3658 '
1931 3658 2196 3718 quaestus,
2221 3649 2379 3705 cibus
2407 3653 2797 3720 esurientium,
2829 3669 3092 3723 vagorum
3124 3665 3176 3710 et
3205 3657 3327 3712 sine
3361 3667 3512 3712 tet-to

1933 3749 2161 3807 teetum,
2218 3743 2495 3816 nudorum
2561 3743 2998 3812 operimentum,
3059 3755 3254 3816 portus
3312 3747 3515 3803 salutis

1935 3835 2166 3890 marinis
2211 3834 2479 3891 ﬂuctibus
2528 3835 2894 3905 jactatorum,
2953 3837 3246 3908 religionis
3301 3839 3506 3898 facula.

1933 3929 2182 3982 emicans
2233 3927 2545 3982 divinorum
2589 3927 2914 3997 dogmatum
2953 3931 3222 3995 scintilla,
3270 3933 3514 3986 animata

1932 4019 2194 4074 Ecclesiae
2221 4019 2454 4088 lampas,
2492 4019 2751 4073 columna
2779 4019 3076 4084 virtutum,
3121 4022 3345 4090 spirans
3373 4039 3513 4092 pta-.-

1931 4109 2078 4162 elare
2129 4117 2412 4177 gestorum
2466 4109 2672 4178 imago,
2728 4121 2937 4162 canora
2987 4109 3309 4178 dogmatqu
3367 4111 3510 4180 lyra,

1935 4200 2149 4256 vocalis
2176 4200 2499 4254 divinorum
2527 4189 2842 4252 ca‘rminum
2891 4211 3094 4254 cantor
3115 4240 3130 4266 ,
3183 4201 3398 4255 cithara
3432 4203 3512 4256 si-

1936 4295 2051 4349 lere
2081 4294 2362 4358 nesciens,
2415 4309 2539 4362 quae
2592 4290 2764 4345 animi
2813 4290 3138 4347 affectiones
3185 4306 3461 4362 compona
3494 4333 3510 4360 ,

1548 4566 1928 4626 COMBEFISH
1977 4568 2210 4625 i‘v'OTA‘I.

235 4722 614 4777 conventum,
661 4725 824 4779 quem
891 4695 1078 4780 statim
1135 4707 1273 4764 dicit
1311 4709 1414 4779 τῆς
1459 4711 1612 4780 ἱερᾶς
1657 4709 1822 4762 Τίτου

1931 4710 2235 4780 secundum
2317 4705 2454 4760 illud
2485 4749 2498 4772 ,
2556 4704 3073 4780 εὐφρανθήσονται,
3109 4701 3513 4780 -.ἀγαλὶέάσον-

231 4781 428 4854 χειρὸς
442 4779 884 4854 θεοσφράγιστον
911 4779 1188 4854 σύστημα,
1231 4780 1383 4834 velut
1415 4779 1619 4854 castum
1657 4795 1818 4850 quem

235 4851 405 4909 sacra
441 4851 552 4906 Titi
586 4851 784 4908 manus
813 4852 1003 4906 divino
1031 4855 1358 4904 charactere
1385 4851 1780 4920 consignasset
1805 4867 1820 4902 :

233 4939 356 5001 non
394 4924 512 4993 ipse
539 4921 856 5001 immediate
879 4961 894 4984 ,
926 4921 1022 4976 sed
1063 4920 1118 4974 in
1151 4920 1510 5001 episcopiset
1558 4919 1822 5001 sacerdo:

233 4987 584 5058 tibus'quos
625 4987 802 5046 Cretae
855 4987 1211 5046 successores
1263 4987 1596 5056 seliqnisset.
1673 4988 1822 5042 Nihil

231 5065 412 5118 etiam
437 5069 610 5126 vetat,
638 5068 700 5115 ut
736 5077 808 5116 ne
844 5061 1180 5116 dicatsolos
1227 5061 1448 5131 proprie
1479 5060 1821 5123 sacerdotes,

232 5132 595 5202 maximeque
625 5133 954 5201 episcopos;
1008 5132 1063 5184 in
1096 5145 1330 5202 quorum
1366 5145 1573 5185 corona
1605 5131 1826 5186 videtur

230 5203 713 5272 Archiepiseopus
765 5217 982 5272 orasse,
1033 5216 1098 5256 ac
1136 5201 1542 5272 celebrandum
1601 5216 1823 5256 assum-

234 5273 424 5342 risisse
452 5265 690 5340 primum
726 5286 839 5327 sua?
865 5271 1012 5326 sedis
1038 5265 1513 5339 archiepiscopum
1547 5288 1560 5324 :
1585 5285 1824 5340 quorum

229 5341 314 5399 sit
359 5343 596 5410 partium
641 5342 866 5397 laudare
902 5356 1002 5410 pro
1035 5341 1302 5396 concione
1351 5343 1506 5396 viros
1538 5342 1738 5410 iustos,
1770 5349 1826 5395 et

230 5413 500 5466 encomio
547 5425 797 5468 recreare
833 5412 1109 5482 populos;
1149 5426 1291 5480 quas
1337 5412 1443 5466 sibi
1494 5413 1584 5472 ille
1613 5421 1821 5482 partes,

231 5484 367 5537 vice
396 5483 646 5536 onmium
701 5482 972 5547 vindieat,
1004 5491 1066 5536 ut
1097 5483 1352 5548 loquatur
1392 5483 1542 5537 velut
1573 5483 1820 5537 omnium

231 5551 717 5624 ore,_m_ajoripse
759 5555 1046 5621 praelatus.
1097 5549 1239 5616 Quid
1289 5551 1336 5607 si
1389 5566 1492 5624 pro
1547 5552 1716 5622 ἱερὸν,
1749 5553 1821 5604 ir-

231 5621 416 5688 repsit
445 5621 634 5688 ἱερέων
655 5621 680 5674 τ

318 5689 432 5761 (57)
469 5689 742 5745 Laudibus
773 5691 1033 5761 celebrato
1049 5691 1229 5761 justo,
1255 5692 1584 5761 (tutabimur
1611 5691 1819 5761 populi.

231 5759 418 5815 Paulo
453 5761 612 5817 aliter
641 5761 848 5816 habent
881 5760 1034 5832 Vulg.
1056 5759 1118 5816 et
1141 5759 1310 5818 LXX.
1342 5759 1621 5820 Theudor.
1657 5759 1821 5818 habet

1927 4797 2042 4835 ται.
2075 4779 2222 4846 quod
2280 4787 2476 4847 parum
2525 4773 2704 4840 abest,
2752 4773 2893 4847 ut_'et
2937 4775 3074 4847 illud
3109 4773 3266 4842 Vulg.
3308 4774 3512 4847 Exsul-

1933 4850 2066 4902 tabit
2087 4843 2319 4912 civitas;
2348 4848 2518 4916 Tignr
2548 4857 2606 4902 et
2630 4848 2784 4902 Sam.
2805 4845 3158 4898 Exattabitnr
3183 4859 3340 4916 {quo
3373 4843 3513 4916 forte

1932 4919 2096 4972 modo
2125 4919 2290 4973 etiam
2326 4913 2797 4973 illa—habuerunt.
2840 4917 3154 4980 habentque
3188 4913 3458 4978 llebraica
3494 4933 3509 4970 :

1929 4995 2124 5055 tam;
2179 4988 2267 5044 cui
2340 4987 2498 5042 aliine
2547 4987 2681 5042 illud
2742 4983 2883 5040 LXX
2933 5003 2959 5055 γε
3009 4981 3151 5038 Bene
3213 4983 3372 5052 gessit
3440 4985 3516 5036 ci-

1930 5061 2088 5124 vitas,
2113 5054 2179 5113 ut
2221 5061 2495 5121 geitninus
2535 5073 2734 5113 sensus
2763 5059 2879 5112 sit:
2919 5054 2985 5108 In
3027 5055 3176 5110 bonis
3211 5056 3510 5124 jactentur,

1929 5131 2075 5200 quod
2110 5137 2164 5184 et
2207 5129 2367 5200 Vulg.
2415 5137 2469 5184 et
2513 5127 2665 5200 LXX
2689 5130 2911 5184 habent.
2969 5125 3232 5200 "-OCUI‘S},
3286 5123 3512 5192 praemio

1929 5193 2140 5270 aﬂ‘eetis
2164 5215 2266 5270 pro
2299 5193 2514 5254 r'atione
2535 5199 2766 5270 justitite
2795 5209 2848 5252 et
2883 5193 3252 5270 rectitudinis,
3281 5201 3512 5270 qum‘cst

1931 5269 2050 5338 ipsa
2083 5261 2396 5326 benedictio
2423 5261 2587 5338 quain
2621 5267 2870 5332 Hebraea,
2914 5267 3072 5324 Sani.
3101 5275 3150 5338 et
3191 5261 3379 5333 Tigur.
3411 5263 3512 5316 ha-

1927 5335 2094 5403 bent,
2149 5341 2268 5396 fore
2308 5335 2662 5396 exaltandam
2716 5339 3023 5401 civitatem,
3077 5335 3240 5404 eique
3285 5347 3510 5389 cessura

1929 5412 2116 5465 omnia
2151 5425 2435 5481 prospere.
2462 5408 2620 5481 Felix
2660 5415 2808 5481 certe
2841 5407 3065 5481 civitas,
3092 5405 3150 5481 in
3177 5420 3286 5474 qua
3329 5405 3510 5481 ca_l~e'x

1928 5472 2232 5549 sanctaque
2284 5472 2616 5536 distributio
2696 5478 2956 5549 inviolata
3007 5472 3332 5549 .obtitierct._
3382 5472 3508 5549 Fuit

1926 5559 2120 5606 sancto
2143 5543 2362 5620 'Hugoui
2399 5551 2570 5603 multa
2602 5549 2704 5602 hac
2735 5548 2790 5600 in
2825 5563 2903 5620 re,
2925 5555 2980 5620 e_t
3007 5547 3196 5620 iniqua
3220 5585 3235 5620 ,
3259 5543 3426 5620 etiam
3455 5544 3509 5596 in

1927 5621 2019 5676 Dei
2072 5614 2343 5692 ecclesia,
2365 5620 2780 5682 distributione,
2833 5619 2888 5672 in
2942 5617 3033 5671 Dei
3083 5614 3507 5692 providentiam,

1927 5706 2245 5762 quanquam
2280 5691 2349 5744 ad
2374 5704 2607 5762 agonem
2657 5695 2875 5762 tantum
2921 5695 2978 5742 et
3005 5687 3218 5756 potiora
3263 5686 3322 5742 in
3349 5686 3510 5740 cmlis

1929 5757 2178 5834 praemia,
2211 5757 2465 5827 tentatio,
2499 5767 2558 5817 ut
2587 5759 2792 5817 habent
2819 5757 2941 5831 ejus
2971 5765 3116 5814 acta.
