3978 6140
314 328 449 396 1161

1514 335 1590 395 [Ν
1633 336 2087 398 APOS’I‘OLUM
2124 339 2394 397 TlTUM.

3465 346 3602 412 “6‘2

314 444 567 510 ἔκλυτος,
595 443 674 508 ὡς
696 442 795 514 τὴν
822 445 902 508 είς
949 444 1041 499 τὸν
1073 446 1310 515 Χριστὸν
1351 449 1616 504 ἀνάλυσιν
1638 451 1902 522 δευτέραν

2012 453 2186 507 Nemo
2217 454 2289 507 sit
2334 469 2511 522 usque
2546 452 2682 509 adeo
2719 457 2923 520 mollis,
2977 468 3030 513 et
3073 460 3455 531 voluptatibus
3485 462 3597 518 dis-

314 537 508 590 θέσϐαι
531 535 634 606 τῆς
656 536 797 606 μετά
822 536 918 589 τοῦ
950 537 1127 607 πηλοῦ
1149 539 1415 610 διαμονῆς
1435 541 1529 592 καὶ
1552 558 1615 593 συ
1624 542 1909 612 μπήξεως.

316 629 410 692 Εἰς
442 627 728 699 βασιλείαν
770 630 924 699 ἡμᾶς
952 630 981 682 6
1011 627 1248 699 Χριστὸς
1304 630 1464 684 καλεῖ
1499 630 1600 702 τὴν
1631 632 1906 702 οὐράνιον.

311 720 651 773 Δεσποτικδν
681 719 743 774 τὸ
763 721 1047 790 ἐπίταγμα
1064 737 1080 752 ο
1108 724 1359 790 γενναῖον
1385 723 1754 794 ἀναλάϐωμεν
1776 725 1912 795 φρό-

311 830 487 883 νημα.
546 813 791 884 ’ἰσχυρὸς
837 815 867 867 ό
892 812 1074 866 καλῶν
1096 829 1110 842 ο
1150 814 1225 884 μὴ
1256 813 1578 885 ἀσθενῶμεν
1605 818 1672 887 τῇ
1712 816 1910 888 γνώμῃ

312 905 456 975 πρὸς
485 903 577 958 τὸν
619 905 764 976 ὑπὲρ
798 904 1012 958 ἔννοιαν
1059 905 1320 971 πλοῦτον,
1360 906 1456 958 καὶ
1506 905 1795 976 λογισμοῖς
1823 924 1913 977 μι-

312 990 671 1062 κρολογῶμεν
733 992 865 1063 περὶ
892 991 960 1045 τὰ
1000 990 1281 1064 ὁρώμενα.
1342 993 1408 1046 Τί
1454 996 1572 1057 τοῖς
1609 994 1913 1066 ὁρωμένοις

313 1081 802 1153 ἐγκαταμένομεν;
871 1083 939 1135 Τί
1017 1086 1118 1153 τῆς
1201 1082 1467 1155 πατρῴας
1540 1086 1911 1159 ὑπερορῶμεν

312 1172 545 1240 eam;
603 1173 767 1237 Πόλις
828 1172 988 1244 ἡμῶν
1021 1174 1118 1227 καὶ
1157 1175 1382 1246 πατρὶς,
1433 1177 1467 1247 ή
1511 1176 1625 1231 ἀνω
1662 1178 1842 1232 Σιών·
1874 1181 1908 1251 ἡ

306 1264 423 1319 τῶν
446 1265 621 1334 ἁγίων
656 1265 1020 1337 μητρόπολις,
1052 1266 1114 1320 τὸ
1146 1266 1256 1323 τῶν
1293 1267 1658 1342 πατριάρχῶν
1681 1270 1909 1342 οἰκητή-

314 1375 455 1429 ριον,
495 1351 559 1412 οῦ
588 1358 690 1411 οὐκ
724 1357 842 1411 ἔστι
864 1357 1076 1412 δάκνων
1108 1358 1232 1428 ὄφις
1263 1359 1350 1428 ἐφ’
1379 1359 1501 1413 ὁδοῦ
1532 1360 1911 1433 ἐγκαθήμενος

312 1449 596 1522 πτέρναν,
653 1449 750 1503 καὶ
780 1449 1066 1520 ἀπείργων
1120 1450 1221 1519 τὴν
1250 1450 1478 1504 εἴσοδον.
1527 1449 1694 1517 Σιὼν,
1745 1446 1814 1524 ἦς
1858 1454 1910 1506 οἱ

310 1541 515 1613 πύργοι
548 1541 643 1593 ἐπὶ
677 1540 788 1594 τῶν
829 1540 1034 1611 χειρῶν
1083 1541 1292 1611 Κυρίου
1345 1545 1666 1612 πεπήγασιν
1694 1559 1707 1573 °
1740 1538 1810 1616 ἧς
1853 1545 1910 1597 αἱ

309 1634 481 1689 πύλαι
513 1634 770 1706 γλύμμα,
820 1633 961 1713 πρὸς
1012 1634 1112 1704 τὴν
1163 1633 1379 1687 ἐκεῖθεν
1411 1635 1738 1704 εἰσάγουσαι
1781 1637 1912 1698 τοὺς

309 1728 582 1790 εἰσιόντας
639 1726 1063 1799 μακαριότητα,
1095 1722 1165 1799 ἦς
1187 1727 1248 1780 τό
1276 1745 1335 1781 τε
1385 1725 1530 1792 εἶδος
1581 1729 1679 1782 καὶ
1712 1728 1911 1792 κάλλος

2015 543 2257 609 solutus,
2320 551 2378 595 ut
2436 543 2837 599 resoiutionem
2893 547 2949 601 in
2992 548 3301 617 Christum,
3353 556 3600 611 secundo

2014 634 2137 689 loco
2181 632 2632 715 a-demoralione
2678 648 2732 692 et
2765 641 3127 696 concretione
3178 658 3302 697 cum
3338 645 3456 701 luto
3498 647 3599 702 ha.

2014 725 2160 782 beat.
2214 724 2326 781 Nos
2372 720 2648 783 Christus
2699 738 2862 785 vocat
2892 733 2944 786 in
3005 741 3242 803 regnum
3303 739 3598 794 caelorum.

2013 817 2304 872 Dominica
2337 817 2519 888 jussio
2550 828 2637 876 est
2671 836 2687 874 :
2719 838 3078 880 assumamus
3112 842 3444 895 generosum
3475 833 3600 885 ani-

2014 918 2191 958 mum.
2249 903 2434 961 Fortis
2484 915 2571 963 est
2604 910 2698 979 qui
2754 922 2958 967 vocat:
2997 930 3068 969 ne
3107 916 3287 972 simus
3323 919 3595 975 imbecilla

2014 1008 2197 1052 mente
2243 998 2313 1053 ad
2373 999 2602 1057 divitias
2630 1018 2774 1072 .qua:
2824 1017 3091 1074 superant
3173 1011 3595 1081 cogitationem,

2015 1087 2520 1160 scrupulosiusque
2568 1106 2754 1147 rerum
2786 1094 2968 1149 oculis
3009 1096 3395 1165 subjectarum
3429 1104 3595 1155 ratiu-

2014 1181 2182 1237 nibus
2232 1181 2612 1240 subducendis
2668 1185 2867 1265 intenti
2904 1188 3106 1245 simus.
3147 1187 3219 1244 Ut
3263 1195 3397 1262 quid
3433 1195 3598 1253 rebus

2012 1274 2331 1332 visibilibus
2364 1277 2771 1332 immorantur?
2817 1276 3023 1350 thuid
3057 1285 3476 1340 contemnimus
3507 1303 3597 1356 pa-

2013 1372 2228 1420 ternam
2259 1365 2525 1421 domum?
2554 1366 2766 1424 Civitas
2798 1378 2991 1425 uestra
3021 1374 3315 1444 patriaque
3353 1386 3440 1431 est
3486 1394 3599 1435 coe-

2014 1454 2175 1511 lestis
2197 1455 2359 1523 Sion;
2392 1468 2828 1530 sanctorumque
2861 1458 3328 1534 illa‘metropolis,
3359 1470 3597 1537 patriar-

2013 1547 2240 1602 charum
2273 1549 2644 1620 domicilium,
2683 1553 2777 1608 ubi
2820 1552 2981 1610 abest
3011 1570 3268 1626 serpens,
3304 1560 3507 1616 sedens
3541 1563 3594 1616 in

2012 1639 2122 1704 via,
2157 1642 2255 1711 qui
2287 1642 2610 1699 calcaneum
2634 1647 2884 1701 mordeat
2912 1656 2967 1701 et
2992 1647 3250 1718 ingressu
3281 1652 3594 1719 prohibeat.

2015 1729 2171 1797 Sion,
2211 1732 2462 1802 inquam,
2510 1734 2679 1804 cujus
2732 1745 2922 1792 turres
2961 1737 3016 1792 in
3071 1739 3331 1795 manibus
3381 1740 3593 1798 Domini

308 1815 453 1873 οἶδεν
490 1820 519 1871 6
564 1818 993 1880 κατασκευάσας
1050 1816 1203 1881 Θεός.
1260 1819 1560 1888 Περιουσία
1594 1818 1782 1872 δὲτῶν
1814 1837 1902 1873 πιυ

2011 1819 2133 1875 tixze
2185 1829 2362 1878 sunt:
2424 1822 2588 1892 cujus
2650 1833 2846 1895 portat,
2895 1826 3192 1892 czelatura;
3241 1846 3477 1904 qua:un
3526 1834 3592 1885 ad

310 1913 533 1983 στῶν,ή
551 1913 782 1982 ἀγήρως
814 1911 952 1983 ζωὴ,
977 1912 1038 1964 τὸ
1063 1912 1436 1983 ἀνεκλάλητον
1468 1911 1659 1984 φῶς,ή
1697 1912 1901 1981 ἀθάνατ

305 2020 403 2067 τος
439 2002 713 2072 βασιλεία,
753 2001 868 2055 τῶν
906 2003 1296 2078 ἀποκειμένων
1335 2005 1449 2073 τοῖς
1477 2003 1653 2069 ἀξίοις
1677 2004 1902 2075 ἀγαθῶν

306 2097 341 2166 ή
380 2095 678 2157 ἀντίδοσις·
711 2092 747 2148 ἀ
780 2094 919 2164 μήτε
972 2094 1277 2166 ὀφθαλμοῖς
1322 2094 1516 2166 ὁρατὰ,
1561 2096 1701 2167 μήτε
1763 2113 1902 2169 καρ-

306 2188 398 2259 δίᾳ
449 2184 654 2257 ληπτὰ,
691 2185 728 2239 ἃ
777 2189 892 2250 τοῖς
941 2187 1233 2255 ἀγαπῶσιν
1293 2188 1460 2241 αὐτὸν
1522 2188 1821 2260 ἡτοίμασεν
1872 2191 1902 2243 6

305 2279 466 2342 Θεός.

2007 1912 2414 1969 beatitudinem
2460 1914 2581 1971 illic
2630 1916 2741 1970 loci
2782 1916 2969 1983 sitam,
3005 1932 3104 1973 eos
3128 1919 3225 1988 qui
3262 1920 3478 1976 intrant
3511 1925 3596 1978 in-

2005 2003 2215 2061 ducant
2250 2006 2415 2077 cujus
2447 2008 2693 2078 speciem
2749 2008 3125 2081 decoremque
3162 2013 3319 2067 novit
3349 2015 3467 2083 ipse
3499 2017 3591 2086 qui

2003 2097 2295 2153 aediﬁcavit
2322 2098 2516 2167 _Deus.
2543 2098 2902 2168 ‘_Substantia
2945 2110 3129 2158 autem
3185 2103 3452 2173 ﬁdelium,
3479 2110 3594 2163 vita

2001 2196 2091 2244 est
2119 2203 2412 2246 senescere
2450 2193 2664 2257 nescia,
2707 2193 2893 2248 lumen
2926 2194 3331 2261 inenarrabile,
3368 2197 3595 2254 innuer-

2011 2281 2121 2335 tale
2157 2297 2406 2352 regnum,
2444 2285 2743 2340 relributio
2793 2286 3068 2342 bonorum
3102 2288 3286 2358 dignis
3320 2295 3596 2360 reposito-

307 2390 455 2437 rum,
488 2392 610 2447 quae
647 2393 827 2449 neque
864 2374 1035 2431 videri
1058 2367 1255 2432 oculis
1295 2381 1554 2447 posSunt,
1615 2391 1719 2432 nec
1774 2373 1942 2430 corde
1981 2377 2376 2446 comprehendi
2428 2392 2550 2448 qua:
2592 2377 2737 2433 Deus
2773 2385 3101 2450 praeparavit
3180 2386 3247 2440 iis
3297 2391 3390 2457 qui
3458 2387 3589 2440 dili-

304 2479 445 2539 gunt
481 2471 664 2539 ipsum
697 2483 750 2517 ιι-
778 2483 824 2531 ο,

379 2561 533 2632 Μηδὲ
569 2561 776 2615 τούτων
805 2561 1062 2631 ιάφῶμεν
1115 2560 1215 2633 τήν
1264 2561 1587 2632 εὑκληρίαν,
1641 2561 1760 2614 ὅσοι
1811 2558 1890 2631 τῷ

307 2653 546 2725 θεοποιῴ
574 2652 944 2717 τεκνωθέντες
981 2653 1347 2724 βαπτίσματι,
1376 2652 1512 2708 Θεοῦ
1568 2655 1893 2725 πεφήναμεν

304 2748 496 2802 τέκνα.
565 2744 700 2799 Θεοῦ
756 2744 853 2798 τοῦ
911 2747 1060 2816 ἡμᾶς
1125 2746 1512 2817 ἀγαπήσαντος
1571 2745 1667 2799 καὶ
1711 2745 1896 2810 δόντος

304 2838 629 2906 ἀντίλυτρον
652 2838 873 2892 πάντων
896 2837 1075 2910 ἡμῶν,
1098 2837 1418 2892 τὺνὲαυτοῦ
1453 2836 1626 2892 Παίδα
1656 2838 1750 2891 τὸν
1798 2854 1895 2907 μο-

304 2933 528 3002 νογενῆ,
559 2933 654 2986 καὶ
685 2932 934 3003 συμφυῆ,
969 2933 1065 2986 καὶ
1113 2932 1437 3003 ὁμόθρονον.
1466 2932 1560 3002 Μὴ
1608 2930 1894 3002 ἀθετῶμεν

301 3025 402 3093 τῆς
428 3023 703 3086 υἱοθεσίας
733 3023 796 3077 τὸ
815 3023 1089 3093 χάρισμα.
1122 3024 1216 3093 Μὴ
1255 3021 1547 3092 γενώμεθα
1577 3021 1754 3076 δοῦλοι
1794 3025 1895 3094 τῆς

301 3115 604 3184 ἁμαρτίας,
625 3114 1088 3185 ἐλευθερωθέντες
1117 3115 1177 3167 ἐν
1200 3112 1495 3183 πνεύματι.
1520 3114 1612 3186 Μὴ
1636 3113 1893 3184 φανῶμεν

2066 2554 2145 2610 Ne
2170 2553 2358 2626 itaque
2390 2572 2580 2611 corum
2608 2555 2963 2614 dimitta’mus
2997 2542 3370 2615 luereditatem
3398 2604 3411 2625 ,
3433 2572 3588 2632 quot-

1995 2656 2135 2721 quot
2163 2647 2366 2703 deilico
2395 2648 2729 2719 baptismate
2770 2649 2870 2704 lilii
2906 2651 3177 2707 rationem
3210 2652 3421 2721 adepti,
3455 2656 3586 2709 l'acli

1990 2757 2190 2798 sumus
2220 2739 2318 2795 Dei
2354 2739 2473 2795 lilii.
2513 2740 2626 2804 Dei,
2661 2740 2912 2812 inquam,
2952 2743 3046 2813 qui
3069 2759 3172 2810 nos
3202 2745 3419 2810 dilexit,
3459 2749 3585 2816 qui-

1995 2847 2104 2901 que
2148 2830 2551 2901 redemptionis
2584 2833 2825 2902 pretium
2865 2849 2970 2903 pro
3002 2836 3164 2891 nobis
3191 2837 3454 2894 omnibus
3489 2838 3586 2894 Fi-

2001 2923 2138 2976 lium
2175 2939 2340 2978 suum
2393 2924 2742 2994 unigenitum
2788 2925 3041 2994 ejusdem
3096 2943 3283 2983 secum
3320 2932 3579 2985 substan-

2001 3019 2114 3083 tiae,
2152 3016 2463 3088 eodemque
2490 3017 2786 3073 sublimem
2824 3019 3026 3074 throno
3050 3019 3224 3078 dedit.
3247 3021 3325 3078 Ne
3348 3026 3584 3094 gratiam

2001 3110 2319 3180 adoptionis
2347 3126 2700 3181 spernamus.
2728 3110 2806 3166 Ne
2834 3112 3143 3167 ediciamur
3166 3116 3312 3170 servi
3347 3120 3584 3185 peccaui.

300 3176 484 3258 δοῦλοι
505 3176 739 3276 γαστρὸς
791 3176 1005 3274 ἡδονῆς,
1034 3202 1185 3274 κόρῳ
1230 3176 1524 3273 τὴν-ὓϐριν
1561 3176 1898 3279 ἀντιλαμϐά-

2007 3203 2095 3272 qui
2132 3203 2308 3258 simus
2345 3202 2566 3257 liberati
2625 3203 2679 3256 in
2709 3203 2932 3272 spiritu.
2965 3203 3045 3260 Ne
3086 3206 3236 3261 servi
3255 3176 3585 3277 qva-luptatis

303 3314 520 3360 νοντεςο
557 3298 632 3369 μὴ
656 3300 770 3362 τοῖς
797 3296 999 3350 πάθεσι
1022 3295 1197 3368 θύραν
1228 3295 1552 3364 ἀνοίξωμεν,
1584 3294 1644 3360 ἐξ
1665 3288 1734 3366 ἧς
1762 3295 1897 3364 ήμῖν

2007 3294 2233 3359 ventris,
2261 3296 2528 3351 vicariam
2579 3297 2842 3352 satietate
2872 3299 3270 3361 contumeliam
3303 3300 3582 3371 recipien-

272 3393 361 3444 ιαί
392 3391 489 3444 τοῦ
520 3389 754 3446 θανάτου
784 3391 1103 3462 παλίρῥοιαι
1138 3387 1387 3460 βρύουσι.
1424 3387 1518 3459 Μὴ
1551 3387 1768 3458 στῶμεν
1797 3386 1896 3456 τῆς

2007 3395 2100 3447 Las.
2132 3385 2211 3443 Ne
2238 3387 2444 3441 ostium
2477 3386 2630 3441 vitiis
2651 3389 3293 3462 ,perturbationibusque
3344 3408 3583 3465 aperue-

301 3482 397 3535 ὲπὶ
419 3483 487 3536 τὰ
511 3483 702 3552 πρόσω
718 3483 912 3553 φορᾶς,
934 3481 1050 3535 ἀλλ’
1075 3481 1163 3535 ἀεὶ
1181 3479 1492 3551 τρέχωμεν,
1513 3477 1569 3531 εἴ
1587 3495 1705 3541 πως
1727 3495 1897 3532 κατα-

2007 3481 2192 3547 rimus,
2220 3480 2369 3535 unde
2394 3479 2557 3535 nobis
2585 3480 2876 3550 reciproca
2929 3497 3081 3538 mors
3112 3487 3406 3539 scaturiat.
3437 3486 3516 3542 Ne
3550 3504 3582 3542 a

302 3568 580 3639 λάϐωμεν,
613 3569 711 3622 ἐπὶ
736 3568 798 3622 τὺ
828 3568 1087 3639 βραϐεῖον
1116 3568 1220 3639 τῆς
1263 3567 1376 3622 ἀνω
1410 3568 1681 3638 κλήσεως.
1714 3567 1894 3621 Καλὸν

2007 3573 2350 3628 :ontentione
2390 3571 2468 3626 ad
2493 3572 2773 3627 anteriora
2814 3573 3107 3639 sistamus,
3142 3576 3237 3630 sed
3277 3592 3581 3633 curramus

300 3660 412 3713 τῶν
436 3661 662 3714 ὄπισθεν
713 3660 1274 3732 ἐπιλανθανομένους,
1304 3662 1420 3724 τοῖς
1448 3660 1761 3732 ἔμπροσθεν
1791 3662 1893 3714 ἐπ-

2007 3680 2233 3735 semper,
2275 3664 2322 3719 si
2370 3678 2484 3734 quo
2520 3663 2688 3719 modo
2735 3665 3304 3736 comprehendamus,
3339 3668 3407 3720 ad
3452 3669 3582 3721 bra-

300 3752 666 3808 εκτείνεσθαι.
701 3752 882 3808 Καλὸν
917 3753 1139 3806 ἀκούειν
1172 3751 1411 3824 Χριστοῦ
1441 3753 1728 3821 λέγοντος·
1767 3771 1787 3805 ι
1827 3753 1897 3806 El!

2007 3756 2143 3812 rium
2205 3771 2462 3827 supernae
2509 3757 2825 3814 vocationis
2853 3766 2904 3811 Ρ.
2954 3756 3210 3823 Praestat,
3262 3769 3325 3812 ut
3363 3775 3427 3813 ea
3455 3776 3581 3829 quae

297 3864 384 3910 τις
420 3846 565 3899 θέλει
599 3846 778 3901 ὀπίσω
826 3863 928 3917 μου
985 3844 1185 3910 ἐλθεῖν,
1227 3844 1642 3916 ἀπαρνησάσθω
1674 3844 1888 3911 ἑαυτὸν,

2007 3857 2125 3902 sunt
2172 3861 2327 3902 retro
2375 3848 2795 3914 oblivisceutes,
2835 3850 2903 3904 ad
2937 3852 3226 3905 anteriora
3281 3864 3385 3906 nos
3423 3851 3577 3922 ipsos

300 3940 400 3994 καὶ
436 3940 626 4011 ἀράτω
659 3939 751 3993 τὸν
818 3939 1053 4009 σταυρὸν
1115 3938 1307 4001 αὐτοῦ,
1370 3926 1466 3992 καὶ
1521 3936 1890 3993 ἀκολουθείτω

2007 3939 2378 3995 :xtendatuus.
2414 3938 2651 3995 Praastat
2685 3940 2885 3996 audire
2936 3942 3212 3996 dicentem
3245 3941 3575 4000 Chrimum:

301 4047 415 4100 μοι.
458 4048 478 4081 ι
531 4030 710 4083 Καλὸν
762 4029 1087 4083 ἀκολουθεῖν
1131 4029 1208 4100 τῷ
1258 4027 1483 4099 Χριστῷ
1541 4028 1635 4082 τὸν
1683 4028 1889 4099 κόσμον

294 4123 568 4177 ὁδεύοντιο
595 4142 613 4175 ι
640 4122 808 4176 Δεῦτε
833 4123 970 4193 πρός
1003 4139 1093 4192 με,
1126 4123 1329 4185 πάντες
1364 4123 1412 4175 oi
1447 4120 1754 4185 κοπιῶντες
1792 4121 1888 4175 καὶ

294 4216 747 4286 πεφορτισμένοι,
806 4211 964 4283 κάγὼ
1026 4213 1331 4267 ἀναπαύσω
1365 4213 1531 4283 ὑμᾶς.
1576 4233 1595 4266 ι
1647 4213 1888 4286 Χριστὸς

1995 4051 2015 4086 ι
2053 4032 2111 4087 Si
2157 4034 2282 4102 quis
2349 4032 2464 4088 vult
2523 4032 2717 4087 venire
2777 4043 2902 4103 post
2939 4048 3050 4099 me,
3095 4038 3332 4104 abneget
3381 4047 3581 4092 semet-‘-

1990 4124 2194 4194 ipsum,
2229 4133 2281 4178 et
2313 4123 2471 4177 tollat
2503 4137 2732 4178 crucem
2768 4138 2951 4189 suam,
2980 4132 3035 4179 et
3069 4133 3341 4193 sequatur
3378 4142 3465 4181 me
3490 4135 3573 4182 ει.»

1988 4215 2225 4272 Praestat
2256 4217 2414 4286 sequi
2444 4216 2728 4272 Christum
2750 4231 2851 4287 per
2875 4216 3141 4271 mundum
3174 4218 3577 4287 ambulantem,

294 4307 532 4371 κελεύει,
568 4309 642 4377 μή
675 4300 1089 4378 ἀντιτείνωμεν.
1115 4306 1353 4377 Χριστὸς
1375 4307 1403 4358 ὁ
1436 4304 1640 4372 καλῶν,
1678 4305 1773 4360 καὶ
1801 4305 1886 4370 τίς

2007 4326 2014 4360 ι
2053 4307 2249 4363 Venite
2282 4306 2353 4363 ad
2421 4323 2531 4373 me,
2562 4321 2759 4364 omnes
2804 4308 2901 4377 qui
2947 4308 3218 4363 laboratis
3269 4320 3329 4364 et
3360 4313 3575 4366 onerati

290 4403 397 4454 οὐκ
427 4399 723 4466 ἀκούεται;
778 4399 915 4453 Θεοῦ
943 4400 1095 4469 φωνή
1131 4400 1251 4452 ἐστι
1280 4398 1634 4466 διδάσκουσα,
1672 4419 1691 4451 ι
1740 4397 1884 4468 Ἐγώ

2007 4398 2145 4464 istis,
2176 4406 2234 4452 et
2273 4413 2375 4467 ego
2412 4395 2659 4453 reficiam
2702 4412 2803 4454 vos
2833 4406 2882 4451 τ.
2923 4416 2944 4450 ι
2997 4397 3258 4455 Christus
3281 4400 3479 4470 jubet;
3508 4419 3576 4457 ne

288 4495 411 4563 εἰμι
445 4481 506 4544 τδ
536 4491 650 4560 φῶς
678 4490 774 4544 τοῦ
807 4491 1052 4561 κόσμου’
1085 4492 1113 4544 ὁ
1151 4490 1464 4544 ἀκολουθῶν
1512 4492 1658 4561 ἐμοὶ.
1702 4493 1766 4546 οὐ
1805 4492 1881 4564 μὴ

2007 4490 2320 4546 'enitamur.
2349 4488 2617 4545 Christus
2642 4499 2822 4555 vocat,
2878 4500 2934 4545 et
2969 4491 3095 4560 quis
3137 4507 3250 4547 non
3285 4494 3576 4548 audierit?

289 4583 652 4654 περιπατήσῃ
707 4584 784 4636 ἐν.
810 4585 875 4654 τῇ
940 4583 1153 4655 σκοτίᾳ,
1194 4583 1312 4637 ἀλλ’
1349 4582 1462 4648 ἕξει
1511 4583 1572 4636 τὸ
1625 4583 1740 4652 φῶς
1778 4585 1881 4655 τῆς

2007 4579 2185 4633 )ivina
2216 4594 2325 4634 vox
2355 4587 2442 4636 est
2464 4594 2586 4650 quae
2608 4579 2847 4636 doceat:
2884 4599 2903 4633 ι
2939 4580 3055 4652 Ego
3082 4597 3206 4637 sum
3230 4584 3325 4638 lux
3356 4585 3572 4649 mundi;

288 4676 464 4745 ζωῆς.
509 4695 528 4729 ι
562 4675 671 4730 Καί
697 4692 708 4704 ·
735 4695 753 4728 ι
795 4675 938 4745 Ἐγὼ
972 4677 1086 4746 φῶς
1109 4677 1189 4741 είς
1210 4676 1301 4731 τὸν
1340 4676 1548 4746 κόσμον
1575 4676 1834 4748 ἐλήλυθα.
1856 4697 1874 4730 ι

2007 4672 2085 4741 ιιιί
2131 4673 2388 4742 sequitur
2437 4687 2545 4736 me,
2579 4686 2690 4727 non
2725 4673 3033 4739 ambulabit
3064 4674 3120 4728 in
3167 4676 3440 4740 tenebris,
3474 4678 3570 4733 sed

1988 4764 2214 4820 habebit
2241 4766 2429 4820 lumen
2464 4766 2599 4820 vita)"
2624 4773 2669 4820 ⁸.
2697 4783 2717 4817 ι
2759 4765 2848 4831 Et,
2893 4784 2912 4817 ι
2941 4765 3058 4836 Ego
3093 4766 3191 4820 lux
3218 4768 3275 4821 in
3300 4769 3570 4823 mundum

1987 4860 2117 4914 veni
2148 4858 2196 4911 ί.
2227 4877 2249 4911 ι

359 4953 566 5006 Τούτου
619 4953 679 5008 δὲ
724 4953 778 5007 τί
832 4953 951 5007 ποτ’
984 4953 1052 5008 ἂν
1084 4955 1180 5007 τοῦ
1216 4954 1395 5024 φωτός
1436 4954 1585 5009 ἐστιν
1634 4956 1769 5027 ήμῖν
1799 4958 1879 5010 οἰ-

2058 4949 2173 5006 lloc
2213 4960 2397 5006 autem
2450 4950 2582 5022 quid
2609 4950 2787 5021 magis
2832 4952 3071 5005 amicum
3119 4953 3277 5009 nobis
3310 4936 3563 5024 contige-

287 5047 611 5117 κειότερον;
651 5047 725 5100 Τὸ
761 5046 874 5118 γὰρ
906 5048 1127 5116 ἀφεῖναι
1162 5047 1223 5101 τὸ
1263 5046 1456 5112 σκότος
1485 5052 1579 5102 καὶ
1627 5050 1706 5121 τῷ
1738 5050 1880 5119 φωτὶ

2007 5044 2095 5099 ’ὶιῗ
2123 5043 2343 5115 Quippe
2394 5044 2609 5100 relictis
2644 5044 2890 5101 tenebris
2939 5045 3230 5101 adhaerere
3267 5047 3397 5111 luci,
3438 5061 3565 5101 vere

283 5137 646 5211 κολληθῆναι,
671 5139 787 5193 υἱὸν
805 5138 985 5207 φωτὸς
1012 5138 1230 5210 ἀληθῶς
1258 5141 1514 5196 ποιείτδν
1535 5144 1677 5211 φωτὶ
1701 5160 1876 5215 προσ-

2007 5140 2154 5193 ilium
2205 5138 2345 5195 lucis
2408 5138 2541 5194 facit
2597 5154 2723 5194 eum
2778 5138 2873 5208 qui
2942 5139 3051 5192 luci
3112 5138 3378 5193 adhaeret.
3450 5138 3562 5191 ΙΙου

280 5231 662 5303 κολλώμενον.
699 5231 875 5285 Τοῦτο
909 5233 966 5286 6‘s
1002 5234 1119 5295 πῶς
1154 5231 1220 5286 ἂν
1266 5232 1468 5304 ἑτέρως
1508 5236 1744 5304 γένοιτο,
1798 5240 1874 5312 μὴ

2007 5247 2114 5289 ero
2149 5248 2258 5303 qua
2317 5231 2428 5286 alia
2477 5232 2692 5286 ratione
2729 5231 3036 5302 contingat,
3080 5232 3183 5285 nisi
3246 5232 3561 5301 caliginoSu

281 5326 412 5394 οὐχὶ
440 5326 623 5395 πάσης
676 5324 1084 5395 ὑπεροφθείσης
1139 5324 1276 5394 ἡμῖν
1325 5328 1426 5398 τῆς
1457 5328 1516 5380 ἐν
1562 5333 1873 5403 σκοτομήνῃ

2007 5325 2125 5379 intui
2180 5331 2429 5394 peccato,
2468 5331 2589 5377 atra
2620 5338 2723 5378 nos
2762 5331 2924 5377 nocte
2958 5322 3294 5392 conlige-ite,
3332 5322 3563 5392 spreto?

280 5415 615 5487 τοξευούσης
678 5417 829 5487 ἡμᾶς
886 5414 1125 5487 ζοφερᾶς
1168 5419 1483 5491 ἀμαρτίας;
1528 5420 1637 5474 Τοῦ
1691 5422 1748 5476 δὲ
1777 5423 1871 5477 τὸν

2007 5418 2054 5473 Jt
2091 5426 2277 5472 autem
2327 5416 2589 5472 tollamus
2638 5431 2886 5480 erucem,
2926 5423 2982 5470 et
3016 5416 3305 5470 Christum
3363 5431 3563 5485 sequa-

280 5507 526 5579 σταυρὸν
580 5505 760 5578 αἴρειν
793 5508 903 5561 καὶ.
943 5508 1260 5583 ἀκολουθεῖν
1302 5512 1383 5584 τῷ
1434 5512 1678 5585 Χριστῷ,
1716 5514 1769 5566 τί
1803 5514 1871 5569 ἂν

2007 5524 2129 5570 nur,
2166 5505 2450 5578 quodnam
2480 5504 2648 5561 fuerit
2681 5504 2998 5560 evidentius
3036 5505 3282 5576 signum,
3312 5520 3475 5574 quam
3505 5514 3565 5555 ut

278 5597 682 5668 ἐναργέστερον
737 5597 952 5667 γένοιτο
1015 5600 1285 5672 σύμϐολον
1336 5605 1431 5659 τοῦ
1481 5607 1607 5660 καθ’
1651 5608 1870 5679 ἡμέραν

2007 5602 2230 5675 [ιιοιίἀίο
2264 5600 2591 5668 moriamur,
2621 5612 2728 5669 qua
2759 5596 3038 5654 bonorum
3072 5600 3442 5670 repositorum
3466 5612 3564 5666 spe

299 5707 678 5791 fflsamxrv,
706 5711 979 5791 _§_;lCor.
1020 5728 1082 5780 ιι,
1119 5716 1174 5769 9.
1272 5728 1301 5767 ι»
1328 5717 1563 5791 Philipp.
1601 5735 1682 5789 tu,
1718 5719 1800 5775 l5.
1864 5731 1894 5773 ει

2011 5720 2116 5777 ttb.
2158 5735 2245 5774 xv:
2273 5758 2287 5787 ,
2327 5716 2418 5771 24.
2503 5726 2522 5753 τ
2550 5712 2740 5769 Mulli.
2784 5728 2861 5778 ιιι,
2891 5712 2982 5766 ‘28.
3062 5714 3083 5741 ⁸
3116 5709 3278 5767 Joan.
3313 5725 3434 5776 vni,
3475 5708 3554 5764 l2.

292 5784 310 5817 ⁸
344 5778 509 5837 Joan.
541 5794 649 5845 xtl,‘
694 5780 783 5834 46.
1069 5778 1075 5780 ⁷
1476 5778 1490 5790 ⁸
1512 5778 1529 5791 ⁸
1668 5778 1681 5789 ’
1752 5851 1783 5867 ’ν

582 5878 856 5939 Ριιτιιοι.
890 5880 1011 5941 Gn.
1030 5877 1277 5941 XCVII.
1754 5864 1768 5871 ς’

3100 5864 3167 5924 37
