3978 6140
230 380 354 449 1169

1527 378 1606 438 ΙΝ
1659 378 1720 439 S.
1762 376 2191 439 GEORGIUM.

3357 366 3490 434 1170

287 497 396 575 Καὶ
427 494 512 565 εῐη
550 508 613 562 γε
646 488 820 545 ταῦτα
852 484 1049 561 μηδενὶ
1094 486 1361 561 μηδαμῶς
1396 486 1807 558 ὲμδραδύνοντα

1988 485 2215 541 Utinam
2248 497 2380 538 vero
2414 482 2480 537 ad
2522 488 2927 537 consummatae
2982 479 3250 537 bonitatis
3282 482 3491 537 exitum

223 590 416 661 χρόνῳ,
449 587 539 640 ἐπ’
570 583 834 654 αὐτοτελῆ
865 581 1116 653 χωρῆσαι
1147 580 1519 652 χρηστότητος
1551 578 1803 645 ἔκϐασιν,

223 684 312 737 καὶ
357 681 456 750 τὴν
508 679 576 732 δι’
615 678 797 748 ἔργων
843 676 1243 746 συμπλήρωσιν
1289 673 1548 740 δέξασθαι
1576 675 1588 727 !
1619 673 1806 746 Ταύτῃ

221 773 325 843 γὰρ
358 773 454 826 καὶ
507 772 535 824 ὁ
589 768 703 840 βίος
759 767 918 839 ἡμῶν
967 766 1473 838 διομαλισθήσεται,
1523 768 1615 820 καὶ
1649 765 1808 834 λόγος

221 863 383 926 ἅπας,
408 861 505 915 καὶ
537 859 759 932 πρᾶξις,
815 860 911 913 καὶ
952 858 1244 929 διανόημα,
1274 859 1388 921 τοῖς
1425 857 1589 922 θείοις
1621 857 1809 928 νόμοις

220 954 310 1008 τοῦ
345 952 485 1007 Πνεύ
494 969 663 1023 ματος
688 951 1270 1023 κατακοσμηθήσεται,
1296 951 1388 1004 καὶ
1422 950 1490 1003 δι’
1514 950 1808 1021 ἀπραγμο-

223 1050 384 1121 σύνης
417 1050 446 1102 ό
471 1048 698 1121 ἡσύχιός
725 1064 785 1101 τε
816 1047 910 1101 καὶ
948 1048 1159 1119 ἦρεμος
1198 1048 1334 1117 ἡμῖν
1386 1045 1807 1116 διανυσθήσεται

222 1144 352 1215 βὶος.
395 1142 517 1211 Ὑφ’
540 1135 602 1196 οὗ
628 1140 825 1212 μικρὸν
849 1140 1076 1211 ὕστερον
1102 1141 1170 1193 δι’
1200 1140 1405 1212 ἀρετῆς
1429 1141 1524 1193 καὶ
1548 1139 1804 1213 θεωρίας,

221 1237 251 1306 ὴ
280 1235 376 1305 τῆς
403 1231 616 1288 ἐκεῖθεν
647 1231 807 1303 δόξης
840 1231 937 1285 καὶ
965 1230 1240 1301 βασιλείας
1270 1231 1806 1303 ἀπκληρωθήσεται

222 1323 438 1399 μέθεξις
474 1328 588 1390 τοῖς
619 1324 762 1379 οὕτω
795 1324 1076 1387 πολιτείας
1107 1323 1440 1394 προκόψασι.
1493 1323 1683 1379 Ταῦτά
1722 1341 1807 1378 σοι

220 1419 347 1489 παρ’
377 1417 566 1488 ήμῶν,
624 1410 670 1471 ὧ
705 1416 913 1488 πάτερ,
951 1409 997 1470 ὦ
1025 1414 1264 1471 δέσποτα
1290 1416 1401 1471 τῶν
1436 1416 1546 1470 σῶν
1587 1415 1806 1480 ἱκετῶν,

219 1498 591 1581 καὶδιαδόχων
623 1509 745 1579 μὲν,
767 1509 1002 1574 ἀναξίων
1026 1508 1086 1563 δέ
1112 1525 1126 1541 ο
1159 1509 1337 1565 ταῦτά
1364 1526 1445 1563 σοι
1466 1508 1568 1581 τῆς
1600 1512 1809 1581 μικρᾶς

218 1604 356 1675 ἐμῆς
388 1601 643 1674 γλώσσης
681 1602 779 1656 καὶ
829 1602 1091 1667 διανοίας,
1144 1603 1245 1674 τῆς
1282 1603 1363 1657 σοί
1406 1621 1472 1673 γε
1520 1603 1681 1675 φίλης
1711 1604 1808 1660 καὶ

220 1695 370 1766 παρὰ
412 1695 617 1758 πάντας
660 1692 909 1765 τιμώσης
938 1711 1020 1757 σε,
1053 1695 1123 1748 τὰ
1153 1697 1326 1766 μικρὰ
1359 1696 1807 1767 προσενὲγματα.

221 1786 404 1840 Ταῦτα
425 1788 454 1839 ὁ
490 1786 684 1856 μικρός
710 1787 767 1838 ὲν
795 1786 1051 1857 ποιμέσιν
1079 1787 1210 1856 ἐγὼ,
1243 1788 1338 1841 καὶ
1376 1787 1470 1841 τοῦ
1504 1789 1649 1861 ἱεροῦ
1676 1789 1804 1843 τού-

1912 577 2064 632 nulla
2118 576 2386 646 temporis
2424 590 2582 631 mora
2635 576 2743 631 ista
2797 582 3187 645 promoveant,
3243 574 3494 644 ipsisque

1910 668 2079 723 rebus
2129 666 2672 723 consummationem
2714 666 3059 734 suscipiant!
3117 662 3211 719 Sic
3241 664 3388 719 enim
3440 674 3494 719 et

1910 757 2024 811 vita
2084 756 2246 811 nobis
2297 757 2511 827 aequior
2575 753 2829 821 cesserit,
2866 769 3161 825 sermoque
3204 754 3406 820 omnis,
3440 765 3495 809 et

1910 847 2055 903 actio
2102 856 2161 903 et
2195 847 2458 917 cogitatio
2510 846 2721 903 divinis
2755 846 3000 919 Spiritus
3051 846 3268 915 legibus
3303 860 3497 915 peror-

1908 938 2158 1003 nabitur,
2199 940 2415 1008 otiique
2468 936 2821 1009 compendiis
2870 938 3059 1007 quieta
3114 937 3276 993 nobis
3328 943 3498 1006 atque

1908 1031 2212 1100 tranquilla
2248 1031 2500 1102 exigetur
2551 1031 2706 1085 vita:
2775 1044 2884 1101 qua
2928 1030 3079 1085 brevi
3114 1038 3260 1098 post,
3300 1029 3370 1086 iis
3401 1030 3495 1099 qui

1907 1122 2116 1177 virtute
2146 1132 2200 1178 et
2231 1122 2727 1193 contemplatione,
2785 1122 2869 1176 sic
2902 1120 3031 1176 vitae
3062 1103 3336 1174 institutis
3365 1135 3496 1190 pro-

1908 1212 2167 1276 fecerint,
2207 1212 2411 1269 futurae
2448 1211 2643 1283 gloriae
2686 1220 2743 1268 et
2776 1212 2931 1283 regni
2988 1210 3348 1282 participatio
3396 1212 3498 1264 tri.

1908 1305 2127 1361 buenda
2182 1305 2276 1360 sit.
2332 1305 2462 1359 llaec
2507 1319 2539 1360 a
2570 1305 2755 1370 nobis,
2795 1318 2829 1359 ο
2878 1310 3072 1374 pater,
3101 1319 3131 1357 a
3180 1302 3368 1364 nobis,
3414 1302 3499 1356 itt-

1907 1410 2097 1465 quatn,
2136 1409 2170 1450 ο
2224 1392 2632 1460 ἀοηιίηε,ἰυῑε
2683 1395 2961 1451 clientulis
3013 1404 3069 1450 et
3130 1394 3494 1465 supplicibus,

1907 1496 2078 1560 atque
2112 1488 2535 1545 successoribus
2563 1488 2677 1543 tuis
2706 1502 3025 1566 quanquam
3059 1486 3307 1559 indignis
3340 1502 3353 1539 :
3382 1486 3498 1542 haec

1906 1582 2011 1638 tibi
2056 1582 2271 1655 exiguae
2295 1583 2497 1655 linguae
2540 1583 2856 1652 mentisque
2886 1582 3104 1651 cilicio;
3140 1581 3365 1644 mentis,
3406 1581 3493 1635 itt-

1907 1689 2100 1746 quatn,
2130 1673 2211 1727 tui
2242 1673 2505 1739 amantis,
2540 1682 2594 1728 et
2620 1687 2733 1743 prae
2748 1673 3013 1728 omnibus
3059 1670 3258 1726 honori
3286 1668 3496 1724 baben-

1908 1767 2005 1833 tis,
2038 1774 2275 1838 angusta
2308 1774 2442 1822 sunt
2467 1780 2726 1821 munera.
2764 1763 2891 1820 Haec
2918 1761 3174 1819 modicus
3211 1776 3314 1832 ego
3350 1761 3496 1814 inter

219 1896 334 1945 του,
358 1849 502 1942 πῶς,
527 1849 628 1931 οὐκ
659 1876 797 1945 οἶδα,
820 1849 1233 1952 κατηξιωμένος
1261 1849 1568 1954 καὶορόνου
1585 1884 1678 1938 καὶ
1706 1884 1803 1955 βή-

1911 1868 2189 1931 pastores,
2224 1861 2417 1916 nescio
2445 1872 2552 1928 qua
2593 1857 2812 1912 ratione
2844 1855 3049 1926 dignus
3077 1855 3302 1909 habitus
3334 1866 3496 1909 sacro

221 1986 412 2041 ματος.
434 1971 545 2024 Καὶ
572 1972 624 2024 εί
654 1972 828 2042 μικρὰ
852 1971 1049 2039 ταῦτα,
1080 1975 1178 2027 καὶ
1203 1975 1305 2046 τῆς
1333 1975 1492 2041 ἀξίας
1511 1978 1804 2048 παραπολὺ

218 2061 513 2131 φθάνοντα,
544 2063 645 2133 τῆς
685 2062 818 2131 γοῦν
858 2063 1071 2136 θερμῆς
1117 2067 1256 2138 πρὸς
1295 2068 1356 2121 σὲ
1387 2068 1681 2133 διαθέσεως
1704 2071 1807 2127 οὐκ

218 2155 499 2211 ἐλάττονα.
531 2155 671 2228 Δὲξῃ
700 2157 831 2229 γὰρ,
863 2158 926 2212 εὖ
957 2154 1097 2224 οἶδα,
1130 2159 1305 2214 ταῦτα
1330 2162 1450 2231 μετ’
1478 2163 1768 2234 εὐμενείας
1789 2205 1804 2231 ,

216 2240 330 2300 οἷόν
354 2264 409 2299 τι
434 2246 631 2318 μικρὸν
660 2248 968 2317 ἐπιτάφιον
996 2249 1087 2305 τὸν
1110 2250 1166 2304 δέ
1188 2267 1252 2320 γε
1282 2252 1615 2322 τελειότερον
1643 2252 1807 2327 Errat-

217 2355 329 2400 νον,
363 2340 495 2409 παρ’
518 2339 684 2393 adeo}
708 2338 774 2393 ἂν
805 2340 1129 2413 ὲπιζητοίης
1158 2343 1531 2415 ἐπιδοξότερον
1558 2344 1804 2418 ὕστερον,

215 2429 309 2483 τοῦ
345 2434 484 2499 πρὸς
514 2431 574 2485 ὃν
596 2433 683 2484 ἀεὶ
714 2433 813 2504 τὴν
841 2434 1077 2506 σπουδὴν
1108 2436 1203 2489 καὶ
1236 2437 1333 2509 τὴν
1358 2437 1543 2507 ἔφεσιν
1560 2439 1808 2511 ἀεικίνη-

216 2538 308 2575 τον
337 2521 594 2592 ἔσχηκας.
615 2523 731 2576 Νῦν
755 2524 810 2577 δὲ
829 2523 1037 2580 ἄνωθεν
1067 2528 1216 2596 ἡμᾶς
1246 2528 1592 2597 ὲποπτεύοις,
1613 2525 1658 2584 ὦ
1688 2530 1807 2584 θεία

217 2611 313 2664 καὶ⁸
354 2610 479 2683 ἱερὰ
519 2612 752 2684 κεφαλὴ,
811 2613 933 2683 Θεῷ
986 2617 1052 2686 τῇ
1105 2616 1298 2687 Τριάδι
1346 2619 1719 2691 περιχορεύων
1748 2623 1807 2675 ὲν

217 2705 510 2787 πνεύματι,
547 2706 744 2778 καὶτῷ
778 2706 954 2779 θρόνῳ
982 2709 1082 2780 τῆς
1134 2711 1357 2782 χάριτος
1392 2713 1808 2792 ⁸παριστάμενος

216 2796 423 2866 χάριτι,
453 2797 549 2849 καὶ
568 2797 647 2868 τῷ
670 2797 801 2869 θείῳ
825 2799 965 2868 φωτὶ
990 2799 1135 2854 κατὰ
1167 2800 1346 2874 ψυχὴν
1372 2802 1804 2877 ὲλλαμπόμενος·

218 2887 362 2957 ὑπὲρ
393 2888 554 2958 ἡμῶν
602 2889 967 2965 ἐντυγχάνων,
1003 2891 1057 2944 εῐ
1084 2910 1201 2956 πως
1232 2893 1561 2966 ρυσθείημεν
1590 2894 1678 2949 διὰ
1711 2894 1806 2949 σοῦ

214 2981 313 3049 τῆς
343 2979 720 3051 ἡπειλημένης
743 2984 855 3046 τοῖς
885 2983 1005 3036 κατ’
1031 2985 1131 3055 ἐμὲ
1177 2985 1444 3057 ῥαθύμοις
1491 2987 1684 3058 ὀργῆς,
1711 2990 1808 3042 καὶ

213 3071 325 3124 τῶν
370 3073 644 3143 ὁσημέραι
701 3074 823 3128 καθ’
852 3074 1009 3146 ἡμῶν
1058 3073 1445 3148 ὲξαπτομένων
1482 3078 1591 3132 τῶν
1618 3080 1809 3134 παθῶν

1908 1953 2014 2009 hoc
2055 1952 2258 2007 throno
2284 1959 2340 2007 et
2386 1951 2547 2008 solio.
2594 1952 2921 2021 Quanquam
2949 1963 3079 2005 vero
3117 1947 3336 2002 modica
3374 1946 3492 2003 illa.

1908 2052 1963 2101 et
1995 2058 2119 2115 quae
2151 2059 2182 2100 a
2214 2044 2408 2099 multis
2465 2044 2580 2100 tuis
2618 2044 2784 2115 longe
2845 2043 3055 2105 absint,
3098 2040 3248 2097 nihil
3309 2047 3493 2092 tamen

1909 2144 2042 2193 sunt
2072 2151 2311 2193 accensa
2340 2137 2395 2191 in
2429 2146 2483 2192 te
2518 2151 2638 2191 mea
2667 2137 2959 2191 voluntate
3002 2133 3239 2190 minora.
3267 2129 3497 2186 Placide

1910 2239 2096 2285 autem
2152 2238 2210 2285 ct
2264 2230 2605 2297 humaniter,
2665 2232 2837 2300 probe
2898 2228 3052 2294 novi,
3119 2227 3269 2282 velut
3330 2234 3498 2280 tenue

1909 2319 2188 2390 quoddam
2240 2320 2584 2391 epitaphium
2637 2327 3007 2390 suscepturus
3037 2334 3116 2374 es.
3170 2316 3494 2372 Absolutio-

1909 2428 2024 2468 rem
2047 2418 2231 2467 autem
2262 2398 2711 2482 laudem'majori
2742 2412 2814 2466 ab
2841 2427 2909 2467 eo
2936 2410 3111 2481 gloria
3142 2408 3495 2480 postmodum

1910 2505 2222 2574 quaesieris,
2257 2505 2323 2561 ad
2353 2520 2517 2576 quem
2553 2520 2772 2574 semper
2806 2504 3098 2560 immotum
3124 2503 3369 2558 studium
3400 2502 3497 2558 de-

1911 2599 2298 2670 sideriumque
2336 2599 2609 2655 habuisti.
2648 2598 2809 2654 Nunc
2837 2599 3149 2663 enimvero,
3182 2613 3217 2653 ο
3239 2596 3493 2652 divinum

1909 2698 1964 2747 et
1995 2705 2221 2746 sacrum
2252 2700 2443 2761 caput,
2476 2692 2543 2745 de
2581 2691 2722 2746 cmlo
2757 2707 2860 2748 nos
2904 2692 3238 2762 inspexeris,
3265 2690 3357 2760 qui
3390 2690 3498 2744 cir-

1910 2797 2038 2839 cum
2099 2782 2271 2839 Deum
2324 2784 2530 2839 trinum
2583 2785 2787 2855 spiritu
2862 2783 3152 2853 tripudies,
3204 2781 3499 2852 gratiaque

1912 2879 2104 2950 gratim
2159 2879 2397 2934 assistas
2448 2878 2675 2943 throno,
2719 2877 2912 2948 sisque
2964 2876 3147 2932 animo
3184 2875 3497 2930 illustratus

1912 2973 2102 3026 divino
2130 2971 2381 3037 lumine;
2411 2971 2737 3042 supplicans
2763 2984 2862 3040 pro
2891 2968 3077 3033 nobis,
3107 2968 3155 3023 si
3188 2983 3301 3037 quo
3332 2966 3496 3021 modo

1914 3074 2113 3136 agente
2181 3073 2233 3119 te
2278 3064 2583 3119 liberemur
2619 3064 2687 3119 ab
2741 3062 2822 3117 ira
2879 3062 2946 3118 iis
2979 3060 3354 3131 impendente,
3400 3059 3498 3128 qui

214 3165 642 3219 ἐπαναστάσεων
663 3183 676 3196 ⁸
737 3167 873 3237 πρὸς
923 3168 979 3220 δὲ
1006 3168 1101 3222 καὶ
1133 3168 1346 3240 ὁρατῶς
1374 3186 1433 3221 τε
1463 3170 1557 3223 καὶ
1585 3171 1807 3241 ἀφανῶς

1915 3160 2021 3213 tnei
2061 3159 2238 3212 instar
2275 3166 2407 3213 sunt
2438 3157 2785 3227 negligentes
2812 3162 2867 3209 et
2902 3153 3067 3224 pigri,
3102 3160 3270 3221 atque
3300 3150 3369 3203 ab
3406 3164 3499 3203 ac-

216 3256 619 3326 ἐγχειρούντων
673 3259 825 3328 ἡμᾶς
875 3259 1135 3330 πολεμεῖν
1186 3260 1527 3314 ὲθελοκὰκων
1570 3262 1801 3333 ἐχθρῶν.

214 3348 330 3400 Καὶ
379 3350 606 3420 στήσαις
655 3353 792 3422 ἡμῖν
837 3351 975 3424 πρὸς
1007 3351 1184 3423 αὔραν
1216 3353 1316 3422 τὴν
1348 3354 1662 3422 καταιγίδα,
1710 3356 1807 3410 καὶ

214 3441 477 3512 τύχοιμεν
498 3443 600 3514 τῆς
638 3444 870 3498 αὐτόθεν
927 3445 1355 3517 μακαριότητος,
1414 3446 1499 3500 ῖνα
1543 3447 1648 3500 ὑπὸ
1689 3450 1807 3512 ταῖς

216 3535 339 3595 σαῖς
367 3536 463 3587 καὶ
505 3535 626 3587 τότε
678 3536 1140 3607 περισκεπόμενοι
1168 3536 1448 3607 πτέρυξιν,
1488 3538 1545 3590 ὲν
1576 3540 1808 3609 σκηναῖς

214 3617 306 3687 αἷς
353 3625 516 3690 αὐτὸς
576 3626 791 3700 αὑλίζῃ,
846 3627 1356 3699 συναυλισθείημεν,
1417 3630 1512 3681 καὶ
1572 3629 1823 3701 καθαροὶ.

214 3715 477 3786 καθαρῶς
503 3718 566 3771 τὸ
594 3717 710 3787 φῶς
737 3721 798 3772 τὸ
825 3722 881 3774 ἐν
906 3722 990 3773 col.
1012 3720 1433 3791 τρανωθείημεν
1450 3760 1463 3784 ,
1494 3720 1680 3791 χάριτι
1708 3721 1803 3775 τοῦ

213 3794 554 3870 καλέσαντος
573 3809 724 3878 ἡμᾶς
745 3810 936 3880 κλήσει
962 3810 1095 3881 ἁγίᾳ
1121 3812 1199 3872 είς
1223 3810 1284 3863 τὸ
1300 3810 1614 3881 θαυμαστὸν
1637 3810 1802 3865 αὐτοῦ

212 3888 373 3958 φῶς
405 3885 449 3960 ᾧ
479 3895 677 3965 πρέπει
732 3898 882 3949 πᾶσα
928 3897 1080 3965 δόξα,
1129 3898 1267 3971 τιμὴ
1312 3901 1405 3952 καὶ
1439 3900 1661 3970 κράτος,
1709 3901 1804 3954 νῦν

211 3982 316 4036 καὶ
347 3983 454 4049 ἀεὶ,
490 3986 585 4039 καὶ
610 3988 690 4051 είς
721 3989 845 4052 τοὺς
881 3988 1104 4054 αἰῶνας.
1149 3992 1342 4063 Ἀμήν.

1913 3266 2076 3306 censa
2120 3250 2415 3305 adversum
2466 3264 2568 3304 nos
2624 3247 2951 3319 quotidiana
3000 3245 3264 3299 vitiorum
3318 3241 3496 3297 rebel-

1912 3344 2079 3398 lione.
2127 3342 2207 3395 Ad
2252 3342 2369 3396 haec
2404 3356 2534 3396 vero
2582 3356 2612 3396 a
2665 3339 2958 3395 malevolis
3000 3337 3280 3398 hostibus,
3313 3335 3511 3406 palam.

1911 3436 2238 3506 occulteque
2291 3433 2631 3489 conantibus
2688 3432 3062 3503 oppugnare:
3116 3427 3497 3496 statuerisqnc

1911 3527 2076 3584 nobis
2110 3526 2411 3598 procellam
2451 3525 2507 3580 in
2535 3539 2768 3593 auram;
2798 3522 3106 3592 fueritque,
3146 3529 3207 3575 ut
3244 3520 3360 3574 illic
3394 3535 3494 3589 po-

1911 3620 2075 3676 sitam
2132 3617 2540 3674 beatitudinem
2598 3630 3033 3687 conseqnamur.
3087 3612 3158 3669 Ut
3204 3611 3289 3667 vel
3339 3624 3493 3675 tunc,

1914 3714 2019 3770 sub
2058 3716 2169 3772 tuis
2225 3714 2460 3785 protecti
2516 3712 2642 3776 alis,
2685 3726 2795 3766 una
2844 3720 3024 3766 tecum
3078 3707 3393 3763 habitemns
3439 3705 3495 3761 in

1913 3806 2312 3869 tabernaculis,
2367 3806 2421 3860 itt
2492 3803 2873 3876 quibus’ipse
2935 3801 3196 3869 habitas;
3260 3799 3498 3870 purique

1912 3898 2059 3968 quod
2092 3910 2177 3954 est
2206 3899 2262 3952 in
2291 3905 2344 3953 te
2384 3899 2568 3953 lumen
2598 3911 2737 3968 pure
2776 3895 3190 3966 perspiciamus
3223 3892 3344 3964 ejus
3374 3908 3497 3963 gra-

1915 3993 2014 4055 lia.
2049 3993 2140 4062 qui
2196 4012 2300 4053 nos
2355 3996 2573 4050 vocavit
2616 3993 2916 4050 vocatione
2944 3999 3136 4048 sancta
3164 3989 3219 4043 itt
3253 3988 3498 4042 admira-

215 4078 332 4132 bile
366 4079 549 4134 lnmen
587 4097 791 4135 suum:
852 4099 1013 4153 quem
1047 4085 1205 4141 decet
1252 4086 1434 4141 omnis
1472 4087 1669 4156 gloria,
1739 4088 1918 4144 honor
1975 4102 2027 4147 et
2085 4100 2358 4163 potestas,
2440 4111 2588 4150 nunc
2636 4103 2689 4148 et
2744 4107 2981 4159 semper,
3029 4100 3083 4145 ct
3146 4090 3202 4143 in
3277 4086 3495 4141 satcula.

210 4172 419 4227 Amen.

826 4268 1046 4323 ΛΟΓΟΣ
1101 4269 1197 4326 IZ'.

226 4376 564 4446 ’Ξῖ-κώμιον
592 4383 679 4447 εὶς
715 4384 824 4435 τὸν
867 4384 1040 4450 ἅγιον
1068 4390 1569 4457 μεγιιλομιὶρτυίμα
1618 4389 1804 4457 Padip-

929 4474 1082 4524 γιον.

2477 4268 2742 4328 ORATIO
2776 4266 2943 4323 XVII.

1959 4390 2276 4444 [furentium
2308 4389 2362 4442 in
2393 4380 2636 4440 saucium
2691 4394 2981 4454 martyrem
3020 4381 3300 4451 Georgium
3330 4379 3464 4447 (42).
3534 4389 3548 4399 ⁵

662 4655 667 4661 ι
1631 4595 1881 4653 (Contacta,
1901 4605 1948 4653 p.
1984 4590 2119 4652 175.)

301 4691 418 4744 ’Λεὶ
455 4692 557 4761 μὲν
592 4658 846 4767 λαμπρὰ,
887 4698 983 4751 καὶ
1017 4699 1363 4770 πανεύφημα
1397 4700 1463 4754 τὰ
1489 4665 1599 4754 τῶν
1631 4700 1807 4770 ἁγίων

1986 4697 2216 4768 Semper
2250 4697 2474 4767 quidem
2514 4695 2828 4765 splendida,
2860 4709 2916 4749 c.
2950 4693 3198 4747 omnium
3248 4706 3345 4745 ore
3376 4691 3497 4742 lau-

213 4784 528 4855 μαρτύρων
596 4788 959 4857 μνημόσυνω
1022 4789 1553 4863 αξιεπαινετώτερον
1607 4792 1665 4845 δὲ
1711 4791 1808 4845 καὶ

1918 4793 2046 4845 data
2083 4801 2409 4845 sanctorum
2448 4798 2751 4859 martyrum
2786 4793 3183 4840 monumenta:
3222 4797 3345 4837 cuut
3388 4781 3502 4851 pri-

1519 4966 1903 5026 COMBEFISII
1941 4962 2176 5023 NOTIE.

294 5057 409 5126 (42)
458 5057 781 5113 Encominm
822 5061 954 5114 hoc.
1003 5074 1033 5112 a
1082 5059 1383 5129 Lipomano
1427 5070 1482 5115 et
1528 5061 1708 5121 Slll‘lo,
1735 5077 1801 5115 ex

205 5128 600 5200 Metapltraste
634 5129 844 5200 editum
896 5128 1221 5197 ἀδέσποτον,
1278 5140 1338 5186 ut
1392 5139 1520 5186 sunt
1556 5132 1804 5200 plurima:

206 5199 369 5269 apud
394 5198 575 5266 ipsum
623 5199 930 5271 orationes,
962 5217 1198 5269 quarunt
1251 5202 1369 5271 ipse
1410 5219 1517 5255 non
1554 5198 1663 5255 tam
1701 5217 1806 5256 ana

204 5282 345 5324 mor
376 5270 594 5339 censeri
645 5270 804 5323 debet
832 5285 998 5338 quam
1034 5270 1334 5339 collector;
1366 5273 1602 5327 Andrere
1626 5288 1806 5327 asser-

203 5353 336 5414 tum
376 5338 769 5414 llegiorcodice
790 5353 1298 5414 _repra:sentamus,
1322 5338 1658 5414 quanquam
1692 5359 1802 5397 non

204 5412 526 5480 integrum,
554 5413 678 5481 ipso
703 5411 894 5466 codice
924 5413 1139 5478 mutilo,
1182 5414 1234 5466 in
1269 5429 1335 5469 eo
1365 5411 1602 5468 ‘tantum
1638 5428 1804 5468 enco-

204 5482 377 5553 tnio';
409 5482 490 5553 sic
533 5489 717 5535 tanien
771 5491 830 5534 ut
868 5482 1005 5535 nihil
1048 5483 1099 5535 ei
1152 5483 1322 5547 desit,
1359 5500 1549 5539 eorum
1602 5485 1809 5553 quibus

205 5551 446 5624 Georgii
494 5561 645 5624 gesta
699 5552 1019 5624 et__historia
1054 5554 1272 5608 illorum
1331 5551 1638 5624 temporum
1688 5555 1813 5607 illu-

206 5622 395 5694 strari
441 5619 683 5694 possint.
739 5619 968 5694 Videtur
1017 5624 1193 5693 magis
1219 5627 1320 5679 niti
1384 5619 1550 5691 gestis
1592 5624 1813 5694 Georgii

204 5691 425 5765 relatis
475 5706 503 5745 a
535 5691 962 5765 _rhletaphraste,
1016 5691 1196 5765 quam
1249 5696 1318 5751 iis
1375 5712 1496 5765 quae
1549 5691 1818 5750 habentur

207 5761 441 5829 scripta
475 5777 503 5814 a
535 5760 809 5816 Pisicrate
852 5763 973 5830 ejus
1010 5760 1252 5826 famulo,

210 5833 594 5903 l.-ip0tnauus,
632 5842 684 5887 et
729 5831 936 5888 habent
976 5834 1132 5903 llegii
1170 5831 1412 5894 codices.
1447 5835 1583 5892 Nam
1630 5838 1819 5904 refert,

1913 5076 2009 5114 seu
2056 5059 2266 5113 indicat
2312 5057 2604 5112 historiam
2645 5054 2929 5109 Athanasii
2973 5068 3114 5121 ntagt
3162 5054 3412 5108 conversi
3468 5070 3498 5107 a

1912 5130 2174 5198 Georgio,
2212 5136 2268 5183 et
2312 5127 2595 5198 martyris,
2647 5141 2840 5198 quam
2868 5125 2958 5198 illa
3007 5123 3298 5198 Pisieratis
3344 5135 3496 5198 gesta

1913 5217 2021 5255 non
2054 5195 2275 5254 habent.
2312 5195 2510 5254 Mirum
2559 5205 2618 5251 ιιι
2666 5197 2869 5250 Baron.
2918 5195 2972 5248 in
3022 5195 3170 5249 notis
3214 5210 3404 5249 severe
3442 5197 3494 5250 in

1910 5287 2029 5326 eam
2063 5271 2402 5340 pronuntiet,
2437 5270 2585 5325 velttt
2611 5268 2667 5340 in
2698 5274 3094 5340 Aassumentutn
3150 5265 3496 5340 Arianicutn.

1913 5343 2018 5397 Sed
2053 5336 2164 5411 quo
2205 5340 2608 5396 fundamento?
2652 5338 2819 5411 lflane
2848 5336 3067 5400 leviori,
3101 5351 3264 5411 quam
3298 5344 3355 5389 ttt
3393 5336 3495 5390 viri

1913 5408 2101 5484 gravis
2143 5412 2387 5484 animum
2420 5412 2538 5484 ullo;
2561 5408 2724 5484 modo
2773 5422 2992 5484 movere
3027 5417 3121 5462 aut
3155 5408 3321 5484 etiam
3375 5412 3500 5484 pul-

1910 5478 2035 5539 sare
2072 5482 2343 5536 debuerit.
2401 5481 2540 5548 Quid
2569 5480 2879 5544 enimvero,
2914 5480 3001 5530 vir
3047 5493 3176 5548 vere
3225 5478 3496 5532 industrie

1912 5568 1977 5607 ac
2011 5551 2257 5607 studiose
2279 5593 2292 5614 ,
2332 5555 2383 5605 in
2407 5569 2468 5605 ea
2495 5552 2591 5604 tibi
2629 5550 2855 5604 historia
2882 5547 3179 5617 displicet?
3207 5549 3496 5604 Athanasii

1914 5639 2151 5689 nomen,
2212 5640 2373 5693 quem
2434 5625 2626 5689 magiae.
2683 5620 3085 5693 insimulatum,
3134 5630 3352 5677 constat
3424 5620 3498 5675 ab

1914 5696 2158 5757 Arionis,
2217 5691 2364 5747 velut
2432 5695 2692 5756 Arianus,
2740 5691 3009 5763 Georgius
3077 5692 3302 5748 invasor
3344 5694 3506 5748 sedis

1292 5764 1415 5835 qua:
1446 5767 1614 5821 etiam
1647 5766 1821 5821 edidit
1917 5766 2328 5829 Alexandrinar,
2381 5777 2427 5820 et
2484 5765 2826 5835 orthodoxius
2863 5764 3201 5835 Athanasius
3243 5764 3493 5835 ejusdem

1922 5854 2081 5893 terus
2114 5839 2365 5903 antistes,
2408 5835 2704 5907 assumptis
2736 5833 2958 5907 Georgii
3004 5835 3281 5908 martyris,
3319 5834 3492 5907 magi»
