3978 6140
287 319 412 385 11ἶ¹3

1567 342 1649 404 IN
1709 344 1770 404 S.
1807 343 2236 405 GEORGIUM.

3397 335 3527 401 11ἷὶ

285 442 468 511 τέρων,
517 441 654 496 ἀλλά
699 442 850 509 θείας
895 444 1120 518 ἀγάπης
1166 449 1508 523 οἰκονομίαν,
1548 457 1645 509 καὶ
1691 456 1852 510 θείων

1986 465 2212 510 laturam
2267 455 2323 508 in
2385 452 2571 523 seipse
2625 451 2779 505 Patri
2839 468 2857 501 ι
2918 448 3222 505 consedere
3264 445 3470 503 fecitO.
3506 464 3523 496 ι

287 533 622 604 πραγμάτων
647 535 855 607 ἐναργῆ
901 539 1234 612 οἰκειότητα,
1271 542 1415 598 οῦτω
1444 546 1537 599 τοῦ
1570 563 1855 619 μαρτυρη-

290 622 489 688 θέντος,
553 622 892 695 ὑπερϐάλλον
935 627 1034 698 τῆς
1089 629 1232 700 ὑπὲρ
1281 630 1374 685 τὸν
1426 635 1857 705 μαρτυρήσαντα

212 756 221 769 .
289 713 517 785 στοργῆς
547 713 713 768 αὐτοῦ
745 715 1148 783 διαδεικνύντος
1178 721 1312 792 ήμῖν
1332 738 1345 752 ·
1373 721 1450 787 ώς
1486 722 1563 794 μὴ
1606 726 1722 788 τοῖς
1751 725 1858 778 πά·

290 805 401 860 θεσι
453 806 613 877 μόνον
653 807 754 880 τὴν
790 810 928 881 πρὸς
968 813 1131 866 αὑτὸν
1180 813 1485 885 ἐμφέρειαν
1523 814 1854 883 ἀποσώζειν,

290 897 418 954 ἀλλά
464 898 572 970 μὴν
601 900 698 953 κατ.
743 905 810 973 τῇ
836 902 930 956 τοῦ
984 903 1190 968 πάθους
1235 906 1438 977 ἡμέρᾳ.
1480 905 1715 978 Ὁμοίως
1749 910 1861 980 γὰρ

292 992 379 1045 καὶ
408 990 518 1044 τῶν
552 992 645 1046 τοῦ
690 993 941 1047 ἐνιαυτοῦ
975 995 1334 1068 μαρτυρικῶν
1366 997 1587 1069 ἐξάρχει
1620 999 1864 1069 πανηγύ-

294 1100 448 1152 ρεων,
479 1083 615 1153 μόνη
643 1084 781 1153 μετὰ
809 1085 907 1155 τήν
937 1086 1334 1156 ἀναστάδιμον,
1358 1091 1455 1159 τῆς
1478 1090 1699 1160 ἐαρινῆς
1727 1108 1881 1162 προ--

291 1176 570 1249 καθημένη
634 1177 1039 1251 λαμπρότητος.
1117 1183 1270 1236 Ἐπεὶ
1320 1178 1414 1237 οῦν
1460 1184 1603 1238 οὕτω
1656 1187 1866 1251 τερπνά

289 1268 386 1338 τῆς
412 1268 715 1339 ἀθλητικῆς
740 1272 945 1342 ταύτης
966 1275 1331 1346 πανηγύρεως
1351 1277 1419 1330 τά
1444 1277 1690 1348 μεθόρια.
1716 1277 1865 1343 ἄξιον

291 1361 382 1413 καὶ
411 1362 583 1432 αὐτῆς
626 1361 845 1416 λοιπδντ
871 1365 1147 1432 ὑποδεῖξαι
1196 1367 1258 1420 τὸ
1300 1368 1516 1430 κάλλος.
1561 1369 1773 1426 Κάλλος
1810 1368 1867 1421 δὲ

292 1451 675 1523 πανηγύρεως,
726 1453 759 1525 ἢ
812 1454 970 1523 λόγος
1007 1457 1300 1531 σωτήριος,
1341 1458 1376 1527 ἢ
1422 1458 1621 1530 πρᾶξις
1663 1457 1864 1524 ἔνθεος.

296 1541 522 1613 Ἕλλησι
558 1544 668 1615 γάρ
695 1545 789 1598 καὶ
818 1546 1150 1617 Βαρδάροις,
1186 1550 1279 1602 καὶ
1310 1551 1477 1603 πᾶσιν
1515 1543 1590 1604 ὧν
1623 1552 1655 1621 ἡ
1690 1549 1869 1618 πλάνη
1898 1616 1903 1623 ,

295 1633 401 1686 τῶν
444 1634 683 1689 εἰδώλων
722 1637 1075 1707 κατεκράτει,
1130 1637 1293 1692 τοῦτο
1328 1640 1629 1711 σεμνότης·
1670 1635 1739 1711 ἦν
1776 1642 1870 1695 καὶ

296 1727 436 1799 χαρά
491 1727 723 1799 ὲὸρτιος,
759 1727 819 1781 τὸ
869 1729 959 1788 διὰ
1003 1729 1187 1801 πάσης
1220 1731 1610 1802 ἀσχημοσύνης
1663 1749 1725 1786 τε
1776 1733 1871 1785 καὶ

1958 548 2111 603 lstud
2168 560 2356 617 porro,
2427 559 2535 598 non
2597 543 2964 596 humanarum
3023 553 3205 595 rerum
3268 537 3532 593 fortuitus

1957 646 2217 703 eventus,
2247 638 2341 692 sed
2372 635 2710 691 .dilectionis
2758 633 2849 688 Dei
2885 631 3217 694 oeconomia,
3260 645 3325 685 ac
3356 626 3531 682 mani-

1959 724 2103 782 festa
2133 725 2448 780 divinorum
2489 737 2719 794 operum
2768 721 3027 787 cognatio
3083 727 3207 773 est:
3265 721 3345 773 sic
3375 717 3535 771 nimi-

1962 834 2084 873 rum
2117 818 2260 887 ipso,
2295 816 2455 886 cujus
2491 830 2659 870 causa
2697 813 3018 885 martyrium
3065 822 3382 880 susceptum
3415 808 3535 869 fuit,

1962 925 2239 966 summum
2291 923 2479 971 suum,
2541 906 2814 977 prodente
2863 917 3130 965 amorem,
3188 902 3239 955 in
3287 916 3410 955 eum
3446 901 3539 968 qui

1966 1002 2098 1057 illud
2132 1002 2417 1069 suscepit:
2471 999 2633 1068 plane
2691 1006 2751 1050 ut
2805 995 3035 1057 athleta,
3085 1009 3193 1048 non
3232 993 3309 1048 iis.
3364 992 3541 1046 solum

1965 1106 2087 1162 quae
2130 1100 2218 1146 est
2250 1103 2474 1160 passus,
2520 1089 2616 1143 sed
2654 1094 2708 1142 et
2761 1087 2879 1157 ipsa
2947 1085 3230 1156 passionis
3274 1083 3384 1145 die,
3426 1081 3544 1151 ejus

1968 1181 2385 1239 similitudinem
2436 1181 2796 1250 exprimeret.
2864 1176 3045 1233 Simili
3129 1176 3331 1247 quippe
3385 1173 3547 1226 modo

1968 1279 2133 1334 etiam
2167 1277 2304 1332 alias
2357 1289 2573 1339 omnes,
2627 1281 2748 1329 toto
2796 1280 2942 1329 anno
2987 1272 3325 1342 martyribus
3354 1283 3549 1322 sacras

1969 1367 2326 1426 celebritates
2379 1367 2493 1421 haec
2545 1364 2825 1421 antecedit
2874 1362 3012 1434 (44);
3066 1377 3187 1431 quae
3245 1361 3360 1414 sola
3429 1367 3551 1429 post

1969 1460 2180 1517 Christi
2216 1455 2648 1515 resurrectionis
2684 1456 2888 1513 festum
2913 1452 3083 1520 diem,
3116 1468 3288 1507 veri-.0
3312 1449 3549 1520 tempori

1972 1568 2038 1608 ac
2069 1551 2349 1623 splendori
2397 1550 2710 1620 praesideat.
2753 1550 2847 1604 Sic
2899 1549 3067 1620 igitur
3109 1548 3248 1602 lmlis
3280 1545 3555 1598 athletice

1974 1646 2319 1702 celebritatis
2346 1643 2625 1707 conﬁniis,
2653 1656 2836 1711 operm
2861 1642 3096 1711 pretium
3123 1647 3228 1703 est,
3258 1646 3316 1691 ut
3348 1644 3402 1691 ct
3437 1636 3555 1705 ejus

1972 1738 2256 1807 deinceps,
2312 1734 2485 1791 decus
2537 1734 2919 1804 explicemus;
2966 1731 3323 1786 Celebritatis
3373 1737 3555 1783 autem

297 1819 565 1889 ἀκρασίας
595 1819 925 1890 θεραπεύειν
967 1821 1096 1885 τοὺς
1129 1820 1411 1891 δαίμονας.
1455 1822 1647 1894 Ἡμεῖς
1685 1823 1763 1888 δὲ,
1788 1819 1870 1887 οἷς

1986 1829 2147 1887 decus
2175 1835 2282 1895 est,
2313 1835 2429 1881 tum
2470 1825 2737 1882 salutaris
2769 1823 2975 1889 oratio,
3005 1831 3122 1876 tum
3153 1822 3340 1876 (livina
3376 1820 3557 1888 ntiqua

295 1912 557 1982 τρόπαιον
590 1910 682 1965 τοῦ
706 1911 946 1982 σταυροῦ
983 1913 1125 1967 κατὰ
1153 1913 1247 1967 τοῦ
1286 1914 1521 1969 θανάτου
1548 1914 1870 1987 δεδώρηται,

293 2004 606 2057 τούναντίον
625 2022 639 2037 ο
665 2005 727 2059 τὸ
751 2006 841 2058 διὰ
868 2007 1055 2077 πάσης.
1078 2007 1276 2072 αὐτοὺς
1301 2008 1685 2080 καταισχύνειν
1711 2010 1871 2082 ἀθλή-

297 2112 454 2160 σεως.
486 2095 681 2150 Ἔνθεν
707 2097 912 2165 ἡδονῶν
956 2098 1176 2164 ἔκλυσις
1206 2099 1283 2164 ὡς
1325 2102 1547 2173 αἰσχρὰ,
1587 2103 1824 2175 ἐμισήθη
1850 2121 1863 2137 ·

295 2185 386 2236 καὶ
420 2185 580 2247 πόνος
608 2186 819 2260 ἀρετῶν
855 2188 950 2240 καὶ
980 2189 1210 2255 Θάνατος
1250 2191 1393 2264 ὑπὲρ
1416 2193 1724 2262 εὐσεϐείας,
1758 2199 1871 2263 τοῖς

298 2281 509 2339 πιστοῖς
553 2276 629 2341 ὡς
676 2278 807 2348 ἡδὺς
854 2280 1179 2353 προεκρίθη.
1215 2283 1408 2338 Ἔνθεν
1456 2287 1489 2357 ή
1537 2285 1713 2359 πλάνη
1765 2289 1876 2344 τῶν

297 2364 537 2420 εἰδώλων
588 2368 866 2440 ἐσϐέσθη,
916 2371 1012 2424 καὶ
1053 2372 1122 2426 τά
1181 2373 1360 2446 πλήθη
1408 2376 1519 2429 τῶν
1579 2378 1877 2450 μαρτύρων

297 2458 634 2529 ἀνέλαμψαν.
674 2460 869 2515 Ἔνθεν
910 2462 1142 2532 οὐρανὸς
1172 2464 1239 2517 τά
1284 2466 1506 2535 ἐπίγεια
1542 2468 1755 2537 γέγονε,
1796 2469 1877 2523 6i-

296 2568 399 2620 κην
426 2552 676 2622 ἀστέρων
704 2556 817 2619 τοῖς
836 2556 1012 2624 ἁγίοις
1043 2560 1541 2630 κατακοσμούμενα
1562 2577 1576 2593 ·
1613 2562 1708 2615 καὶ
1743 2578 1879 2615 παν-

296 2642 526 2713 ημέριος
572 2645 735 2718 ἑορτὴ
790 2649 890 2719 τὴν
919 2649 1247 2720 οἰκουμένην
1281 2653 1526 2723 κατέχει,
1566 2653 1636 2708 τὰ
1674 2653 1878 2709 τούτων

295 2734 559 2804 τρόπαια,
611 2737 707 2790 καὶ
753 2738 823 2791 τὰ
870 2739 1080 2794 τούτων
1130 2740 1358 2811 λείψανα
1414 2744 1696 2813 τιμῶσανο
1753 2747 1878 2811 τοὺς

297 2824 509 2879 τούτων
537 2826 757 2895 ἀγῶνας
789 2830 1271 2902 πανηγυρίζουσαν
1291 2813 1573 2902 σ’ἀγῶνας
1615 2836 1676 2889 δὲ
1704 2837 1875 2907 λέγω·

296 2915 393 2979 οὓς
422 2919 451 2971 ὁ
486 2918 585 2991 μὲν
645 2923 823 2986 κοινὸς
876 2923 1070 2995 ἐχθρὸς
1126 2925 1456 3000 κακούργως
1517 2931 1878 3003 ἐνεστήσατοσ

297 3012 399 3081 τήν
432 3013 810 3085 προσκύνησιν
860 3019 954 3071 καὶ
999 3016 1061 3070 τδ
1111 3018 1481 3091 ἀκοινώνητον
1527 3021 1699 3093 ὄνομα
1731 3025 1882 3093 φιλο-

290 3102 499 3155 -νεικῶν
531 3101 618 3155 διὰ
644 3103 812 3174 μέσου
837 3104 951 3158 τῶν
974 3104 1211 3162 εἰδώλων
1241 3108 1403 3172 αὐτὸς
1433 3108 1845 3179 ἀπενέγκασθαι
1865 3129 1877 3143 ·

298 3192 329 3244 ὀ
351 3190 410 3245 δὲ
438 3191 660 3247 πάντων
685 3193 843 3261 Θεὸς,
884 3196 1082 3268 Σωτήρ
1107 3214 1164 3250 τε
1186 3198 1281 3251 καὶ
1312 3174 1669 3270 σταδιάρχηψς,
1702 3201 1885 3270 φιλανο
1914 3174 1955 3229 C

301 3279 542 3351 θρώπως
577 3284 950 3357 συνεχώρησε,
987 3289 1110 3342 κατ’
1140 3288 1306 3344 αὑτοῦ
1331 3290 1558 3362 νικητὴν
1582 3291 1645 3345 τὸ
1674 3290 1888 3363 ἀνθρώ-

300 3390 460 3426 πινον
503 3375 782 3441 ἀναδεῖξαι
835 3378 1196 3451 βουλόμενος⁹
1250 3384 1339 3437 ἵνα
1373 3384 1467 3453 ὑφ’
1515 3378 1592 3439 ὧν
1638 3386 1716 3450 ώς
1755 3387 1890 3452 Θεὸς

301 3466 489 3538 ἐζήτει
538 3472 1134 3541 προσκυνεῖσθαι,.ὐπὸ
1185 3477 1392 3532 τούτων
1431 3478 1507 3543 ὡς
1552 3480 1746 3552 νεκρὸς
1790 3497 1885 3550 γε-

300 3558 469 3612 λᾶται
517 3562 881 3633 πατούμενος.
941 3567 1101 3623 Ἐπεὶ
1127 3565 1223 3623 οὖν
1270 3571 1373 3640 τῆς
1423 3569 1815 3642 εἰδωλομανίας
1862 3577 1892 3629 ὁ

302 3651 495 3720 ζόφος,
525 3654 782 3725 τηνικάδε
813 3658 957 3712 κατὰ
978 3658 1162 3728 πάσης
1196 3658 1376 3730 χεθεὶς
1404 3661 1504 3733 τῆς
1533 3663 1887 3735 οἰκουμένης,

304 3742 512 3814 μικροῦ
550 3746 646 3800 καὶ
673 3746 774 3818 τὴν
814 3749 1077 3829 ἀοίκητον
1118 3750 1349 3821 ἔπλησε,
1397 3753 1586 3822 σχεδον
1632 3755 1892 3811 ἁπάντων

303 3836 453 3906 πρὸς
515 3838 615 3906 τήν
681 3839 940 3895 ἀσέϐειαν
997 3844 1483 3914 αὐτομολούντων
1538 3847 1632 3900 καὶ
1688 3847 1892 3911 πάντες

300 3925 545 3995 ἀφεγγεϊ
574 3927 711 4002 λήθῃ
738 3930 829 3984 τοῦ
866 3931 1033 3997 ὅντως
1065 3933 1202 3987 Θεοῦ
1228 3933 1629 4005 παραδοθέντες
1655 3935 1891 4007 δέσμιοι,

306 4019 544 4084 σκότους
577 4021 675 4077 καὶ
709 4027 931 4094 μακρᾶς
964 4026 1160 4091 νυκτὸς
1190 4026 1422 4098 πεδήται
1442 4026 1892 4098 ἀποδειχθέντες,
1930 4070 1934 4075 .

307 4113 446 4185 περὶ
475 4114 674 4169 πολλοῦ
708 4116 768 4169 τὺ
793 4117 975 4171 σέϐειν
1006 4118 1290 4174 ἐποιοῦντο
1322 4122 1449 4184 τοὺς
1475 4121 1739 4191 δαίμονας
1761 4137 1775 4152 ·
1801 4124 1893 4175 καὶ

304 4205 598 4276 φάσμασιν
646 4207 722 4271 ὡς
775 4207 1050 4279 θαύμασιν
1087 4210 1598 4283 ἐκδειματούμενοι,
1632 4213 1893 4268 δεισιδαι-

276 4302 279 4305 ’
303 4297 630 4368 μονέστεροι
676 4300 801 4353 καθ’
853 4301 1091 4372 ἑκάστην
1152 4303 1461 4358 ἐδεεκνυντο
1489 4322 1500 4333 ·
1564 4304 1620 4358 οἴ
1649 4321 1731 4372 ,τε
1794 4306 1892 4375 τῆς

299 4391 569 4455 ἀσεϐείας
598 4394 829 4464 ἀρχηγοί
858 4394 956 4448 καὶ
980 4394 1336 4457 σπουδασταὶ,
1371 4397 1759 4467 Διοκλητιανὸς
1798 4398 1894 4452 καὶ

1980 1920 2145 1976 actio.
2201 1918 2409 1975 Graecis
2453 1915 2678 1988 quidem
2725 1923 2781 1970 et
2836 1912 3124 1977 Barbaris,
3192 1910 3560 1978 omnibusque

1981 2013 2129 2079 aliis,
2186 2012 2415 2083 quibus
2450 1998 2730 2064 idolorum
2775 2020 2949 2061 error-
2984 2002 3401 2069 dominabatur,
3451 2000 3559 2055 dici

1982 2103 2107 2162 festi
2140 2105 2402 2160 honestas
2439 2108 2495 2157 et
2522 2099 2853 2170 iucunditas
2883 2112 2947 2153 ea
2976 2104 3118 2161 erat,
3153 2101 3213 2148 ut
3247 2094 3397 2149 omni
3441 2099 3560 2146 tur-

1982 2195 2234 2267 pitudine
2303 2202 2360 2250 et
2434 2190 2886 2261 intemperantia,
2951 2188 3231 2242 daemones
3290 2187 3560 2240 colerent.

1980 2288 2150 2345 Nobis
2181 2301 2336 2354 vero,
2369 2286 2578 2357 quibus
2628 2283 2819 2337 crucis
2888 2293 3156 2350 treparum
3188 2285 3382 2335 contra
3416 2290 3563 2330 mor-

1983 2390 2092 2437 tem
2140 2380 2407 2436 donatum
2458 2379 2554 2445 sit,
2595 2391 2760 2432 secus
2811 2373 3042 2430 omnino
3083 2391 3097 2427 :
3156 2381 3215 2426 ut
3273 2369 3559 2430 nimirum,

1981 2474 2133 2528 omni
2157 2472 2381 2530 eosdem
2417 2469 2745 2535 certamine,
2785 2466 2993 2538 probro
3038 2464 3342 2519 afﬁciamus
3369 2477 3433 2516 ac
3465 2476 3565 2516 cx-

1986 2582 2316 2638 pugnemus.
2348 2563 2723 2631 Quamobrem
2763 2561 3111 2630 voluptatum
3157 2556 3473 2619 dissolutio,
3508 2560 3566 2608 ut

1984 2660 2116 2728 quid
2173 2668 2334 2728 turpe
2400 2656 2576 2711 invisa
2630 2662 2757 2709 est:
2810 2653 2968 2707 labor
3031 2660 3215 2705 autem
3273 2648 3564 2708 virtutum,

1986 2765 2250 2821 morsque
2271 2763 2374 2821 pro
2408 2749 2616 2819 pietate
2671 2749 2955 2815 suscepta,
2991 2752 3051 2796 ut
3088 2741 3272 2796 dulcis
3296 2747 3567 2809 praeopta-

1986 2853 2101 2901 tur.
2142 2842 2283 2898 Ilinc
2338 2841 2548 2896 factum
2596 2846 2684 2896 est
2744 2846 2806 2894 ut
2852 2836 3129 2892 idolorum
3174 2848 3334 2888 error
3360 2830 3568 2886 exstin-

1987 2944 2111 2991 ctus
2139 2934 2213 2990 sit
2236 2930 2732 3005 splenduerintque
2754 2934 3060 3000 martyrum
3094 2923 3282 2996 populi
3307 2940 3321 2976 :
3351 2930 3409 2979 ut
3440 2923 3565 2978 item

1990 3037 2238 3090 terrena,
2287 3025 2425 3080 viris
2455 3025 2670 3079 sanctis
2715 3037 2819 3077 ceu
2872 3020 3053 3077 stellis
3100 3023 3417 3089 perornata,
3444 3015 3567 3069 (καιΙὶ

1992 3124 2168 3178 instar
2208 3118 2531 3176 evaserint:
2583 3126 2769 3185 atque,
2824 3120 2885 3168 ut
2941 3114 3130 3168 orbem
3161 3118 3348 3172 terrae,
3382 3106 3566 3176 quoti-

1990 3214 2158 3269 diana
2237 3210 2486 3281 quaedam
2556 3209 2819 3279 jugisque
2874 3204 3194 3269 celebritas,
3267 3210 3566 3269 martyrum

1990 3313 2194 3371 tropma
2211 3315 2275 3357 ac
2292 3315 2485 3357 eorum
2513 3298 2773 3369 reliquias
2799 3297 3190 3359 houorantem,
3220 3291 3570 3366 publicisque

1991 3392 2357 3449 conventibus
2385 3404 2579 3445 eorum
2609 3387 2914 3444 certamina
2944 3386 3337 3446 celebrantem,
3368 3395 3600 3436 nomen-

1992 3502 2099 3555 que
2136 3484 2274 3540 illud
2307 3478 2832 3538 inconnnunicabile
2859 3516 2876 3540 ,
2930 3474 3092 3529 idolis
3145 3472 3341 3527 mediis
3393 3468 3571 3524 vindi-

1992 3594 2121 3633 care
2150 3595 2164 3632 :
2191 3576 2583 3631 universorum
2628 3580 2813 3627 autem
2865 3568 2999 3634 Deo,
3047 3567 3334 3621 Salvatore
3381 3563 3478 3618 illo
3508 3576 3572 3616 ac

1994 3670 2154 3726 szndii
2191 3668 2448 3740 praeside,
2505 3681 2604 3736 pro
2633 3680 2733 3721 suo
2780 3663 2835 3717 in
2880 3663 3184 3716 humanum
3227 3672 3403 3728 genus
3445 3670 3571 3724 pro-

1994 3762 2237 3836 pensiori
2279 3759 2478 3815 affectu
2511 3758 2888 3829 permittente,
2935 3766 3046 3822 quo
3075 3751 3374 3804 humanam
3410 3757 3569 3800 natu-

1997 3872 2112 3911 ram
2129 3853 2420 3911 victricem
2446 3850 2714 3905 adversus
2744 3847 2896 3901 illum
2918 3842 3275 3905 ostenderet;
3306 3847 3364 3893 ut
3395 3854 3424 3892 a
3448 3837 3573 3906 qui-

1994 3947 2098 4000 bus
2124 3941 2399 4003 studebat,
2462 3945 2725 4007 tanquam
2787 3934 2930 3989 Deus
2978 3931 3225 3996 adorari,
3258 3924 3456 3983 iisdem
3489 3926 3573 3978 in-

1996 4051 2109 4093 smr
2140 4032 2446 4107 proculcati
2479 4028 2791 4088 cadaveris,
2833 4024 3075 4079 ludibrio
3098 4029 3269 4078 esset.
3300 4017 3571 4085 Quoniam

1999 4129 2166 4199 igitur
2211 4126 2392 4180 insani
2443 4120 2715 4207 idolorum
2774 4115 2957 4169 cultus
3005 4114 3188 4183 caligo
3228 4125 3294 4165 eo
3329 4120 3575 4178 tempore

1999 4236 2093 4290 per
2127 4230 2349 4272 onmem
2374 4203 2650 4269 terrarum
2684 4209 2871 4262 orbem
2924 4203 3229 4267 eil‘usa,vel
3257 4215 3355 4255 cas
3382 4212 3576 4268 propc-

1997 4312 2220 4368 modum
2280 4317 2468 4380 partes
2520 4321 2643 4376 qua:
2699 4317 2807 4356 non
2890 4300 3213 4354 habitantur
3245 4338 3261 4363 ,
3319 4293 3575 4349 omnibus

1999 4405 2113 4460 fere
2151 4402 2216 4457 ad
2246 4401 2585 4469 impietatem
2626 4394 3038 4454 deﬁcientibus,
3077 4391 3423 4461 repleverat:
3452 4400 3576 4439 om-

300 4485 676 4552 Μαγνέντιος,
710 4486 806 4538 καί⁵
835 4487 885 4539 οἱ
919 4486 1063 4540 κατά
1094 4487 1249 4541 πόλιν
1281 4487 1489 4542 τούτων
1521 4490 1880 4554 ὑπασπισταὶ,

1999 4501 2207 4563 nesqu’e
2266 4504 2424 4545 caeca:
2472 4488 2616 4557 ejus.
2677 4485 2769 4555 qui
2811 4485 2954 4539 lleus
3008 4496 3198 4537 revera
3232 4486 3406 4540 esset,
3439 4477 3579 4530 obli-

301 4573 460 4626 συῶν
510 4577 792 4647 ὁρμήματι
837 4581 907 4650 τῇ
961 4580 1187 4649 ἀσεϐείᾳ
1223 4583 1720 4653 προχωρήσαντες,
1773 4586 1889 4637 ἐπι-

302 4666 497 4735 μελῶς
559 4670 652 4722 ὲπί
700 4669 767 4723 τὰ
800 4670 1017 4741 πονηρά
1067 4673 1452 4740 κατεγίνοντοι
1500 4693 1519 4724 ι
1559 4676 1669 4728 Καὶ
1700 4676 1799 4728 οὐκ
1826 4672 1892 4745 ἦν

298 4759 603 4821 ἁνάνευσις
638 4759 697 4812 ἐν
726 4759 805 4828 τῷ
840 4761 1057 4826 θανάτῳ
1087 4762 1297 4814 αὐτῶν·
1335 4783 1352 4813 ι
1389 4764 1749 4832 πορευόμενοι
1786 4766 1892 4836 γάρ

298 4850 640 4921 ἐπορεύοντο
697 4852 773 4922 τῷ
804 4854 946 4921 φωτὶ
977 4854 1071 4908 τοῦ
1104 4857 1276 4927 πυρὸς
1308 4856 1493 4910 αὐτῶν
1513 4874 1526 4886 ⁸
1566 4877 1584 4909 ι
1611 4856 1750 4912 Οῦτε
1788 4859 1894 4931 μὴν

301 4945 609 5014 στερέωμα
642 4947 701 4998 ἐν
731 4948 799 5018 τῇ
838 4946 1065 5015 μάστιγι
1099 4948 1301 5012 αὐτῶν,
1336 4968 1354 4999 ›
1394 4950 1488 5002 τοῦ
1518 4949 1653 5002 Θεοῦ
1688 4968 1893 5021 μακρο-

297 5033 504 5103 θύμως
541 5035 894 5106 ἀνεχομένου,
928 5038 1074 5101 ὅπως
1107 5038 1159 5091 οἱ
1197 5038 1394 5092 δίκαιοι
1420 5040 1652 5108 φανῶσι,
1682 5041 1774 5094 καὶ
1812 5042 1889 5112 μὴ

387 5191 629 5261 θΕρίιρς.
672 5209 733 5257 ιι,
774 5194 829 5246 6.

1995 4585 2166 4645 vioni,
2228 4581 2400 4635 vincti
2461 4579 2652 4632 traditi
2712 4577 2849 4646 (45),
2904 4583 3068 4643 atque
3121 4571 3474 4625 tenebrarum
3522 4577 3578 4619 ct

1997 4677 2175 4745 longa:
2209 4673 2392 4727 noctis
2438 4668 2801 4738 compedibus
2849 4666 3075 4727 irrctiti,
3124 4664 3335 4718 cultum
3367 4660 3573 4715 daemo-

1997 4782 2127 4822 num
2160 4764 2379 4835 plurimi
2409 4761 2687 4816 faciebant
2711 4776 2726 4823 ;
2756 4775 2821 4814 ac
2844 4759 2998 4813 vanis
3025 4755 3283 4826 Spectris,
3312 4763 3573 4823 tanquam

1999 4857 2285 4911 miraculis
2334 4850 2740 4924 perterrefacti,
2800 4851 2852 4904 in
2904 4850 3024 4904 dies
3075 4846 3453 4902 cﬂiciebantur
3482 4859 3575 4898 su-

2001 4947 2433 5019 perstitiosiores
2465 4964 2479 4999 :
2514 4953 2628 4998 tum
2660 4943 2943 5008 nimirum,
2983 4937 3491 5009 impietatisduccs
3520 4945 3574 4988 ct

1999 5051 2278 5095 amatores
2349 5036 2770 5102 studiosissimi,
2846 5034 3243 5095 Diocletianus,
3323 5030 3570 5099 inquam,

1645 5285 2031 5342 COMBEFISH
2064 5283 2294 5342 NOTIE.

360 5381 501 5469 ⁸(Άῌ)
524 5380 693 5469 Αηςξιξ.
716 5382 1001 5469 (ιιιιεεράὶι.
1042 5382 1415 5469 Μαρτυρικῶν
1461 5381 1682 5469 ἐξάρχει
1709 5402 1903 5466 ,πανη-

297 5452 552 5532 γύρεων.
601 5451 968 5532 Velut'annus
995 5451 1411 5532 ecclesiasticus
1438 5463 1491 5507 et
1521 5451 1899 5532 cel’c‘britatum

302 5520 515 5604 series.
555 5520 1103 5604 “morellelirmnrum
1136 5539 1186 5604 a_
1215 5522 1503 5604 l?aschate,
1540 5533 1595 5577 et
1635 5522 1902 5580 Resurrcc

303 5616 317 5644 ι
344 5592 524 5644 tionis
553 5592 915 5663 festivissime
938 5591 1046 5655 die,
1080 5593 1354 5663 incipiat;
1383 5609 1696 5663 quanquam
1726 5595 1897 5650 Graeci

304 5676 523 5715 :otmum
555 5677 583 5713 τι
629 5662 935 5728 Septembri
975 5663 1271 5727 inclinant,
1317 5662 1496 5715 [mini
1541 5682 1567 5713 ιι
1620 5665 1895 5717 Decembri

301 5750 359 5783 m
430 5733 648 5796 przev‘iis
706 5730 911 5784 Natalis
953 5732 1164 5785 Domini
1202 5732 1372 5787 furiis.
1411 5735 1485 5786 Ita
1544 5736 1742 5799 timeri,
1789 5738 1885 5798 ini—

304 5794 587 5875 putatoris
615 5801 942 5855 inditliunrs
977 5805 1170 5856 ειτιιιιιὶ.
1298 5852 1312 5865 ,
1729 5794 1739 5799 ⁷
1825 5794 1829 5798 ’

2075 5382 2183 5451 (45)
2231 5380 2396 5451 Cazcce
2441 5380 2580 5449 ejus,
2612 5377 2702 5451 qui
2740 5375 2886 5451 Deus
2940 5391 3117 5451 revera
3153 5371 3575 5451 esset_o'bliuiom'

2002 5443 2175 5506 vincti"
2208 5450 2415 5504 traditi.
2463 5443 2577 5503 Deo
2620 5443 2881 5500 nimirum
2938 5449 3187 5499 tradente
3224 5443 3572 5514 exigentibus

2002 5522 2244 5594 peccatis
2271 5539 2284 5574 :
2308 5519 2858 5594 quomodoyidenius
2888 5516 2941 5570 in
2976 5516 3113 5594 ipsis
3135 5515 3228 5594 qui
3270 5513 3569 5594 gliristiani

2000 5578 2205 5655 csscnt,
2239 5578 2533 5644 accensum
2589 5588 2702 5657 jam
2748 5585 2949 5640 divinas
2988 5578 3232 5657 scicntia:
3270 5578 3453 5657 lumen
3485 5600 3574 5657 es-

2002 5653 2227 5727 stin-gui.
2283 5660 2466 5729 Longe
2502 5653 2660 5713 aliter
2708 5655 3290 5729 iutcrprcspLipomani
3345 5653 3424 5707 vel
3465 5653 3571 5708 alio

2000 5732 2323 5798 exemplari,
2382 5727 2464 5785 vel
2529 5733 2642 5800 ipsc
2693 5744 2719 5780 a
2790 5744 2868 5790 se,
2930 5727 3110 5781 minus
3172 5738 3453 5796 congrue,
3515 5737 3569 5778 ut

1995 5806 2154 5858 solet.
