3978 6140
276 316 410 386 1177

1587 334 1671 394 IN
1714 335 1781 396 S.
1809 336 2244 398 GEORGIUM.

3412 330 3548 398 1178

270 432 551 490 εἰδωλικοῦ
598 435 863 509 βορϐόρου
917 437 1200 493 ἀνὲοαλεν.
1253 440 1340 506 Ὠς
1396 444 1739 516 κυπάρισσος
1791 446 1815 498 ἐ

1955 466 2120 505 usum
2176 449 2473 505 excolitur.
2508 447 2662 504 Solet
2699 447 2846 503 enim
2899 446 3061 513 solet,
3099 444 3263 501 eiram
3305 443 3545 497 nominis

268 523 413 595 χορῷ
451 523 630 593 βάτων
653 542 666 555 ·
698 526 774 589 ὠς
802 527 962 582 ἐλαία
1005 531 1366 602 κατάκαρπος
1403 537 1462 587 ἐν
1495 536 1720 606 ἐρήμῳ·
1763 538 1856 590 καὶ

263 617 338 680 ὡς
373 618 551 686 φοίνιξ
598 619 907 686 γλυκαίνων
960 624 1088 687 τοὺς
1140 626 1201 677 ἐν
1252 627 1484 698 πικρία·
1524 628 1600 691 ὡς
1653 629 1854 700 σελήνη

266 711 589 780 πλησιφαὴς
616 712 676 764 ἐν
707 715 1045 787 στυγνοτὰτῃ
1077 718 1272 771 νυκτί·
1302 718 1378 781 ὠς
1410 720 1617 790 πυρσὸς
1641 721 1698 773 ἐν
1726 738 1854 774 σκο-

261 804 498 874 τομήνῃ,
537 806 651 866 τοῖς
680 807 821 858 κατὰ
853 806 912 859 τὸ
942 808 1180 877 πέλαγος
1208 810 1309 880 τῆς
1342 812 1597 876 ἀσεϐείας
1633 814 1854 868 πλανω-

264 895 495 977 μένοις·
543 895 619 959 ὡς
687 898 917 969 φωστὴρ
975 900 1233 967 ἑωθινὸς,
1283 904 1344 956 ἐν
1403 904 1554 974 μέσῳ
1603 904 1852 976 ζοφερῶν

258 987 504 1054 νεφελῶν
521 1003 535 1016 ·
566 988 640 1051 ὡς
664 989 819 1059 ἥλιος
844 993 902 1043 ὲν
931 992 1119 1062 γνόφῳ
1145 997 1367 1064 συνεχεῖ
1392 996 1617 1068 φαιδρὸν
1647 998 1855 1069 ἐκλάμ-

256 1095 376 1131 πων
411 1079 593 1143 σέλας.
626 1081 689 1133 El
724 1081 781 1134 δὲ
821 1082 920 1136 καὶ
952 1085 1077 1137 ὅθεν
1101 1084 1226 1154 ἔφυ,
1258 1086 1353 1139 καὶ
1383 1087 1484 1159 τὴν
1523 1088 1631 1142 ἀπὸ
1660 1090 1852 1157 γένους

254 1169 442 1239 ζητεῖς
466 1171 767 1243 εύκληρίαν
790 1189 804 1204 ·
836 1174 907 1227 τά
947 1176 1253 1247 πράγματα
1286 1177 1473 1247 βοῶσι,
1499 1180 1707 1235 Τέκνον
1748 1184 1849 1235 αὐ-

250 1260 343 1313 τὸν
373 1256 516 1316 εἶναι
548 1263 708 1330 Θεοῦ,
737 1266 832 1318 καὶ
863 1267 962 1337 τῆς
1011 1268 1124 1321 ἄνω
1169 1269 1534 1341 Ἰερουσαλὴμ
1565 1275 1664 1343 τῆς
1691 1275 1844 1327 ἐλευ-

251 1354 422 1424 θέρας
443 1371 457 1385 ’
499 1375 518 1408 4
550 1357 707 1411 Ὅσοι
741 1358 851 1430 γὰρ
884 1359 1079 1414 ἔλαϐον
1104 1363 1288 1426 αὐτὸν,
1322 1366 1489 1434 φησὶν
1521 1368 1550 1419 ὁ
1591 1367 1846 1438 μαθητὴς

249 1448 346 1500 καὶ
382 1448 676 1519 παρθένος,
712 1451 914 1505 ἔδωκεν
953 1452 1142 1516 αὐτοῖς
1194 1453 1446 1517 ἐξουσίαν
1489 1457 1656 1511 τέκνα
1701 1456 1839 1511 Θεοῦ

246 1539 522 1621 γενέσθαι,
571 1544 681 1606 τοῖς
731 1542 1086 1598 πιστεύουσιν
1133 1545 1215 1609 είς
1261 1547 1324 1599 τὸ
1357 1546 1530 1617 ὄνομα
1570 1549 1775 1603 αὐτοῦ·
1811 1569 1832 1602 ι

244 1633 431 1695 ὁποῖος
458 1628 526 1703 ἦν
560 1632 863 1705 Γεώργιος,
897 1634 1046 1707 ἔργῳ
1077 1636 1139 1691 τὺ
1180 1638 1338 1706 γένος
1372 1640 1757 1712 πιστούμενος.

1962 542 2082 610 ipsa
2114 541 2430 611 appellatio,
2465 539 2561 595 Dei
2591 539 2850 610 gratiam,
2888 544 2945 592 et
2973 537 3259 591 hominum
3284 535 3541 588 virtutem

1962 634 2144 702 palam
2174 632 2459 687 declarare
2494 651 2508 687 :
2548 631 2694 701 quod
2724 631 2778 684 in
2804 628 3080 682 Abraham
3109 634 3163 680 et
3193 624 3352 691 Sara,
3391 624 3541 677 Isaae

1959 740 2182 801 quoque
2226 734 2280 778 et
2329 722 2523 789 Jacob,
2574 739 2637 778 ac
2669 722 2843 787 Mose,
2887 720 3120 787 aliisque
3146 717 3422 787 pluribus,
3458 714 3540 767 fa-

1961 831 2108 871 ctum
2161 817 2482 871 didicimus.
2521 814 2650 869 Fuit
2701 815 2794 868 hic
2841 823 2894 867 et
2937 812 3160 865 nomine
3192 817 3247 863 et
3274 825 3334 862 re
3364 808 3540 862 Geor.

1957 909 2102 980 gius.
2136 907 2260 973 llic,
2294 918 2562 975 tanquam
2610 920 2738 960 rosa
2783 904 2836 957 in
2870 902 3068 957 mediis
3101 900 3280 969 spinis
3317 899 3372 951 id
3401 909 3539 951 tem-

1950 1000 2104 1070 poris
2155 1008 2381 1053 exortus
2432 1007 2544 1058 est,
2596 1004 2652 1051 et
2690 1004 2952 1065 tanquam
3000 993 3174 1047 lilium
3208 1000 3258 1053 ιι,
3307 1005 3535 1045 suavem

1948 1093 2171 1162 pietatis
2206 1092 2432 1146 odorem
2463 1089 2678 1155 efflans,
2707 1089 2761 1141 in
2794 1085 2974 1140 medio
3002 1073 3344 1138 idololatriae
3373 1096 3537 1135 caeno

1947 1183 2206 1239 effloruit.
2249 1180 2415 1235 Velut
2443 1194 2770 1249 cupressus,
2801 1179 2856 1231 in
2889 1190 3086 1246 campo
3118 1175 3274 1229 rubis
3306 1188 3370 1227 ac
3407 1162 3537 1227 seu»

1946 1276 2095 1329 tibus
2127 1274 2375 1337 horrido,
2400 1280 2467 1325 ut
2498 1271 2642 1324 oliva
2680 1268 2968 1323 fructifera
3000 1268 3052 1321 in
3082 1266 3327 1328 deserto,
3365 1274 3534 1332 utque

1946 1366 2129 1435 palma
2180 1364 2370 1419 dulces
2425 1363 2662 1417 reddens
2723 1361 2938 1415 fructus
2966 1359 3098 1413 olim
3148 1371 3411 1421 amaros;
3472 1363 3531 1406 ut

1943 1459 2074 1512 luna
2107 1458 2289 1529 plena,
2343 1456 2664 1512 tristissima
2708 1463 2910 1520 nocte;
2950 1460 3009 1506 ut
3058 1451 3261 1516 facula,
3291 1449 3527 1502 obscura

1942 1550 2204 1619 caligine,
2264 1549 2335 1605 iis
2382 1547 2688 1619 praeferens
2737 1548 2918 1600 lucem
2959 1543 3052 1613 qui
3111 1544 3163 1596 in
3219 1540 3528 1610 impietatis

1939 1643 2136 1714 pelago
2159 1653 2433 1710 errarent;
2466 1651 2529 1696 ut
2556 1640 2717 1695 stella
2753 1638 3046 1700 matutina,
3080 1636 3137 1690 in
3171 1634 3352 1689 medio
3378 1640 3528 1685 atra-

245 1737 368 1825 ΐξξηι
407 1724 673 1791 nubium;
719 1735 777 1781 ut
809 1727 895 1825 sol
937 1728 1198 1825 demque}
1243 1731 1451 1796 laetum,
1503 1735 1676 1790 densa
1713 1735 1973 1807 caligine,
2035 1735 2389 1806 splendorem
2448 1734 2735 1790 emittens.
2794 1731 2953 1797 Quod
3020 1730 3064 1785 si
3144 1728 3302 1782 etiam
3377 1724 3525 1779 unde

244 1817 319 1868 sit
343 1825 529 1882 ortus,
581 1830 649 1905 ac
680 1817 901 1886 generis
928 1818 1277 1877 nobilitatem
1318 1824 1556 1892 quaeris;
1589 1839 1678 1881 res
1704 1826 1836 1896 ipsae
1909 1827 2063 1881 velut
2129 1828 2301 1882 missa
2333 1840 2468 1880 voce
2510 1825 2775 1886 clamant,
2834 1821 2928 1874 Dei
2969 1819 3169 1872 Filium
3217 1819 3364 1871 hunc
3401 1832 3525 1872 esse

242 1921 309 1960 ac
340 1922 592 1974 supernae
646 1908 799 1964 illius
856 1908 1210 1978 Jerusalem,
1262 1928 1385 1983 quae
1434 1915 1609 1970 libera
1654 1923 1786 1970 est:
1832 1935 1850 1967 ι
1890 1916 2178 1987 Quotquot
2229 1917 2375 1971 enim
2415 1919 2749 1985 receperunt
2790 1926 2955 1973 eum,
3028 1909 3209 1976 inquit
3272 1907 3522 1975 discipu-

241 1999 327 2052 lus
358 1998 454 2053 ille
484 2000 673 2069 virgo,
714 1999 864 2055 dedit
892 2001 976 2057 eis
1020 2009 1347 2073 potestatem
1375 2005 1517 2061 ﬁlios
1547 2006 1814 2071 Dei'fieri,
1857 2008 1968 2075 his,
2010 2009 2105 2079 qui
2170 2012 2408 2064 credunt
2465 2008 2522 2062 in
2580 2004 2810 2060 nomine
2863 2001 2986 2072 ejus
3020 2007 3067 2065 ο,
3119 2017 3137 2050 i
3199 1997 3515 2066 eujusmodi

240 2090 349 2147 fuit
379 2090 648 2164 Georgius
672 2132 686 2157 ,
744 2094 838 2165 qui
880 2099 1119 2167 generis
1151 2098 1238 2154 sui
1285 2100 1633 2156 nobilitatem
1664 2102 1827 2158 factis
1863 2104 2270 2173 comprobavit.

321 2187 476 2241 Ἐπεὶ
514 2189 572 2242 δὲ
621 2189 808 2255 ποθεῖς
837 2194 932 2247 καὶ
982 2193 1083 2266 τὴν
1117 2195 1373 2264 ἐπίγειον
1423 2197 1588 2250 αὑτοῦ
1639 2198 1820 2269 μαθεῖι

2005 2199 2277 2267 Quoniam
2337 2213 2473 2254 vero
2531 2204 2586 2252 et
2645 2204 2923 2250 terrenam
2987 2191 3108 2260 ejus
3166 2188 3514 2243 nobilitatem

237 2281 561 2351 εὐγένειαν·
609 2284 814 2354 πατρὶς
877 2286 1055 2359 αὐτῷ,
1109 2289 1143 2359 ὴ
1214 2290 1602 2346 Καππαδοκῶν
1645 2292 1830 2365 χώρα·

238 2376 463 2446 τροφὸς,
494 2378 527 2448 ή
561 2377 960 2451 Παλαιστηνῶν
981 2397 995 2412 ·
1038 2380 1368 2453 Χριστιανὸς
1412 2385 1477 2437 ἐκ
1507 2386 1790 2454 προγόνων
1815 2399 1831 2415 ⁶

238 2467 450 2532 νεάζων
480 2471 545 2542 τῇ
594 2469 818 2542 ἡλικίᾳ·
875 2472 1069 2537 πολιὸς
1113 2473 1215 2545 τὴν
1255 2475 1488 2546 σοφίαν·
1524 2478 1688 2542 εὐθὺς
1732 2478 1832 2550 τὴν

241 2558 475 2629 καρδίαν
493 2575 506 2588 ·
528 2560 650 2613 κατ’
672 2560 964 2632 ἀμφότερα
988 2564 1237 2635 σφριγῶν
1255 2566 1398 2619 κατὰ
1424 2567 1523 2636 τῆς
1547 2568 1826 2636 ἀσεϐείας,

238 2651 268 2701 ό
330 2648 544 2718 μάρτυς
600 2650 700 2720 τῆς
759 2651 1078 2716 εὐσεϐείας·
1130 2653 1312 2718 καλῶς
1368 2659 1482 2720 τοίς
1532 2657 1830 2721 ὁπλιτικοϊς

240 2740 417 2806 ἀγῶσι
447 2741 513 2793 ἐκ
546 2741 737 2804 παιδὸς
781 2742 1174 2812 ἐνδιαπρέψας,
1211 2747 1308 2798 καὶ
1341 2745 1588 2816 ἀκριϐῶς
1616 2749 1718 2819 τὴν
1763 2749 1822 2801 ἐν

241 2832 507 2903 πολέμοις
533 2833 912 2905 ἐξησκημένος
940 2835 1218 2906 ἀνδρείαν,
1247 2836 1323 2901 ῶς
1353 2837 1447 2891 καὶ
1474 2838 1827 2908 τριϐουνάτον

237 2925 676 2996 ἐμπιστευθῆναι
705 2928 1102 2999 στρατιωτικοῦ
1131 2929 1441 2998 καταλόγου
1461 2971 1474 2992 ,
1508 2930 1738 2997 δεόντως
1765 2951 1824 2987 τε

236 3017 400 3071 τοῦτο
443 3017 741 3089 διοικῆσαι,
773 3020 867 3073 καὶ
895 3021 955 3073 ἐν
990 3020 1208 3085 πολλοῖς
1251 3021 1518 3085 πολλάκις
1554 3023 1825 3094 ἀνδραγα-

237 3111 424 3180 οῆσαι,
456 3110 649 3180 ἀμέλει
684 3110 880 3182 πολλὴν
919 3111 1182 3179 ἀθροίσας
1211 3114 1268 3166 ἐν
1299 3112 1479 3183 ἐαυτῷ
1521 3113 1621 3184 τὴν
1664 3115 1825 3168 πολε-

238 3201 410 3273 μικὴν
458 3201 776 3273 ἐμπειρίαν,
818 3204 917 3255 καὶ
970 3200 1218 3273 μείζονος
1265 3203 1594 3273 ὀρεγόμενος
1640 3205 1818 3270 ἀξίας,

237 3293 488 3364 μείζονος
518 3294 613 3346 καὶ
656 3294 938 3364 τυγχάνει.
984 3292 1182 3347 Λαϐὼν
1211 3294 1322 3363 γὰρ
1352 3295 1420 3347 τά
1456 3297 1518 3348 ἐκ
1567 3297 1822 3368 πατέρων

233 3383 388 3453 αὐτῷ
431 3383 707 3455 προσόντα
754 3384 1038 3455 χρήματα,
1076 3383 1353 3454 ἀνέδραμε
1410 3384 1548 3453 πρὸς
1574 3385 1667 3437 τὸν
1697 3387 1818 3439 κατ’

230 3478 413 3531 ἐκεῖνο
441 3476 633 3548 καιροῦ
686 3476 1059 3547 βασιλεύοντα,
1092 3476 1189 3530 καὶ⁹
1235 3476 1437 3546 πάσχει
1479 3494 1555 3540 τι,
1591 3478 1669 3548 τῷ
1713 3481 1818 3544 Kl;

230 3566 337 3636 υίῷ
367 3567 776 3637 παραπλήσιον.
815 3564 874 3619 '0
909 3566 1009 3637 μὲν
1036 3564 1149 3639 γὰρ
1178 3565 1335 3630 ὅνους
1377 3565 1683 3638 ἀναζητῶν,
1712 3571 1809 3641 βα.

227 3659 438 3713 σιλείαν
465 3660 708 3730 ἐπίγειον
733 3654 971 3730 εὕρατο·
1000 3661 1029 3713 ό
1068 3659 1128 3713 δὲ
1180 3660 1457 3730 κοσμικὴν
1502 3660 1660 3726 ἀξίαν
1688 3664 1813 3717 ἐπι-

224 3749 434 3819 ζητῶν,
463 3750 710 3822 οὐρανῶν
734 3749 1012 3833 βασιλείας
1035 3749 1292 3822 ἐπέτυχε,
1313 3753 1500 3823 μεῖζον
1522 3752 1617 3806 τοῦ
1647 3753 1808 3825 ἔργου

222 3843 288 3898 τὸ
317 3843 599 3916 πάρεργον
621 3844 1132 3916 ἐμπορευσάμενος.

1937 2294 2082 2349 scire
2116 2293 2320 2362 cupis:
2375 2289 2611 2361 patriam
2668 2286 2864 2340 habuit
2893 2282 3280 2353 Cappadocum
3332 2282 3516 2349 regio-

1937 2399 2095 2449 nem;
2134 2383 2386 2437 altricem
2428 2395 2581 2443 vero,
2612 2377 2997 2439 PalaeStinam;
3034 2389 3064 2427 a
3106 2375 3326 2442 proavis
3356 2372 3517 2425 Chri-

1932 2478 2184 2542 stianus;
2243 2474 2481 2544 juvenili
2533 2479 2718 2537 aetate,
2760 2466 3039 2536 sapientia
3090 2481 3289 2527 canus,
3345 2451 3516 2517 corde

1932 2579 2143 2633 rectus,
2193 2578 2428 2637 utroque
2477 2565 2745 2619 adversus
2790 2560 3129 2629 impietatem
3165 2567 3392 2625 turgens
3423 2570 3514 2607 ve-

1930 2673 2220 2735 getusque,
2254 2660 2482 2731 pietatis
2534 2664 2783 2726 martyr;
2836 2652 2913 2706 ita
2961 2664 3241 2705 armorum
3279 2650 3515 2717 a'puero

1929 2753 2336 2811 certaminibus
2384 2750 2593 2813 clarus,
2648 2755 2915 2815 tantaque
2942 2742 3226 2813 diligentia
3255 2747 3313 2795 et
3351 2739 3512 2792 abso-

1929 2848 2139 2901 lutione
2172 2845 2417 2901 exercita
2451 2842 2653 2898 bellica
2685 2836 3038 2899 fortitudine,
3081 2840 3141 2886 ut
3168 2841 3221 2887 et
3255 2831 3511 2884 militaris

1926 2940 2139 2994 ordinis
2190 2937 2508 2991 tribunatus
2558 2931 2681 2999 ejus
2752 2928 2872 2983 fidei
2921 2923 3258 2981 commissus
3320 2920 3510 2975 fuerit.

1925 3033 2175 3100 Cumque
2210 3029 2377 3099 digne
2406 3021 2874 3082 .adminislraudo
2919 3018 2973 3073 id
3028 3010 3304 3078 mune’ris,
3341 3022 3510 3083 atque

1925 3120 1980 3174 in
2014 3120 2202 3172 multis
2258 3132 2404 3186 saepe
2466 3122 2695 3168 strenue
2731 3109 2966 3179 agendo,
3002 3106 3233 3161 multam
3275 3105 3504 3158 'demum

1925 3210 2006 3264 rei
2058 3208 2270 3262 bellicae
2324 3205 2581 3275 peritiam
2638 3205 3047 3270 comparasset,
3121 3195 3506 3265 majoremque

1924 3301 2155 3371 gradum
2220 3303 2527 3367 appeteret,
2579 3293 2843 3362 majorem
2904 3290 3162 3344 nimirum
3211 3295 3505 3342 assecutus

1923 3401 2031 3447 est.
2065 3390 2305 3460 Quippe,
2363 3387 2611 3457 acceptis
2669 3384 2892 3455 opibus,
2951 3382 2996 3436 si
3039 3395 3162 3449 quae
3211 3386 3498 3449 parentum

1922 3483 2283 3538 successione
2326 3479 2690 3540 obvenerant,
2751 3473 2995 3529 accurrit
3047 3472 3112 3525 ad
3160 3486 3288 3525 eum
3319 3469 3413 3537 qui
3444 3467 3501 3522 id

1922 3576 2267 3645 temporibus
2319 3574 2712 3641 imperatorem
2788 3565 3021 3635 agebat;
3073 3562 3256 3630 eique,
3317 3559 3499 3614 simile

1918 3667 2205 3738 quidpiam
2236 3663 2464 3724 accidit,
2500 3668 2669 3730 atque
2703 3658 2832 3711 olim
2869 3655 2982 3708 filio
3007 3651 3100 3708 Cis
3130 3662 3177 3705 Ρ.
3212 3648 3310 3704 Ille
3349 3649 3507 3703 enirn,

1918 3778 2042 3818 cum
2077 3760 2262 3815 asinas
2294 3756 2628 3826 inquireret,
2676 3761 2941 3806 terrestre
2973 3760 3201 3817 regnum
3240 3740 3451 3797 invenit
3481 3761 3493 3795 :

1917 3855 2030 3916 hic,
2063 3851 2326 3905 mundani
2380 3848 2608 3903 honoris
2636 3845 2869 3915 gradum
2909 3839 3232 3909 exquirens,
3265 3850 3493 3906 regnum

220 3935 496 3989 caelorum
524 3934 757 3990 sortitus
784 3942 869 3989 est
900 3952 913 3990 :
941 3934 1233 4005 majusque
1267 3933 1393 4002 fuit,
1420 3937 1579 4006 quod
1618 3942 1959 3999 accessionis
1998 3944 2118 3998 loco
2164 3942 2600 4011 inexspectatum
2652 3934 2897 4005 accepit,
2964 3946 3127 4003 quam
3199 3929 3346 4000 quod
3417 3925 3495 3980 ni

217 4036 393 4098 caput
418 4026 645 4083 haberet
690 4029 1085 4098 propositum.

292 4118 752 4190 Παραγενόμενος
794 4122 923 4191 γὰρ,
956 4122 1051 4175 καὶ
1112 4122 1236 4177 ίδὼν
1264 4123 1400 4178 Θεὸν
1444 4127 1545 4195 μὲν
1583 4127 1804 4200 ὑϐριζό-

217 4228 409 4282 μενον,
436 4210 701 4281 δαίμονας
733 4211 791 4265 δὲ
837 4211 1334 4285 θεραπευομένους,
1365 4218 1464 4271 οὐκ
1502 4219 1734 4289 ήνεγκεν
1777 4223 1807 4274 ὁ

210 4302 473 4375 ζηλωτὴς
510 4305 611 4373 τῆς
646 4303 959 4368 εὐσεϐείας·
1019 4306 1137 4360 ἀλλ’
1187 4309 1448 4380 ἐννοήσας
1495 4311 1587 4365 τὸν
1643 4313 1806 4367 Δαϐὶδ

209 4397 477 4464 λέγοντα·
518 4414 536 4446 ι
574 4389 730 4450 Εἶδον
772 4397 1172 4463 ἀσυιιετοῦντας
1225 4401 1323 4454 καὶ
1375 4402 1746 4475 ἐξετηκόμην·
1778 4426 1796 4458 ι

212 4488 336 4551 καὶ,
369 4506 387 4539 ι
436 4484 690 4559 Ἐξέτηξέ
732 4506 798 4558 με
826 4492 854 4542 ό
876 4489 1036 4560 ζῆλός
1080 4508 1196 4558 σου,
1224 4492 1307 4546 ὅτι
1340 4494 1667 4550 ἐπελάϐοντο
1695 4498 1804 4552 τῶν

207 4581 394 4648 λόγων
446 4597 539 4633 σου
574 4582 622 4633 οἱ
652 4582 836 4652 ἐχθροί
869 4599 971 4653 μου
997 4599 1010 4612 ·
1056 4601 1075 4635 ι
1129 4587 1224 4637 καὶ
1283 4588 1669 4656 μνημονεύσας
1709 4591 1801 4644 τοῦ

208 4671 427 4742 Κυρίου
464 4671 771 4741 φάσκοντος
792 4689 806 4702 ·
847 4693 865 4725 ‹
897 4674 1014 4737 Πᾶς
1042 4675 1191 4738 ὅστις
1226 4677 1559 4750 ὁμολογήσει
1588 4682 1647 4733 ὲν
1679 4684 1802 4752 ἐμοὶ

206 4762 531 4833 ἔμπροσθεν
556 4764 664 4817 τῶν
687 4764 1013 4835 ἀνθρώπων,
1042 4767 1367 4838 ὁμολογήσω
1395 4771 1549 4839 κάγὼ
1577 4776 1635 4826 ἐν
1652 4775 1801 4844 αὐτῷ

205 4854 529 4927 ἔμπροσθεν
564 4855 658 4908 τοῦ
708 4857 919 4928 Πατρός
961 4876 1063 4929 μου
1097 4859 1191 4913 τοῦ
1227 4863 1285 4913 ἐν
1317 4865 1433 4925 τοῖς
1471 4865 1746 4933 οὐρανοῖς·
1776 4887 1793 4917 ι

1981 4130 2117 4187 Cum
2175 4129 2320 4184 enim
2382 4126 2515 4180 illuc
2571 4121 2839 4185 venisset,
2881 4132 2945 4170 ac
2987 4113 3492 4172 Deumcontemni,

1910 4225 2189 4280 daemones
2220 4236 2351 4275 vero
2391 4219 2502 4272 coli
2567 4214 2818 4279 vidisset,
2871 4227 2982 4266 non
3024 4209 3149 4262 tulit
3181 4221 3302 4261 eam
3352 4220 3489 4263 rem,

1912 4320 1998 4373 vir
2038 4316 2265 4388 pietatis
2297 4315 2416 4368 zelo
2446 4309 2910 4382 flagrantissimus
2940 4323 2953 4359 :
2985 4302 3081 4358 sed
3119 4317 3242 4355 cum
3281 4298 3490 4368 cogita-

1912 4419 1998 4466 ret
2056 4409 2188 4462 illud
2248 4405 2475 4461 Davidis
2519 4404 2770 4458 dictum:
2816 4417 2835 4449 ι
2893 4395 3015 4450 Vidi
3061 4395 3399 4453 iusensatos,
3434 4396 3491 4439 ct

1913 4503 2257 4559 tabescebam
2294 4510 2345 4554 (ι.
2372 4550 2381 4562 ,
2409 4518 2427 4550 ›
2478 4496 2571 4551 Et:
2624 4514 2642 4545 ι
2677 4492 2989 4547 Tabescere
3033 4501 3120 4541 me
3154 4483 3285 4538 fecit
3337 4480 3489 4535 zelus

1908 4606 2056 4659 tuus,
2089 4593 2220 4663 quia
2259 4591 2415 4646 obliti
2457 4595 2591 4644 sunt
2642 4585 2810 4639 verba
2850 4590 2945 4635 tua
2983 4575 3193 4633 inimici
3241 4572 3346 4627 mei
3375 4581 3420 4623 ι’.
3463 4588 3482 4619 ι

1908 4662 2254 4743 Recordatus
2285 4686 2451 4741 ctiam
2492 4682 2636 4752 ejus,
2670 4677 2818 4750 quod
2847 4674 3116 4730 Dominus
3152 4669 3268 4723 ait:
3302 4685 3321 4717 ι
3355 4662 3486 4718 0m-

1907 4780 1993 4834 uis
2022 4780 2113 4849 qui
2154 4776 2514 4833 confitebitur
2544 4788 2632 4827 me
2661 4783 2852 4826 coram
2874 4762 3217 4821 hominibus,
3249 4756 3485 4811 confitc-

1905 4872 2006 4925 bor
2032 4879 2087 4924 et
2144 4886 2245 4943 ego
2274 4883 2398 4922 eum
2442 4880 2630 4920 coram
2688 4865 2853 4916 Patre
2904 4870 3052 4920 meo,
3085 4852 3178 4923 qui
3216 4852 3271 4903 in
3326 4844 3484 4900 caelis

203 4945 497 5017 τυρωοεὶς
556 4946 634 5019 τῷ
656 4934 809 5019 ’θείῳ
840 4947 1009 5021 ζήλῳ,
1060 4951 1155 5004 καὶ
1205 4951 1379 5022 θήξας
1499 4955 1655 5025 βέλος
1706 4958 1798 5012 τὸν

1929 4974 1988 5019 ιει
2011 4971 2056 5016 ³.
2095 4981 2113 5014 ›
2151 4939 2352 5016 Divino
2381 4960 2501 5037 zelo
2539 4957 3234 5017 inflammatus,suamque
3265 4938 3481 5008 cogita~

201 5038 416 5093 ἑαυτοῦ
444 5039 730 5110 λογισμὸν,
756 5040 1017 5095 ἔσπευδεν
1047 5044 1294 5115 ἁρπάσαι
1319 5045 1418 5114 τὴν
1438 5049 1794 5116 ἐπαγγελίαν·

201 5132 306 5183 καὶ
341 5132 792 5203 ἀνθομολογητὴν
821 5134 1015 5188 ἑαυτοῦ
1044 5138 1136 5189 τὸν
1167 5136 1321 5204 Θεὸν,
1351 5137 1437 5191 διὰ
1472 5139 1572 5208 τῆς
1598 5143 1678 5206 εἰς
1705 5143 1797 5195 αύ-

199 5228 302 5279 τὸν
325 5225 624 5295 ὁμολογίας
651 5226 984 5298 κτήσασθαι.

281 5405 478 5465 Ὅπως
508 5404 564 5457 δὲ
600 5404 849 5475 μέλλοντι
875 5405 974 5476 τὴν
1006 5407 1199 5477 στενὴν
1228 5410 1453 5464 εἰσιέναι
1485 5413 1684 5487 πύλην,
1716 5416 1791 5488 μὴ

202 5495 469 5565 στένηται
498 5496 648 5566 αύτῷ
670 5495 900 5567 κώλυμα
920 5497 1026 5551 τῶν
1056 5517 1160 5570 χρη
1172 5502 1355 5569 μάτων
1380 5504 1406 5555 ὁ
1425 5504 1586 5572 ὄγκος
1608 5548 1625 5571 ,
1652 5506 1791 5563 ἀλλὰ,

200 5586 324 5657 γὰρ
369 5588 466 5640 καὶ
518 5587 869 5658 ἰσχυρότερον
906 5589 1086 5661 ἑαυτῷ
1136 5595 1522 5667 κατασκευάζῃ
1556 5596 1616 5649 τὸ
1653 5615 1793 5670 μαρ-

282 5701 496 5774 {Addit
529 5702 745 5774 Linom.
788 5720 851 5757 ca?
896 5704 1060 5774 fetida
1092 5706 1271 5763 herba.

207 5777 226 5805 '
264 5770 461 5825 Matth.
496 5789 550 5840 κ,
587 5773 675 5826 5:2.

1381 5722 1400 5741 °
1437 5711 1593 5769 Joau.
1632 5731 1667 5781 I,
1702 5716 1782 5770 l2.
1861 5728 1889 5769 ι·
1922 5719 1941 5775 l
1971 5723 2098 5796 Reg.
2130 5741 2206 5792 ix,
2249 5725 2339 5779 ΞΟ.

1903 5054 2132 5118 tionem,
2162 5053 2316 5108 velut
2366 5032 2539 5106 telum
2585 5045 2883 5117 quoddam,
2928 5050 3231 5097 exacuens,
3262 5029 3487 5086 festina-

1900 5146 1979 5200 vit
2008 5145 2196 5199 divina
2258 5142 2535 5214 promissa
2567 5138 2911 5211 praeripere;
2962 5147 3027 5187 ac
3067 5128 3237 5183 Deum
3271 5124 3484 5192 ipsum.

1902 5251 2002 5306 per
2033 5253 2190 5294 suam
2230 5238 2284 5292 in
2323 5252 2447 5292 eum
2475 5232 2912 5293 confessionem,
2941 5221 3191 5280 vicissim
3221 5216 3308 5272 sui
3342 5226 3486 5268 con-

1898 5326 2166 5386 fessorem
2203 5333 2512 5403 acquirere.

1972 5420 2041 5474 At
2068 5436 2134 5476 ne
2159 5422 2239 5475 illi
2271 5392 2367 5491 per
2398 5428 2688 5490 angustam
2717 5423 2930 5486 portam
2969 5405 3198 5464 introire
3228 5392 3480 5454 molienti

1899 5519 2248 5567 terrenarum
2328 5511 2656 5567 facultatum
2738 5505 2999 5562 cumulus
3077 5491 3480 5566 impedimento

1902 5603 2067 5671 foret,
2103 5621 2272 5676 seque
2303 5605 2438 5661 adeo
2469 5606 2536 5659 ad
2564 5601 2889 5673 martyrium
2922 5593 3118 5668 majori
3144 5582 3476 5645 fortitudine
3504 5658 3511 5665 D

2443 5733 2471 5774 τι
2495 5723 2637 5781 l’sal.
2671 5738 2860 5787 cxvtn,
2890 5721 3013 5775 1:38.
3118 5721 3138 5751 τ
3182 5706 3315 5765 ibid.
3348 5697 3473 5757 £33).
