3978 6140
322 370 452 438 1181

1628 378 1708 438 lN
1761 381 1822 438 S.
1867 377 2296 448 GEORGIUM.

3456 377 3594 443 11°?!

321 485 390 536 τὰ
423 482 588 544 ὅπλα,
619 481 683 537 οὐ
735 483 1000 556 σαρκικὰ,
1039 483 1178 538 ἀλλὰ
1211 485 1418 540 δυνατὰ
1467 488 1544 558 τῷ
1577 487 1717 558 Θεῷ,
1775 487 1898 558 πρὸς

2023 505 2040 537 ι
2087 488 2250 540 Arma
2297 495 2506 552 nostra,
2545 503 2652 541 non
2713 488 2959 544 carnalia
3011 495 3164 554 sunt,
3205 489 3300 546 sed
3343 499 3592 558 potentia

324 575 647 648 καθαίρεσιν
705 577 1098 648 ὀχυρωμάτων.
1158 597 1177 630 ι
1237 579 1449 634 Αὐτίκα
1496 576 1630 642 οὖν,
1694 579 1904 634 ἀνωθεν

326 665 614 735 σύμμαχον
638 665 838 719 ἑαυτοῦ
867 668 958 720 τὸν
1003 667 1358 740 ἀγωνοθέτην
1385 668 1862 740 ἐπικαλεσάμενος
1886 685 1899 697 ·

323 755 498 826 θυμόν
527 775 588 810 τε
617 759 852 829 κινήσας
879 760 972 812 τὸν
994 760 1136 813 κατά
1165 759 1352 828 φύσιν,
1386 763 1482 815 καὶ
1514 761 1676 831 ζῆλον
1703 759 1904 814 ἀναλα-

250 896 253 898 .
323 847 434 900 ϐῶν
465 847 564 901 τοῦ
601 848 789 903 Ἠλίου
821 849 915 904 τοῦ
945 853 1230 922 προφήτου
1255 869 1270 883 ο
1306 851 1402 905 καὶ
1441 853 1580 923 ὀργῇ
1621 853 1903 924 κεχρημέ-

321 955 412 1000 νος
455 938 668 1010 δικαίᾳ,
699 959 716 990 ι
741 941 840 993 Διά
879 939 992 993 τῶν
1023 941 1210 994 ὃπλων
1251 943 1352 1007 τῆς
1393 942 1750 1011 δικαιοσύνης
1795 942 1904 996 τῶν

319 1030 515 1098 δεξιῶν
540 1032 636 1085 καὶ
670 1033 1000 1102 ἀριστερῶν,
1036 1053 1052 1086 ι
1097 1031 1294 1105 ἐχώρει
1337 1035 1479 1088 κατὰ
1523 1037 1623 1106 τῆς
1654 1035 1900 1099 ἀδικίας’

321 1124 416 1174 καὶ
455 1121 633 1194 εὑρὼν
662 1123 834 1178 αὑτοῦ
870 1143 975 1180 που
998 1127 1126 1192 τοῦς
1160 1127 1388 1199 ὀνόματι
1419 1128 1706 1202 [βασιλεῖῆ
1733 1131 1901 1194 ὅντως

319 1214 376 1268 δὲ
402 1213 476 1287 1⁵³]
505 1214 964 1288 βασιλευομένους
1010 1219 1118 1273 ὐπὸ
1153 1221 1256 1290 τῆς
1297 1220 1576 1286 ἀσεϐείας,
1607 1221 1796 1286 κακῶς
1825 1222 1902 1294 τῷ

320 1303 514 1371 κράτει
544 1305 686 1359 κατὰ
717 1307 814 1360 τοῦ
849 1308 910 1362 τὸ
951 1311 1156 1379 κράτος
1203 1313 1575 1382 χαρισαμένου
1625 1313 1905 1384 κεχρημέ-

318 1411 466 1460 νους,
499 1395 596 1450 καὶ
631 1397 863 1470 ἄπειρον
907 1395 1050 1464 εἶδός
1083 1418 1145 1454 τε
1197 1403 1292 1455 καὶ
1333 1401 1540 1472 πλῆθος
1575 1402 1924 1474 βασανιστη-“

322 1485 476 1553 ρίων,
505 1485 567 1538 οὐ
603 1487 747 1540 κατὰ
782 1490 894 1542 τῶν
921 1489 1276 1554 ἀδικούντων,
1311 1491 1450 1548 ἀλλὰ
1495 1493 1636 1547 κατὰ
1671 1485 1904 1548 τῶνίεύ-

320 1574 626 1630 σεϐούντων
665 1577 909 1649 δημοσία
937 1579 1350 1652 προθεμένους·
1388 1583 1660 1637 παντοίων
1697 1601 1757 1636 τε
1800 1601 1903 1652 φυ-

317 1665 448 1728 λῶν,
493 1668 701 1734 ἐθνῶν,
755 1671 851 1724 καὶ
898 1671 1172 1743 γλωσσῶν
1212 1673 1662 1746 ἐξωπλισμένων,
1713 1675 1904 1748 κύκλῳ

319 1760 521 1824 αὐτοὺς
580 1765 1071 1834 περιεστηκότων,
1117 1766 1576 1838 δημηγοροῦντας
1641 1766 1900 1838 ἀθέμιτα,

317 1852 414 1904 καὶ
474 1853 883 1920 ἀπειλοῦντας·
940 1859 991 1910 εἰ
1039 1835 1304 1928 ὀνομάσοι
1345 1835 1450 1924 ’τις
1499 1859 1591 1912 τὸν
1643 1835 1900 1931 Χριστὸν,
1935 1835 1978 1892 Β

314 1943 528 2006 τούτοις
561 1944 728 1998 αὐτὸν
756 1945 1000 2016 ἀνηλεῶς
1020 1947 1478 2018 ἐκδαπανὼμενον
1499 1947 1898 2019 ἀποθνήσκειν

316 2033 484 2098 ζέσας
511 2031 604 2090 οὖν
638 2036 718 2108 τῷ
752 2037 886 2107 θείῳ
925 2037 1230 2110 Πνεύματι,
1273 2059 1293 2091 α
1327 2041 1604 2112 ἐτρὸμησε
1642 2041 1771 2106 τοὺς
1813 2059 1902 2094 νε-

316 2128 490 2198 φροὺς
523 2145 544 2180 ο
607 2128 753 2182 κατὰ
794 2129 887 2182 τὸν
925 2131 1288 2186 Μακκαϐαῖον
1338 2133 1572 2199 ἐκεῖνον,
1608 2152 1628 2186 ι
1673 2135 1769 2189 καὶ
1809 2137 1902 2189 άν-

315 2219 518 2288 ἡνεγκε
551 2219 722 2290 θυμὸν
745 2221 888 2275 κατά
919 2221 980 2274 τὸ
1025 2225 1236 2294 κρῖμαο
1279 2243 1298 2276 ι
1339 2227 1436 2278 καὶ
1474 2223 1564 2279 οἷα
1596 2226 1734 2280 λέων
1766 2225 1900 2298 βρύ-

316 2309 416 2375 Εας
447 2310 668 2383 ἰσχυρὸν
705 2313 803 2366 καὶ
836 2312 1100 2385 βλοσυρὸν
1130 2313 1299 2386 ὁρῶν,
1333 2317 1580 2388 ἐκκόψας
1607 2321 1707 2388 τὴν
1739 2321 1900 2373 ἀπει-

313 2405 434 2474 λὴν,
460 2407 543 2466 είς
573 2405 738 2474 μέσον
768 2405 953 2458 αὐτῶν
979 2409 1334 2478 εἰσεπήδησε,
1359 2411 1689 2480 Χριστιανὸν
1708 2413 1899 2467 ἑαυτὸν

313 2487 658 2566 διαπρυσίοις
691 2497 1068 2567 ἀναγορεύων,
1115 2502 1212 2554 καὶ
1257 2502 1512 2575 φανερῶς
1539 2503 1640 2576 τὴν
1675 2505 1776 2576 τῆς
1812 2508 1902 2559 εὐ-

319 2589 539 2652 σεϐείας
583 2589 912 2658 ἐμφανίζων
959 2593 1261 2660 εὐγένειαν.
1324 2597 1387 2648 Ὣ
1431 2596 1612 2669 ψυχῆς
1679 2597 1897 2670 ἀληθῶς

317 2680 606 2750 θεοφόρου,
651 2683 1011 2752 νενικημένης
1059 2684 1138 2756 τῷ
1191 2685 1324 2756 θείῳ
1371 2687 1560 2758 ἔρωτι,
1616 2691 1714 2744 καὶ
1767 2690 1898 2762 ὅλης

322 2791 343 2824 ι
384 2773 746 2845 ἐξεστηκυίας
777 2775 926 2846 Θεῷί
972 2797 991 2830 ι
1043 2779 1106 2831 Ὢ
1167 2780 1448 2849 μακαρίας
1504 2781 1710 2852 φωνῆς’
1763 2782 1828 2850 ἦν
1871 2785 1898 2836 δ

317 2866 646 2937 φερώνυμος
683 2867 778 2922 τοῦ
809 2869 1054 2940 Χριστοῦ
1086 2861 1383 2942 Γεὼργιος,
1417 2871 1603 2940 θεόθεν
1627 2875 1698 2927 τά
1728 2874 1898 2946 σπέρο

320 2975 468 3026 ματα
527 2958 738 3024 λαϐὼν,
788 2960 883 3045 καὶ
916 2961 974 3014 ὲν
1013 2961 1198 3034 πολλῷ
1251 2963 1331 3034 τῷ
1385 2965 1564 3036 χρόνῳ
1592 2963 1795 3031 ’καλῶς
1839 2968 1897 3020 ὲν

314 3049 520 3120 καρδῖᾳ
565 3050 922 3122 γεωργήσας,
966 3053 1184 3108 τελείαν
1217 3055 1492 3128 εὐκαίρως
1539 3057 1616 3129 τῷ
1647 3061 1898 3133 Δεσπότῃ

312 3143 638 3197 ἀπέδωκενί
673 3143 775 3196 Ἢν
803 3143 910 3214 ἀὴρ
950 3145 1052 3215 μὲν
1084 3145 1400 3216 δεξάμενος,
1427 3149 1668 3218 ἡγιάσθη
1689 3165 1703 3180 ’
1729 3150 1898 3219 ἄγγε-

312 3235 398 3289 λοι
421 3236 482 3290 δὲ
504 3235 806 3306 οὐρανόθεν
833 3238 1234 3308 ὲπεκρότησαν,
1266 3241 1602 3312 ἀρχάγγελοι
1635 3242 1693 3294 δὲ
1727 3242 1895 3296 ἐπευ-

313 3329 608 3400 φήμησανο
633 3329 728 3382 καὶ
757 3331 928 3382 πᾶσαι
951 3328 1062 3382 τῶν
1076 3329 1323 3401 οὐρανῶν
1347 3333 1404 3384 αἱ
1429 3332 1699 3402 Δυνάμεις
1729 3335 1896 3406 ὑπερ-

312 3418 608 3489 ηγάθησαν
629 3419 696 3473 ⁸³.
739 3417 799 3472 '0
843 3418 901 3472 δὲ
935 3419 1159 3472 πάντων
1200 3418 1337 3482 Θεός
1385 3436 1446 3472 τε
1480 3420 1574 3474 καὶ
1618 3421 1898 3490 Δεσπότης

311 3503 740 3577 ἀποδεξάμενος,
773 3507 1006 3580 πρέπειν
1043 3511 1107 3579 τῇ
1140 3506 1426 3582 προθυμίᾳ
1451 3507 1554 3580 τὴν
1580 3511 1900 3582 συμμαχίαν

313 3598 628 3662 ἐδικαίωσε,
665 3599 761 3652 καὶ
788 3598 882 3652 τὸν
913 3599 1232 3670 ἀμάραντον
1260 3599 1410 3672 αὐτῷ
1437 3601 1538 3672 τῆς
1569 3601 1726 3672 νίκης
1752 3602 1900 3670 ἡτοί-

316 3707 466 3760 μασε
498 3690 786 3758 στέφανον.
807 3689 883 3744 Τὸ
903 3689 961 3744 δὲ
992 3693 1180 3760 στῖφος
1209 3690 1318 3744 τῶν
1348 3691 1566 3746 ἀσεϐῶν
1595 3691 1896 3766 ἐξεπλάγη.

313 3785 414 3838 καὶ
437 3783 467 3836 ὁ
492 3781 698 3836 τούτων
740 3781 1048 3854 στρατηγὸς
1074 3781 1328 3846 διάϐολος
1369 3782 1632 3846 ἀκούσας.
1675 3784 1896 3856 καιρίαν

313 3872 534 3945 πληγὴν
562 3871 880 3938 ἐδέξατο.⁹0
913 3873 1094 3941 μέντοι
1119 3874 1366 3942 γενναῖος
1399 3872 1660 3944 ἀθλητὴς,
1694 3873 1896 3944 ἐπέμε-

310 3984 376 4018 νε
414 3965 650 4037 λαμπρᾷ
677 3965 772 4020 καὶ
821 3966 1016 4038 ἰσχυρᾷ
1040 3968 1106 4038 τῇ
1138 3968 1289 4036 φωνῇ
1331 3965 1466 4018 Θεὸν
1502 3965 1784 4036 ὁμολογῶν
1805 3967 1898 4021 τὸν

313 4057 580 4126 Χριστὸν,
611 4057 888 4128 ’δαίμονας
918 4059 974 4112 δὲ
1003 4061 1131 4124 τοὺς
1167 4062 1300 4132 παρ’
1349 4059 1533 4114 αὐτῶν
1561 4077 1900 4128 προσκυνουο

410 4242 436 4270 ⁸
473 4239 514 4293 ιι
549 4233 680 4288 Cor.
745 4251 798 4295 κ,
838 4234 888 4289 4.
970 4235 994 4274 ε)
1023 4237 1058 4286 lt
1089 4237 1215 4289 (Ἶσιν.
1260 4253 1331 4298 ri,
1367 4237 1418 4292 Τ,

1501 4249 1522 4275 ε
1559 4241 1578 4290 1
1616 4233 1802 4292 uoca.
1831 4251 1888 4300 ιι,
1921 4235 2012 4292 2L

2010 579 2140 646 Deo,
2161 581 2224 632 ad
2255 581 2680 635 destructionem
2707 583 3077 635 munitionum
3097 593 3144 636 δ.
3163 599 3182 632 ι
3218 579 3414 635 Statim
3436 595 3593 643 eruo,

2009 689 2132 726 cum
2187 688 2218 726 ο
2271 673 2408 726 coelo
2462 672 2768 740 adjutorem
2818 673 2920 727 sibi
2969 687 3095 727 eum
3148 680 3454 735 cvocasset,
3497 671 3592 740 qui

2009 763 2124 832 ipsc
2149 763 2482 830 agonotheta
2525 778 2588 816 ac
2605 763 2966 817 certaminum
2989 776 3193 831 przcses
3218 771 3398 823 esset,
3424 761 3562 815 iram

2009 867 2115 922 que
2143 869 2172 906 a
2203 863 2401 906 natura
2442 851 2672 906 inditam
2715 859 3112 922 provocasset:
3160 858 3450 915 assumpto
3478 855 3595 906 zelo

2010 942 2138 996 Elim
2163 941 2464 1012 prophetar,
2515 941 2778 1011 justeque
2825 942 3244 995 excamlesccns
3279 959 3292 994 :
3324 957 3343 989 ι
3375 937 3479 994 Per
3503 955 3593 992 ar-

1969 1049 1974 1054 '
2007 1047 2093 1084 ma
2115 1031 2343 1100 justitia:
2383 1047 2411 1084 a
2445 1031 2660 1084 dextris
2687 1042 2738 1086 et
2763 1030 3108 1096 sinistrishv
3131 1029 3456 1095 injustitiam
3495 1034 3594 1083 ad-

2007 1132 2282 1190 ortus;ac
2310 1122 2434 1176 loco
2463 1121 2748 1192 quodam,
2783 1121 3148 1192 imperatores
3187 1121 3311 1176 illos
3345 1121 3590 1183 nomine,

2008 1232 2068 1272 re
2121 1227 2302 1270 autem
2346 1230 2473 1270 vera
2514 1213 2816 1285 impietatis
2878 1214 3111 1282 imperio
3170 1213 3595 1281 mancipatosac

2007 1324 2222 1370 servos,
2259 1307 2550 1362 inveniens
2591 1322 2608 1362 :
2639 1307 2850 1378 quippe.
2887 1305 2981 1376 qui
3020 1306 3252 1376 imperio
3285 1305 3589 1359 abuteren-

2007 1409 2098 1456 tur
2124 1402 2396 1457 adversus
2435 1415 2564 1456 eum
2598 1402 2692 1470 qui
2730 1399 3142 1465 concessisset;
3183 1413 3285 1453 nec
3326 1413 3434 1451 non
3473 1395 3594 1448 inli-

2008 1491 2121 1545 nita
2173 1499 2588 1551 tormentorum
2647 1504 2870 1561 genera,
2914 1488 3036 1543 foro
3071 1489 3292 1559 publico
3328 1487 3591 1540 adversus

2006 1599 2103 1638 eos
2168 1585 2453 1655 proposita
2482 1603 2498 1650 ;
2530 1599 2640 1638 non
2693 1583 2787 1654 qui
2824 1583 2904 1638 rei
2939 1591 3151 1646 essent,
3216 1581 3461 1650 iniquive
3490 1580 3590 1633 ali-

2005 1677 2137 1746 quid
2191 1675 2587 1738 admisissent.
2654 1675 2748 1732 sed
2804 1675 2896 1742 qui
2957 1675 3218 1745 pietatnm
3273 1673 3572 1727 colerent:

2007 1769 2187 1823 omnis
2225 1769 2405 1822 mtatis
2439 1778 2493 1823 et
2523 1767 2742 1839 generis
2769 1766 3052 1828 tribubus,
3101 1765 3488 1836 gentibusque,
3531 1771 3586 1817 et

2011 1861 2234 1932 linguis,
2256 1861 2488 1926 circum,
2511 1859 2710 1921 armis,
2741 1857 2913 1928 impia
2935 1849 3340 1910 concinnantes
3377 1857 3592 1926 stipan-

2012 1954 2180 2018 tibus,
2215 1967 2280 2006 ac
2317 1951 2439 2007 fore
2477 1951 2910 2012 comminantes.
2956 1957 3016 2004 ut
3043 1948 3095 2004 si
3125 1948 3253 2018 quis
3298 1947 3587 2003 Christum

2011 2046 2384 2111 nominasset,
2432 2045 2503 2100 iis
2533 2043 2656 2100 dire
2709 2043 3035 2113 absumptus
3065 2041 3276 2112 periret
3307 2057 3323 2096 :
3355 2057 3444 2106 eo,
3500 2045 3584 2096 in-

2009 2157 2197 2212 quam,
2217 2139 2558 2211 spectaculo.
2575 2137 2770 2194 divino
2789 2136 3063 2192 effervens
3089 2135 3324 2207 Spiritu,
3346 2155 3365 2186 ι
3384 2143 3595 2191 contre-

2009 2233 2378 2289 miscentibus
2410 2231 2664 2296 renibus,
2699 2249 2719 2282 ι
2766 2229 3240 2300 quemadmodum
3279 2227 3594 2283 Maehabmo

2009 2327 2113 2390 illi,
2151 2344 2170 2376 ‹
2201 2324 2538 2394 affectusque
2571 2322 2760 2377 furore
2805 2320 3114 2378 secundum
3145 2319 3422 2390 judicium
3459 2331 3482 2360 ε
3520 2339 3535 2381 ;
3567 2340 3586 2373 ι

2009 2433 2072 2472 ac
2135 2417 2312 2472 leonis
2372 2417 2587 2478 instar,
2644 2413 2859 2468 fortiter
2918 2411 3184 2482 rugiens.
3247 2412 3594 2482 terribilique

2008 2517 2276 2574 aspectu;
2315 2506 2564 2569 minans,
2605 2503 2918 2573 infringens
2957 2501 3448 2572 interpellansque,
3473 2518 3590 2558 me-

2007 2597 2131 2653 dius
2151 2611 2346 2653 eernm
2368 2595 2569 2650 insiliit
2595 2595 2612 2662 (
2637 2594 2766 2665 50);
2801 2593 2950 2646 clara
2973 2606 3032 2646 se
3063 2605 3194 2644 voce
3213 2591 3590 2646 ChriSIianum

2007 2691 2358 2755 renuntians,
2383 2689 2720 2758 pietatisque
2749 2685 3146 2757 ingenuitatem
3195 2693 3406 2754 quanta
3447 2694 3593 2740 esset

2005 2779 2308 2835 manifeste
2331 2778 2656 2832 ostendens.
2684 2774 2728 2830 Ο
2759 2791 2885 2830 vere
2918 2773 3032 2830 Deo
3071 2773 3312 2828 amatum
3343 2777 3589 2829 animum

2006 2885 2172 2941 quem
2204 2870 2310 2926 sibi
2345 2869 2567 2923 divinus
2609 2881 2766 2921 amor
2791 2875 2874 2921 'tra
2909 2867 3237 2934 devicisset,
3271 2866 3478 2936 quique
3511 2874 3592 2920 to-

2005 2973 2103 3020 tus
2137 2983 2154 3015 ι
2184 2963 2520 3018 excessisset
2553 2960 2663 3016 Deo
2693 2959 2759 3013 ἀι
2802 2979 2822 3011 ι
2853 2959 2898 3012 ()
2922 2961 3137 3015 beatam
3165 2974 3380 3022 vocem,
3423 2973 3590 3029 quam

2007 3071 2104 3125 pro
2119 3056 2360 3112 nominis
2381 3056 2466 3110 sui
2493 3053 2704 3108 ratione
2723 3051 2836 3123 (51)
2859 3051 3033 3108 edidit
3053 3066 3151 3106 ceu
3173 3051 3378 3106 Christi
3397 3065 3590 3104 arvum

2003 3148 2301 3218 Georgius,
2314 3155 2534 3216 accepta
2555 3146 2777 3202 decmlo
2795 3151 3063 3214 semente,
3081 3143 3592 3213 multoquetempo-

2002 3254 2064 3292 re
2090 3239 2226 3292 bene
2255 3237 2308 3290 in
2347 3237 2511 3291 corde
2535 3236 2838 3299 excultam,
2865 3233 3161 3304 perfectam
3181 3248 3429 3300 congruo
3452 3241 3592 3286 terr.-

1994 3344 2126 3400 pore
2148 3327 2380 3382 Detnino
2398 3326 2634 3381 reddidit
2654 3327 2670 3382 ι
2692 3323 2914 3388 Vocem,
2952 3325 3199 3393 inquam,
3221 3339 3386 3393 quam
3416 3323 3592 3378 susci-

1998 3425 2150 3492 piens
2179 3435 2272 3475 aer
2307 3419 2690 3474 sanctiﬁcatus
2719 3427 2806 3471 cst
2833 3455 2852 3480 ,
2883 3417 3064 3486 angeli
3099 3432 3130 3470 e
3161 3417 3302 3468 coelo
3334 3415 3590 3470 intonue-

1997 3519 2148 3577 runt,
2191 3508 2730 3580 archangeli‘l‘austis
2759 3506 3042 3562 ominibus
3104 3514 3236 3561 sunt
3280 3507 3589 3580 prosecuti,

1998 3619 2302 3674 omnesque
2323 3605 2589 3658 cmlorum
2624 3599 2870 3655 Virtutes
2895 3612 3062 3668 supra
3093 3598 3314 3650 modum
3343 3596 3589 3650 admira-
3647 3619 3652 3624 -

2003 3695 2044 3749 ti
2071 3701 2203 3751 sunt
2241 3713 2254 3749 :
2289 3708 2454 3764 quam
2509 3700 2564 3748 ct
2606 3691 2995 3748 universorum
3033 3687 3178 3743 Deus
3211 3684 3613 3756 Dominusquc,

2005 3788 2270 3857 probans,
2297 3795 2734 3842 consentaneum
2764 3784 3002 3846 censuit,
3043 3789 3099 3835 ut
3123 3787 3286 3834 tanta:
3314 3779 3591 3834 alacritati

2005 3878 2302 3933 auxiliator
2352 3877 2678 3943 accederet,
2710 3892 2775 3931 ac
2809 3859 2972 3942 cujus
3021 3874 3242 3934 merito,
3304 3870 3591 3925 immarcc-

2006 3971 2254 4028 scibilcm
2283 3971 2531 4026 victoria:
2573 3985 2834 4024 coronam
2865 3967 3083 4022 athletae
3106 3961 3453 4036 praeparavit.
3480 3961 3589 4016 lm-

2007 4062 2228 4130 piorum
2277 4071 2460 4116 autem
2488 4069 2710 4116 caterva
2757 4057 3068 4129 obstupuit,
3120 4055 3467 4122 audiensque
3495 4068 3589 4106 co-

2091 4237 2118 4274 d
2149 4235 2188 4290 il
2219 4237 2351 4292 Cor.
2386 4255 2440 4300 ι’,
2488 4241 2567 4294 ιδ.

1179 4408 1208 4421 ..
1578 4334 1600 4345 ’
1626 4371 1868 4428 VARUE
1912 4372 2323 4428 LECTIONES.
2405 4397 2430 4413 -

385 4467 432 4501 ⁰³
460 4465 688 4536 Adjecta
727 4481 793 4522 ex
822 4465 1166 4536 conjectura,
1187 4473 1242 4522 et
1271 4465 1489 4536 Lipom.

1563 4465 1610 4497 οἳ
1643 4464 1735 4520 ἴσ.
1773 4465 1981 4536 σθησαν

1650 4579 2030 4636 COMBEFISH
2061 4579 2289 4636 ΝΟΤΑΞ..

383 4673 500 4741 450)
539 4669 745 4743 Medius
773 4684 955 4725 eorum
1007 4671 1218 4726 insiliit.
1247 4673 1342 4736 Εἰς
1370 4671 1535 4743 μέσον
1564 4672 1744 4727 αὐτῶν
1779 4675 1893 4726 εἰσ-

2004 4683 2193 4740 satque
2250 4672 2528 4743 antiquo,
2556 4689 2644 4726 vix
2703 4671 2774 4727 sit
2804 4687 2914 4740 quo
2961 4668 3589 4743 limreamus,quidquid

306 4739 577 4810 επῆδησε.
632 4739 852 4812 Neuth
895 4743 1308 4810 imperatorum,
1344 4739 1410 4795 ali
1464 4753 1670 4812 certam
1701 4744 1894 4812 utique

310 4828 528 4874 necem,
561 4813 785 4866 victima
815 4811 1023 4866 Christi
1079 4821 1400 4881 spontanea,
1449 4827 1610 4880 quem
1639 4811 1757 4867 fidei
1787 4815 1894 4866 fcr-

310 4898 504 4938 vnrem
535 4882 772 4935 Iuaxime
797 4882 1092 4950 exigebant
1129 4884 1578 4949 deploratissima
1615 4883 1704 4936 illa
1734 4883 1896 4938 Chri—

308 4953 514 5008 stianis
537 4960 816 5022 tempora.
849 4951 942 5006 Sic
980 4950 1168 5008 [ὶοιιιω
1209 4952 1590 5014 Sebastianus,
1625 4953 1801 5006 eidem
1836 4969 1898 5009 sc

310 5021 682 5092 Diocletiano,
717 5036 853 5074 cum
911 5023 1090 5092 primo
1126 5025 1350 5076 allatam
1393 5039 1582 5076 necem
1628 5023 1894 5077 miraculo

307 5093 607 5154 evasisset,
642 5091 1120 5161 improperaturus
1165 5094 1570 5152 crudelitatem,
1611 5095 1758 5146 ultro
1792 5094 1894 5148 ite-

309 5179 462 5226 rum,
489 5169 664 5217 strata
689 5162 906 5230 publica
928 5165 1360 5230 repraesentavit.
1385 5162 1478 5217 Sic
1511 5162 1892 5227 Maximinum,

309 5235 421 5289 'sub
456 5233 591 5302 ipsis
618 5233 907 5287 sacrificiis
948 5241 1003 5287 et
1031 5235 1248 5302 publica
1289 5235 1554 5288 concinne
1593 5234 1892 5287 Catharina

309 5302 610 5372 corripuit,
634 5309 742 5368 etc.
775 5302 870 5373 Vix
907 5317 1035 5356 vero
1068 5303 1254 5358 fuerit.
1293 5304 1386 5372 qui
1413 5304 1650 5373 Georgio
1677 5313 1888 5370 nostro,

314 5375 438 5428 viro
464 5381 622 5444 tanto
647 5380 704 5426 et
740 5372 984 5444 militari,
1024 5375 1076 5426 in
1131 5389 1192 5427 ea
1226 5375 1472 5444 martyrii
1511 5372 1764 5428 ultronea
1809 5375 1894 5428 in-

273 5465 284 5474 ·
310 5443 634 5504 choatione,
661 5443 988 5512 przuviisque
1018 5445 1084 5498 ad
1121 5444 1299 5512 ipsum
1330 5443 1397 5496 ab
1425 5446 1635 5498 Andrea
1667 5459 1892 5498 enarra-

312 5514 412 5577 tis,
449 5513 746 5582 gloriosius
773 5511 1068 5582 rhabuerit.
1137 5511 1314 5582 Atque
1355 5515 1591 5576 utinam,
1626 5523 1790 5568 tanta:
1821 5514 1898 5568 illi

313 5581 646 5654 certaminis
673 5581 806 5639 luci.
857 5583 1037 5634 nullas
1063 5581 1374 5654 apocrypha
1411 5585 1781 5652 aspcrsissent
1817 5595 1900 5638 tc-

313 5655 555 5718 nebras;
581 5653 780 5704 mirum
813 5660 960 5703 certe
981 5668 1144 5715 quam
1174 5653 1462 5722 utriusque
1493 5655 1747 5708 Ecclesia:
1777 5655 1900 5722 ejus

315 5722 718 5794 devotissima},
754 5733 1026 5794 recrearet
1064 5723 1299 5794 facient;
1345 5739 1660 5794 quanquam
1697 5725 1750 5776 in
1781 5726 1900 5778 istis

319 5793 565 5882 probatis
590 5791 660 5846 ab
694 5791 930 5856 Andrea,
975 5795 1086 5846 acri
1123 5793 1242 5846 viro
1280 5791 1526 5864 ingenio,
1569 5804 1896 5864 sattctoqur,

2000 4745 2158 4797 nobis
2198 4744 2459 4798 obtrudat
2515 4742 2784 4797 Baronius
2812 4761 2826 4810 ;
2857 4745 2944 4794 cui
2982 4751 3038 4793 ut
3063 4741 3348 4810 displicuit
3382 4741 3586 4810 magia,

1997 4811 2051 4866 in
2097 4815 2381 4866 Athanasii
2418 4815 2661 4873 nomine,
2711 4809 2901 4867 debuit
2935 4814 3121 4866 eadem
3155 4809 3369 4864 ratione
3391 4809 3587 4879 diSpli-

1996 4898 2124 4953 gere
2154 4885 2443 4944 sanctitas,
2486 4885 2536 4936 in
2560 4883 2804 4953 Georgii,
2846 4884 3008 4953 idque
3051 4881 3440 4952 Cappadocis;
3475 4897 3590 4948 quo

1995 4951 2672 5008 Pseudo-Alex:mdrinum
2713 4951 3256 5022 iillum’Georgium
3303 4967 3367 5005 ex
3412 4953 3587 5022 patria

1996 5024 2183 5088 etiam,
2229 5025 2590 5092 propinquius
2654 5021 2854 5078 referat
2891 5039 2904 5074 :
2961 5031 3019 5075 ut
3050 5019 3126 5075 sit
3155 5030 3210 5074 et
3246 5021 3364 5090 ipse
3410 5019 3586 5092 Ceorf

1992 5094 2142 5163 gius,
2181 5089 2236 5147 si
2259 5089 2500 5148 Baronio
2551 5095 2748 5162 placet,
2775 5107 3008 5161 persona
3041 5106 3206 5160 quam
3239 5089 3578 5145 cennnentiti

1995 5164 2107 5217 sint
2133 5165 2345 5227 Ariani,
2371 5181 2479 5219 non
2515 5164 2826 5233 praecipuus
2856 5171 3082 5234 martyr.

2067 5234 2180 5301 (51)
2218 5235 2328 5287 l’ro
2368 5227 2597 5288 nominis
2626 5227 2710 5287 ειίὶ
2741 5235 2974 5294 ratione,
3002 5227 3115 5286 'cic.
3163 5230 3222 5282 Ὀ
3259 5227 3586 5301 φερώνυμος

1999 5297 2094 5358 τοῦ
2125 5297 2366 5376 Χριστοῦ
2401 5303 2694 5374 Γεὼργιος.
2724 5305 2889 5376 _\'c_l_ut
2939 5301 3182 5376 idcm_sit
3214 5297 3378 5376 atque
3416 5297 3585 5376 γεώρ-

2002 5391 2142 5441 γιον,
2180 5371 2342 5441 cujus
2393 5371 2662 5428 rationem
2724 5371 2998 5430 habuerit.
3051 5371 3270 5441 edenda
3297 5372 3583 5438 magnifica

2001 5439 2090 5496 illa
2149 5439 2515 5500 confessionis
2555 5458 2710 5506 voce,
2762 5458 2926 5510 quam
2981 5441 3110 5494 olim
3143 5439 3326 5510 cordis
3354 5441 3584 5510 gremio,

2001 5515 2183 5568 divina
2221 5514 2438 5567 satione
2469 5509 2806 5574 mandatam,
2844 5512 2956 5566 arvi
2992 5513 3168 5564 instar
3209 5509 3456 5565 fovisSct.
3496 5511 3584 5562 ln-

2003 5596 2214 5654 terprcs
2257 5584 2467 5650 Lipom.
2503 5584 2678 5648 Quam
2727 5582 2898 5636 edidit
2931 5580 3352 5654 Christi__noiuen
3381 5580 3582 5654 ferens

2002 5651 2254 5723 Georgius
2287 5669 2304 5706 :
2340 5655 2547 5707 insulsa
2588 5663 2735 5707 certe
2763 5653 3059 5723 expositio.
3087 5722 3092 5723 γ
3121 5651 3258 5715 Quis
3281 5651 3450 5723 __eni_m
3497 5651 3578 5702 vel

2001 5720 2305 5785 Christum,
2370 5723 2662 5792 (icorgium
2693 5765 2706 5784 ,
2760 5720 2848 5778 vel
2901 5722 3218 5790 Georgium,
3271 5720 3578 5792 Christum.

2002 5798 2142 5864 ipsud
2172 5797 2259 5848 illa
2293 5805 2492 5849 sonant
2518 5791 2709 5849 contra
2732 5793 2975 5849 Graecam
3011 5793 3194 5852 fidem,
3220 5791 3428 5847 audivit
3455 5791 3480 5842 τ
