3978 6140
300 344 423 409 1185

1588 343 1664 402 IN
1725 343 1786 402 S.
1826 340 2260 402 GEORGIUM.

3427 349 3564 416 1186

297 460 571 529 μάχαιρας
634 455 947 526 Ιῖἐπειτμαι
979 455 1110 527 γὰρ,
1137 458 1221 510 ὅτι
1269 455 1397 510 οὔτε
1435 456 1693 523 θάνατος,
1743 454 1866 510 οὔτε

1974 468 2041 507 an
2082 453 2306 507 auditas
2347 454 2465 506 ?an
2508 454 2871 524 perieulum?
2921 470 2990 510 an
3033 457 3311 528 gladius?
3362 457 3560 518 Certus

292 550 420 620 ζωὴ,
453 548 578 603 οὔτε
632 550 913 619 Ἄγγελοι,
958 550 1086 603 οὔτε
1132 551 1348 620 Ἀρχαὶ,
1396 550 1523 604 οὔτε
1576 550 1867 616 Ἐξουσίαι,

291 642 403 696 οὔτε
445 642 741 712 Δυνάμεις,
776 640 904 696 οὔτε
928 643 1224 708 ἐνεστῶτα,
1253 643 1379 697 οὔτε
1407 643 1675 714 μέλλοντα
1697 683 1712 708 ,
1740 642 1868 696 οὔτε

289 753 364 799 τις
387 735 567 798 κτίσις
597 735 760 806 ἑτέρα
790 734 1087 806 δυνήσεται
1113 736 1351 809 χωρίσαι
1386 754 1454 808 με
1478 736 1588 791 ἀπὸ
1608 736 1709 808 τῆς
1736 736 1870 805 ἀγά-

290 845 392 894 πης
416 826 513 880 τοῦ
545 827 809 898 Χριστοῦ.
836 848 854 880 ι
881 860 951 870 ——
986 848 1004 881 ι
1043 830 1197 899 Ἐμοὶ
1223 830 1333 902 γὰρ
1360 830 1421 883 τδ
1449 828 1573 902 ζῇν»
1597 828 1866 899 Χριστός’

288 920 377 973 καὶ
408 919 470 972 τὸ
497 919 816 988 ἀποθανεῖν,
852 923 1067 995 κέρδος.
1103 942 1122 975 ι

348 1099 424 1151 Οὐ
458 1097 622 1171 μέχρι
643 1098 700 1153 δὲ
728 1098 907 1169 λόγων
935 1102 993 1153 ἐν
1026 1101 1176 1173 αὐτῷ
1206 1102 1237 1171 ἡ
1275 1102 1415 1173 πρὸς
1438 1103 1567 1165 τοὺς
1592 1102 1865 1167 ἐναντίους

285 1190 594 1261 συμπλοκὴ,
631 1190 770 1244 ἀλλὰ
800 1195 896 1245 καὶ
935 1192 1121 1262 ἔργοις
1169 1192 1355 1256 αὐτοῖς
1405 1193 1586 1263 σοφῶς
1625 1192 1744 1265 ἅμα
1775 1195 1871 1248 καὶ

282 1281 482 1350 δραστη
496 1281 627 1350 ρίως
659 1281 1157 1349 ἀντιπαρετάττετο
1182 1295 1196 1309 ·
1242 1274 1330 1333 οἵα
1368 1281 1630 1351 κραταιὸς
1667 1281 1871 1350 ἀγωνιο

284 1376 412 1445 στῆς
442 1376 541 1447 τὴν
594 1375 749 1447 ἰσχὺν
780 1377 876 1430 καὶ
903 1376 1005 1446 τὴν
1055 1375 1332 1447 ἀνδρείαν,
1380 1375 1441 1429 οὐ
1493 1377 1652 1446 μόνον
1681 1378 1747 1429 ἐκ
1775 1374 1871 1428 τοῦ

282 1465 505 1518 τύπτειν
561 1468 689 1530 τοὺς
724 1466 1075 1531 ἀντιπάλους,
1130 1465 1268 1519 ἀλλὰ
1318 1465 1414 1527 καὶ
1457 1466 1522 1518 ὲκ
1549 1464 1644 1519 τοῦ
1681 1464 1872 1535 φέρειν

279 1553 527 1625 στερρῶς
554 1554 652 1618 τὰς
680 1557 811 1627 παρ’
840 1555 1021 1608 αὐτῶν
1051 1553 1267 1626 πληγὰς
1292 1553 1737 1624 ἐπιδεικνύμενος
1763 1550 1872 1605 σῶ-

283 1661 413 1697 αατι
444 1647 539 1698 καλ¹
566 1644 860 1715 πνεύματι,
884 1645 963 1715 τῷ
995 1645 1093 1715 μὲν
1125 1644 1376 1712 πάσχων,
1400 1644 1478 1712 τῷ
1500 1642 1558 1695 δὲ
1580 1643 1874 1713 ἀντιπλήτ-

276 1752 407 1789 των.
444 1738 508 1790 Oi
540 1735 640 1807 μὲν
676 1737 787 1808 γὰρ
819 1735 1040 1807 μάστιξι
1076 1734 1381 1805 κατῄκιζον
1420 1734 1480 1787 τδ
1515 1733 1676 1805 σῶμα
1702 1751 1717 1765 ο
1740 1736 1769 1784 ὁ
1813 1734 1873 1787 δὲ

277 1833 345 1900 τῇ
377 1830 625 1902 ὑπομονῇ
662 1829 928 1899 γενναίως
984 1828 1193 1883 τούτων
1229 1827 1622 1900 ὑπερεκράτει,
1659 1827 1734 1890 ὡς
1762 1826 1859 1880 αύ-
1896 1822 1938 1876 Β

277 1923 404 1985 τοὺς
459 1921 845 1991 βασανίζεσθαι
900 1921 1122 1991 μᾶλλον,
1182 1920 1282 1974 οὐκ
1334 1920 1620 1991 ἰσχύοντας
1668 1919 1867 1974 ἀνῦσαι

276 2015 415 2085 ὅπερ
441 2013 752 2083 ἠϐούλοντο,
789 2013 822 2085 ἢ
851 2014 942 2066 τὸν
975 2011 1397 2084 μαστιζόμενον.
1438 2013 1657 2084 Ἀμέλει
1694 2013 1868 2084 κοντῷ

277 2106 372 2161 τὸν
413 2106 604 2174 ’Δγιον
652 2106 986 2176 κρουσθῆναι
1035 2103 1365 2160 κελεύουσι’
1421 2103 1514 2159 τοῦ
1567 2105 1625 2160 δὲ
1674 2105 1866 2162 κοντοῦ

229 2210 245 2227 ⁸
280 2200 534 2271 μολίϐδου
567 2201 724 2270 δίκην
755 2200 1221 2271 ἀποστραφέντος,
1256 2199 1338 2262 εἰς
1381 2197 1609 2270 ἔλεγχον
1629 2199 1731 2269 τῆς
1768 2200 1869 2252 αὐ-

275 2295 388 2348 τῶν
416 2295 695 2365 ἀστοχίας,
731 2293 833 2364 τῆς
857 2294 1072 2357 ἐλπίδος
1101 2295 1497 2364 ἀποτυχόντες,
1528 2294 1631 2363 »ἐφ’
1674 2293 1868 2365 ἑτέραν

275 2386 572 2456 ἐτρέποντο
602 2385 846 2449 κόλασιν,
907 2387 1007 2437 καὶ
1037 2384 1372 2456 δεινοτέραις
1402 2384 1700 2456 τιμωρίαις
1731 2385 1867 2439 καθ·

277 2476 610 2530 υποϐἀλλειν
637 2475 941 2547 ἐπειρῶντο
974 2476 1067 2528 τὸν
1093 2475 1335 2548 ἀθλητήν
1357 2490 1372 2507 ’
1398 2476 1551 2529 λίθου
1575 2493 1868 2547 παμμεγε·

277 2571 480 2623 στάτου
516 2571 574 2623 ὲν
600 2572 663 2640 τῇ
700 2571 891 2641 εἱρκτῇ
922 2569 1183 2640 παννύχῳ
1220 2570 1365 2623 κατά
1405 2570 1647 2641 γαστρὸς
1677 2571 1868 2625 ἐπιϐο-

275 2660 366 2732 λῇ,
406 2660 543 2732 πρὸς
591 2664 656 2732 τῇ
700 2663 758 2714 ἐν
807 2661 952 2732 ξύλῳ
984 2661 1093 2730 τῶν
1129 2661 1307 2714 ποδῶν
1347 2662 1638 2734 ἀσφαλείᾳ,
1677 2663 1873 2726 ἄλλαις

269 2769 335 2806 τε
375 2754 530 2816 ὅσαις
562 2754 659 2806 καὶ
684 2753 834 2815 ὅπως
866 2753 1224 2825 δεινοτέραις.
1257 2747 1356 2815 Δίς
1383 2754 1765 2825 ὑπερκαμόντι
1788 2755 1865 2826 τῷ

273 2844 485 2917 ἀθλητῇ
533 2845 624 2898 καὶ¹
659 2844 845 2916 σχεδὸν
896 2844 1229 2911 ὲκλείποντι,
1289 2844 1443 2909 τέλος
1468 2838 1546 2899 τὸ
1581 2846 1868 2917 σφοδρότε-

274 2955 374 3010 ρον
408 2938 690 3008 προσῆγον
716 2954 730 2968 ·
784 2938 878 2991 ἐπὶ
904 2931 1103 3008 τροχοῦ
1134 2937 1324 2990 τοῦτον
1352 2937 1739 3003 ἀναλαϐόντες,
1772 2938 1867 2993 οῦ-

272 3047 386 3093 τως
416 3029 742 3084 καταλύσειν
774 3030 1012 3101 οἰόμενοι
1046 3028 1141 3097 τοῦ
1174 3030 1425 3099 γενναίου
1454 3030 1554 3102 τὴν
1587 3029 1863 3085 ἔνστασινθ

274 3125 411 3195 περὶ
436 3124 495 3177 δν
519 3123 620 3194 τὴν
643 3125 815 3193 ὀσφῦν
851 3123 1118 3196 σκορπίου
1150 3123 1308 3193 δίκην
1332 3124 1867 3196 κατακαμπτὸμενός

273 3235 335 3271 τε
364 3216 457 3270 καὶ
489 3217 945 3287 κατατεινόμενος
987 3218 1016 3270 ὁ
1062 3215 1444 3287 μεγαλόφρων,
1491 3216 1587 3269 καὶ
1610 3219 1679 3288 τῇ
1713 3218 1867 3272 ἀντι-

276 3309 502 3380 στρόφῳ
548 3308 813 3376 συνελίξει
844 3307 1110 3378 γενναίως
1138 3308 1200 3360 τὸ
1246 3307 1467 3378 πνεῦμα
1500 3308 1868 3379 στενοχωρού-

279 3419 467 3475 μενος,
495 3400 756 3473 ἕξαρθρος
790 3400 888 3471 μὲν
926 3401 1137 3468 ἐγίνετο
1157 3416 1170 3431 ·
1216 3401 1361 3453 κατὰ
1388 3401 1497 3453 πᾶν
1530 3399 1693 3470 μέλος
1721 3401 1866 3454 κλώ-

277 3512 466 3566 μενος,
522 3493 1027 3564 περιλακιζομένων
1074 3491 1242 3545 αὐτοῦ
1277 3492 1388 3545 τῶν
1445 3491 1668 3563 σαρκῶν
1697 3509 1710 3523 ·
1748 3494 1867 3563 ἅμα

272 3588 333 3641 δὲ
367 3588 463 3641 καὶ
490 3589 609 3650 ταῖς
633 3588 838 3657 ἀκμαῖς
864 3586 975 3639 τῶν
1006 3585 1454 3656 ὑφηρμοσμένων
1485 3584 1754 3655 ὀργάνων,
1786 3586 1866 3648 είς

273 3676 453 3730 πολλά
496 3677 556 3730 τὸ
587 3675 748 3747 σῶμα
779 3674 1181 3746 κατατμηθεὶς,
1225 3675 1322 3728 καὶ
1372 3674 1579 3746 ὀχετοῖς
1615 3676 1865 3746 αἱμάτων

273 3768 524 3838 φοινίξας
548 3768 617 3822 τὰ
647 3768 1003 3839 κολαστήρια,
1037 3768 1139 3839 ἤδη
1170 3766 1367 3837 νεκρὸς
1386 3769 1500 3829 τοῖς
1531 3769 1749 3837 τυφλοῖς
1773 3784 1862 3820 νο-

276 3859 521 3932 μισθεὶς,
552 3859 651 3913 ἐπὶ
678 3860 961 3931 σχήματος
989 3859 1082 3912 ὑπ’
1111 3858 1293 3913 αὐτῶν
1323 3857 1665 3930 κατελήφθη,
1691 3859 1865 3915 πολλά

269 3956 408 4017 τοὺς
446 3954 625 4007 αὐτῶν
655 3953 1045 4024 ἀνυμνούντων
1094 3952 1188 4006 ἐπὶ
1223 3951 1437 4017 τούτοις
1480 3951 1637 4017 θεούς
1680 3971 1740 4007 τε
1770 3955 1866 4008 καὶ

269 4048 566 4117 δαίμονας.

364 4140 504 4193 ’Λὶϊ
542 4140 623 4193 ἔτι
657 4139 859 4211 μᾶλλον
898 4141 1269 4212 ὴσχύνοησαν,
1312 4141 1441 4212 ὑγιῆ
1472 4143 1589 4213 μετ’
1639 4142 1701 4197 οὐ
1729 4143 1864 4198 πολὺ

270 4233 647 4306 καθορῶντες,
709 4236 802 4288 τὴν
845 4237 903 4288 ὲν
936 4236 1152 4306 νεκροῖς
1198 4234 1546 4291 ἐλπισθέντα.
1592 4237 1707 4306 Τῆς
1757 4236 1864 4309 γὰρ

269 4327 536 4380 ἁπάντων
567 4326 712 4397 ζωῆς
747 4325 987 4398 Χριστοῦ
1034 4326 1128 4380 τοῦ
1161 4326 1418 4397 ἀληθινοῦ
1452 4327 1589 4381 Θεοῦ
1621 4327 1713 4381 καὶ
1748 4323 1861 4381 Eui-

267 4419 469 4488 τῆρος,
498 4417 636 4488 ὁμοῦ
670 4418 763 4470 καὶ
793 4418 901 4471 τῶν
928 4419 1288 4490 τραυμάτων,
1317 4418 1414 4471 καὶ
1444 4418 1555 4471 τῶν
1591 4419 1862 4489 κολαστη-

1893 3160 1936 3218 C

1972 557 2094 597 sum
2130 542 2302 606 enim,
2357 544 2487 611 quia
2519 558 2696 613 neque
2742 560 2916 612 mors,
2951 562 3134 616 neque
3180 549 3317 615 vita,
3381 566 3564 620 neque
3632 557 3641 566 '

1970 637 2190 707 Angeli,
2217 651 2399 707 neque
2425 637 2804 709 Principatus,
2827 655 3011 709 neque
3033 639 3365 709 Potestates,
3387 660 3565 715 neque

1971 728 2248 798 Virtutes,
2301 746 2479 801 neque
2525 731 2817 796 instantia,
2884 748 3066 801 neque
3113 732 3323 802 futura,
3379 753 3564 807 neque

1970 831 2226 876 creatura
2257 823 2363 876 alia
2401 824 2605 892 poterit
2626 838 2709 878 me
2732 839 2996 893 separare
3024 841 3053 879 a
3079 826 3355 882 charitate
3391 827 3561 882 Chri-

1969 915 2038 969 sti
2070 916 2136 968 θ’.
2189 933 2208 966 ι
2248 943 2317 954 —
2356 934 2374 967 ι
2404 914 2531 969 Mihi
2561 915 2780 986 (enim)
2828 916 3018 973 vivere
3059 916 3321 976 Christus
3361 930 3479 986 est,
3509 931 3564 977 et

1971 1006 2109 1062 mori
2161 1008 2377 1061 lucrum
2412 1007 2457 1060 τ.
2491 1025 2509 1058 ι
3278 1012 3281 1015 ’

2040 1100 2208 1170 Atqui
2233 1114 2340 1154 non
2375 1114 2630 1155 sermone
2656 1082 2871 1155 tantum
2897 1115 3022 1155 cum
3051 1101 3391 1160 adversariis
3423 1119 3558 1160 con-

1969 1208 2200 1265 gressus
2257 1203 2363 1258 est,
2400 1192 2496 1249 sed
2519 1203 2572 1248 et
2626 1190 2687 1249 re
2715 1193 2857 1264 ipsa,
2881 1194 3000 1264 pari
3038 1195 3333 1266 prudentia
3359 1213 3423 1253 ac
3445 1200 3560 1253 elli-

1972 1286 2212 1341 cacitate
2258 1286 2549 1354 conﬂixit;
2584 1285 2765 1341 instar
2809 1274 3073 1340 nimirum
3108 1289 3270 1343 fortis
3332 1290 3561 1359 pugilis,

1971 1378 2226 1449 corporis
2245 1378 2459 1448 pariter
2489 1380 2842 1450 spiritusque
2868 1379 3041 1433 robur
3069 1387 3123 1433 et
3147 1379 3534 1436 fortitudinem

1971 1487 2082 1526 non
2110 1472 2293 1527 solum
2334 1469 2601 1526 feriendis
2644 1469 2987 1528 adversariis
3018 1478 3328 1545 ostentans,
3365 1488 3558 1527 verum

1971 1563 2139 1619 etiam
2197 1562 2374 1632 plagis
2422 1562 2592 1618 illatis
2635 1561 2928 1617 obfirmate
2967 1562 3254 1631 ferendis;
3292 1571 3348 1616 ut
3383 1565 3562 1618 altero

1971 1645 2272 1724 pateretur;
2298 1653 2473 1706 altero
2491 1660 2895 1724 repercuteret.
2914 1651 2995 1707 illi
3018 1668 3176 1716 sane,
3208 1669 3414 1724 corpus
3441 1655 3562 1707 dire

1970 1747 2143 1817 virgis
2158 1745 2463 1811 credebant;
2484 1744 2605 1815 ipse
2624 1745 2887 1815 patientia
2904 1745 2984 1801 sic
3003 1755 3225 1801 strenue
3242 1748 3556 1816 superabat,

1970 1846 2029 1894 ut
2061 1852 2204 1893 caeso
2229 1837 2349 1907 ipso
2377 1837 2551 1907 magis
2611 1836 2976 1901 cruciaretur,
3006 1851 3128 1891 cum
3163 1838 3384 1892 minime
3415 1839 3555 1892 vale-
3610 1910 3615 1914 π

1972 1937 2100 1985 rent
2137 1929 2365 1997 assequi
2412 1930 2561 1997 quod
2592 1926 2874 1981 volebant.
2899 1926 3367 1997 Deniquejubent‘
3390 1927 3563 1982 Sanc-

1970 2029 2083 2074 tum
2123 2027 2279 2074 vectc
2300 2020 2519 2089 percuti
2550 2034 2563 2071 :
2592 2034 2825 2090 cumque
2842 2019 3003 2074 victis
3028 2019 3238 2090 plumbi
3259 2020 3457 2083 instar,
3491 2021 3556 2073 ad

1968 2127 2159 2167 eorum
2216 2112 2383 2167 inane
2434 2112 2792 2182 propositum
2867 2110 3250 2182 urguendum,
3323 2127 3556 2167 aversus

1970 2204 2321 2270 dellexisset;
2364 2219 2461 2273 spe
2488 2203 2736 2272 decepti,
2763 2202 2831 2258 ad
2856 2204 2967 2257 alia
2997 2213 3274 2259 tormenta
3301 2205 3555 2259 conversi

1970 2306 2125 2360 sunt,
2176 2311 2241 2351 ac
2301 2296 2486 2350 conati
2540 2295 2897 2366 gravioribus
2946 2297 3240 2351 tormentis
3293 2296 3554 2350 athletam

1970 2388 2271 2457 subjicere,
2308 2386 2549 2457 ingentis
2576 2387 2808 2442 omnino
2842 2389 3007 2443 molis
3035 2387 3297 2457 lapidem,
3327 2396 3547 2441 noctem

1969 2487 2164 2544 totam,
2218 2478 2426 2534 detenti
2482 2479 2536 2532 itt
2601 2492 2851 2541 carcere,
2902 2479 3083 2532 ventri
3125 2478 3555 2548 imposuerunt;

1969 2581 2229 2642 excerpta
2261 2571 2443 2640 lignea
2478 2571 2648 2626 etiam
2693 2570 2993 2641 compede,
3034 2584 3098 2624 ac
3138 2571 3265 2625 aliis
3309 2569 3557 2639 complu-

1969 2665 2127 2721 ribus
2183 2663 2606 2734 dirioribusque
2666 2664 2964 2719 tormentis
3020 2663 3307 2718 adhibitis.
3343 2661 3556 2728 Quibus

1968 2774 2093 2813 cum
2136 2757 2342 2812 athleta
2369 2757 2606 2811 nimium
2634 2757 2947 2812 laborasset
2986 2770 3049 2809 ac
3083 2754 3197 2810 fere
3231 2755 3548 2817 defecisset,

1970 2857 2252 2920 postremo
2288 2847 2433 2917 quod
2463 2847 2936 2902 immanissimum
2969 2854 3113 2907 erat,
3161 2846 3557 2910 adhibuerunt,

1969 2945 2230 2998 nimirum
2267 2943 2349 2996 sic
2381 2942 2487 2995 rati
2520 2939 2801 2996 fracturos
2832 2939 3088 3010 generosi
3125 2938 3295 2991 animi
3340 2953 3554 3008 pugna-

1969 3051 2091 3092 cem
2159 3034 2517 3090 renitentiam
2554 3048 2567 3084 :
2603 3031 2659 3086 in
2713 3038 2891 3085 rotam
2945 3028 3303 3094 extulerunt;
3331 3042 3440 3096 qua
3474 3029 3561 3080 vir

1970 3126 2360 3199 magnanimis,
2416 3127 2469 3178 in
2512 3122 2740 3177 modum
2793 3120 3003 3190 scorpii
3041 3117 3284 3173 deﬂexus
3337 3119 3555 3197 lumbos

1974 3227 2139 3287 atque
2155 3215 2458 3280 distentus,
2484 3212 2983 3282 vehementiusque
3012 3211 3241 3265 adversa
3277 3208 3557 3262 rotatione

1975 3312 2174 3384 spiritu
2211 3310 2586 3381 angustiatus,
2620 3316 2770 3361 totus
2801 3307 3025 3376 quidem
3065 3303 3336 3359 membris
3375 3303 3557 3355 omni-

1972 3405 2079 3462 bus
2119 3401 2446 3467 confractis,
2487 3399 2931 3468 circumquaque
2973 3397 3213 3466 diruptis
3271 3395 3555 3456 carnibus,

1973 3496 2199 3551 luxatus
2229 3502 2314 3549 est
2348 3508 2362 3545 :
2397 3490 2679 3560 simulque
2713 3489 2891 3543 acutis
2922 3487 3304 3541 subsertorum
3349 3485 3558 3540 instru-

1975 3597 2289 3642 mentorum
2346 3581 2675 3652 cuspidibus
2729 3580 2784 3634 in
2823 3578 3029 3633 multas
3084 3585 3268 3646 partes
3298 3576 3559 3630 concisus

1973 3695 2197 3751 corpus,
2233 3692 2298 3733 ac
2345 3670 2673 3731 carnificina
2711 3668 2848 3727 rivis
2903 3671 3198 3742 sanguinis
3248 3680 3556 3733 cruentata,

1969 3777 2083 3849 jam
2128 3782 2386 3832 mortuus
2444 3771 2608 3828 caecis
2663 3756 2983 3824 hominibus
3039 3766 3313 3829 creditus,
3379 3764 3452 3818 ita
3500 3772 3561 3817 ut

1971 3878 2092 3925 erat
2140 3868 2275 3939 (54),
2344 3864 2538 3921 multis
2589 3878 2654 3919 ea
2683 3862 2750 3917 de
2804 3876 2865 3915 re
2894 3859 3138 3915 canticis
3177 3857 3315 3913 deos
3338 3872 3471 3911 suos
3494 3871 3559 3908 ac

1973 3961 2251 4017 daemones
2279 3955 2722 4031 celebrantibus,
2757 3953 2860 4007 fuit
2889 3953 3142 4008 relictus.

2042 4141 2308 4198 Cat-terum
2330 4136 2525 4208 majori
2565 4134 2776 4206 pudore
2809 4132 3009 4189 suﬂ'usi
3044 4138 3196 4194 sunt,
3230 4146 3356 4184 cum
3407 4129 3558 4183 brevi

1971 4245 2097 4307 post
2120 4249 2312 4290 sanum
2341 4231 2620 4296 viderunt,
2644 4242 2806 4298 quem
2851 4224 3221 4280 credidissent
3245 4233 3551 4276 mortuum.

1971 4327 2108 4382 Cum
2139 4324 2286 4380 enim
2310 4322 2590 4385 Christus,
2620 4321 2735 4390 ipse
2766 4318 3014 4372 omnium
3052 4317 3191 4380 vita,
3222 4308 3388 4366 verus
3418 4311 3664 4365 Densa—«-
3710 4334 3773 4381 ές,

1972 4430 2025 4474 et
2049 4419 2331 4482 Salvator,
2366 4423 2422 4469 et
2445 4429 2474 4468 a
2502 4412 2851 4482 vulneribus,
2883 4419 2932 4462 et
2958 4424 2987 4462 a
3031 4404 3325 4461 tormentis
3355 4405 3560 4474 parili-1‘

269 4511 415 4581 ρίων
457 4509 647 4564 τοῦτον
691 4510 1126 4576 ἀπαλλάξαντος,
1177 4510 1273 4563 καὶ
1317 4511 1444 4573 τοῦς
1486 4510 1740 4579 φύλακας
1784 4515 1865 4576 εἰς

1974 4512 2287 4574 liberasset,
2342 4505 2717 4574 custodesque
2771 4511 3087 4557 extremum
3125 4497 3558 4570 perterrefactos

268 4602 431 4663 τέλος
470 4600 918 4672 καταπλήξαντός
983 4618 1043 4654 τε
1096 4601 1189 4654 καὶ
1241 4601 1656 4665 ἀπελάσαντοςο
1706 4599 1865 4665 αὖθις

268 4697 687 4768 κραταιοτέρων
720 4696 1006 4767 ἐφιέμενος
1045 4696 1244 4757 ἄθλων,
1278 4696 1536 4767 δρομαῖος
1570 4699 1599 4749 ὁ
1640 4686 1866 4768 νικηφό-

268 4806 371 4861 ρος
398 4791 514 4851 τοῖς
545 4789 801 4843 ἀσεϐέσιν
851 4788 1221 4856 ἐνεφανίζετο,
1255 4789 1402 4858 ἔργῳ
1433 4789 1527 4842 καὶ
1574 4789 1719 4859 λόγῳ
1766 4790 1858 4859 δη·

270 4881 557 4954 μοσιεύων
588 4881 683 4934 τοῦ
721 4881 962 4951 Χριστοῦ
1014 4880 1113 4951 τὴν
1158 4882 1414 4950 ἀνίκητον
1463 4880 1713 4950 δύναμιν.
1755 4875 1865 4933 Ἦν

268 4975 389 5042 γὰρ
417 4973 590 5036 ὖντως
623 4972 750 5027 ἰδεῖν
785 4971 965 5042 θέαμα
1001 4971 1233 5042 φοῦερὶν
1272 4971 1369 5023 καὶ
1413 4970 1741 5042 ἔκπληκτον,
1778 4970 1867 5036 ἐξ·

270 5068 398 5120 ίσου
433 5069 527 5119 καὶ
553 5064 1168 5137 πιστοὺςὲπιστηρίζον,
1205 5066 1299 5117 καὶ
1336 5065 1602 5127 ἀπίστους
1642 5066 1864 5118 ἐπιστο-

267 5158 462 5228 μίζον.
498 5158 561 5210 Οἱ
591 5156 645 5209 δὲ
674 5156 756 5227 τῷ
776 5156 1026 5227 ἀδοκήτῳ
1060 5157 1529 5225 καταπλαγέντες,
1568 5156 1662 5210 καὶ
1687 5157 1760 5221 ὼς
1806 5157 1865 5210 οὐ

352 5344 401 5380 θ’
432 5340 592 5393 Rom.
619 5356 737 5403 vttt,
761 5339 955 5395 35-38.
1035 5338 1055 5376 τ
1094 5337 1327 5407 l’hilipp.
1367 5352 1405 5403 ι,
1439 5336 1534 5391 21.

1972 4604 2251 4675 abegisset
2288 4619 2302 4656 :
2338 4602 2542 4655 iterum
2600 4596 2918 4662 victorillc,
2956 4594 3227 4678 validiora
3255 4590 3558 4645 certamina

1972 4696 2159 4751 subire
2223 4681 2569 4764 citpiens,se
2626 4690 2865 4745 festinus
2925 4686 3114 4756 impiis
3153 4699 3339 4738 coram
3386 4680 3557 4741 sistit,

1974 4788 2235 4842 invictam
2258 4786 2466 4839 Cltristi
2516 4782 2814 4853 potentiam
2850 4779 3128 4847 factisque
3161 4792 3223 4830 ac
3251 4774 3436 4828 verbis
3468 4787 3557 4826 os-

1972 4888 2218 4935 tentans.
2252 4878 2384 4931 Erat
2425 4878 2571 4931 enim
2604 4889 2796 4930 revera
2849 4870 3230 4943 spectaculum
3268 4866 3404 4920 illud
3443 4866 3556 4917 for-

1974 4972 2303 5026 midolosum
2337 4976 2502 5037 atque
2536 4966 2830 5029 horribile,
2863 4961 3012 5033 quod
3037 4960 3243 5031 pariter
3271 4965 3326 5011 et
3353 4954 3556 5009 confir-

1975 5070 2151 5116 maret
2204 5060 2494 5125 lideles,ct
2548 5055 2873 5111 inﬁdelibus
2932 5067 3030 5105 ora
3072 5051 3413 5105 obstrueret.
3478 5045 3556 5098 llli

1975 5170 2146 5224 porro
2187 5170 2244 5208 re
2286 5153 2565 5221 inopinata
2598 5148 2861 5220 perculsi,
2909 5154 2962 5200 et
3017 5137 3417 5214 perscrutando
3445 5150 3553 5188 cer-

1619 5419 2007 5479 COMBEFISII
2052 5418 2283 5480 NOTAE.

348 5527 464 5597 (34)
499 5526 589 5581 Ita
625 5537 682 5580 ut
713 5536 849 5580 erat.
889 5527 1010 5579 Ἐπὶ
1042 5528 1339 5596 σχήματος.
1372 5521 1531 5597 Velut
1560 5535 1644 5581 eo,
1693 5533 1756 5571 ac
1788 5515 1872 5571 sic

264 5591 495 5669 tragico
524 5598 739 5669 habitu,
772 5601 917 5665 quod
962 5591 1364 5669 Gallililicintus
1394 5611 1414 5669 _:
1461 5591 1542 5644 En
1595 5598 1744 5669 certe
1769 5603 1867 5669 po:

261 5658 447 5726 ειιιῖε.
484 5668 758 5723 Referunt
784 5658 910 5731 ista,
943 5678 1064 5723 acta
1097 5664 1431 5725 Sebastiani,
1481 5676 1590 5741 non
1632 5658 1867 5741 absimili

263 5741 579 5813 miraculo,
598 5754 638 5813 7a
678 5729 1039 5813 mortequam
1072 5748 1343 5813 tyrannus
1376 5729 1867 5813 putaretuittlliitis-

263 5829 362 5877 se,
413 5798 659 5882 sospitis.
720 5808 868 5864 Nihil
898 5798 1050 5867 'itcm
1098 5798 1333 5877 iunioris
1376 5798 1639 5859 'miraculi
1672 5801 1726 5856 itt
1763 5798 1868 5856 hac

1979 5516 2248 5579 occurrit,
2287 5528 2451 5583 quam
2493 5511 2807 5566 Catharinae
2864 5515 3006 5570 rota,
3055 5504 3246 5561 eadem
3298 5500 3557 5583 facilitate

1978 5576 2317 5643 restituente
2339 5587 2446 5636 lico
2471 5584 2768 5652 laceratum
2791 5591 3197 5652 contusumque
3225 5592 3287 5629 ac
3314 5576 3558 5652 litigatum

1977 5657 2196 5728 Georgii
2218 5672 2441 5728 corpus,
2471 5670 2578 5724 qua
2601 5651 2854 5709 dissolvit
2882 5650 3195 5703 Catltarina;
3222 5645 3559 5707 machinatu,

1976 5747 2045 5789 ne
2067 5726 2147 5785 ita
2174 5726 2433 5782 afﬁceret.
