3978 6140
231 343 346 407 λιιι)

1508 338 1591 399 1N
1649 340 1710 399 S.
1751 338 2181 399 GEORGIUM.

3342 345 3478 408 “th

221 463 286 523 εἰς
316 457 583 511 ἀντίέίλσιν
623 454 721 523 τῆς
758 453 1037 523 ὑπομονῆς
1062 453 1354 523 γινομένας
1407 452 1483 523 τῷ
1525 456 1785 523 μάρτυρι,

1897 451 2024 506 bent
2054 449 2378 519 tragmdiam
2409 466 2423 504 :
2453 459 2714 519 praeterea
2739 464 2902 516 vero,
2924 450 3145 507 divinas
3167 452 3257 507 die
3283 465 3475 511 nocte-

219 552 357 614 θείας
389 547 692 619 ἐμφανείας
744 563 803 598 τε
856 547 949 598 καὶ
981 545 1252 609 διαλέξεις
1279 563 1292 577 ·
1344 548 1597 616 κρεῖττον
1623 545 1680 598 δὲ
1713 549 1791 598 εἰ-

221 643 349 705 πεῖν,
375 637 519 691 κατά
553 635 642 687 τὸν
665 632 853 700 Δαϐἰδ,
895 633 1168 705 βοηθείας,
1206 633 1588 704 παρακλήσεις
1609 650 1667 687 τε
1702 634 1794 686 καὶ

224 731 380 790 ἰάσεις
406 743 419 757 ·
461 724 528 778 δι’
573 718 651 779 ὧν
690 722 967 794 εὑρίσκων
1016 722 1352 794 παραψυχὴν
1395 723 1505 776 τῶν
1534 723 1641 794 μὲν
1688 724 1791 794 ἥδη

220 815 588 886 παρελθόντων
622 813 805 866 πόνων
848 812 1149 883 προθύμως
1195 813 1596 868 ἐπελανθάνετο
1621 831 1634 843 ·
1681 816 1793 868 τῶν

219 907 268 959 δὲ
331 901 485 967 αὖθις
542 905 964 973 ἐπειγομένων,
1014 905 1246 968 εὐτόνως
1307 904 1791 976 ἀντελαμϐάνετο,

219 998 399 1066 ὥσπερ
451 997 818 1066 ἀδαμάντινον
858 994 998 1066 ἔχων
1037 995 1185 1066 μειά
1227 995 1329 1066 τῆς
1363 995 1543 1067 ψυχῆς
1584 998 1682 1049 καὶ
1732 998 1792 1049 τὸ

220 1090 389 1161 σῶμα.

287 1259 505 1325 Ἔξεστι
536 1260 591 1312 δὲ
632 1261 709 1331 τῷ
752 1260 1065 1333 βουλομένῳ
1119 1261 1256 1332 μετᾶ
1293 1262 1580 1334 ἀκριϐείας
1615 1265 1791 1317 πάντα

222 1349 426 1419 μαθεῖν,
465 1350 545 1421 τῷ
589 1353 879 1423 μαρτυρίῳ
915 1354 1218 1424 ἐντυχόντι,
1264 1353 1362 1406 τοῦ
1413 1353 1789 1424 σπουδαζομέ-

217 1459 303 1494 νου
323 1446 538 1512 τυχεῐψ
575 1445 789 1497 ἐκεῖθέν
821 1461 878 1498 τε
915 1445 1269 1514 παιδευθῆναι
1317 1446 1413 1500 καὶ
1450 1446 1791 1517 ἐκπλαγῆναι

215 1535 321 1587 τῶν
349 1535 581 1603 ἀγώνων
614 1536 675 1589 τὸ
714 1537 1026 1607 ὑπέρογκον
1047 1553 1059 1567 ·
1097 1536 1189 1591 τοῦ
1235 1537 1503 1607 ἀριστέως
1534 1538 1593 1590 τό
1622 1556 1793 1607 μεγα-

216 1626 442 1695 λόψυχον
469 1643 483 1656 ·
512 1626 609 1695 τῆς
656 1627 814 1697 νίκης
857 1627 918 1680 τὸ
948 1627 1313 1695 δικαιότατον,
1353 1629 1449 1682 καὶ
1485 1628 1596 1681 τῶν
1631 1630 1792 1681 θείων

217 1716 460 1788 ἁμοιϐὤν
501 1717 561 1771 τὸ
608 1717 930 1789 ἀξιόχρεων.
975 1719 1186 1774 Γνῶναί
1221 1738 1282 1773 τε
1326 1721 1511 1791 σαφῶς
1542 1721 1637 1775 καὶ
1663 1722 1791 1774 θαυ-

1895 556 2002 611 que
2031 541 2277 597 visiones
2335 541 2849 610 eollocutiouesque
2894 553 3085 597 sancto
3129 542 3376 617 Nlartyri,
3406 550 3475 599 ad

1894 632 2017 702 ejus
2050 632 2512 686 rcmunerandam
2547 632 2890 701 patientiam,
2927 647 3264 689 concessas:
3302 637 3383 690 vel
3420 648 3479 690 ut

1894 722 2093 776 melius
2130 722 2290 788 juxta
2324 716 2583 776 Davidem
2619 723 2823 788 dicam,
2878 724 3102 787 auxilia,
3141 726 3479 780 consolatio~

1882 828 1996 867 nes
2046 822 2097 866 et
2133 813 2423 877 sanitates,
2453 829 2518 868 ex
2568 814 2770 883 quibus
2828 816 3175 887 refrigerium
3230 820 3476 888 capiens,

1896 907 2302 974 praeteritorum
2368 905 2620 960 laborum
2679 907 2914 962 libenter
2987 910 3476 981 obliviscebatur:

1894 998 1940 1050 si
1974 996 2089 1065 ‘qui
2129 1004 2313 1051 autem
2344 1011 2541 1052 rursus
2570 998 2884 1062 instabant,
2928 999 3053 1053 forti
3086 1006 3480 1070 constantique

1895 1086 2083 1141 animo
2147 1087 2502 1156 capcscebat,
2570 1085 2717 1142 velut
2773 1091 2937 1142 etiam
2972 1104 3177 1156 corpus
3216 1108 3321 1146 una
3348 1110 3474 1146 cum

1896 1178 2081 1232 animo
2108 1178 2523 1232 adamantinum
2568 1178 2816 1236 haberet.

1966 1267 2179 1338 Siquis
2212 1285 2377 1339 porro
2398 1270 2584 1324 omnia
2606 1271 2715 1324 viri
2748 1271 2887 1325 beati
2921 1282 3174 1325 accurate
3199 1273 3347 1342 cupit
3368 1280 3471 1327 ‘co-

1884 1374 2188 1429 agnoscere,
2222 1358 2365 1428 legat
2398 1358 2548 1414 illius
2590 1358 2840 1429 martyrii
2875 1367 3019 1424 acta,
3054 1358 3334 1428 fueritque
3359 1358 3471 1413 voti

1884 1466 2157 1520 compos;
2188 1449 2426 1519 indeque
2484 1460 2915 1519 exsuperantem
2958 1451 3323 1503 certaminum
3360 1466 3473 1502 ma-

1890 1542 2237 1611 gnitudinem
2309 1541 2568 1596 didicerit
2651 1543 3129 1611 obstupueritque,
3213 1557 3473 1612 magnum

1893 1630 2095 1702 egregii
2130 1631 2414 1687 bellatoris
2446 1634 2711 1698 animum,
2759 1633 3129 1701 justissitnam
3164 1634 3475 1701 victoriam,

1888 1723 2316 1792 divinorumque
2392 1724 2742 1793 pra‘ntiorum
2822 1724 3041 1793 dignam
3136 1726 3472 1789 mercedem,

222 1812 408 1882 μάσαι,
441 1812 590 1876 ὅπως
623 1813 671 1864 οἰ
710 1812 807 1881 μὲν
833 1810 910 1881 τῷ
945 1802 1092 1881 βυθῷ
1138 1813 1238 1884 τῆς
1275 1813 1533 1877 ἀσεϐείας
1560 1816 1794 1867 ἐσκοτω-

1898 1814 2211 1883 perspicue,
2276 1802 2555 1882 inquam,»
2587 1815 2910 1883 cognoverit
2941 1833 2954 1869 :
2989 1829 3055 1869 ac
3107 1815 3472 1871 admirationi

218 1907 390 1976 μένοι,
430 1905 489 1956 ὲν
518 1902 675 1974 δόλῳ,
716 1901 795 1973 τῷ
822 1895 1017 1972 γλυκεῖ
1041 1905 1102 1958 τὸ
1135 1905 1333 1976 πικρὸν
1361 1906 1419 1961 ὲν
1461 1908 1576 1969 τοῖς
1611 1906 1790 1976 ῥήμαο

217 2015 299 2055 σιν
322 1996 501 2049 αὐτῶν
525 1995 890 2066 κατεμίγνυον
909 2013 921 2028 ’
963 1998 991 2050 ό
1028 1997 1085 2050 δὲ
1112 1998 1194 2070 τῷ
1217 1997 1375 2069 ἁπλῷ
1402 2002 1503 2071 τῆς
1530 1999 1791 2069 ἀληθείας

215 2093 354 2159 λόγῳ
390 2090 489 2153 τὰς
521 2089 703 2153 δεινὰς
744 2091 841 2154 καὶ
890 2091 1158 2157 ὑπούλους
1187 2093 1368 2147 αὐτῶν
1418 2092 1787 2164 τεχνολογίας,

216 2180 411 2253 ῥᾳδίως
440 2180 625 2244 ὲξέλυέ
659 2197 719 2233 τε
765 2181 859 2233 καὶ
912 2182 1179 2254 ἀνέτρεπε
1205 2200 1218 2212 ·
1269 2184 1364 2236 καὶ
1417 2183 1524 2238 τῶν
1557 2185 1790 2256 ὲνεδρῶν

213 2275 390 2326 αὐτῶν
414 2274 508 2326 καὶ
540 2258 815 2342 λαθραίων
850 2273 1074 2342 παγῶν,
1108 2273 1188 2345 τῷ
1217 2274 1430 2347 στερρῷ
1463 2277 1559 2328 καὶ
1601 2276 1791 2348 ὑψηλῷ

211 2366 309 2435 τῆς
332 2365 571 2428 διανοίας
600 2364 785 2436 πτερῷ
816 2364 1156 2435 ὑπερέπτατο
1180 2383 1194 2397 ο
1245 2369 1338 2419 καὶ
1370 2367 1479 2421 τῶν
1528 2369 1791 2424 ποικίλων

208 2458 305 2510 καὶ
358 2456 610 2527 χαλεπῶν
659 2456 929 2527 βασάνων,
997 2458 1077 2528 τῷ
1128 2459 1321 2529 κράτει
1365 2459 1465 2530 τῆς
1514 2461 1791 2531 ὑπομονῆς

213 2551 574 2620 ὑπερεκράτει
634 2550 941 2620 καρτερῶς,
992 2549 1090 2603 καὶ
1143 2552 1238 2605 τὸν
1262 2551 1308 2584 ³⁵
1355 2553 1637 2624 κρηπίδων
1696 2540 1791 2608 καὶ

208 2642 353 2712 ⁴ἥλων
380 2641 605 2703 τελέσας
633 2624 858 2711 δρόμον,
893 2640 999 2704 ἕως
1038 2642 1131 2695 καὶ
1152 2642 1227 2712 τῷ
1258 2642 1402 2711 ξίφει
1437 2644 1788 2715 παραδοθεὶς,

214 2728 509 2803 σωματικῷ
548 2732 766 2803 θανάτῳ
794 2732 885 2784 τὸν
911 2731 1142 2802 ψυχικὸν
1173 2734 1590 2807 ἀπονεκρὼσας,
1633 2753 1790 2806 νικη-

213 2826 378 2896 φόρος
425 2825 495 2878 δι’
545 2826 779 2895 αἵματος
828 2824 1190 2896 ἀναδειχθεὶς,
1245 2827 1338 2880 καὶ
1378 2826 1471 2880 τόν
1502 2829 1601 2907 τῇς
1632 2828 1791 2898 νίκης

210 2919 614 2990 ἀναδησάμενος
645 2918 931 2986 στέφανον,
963 2918 1110 2990 ἔργῳ
1135 2919 1401 2975 ἐπινίκιον
1421 2920 1499 2991 τῷ
1526 2920 1791 2992 νικοποιῷ

212 3011 454 3087 τραιδρῷς
480 3013 797 3081 ἀνέπεμπεν
828 3010 1000 3082 ὕμνον
1028 3029 1042 3043 ο
1082 3031 1100 3063 ι
1131 3012 1433 3084 Εὐλογητὸς
1467 3014 1691 3085 Κύριος,
1717 3016 1792 3067 εί-

211 3100 353 3168 πὼν,
386 3101 444 3165 ὃς
483 3103 587 3155 οὑκ
610 3102 808 3154 ὲδωκεν
833 3103 981 3172 ἡμᾶς
1016 3104 1095 3166 εἰς
1123 3102 1297 3174 θήραν
1331 3106 1444 3169 τοῖς
1481 3105 1663 3158 ὀδοῦσι
1694 3107 1790 3158 αὐ-

207 3194 342 3248 τῶν.
385 3212 403 3244 ι

282 3286 503 3339 Είσεται
547 3285 606 3339 δὲ
657 3286 798 3356 πρὸς
847 3287 1086 3351 τούτοις,
1137 3288 1165 3341 ὅ
1221 3304 1285 3355 γε
1334 3286 1645 3355 φιλόπονος,
1698 3292 1796 3342 καὶ

206 3379 461 3453 ἀκριϐῶς
512 3380 865 3450 ἐντυγχάνων
926 3381 1004 3452 τῷ
1056 3380 1286 3450 τοιούτῳ
1340 3381 1663 3452 διηγήματι,
1720 3382 1796 3445 ὡς

204 3476 308 3544 οὐχ
366 3472 544 3543 ἑαυτῷ
602 3475 748 3542 μόνῳ
812 3475 1126 3545 πεπόνηκεν
1167 3476 1194 3525 ό
1237 3474 1470 3545 μάρτυς,
1516 3473 1652 3527 ἀλλὰ
1702 3475 1798 3528 καὶ

207 3568 489 3630 πλείστοις
540 3568 753 3637 ἑτέροις
806 3568 907 3638 τὴν
963 3569 1244 3640 σωτηρίαν
1294 3568 1382 3622 διά
1426 3568 1535 3621 τῶν
1581 3568 1796 3621 οἰκείων

203 3666 375 3733 ἤνυσε
408 3663 585 3714 πόνων
609 3678 622 3691 ·
654 3663 814 3724 ὅσους
851 3679 912 3715 τε
940 3663 1032 3716 τὸν
1074 3662 1186 3717 ἴσον
1222 3664 1423 3734 δρόμον
1454 3663 1668 3727 τελέσαι
1699 3680 1798 3715 πει

199 3757 432 3826 ποίηκε,
462 3755 582 3827 Θεῷ
606 3754 668 3808 τὸ
690 3758 890 3809 οἰκεῖον
922 3760 1254 3819 σπείσαντας
1297 3750 1436 3826 αἷμα
1457 3772 1470 3785 ·
1521 3756 1596 3820 ὡς
1643 3758 1797 3809 Ἀνα-

194 3848 386 3903 τόλιον
418 3848 434 3921 [
460 3852 555 3902 καὶ
581 3848 600 3921 ]
625 3848 1011 3920 Πρωτολὲοντα
1039 3850 1164 3912 τοὺς
1197 3850 1597 3919 στρατηλάτας,
1634 3851 1701 3904 τά
1730 3854 1795 3923 τῇ

192 3943 438 4012 ἀθλήσει
494 3941 949 4010 συνεκλάμποντα
997 3941 1450 4009 καταπλαγέντας
1497 3940 1656 4011 ἔργα,
1704 3943 1798 3992 καὶ

190 4036 302 4103 τὴν
338 4035 596 4104 ἀνδρείαν
629 4035 985 4105 ζηλώσαντας
1017 4046 1030 4060 ⁸
1061 4033 1144 4086 ἔτι
1173 4032 1230 4086 δὲ
1261 4034 1357 4087 καὶ
1387 4032 1683 4104 Γλυκέριον
1706 4032 1800 4086 τὸν

193 4128 481 4198 ἀοίδιμον,
541 4130 607 4198 τῇ
667 4127 802 4197 περὶ
860 4126 953 4179 τὸν
1010 4127 1214 4197 μόσχον
1252 4112 1640 4198 τερατουργίᾳ,
1700 4125 1839 4194 τῆςκ

188 4226 410 4288 ἀλόγου
452 4218 560 4273 τῶν
614 4217 852 4273 εἰδώλων
914 4218 1305 4287 ἀπαλλαγέντα
1359 4216 1702 4288 θρησκείας’
1742 4214 1800 4280 ἐξ

186 4315 405 4381 αὺτῆς,
457 4312 532 4375 ὡς
561 4313 763 4376 εἰπεῖν,
801 4313 900 4382 τῆς
928 4313 1216 4383 φάρυγγος
1244 4310 1339 4364 τοῦ
1383 4310 1678 4381 δράκοντος
1711 4310 1802 4363 αὑ·

183 4408 334 4468 τοὺς
395 4405 701 4468 ὲκσπάσας,
744 4404 840 4457 καὶ
879 4403 1101 4475 θύματα
1142 4403 1328 4458 τέλεια
1359 4403 1456 4456 καὶ
1507 4401 1801 4473 εὐπρόσδε-

1895 1904 2179 1971 habuerit,
2201 1909 2260 1958 ut
2286 1905 2362 1958 illi
2394 1906 2639 1975 quidem,
2662 1905 2935 1971 profunda
2968 1906 3274 1975 impietatis
3307 1923 3471 1962 vora-

1870 1997 2018 2070 gine
2039 1998 2341 2062 obscurati,
2368 1996 2621 2051 dulcibus
2639 2011 2856 2053 amaros
2875 2013 3159 2055 sermones
3179 2000 3306 2054 dolo
3323 2015 3477 2054 como

1893 2091 2186 2146 miscerent
2220 2109 2234 2157 ;
2270 2091 2386 2161 ipse
2412 2097 2594 2144 autem
2628 2092 2862 2160 simplici
2913 2092 3161 2148 veritatis
3221 2107 3476 2147 sermone

1892 2184 2126 2240 subtiles
2150 2183 2497 2252 callidasquc
2531 2198 2725 2238 eorum
2764 2195 2912 2239 artes
2958 2184 3117 2240 facile
3145 2185 3472 2240 dissolverit

1892 2290 1959 2330 ac
2000 2274 2370 2341 subvenerit;
2414 2282 2582 2342 utque
2612 2288 2805 2329 eorum
2849 2273 3082 2332 insidias
3140 2288 3195 2331 et
3224 2277 3475 2332 occultos

1892 2368 2122 2438 laqueos
2154 2366 2349 2422 solidis
2392 2365 2836 2435 sublimibusque
2876 2367 3046 2419 animi
3085 2367 3191 2419 alis
3221 2376 3474 2421 transvo-

1893 2459 2060 2527 larit;
2088 2470 2255 2530 atque
2285 2467 2344 2514 ut
2378 2459 2549 2515 variis
2588 2458 2698 2513 illis
2735 2459 3112 2528 gravibusque
3159 2460 3472 2523 tormentis,

1893 2550 2172 2624 patientia:
2202 2565 2317 2606 suae
2359 2550 2565 2605 robore
2594 2549 2813 2605 fortiter
2848 2551 3155 2621 superatis,
3191 2567 3476 2620 cursuque

1892 2641 2135 2709 crepidis
2189 2641 2363 2696 clavis
2425 2639 2609 2696 inﬁxis
2666 2640 2943 2707 confecto,
3008 2641 3226 2697 tandem
3292 2643 3476 2709 gladio

1894 2732 2133 2788 traditus
2203 2746 2268 2786 ac
2330 2746 2630 2801 percussus
2685 2733 2895 2796 securi,
2964 2745 3142 2788 morte
3198 2735 3472 2803 corporali

1891 2824 2163 2879 exstincta
2213 2824 2409 2877 anima:
2468 2830 2663 2888 morte,
2728 2825 2903 2879 victor
2940 2826 3207 2896 sanguine
3251 2826 3477 2880 allectus

1893 2930 1959 2971 ac
1989 2915 2235 2971 victoriae
2283 2916 2501 2971 cinctus
2539 2931 2776 2981 corona,
2803 2918 2850 2971 ei
2883 2918 3022 2981 lacte,
3060 2919 3308 2975 \‘ictoritc
3341 2923 3477 2975 stth~

1892 3009 2105 3065 miserit
2161 3008 2468 3077 canticum,
2530 3009 2624 3079 qui
2656 3010 2952 3064 victoriam
3005 3011 3324 3079 praebuissvt
3356 3030 3372 3080 ;
3402 3013 3474 3068 ita

1893 3099 2125 3156 dicens:
2163 3118 2184 3152 ι
2232 3100 2564 3156 Benedictus
2598 3101 2879 3167 Dominus,
2926 3103 3024 3172 qui
3064 3085 3170 3157 non
3199 3102 3348 3157 dedit
3376 3120 3476 3159 nos

1897 3192 1952 3245 in
1978 3192 2216 3262 praedam
2240 3191 2503 3246 dentibus
2530 3207 2722 3247 eorum
2763 3191 2804 3246 ι.
2837 3212 2855 3245 ι

1964 3285 2045 3340 Ad
2076 3285 2191 3340 haec
2222 3285 2529 3350 studiosus,
2556 3300 2620 3338 ac
2648 3286 2693 3339 si
2718 3287 2844 3355 quis
2873 3286 3143 3355 ejusmodi
3179 3286 3472 3341 historiam

1895 3365 2186 3445 diligenter
2247 3377 2411 3447 legat,
2449 3377 2663 3431 noverit
2699 3378 2860 3446 plane
2890 3387 2948 3432 ut
2981 3394 3088 3431 non
3119 3380 3225 3433 sibi
3253 3379 3475 3433 labora-

1895 3471 2036 3523 verit
2065 3468 2422 3539 martyr,\sed
2454 3478 2507 3522 et
2542 3468 2798 3537 plurimis
2832 3469 2958 3524 aliis
2985 3470 3096 3523 suis
3117 3471 3233 3536 ipse
3265 3470 3476 3525 labori-

1896 3563 1999 3617 bus
2034 3562 2270 3617 salutem
2304 3559 2686 3616 coneiliaverit
2720 3577 2734 3614 :
2774 3577 2938 3631 quam
2977 3562 3187 3624 multis,
3223 3567 3472 3632 inquam,

1898 3654 2062 3709 fuerit
2122 3661 2315 3707 auctor
2343 3660 2403 3707 ut
2426 3653 2609 3722 et-ipsi
2643 3667 2826 3722 parem
2875 3652 3190 3708 certaminis
3229 3668 3472 3716 cursum,

1898 3746 2176 3815 proprium
2229 3745 2554 3814 sanguinem
2613 3745 2849 3800 libantes
2902 3745 3035 3810 Deo,
3091 3744 3469 3801 conficerent:
3548 3807 3553 3811 υ

1898 3848 2026 3909 puta
2069 3838 2322 3893 Anatolio
2352 3848 2408 3891 et
2444 3837 2749 3891 Protoleoui
2785 3838 3167 3893 belliducibus
3214 3839 3305 3909 qui
3348 3838 3475 3908 ipsi,

1899 3935 1989 3989 ubi
2023 3934 2090 3988 ad
2148 3933 2415 3988 miracula
2447 3948 2569 4002 qua:
2598 3933 2690 3985 illo
2715 3933 3021 3986 certamine
3071 3931 3346 3999 effulsere,
3374 3934 3476 3985 oh-

1899 4027 2259 4096 stupuissent,
2297 4024 2463 4080 etiam
2491 4024 2876 4077 fortitudinem
2935 4024 3195 4095 martyris
3236 4026 3477 4080 tumulati

1900 4127 2068 4183 sunt;
2113 4117 2318 4186 inclyto
2371 4115 2499 4169 item
2540 4115 2618 4168 illi
2682 4112 2943 4184 Glycerio
2977 4114 3114 4185 (57},
3147 4131 3312 4184 quem
3351 4131 3480 4185 pro-

1900 4209 2049 4279 digio
2074 4206 2247 4268 vituli,
2283 4206 2352 4260 ab
2386 4204 2689 4259 irrationali
2725 4203 3000 4258 idolorum
3031 4204 3389 4259 observantia
3422 4215 3480 4261 et

1901 4299 2292 4371 superstitioso
2319 4297 2473 4353 cultu
2504 4297 2741 4351 absolvit
2771 4311 2784 4347 :
2820 4310 2965 4365 quos
2992 4311 3186 4356 omnes
3212 4312 3279 4350 ex
3316 4296 3477 4367 ipsis,

1903 4403 1964 4447 ut
1996 4398 2067 4446 ita
2101 4392 2304 4454 dicam,
2351 4398 2629 4445 extractos
2687 4388 2947 4444 draconis
3003 4386 3281 4454 faucibus,
3325 4389 3481 4442 victi-

183 4518 334 4564 κτα,
372 4498 452 4568 τῷ
479 4497 591 4567 ἰδίῳ
614 4499 857 4569 Δεσπότῃ
887 4495 1277 4567 προσαγαγών.
1306 4496 1428 4550 Ἔτι
1453 4495 1509 4548 δὲ
1544 4496 1635 4547 καὶ
1665 4493 1794 4546 θαύ-

1904 4503 2020 4543 mas
2080 4484 2352 4557 perfectas
2416 4492 2469 4537 et
2507 4491 2782 4551 acceptas,
2836 4481 3071 4537 Domino
3122 4497 3227 4536 suo
3261 4482 3479 4536 obtulit.

190 4607 365 4662 ματα
403 4590 642 4659 μέγιστά
666 4606 724 4641 τε
757 4590 850 4641 καὶ
877 4587 1093 4653 ἐξαίσια
1120 4604 1134 4617 ⁸
1171 4590 1249 4658 πῆ
1287 4588 1407 4659 μὲν,
1452 4589 1565 4650 τοῖς
1593 4587 1802 4649 πιστοῖς

190 4680 429 4736 αἰτοῦσι
461 4671 699 4748 νιφάδων
735 4680 890 4751 δίκην
921 4679 1296 4750 κεχαρισμένα
1326 4695 1338 4710 ⁸
1394 4680 1471 4749 πῆ
1520 4678 1579 4732 δὲ
1603 4719 1617 4741 ,
1650 4678 1803 4748 παρὰ

188 4776 318 4828 τῶν
354 4772 618 4825 ἐναντίων
651 4773 711 4824 οὑ
742 4771 947 4837 πιστῶς
993 4773 1312 4843 αἰτηθέντα,
1354 4772 1503 4844 ἔργῳ
1540 4772 1606 4825 δι’
1636 4771 1805 4843 εὐχῆς

187 4867 303 4920 τοῦ
350 4866 629 4935 μάρτυρος
657 4862 1002 4933 ἐκϐεϐηκότα
1036 4881 1051 4896 ·
1101 4866 1178 4929 ὡς
1219 4865 1310 4918 καὶ
1348 4863 1542 4935 νεκρὸν
1574 4864 1639 4918 ἐκ
1667 4863 1798 4935 λάρο

283 4999 301 5038 ι
344 4998 495 5052 I'sal.
561 4975 752 5061 cram,
795 4998 848 5051 6.

1904 4580 2177 4634 Prmterca
2231 4592 2363 4632 vero
2418 4576 2586 4631 etiam
2649 4575 2888 4628 maxime
2920 4575 3011 4628 illa
3048 4574 3484 4644 protligiosaquo

1904 4673 2189 4731 miracula,
2217 4684 2324 4739 qua
2352 4666 2656 4738 petentibus
2682 4666 2934 4721 fidelibus
2959 4665 3252 4721 confertim
3279 4666 3484 4720 instare

1902 4781 2007 4835 que
2048 4762 2238 4817 imbris
2288 4760 2489 4815 nivalis
2526 4758 2619 4821 Dei
2647 4757 2905 4828 largitate
2935 4759 3181 4823 donata;
3244 4771 3350 4826 qua
3389 4757 3483 4811 iu-

1900 4856 2129 4913 credulo
2156 4856 2358 4909 animo
2388 4853 2457 4907 ab
2487 4850 2823 4907 adversariis
2885 4849 3074 4920 petita,
3109 4848 3482 4920 precibusque

1528 5082 1760 5138 νΑΒΙᾹΞ
1800 5079 2211 5138 LECTIONES.

278 5186 333 5218 9⁵
367 5183 634 5239 Ῐσ.λεί.ττ.
677 5181 788 5236 διά.

714 5310 724 5319 .
1516 5260 1911 5317 COMBEFISII
1945 5260 2185 5318 NOTAE.
2217 5294 2235 5320 Ι
2782 5312 2793 5317 -

276 5365 789 5445 ‹,5’ἵ)1η‹ςιεμο-ίίιί⁸
837 5361 1102 5445 Glycerio.
1157 5360 1435 5445 Interpres
1486 5357 1796 5445 Liipomani,
1909 5361 2094 5442 tapltr.
2129 5357 2286 5445 Quod
2344 5374 2506 5427 porro
2546 5354 3482 5445 spectat-adidgettuisﬁmira‘cula

191 5432 365 5497 male
389 5432 640 5506 otnuin'o,
666 5434 824 5506 bovis
854 5432 1174 5506 miraculum
1228 5432 1293 5484 ad
1323 5432 1421 5506 viri
1456 5433 1797 5506 celebre__l_to-

192 5531 344 5569 men
381 5514 569 5574 refert,
601 5499 751 5563 velut
797 5503 924 5574 ipse
968 5502 1102 5574 illud
1132 5502 1383 5574 patrarit,
1422 5516 1529 5555 non
1562 5499 1629 5554 ad
1666 5499 1800 5574 libe-

192 5590 492 5639 rationem
543 5569 613 5636 ab
641 5569 972 5634 idololatria,
1006 5569 1481 5641 ejus—occasione;
1507 5586 1611 5637 qua
1636 5569 1798 5624 abso-

194 5655 391 5718 Iutus,
422 5668 489 5709 ex
515 5651 639 5706 fidei
672 5650 889 5718 fervore
935 5642 1307 5718 martyrioque
1364 5642 1798 5718 quatsito,__vere

194 5709 486 5793 ἀοίδιμος,
519 5730 575 5777 et
596 5711 991 5793 celeberrimus
1017 5709 1558 5793 evasit,'quauquam
1589 5709 1795 5793 alioqui

197 5780 385 5849 homo
411 5780 631 5865 privata
674 5788 896 5841 fortuna
921 5788 972 5834 et
1007 5780 1274 5847 rusticus,
1308 5790 1364 5836 ut
1404 5780 1483 5838 est
1520 5780 1660 5851 apud
1687 5780 1795 5835 Me-

1906 5427 2054 5485 circa
2079 5444 2301 5498 pecora,
2325 5445 2445 5496 qua:
2471 5429 2743 5498 przecipue
2767 5437 2918 5482 tanto
2946 5427 3069 5480 usui
3096 5436 3242 5487 sunt.
3267 5437 3487 5481 exstant

1906 5501 2244 5555 creberrima
2298 5503 2571 5565 exetupla,
2625 5514 2723 5552 nec
2775 5499 2829 5551 in
2866 5498 2933 5550 iis
2965 5498 3150 5550 infima
3181 5506 3330 5557 sunt,
3363 5513 3486 5565 qua:

1908 5517 2244 5555 CI'I‘DPI'I'IIIIII
2298 5517 2453 5553 CXCIII
2503 5517 2571 5562 III,
2625 5517 2723 5552 IIISC
2777 5517 2829 5551 ιη
2866 5517 2933 5550 IIS
2966 5517 3150 5550 IIIIIIIIII
3181 5517 3330 5557 Sllltl,
3363 5517 3484 5565 qua:

1908 5571 1973 5624 ad
2007 5570 2394 5624 miraculosam
2569 5567 2629 5622 P.
2683 5569 2951 5621 Dominici
3001 5567 3294 5636 imaginem
3340 5568 3484 5636 apud

1909 5642 2202 5696 Sorianum
2256 5645 2310 5694 in
2370 5639 2625 5694 Calabria
2679 5639 3042 5708 perhibentur
3090 5638 3229 5708 fieri,
3272 5648 3323 5692 et
3358 5652 3482 5692 cum

1905 5713 2031 5770 aliis
2063 5711 2530 5767 circumferuntur
2561 5707 2764 5766 minuti
2797 5710 3068 5766 volu'mine
3100 5707 3266 5781 edita.
