3978 6140
289 313 428 385 1193

1593 320 1675 382 IN
1714 322 1777 382 S.
1819 319 2216 383 NICOLAUM
2231 365 2244 380 .

3413 330 3440 396 1
3454 330 3553 397 194

286 438 446 509 λόγον
496 438 641 509 ζωῆς
688 437 972 509 ἐπέχοντα.
1024 454 1040 486 ι
1084 428 1293 498 Πολλὰς
1343 434 1448 505 γάρ
1503 442 1582 486 σοι
1630 434 1780 495 κλεῖς
1830 433 1850 484 i

1970 432 2260 488 contineas
2289 431 2404 503 (60)
2429 440 2592 505 atque
2618 452 2880 509 praetores
2900 449 2946 495 ο.
2989 437 3018 492 ›“
3041 441 3255 515 Quippe
3286 445 3386 503 tibi
3413 450 3551 528 mul-

284 532 458 605 ἀρετὴ
497 530 787 603 πεποίηκε,
825 530 920 583 καὶ
959 529 1115 582 οὖδέν
1153 545 1214 581 σε
1252 527 1362 580 τῶν
1403 526 1583 580 καλῶν
1618 525 1864 593 διέφυγε,

285 625 560 697 ποιμένων
594 624 784 698 ἄριστε
807 665 820 687 ,
859 624 953 677 καὶ
992 622 1297 694 ἀρχιερέων
1330 620 1659 691 πανεὺφημε
1695 619 1865 672 Νικό·

285 718 402 773 λαε.
436 719 625 782 Πάσας
657 718 767 791 γὰρ
801 717 874 781 ὡς
909 719 967 770 ἐν
999 713 1260 787 θησαυρῷ
1309 713 1496 785 χρυσῷ
1526 713 1654 776 τοὺς
1685 712 1865 775 λίθους

283 811 561 880 διαφανεῖς
608 813 673 882 τῇ
724 809 973 881 μακαρίᾳ.
1018 825 1113 862 σου
1156 805 1335 877 ψυχῇ,
1383 807 1484 869 τὰς
1527 805 1865 876 ὑπερτίμους

284 898 393 955 τῶν
442 901 656 973 ἀρετῶν
703 898 1001 965 ἐναπέθου,
1057 896 1383 967 περιϐόητος
1430 896 1682 950 ἐντεῦθεν
1728 896 1864 949 πᾶσι

283 994 471 1066 σχεδὸν
503 995 617 1054 τοῖς
653 993 743 1060 ὑφ’
761 992 896 1063 ἡλίῳ
929 991 1240 1061 γενόμενος.
1269 991 1381 1060 Οὐχ
1413 988 1557 1043 οὕτω
1603 987 1713 1059 γὰρ
1763 988 1860 1043 λύ-

281 1103 408 1155 χνος
425 1085 517 1137 ὲπὶ
546 1084 741 1154 λυχνίᾳ
771 1082 949 1146 τεθεὶς
971 1081 1149 1152 ὑψηλῇ
1182 1082 1278 1135 καὶ
1305 1080 1582 1152 διαχρύσῳ
1636 1080 1860 1149 φωτίζει

278 1175 349 1230 τά
386 1176 622 1247 πέρατα,
656 1174 730 1237 ὡς
771 1173 834 1227 σύ
873 1191 936 1243 γε
979 1173 1171 1244 πρώην
1206 1172 1298 1225 ἐπὶ
1336 1172 1430 1225 τοῦ
1470 1171 1859 1244 ἀρχιερατικοῦ

280 1267 494 1340 θρόνου,
528 1267 630 1320 ὑπὸ
660 1265 900 1337 Χριστοῦ
932 1264 1024 1318 τοῦ
1057 1264 1314 1336 ἀληθινοῦ
1348 1265 1526 1333 φωτὸς
1558 1264 1858 1333 ἀνατεθεὶς,

279 1359 535 1429 καθάπερ
567 1359 625 1409 ἐν
659 1356 930 1428 αὐχμηρῷ
962 1356 1114 1428 τόπῳ
1146 1355 1224 1426 τῷ
1258 1358 1495 1425 ἀφεγγεῖ
1523 1355 1617 1409 τοῦ
1653 1357 1858 1428 κόσμου

276 1449 485 1520 χωρίῳ,
521 1448 730 1510 πάντας
765 1447 889 1509 τοὺς
930 1445 1034 1499 ὑπὸ
1067 1444 1162 1498 σοῦ
1201 1445 1682 1516 ποιμαινομένους,
1722 1447 1861 1517 πρὸς

275 1540 336 1592 τὸ
366 1540 666 1608 ἀνύκτερον
693 1535 806 1606 φῶς
837 1535 1129 1606 δᾳδουχῶν,
1159 1535 1475 1603 διαυγάζεις
1494 1551 1508 1565 '
1542 1535 1635 1588 ml.
1660 1528 1773 1588 οἷον
1796 1534 1860 1589 ἐκ

272 1648 420 1694 τινος
450 1629 723 1700 μετεώρου
751 1627 1047 1698 περιοπῆς,
1072 1628 1133 1680 οὗ
1167 1627 1328 1697 μόνον
1352 1628 1479 1690 τοὺς
1504 1629 1696 1696 ἐγγὺς,
1722 1627 1859 1681 ἀλλά

274 1723 372 1777 καὶ
413 1723 538 1784 τοὺς
615 1720 808 1791 πόρρω
848 1719 1226 1790 διεστηκότας,
1267 1717 1347 1789 τῷ
1389 1718 1618 1772 ἁπλανεί
1659 1719 1757 1789 τῆς
1799 1721 1858 1772 ἐν

274 1814 550 1883 πνεύματι
588 1811 864 1881 γνώσεως,
903 1810 1346 1882 καταπυρσεύεις
1408 1811 1748 1880 αὑγάσματι.
1786 1810 1854 1863 Σὲ

270 1910 384 1979 γὰρ
418 1906 621 1977 ὑψηλὸν
655 1904 873 1974 ἀληθῶς
903 1905 936 1974 ἡ
975 1903 1244 1974 ἀγγελικὴ
1280 1904 1525 1957 πολιτεία
1561 1906 1851 1975 πεποίηκε.

272 2000 344 2054 Σὲ
400 1999 462 2052 τὸ
499 1996 742 2068 καθαρόν
765 2013 826 2048 τε
854 1996 948 2049 καὶ
977 1995 1311 2066 θεωρητικὸν
1335 1999 1434 2060 τῆς
1465 1997 1600 2069 πρὸς
1624 1997 1684 2051 τὸ
1711 1997 1854 2051 θεῖον

273 2088 508 2161 ἀληθοῦς
529 2087 883 2158 ἀνακράσεως
904 2086 1019 2150 ,τὰς
1042 2087 1328 2156 οὐρανίους
1354 2087 1550 2154 ἀψίδας
1574 2088 1851 2159 ὑπερπτῆ-

271 2199 362 2235 ναι
387 2179 572 2251 σχεδὸν
593 2177 1026 2250 παρεσκεύασεν.
1046 2177 1284 2231 Αὐτόθεν
1305 2195 1388 2231 σοι
1409 2178 1474 2249 δὴ
1499 2179 1593 2232 καὶ
1612 2179 1673 2231 τὸ
1697 2179 1853 2233 πολυ-

270 2270 411 2332 ειδὲς
449 2269 558 2322 τῶν
592 2270 824 2342 ἀρετῶν,
938 2268 1007 2321 τὰ
1044 2271 1144 2339 τῆς
1180 2269 1493 2340 πρακτικῆς
1530 2270 1851 2339 φιλοσοφίας

272 2361 637 2426 συνείλεκται,
663 2361 822 2431 δίκην
849 2362 1131 2432 μελίσσης,
1155 2360 1527 2430 ὲκπεριελόντι
1552 2361 1660 2415 τῶν
1679 2362 1849 2431 ἁγίων

268 2453 397 2516 τοὺς
428 2452 575 2521 βίους
590 2468 604 2481 ·
632 2451 887 2505 κάκεῖθεν
908 2450 1290 2522 ἐρανισαμένῳ
1312 2449 1422 2504 τῶν
1445 2450 1658 2521 ἀρετῶν
1683 2453 1851 2523 ἀκρο-

270 2543 435 2597 θίνια.
463 2543 599 2595 Τίνα
634 2543 742 2613 γὰρ
775 2540 884 2595 τῶν
919 2541 1130 2611 ἀρετῶν
1161 2540 1271 2594 τῶν
1304 2542 1475 2609 ἁγίων
1507 2543 1568 2596 οὐ
1606 2543 1852 2616 παρεξή-

269 2636 470 2699 λωσας,
514 2628 559 2687 ὧ
607 2635 823 2705 Πάτερς
852 2634 922 2687 Ἦ
964 2633 1109 2696 τίνος
1153 2633 1264 2686 τῶν
1311 2635 1577 2703 ὑπερλίαν
1618 2637 1679 2688 οὐ
1726 2637 1847 2690 κατ’

271 2727 418 2797 ἴχνος
444 2723 742 2796 εὐώδησας,
768 2725 801 2796 ἢ
829 2727 1075 2796 κρεῖττον
1099 2726 1297 2784 είπεῖν.
1322 2726 1427 2777 τίνι
1448 2726 1556 2779 τῶν
1580 2730 1703 2780 κατ’
1723 2729 1848 2796 ἀρε-

267 2821 370 2890 τὴν
400 2819 712 2888 ζησάντων,
743 2816 1083 2888 ἁμιλληθεὶς,
1118 2817 1178 2870 σὲ
1208 2818 1368 2871 αὐτὸν
1394 2819 1457 2871 οὐ
1485 2821 1844 2890 παρίσωσας;

343 2911 511 2965 ’Λϐελ
552 2912 581 2963 ὁ
617 2910 842 2974 δίκαιος,
872 2910 965 2963 ἐπὶ
1000 2911 1116 2972 τοῖς
1148 2908 1342 2978 δώροις
1378 2910 1542 2963 αὑτοῦ
1582 2913 1843 2985 ἐπῃνέθη,

268 3003 435 3064 abre;
477 3002 553 3069 δέ,
594 3001 902 3055 δικαιότατε
947 3001 1150 3073 Πάτερ,
1195 3001 1369 3071 δῶρον
1410 3001 1532 3055 ὅλον
1575 3003 1634 3055 σὲ
1685 3003 1848 3057 αὐτὸν

1969 528 2056 575 tas
2097 522 2229 577 fecit
2280 525 2461 581 virtus
2517 528 2737 599 claves;
2778 548 2878 590 ncc
2916 540 3029 589 tete
3087 535 3388 613 quidquam
3418 522 3548 597 boni

1968 610 2127 683 fugit,
2162 625 2446 683 pastorum
2482 621 2711 691 optime,
2751 626 3194 697 pontiﬁcumque
3219 610 3547 704 celebratis-

1967 705 2110 761 sime
2147 705 2396 764 Nicolae.
2426 710 2874 775 Pretiosissimas
2907 722 3052 779 enim
3082 736 3334 794 quasque
3369 725 3547 780 virtu-

1966 804 2072 862 tes,
2100 801 2249 856 velut
2274 804 2328 858 in
2364 807 2612 873 pretioso
2662 811 2943 889 thesauro;
2974 816 3277 885 pellucidos
3309 818 3543 888 lapides,

1965 890 2021 943 in
2054 892 2210 947 beata
2262 896 2442 951 anima
2476 908 2570 954 tua
2598 890 2922 967 condidisti.
2952 908 3082 964 inde
3137 911 3394 967 omnibus
3432 911 3549 969 fere

1964 983 2068 1037 sub
2105 985 2224 1039 sole
2256 988 2461 1056 positis
2487 990 2668 1059 factus
2710 990 2856 1051 fama
2892 999 3267 1061 clarissimus.
3312 1004 3435 1061 Non
3464 1006 3547 1063 sic

1962 1075 2108 1128 enim
2166 1077 2392 1135 lucerna
2450 1086 2673 1142 excelso
2700 1103 2979 1162 aureaque
3004 1095 3337 1153 candelabro
3368 1098 3548 1169 impo-

1963 1166 2092 1231 sita,
2125 1167 2325 1228 domus
2376 1174 2619 1232 illustrat
2669 1178 2805 1237 ﬁnes
2846 1197 3043 1240 omnes
3098 1196 3154 1240 et
3182 1190 3414 1258 angulos
3438 1166 3465 1258 ς-
3485 1200 3546 1246 ιιι

1962 1266 2044 1320 tu,
2077 1261 2262 1315 statim
2326 1268 2654 1338 pontiﬁcali,
2689 1287 2717 1326 a
2746 1274 2966 1331 Christo
3008 1293 3140 1334 vero
3195 1279 3290 1336 illo
3314 1281 3541 1351 lumine,

1961 1348 2174 1408 locatus
2235 1356 2459 1425 throno,
2491 1363 2640 1419 velut
2684 1368 2981 1425 tenebroso
3011 1371 3156 1438 loco,
3196 1375 3405 1429 mundo
3439 1348 3545 1430 hoc

1960 1440 2202 1498 obscuro
2241 1461 2522 1520 caecoque,
2557 1456 2812 1514 subditas
2844 1475 3039 1518 omnes
3087 1478 3241 1530 oves,
3266 1480 3367 1522 ceu
3398 1483 3544 1537 prae-

1961 1541 2119 1590 tensa
2152 1536 2294 1605 face,
2320 1543 2388 1596 ad
2422 1544 2609 1602 lumen
2646 1549 2860 1608 ducens
2895 1556 3076 1610 noctis
3106 1536 3543 1626 nescium,illu-

1961 1630 2107 1682 stras
2139 1642 2245 1684 :ac
2272 1633 2423 1687 velut
2456 1635 2525 1691 de
2562 1641 2783 1697 excelsa
2826 1647 3076 1713 specula,
3108 1662 3219 1703 non
3261 1650 3329 1705 iis
3361 1652 3541 1707 solum

1959 1718 2059 1812 qui
2114 1731 2246 1777 sunt
2300 1740 2495 1797 prope,
2532 1730 2627 1785 sed
2686 1740 2742 1786 et
2771 1734 2930 1806 longe
2987 1740 3210 1807 positis,
3270 1742 3541 1812 spiritalis

1958 1811 2203 1867 scientiae
2246 1831 2378 1871 vero
2436 1820 2615 1889 radio,
2661 1825 2951 1894 praeluces.
2986 1828 3158 1887 Plane
3183 1811 3331 1888 enim
3365 1836 3541 1892 subli-

1957 1917 2099 1958 mem
2128 1904 2254 1961 fecit
2288 1911 2541 1980 angelica
2576 1914 2704 1971 vita:
2751 1918 3009 1975 instituta
3042 1924 3207 1979 ratio.
3232 1923 3405 1994 Fecit,
3442 1943 3535 1983 ve-

1956 2010 2030 2048 ra:
2060 1996 2127 2049 ad
2169 1996 2338 2053 Deum
2366 2002 2515 2058 velut
2558 2010 2977 2078 temperatiouis
3036 2014 3253 2085 puritas
3283 2025 3536 2074 contem-

1955 2085 2257 2156 platioque,
2308 2098 2368 2144 ut
2396 2108 2535 2161 pene
2568 2098 2829 2156 ctelestes
2871 2116 3004 2159 axes
3032 2106 3219 2162 volatu
3246 2115 3536 2165 transcen-

1953 2173 2132 2230 deres.
2165 2177 2295 2234 lude
2316 2189 2371 2235 et
2405 2182 2501 2236 tibi
2523 2186 2876 2245 multiformis
2902 2192 2996 2246 illa
3026 2195 3235 2261 virtus,
3260 2213 3391 2267 qua,
3413 2200 3534 2269 apis

1955 2264 2154 2335 instar,
2207 2280 2529 2328 sanctorum
2587 2280 2740 2334 velut
2800 2281 3107 2354 decerpens
3157 2288 3322 2353 vitas,
3355 2304 3536 2360 exque

1953 2359 2035 2414 eis
2060 2362 2324 2418 virtutum
2354 2368 2539 2437 opima
2593 2385 2917 2444 corrogans,
2945 2377 3182 2445 positam
3234 2380 3289 2434 in
3319 2359 3535 2437 actione

1951 2452 2360 2525 philosophiam
2403 2461 2648 2534 collegit.
2685 2464 2859 2532 Quam
2883 2468 3031 2535 enim
3060 2480 3382 2528 sanctorum
3422 2475 3535 2529 vir-

1952 2550 2125 2600 tutem
2157 2563 2267 2602 non
2300 2565 2362 2606 es
2391 2554 2698 2621 aemulatus,
2726 2574 2758 2611 ο
2810 2557 3015 2615 Pater?
3052 2560 3297 2627 Quemve
3354 2566 3533 2620 maxi-

1953 2649 2102 2691 mum
2144 2653 2256 2694 non
2284 2656 2315 2696 e
2345 2644 2580 2716 vestigio
2634 2645 2868 2704 feliciter
2933 2663 3162 2708 secutus
3186 2656 3285 2711 es?
3316 2655 3434 2723 Vel,
3471 2665 3533 2713 ut

1952 2727 2148 2785 melius
2181 2730 2393 2802 loquar,
2447 2751 2739 2805 quemnam
2792 2754 2983 2796 eorum
3038 2746 3133 2814 qui
3169 2746 3355 2803 vixere
3385 2764 3417 2804 e
3443 2764 3535 2804 ra.

1952 2818 2101 2876 tione
2130 2820 2374 2891 virtutis,
2417 2830 2725 2887 certamine
2763 2847 2872 2887 non
2903 2838 3183 2905 aequasti?

2021 2913 2153 2969 Abel
2179 2916 2270 2970 ille
2290 2916 2478 2986 justus
2497 2929 2719 2990 propter
2742 2938 2970 2979 munera
3001 2925 3215 2983 laudem
3242 2931 3443 2986 meruit
3464 2942 3529 2995 νς

1951 3015 2006 3059 ιιι
2032 3015 2237 3075 autem,
2262 3009 2426 3065 Pater
2455 3011 2788 3083 iustissime,
2820 3027 2995 3073 totum
3036 3027 3110 3087 te,
3142 3023 3253 3077 Deo
3280 3025 3373 3093 qui
3402 3025 3527 3079 nul-

267 3092 391 3163 Θεῷ
422 3091 498 3162 τῷ
531 3090 767 3144 ἀνενδεεῖ
798 3089 1033 3158 λογικῶς
1065 3089 1444 3153 ἀνατέθεικας.
1483 3091 1654 3163 Ἑνὼχ
1685 3093 1848 3164 ἠλπι-

1955 3097 2061 3153 lius
2089 3107 2234 3169 eget,
2284 3103 2543 3159 rationali
2585 3121 2812 3163 munere
2852 3113 3221 3168 consecrasti;
3256 3115 3438 3168 Enoch
3475 3115 3529 3170 in

271 3200 366 3235 σεν
396 3182 489 3234 ἐπὶ
520 3180 743 3251 Κύριονο
783 3179 945 3243 αὐτὸς
973 3180 1029 3233 δὲ
1060 3179 1156 3234 καὶ¹
1187 3179 1298 3233 τῶν
1328 3183 1851 3252 προσαποκειμένων

171 3312 180 3321 .
267 3273 504 3328 ἐλπίδων
538 3273 686 3344 ᾕδεις
725 3272 825 3334 τὰς
864 3272 1169 3338 ἀποδείξεις
1208 3272 1479 3343 ἐναργεῖς.
1509 3273 1653 3339 Ἔτι,
1682 3273 1852 3345 Ἑνὼχ

266 3365 639 3437 εὐαρεστήσας
669 3362 751 3433 τῷ
782 3363 903 3435 Θεῷ
934 3364 1225 3435 μετετέθη,
1251 3364 1412 3425 αὐτὸς
1446 3364 1503 3418 δὲ
1531 3365 1591 3417 τὸ
1618 3366 1717 3436 τῆς
1749 3366 1851 3434 ψυ-

266 3463 370 3532 χῆς
402 3459 657 3530 φρόνημα
689 3457 809 3511 ὅλον
835 3458 944 3512 ἀπὸ
973 3460 1078 3529 γῆς
1108 3460 1187 3522 είς
1220 3458 1449 3530 οὐρανὸν
1483 3460 1847 3531 μεταστήσας,

248 3552 389 3614 -ὃλος
439 3571 458 3603 t
502 3551 725 3619 ἐξέστης
762 3550 913 3620 Θεῷ,
970 3571 988 3602 ι
1036 3551 1104 3603 τὰ
1152 3552 1344 3619 ῥέοντα
1390 3551 1498 3604 τῶν
1546 3551 1847 3620 μελλόντων

265 3641 759 3710 ἀνταλλαξάμενος.
798 3641 922 3693 Νῶε
963 3640 1170 3704 δίκαιος
1210 3639 1317 3704 ῶν,
1352 3641 1444 3693 ἐπὶ
1478 3642 1599 3703 ταῖς
1633 3640 1849 3707 θυσίαις

263 3732 629 3795 εὖαπόδεκτος
666 3732 923 3799 γέγονεν’
967 3733 1088 3784 ἐπεὶ
1129 3732 1224 3786 καὶ
1262 3735 1331 3802 τῇ
1370 3731 1599 3804 λάρνακι
1637 3732 1844 3806 ξυλίνῃ,

263 3825 425 3890 ζώων
450 3824 662 3892 ἀλόγων
687 3824 819 3895 γένη
836 3824 1062 3877 διέσωσε
1078 3823 1171 3877 τοῦ
1203 3825 1591 3894 κατακλυσμοῦ
1620 3825 1718 3896 τὴν
1742 3825 1847 3896 γῆν

263 3916 716 3986 συγκαλύψαντος
737 3932 752 3946 ⁶
780 3916 944 3979 αὐτὸς
973 3915 1030 3969 δὲ
1056 3914 1276 3987 θύματα
1305 3917 1400 3969 καὶ
1429 3918 1600 3986 ἱερεῖα
1627 3917 1843 3986 λογικὰ,

257 4008 365 4073 τὰς
397 4007 665 4078 μυστικὰς
691 4007 947 4078 λατρείας
971 4008 1306 4079 προσφέρεις
1327 4007 1466 4078 Θεῷ,
1488 4007 1655 4079 ἄλλην
1676 4009 1845 4063 κιϐω-

256 4101 354 4154 τὸν
387 4099 601 4163 δεικνὺς
638 4099 735 4171 τὴν
767 4098 1007 4170 Χριστοῦ
1044 4100 1399 4170 Ἐκκλησίαν,
1433 4099 1687 4172 καθάπερ
1727 4101 1844 4166 ζῶα

255 4189 524 4260 πολυειδῆ
541 4188 588 4220 ’⁸
620 4190 688 4242 τά
723 4190 825 4258 τῆς
868 4189 1135 4260 αἱρέσεως
1173 4188 1549 4253 διασώζουσαν
1577 4192 1643 4260 τῇ
1682 4190 1842 4262 ὀρθο-

252 4281 424 4353 τομίᾳ
451 4281 560 4334 τῶν
587 4282 763 4355 λόγων
796 4298 912 4335 σου.
945 4280 1198 4353 Ἀϐραὰμ
1228 4284 1288 4334 ἐν
1316 4281 1593 4355 φιλοξενίᾳ
1621 4283 1720 4336 καὶ
1749 4301 1840 4352 φι-

250 4374 441 4446 λοθεΐᾳ
467 4373 828 4444 θαυμάζεται,
853 4375 950 4428 καὶ
978 4374 1095 4446 ἅμα
1123 4374 1272 4445 θῦμα
1296 4374 1484 4429 δεκτὺν
1508 4375 1724 4440 ἀθύτως
1748 4377 1839 4430 τὸν

1954 3186 2188 3246 Domino
2224 3192 2640 3267 speravit(‘)'l)q
2662 3215 2676 3263 ;
2698 3208 2753 3254 tu
2777 3209 2958 3254 autem
2973 3203 3139 3258 etiam
3180 3217 3375 3259 eorum
3409 3219 3532 3275 qua:

1953 3279 2009 3333 in
2049 3294 2147 3350 spe
2175 3284 2414 3351 reposita
2433 3293 2617 3341 essent
2643 3289 3010 3348 exhibitiones
3042 3294 3331 3364 perspicue
3361 3310 3530 3351 nove-

1951 3384 2062 3424 ras.
2089 3371 2381 3441 Praeterea,
2413 3373 2602 3431 Enoch
2639 3392 2763 3432 cum
2793 3378 2904 3434 Deo
2922 3381 3243 3450 placuisset,
3280 3386 3530 3441 transla-

1950 3466 2040 3514 tus
2075 3469 2162 3516 est
2194 3471 2258 3513 τε
2294 3471 2353 3516 ιιι
2391 3472 2576 3519 autem
2614 3474 2730 3521 toto
2779 3470 2948 3524 animi
2993 3487 3160 3527 sensu
3213 3489 3246 3530 e
3293 3482 3443 3531 terra
3473 3479 3527 3530 in

1950 3551 2152 3606 celum
2187 3554 2482 3619 translato,
2516 3556 2663 3613 ﬂuxa
2729 3559 2846 3616 haec
2878 3559 3088 3618 futuris
3142 3576 3490 3622 commutans
3512 3609 3527 3630 ,

1949 3649 2098 3698 totus
2137 3662 2157 3694 ι
2190 3646 2479 3702 excessisti
2512 3646 2619 3703 Deo
2646 3652 2729 3704 ⁸.»
2762 3648 2878 3707 Noe
2903 3653 2986 3706 vel
3011 3653 3199 3724 justus
3230 3655 3287 3710 in
3324 3658 3528 3712 oblatis

1947 3734 2188 3792 victimis
2212 3746 2472 3808 acceptus
2500 3737 2603 3794 fuit
2622 3741 2643 3778 ί
2672 3758 2687 3807 ς
2713 3742 2859 3797 unde
2884 3751 2939 3799 et
2962 3744 3250 3800 brutarum
3274 3747 3528 3801 animau-

1946 3826 2084 3881 tium
2126 3828 2364 3898 species,
2395 3831 2604 3886 diluvio
2641 3842 2849 3889 terram
2897 3836 3226 3905 inundante,
3295 3854 3425 3894 area
3454 3841 3527 3895 li-

1944 3929 2086 3987 gnea
2157 3918 2227 3972 ab
2296 3920 2519 3975 interitu
2584 3922 2853 3993 eripuit:
2906 3935 2967 3980 ιιι
3025 3938 3209 3983 autem
3270 3930 3525 3986 victimas

1944 4009 2242 4066 rationales
2290 4012 2563 4067 sacriﬁcia
2594 4015 2869 4082 spiritalia
2923 4017 3032 4073 Deo
3070 4019 3329 4087 oﬂ‘erens,
3375 4024 3525 4079 velut

1944 4115 2127 4157 arcam
2155 4100 2318 4157 aliam
2352 4103 2577 4160 exhibes
2611 4105 2706 4161 Dei
2739 4104 3091 4175 Ecclesiam;
3140 4126 3271 4180 qua.
3303 4122 3522 4168 tuorum

1944 4206 2263 4248 sermonum
2288 4208 2425 4250 sana
2471 4195 2749 4263 doctrina,
2779 4212 2878 4252 ceu
2910 4199 3264 4256 diversarum
3309 4208 3525 4274 specie--

1942 4299 2065 4337 rum
2125 4286 2405 4350 animalia,
2472 4286 2858 4345 haereticorum
2894 4291 3101 4346 diversi
3155 4303 3336 4349 ctetus
3383 4296 3520 4350 salvi

1943 4375 2095 4430 fiant.
2138 4377 2414 4433 Abraham
2449 4378 2847 4448 hospitalitatis
2867 4384 3089 4440 nomine
3108 4394 3166 4440 et
3196 4386 3420 4456 pietatis
3461 4389 3518 4442 in

250 4466 313 4533 ἐξ
342 4468 671 4536 ἐπαγγελίας
699 4467 814 4520 υἱὸν
842 4468 1141 4538 προσάγων
1168 4466 1309 4538 Θεῷ,
1332 4469 1833 4538 μακαρίζεταιάὺο

1955 4466 2111 4523 Deum
2143 4447 2575 4526 admirationem
2606 4473 2771 4530 habet
2795 4487 2845 4542 υ,
2882 4476 3171 4547 liliumque
3195 4447 3516 4548 susceptum

250 4557 348 4621 τδς
379 4556 458 4623 δὲ,
490 4557 725 4629 Χριστὸν
754 4557 916 4611 αὐτὸν
946 4556 1189 4628 ξενάγεις
1221 4557 1415 4611 ἐσθίων
1445 4559 1570 4612 καθ’
1592 4560 1827 4631 ἡμέραν,

251 4647 399 4721 [καὶ]
426 4650 804 4721 πνευματικῆς
836 4651 1152 4721 μεταδιδοὺς
1178 4649 1462 4723 τραπέζης
1485 4653 1612 4715 τοὺς
1638 4653 1830 4721 ἐντυγ-

244 4741 515 4810 χάνοντας
539 4758 554 4772 °
588 4741 684 4796 καὶ
714 4741 839 4814 θύῃ,
868 4744 931 4798 οὐ
958 4743 1052 4797 τὸν
1078 4743 1361 4816 ἀγαπητὸν
1386 4745 1522 4809 υἱὸν,
1548 4745 1582 4817 ἢ
1615 4746 1826 4816 πρόϐα-

317 4917 605 4990 τΡιιὶιίρρ.
645 4935 707 4981 ιι,
763 4920 882 4990 15χ
930 4930 958 4970 ι)
995 4917 1136 4975 Gen.
1167 4935 1244 4977 tv.
1281 4920 1339 4974 4.
1416 4930 1446 4970 τι
1474 4920 1612 4977 Gen.
1642 4936 1696 4986 v,
1734 4920 1828 4979 24.

242 4999 273 5029 τι
308 4988 451 5045 Gen.
482 4988 639 5058 xvi",
673 4990 729 5044 2.
802 5002 834 5032 τ
856 4989 995 5046 Gen.
1025 5005 1163 5054 χιιι,
1194 4990 1271 5050 16.

1941 4575 2006 4615 ex
2060 4564 2513 4630 repromissione,
2581 4566 2865 4623 victimam
2957 4570 3080 4624 sine
3139 4570 3514 4628 immolatione

1938 4661 2243 4722 acceptam,
2296 4653 2410 4710 Deo
2456 4654 2717 4724 offerens,
2749 4659 2945 4717 beatus
2976 4662 3314 4731 praedicatur
3337 4673 3405 4732 V;
3452 4669 3510 4717 tu

1935 4752 2141 4810 autem,
2197 4747 2541 4804 manducans
2604 4752 2858 4824 quotidie
2915 4752 3054 4825 (62),
3104 4762 3269 4825 atque
3301 4770 3398 4811 eos
3422 4756 3518 4826 qui

1908 4932 1932 4960 τ
1967 4926 2227 4991 Hebr.xt,
2265 4926 2320 4980 5.

2400 4933 2422 4959 '
2456 4925 2500 4983 ll
2531 4927 2662 4985 Cor.
2709 4947 2765 4996 v,
2819 4934 2908 4988 15.
3014 4936 3036 4973 τ
3068 4934 3205 4993 Gen.
3275 4954 3393 5009 vm,
3421 4936 3512 5007 2|.

1517 5062 1750 5120 VARIIE
1787 5066 2172 5137 LECTIONES

1517 5196 1910 5257 COMBEFISII
1940 5201 2175 5260 NOTAE.

316 5129 366 5163 ”
390 5128 555 5183 λείπ.
577 5145 654 5187 τι.

319 5312 429 5392 (θθ)
473 5311 587 5392 ΩιιρΔ
631 5312 842 5392 eertum
892 5314 1021 5392 vim:
1064 5311 1356 5392 contineas,
1401 5320 1531 5392 etc._
1568 5312 1639 5369 Ut
1671 5318 1817 5384 apud

235 5382 504 5466 Paulum:
552 5382 631 5466 ita
675 5382 811 5466 hic,"
844 5390 1029 5466 potest
1055 5382 1398 5466 participium
1443 5383 1675 5466 referre.
1700 5382 1817 5441 tum

234 5470 405 5526 quem
428 5453 729 5533 alloquitur
750 5450 1052 5533 Nicolaum,
1078 5459 1191 5533 tum
1216 5451 1502 5533 φωστῆρα,
1526 5455 1618 5533 cui
1638 5455 1819 5523 ipsum

233 5519 839 5603 comparatjlteferunt
861 5520 977 5577 fere
1002 5519 1158 5603 Pauii
1179 5519 1507 5591 interpretes
1534 5524 1615 5579 ad
1634 5519 1821 5593 perso-

230 5609 344 5653 nas
371 5602 427 5647 et
478 5591 859 5661 Philippenses
906 5603 1049 5662 quos
1103 5590 1385 5663 dilaudat,
1423 5604 1679 5663 quem—et
1712 5611 1819 5653 nos

229 5675 465 5724 sensum
492 5664 669 5717 secuti
707 5676 917 5717 sumus.

311 5732 426 5804 (6|)
462 5729 726 5786 Euochin
768 5729 991 5786 Domina
1015 5732 1265 5800 speravit.
1297 5734 1615 5801 Apostolus,
1647 5732 1814 5793 Hebr.

519 5825 790 5886 ΡΑτιιοι.
836 5824 951 5884 Gn.
981 5826 1221 5889 XCVII.

1929 5320 2640 5401 xt,_lideitribuittverum
2696 5344 2806 5383 non
2864 5330 3108 5386 excludit
3154 5346 3330 5401 spem,
3384 5348 3505 5399 qua:

1928 5401 1982 5446 et
2010 5391 2485 5472 ipsa_n.eces_saria
2519 5396 2622 5452 fuit
2648 5407 2708 5472 ut
2732 5401 2972 5472 placeret
3008 5401 3142 5465 Deo,
3172 5391 3505 5472 plurimum-

1928 5474 2039 5542 qu_e
2070 5462 2242 5542 valuit
2268 5464 2336 5518 ad
2374 5467 2494 5535 ejus
2520 5462 2964 5542 translaiionem,
2999 5462 3148 5527 velut
3172 5462 3283 5528 'viri
3323 5475 3414 5542 qui
3439 5488 3506 5528 ea

1929 5530 2319 5607 subvectusac
2342 5530 2491 5593 totus
2523 5539 2845 5596 caelestibus
2872 5530 3112 5607 inhians,
3148 5542 3240 5597 vix
3263 5530 3373 5599 non
3402 5542 3507 5598 hu-~

1929 5599 2130 5677 manis,
2154 5602 2338 5677 adhuc
2368 5619 2599 5677 corpore
2625 5610 2836 5674 vivens,
2859 5599 3169 5669 excessisse
3199 5614 3501 5669 videretur.

2001 5669 2482 5754 (62)}!anducaus'
2523 5677 2776 5748 quotidie.
2824 5669 3055 5754 Ἕσθίων
3110 5681 3236 5737 καθ’
3265 5684 3495 5754 ἡμέραν.

1932 5739 2026 5794 Pia
2073 5739 2366 5799 admodum
2418 5739 2655 5820 veraque
2708 5752 3103 5809 consideratio.
3164 5754 3238 5808 Ea
3275 5739 3500 5825 pit-tate,

3107 5847 3182 5911 38

3546 4999 3556 5068 ί

3546 5074 3563 5125 ι
