3978 6140
321 328 342 392 1
359 322 457 392 1⁸97

1616 325 1697 386 IN
1731 324 1792 385 S.
1839 321 2263 385 NICOLAUM.

3440 318 3576 383 1193

306 447 438 500 ὅλου
471 441 759 513 γενόμενος
779 479 793 503 ,
830 437 1109 510 ὀφθαλμὸς
1141 437 1239 509 τῆς
1271 430 1594 508 Ἐκκλησίας
1626 441 1693 508 τῇ
1731 440 1889 508 μερί-

2004 436 2157 492 modo
2180 433 2477 489 imitandos
2500 430 2867 504 preposuisti,
2899 430 2998 488 sed
3027 438 3081 487 et
3100 430 3309 487 Christi
3333 432 3580 505 discipu-

320 552 457 609 μνῃ,
498 533 596 587 καὶ⁵
640 529 874 598 σάλπιγξ
915 528 1111 600 εὔηχος
1143 528 1539 607 ὲχρημάτισας.
1578 528 1694 582 Νῦν
1715 529 1761 561 ³⁸
1802 528 1897 581 καὶ

317 629 495 681 εἰπεῖν
520 623 754 695 άληθῶς,
785 623 843 675 τὸ
875 624 1146 693 γραφικδν
1176 625 1353 675 ἐκεῖνο
1387 620 1551 692 ῥητόν
1574 637 1588 653 ο
1631 639 1650 671 ι
1688 621 1895 692 Μνήμη

304 718 544 773 ,δικαίων
575 714 724 788 [μετ’
748 712 1061 784 ἐγκωμίων.
1099 711 1155 776 ι]
1187 713 1333 766 Καὶ.
1370 732 1389 763 ι
1428 714 1520 776 Εἰς
1552 713 1899 783 μνημόσυνον

316 809 533 864 αἰώνιον
567 807 723 859 ἔσται
756 805 985 866 δίκαιος.
1027 822 1046 855 ι
1082 803 1195 856 Καὶ
1232 803 1378 873 μάλα
1414 802 1662 866 εἰκότως.
1692 804 1899 871 Ἐγκω-

320 896 655 970 μιαζομένου
675 896 784 966 γὰρ
802 894 1040 957 δικαίου,
1057 892 1527 964 εὐφρανθήσονται
1548 893 1670 946 λαοὶ
1692 893 1896 946 πολλοί.

2002 529 2109 594 los,
2128 528 2329 597 quibus
2355 526 2531 596 gratia
2558 539 2615 582 et
2650 526 2851 581 veritas
2879 524 3177 580 tenebroso
3201 524 3458 596 legalium
3489 543 3578 582 ve-

2004 621 2087 674 lut
2108 618 2301 674 collari
2325 618 2510 672 laxato
2540 615 2675 686 (63),
2703 618 2819 672 veri
2852 617 2905 672 in
2935 618 3135 687 spiritu
3187 618 3367 673 cultus
3400 617 3580 688 palam

2004 710 2168 766 nobis
2207 716 2552 766 sacramenta
2610 708 2835 779 detegit.
2883 707 3092 764 llorum
3153 709 3276 780 ipse
3332 717 3582 764 sectator

2004 818 2102 874 per
2154 804 2339 857 omnia
2398 802 2599 869 factus,
2648 802 2909 857 Ecclesia:
2950 802 3148 857 oculus
3205 801 3584 856 sollicitudine

2005 908 2070 949 ac
2099 895 2230 949 tuba
2265 910 2464 950 sonora
2521 893 2695 955 luisti.
2725 892 2919 948 Fuerit
2967 893 3079 963 jam
3107 909 3238 949 vere
3259 894 3411 964 loqui
3445 893 3581 948 illud

319 988 620 1058 Scriptura!
649 1003 663 1039 :
703 1003 722 1034 ι
749 982 1308 1052 Memoriajustorum
1333 997 1459 1037 cum
1485 982 1756 1037 encomiis
1779 982 1828 1037 δ.
1860 1001 1880 1035 ι
1924 982 1992 1038 Et
2019 1002 2032 1039 :
2075 1002 2094 1035 ι
2125 984 2183 1038 In
2230 985 2499 1039 memoria
2529 993 2735 1040 aeterna
2767 984 2872 1038 erit
2896 983 3081 1053 justus
3110 985 3183 1041 b‘.
3219 1004 3240 1037 ι
3284 987 3363 1041 Ac
3418 985 3584 1056 plane

316 1084 537 1140 merito.
595 1078 755 1135 Justo
807 1079 953 1131 enim
1002 1076 1276 1132 encomiis
1304 1076 1607 1139 celebrato,
1641 1077 1889 1133 futurum
1927 1090 2013 1138 est
2038 1087 2098 1136 ut
2130 1080 2288 1136 multi
2321 1080 2509 1151 populi
2541 1080 2817 1135 laetentur.

388 1178 498 1232 Καὶ
526 1175 610 1238 τίς
642 1172 708 1227 ἃν
738 1171 978 1236 ἐπαξίως
1022 1172 1281 1240 ἀφίκοιτο
1332 1172 1441 1224 τῶν
1472 1174 1695 1243 σεμνῶν
1725 1176 1902 1244 ὲγκω-

320 1268 483 1339 μίων,
514 1266 670 1336 ἢτῶν
702 1262 812 1316 σῶν
837 1263 981 1316 κατὰ
1026 1261 1119 1313 τὸν
1145 1260 1264 1331 βίον
1325 1262 1900 1335 μεγαλουργημάτων,

316 1340 628 1431 ἀνυμνῆσαι
652 1356 714 1408 τὸ
748 1354 995 1425 μέγεθος,
1056 1355 1405 1425 πολυΰμνητε
1471 1357 1659 1427 Πάτερ
1691 1373 1707 1420 ;
1754 1356 1826 1410 Et
1846 1374 1900 1410 τι

316 1453 430 1521 γὰρ
453 1451 518 1505 άν
536 1466 595 1502 σε
615 1448 711 1501 καὶ
735 1447 987 1517 εἴπομεν.
1015 1446 1234 1500 άποδέει
1265 1446 1485 1511 πάντως
1512 1448 1615 1518 τῆς
1642 1448 1902 1518 ἀληθείας

316 1544 348 1596 ὁ
381 1542 559 1610 λόγος.
597 1540 708 1593 Kal.
734 1540 782 1592 εί
809 1537 1248 1611 παρεικάζεσθαι
1287 1522 1616 1611 θελήσαιμεν
1644 1544 1758 1606 τοϊς
1788 1544 1900 1605 σοῖς

315 1638 387 1692 τὰ
438 1636 641 1709 ἑτέρων
686 1632 1114 1705 κατορθώματα,
1182 1632 1397 1703 ἀνάγκη
1455 1634 1608 1687 πᾶσα
1663 1632 1914 1695 κατόπιν,

318 1728 519 1795 ἐλθεῖν,
561 1726 674 1780 τῶν
717 1724 1066 1796 πραγμάτων
1094 1725 1163 1778 τὰ
1190 1724 1632 1795 παραδείγματα.
1666 1722 1802 1777 Τίνα
1836 1740 1898 1776 σε

316 1821 498 1875 τοίνυν
530 1820 794 1888 εῐπομενς
828 1815 1120 1886 Γεωργόν;
1165 1814 1306 1867 Ἀλλ’
1336 1814 1632 1885 ἀληθεύσει
1681 1814 1898 1878 πάντως

313 1912 544 1979 ὁλόγος,
586 1905 943 1978 θεωρητικῶς
996 1904 1500 1976 ὶκλαμϐανόμενος.
1545 1905 1735 1975 Πάσης
1787 1905 1898 1974 γὰρ

2074 1174 2211 1242 Quis
2241 1189 2395 1240 vero,
2445 1173 2829 1230 laudatissime
2857 1173 3040 1239 Pater,
3076 1175 3425 1231 venerabiles
3453 1183 3583 1234 tuas

2002 1265 2193 1320 laudes
2236 1265 2375 1320 satis
2420 1263 2666 1331 edicere,
2720 1281 2789 1321 ac
2833 1281 2929 1335 per
2953 1267 3123 1320 vitam
3169 1266 3459 1336 magniﬁce
3482 1283 3583 1337 ge-

2000 1367 2218 1414 storum
2267 1358 2728 1428 magnitudinem.
2797 1358 3086 1415 celebrare
3146 1359 3361 1415 valeat?
3412 1360 3585 1427 Quid-

2002 1451 2133 1522 quid
2171 1453 2320 1507 en‘im
2357 1452 2411 1506 in
2442 1460 2495 1506 te
2525 1451 2856 1519 dixerimus,
2907 1448 3072 1523 plane
3097 1452 3330 1523 jejunus
3389 1469 3576 1510 sermo

2002 1557 2033 1595 a
2069 1542 2303 1596 veritate
2335 1540 2623 1599 defecerit.
2652 1540 3007 1612 Prorsusque
3039 1556 3273 1598 necesse
3301 1552 3389 1598 est
3419 1552 3503 1612 ut,
3533 1543 3582 1600 si

2000 1649 2089 1690 res
2116 1634 2352 1688 aliorum
2379 1634 2646 1703 praeclare
2663 1642 2851 1704 gestas
2905 1634 3018 1690 tuis
3045 1635 3282 1691 velimus
3303 1634 3582 1703 conferre,

1956 1770 1965 1781 .
1998 1722 2426 1794 haudquaquam
2451 1724 2708 1792 exempla
2737 1740 2827 1780 res
2856 1725 3220 1794 aequaverint.
3253 1725 3427 1792 Quem
3451 1742 3585 1799 ergo

2000 1826 2054 1871 te
2075 1816 2371 1871 dicemus?
2405 1814 2546 1870 Num
2591 1818 2941 1887 agricolam?
2972 1816 3148 1873 Plane
3193 1835 3384 1874 verum
3413 1821 3585 1876 babe-

1999 1907 2082 1962 bit
2117 1906 2322 1972 oratio,
2351 1906 2597 1977 spiritali
2649 1922 2821 1963 sensu
2862 1906 3167 1962 intellecta.
3203 1906 3399 1963 Totius
3433 1911 3581 1965 enim

316 2001 458 2074 ὁμοῦ
492 2003 591 2070 τῆς
614 1998 837 2053 Λυκίων
874 1997 1169 2067 ἐπαρχίας,
1214 1995 1287 2050 τὰ
1323 1994 1520 2064 λογικὰ
1546 1996 1898 2065 γεηπονήσας

2004 1996 2296 2069 provinciae
2346 1997 2526 2068 Lycie
2573 1998 2815 2054 excultis
2855 1997 3229 2055 rationalibus
3289 2000 3468 2070 agris,
3500 2001 3582 2056 in-

317 2094 588 2164 γεώργια,
617 2091 717 2160 τῆς
758 2090 857 2161 μὲν
903 2087 1167 2151 ἀπιστίας
1193 2087 1294 2150 τὰς
1324 2086 1567 2151 ἀκάνθας
1593 2086 1849 2157 ὲξὲτεμες
1882 2103 1896 2116 ο

315 2187 419 2255 τῆς
468 2172 751 2244 εὗσεσείας
798 2180 855 2234 δὲ
908 2179 1002 2234 τὸν
1063 2178 1245 2245 ζῶντα
1293 2179 1454 2249 λόγον
1503 2179 1897 2250 κατέσπειρας,

317 2278 419 2331 καὶ
439 2270 550 2329 οἷον
573 2272 881 2343 άποθήκαις
910 2273 1165 2336 σιτικοῖς,
1196 2272 1312 2335 τοῖς
1343 2270 1600 2343 ψυχικοῖς
1624 2271 1900 2342 ταμιείοις

317 2363 708 2435 πνευματικῶς
767 2361 1035 2416 ὲναπέθου
1100 2363 1194 2416 τὸν
1232 2362 1468 2432 ἄμητον.
1512 2361 1901 2432 Ἀρχιτὲκτονά

318 2474 381 2510 σε
400 2457 664 2525 εῐπομεν;
693 2454 769 2508 οὐ
791 2451 1114 2523 ψευσόμεθα
1144 2469 1159 2484 ο
1195 2452 1418 2523 βωμοὺς
1472 2453 1582 2525 γὰρ
1636 2453 1895 2519 εἰδώλων,

315 2550 416 2604 καὶ
456 2546 730 2617 δαιμόνων
791 2545 1052 2616 μνσαρῶν
1113 2545 1501 2615 ὲφιδρύσματα
1554 2545 1804 2610 καθεῖλες
1830 2548 1896 2617 τῇ

320 2640 540 2711 μηχανῇ
590 2635 698 2690 τῶν
743 2635 1036 2707 δογμάτων
1088 2652 1181 2690 σου
1215 2653 1231 2666 ·
1268 2635 1494 2706 Χριστῷ
1545 2638 1687 2692 κατὰ
1733 2637 1900 2690 τόπον

330 2728 660 2798 Ἐκκλησίας
682 2726 1013 2798 ἀνέστησας,
1049 2728 1254 2799 τεμένη
1281 2728 1378 2782 καὶ
1408 2730 1572 2792 ναοὺς
1601 2728 1899 2799 μαρτύρων

315 2822 644 2892 δειμάμενος
698 2821 878 2892 ἱεροὺς
933 2821 1033 2873 καὶ
1090 2820 1447 2889 σεδασμίους.
1508 2820 1621 2875 Καὶ
1662 2820 1739 2884 ὡς
1800 2820 1899 2891 μὲν

316 2914 587 2985 γεωργὸς,
608 2915 707 2978 τὰς
729 2912 1026 2982 νεοφύτους
1055 2912 1152 2965 καὶ
1182 2911 1412 2980 λογικὰς
1437 2911 1724 2981 ἀμπέλους
1768 2912 1901 2965 καλ-

318 3009 399 3061 λιε
412 3007 577 3080 ργῶν,
635 3006 908 3077 εὐφόρους
942 3002 1238 3068 ἀπέδειξας
1262 3020 1275 3033 ·
1307 3002 1380 3065 ὡς
1408 3002 1464 3056 δὲ
1496 3002 1658 3072 σοφὸς
1681 3001 1902 3075 ἀρχιτέ-

320 3115 466 3152 κτων
486 3096 839 3166 Ἐκκλησίας,
867 3095 960 3147 ἐπὶ
982 3093 1061 3163 τῷ
1085 3093 1323 3163 θεμελίῳ
1357 3092 1461 3162 τῆς
1493 3092 1733 3156 πίστεως
1762 3109 1900 3147 κατ-

320 3188 640 3260 εστήριξας,
674 3189 742 3258 τῇ
772 3184 1155 3256 άρχιτεκτονία
1202 3182 1298 3236 τοῦ
1344 3181 1679 3251 πνεύματος.
1708 3182 1775 3235 Τί
1806 3177 1902 3235 οὖν

322 3300 384 3337 σε
413 3281 753 3351 καλέσομενς
786 3279 1175 3349 Στρατιωτήν;
1224 3274 1354 3332 Ναί.
1388 3274 1498 3327 Καὶ
1522 3273 1632 3345 γὰρ
1669 3268 1782 3327 οἷόν
1814 3291 1901 3335 τις

319 3374 548 3443 ὁπλίτης
611 3371 1003 3441 στρατιάρχος,
1053 3367 1197 3421 κατὰ
1254 3366 1362 3418 τῶν
1389 3364 1643 3435 ἀοράτων
1687 3363 1900 3435 ὲχθρῶν

324 3466 807 3538 στρατευσάμενος
839 3504 857 3529 ,
918 3480 936 3513 ι
985 3459 1085 3530 τὴν
1171 3456 1510 3527 παντευχίαν
1578 3455 1673 3509 τοῦ
1741 3455 1902 3524 λόγου

323 3559 584 3630 περιέθου
604 3575 620 3590 ο
656 3575 675 3609 ›
714 3553 1167 3627 περιζωσάμενος
1200 3549 1340 3622 [τὴν
1368 3548 1541 3619 ὀσφύν
1573 3566 1667 3602 σου
1690 3550 1747 3602 ὲν
1769 3548 1905 3618 άλη-

323 3653 469 3724 θείᾳ,
499 3652 594 3704 καὶ
626 3648 992 3718 ἐνδυσάμενος
1026 3645 1119 3697 τὸν
1151 3643 1378 3713 θώρακα
1406 3641 1781 3711 δικαιοσύνης,
1813 3640 1909 3694 καὶ

304 3743 735 3812 ,ὑποδυσάμενος
763 3739 891 3802 τοὺς
927 3735 1095 3797 πόδας
1129 3734 1189 3787 ἐν
1215 3730 1510 3801 ἑτοιμασίᾳ
1536 3729 1633 3782 τοῦ
1669 3730 1911 3797 Εὐάγγε-

322 3832 442 3885 λίου
466 3831 565 3901 τῆς
596 3830 840 3903 εἰρήνης.
868 3825 929 3897 »ἶ
968 3824 1061 3878 Διὸ
1086 3823 1163 3893 τῷ
1204 3823 1304 3893 μὲν
1336 3820 1531 3892 κράνει
1560 3820 1662 3890 τῆς
1696 3818 1901 3891 [σωτη-

328 3927 475 3995 ρίας,
504 3923 528 3996 ]
564 3923 663 3985 τὰς
722 3918 1033 3991 προσϐολὰς
1085 3915 1194 3969 τῶν
1219 3913 1408 3968 παθῶν
1437 3914 1901 3983 ἀποκρουόμενος,

326 4018 534 4086 πέτρας
582 4015 738 4084 δίκην
803 4009 1052 4080 ἀτρέμας
1078 4008 1173 4060 καὶ
1226 4006 1624 4068 ἀκατάσειστος
1679 4004 1900 4068 ἵστατο,

327 4110 512 4162 πᾶσαν
565 4104 826 4159 ἐναντίων
889 4096 1222 4169 ἁντιπλοκὴν
1250 4096 1652 4167 διορθούμενος.
1687 4094 1904 4148 Ἀσπίδι

324 4200 404 4264 δὲ,
433 4201 496 4270 τῇ
529 4196 764 4266 άσείστῳ
791 4192 1138 4265 κεχρημένος
1170 4190 1372 4254 ἐλπίδι,
1397 4191 1493 4244 καὶ
1525 4191 1653 4252 τοὺς
1683 4188 1903 4258 βάλλειν

322 4288 644 4359 τολμῶντας
678 4284 1045 4347 ὑπαντιάζων,
1072 4279 1435 4344 ἀντιτοξεύεις
1455 4296 1467 4309 ·
1503 4276 1623 4332 εἶτα
1646 4279 1909 4347 γενναίως

2002 2086 2286 2145 ﬁdelitatis
2320 2088 2549 2158 quidem
2580 2087 2839 2144 excidisti
2902 2089 3092 2159 spinas
3135 2090 3415 2145 viventem
3449 2106 3583 2146 vero

2001 2179 2288 2237 seminasti
2323 2179 2557 2250 pietatis
2604 2194 2956 2247 sermonem;
2991 2194 3057 2236 ac
3088 2182 3239 2235 velut
3275 2181 3583 2239 frumenta-

1999 2272 2101 2327 riis
2136 2271 2379 2338 horreis,
2414 2271 2728 2327 animarum
2763 2270 3041 2341 penubus,
3073 2287 3309 2329 messem
3351 2274 3580 2330 uberem

2001 2361 2334 2431 spiritaliter
2406 2360 2731 2416 condidisti.
2822 2360 3084 2416 Dicemus
3160 2362 3583 2417 architectum!

2000 2451 2146 2509 Vera
2207 2453 2315 2509 erit
2357 2452 2574 2519 oratio;
2630 2451 2824 2507 solerti
2879 2450 3029 2506 enim
3081 2451 3400 2523 dogmatum
3438 2463 3580 2520 arte,

2000 2544 2276 2600 idolorum
2338 2558 2487 2608 aras,
2545 2543 2970 2613 daemonumque
3031 2542 3324 2597 odibilinm
3392 2544 3578 2611 sedes,

1999 2635 2282 2701 evertisti;
2327 2650 2392 2689 ac
2434 2634 2646 2691 Christi
2717 2650 2818 2705 per
2872 2635 2992 2689 loca
3041 2635 3310 2691 ecclesias
3336 2636 3577 2708 erigens,

2000 2728 2236 2785 delubra
2264 2743 2536 2798 sacraque
2572 2736 2628 2783 et
2653 2728 2994 2783 venerabilia
3030 2738 3336 2799 martyrum
3374 2730 3581 2800 templa

2001 2820 2355 2875 exstruxisti.
2384 2820 2463 2873 Ac
2493 2833 2651 2873 more
2677 2818 2903 2888 quidem
2935 2817 3041 2873 viri
3069 2818 3343 2889 agricolas,
3375 2835 3580 2876 novum

2002 2918 2158 2965 satas
2218 2918 2273 2963 rt
2319 2909 2626 2964 rationales
2680 2909 2822 2964 vites
2900 2909 3133 2979 pulchre
3188 2925 3253 2965 ac
3310 2920 3434 2968 arte
3488 2928 3583 2968 co-

2001 3001 2121 3057 lens
2148 3000 2287 3074 (64),
2318 3001 2529 3055 fructus
2557 2999 2781 3070 plurimi
2807 2998 2984 3055 fecisti
3027 2999 3268 3069 feraces;
3302 3002 3454 3058 velut
3481 3019 3583 3058 au-

2002 3103 2113 3148 tem
2146 3094 2373 3163 sapiens
2405 3092 2747 3147 architectus
2773 3090 3042 3148 Ecclesia:
3095 3108 3267 3164 supra
3289 3094 3419 3150 lidei
3453 3094 3580 3151 fun-

2003 3184 2329 3238 damentum
2374 3182 2816 3238 architectonica
2870 3184 3104 3253 spiritus
3153 3192 3277 3240 arte
3350 3186 3584 3242 ﬁrmiter

2006 3272 2291 3327 stabilisti.
2331 3272 2502 3339 Quem
2546 3282 2600 3327 te
2629 3287 2762 3344 ergo
2788 3288 2983 3331 sumus
3024 3276 3321 3331 vocaturi?
3348 3276 3434 3332 An
3475 3277 3584 3333 mi-

2003 3365 2151 3419 litem
2171 3365 2195 3418 ?
2217 3364 2291 3418 Ita
2314 3366 2511 3434 plane;
2543 3365 2692 3420 velut
2710 3366 2857 3420 enim
2887 3367 2999 3421 dux
3034 3368 3258 3438 quidam
3289 3370 3585 3440 cataphra-

2004 3463 2151 3529 et_us,
2223 3454 2580 3525 expeditione
2656 3454 2929 3512 adversus
3012 3462 3205 3514 hostes
3269 3460 3585 3518 invisibiles

2005 3553 2287 3616 suscepta,
2328 3564 2347 3597 ι
2399 3554 2738 3601 armaturam
2792 3548 2945 3603 verbi
2990 3549 3105 3620 (65)
3148 3551 3419 3619 induisti;
3458 3569 3587 3610 suc-

2005 3637 2226 3693 cinctus
2280 3636 2503 3693 lumbos
2553 3646 2682 3693 tuos
2713 3637 2771 3691 in
2812 3639 3066 3706 veritate,
3103 3649 3159 3696 et
3189 3641 3419 3699 indutus
3447 3643 3588 3698 lori-

2008 3745 2129 3785 cam
2180 3729 2436 3798 iustitiae,
2491 3730 2887 3802 calceatusque
2919 3733 3085 3803 pedes
3126 3733 3182 3789 in
3217 3737 3584 3807 praeparatio-

2009 3838 2135 3877 nem
2165 3819 2450 3892 Evangelii
2484 3822 2640 3892 pacis
2663 3824 2758 3878 δ”.
2796 3844 2814 3877 ι
2846 3810 3238 3892 Quamobrem,
3273 3830 3431 3899 galea
3460 3833 3591 3899 qui-

2010 3912 2131 3969 dem
2162 3914 2254 3967 illa
2276 3915 2495 3979 salutis,
2522 3913 2877 3971 all'ectionum
2909 3918 3262 3975 incursiones
3288 3920 3586 3991 repellens,

2010 4002 2189 4057 instar
2219 4010 2411 4073 petrae,
2463 4004 2919 4061 adversariorum
2977 4008 3241 4065 inimicos
3267 4010 3431 4067 dolos
3463 4027 3589 4066 om-

2012 4110 2112 4150 nes
2142 4094 2256 4165 (66)
2312 4095 2615 4151 emendans
2666 4096 3111 4167 dissolvensque,
3153 4099 3371 4169 placide
3398 4110 3453 4155 et
3504 4102 3590 4155 in-

2015 4201 2329 4243 concussus
2367 4190 2594 4243 stetisti.
2631 4188 2787 4243 Sculi
2821 4197 3006 4245 autem
3044 4192 3192 4257 loco,
3229 4192 3457 4248 immota
3491 4210 3591 4266 spe

2017 4297 2175 4347 usus,
2223 4282 2489 4352 impetere
2542 4282 2839 4351 audentes,
2889 4299 2957 4339 ex
2992 4283 3231 4341 adverso
3261 4299 3585 4353 occurrens,

399 4444 428 4482 ι’
452 4443 611 4497 Prov.
648 4459 700 4504 χ.
724 4442 776 4497 ’1.
850 4442 901 4481 ι’
932 4438 1083 4495 Psal.
1119 4452 1228 4502 cst,
1261 4436 1312 4489 7.
1386 4435 1460 4475 ν’
1484 4433 1685 4506 Ephes.
1718 4451 1790 4499 vi,
1827 4436 1917 4499 15,
1943 4436 2031 4491 Η.
2078 4446 2085 4451 ‘

1564 4573 1797 4630 VARIE
1831 4573 2126 4632 LECTION
2132 4576 2235 4634 ES.

397 4652 445 4686 ⁸⁸
469 4653 555 4708 τσ.
577 4651 675 4705 ενι.

1577 4733 1965 4790 COMBEFISII
1994 4733 2223 4793 NOTAE.

402 4840 514 4907 (6'5)
563 4837 709 4892 Velut
733 4833 942 4907 collari.
977 4827 1761 4907 ﬂsptsépazovﬁtaﬁswaaga.
1799 4827 1907 4882 Ea-
1936 4837 1983 4894 Β
2011 4830 2249 4907 cultura,
2276 4834 2372 4907 sed
2400 4834 2625 4907 Nicolao
2655 4835 2938 4907 similium.
2961 4851 3103 4905 quos
3137 4837 3343 4892 utinam
3378 4838 3580 4907 plures,

327 4897 452 4967 dem
478 4897 700 4964 collaris
725 4897 1090 4959 similitudine
1117 4897 1289 4952 utitur
1312 4897 1553 4952 Method.
1585 4899 1653 4951 de
1677 4897 1903 4968 Symen-

328 4998 399 5038 ne
421 4991 475 5034 et
497 4981 677 5036 Anna,
701 4988 827 5029 cum
853 4972 1068 5026 inducit
1088 4980 1339 5022 sanctum
1363 4981 1548 5038 senem
1580 4976 1861 5038 rogantem
1887 4985 1900 5019 :

342 5035 706 5115 ίΑπολυθῆναι
755 5042 848 5115 τοῦ
910 5039 1297 5115 δουλικοῦ-καὶ
1335 5035 1903 5115 ἀχθοφόρουὲλοεοῦ.

329 5118 521 5175 Servili
568 5106 617 5170 et
669 5113 958 5182 ponderosa
990 5108 1246 5182 cellario;
1287 5106 1405 5182 quo
1457 5106 1638 5176 plane,
1671 5106 1905 5182 ﬁliorum

333 5192 449 5251 illa,
490 5198 543 5242 et
576 5177 880 5238 amicorum
908 5181 1234 5251 explicatior
1272 5177 1590 5251 divinorum
1638 5178 1904 5251 cognitio,

332 5247 759 5327 impediebatur.
807 5247 1099 5327 ’Av-ctfroﬁ,
1130 5249 1224 5302 xui.
1268 5247 1905 5327 péptpya‘reposuimus,

329 5316 696 5451 cyuapiuvn,
726 5330 787 5377 ut
823 5323 894 5375 sit
923 5320 1200 5390 adjectum
1233 5316 1641 5388 τῷ,“ὀφθαλμὸς
1674 5316 1910 5386 Ἐκκλη-

333 5415 362 5451 ο
392 5414 476 5451 ας.

333 5414 476 5459 οιας.

406 5454 515 5535 (64)
553 5462 777 5535 Pulchre
832 5477 892 5513 ac
922 5469 1050 5535 _arre
1101 5456 1309 5535 colens.‘
1356 5455 1737 5528 Καλλιεργῶν.
1789 5454 1908 5535 V_ox

334 5526 622 5607 aptissima
644 5550 658 5599 ;
684 5533 834 5607 _si_ve
885 5529 1028 5607 vites
1068 5526 1377 5607 materiales
1396 5526 1764 5607 "speet-emus,
1782 5526 1909 5581 sive

334 5597 655 5661 rationales.
675 5601 887 5670 Quippe
910 5598 1111 5670 habent
1130 5606 1245 5649 tum
1269 5597 1374 5670 hac,
1394 5604 1507 5650 tum
1528 5597 1655 5659 illae,
1681 5609 1908 5650 necesse

334 5677 412 5731 ita
440 5675 571 5738 coli,
601 5684 659 5726 ut
688 5665 926 5726 fructum
951 5667 1247 5738 plurimum
1276 5665 1510 5738 afferant
1541 5682 1554 5717 :
1584 5680 1763 5738 coque
1787 5680 1907 5738 «non

336 5734 583 5801 omnium
612 5752 699 5799 est
735 5734 1007 5811 ejusmodi
1044 5734 1283 5793 maxime
1315 5737 1506 5792 vitium
1551 5736 1908 5791 rationalium

2009 4899 2212 4955 Christi
2238 4904 2416 4963 vinea.
2453 4904 2700 4960 Ecclesia
2724 4906 2968 4959 haberet.

2078 4972 2191 5046 (65)
2224 4975 2572 5028 Armaturam
2619 4974 2794 5030 Verbi.
2830 4976 2989 5046 Apud
3032 4975 3263 5032 Paulum
3300 4988 3406 5042 est,
3439 4980 3537 5037 Dei
3567 4999 3587 5037 :

2005 5059 2067 5097 ex
2102 5042 2261 5118 cujus
2292 5046 2860 5118 textnhsupplevimus
2875 5042 3001 5118 quae
3032 5046 3218 5101 clausa
3256 5061 3582 5118 sequuntur.
3628 5044 3641 5088 λ

2009 5123 2133 5189 post
2172 5112 2254 5175 τὸ,
2310 5112 2778 5189 περιζωσάμενος.
2830 5112 3029 5189 Sicque
3075 5118 3277 5186 passim
3311 5112 3451 5189 opus
3484 5112 3584 5177 lia-'-

2008 5182 2230 5237 buimus
2296 5182 2488 5259 codice
2536 5182 2674 5242 satis
2723 5182 3094 5259 mendoso_et
3146 5182 3581 5259 compendiario.

2007 5265 2116 5322 qua
2148 5254 2424 5331 supplere.
2461 5270 2573 5324 qua
2595 5255 2904 5331 corrigere;
2939 5256 3031 5312 ubi
3067 5258 3253 5312 statim
3275 5254 3584 5331 apparebat

2017 5320 2346 5393 manifestus
2381 5320 2569 5392 lapsus
2596 5320 2914 5393 antiquarii'.

2085 5389 2199 5465 (66)
2221 5389 2659 5465 Adaeruiriorum
2680 5389 2920 5450 inimicos
2954 5396 3107 5451 dolos
3126 5415 3321 5465 omnes,
3341 5410 3449 5456 etv.
3471 5405 3584 5456 “Em

2016 5462 2401 5543 σαν-ἐναντίων
2449 5466 2775 5543 ἀντιπλοκὴν
2803 5466 3274 5543 διανορθούμενος.
3308 5462 3585 5543 harmo-

2013 5529 2261 5607 nitBud.
2319 5532 2412 5607 Τὸ,
2472 5534 2677 5607 mox};
2733 5529 2875 5607 apud
2933 5529 3290 5607 Gregorium.
3350 5529 3583 5598 medius

2013 5599 2160 5682 hunc
2186 5600 2305 5682 ejus
2336 5599 2823 5682 l9cu_m._T&;_p.Ev
2865 5607 2927 5658 ὲκ
2972 5599 3082 5682 τῶν
3122 5599 3397 5682 λογισμῶν
3426 5630 3583 5682 στρο-

2013 5671 2116 5735 φάς
2164 5672 2258 5724 καὶ
2312 5672 2518 5738 πλοκὰς
2550 5671 2895 5746 διεσείσαμεν
2934 5680 3001 5750 τῇ
3033 5671 3258 5751 δυνάμει
3282 5671 3385 5737 ’τοῦ
3419 5671 3583 5738 πνὲύ-

2021 5756 2207 5808 ματος.
