3978 6140
253 346 370 411 ιλιι)

1532 343 1615 403 1N
1673 344 1734 403 S.
1774 342 2206 403 GEORGIUM.

3367 351 3503 415 lilii)

243 467 310 527 είς
338 461 607 515 ἀντίδοσιν
646 457 745 527 τῆς
783 458 1061 527 ὑπομονῆς
1086 457 1378 528 γινομένας
1430 456 1507 527 τῷ
1548 461 1808 527 μάρτυρι,

1920 457 2048 511 bent
2079 455 2402 523 tragmdiam
2433 471 2447 510 :
2477 465 2739 524 praeterea
2764 470 2926 522 vero,
2947 456 3169 513 divinas
3191 458 3281 513 die
3308 472 3500 518 nocte-

241 555 379 618 θείας
412 551 716 622 ἐμφανείας
768 568 827 603 τε
881 551 973 602 καὶ
1005 549 1276 614 διαλέξεις
1303 567 1316 582 ·
1368 551 1620 620 κρεῖττον
1647 550 1704 603 δὲ
1737 554 1815 602 εἰ-

242 646 371 708 πεῖν,
398 641 541 695 κατά
576 638 665 690 τὸν
689 636 876 704 Δαϐὶδ,
919 638 1191 708 βοηθείας,
1231 638 1611 708 παρακλήσεις
1633 655 1691 691 τε
1726 639 1818 690 καὶ

245 734 403 793 ἰάσεις
429 746 443 761 ·
484 727 552 782 δι’
597 721 674 783 ὧν
714 726 990 798 εὑρίσκων
1040 726 1376 798 παραψυχὴν
1419 727 1528 779 τῶν
1566 727 1664 798 μὲν
1713 729 1815 798 ἤδη

242 818 612 890 παρελθόντων
646 817 829 870 πόνων
871 817 1173 888 προθύμως
1219 817 1620 872 ἐπελανθάνετο
1645 835 1658 848 ο
1705 820 1817 872 τῶν

241 910 292 961 δὲ
353 904 508 970 αὖθις
566 909 988 978 ἐπειγομένων,
1038 909 1269 973 εὐτόνως
1331 909 1773 980 ἀντελαμϐάνετο
1802 951 1815 973 ,

241 1001 423 1070 ὥσπερ
474 1000 842 1070 ἀδαμάντινον
881 998 1021 1069 ἔχων
1060 1000 1209 1069 μετά
1251 999 1353 1070 τῆς
1386 1000 1567 1072 ψυχῆς
1608 1001 1706 1054 καὶ
1756 1002 1816 1053 τὸ

242 1110 412 1164 σωμα.

310 1262 528 1329 Ἔξεστι
559 1264 615 1316 δὲ
655 1264 732 1335 τῷ
776 1264 1088 1336 βουλομένῳ
1142 1266 1280 1336 μετά
1317 1267 1604 1338 ἀκριϐείας
1639 1270 1814 1321 πάντα

245 1352 449 1423 μαθεῖν,
488 1354 567 1424 τῷ
612 1356 903 1427 μαρτυρίῳ
938 1357 1241 1428 ἐντυχόντι,
1287 1357 1386 1410 τοὺ
1436 1358 1812 1429 σπουδαζομέ-

239 1462 326 1498 νου
345 1450 561 1515 τυχεῖν·
598 1449 812 1501 ἐκεῖθέν
844 1465 902 1502 τε
937 1448 1292 1518 παιδευθῆναι
1340 1450 1436 1504 καὶ⁸
1473 1451 1814 1522 ἐκπλαγῆναι

239 1538 343 1590 τῶν
370 1539 604 1607 ἀγώνων
637 1539 698 1593 τὸ
737 1540 1050 1611 ὑπέρογκον
1070 1558 1082 1571 ⁸
1120 1540 1212 1594 τοῦ
1258 1542 1527 1611 ἀριστέως
1556 1543 1617 1594 τὸ
1645 1560 1816 1612 μεγα-

239 1629 465 1699 λόψυχον
492 1646 504 1659 ·
534 1630 633 1698 τῆς
679 1630 837 1701 νίκης
880 1630 942 1683 τὸ
970 1630 1336 1699 δικαιότατον,
1376 1633 1472 1686 καὶ
1508 1633 1619 1685 τῶν
1654 1634 1815 1685 θείων

241 1720 483 1791 ἀμοιϐῶν
524 1722 584 1775 τὸ
631 1721 953 1792 ἀξιόχρεων.
999 1723 1209 1778 Γνῶναί
1244 1741 1304 1777 τε
1348 1725 1533 1795 σαφῶς
1566 1725 1660 1779 καὶ
1687 1726 1813 1778 θαυ-

1919 561 2026 616 que
2056 546 2301 601 visiones
2359 547 2873 615 collocutionesque
2918 558 3108 603 sancto
3152 548 3400 622 Nlartyri.
3428 555 3499 606 ad

1918 637 2040 707 ejus
2074 637 2536 691 remunerandam
2571 637 2913 707 patientiam,
2951 653 3288 695 concessas:
3327 643 3407 695 vel
3445 655 3503 696 ut

1918 727 2116 781 melius
2154 727 2312 794 juxta
2348 721 2607 782 Davidcm
2642 729 2848 794 dicam,
2902 730 3126 793 auxilia,
3164 732 3503 786 consolatio-

1919 833 2020 872 nes
2069 827 2119 871 et
2156 819 2446 882 sanitates,
2477 834 2541 873 ex
2592 819 2794 889 quibus
2851 821 3199 893 refrigerium
3253 826 3500 894 capiens,

1920 912 2326 979 praeteritorum
2391 911 2643 966 laborum
2702 912 2938 967 libenter
3011 915 3499 971 obliviscebatur:

1918 1003 1964 1054 si
1999 1001 2113 1070 'qu‘i
2153 1009 2337 1056 autem
2368 1016 2565 1056 rursus
2592 1003 2907 1068 instabant,
2951 1005 3077 1058 forti
3109 1012 3503 1076 constantique

1919 1090 2107 1146 animo
2171 1092 2525 1160 capcscebat,
2594 1089 2741 1147 velut
2797 1096 2960 1147 etiam
2995 1110 3201 1162 corpus
3239 1114 3344 1152 una
3371 1115 3497 1152 cum

1920 1182 2104 1236 animo
2132 1182 2546 1237 adamantinum
2591 1183 2839 1241 haberet.

1992 1272 2051 1328 Si
2074 1274 2202 1343 quis
2234 1290 2399 1343 porro
2421 1275 2607 1329 omnia
2636 1276 2737 1329 viri
2772 1277 2910 1330 beati
2945 1288 3198 1331 accurate
3222 1279 3370 1348 cupit
3392 1288 3493 1333 ’ρος

1920 1378 2211 1433 gnoscere,
2245 1363 2388 1433 legat
2421 1363 2570 1419 illius
2613 1364 2863 1434 martyrii
2898 1374 3042 1430 acta,
3078 1364 3357 1434 fueritque
3380 1365 3495 1419 voti

1908 1470 2181 1524 compos;
2211 1454 2449 1524 indeque
2506 1466 2937 1524 exsuperantem
2981 1457 3346 1509 certaminum
3383 1472 3496 1508 ma-

1913 1546 2259 1616 gnitudinem
2331 1547 2591 1601 didicerit
2674 1548 3151 1617 obstupucritque,
3236 1544 3495 1619 magnum

1915 1635 2118 1707 egregii
2153 1636 2436 1692 bellatoris
2468 1639 2733 1703 animum,
2782 1638 3151 1707 justissimam
3187 1639 3498 1708 victoriam,

1914 1727 2339 1797 divinorumque
2414 1729 2764 1798 pra‘ntiorum
2844 1729 3065 1799 dignam
3158 1732 3494 1795 mercedem,

245 1815 429 1884 μάσαι,
462 1815 612 1879 ὃπως
645 1817 693 1868 oi
732 1815 830 1884 μὲν
856 1814 933 1884 τῷ
967 1805 1115 1885 βυθῷ
1161 1817 1260 1888 τῆς
1299 1816 1556 1881 ἀσεϐείας
1582 1821 1816 1871 ἐσκοτω-

1920 1819 2233 1888 perspicue,
2298 1819 2548 1888 inquam,
2609 1821 2976 1889 cognoverit:
3013 1835 3077 1875 ac
3129 1821 3495 1876 admirationi

243 1910 411 1980 μένοι,
452 1908 511 1960 ὲν
540 1906 697 1977 δόλῳ,
738 1904 817 1977 τῷ
845 1898 1040 1974 γλυκεῖ
1064 1909 1125 1962 τὸ
1158 1909 1356 1980 πικρὸν
1384 1911 1442 1965 ὲν
1484 1912 1598 1973 τοῖς
1634 1911 1812 1981 ῥήμα-

241 2018 323 2057 σιν
345 1999 523 2053 αὐτῶν
548 1999 913 2069 κατεμίγνυον
931 2017 943 2032 ·
986 2002 1014 2054 ὁ
1051 2000 1107 2054 δὲ
1135 2002 1217 2074 τῷ
1239 2001 1398 2072 ἀπλῷ
1425 2006 1526 2075 τῆς
1553 2003 1813 2073 ἀληθείας

239 2096 376 2163 λόγῳ
412 2093 512 2156 τὰς
544 2093 725 2156 δεινὰς
766 2094 863 2159 καὶ
912 2095 1181 2161 ὑπούλους
1210 2097 1391 2151 αὐτῶν
1441 2097 1810 2168 τεχνολογίας,

239 2184 432 2255 ῥαδίως
462 2183 646 2247 ὲξέλυέ
681 2201 740 2237 τε
785 2185 881 2271 καὶ
934 2185 1202 2258 ἀνέτρεπε
1227 2204 1240 2216 ·
1291 2189 1386 2241 καὶ
1439 2188 1546 2242 τῶν
1579 2190 1813 2261 ἐνεδρῶν

236 2278 411 2329 αὐτῶν
436 2278 530 2329 καὶ
563 2275 837 2346 λαθραίων
872 2277 1096 2345 παγῶν,
1131 2278 1211 2349 τῷ
1239 2278 1452 2351 στερρῷ
1485 2280 1581 2333 καὶ
1623 2280 1813 2353 ὑψηλῷ

224 2370 332 2437 ⁴τῆς
355 2368 593 2431 διανοίας
621 2368 807 2439 πτερῷ
838 2368 1178 2439 ὑπερίπτατο
1202 2387 1217 2401 ο
1267 2373 1361 2424 καὶ
1392 2372 1501 2425 τῶν
1550 2373 1813 2428 ποικίλων

228 2461 329 2512 καὶ
380 2459 631 2530 χαλεπῶν
680 2460 951 2531 βασάνων,
1019 2462 1099 2532 τῷ
1150 2462 1344 2533 κράτει
1387 2463 1488 2534 τῆς
1536 2465 1813 2536 ὑπομονῆς

235 2554 595 2623 ὑπερεκράτει
656 2554 963 2624 καρτερῶς,
1014 2554 1112 2607 καὶ
1165 2556 1260 2609 τὸν
1284 2556 1330 2588 ’³⁸
1377 2558 1659 2628 κρηπίδων
1717 2545 1813 2613 καὶ

230 2646 375 2715 ἥλων
402 2644 627 2707 τελέσας
655 2629 880 2714 δρόμον,
916 2644 1021 2708 ἓως
1060 2646 1153 2699 καὶ
1173 2647 1250 2717 τῷ
1279 2646 1424 2716 ξίφει
1458 2648 1810 2720 παραδοθεὶς,

235 2728 531 2806 σωματικῷ
570 2735 788 2807 θανάτῳ
816 2736 907 2788 τὸν
932 2735 1165 2806 ψυχικὸν
1194 2738 1612 2813 ἀπονεκρώσας,
1655 2756 1811 2810 νικη-

233 2829 399 2899 φόρος
446 2828 517 2882 δι’
567 2829 801 2899 αἵματος
850 2828 1213 2900 ἀναδειχθεὶς,
1266 2832 1360 2885 καὶ
1400 2830 1493 2884 τὸν
1524 2833 1622 2910 τῇς
1654 2833 1813 2903 νίκης

231 2922 637 2992 ἀναδησάμενος
667 2922 952 2990 στέφανον,
984 2922 1131 2994 ἔργῳ
1156 2924 1423 2979 ἐπινίκιον
1443 2924 1521 2995 τῷ
1547 2925 1813 2997 νικοποιῷ

232 3015 476 3090 φαιδρῶς
501 3016 819 3085 ἀνέπεμπεν
850 3014 1022 3086 ὕμνον
1049 3032 1064 3047 ο
1103 3035 1121 3067 ι
1152 3016 1454 3088 Εὐλογητὸς
1488 3018 1712 3089 Κύριος,
1739 3021 1814 3073 εί-

233 3104 375 3171 πὼν,
407 3105 466 3169 ὃς
504 3106 607 3159 οὑκ
631 3105 829 3159 ἔδωκεν
854 3106 1002 3175 ἡμᾶς
1037 3108 1117 3170 είς
1144 3106 1318 3178 θήραν
1352 3111 1467 3173 τοῖς
1502 3109 1684 3163 ὀδοῦσι
1716 3111 1811 3163 αὑ-

228 3215 363 3251 των.
406 3215 424 3248 1

304 3290 524 3343 Είσεται
569 3289 627 3342 δὲ
678 3291 819 3361 πρὸς
868 3290 1107 3355 τούτοις,
1158 3292 1186 3345 ὃ
1242 3308 1305 3360 γε
1355 3291 1667 3361 φιλόπονος,
1719 3297 1817 3346 καὶ

228 3382 482 3455 ἀκριϐῶς
533 3384 887 3454 ἐντυγχάνων
948 3385 1025 3456 τῷ
1077 3385 1307 3455 τοιούτῳ
1361 3385 1684 3457 διηγήματι,
1741 3387 1818 3449 ὡς

226 3479 330 3547 οὑχ
387 3475 565 3546 ἐαυτῷ
623 3479 769 3546 μόνῳ
833 3478 1146 3548 πεπόνηκεν
1187 3480 1214 3530 ὁ
1258 3479 1491 3550 μάρτυς,
1537 3478 1673 3532 ἀλλὰ
1723 3480 1818 3533 καὶ

231 3572 509 3633 πλείστοις
561 3572 773 3641 ἑτέροις
826 3572 928 3642 τὴν
984 3573 1265 3644 σωτηρίαν
1315 3572 1403 3626 διὰ
1447 3573 1556 3625 τῶν
1602 3573 1817 3626 οἰκείων

227 3669 395 3736 ἠνυσε
428 3667 606 3718 πόνων
629 3681 643 3695 ’
675 3667 834 3728 ὅσους
872 3683 932 3719 τε
961 3667 1053 3720 τὸν
1094 3667 1206 3720 ἴσον
1243 3668 1444 3738 δρόμον
1475 3667 1689 3721 τελέσαι
1720 3684 1818 3720 πε-

226 3760 452 3829 ποίηκε,
483 3759 603 3830 Θεῴ
627 3757 688 3811 τὸ
711 3762 911 3812 οἰκεῖον
942 3764 1275 3823 σπείσαντας
1318 3755 1458 3830 αἷμα
1478 3777 1491 3789 ·
1541 3761 1617 3824 ῶς
1664 3762 1818 3814 Ἀνα-

221 3852 407 3906 τόλιον
437 3851 454 3924 [
480 3856 576 3905 καὶ
601 3852 620 3924 ]
645 3852 1031 3923 Πρωτο).έοντα
1059 3854 1185 3916 τοὺς
1218 3854 1618 3923 στρατηλάτας,
1655 3855 1721 3908 τά
1751 3858 1816 3927 τῇ

220 3946 458 4016 ἀθλήσει
514 3944 968 4014 συνεκλάμποντα
1017 3944 1471 4012 καταπλαγέντας
1517 3944 1677 4016 ἔργα,
1724 3947 1819 3997 καὶ

218 4039 324 4106 τὴν
358 4038 616 4108 ἀνδρείαν
649 4038 1005 4108 ζηλώσαντας
1037 4049 1051 4063 ⁸
1081 4037 1164 4090 ἔτι
1193 4036 1251 4089 δὲ
1282 4038 1378 4091 καὶ
1408 4037 1704 4108 Γλυκέριον
1726 4036 1820 4090 τὸν

222 4132 502 4201 ἀοιδιμον,
561 4133 627 4202 τῇ
687 4130 822 4200 περὶ
881 4131 973 4183 τὸν
1031 4131 1234 4200 μόσχον
1273 4129 1661 4202 τερατουργίᾳ,
1720 4129 1859 4199 τῆςς

216 4228 430 4292 ἀλόγου
472 4221 580 4276 τῶν
634 4221 872 4276 εἰδώλων
934 4221 1325 4290 ἀπαλλαγέντα
1379 4221 1723 4292 θρησκείαςο
1763 4219 1821 4284 ἐξ

215 4318 424 4385 αὐτῆς,
477 4315 552 4378 ὡς
581 4317 783 4379 εἰπεῖν,
821 4317 921 4386 τῆς
948 4316 1236 4386 φάρυγγος
1265 4314 1359 4368 τοῦ
1403 4314 1698 4386 δράκοντος
1732 4314 1823 4366 αὑο

213 4411 354 4472 τοὺς
414 4408 721 4471 ὲκσπάσας,
764 4407 860 4461 καὶ
899 4406 1121 4479 θύματα
1162 4407 1349 4462 τέλεια
1379 4407 1476 4460 καὶ
1528 4406 1821 4478 εὐπρόσδε-

1918 1909 2202 1976 habuerit,
2223 1914 2282 1963 ut
2309 1910 2384 1963 illi
2416 1911 2661 1980 quidem,
2685 1911 2958 1976 profunda
2991 1912 3297 1981 impietatis
3328 1930 3494 1968 vora-

1894 2003 2041 2075 gine
2062 2003 2363 2067 obscurati,
2391 2002 2643 2057 dulcibus
2662 2016 2879 2059 amaros
2898 2020 3182 2060 sermones
3202 2006 3329 2060 dolo
3345 2021 3499 2060 com-

1916 2096 2209 2151 miscerent
2242 2114 2257 2163 ;
2293 2096 2408 2166 ipse
2435 2103 2617 2150 autem
2651 2097 2885 2165 simplici
2936 2098 3184 2154 veritatis
3244 2112 3498 2153 sermone
3538 2152 3541 2155 γ

1915 2189 2148 2244 subtiles
2172 2188 2519 2257 callidasque
2553 2203 2747 2243 eorum
2786 2200 2935 2245 artes
2981 2190 3139 2245 facile
3168 2190 3494 2246 dissolverit

1914 2294 1981 2334 ae
2022 2279 2391 2346 subverterit;
2437 2287 2604 2347 utque
2633 2293 2827 2333 eorum
2870 2279 3104 2337 insidias
3162 2294 3217 2337 et
3246 2282 3497 2338 occultos

1915 2373 2144 2443 laqueos
2175 2371 2371 2427 solidis
2414 2371 2858 2441 sublimibusque
2898 2372 3068 2425 animi
3107 2372 3214 2426 alis
3243 2382 3496 2426 transvo-

1915 2464 2082 2531 larit;
2110 2474 2277 2535 atque
2306 2471 2366 2519 ut
2399 2465 2570 2519 variis
2610 2463 2720 2518 illis
2757 2465 3133 2535 gravibusque
3180 2466 3493 2529 tormentis,

1914 2555 2194 2629 patientia:
2224 2570 2338 2610 suae
2381 2555 2585 2611 robore
2615 2554 2835 2610 fortiter
2870 2557 3176 2627 superatis,
3212 2574 3497 2625 cursuque

1914 2645 2157 2714 crepidis
2211 2647 2384 2701 clavis
2446 2645 2631 2702 inﬁxis
2688 2645 2964 2714 confecto,
3030 2647 3248 2702 tandem
3313 2649 3497 2716 gladio

1916 2737 2154 2792 traditus
2224 2752 2289 2791 ac
2352 2752 2652 2806 percussus
2707 2739 2916 2801 securi,
2986 2751 3163 2793 morte
3220 2741 3493 2809 corporali

1912 2829 2184 2884 exstincta
2235 2829 2432 2883 animae
2490 2836 2685 2894 morte,
2749 2830 2924 2884 victor
2961 2831 3229 2901 sanguine
3273 2832 3498 2886 effectus

1915 2935 1980 2976 ac
2010 2921 2256 2976 victoria:
2305 2921 2522 2976 cinctus
2561 2935 2797 2986 corona,
2824 2924 2872 2977 ei
2904 2923 3044 2987 lat-te,
3082 2925 3330 2981 victoria:
3363 2929 3499 2981 sub-

1913 3014 2127 3070 miserit
2183 3014 2490 3082 canticum,
2552 3015 2646 3084 qui
2677 3015 2973 3069 victoriam
3027 3016 3345 3085 prmbuisstst
3378 3036 3394 3086 ;
3424 3019 3496 3075 ita

1914 3104 2146 3161 dicens:
2185 3123 2205 3158 ι
2254 3105 2586 3161 Benedictus
2619 3107 2901 3172 Dominus,
2947 3109 3045 3178 qui
3086 3091 3192 3163 non
3221 3108 3369 3163 dedit
3398 3127 3497 3166 nos

1916 3197 1973 3251 in
2000 3197 2237 3268 praedam
2261 3196 2525 3252 dentibus
2551 3212 2743 3253 eorum
2785 3197 2825 3252 ι.
2858 3218 2877 3252 ι

1984 3291 2066 3345 Ad
2097 3291 2211 3345 haec
2243 3290 2550 3356 studiosus,
2577 3306 2641 3344 ac
2669 3292 2714 3345 si
2739 3291 2865 3361 quis
2894 3291 3164 3361 ejusmodi
3200 3293 3494 3347 historiam

1916 3370 2206 3450 diligenter
2268 3383 2431 3453 legat,
2470 3383 2684 3436 noverit
2720 3384 2880 3452 plane
2911 3393 2969 3437 ut
3002 3401 3109 3437 non
3141 3387 3246 3439 sibi
3275 3386 3496 3440 labora—

1916 3476 2057 3528 verit
2086 3474 2442 3545 martyr.\sed
2475 3483 2527 3528 et
2562 3474 2819 3543 plurimis
2853 3475 2978 3530 aliis
3006 3476 3117 3529 suis
3138 3477 3254 3542 ipse
3286 3477 3497 3531 labori-

1916 3568 2020 3623 bus
2054 3567 2291 3622 salutem
2324 3566 2707 3621 conciliaverit
2741 3583 2763 3625 ε,
2794 3582 2959 3638 quam
2999 3568 3208 3631 multis,
3244 3574 3492 3638 inquam,

1919 3659 2083 3713 fuerit
2142 3666 2335 3712 auctor
2364 3665 2422 3713 ut
2447 3658 2629 3728 et-ipsi
2664 3673 2847 3728 parem
2896 3659 3210 3714 certaminis
3249 3675 3493 3722 cursum,

1918 3751 2196 3821 proprium
2249 3751 2575 3820 sanguinem
2634 3751 2870 3806 libantes
2923 3752 3056 3816 Deo,
3112 3750 3490 3807 conﬁcerent:

1919 3853 2046 3914 puta
2089 3843 2342 3898 Anatolio
2372 3853 2428 3897 et
2464 3843 2770 3897 Protolconi
2806 3844 2931 3898 belli
2955 3844 3187 3899 ducibus
3234 3845 3325 3915 qui
3368 3845 3496 3915 ipsi,

1920 3940 2009 3993 ubi
2044 3938 2111 3993 ad
2169 3938 2434 3993 miracula
2467 3955 2589 4008 qua:
2618 3939 2711 3992 illo
2736 3939 3041 3992 certamine
3091 3938 3367 4006 effulsere,
3394 3940 3496 3992 oh-

1919 4032 2279 4100 stupuissent,
2317 4029 2484 4086 etiam
2511 4029 2896 4084 fortitudinem
2955 4030 3215 4101 martyris
3256 4032 3498 4086 aemulati

1921 4132 2088 4187 sunt;
2132 4122 2338 4190 inclyto
2391 4121 2519 4174 item
2560 4120 2638 4173 illi
2702 4118 2962 4190 Glycerio
2997 4120 3133 4190 (57),
3167 4137 3332 4190 quem
3371 4137 3500 4191 pro-

1920 4213 2070 4283 digio
2095 4210 2267 4274 vituli,
2303 4211 2372 4264 ab
2405 4209 2709 4264 irrationali
2745 4209 3019 4264 idolorum
3050 4209 3409 4265 observantia
3441 4221 3499 4267 et

1922 4303 2312 4376 superstitioso
2339 4302 2494 4358 cultu
2524 4302 2761 4356 absolvit
2791 4317 2804 4352 :
2840 4315 2984 4370 quos
3011 4317 3205 4356 omnes
3231 4317 3299 4355 ex
3337 4303 3496 4372 ipsis,

1924 4407 1985 4451 ut
2016 4402 2087 4451 ita
2121 4396 2324 4458 dicam,
2370 4403 2648 4450 extractos
2706 4393 2966 4449 draconis
3023 4392 3300 4460 faucibus,
3345 4395 3501 4448 vieti-

212 4521 352 4567 κτα,
390 4502 471 4572 τῷ
499 4501 610 4570 ἰδίῳ
634 4501 877 4572 Δεσπότῃ
907 4499 1297 4571 προσαγαγών.
1326 4500 1448 4555 Ἔτι
1473 4499 1529 4552 δὲ
1564 4500 1656 4551 καὶ
1686 4497 1815 4550 θαύ-

1924 4508 2040 4547 mas
2100 4489 2372 4561 pet-ferias
2436 4497 2489 4542 et
2526 4496 2802 4557 acceptas,
2856 4487 3090 4542 Domino
3141 4502 3246 4541 suo
3280 4488 3498 4542 obtulit.

219 4611 382 4665 ματα
422 4592 661 4662 μέγιστά
686 4610 744 4645 τε
777 4593 870 4645 καὶ
897 4591 1112 4657 ἐξαίσια
1139 4608 1153 4621 ·
1191 4594 1269 4662 πῆ
1307 4591 1427 4663 μὲν,
1473 4594 1585 4654 τοῖς
1612 4592 1821 4653 πιστοῖς

217 4684 448 4740 αἰτοῦσι
481 4675 719 4752 νιφάδων
755 4683 910 4754 δίκην
941 4683 1316 4754 κεχαρισμένα
1346 4699 1358 4714 ⁵
1415 4684 1491 4753 πῆ
1541 4683 1599 4736 δὲ
1623 4723 1638 4746 ,
1670 4682 1823 4752 παρά

215 4779 337 4831 τῶν
369 4775 637 4829 ἐναντίων
671 4776 731 4828 οὑ
761 4775 966 4840 πιστῶς
1013 4777 1331 4848 αἰτηθέντα,
1374 4777 1522 4848 ἔργῳ
1560 4777 1626 4829 δι’
1656 4775 1824 4847 εὑχῆς

212 4871 323 4923 τοῦ
365 4869 648 4939 μάρτυρος
676 4866 1022 4937 ἐκϐεϐηκότα
1055 4885 1070 4900 ·
1120 4871 1196 4933 ὡς
1239 4869 1329 4922 καί¹
1368 4867 1562 4939 νεκρὸν
1593 4868 1659 4922 ἐκ
1687 4868 1818 4939 λάρ·

304 5002 321 5041 ι
360 5001 514 5056 l’sal.
581 5014 772 5064 cxxm,
815 5001 867 5055 6.

1924 4585 2198 4638 Praeterea
2252 4597 2383 4637 vero
2438 4581 2605 4636 etiam
2668 4580 2907 4634 maxime
2940 4580 3031 4634 illa
3068 4579 3503 4650 prmligiosaque

1924 4678 2210 4735 miracula,
2237 4689 2343 4744 qua
2372 4672 2676 4743 petentibus
2702 4671 2954 4727 ﬁdelibus
2979 4670 3272 4725 confertim
3299 4672 3504 4726 instar-

1921 4786 2028 4840 que
2067 4767 2258 4822 imbris
2309 4765 2509 4819 nivalis
2546 4762 2639 4825 Dei
2666 4763 2925 4834 largitate
2955 4764 3201 4829 donata;
3263 4776 3369 4831 qua
3409 4762 3502 4816 in;

1920 4861 2149 4917 credulo
2177 4861 2378 4914 animo
2407 4857 2477 4911 ab
2507 4855 2843 4912 adversariis
2904 4855 3093 4925 petita,
3128 4854 3501 4925 precibusque

1547 5087 1780 5143 νΑῐιιΑῑ
1820 5084 2230 5142 LLCTIONES.

299 5190 349 5220 95
383 5186 473 5242 ἴσ.
493 5186 654 5241 lein.
696 5184 807 5240 διά.

732 5312 743 5322 .
1535 5265 1931 5322 COMBEFISH
1964 5265 2204 5323 NOTAE.
2236 5300 2255 5325 1
2800 5317 2815 5323 -

298 5376 425 5447 (57)
461 5369 806 5447 Inclytojlli
855 5365 1121 5447 Gtgcerio.
1176 5364 1454 5447 Interpres
1507 5362 1815 5447 Lipomani,
1929 5365 2113 5445 tapltr.
2148 5362 2305 5428 Quod
2363 5378 2525 5431 porro
2565 5362 2894 5447 speetatad
2922 5362 2973 5416 id
3009 5376 3184 5442 genus
3224 5360 3501 5447 miracula

209 5435 381 5500 male
407 5435 659 5508 omniain,
686 5439 843 5494 bovis
872 5435 1193 5508 miraculum
1247 5437 1312 5489 ad
1342 5435 1441 5508 viri
1475 5437 1816 5508 τοιουτοιιο-

210 5533 360 5571 men
398 5517 589 5576 refert,
620 5503 770 5566 velut
823 5508 942 5576 ipse
987 5506 1122 5560 illud
1152 5506 1403 5576 patrarit,
1442 5520 1548 5559 non
1581 5503 1648 5558 ad
1686 5503 1819 5576 libe-

208 5592 513 5641 rationem
565 5573 633 5639 ab
661 5573 991 5639 idololatria,
1025 5573 1501 5645 ejus'oecasione;
1526 5590 1631 5641 qua
1654 5573 1816 5629 abso-

209 5657 412 5720 lutus,
443 5670 511 5712 ex
536 5653 659 5708 ﬁdei
687 5653 907 5724 fervore
954 5647 1326 5724 martyrioque
1383 5646 1818 5724 qumsito,_.vere

207 5714 507 5795 ἀοίδιμος,
541 5731 596 5779 et
618 5717 1008 5777 celeberrimus
1035 5714 1578 5787 evasit,'quauqnam
1608 5714 1814 5840 alioqui

211 5797 407 5840 hnmn
438 5795 652 5840 nrivaln
694 5791 913 5840 fortuna
938 5793 991 5840 et
1025 5788 1287 5840 rusticus.
1326 5796 1383 5840 ut
1423 5798 1503 5840 est
1538 5785 1678 5840 anud
1706 5786 1731 5840 ii
1761 5802 1814 5840 c-

208 5785 407 5851 homo
435 5785 653 5866 privata
694 5791 913 5846 fortuna
938 5793 991 5840 et
1025 5785 1293 5854 rusticus,
1326 5796 1383 5841 ut
1423 5785 1503 5843 est
1538 5785 1678 5855 apud
1706 5785 1814 5840 Mc-

1926 5432 2073 5490 cirea
2100 5449 2320 5503 pecora,
2344 5450 2465 5501 qua:
2489 5434 2762 5503 prtecipue
2786 5442 2937 5487 tanto
2966 5432 3087 5485 usui
3114 5441 3261 5492 sunt.
3285 5443 3505 5486 exstant

1926 5505 2262 5559 creberrima
2317 5507 2590 5572 exetnpla,
2642 5520 2742 5557 nec
2795 5505 2848 5557 in
2885 5503 2952 5556 iis
2984 5503 3168 5555 infima
3199 5512 3349 5563 sttnt,
3382 5518 3504 5571 qua:

1927 5576 1992 5628 ad
2027 5575 2413 5629 miraculosam
2469 5574 2530 5630 Β.
2588 5572 2648 5627 P.
2703 5574 2969 5627 Dominici
3020 5572 3312 5641 imaginem
3359 5573 3502 5642 apud

1928 5647 2220 5700 Sorianum
2275 5649 2329 5699 in
2389 5644 2643 5699 Calabria
2698 5645 3060 5714 perhibentur
3109 5643 3247 5714 fieri,
3290 5653 3342 5697 et
3376 5657 3500 5697 cum

1925 5717 2050 5774 aliis
2083 5715 2548 5772 circumferuntur
2580 5712 2782 5771 minori
2814 5714 3087 5771 volninine
3118 5712 3284 5769 edita.
