3978 6140
506 295 639 361 1191

1699 293 1758 353 S.
1800 292 2127 352 ANDRExE
2161 292 2584 354 CRETENSIS

3605 295 3725 358 1192

503 409 767 481 martyris
800 423 967 479 opere
1014 406 1257 461 exhibita
1290 423 1301 457 :
1336 412 1393 458 ut
1423 412 1479 458 et
1512 412 1785 458 mortuum
1813 405 2089 459 hominem

2208 408 2358 469 θακος
2394 400 2719 475 ἀναστῆναι,
2768 406 2849 468 εἰς
2892 403 3115 473 ἔλεγχον
3160 404 3257 474 τῆς
3286 404 3391 458 τῶν
3433 407 3722 479 αίτησάντων

502 504 773 560 etumulo
823 498 1213 563 suscitaverit,
1269 498 1334 551 ad
1391 511 1582 552 eorum
1639 497 1734 567 qui
1787 498 2093 568 petiisseut,

508 593 953 665 redarguendam
996 589 1322 654 amentiam,
1361 597 1416 642 et
1439 589 1692 644 veritatis
1717 591 2093 659 cognitionem

505 683 856 739 manifestius
906 679 1256 750 aperiendum
1311 693 1325 730 :
1367 678 1639 749 siquidem
1697 679 1778 745 ii,
1827 680 1920 749 qui
1973 692 2093 734 eam

504 762 621 827 rem
650 771 1096 841 postulaverunt,
1140 767 1325 822 videre
1347 769 1686 837 potuissent.
1726 768 1944 839 Quippe
1977 784 2089 824 non

501 861 751 917 adhibita
796 861 903 915 fide
958 859 1626 938 miraculorum.eventui
1657 899 1671 922 ,
1732 875 1799 915 ac
1835 861 2094 915 inanibus

500 954 740 1024 spectris
768 951 1209 1014 accommodata,
1245 949 1443 1004 iterum
1474 950 1656 1004 errori
1687 952 2091 1006 concedebant.

502 1048 638 1098 Cum
672 1045 817 1099 enim
851 1058 1043 1097 omnes
1078 1050 1469 1106 tormentorum
1534 1041 1816 1095 machinas
1838 1056 2099 1096 consum-

505 1137 772 1205 psissem,
837 1133 1080 1200 victique
1126 1138 1313 1186 essent
1363 1128 1628 1199 patientia
1690 1130 1973 1201 martyris,
2026 1130 2094 1184 ad

505 1228 665 1298 signa
698 1241 823 1297 qua:
866 1240 1142 1293 nusquam
1179 1206 1484 1292 posse'tieri
1536 1222 1952 1287 existimabant,
2002 1237 2096 1291 pe-

508 1320 670 1373 tenda
718 1332 871 1372 more
919 1315 1152 1370 Iudaico
1178 1313 1577 1384 confugerunt.
1606 1313 1877 1379 Quoniam
1909 1320 2094 1367 autem

506 1411 611 1462 hoc
666 1409 843 1477 ipsum
911 1406 1021 1459 illis
1086 1404 1286 1472 probro
1332 1412 1600 1471 cesserat,
1643 1404 1831 1460 multis
1893 1406 2095 1475 quippe

509 1500 781 1554 miracula
833 1499 926 1553 illa
968 1499 1053 1551 vel
1088 1499 1324 1551 maxime
1354 1484 1517 1552 saluti
1562 1497 1805 1555 fuerunt.
1832 1506 1889 1551 ut
1922 1499 2092 1552 Deum

508 1591 729 1660 Georgii
777 1608 874 1661 per
914 1608 975 1646 ea
1010 1593 1335 1663 agnoverint
1371 1599 1671 1662 :cazterum
1733 1606 1858 1643 cum
1918 1604 2097 1659 neque

511 1684 780 1737 habt-rent
813 1682 960 1751 quod
1014 1682 1299 1735 immensis
1331 1696 1361 1734 a
1405 1688 1647 1750 martyre
1690 1681 1924 1749 patratis
1987 1694 2092 1751 op-

2200 491 2408 557 ἀνοίας,
2443 493 2744 561 ἐπίγνωσιν
2783 492 2840 545 δὲ
2869 491 2970 563 τῆς
2996 490 3272 562 ἀληθείας,
3306 495 3358 547 εί
3378 490 3437 563 γε
3471 497 3526 549 τὸ
3548 497 3725 569 βλέπειν

2199 584 2247 634 ot
2286 584 2616 653 αἰτήσαντες
2648 579 2816 654 εἶχον.
2867 583 3034 636 Αὐτοὶ
3063 582 3171 654 γάρ
3205 586 3254 637 οί
3288 589 3353 656 τῇ
3401 586 3606 643 ὲκὸἀσει
3641 594 3725 646 τῶν

2200 672 2494 743 θαυμάτων
2519 676 2952 745 ἀπιστήσαντες,
2982 668 3133 729 οῦτοι
3156 676 3403 744 φάσμασι
3433 679 3724 745 πεποιθότες,

2199 760 2357 829 αὖθις
2394 765 2706 836 ἡλίσκοντο.
2743 767 2998 819 Ἀπασαν
3029 766 3141 838 γὰρ
3162 766 3566 840 βασανιστήριον
3595 790 3729 842 μηχα-

2200 854 2298 925 νὴν
2346 856 2816 922 ἐξαναλώσαντες,
2879 858 2977 911 καὶ
3034 858 3170 928 πρὸς
3221 857 3320 928 τὴν
3369 860 3623 932 ὑπομονὴν
3654 865 3729 917 τοῦ
3826 920 3829 921 ,

2206 950 2491 1021 μάρτυρος
2542 950 2988 1020 ἐξατονήσαντες,
3039 950 3136 1002 καὶ
3162 950 3254 1002 ἐπὶ
3304 950 3402 1023 τὴν
3445 952 3546 1007 τῶν
3575 952 3729 1007 ἀδυνά-

2197 1058 2327 1106 των,
2373 1042 2450 1105 ὡς
2500 1042 2741 1106 ἐδόκουν,
2795 1042 3066 1112 σημείων,
3116 1040 3428 1105 Ἰουδαϊκῶς
3472 1042 3731 1111 κατέφυγον

2198 1134 2416 1203 αἴτησιν
2438 1149 2452 1162 ·
2483 1134 2609 1186 ἐπεὶ
2637 1133 2695 1186 δὲ
2733 1132 2995 1187 κάκεῖθεν
3020 1131 3372 1204 ᾐσχύνθησαν
3394 1149 3409 1163 ⁸
3440 1132 3627 1186 πολλῶν
3649 1134 3733 1203 γὰρ

2202 1224 2437 1294 μάλιστα
2463 1225 2658 1293 γέγονε
2691 1224 2940 1296 σωτηρία
2987 1223 3058 1276 τὰ
3088 1223 3364 1293 θαύματα,
3391 1224 3479 1277 τὸν
3508 1224 3732 1293 Γεωργίον

2198 1313 2335 1367 Θεὸν
2395 1315 2485 1369 διὰ
2536 1315 2747 1369 τούτων
2793 1313 3215 1382 ἐπεγνωκέναι·
3254 1313 3353 1385 οὐχ
3390 1308 3488 1366 οἷοί
3531 1329 3585 1364 τε
3616 1313 3735 1375 ὄντες

2198 1403 2523 1474 ἀντεξάγειν
2553 1407 2676 1468 ταῖς
2714 1407 2949 1475 ἀφάτοις
2989 1403 3085 1457 τοῦ
3128 1404 3409 1475 μάρτυρος
3444 1403 3737 1474 θαυματουρ·

2198 1498 2370 1567 γίαις,
2407 1498 2503 1550 καὶ
2549 1499 2905 1568 ἐπιστρέφειν
2947 1496 3049 1549 οὐκ
3097 1497 3477 1566 ἀνασχόμενοι,
3523 1494 3592 1565 τῷ
3615 1512 3737 1547 τετυο

2200 1588 2445 1659 φλῶσθαι
2465 1588 2665 1651 αὐτοὺς
2688 1587 2783 1641 καὶ
2802 1589 3165 1661 πεπωρῶσθαι
3209 1586 3451 1657 καρδίαν,
3473 1579 3579 1639 ὧτά
3596 1603 3644 1638 τε
3666 1587 3738 1638 καὶ

2200 1684 2447 1754 ὄμματα,
2505 1680 2691 1744 καθώς
2750 1697 2920 1751 φησιν
2966 1680 3218 1744 Ἠσαῖα;,
3264 1683 3329 1751 τῇ
3384 1684 3651 1750 προγονικῇ
3694 1679 3739 1743 ἐξ

513 1782 801 1838 ponerent,
836 1788 937 1826 nec
961 1789 990 1826 a
1042 1787 1144 1826 sua
1181 1787 1240 1825 se
1266 1770 1661 1839 supersxitione
1697 1770 1899 1824 abduci
1932 1780 2090 1840 pate-

2208 1775 2444 1845 Ξινάγκης
2482 1770 2876 1844 προσεχώρουν
2912 1773 3123 1845 ἀπάτῃ,
3185 1772 3280 1826 καὶ
3308 1773 3640 1843 μαγγανείαις
3661 1773 3738 1841 τὴν

513 1874 726 1928 rentur,
758 1874 1019 1933 tanquam
1054 1863 1147 1933 qui
1183 1863 1438 1916 excazcati
1491 1869 1699 1925 essent,
1724 1862 2100 1932 haberentque

513 1956 848 2009 obduratum
879 1971 995 2020 cor,
1025 1969 1302 2023 auresque
1320 1960 1373 2008 et
1395 1953 1610 2017 oculos,
1633 1954 2096 2023 quemadmodum

515 2045 690 2100 Isaias
752 2046 829 2100 ait
860 2058 937 2112 m;
980 2046 1173 2115 patriis
1230 2045 1515 2100 erroribus
1563 2045 1881 2100 necessario
1911 2046 2100 2100 adhae-

516 2147 732 2205 rentes,
774 2138 1160 2197 ,subvcrsuros
1200 2152 1259 2192 se
1295 2137 1579 2191 veritatem
1635 2137 2100 2192 incantationibus

517 2231 807 2299 putabant.
831 2228 1074 2283 Tandem
1100 2212 1649 2298 igiturAthanasium
1668 2226 1956 2297 quemdam
1987 2229 2099 2299 (58)

515 2333 633 2376 arte
665 2322 876 2391 magica
902 2321 1203 2386 celebrem,
1231 2320 1283 2373 in
1320 2319 1565 2373 medimn
1599 2318 1952 2389 producunt;
1982 2335 2100 2373 ma—

513 2412 732 2482 jorique
782 2413 1079 2482 praestigiis
1133 2410 1574 2478 existimatione,
1630 2425 1794 2480 quam
1839 2411 1932 2480 qui
1972 2411 2102 2465 olim

515 2504 672 2568 Mosi,
713 2520 771 2558 se
819 2501 1060 2574 Egypto
1117 2503 1412 2558 restitui-os
1440 2508 1825 2576 .putaverunt.
1863 2501 1972 2555 Sed
2002 2515 2105 2556 nec

519 2598 621 2651 hoc
654 2597 777 2650 loco
834 2597 1017 2649 omnis
1059 2594 1148 2647 illa
1190 2593 1415 2664 magicae
1462 2593 1600 2647 artis
1635 2591 1854 2645 fallacia
1887 2591 1942 2645 in
1987 2591 2108 2645 lon-

515 2703 642 2755 gum
667 2697 880 2754 tempus
907 2686 1170 2753 producta
1195 2683 1435 2737 obtinuit
1459 2725 1473 2749 ,
1508 2683 1673 2747 victo,
1730 2682 1961 2737 veritate
1990 2680 2111 2735 vin-

517 2787 701 2843 cente,
739 2777 1028 2832 mendacio
1056 2795 1072 2830 :
1108 2791 1173 2831 ac
1203 2777 1365 2845 plane
1399 2775 1522 2840 fuit,
1569 2790 1733 2844 quam
1773 2776 1887 2829 illic
1919 2775 2107 2830 utilior

521 2870 665 2939 magi
696 2869 870 2924 nostri
902 2868 1216 2939 praesentia.
1250 2868 1331 2921 Illi
1367 2868 1539 2931 enim,
1580 2882 1705 2921 cum
1736 2867 1828 2921 Dei
1867 2867 2103 2939 digitum

518 2961 897 3031 agnovissent,
951 2959 1048 3030 qui
1102 2974 1293 3013 eorum
1345 2967 1520 3011 artem
1568 2968 1862 3022 everteret,
1919 2961 2102 3015 verbis

2201 1863 2461 1934 ἀλήθειαν
2513 1862 2849 1930 ἀνατρέπειν
2897 1861 3173 1931 ἐνόμιζον.
3224 1862 3521 1932 Τοιγαροῦν
3564 1861 3738 1931 ἀμέλει,

2214 1956 2532 2014 Ἀθανάσιον
2565 1957 2647 2018 είς
2683 1955 2850 2025 μέσον
2891 1955 3167 2025 παρῆγον,
3218 1954 3417 2024 πολλὴν
3447 1954 3535 2006 ἐπὶ
3568 1956 3625 2025 τῇ
3657 1969 3736 2023 μα-

2200 2048 2332 2116 γικῇ
2377 2046 2476 2116 τὴν
2505 2046 2688 2114 οἴησιν
2750 2044 2961 2114 ἔχοντα.
2999 2045 3111 2098 Καὶ
3145 2044 3349 2115 μᾶλλον
3376 2045 3407 2115 ἢ
3434 2046 3549 2108 τοὺς
3576 2045 3625 2097 ἐν
3667 2044 3739 2098 Δία

2201 2135 2415 2205 γὺπτῳ,
2454 2133 2532 2204 τῷ
2563 2134 2758 2187 Μωσεί
2781 2134 3178 2203 ἀντιπράττειν
3206 2134 3476 2199 δόξαντας.
3520 2133 3640 2186 Ἀλλ’
3664 2133 3741 2185 οὐκ

2203 2228 2281 2290 είς
2315 2228 2533 2296 μακρὰν
2565 2226 2850 2280 κάνταῦθα
2878 2227 3028 2280 πᾶσα
3055 2226 3272 2297 μαγικὴ
3300 2226 3570 2280 κατέκειτο
3593 2227 3738 2294 τέχνη,

2203 2318 2300 2370 τοῦ
2322 2318 2574 2388 ψεύδους,
2602 2321 2668 2389 τῇ
2708 2318 2944 2390 ἀληθείᾳ
2983 2319 3351 2390 νενικημένου
3377 2335 3389 2348 ·
3431 2321 3519 2372 καὶ
3560 2317 3736 2385 πλέονῆ

2206 2410 2389 2461 ἐκεῖσε
2419 2409 2707 2480 λυσιτελὴς
2746 2411 2780 2481 ἡ
2811 2409 2906 2463 τοῦ
2949 2411 3126 2481 μάγου
3187 2410 3376 2479 γέγονε
3406 2409 3662 2481 παρουσία.
3690 2408 3739 2459 υἱ

2214 2500 2449 2570 μὲνγὰρ
2490 2501 2755 2554 δάκτυλον
2802 2497 2942 2555 εἶναι
2997 2500 3136 2555 Θεοῦ
3185 2503 3281 2556 τὸν
3335 2501 3631 2572 ἐνεργοῦντα
3664 2499 3740 2566 τὴν

2210 2593 2435 2646 ἐκείνων
2467 2595 2781 2665 ἀνατροπὴν
2812 2596 3217 2663 ἐπεγνωκότες,
3249 2596 3411 2666 μέχρι
3445 2595 3601 2663 λόγων
3625 2592 3740 2660 ὦμοι

2212 2688 2407 2756 λόγουν
2436 2707 2447 2719 ·
2480 2692 2507 2743 ὁ
2553 2691 2630 2755 δέ,
2682 2692 2782 2762 τὴν
2822 2691 2913 2744 διὰ
2946 2690 3053 2743 τῶν
3081 2692 3270 2762 ἔργων
3323 2688 3740 2758 ἀποκαλυφθείσαν

2214 2780 2366 2850 αὐτῷ
2390 2780 2573 2836 πίστιν
2595 2783 3009 2852 ἀσπασάμενος,
3040 2783 3137 2836 καὶ
3184 2782 3277 2836 τὸν
3301 2782 3391 2835 διά
3422 2781 3592 2851 ξίφους
3622 2776 3741 2849 ¹ὑπὲρ

2217 2872 2389 2942 αὐτῆς
2430 2872 2708 2942 ἠνέγκατο
2766 2873 3020 2940 θάνατον,
3074 2873 3416 2946 κατάλληλον
3451 2872 3524 2942 τῷ
3561 2869 3743 2939 ὀνόματι

2211 2962 2633 3032 κληρονομήσας
2674 2960 2844 3035 ζωήν.

520 3060 789 3113 duntaxat
819 3057 1062 3113 confessi
1099 3058 1397 3112 suntzhic
1431 3066 1613 3132 autem
1696 3056 1859 3113 fidem
1933 3059 2332 3115 miraculorum
2398 3060 2715 3129 patratione
2774 3061 3042 3131 agnitam,
3095 3062 3408 3131 amplexus,
3465 3057 3611 3113 etiam
3668 3065 3743 3120 pro

518 3168 580 3207 ea
624 3153 818 3222 capitis
866 3146 1288 3208 obtruncatione
1340 3163 1571 3206 mortem
1625 3154 1821 3220 subiit,
1851 3169 2095 3225 congrua
2133 3156 2342 3211 nomini
2379 3158 2506 3211 vitae
2536 3157 2686 3213 illius
2722 3157 3055 3215 immortalis
3120 3157 3447 3227 haereditate
3504 3158 3737 3222 percepta.

589 3247 786 3309 Missos
819 3247 958 3302 facio
981 3249 1251 3319 singulos,
1300 3264 1441 3319 quos
1472 3248 1681 3303 Christi
1713 3249 1872 3304 miles
1907 3266 1970 3304 ac
2006 3266 2105 3304 an-
2132 3261 2174 3317 ο

523 3341 865 3409 tesignanus,
901 3339 966 3391 ad
990 3339 1236 3408 ejusdem
1269 3341 1595 3395 certaminis
1629 3343 1898 3395 rationem
1929 3342 2099 3396 addu-

523 3432 601 3483 xit
636 3447 647 3482 :
686 3433 740 3483 iu
797 3431 998 3500 quibus
1048 3442 1103 3486 et
1134 3433 1501 3487 Alexandram
1554 3433 1996 3502 iuiperatricem,
2048 3445 2105 3490 ut

520 3524 693 3576 Musis
721 3531 776 3577 et
818 3526 933 3592 ipsa
965 3525 1221 3578 virtutem
1253 3525 1595 3585 ostenderet,
1633 3525 1877 3579 induxit.

593 3614 824 3686 Ileliqua
857 3617 979 3671 vide
1011 3615 1154 3689 apud
1180 3614 1392 3681 Lipom.
1420 3627 1473 3671 et
1505 3616 1749 3670 Surium.

1081 3750 1340 3806 ORATIO
1374 3750 1563 3805 XVIII.

525 3863 838 3918 Eucomium
875 3864 986 3937 (39)
1039 3863 1097 3920 S.
1135 3862 1887 3946 Nicolniepiscopiblyrcnsis
1920 3866 1975 3921 in
2005 3864 2111 3937 Ly-

1267 3951 1374 3988 cra.

598 4052 770 4106 lIomo
796 4052 913 4115 Dei,
935 4049 1088 4119 cjusq
1101 4064 1165 4104 ue
1185 4047 1361 4105 ﬁdelis
1386 4050 1614 4113 famule,
1638 4064 1699 4104 ac
1724 4056 2107 4105 sacramento-

525 4161 647 4200 ruui
689 4144 893 4198 Christi
930 4144 1304 4214 dispensator,
1339 4143 1531 4212 virque
1574 4141 1965 4196 desideriorum
1989 4143 2104 4212 spi-

526 4238 667 4289 ritus
693 4244 719 4270 ιι
746 4253 760 4300 ;
799 4236 1019 4303 suscipe
1054 4250 1217 4304 quam
1244 4234 1344 4288 tibi
1371 4232 1491 4289 loco
1519 4236 1763 4289 muneris
1790 4236 2099 4291 orationem

527 4326 844 4392 offerimus;
904 4326 1251 4394 gratiamque
1315 4325 1592 4390 existima,
1650 4341 1749 4394 pro
1804 4334 1900 4380 tua
1932 4326 2024 4380 illa
2049 4327 2104 4381 in

530 4410 651 4481 nos,
685 4417 960 4471 mirabilis
988 4416 1458 4487 ferventiorisque
1506 4420 1873 4488 protectionis
1904 4419 2104 4489 gratia.

530 4510 607 4565 Te
638 4524 802 4581 porro
844 4510 1243 4578 compellamus
1279 4510 1594 4585 columnam
1628 4523 1679 4564 et
1723 4510 2107 4565 fulcimentum

531 4601 815 4667 Ecclesiae,
844 4620 862 4653 ι
898 4600 1171 4656 luminare
1202 4602 1257 4655 in
1304 4601 1534 4666 mundo,
1587 4602 1678 4660 aui
1709 4602 1934 4657 verbum
1984 4601 2109 4656 vitae

603 4791 640 4814 ιη
667 4781 770 4837 Isa.
831 4782 1029 4849 vt,10.
1116 4788 1144 4819 ιι
1182 4778 1316 4834 Dan.
1356 4797 1408 4847 ιι,
1445 4783 1528 4834 ll.

2290 3251 2396 3305 Ἐὦ
2435 3252 2544 3324 γὰρ
2585 3253 2766 3322 λέγειν
2800 3253 3029 3318 καοένα,
3068 3254 3234 3317 ὅσους
3279 3253 3372 3305 καὶ
3410 3249 3583 3308 ἄλλους
3617 3246 3641 3295 ὀ
3670 3238 3743 3292 τοῦ

2209 3342 2448 3411 Χριστοῦ
2476 3342 2777 3414 ἀθλοφόρος
2807 3343 2943 3413 πρὸς
2972 3343 3072 3413 τὴν
3105 3342 3283 3413 αὐτὴν
3310 3339 3520 3393 ἕναθλον
3544 3330 3741 3398 καθωδή-

2209 3452 2345 3504 γησε
2379 3435 2564 3505 λῆξιν·
2598 3437 2657 3489 ὲν
2685 3430 2767 3497 οἷς
2803 3437 2897 3488 καὶ
2933 3435 3032 3506 τὴν
3064 3433 3393 3504 βασίλισσαν
3423 3424 3741 3492 Ἀλεξάνδραν,

2209 3527 2512 3600 Μωσαῖκὴν
2531 3527 2733 3600 ἀρετὴν
2758 3525 3134 3593 ἐπιδείξασθαι
3167 3528 3458 3596 πέποιηκε.
3479 3521 3740 3592 Χρεῖσ......

2273 3621 2482 3675 Λείπει.

2818 3752 3042 3809 ΛΟΓΟΣ
3077 3754 3190 3809 IH'.

2224 3865 2548 3939 Ἐγκὼμιον
2561 3871 2650 3933 είς
2673 3868 2780 3939 τὸν·
2803 3867 2979 3924 ὅσιον
3002 3868 3243 3939 Πατέρα
3264 3866 3430 3937 ήμῶν
3468 3862 3738 3919 Νικόλαον»

2569 3940 2676 3993 τὸν
2707 3938 2819 4008 τῆς
2850 3939 2921 3993 ἐν
2951 3938 3414 4008 ΛυκίαΜύρης.

2286 4048 2576 4122 Ἄνθρωπε
2603 4050 2697 4104 τοῦ
2729 4050 2863 4104 Θεοῦ
2898 4054 2995 4105 καὶ
3022 4052 3187 4106 πιστὲ
3220 4052 3494 4125 θεράπων,
3523 4047 3606 4101 καὶ
3632 4043 3742 4095 οἰκο-

2209 4140 2343 4212 νόμε
2369 4141 2479 4197 τῶν
2507 4141 2747 4213 Χριστοῦ
2783 4143 3096 4215 μυστηρίων
3118 4161 3131 4174 ·
3171 4147 3268 4199 καὶ
3311 4146 3440 4214 ἄνερ
3471 4131 3743 4205 ἐπιθυμιῶν

2204 4232 2314 4286 τῶν
2346 4232 2441 4287 τοῦ
2478 4234 2790 4305 πνεύματος
2811 4251 2824 4264 '
2862 4236 3018 4304 δέχου
3053 4236 3147 4288 τὸν
3183 4236 3481 4307 παρ⁹ήμῶν
3512 4249 3584 4284 σοι
3615 4240 3743 4296 προσ-

2205 4326 2476 4396 αγόμενον
2513 4327 2670 4395 λόγον
2703 4326 2778 4390 ὡς
2819 4328 3026 4396 δῶρον·
3070 4328 3170 4381 καὶ
3213 4329 3376 4400 χάριν
3413 4326 3525 4380 ἀντὶ
3562 4319 3742 4393 χάριτος

2207 4419 2343 4487 ἡγοῦ
2399 4419 2503 4489 τῆς
2548 4421 2628 4484 εἰς
2686 4422 2833 4491 ἡμᾶς
2871 4421 3323 4493 ἐπιδεδειγμένης
3371 4436 3449 4471 σοι
3492 4408 3741 4483 παραδόξου

2208 4513 2302 4565 καὶ
2330 4511 2542 4583 θερμῆς
2581 4512 2938 4583 ἀντιλήψεως.
2970 4511 3269 4582 Καλοῦμεν
3298 4511 3354 4563 δέ
3390 4527 3447 4562 σε
3478 4504 3646 4561 στύλον
3670 4496 3740 4552 καὶ

2218 4603 2499 4677 ἑδραίωμα
2528 4606 2628 4675 τῆς
2654 4595 3003 4674 Ἐκκλησίας,
3035 4621 3054 4656 ι
3087 4602 3186 4657 καὶ
3215 4603 3475 4672 φωστῆρα
3497 4600 3550 4650 ὲν
3573 4594 3725 4659 κόσμῳ

1826 4955 2222 5012 consensu
2259 4921 2496 5011 No‘r'ze.

607 5096 716 5169 (58)
750 5096 1103 5169 Athanasium
1124 5094 1423 5169 quemdam.
1450 5094 1612 5169 Lege,
1644 5093 1716 5148 mi
1746 5093 1966 5169 Lector,
1994 5093 2112 5169 qui:
2142 5096 2186 5151 D
2216 5095 2443 5169 prianus
2475 5110 2488 5146 :
2519 5110 2580 5148 ea
2604 5094 2809 5169 Graecis
2835 5093 3075 5169 fama,ut
3097 5067 3354 5169 Cypriani
3380 5087 3608 5169 alterius,
3628 5079 3736 5169 δεῖξ’

535 5165 640 5224 bus
682 5165 929 5221 Andreas
987 5165 1142 5219 meus
1193 5166 1389 5228 oculis,
1453 5167 1593 5219 hanc
1630 5166 1772 5232 magi
1829 5165 2112 5218 Athanasii

536 5239 839 5303 historiam,
876 5238 944 5290 de
976 5250 1083 5305 qua
1117 5237 1232 5304 jam
1266 5237 1422 5298 satis,
1447 5237 1762 5304 viderisque
1788 5236 1939 5305 ineo
1974 5250 2114 5290 eon-

536 5317 814 5365 secratum
864 5304 1153 5361 Athanasii
1206 5322 1428 5365 nomen.
1478 5316 1531 5359 et
1595 5306 1801 5360 factum
1854 5304 2116 5359 Ecclesiae

536 5380 742 5435 Christi
797 5377 1148 5441 venerabile,
1186 5392 1291 5431 non
1346 5378 1661 5446 pollutum,
1729 5376 2001 5445 siquidem
2051 5390 2114 5429 ea

539 5450 696 5504 nobis
721 5448 895 5518 gloria
921 5456 1026 5512 est,
1055 5463 1217 5516 quam
1242 5446 1352 5502 Deo
1379 5447 1577 5516 dignus
1604 5447 1782 5500 exitus
1805 5456 2116 5518 sanctaque

537 5514 962 5588 consummatio,
1018 5514 1143 5588 post
1190 5520 1354 5572 etiam
1386 5514 1514 5573 vitae
1553 5517 1849 5571 anterioris
1897 5514 2112 5588 sordes,

541 5588 686 5658 parit
716 5602 729 5639 :
770 5587 973 5658 alioqui
1019 5586 1435 5658 blasphemetur
1468 5588 1693 5658 Paulus,
1728 5586 2112 5657 Augustinus,

546 5655 713 5706 Maria
748 5655 1053 5726 paenitens;
1082 5655 1165 5720 ac,
1190 5659 1233 5712 si
1259 5672 1446 5726 magos
1477 5673 1603 5712 cum
1633 5655 1869 5711 Barouio
1891 5658 2112 5724 quieris,

547 5739 740 5790 magus
778 5725 931 5792 olim,
960 5740 1022 5780 ac
1075 5725 1422 5797 pestmodum
1464 5737 1669 5800 martyr
1716 5729 1975 5798 inclytus,
2009 5726 2116 5795 Cy-

2220 5160 2330 5235 ptis
2357 5181 2419 5218 ac
2451 5166 2749 5235 sanctitate
2797 5160 3191 5235 martyrioque
3216 5160 3522 5235 clarissimi,
3548 5166 3735 5235 nomen,

2217 5222 2287 5289 ab
2310 5237 2430 5304 ipsa
2457 5235 2569 5302 jam
2598 5234 2857 5300 Theologi
2888 5222 3069 5297 aetate,
3088 5222 3252 5288 -velut
3272 5222 3599 5289 exstinxerit,
3617 5222 3738 5277 solus

2217 5305 2335 5375 ipse
2365 5306 2743 5365 ecclesiastico
2768 5305 2949 5359 otlicio
2973 5305 3083 5360 illis
3116 5304 3370 5358 celebris.
3449 5371 3459 5375 _
3643 5363 3654 5375 ,
3704 5358 3714 5369 ,

2290 5375 2400 5444 (59)
2442 5363 2807 5431 Devotissimo
2840 5376 3093 5447 encomio
3118 5363 3740 5447 exornathvirutnglllflf'

2217 5431 2484 5515 rabilcm;
2521 5447 2845 5515 videturque
2868 5446 3083 5501 dixisse
3116 5446 3171 5500 in
3209 5444 3328 5511 ipsa
3355 5438 3549 5515 N_ic_olai
3588 5431 3741 5515 Eccl'e'

2221 5499 2307 5568 sui
2339 5535 2353 5570 :
2409 5499 2721 5586 quanquam
2755 5499 2895 5569 ἶιίιιὶι
2927 5499 3007 5570 sit
3033 5499 3185 5586 opus
3229 5499 3290 5566 ut
3310 5511 3654 5586 existittlellllls
3676 5499 3739 5586 ιξῖῖ

2222 5572 2589 5661 ctamliyrm.‘
2614 5572 3217 5661 Quippe_celcbris'est_
3235 5597 3357 5635 Cum
3392 5580 3535 5661 311131,
3557 5572 3743 5661 Ριμῗξὲῗ

2223 5663 2339 5711 toto
2365 5640 2681 5712 Christiatro
2702 5640 2991 5723 Ni'colaus,
3014 5640 3131 5710 tum
3179 5653 3371 5713 Crctze,
3401 5640 3573 5723 u'hiJ'et
3597 5640 3736 5723 urbes

2223 5728 2522 5783 ctianmum
2546 5728 2665 5798 ejus
2692 5742 2889 5784 nomen
2925 5716 3190 5793 retinent,
3225 5731 3279 5777 ut
3314 5722 3450 5794 apud
3478 5716 3627 5774 Ortcl.
3653 5720 3719 5767 εις

3914 4200 3915 4221 l

3914 4228 3915 4249 l

3913 4280 3915 4321 l
