3978 6140
357 300 499 371 1193

1662 302 1745 363 IN
1783 304 1846 363 S.
1887 299 2285 363 NICOLAUM
2300 345 2313 360 .

3482 305 3509 371 1
3525 304 3623 371 194

355 425 516 495 λόγον
565 423 711 495 ζωῆς
758 422 1042 494 ἐπέχοντα.
1093 438 1109 470 ι
1154 416 1363 481 Πολλὰς
1412 416 1518 487 γάρ
1574 424 1652 468 σοι
1700 415 1850 476 κλεῖς
1899 414 1925 480 ἡ

2040 412 2330 467 contineas
2358 410 2474 482 (60)
2499 419 2662 483 atque
2687 429 2949 487 praetcras
2970 425 3015 471 ο.
3058 435 3076 469 ι
3111 417 3324 491 Quippe
3355 420 3457 478 tibi
3483 425 3621 503 mul-

353 517 527 591 ἀρετὴ
566 516 857 589 πεποίηκε,
894 514 990 567 καὶ
1029 513 1185 566 οὖδέν
1223 529 1284 564 σε
1322 510 1432 564 τῶν
1472 508 1653 562 καλῶν
1688 507 1934 574 διέφυγε,

355 611 630 683 ποιμένων
665 610 854 683 ἄριστε
877 650 891 671 ,
929 609 1023 662 καὶ¹
1063 605 1367 678 ἀρχιερέων
1401 602 1729 673 πανεύφημε
1765 600 1935 654 Νικό-

356 705 473 759 λαε.
507 705 696 767 Πάσας
727 703 838 775 γὰρ
872 702 944 765 ὡς
980 702 1038 754 ἒν
1070 696 1331 771 θησαυρῷ
1380 695 1567 767 χρυσῷ
1596 696 1724 757 τοὺς
1754 693 1936 757 λίθους

354 797 632 866 διαφανεῖς
678 798 743 869 τῇ
795 793 1045 865 μακαρίᾳ
1090 808 1184 845 σου
1227 789 1407 860 ψυχῇ,
1454 789 1555 851 τὰς
1598 787 1935 858 ὑπερτίμους

284 900 287 905 ’
354 886 465 941 τῶν
514 886 727 958 ἀρετῶν
774 882 1073 949 ὲναπέθου,
1128 880 1454 950 περιϐόητος
1502 878 1754 931 ἐντεῦθεν
1800 878 1935 930 πᾶσι

355 981 542 1052 σχεδὸν
574 980 689 1039 τοῖς
724 977 814 1045 ὑφ’
832 976 967 1048 ἡλίῳ
1001 974 1312 1044 γενόμενος.
1341 973 1453 1042 Οὐχ
1485 969 1629 1025 οὕτω
1674 970 1785 1040 γὰρ
1834 969 1931 1023 λύ-

353 1088 480 1141 χνος
497 1071 589 1123 ἐπὶ
618 1069 813 1139 λυχνίᾳ
843 1066 1021 1130 τεθεὶς
1044 1066 1222 1135 ὑψηλῇ
1254 1065 1350 1118 καὶ
1377 1062 1655 1135 διαχρύσῳ
1709 1061 1932 1131 φωτίζει

350 1161 421 1216 τὰ
459 1162 695 1233 πέρατα,
729 1160 803 1223 ὡς
844 1158 907 1212 σύ
946 1175 1009 1227 γε
1052 1157 1244 1228 πρώην
1280 1156 1371 1208 ἐπὶ
1409 1155 1503 1209 τοῦ
1543 1153 1931 1226 ἀρχιερατικοῦ

352 1254 567 1326 θρόνου,
600 1252 703 1306 ὑπὸ
732 1249 973 1323 Χριστοῦ
1005 1248 1097 1302 τοῦ
1130 1247 1387 1320 ἀληθινοῦ
1422 1247 1599 1315 φωτὸς
1630 1246 1931 1314 ἀνατεθεὶς,

352 1345 608 1414 καθάπερ
640 1344 698 1395 ὲν
732 1340 1004 1412 αὐχμηρῷ
1036 1341 1188 1411 τόπῳ
1220 1338 1298 1409 τῷ
1332 1341 1568 1407 ἀφεγγεῖ
1596 1336 1689 1391 τοῦ
1726 1339 1930 1409 κόσμου

349 1434 559 1506 χωρίῳ,
594 1433 804 1495 πάντας
838 1432 963 1493 τοὺς
1003 1429 1108 1484 ὑπὸ
1141 1428 1237 1482 σοῦ
1275 1427 1756 1498 ποιμαινομένους,
1795 1428 1934 1497 πρὸς

348 1526 410 1579 τὸ
439 1526 739 1593 ἀνύκτερον
767 1520 880 1591 φῶς
910 1519 1203 1590 δᾳδουχῶν,
1234 1517 1550 1586 διαυγάζεις
1568 1533 1582 1546 ·
1615 1517 1709 1569 καὶ
1735 1510 1847 1569 οἷον
1870 1515 1934 1570 ἐκ

344 1634 494 1679 τινος
524 1614 797 1687 μετεώρου
825 1612 1121 1683 περιοπῆς,
1146 1611 1207 1663 οὐ
1242 1610 1403 1680 μόνον
1426 1610 1554 1673 τοὺς
1579 1610 1770 1678 ἐγγὺς,
1797 1608 1933 1662 ἀλλὰ

347 1708 446 1764 καὶ
488 1709 613 1770 τοὺς
691 1705 882 1775 πόρρω
922 1703 1301 1774 διεστηκότας,
1342 1699 1421 1771 τῷ
1463 1701 1693 1754 ἀπλανεί
1734 1700 1831 1770 τῆς
1874 1702 1932 1752 ὲν

348 1801 625 1869 πνεύματι
662 1796 939 1866 γνώσεως,
978 1792 1421 1865 καταπυρσεύεις
1483 1793 1824 1862 αὐγάσματι.
1861 1791 1929 1843 Σὲ

343 1895 459 1965 γὰρ
494 1892 695 1963 ὑψηλὸν
730 1888 949 1959 ἀληθῶς
978 1890 1012 1959 ἡ
1051 1886 1319 1957 ἀγγελικὴ
1355 1886 1601 1939 πολιτεία
1636 1886 1926 1957 πεποίηκε.

347 1986 419 2040 Σὲ
476 1984 538 2038 τὸ
575 1981 817 2052 καθαρόν
841 1998 901 2033 τε
930 1980 1023 2033 καὶ
1052 1978 1386 2050 θεωρητικὸν
1411 1982 1510 2044 τῆς
1540 1979 1676 2050 πρὸς
1700 1978 1760 2032 τὸ
1787 1979 1929 2032 θεῖον

347 2074 582 2147 ἀληθοῦς
605 2072 959 2143 ἀνακράσεως
981 2069 1095 2133 ,τὰς
1118 2070 1405 2139 οὐρανίους
1430 2070 1625 2136 ausa;
1650 2069 1926 2140 ὑπερπτῆ-

348 2185 439 2221 ναι
464 2165 648 2236 σχεδὸν
669 2162 1102 2234 παρεσκεύασεν.
1123 2159 1360 2214 Αὐτόθεν
1382 2177 1464 2213 σοι
1486 2160 1550 2231 δὴ
1575 2161 1669 2214 καὶ
1689 2160 1749 2213 τὸ
1774 2160 1930 2215 πολυ-

346 2256 489 2317 ειδὲς
526 2255 634 2308 τῶν
668 2255 901 2326 ἀρετῶν,
1015 2252 1084 2304 τὰ
1120 2254 1221 2323 τῆς
1257 2251 1570 2322 πρακτικῆς
1607 2251 1928 2320 φιλοσοφίας

349 2347 714 2411 συνείλεκται,
740 2347 899 2416 δίκην
925 2345 1208 2416 μελίσσης,
1231 2342 1605 2412 ὲκπεριελόντι
1629 2342 1737 2397 τῶν
1756 2343 1926 2411 ἁγίων

345 2439 475 2502 τοὺς
506 2438 652 2507 βίους
668 2453 682 2467 ο
709 2435 965 2490 κάκεῖθεν
986 2433 1367 2506 ἐρανισαμένῳ
1390 2432 1500 2486 τῶν
1523 2432 1736 2503 ἀρετῶν
1761 2434 1928 2504 ἀκρο-

347 2529 512 2583 θίνια.
541 2528 676 2581 Τίνα
712 2527 820 2598 γὰρ
853 2525 961 2579 τῶν
997 2523 1208 2595 ἀρετῶν
1240 2524 1349 2577 τῶν
1382 2523 1553 2592 ἁγίων
1585 2524 1646 2578 οὐ
1684 2524 1929 2596 παρεξή-

345 2622 549 2685 λωσας,
592 2612 637 2672 ὦ
684 2620 901 2689 Πάτερ;
930 2619 1000 2671 Ἢ
1042 2617 1187 2679 τίνος
1231 2616 1342 2669 τῶν
1389 2616 1655 2685 ὑπερλίαν
1697 2619 1758 2669 οὐ
1805 2617 1925 2671 κατ’

350 2713 496 2783 ῖχνος
522 2709 820 2782 εὐώδησας,
847 2710 879 2781 ἥ
908 2711 1154 2780 κρεῖττον
1178 2709 1376 2767 εἰπεῖν,
1400 2709 1506 2760 τίνι
1526 2708 1635 2761 τῶν
1658 2712 1782 2761 κατ’
1802 2710 1927 2777 ἀρε-

346 2807 450 2877 τὴν
479 2805 791 2874 ζησάντων,
822 2800 1162 2872 ἁμιλληθεὶς,
1196 2800 1257 2853 σε
1287 2800 1447 2854 αὐτὸν
1473 2801 1535 2853 οὐ
1564 2802 1922 2871 παρίσωσας;

424 2897 591 2951 Ἀϐελ
631 2897 659 2949 ὁ
696 2896 921 2959 δίκαιος,
951 2894 1045 2947 ἐπὶ
1079 2895 1195 2956 τοῖς
1227 2891 1422 2961 δώροις
1458 2892 1622 2946 απιτοῦ
1661 2894 1923 2967 ἐπῃνέθη,

349 2989 514 3051 nam
556 2988 632 3054 δὲ,
673 2986 981 3040 δικαιότατε
1026 2984 1230 3056 Πάτερ,
1275 2983 1449 3054 δῶρον
1489 2984 1612 3037 ὅλον
1654 2984 1714 3036 σὲ
1765 2985 1928 3038 αὑτὸν

1962 1752 2005 1808 Β

2039 509 2125 555 tas
2167 501 2299 557 fecit
2350 503 2530 559 virtus
2586 506 2806 576 claves;
2849 525 2948 566 nec
2986 517 3099 566 tete
3157 511 3459 588 quidquam
3487 501 3618 571 boni

2040 591 2197 663 fugit,
2231 604 2516 663 pastorum
2553 599 2782 669 optime,
2822 602 3265 674 pontiﬁcumque
3289 604 3618 679 celebratis-

2037 686 2182 740 sime
2217 684 2467 743 Nicolae.
2496 688 2945 752 Pretiosissimas
2977 699 3122 753 enim
3152 712 3404 769 quasque
3440 699 3618 754 virtu-

2036 784 2142 842 tes,
2171 780 2321 835 velut
2345 782 2399 837 in
2435 786 2683 852 pretioso
2733 789 3014 863 thesauro;
3045 792 3348 861 pellucidos
3380 793 3614 862 lapides,

2037 870 2093 923 in
2125 872 2281 926 beata
2334 875 2514 929 anima
2547 887 2641 933 tua
2669 866 2994 944 condidisti,
3022 884 3152 941 inde
3209 886 3466 942 omnibus
3504 886 3621 944 fere

2036 963 2139 1018 sub
2177 965 2296 1019 sole
2328 967 2534 1035 positis
2558 968 2741 1037 factus
2782 972 2928 1028 fama
2964 976 3339 1036 clarissimus.
3383 979 3507 1036 Non
3536 981 3619 1037 sic

2035 1055 2181 1108 enim
2239 1057 2466 1114 lucerna
2522 1065 2745 1119 excelso
2773 1081 3051 1138 aureoque
3076 1070 3409 1128 candelabro
3440 1073 3620 1144 impo-

2035 1146 2164 1212 sita,
2198 1147 2397 1207 domus
2449 1153 2692 1210 illustrat
2741 1155 2877 1214 ﬁnes
2919 1174 3115 1216 omnes
3171 1171 3227 1217 et
3255 1165 3526 1234 angulos;
3558 1174 3619 1220 ut

2034 1246 2117 1300 tu,
2150 1241 2335 1294 statim
2399 1246 2727 1316 pontilicali,
2761 1265 2789 1304 a
2819 1251 3038 1308 Christo
3080 1270 3213 1310 vero
3267 1255 3362 1311 illo
3386 1257 3614 1325 lumine,

2034 1328 2247 1388 locatus
2308 1335 2532 1403 throno,
2565 1341 2714 1397 velut
2758 1345 3054 1401 tenebroso
3084 1347 3229 1413 loco,
3269 1351 3478 1405 mundo
3514 1350 3619 1405 hoc

2034 1420 2276 1477 obscuro
2315 1440 2596 1499 caecoque,
2630 1433 2887 1491 subditas
2917 1452 3112 1494 omnes
3160 1453 3314 1506 Oves,
3339 1456 3441 1497 ceu
3472 1458 3617 1513 prae-

2035 1521 2193 1569 tensa
2227 1516 2367 1583 face,
2395 1521 2462 1575 ad
2495 1523 2683 1580 lumen
2719 1527 2934 1585 ducens
2968 1533 3150 1586 noctis
3179 1534 3456 1600 nescium,
3483 1536 3617 1590 illu-

2036 1610 2181 1662 stras
2213 1621 2319 1663 :ac
2346 1612 2498 1665 velut
2530 1613 2598 1670 de
2636 1618 2856 1674 excelsa
2901 1623 3150 1691 specula,
3183 1638 3293 1679 non
3335 1626 3404 1680 iis
3435 1627 3615 1681 solum

2033 1698 2134 1767 qui
2189 1710 2320 1755 sunt
2375 1718 2570 1775 prope,
2607 1708 2701 1763 sed
2761 1718 2816 1764 et
2845 1712 3005 1782 longe
3061 1716 3285 1783 positis,
3344 1717 3615 1787 spiritalis

2033 1791 2278 1847 scientiae
2321 1809 2453 1850 vero
2512 1798 2690 1867 radio,
2736 1803 3025 1871 praeluces.
3061 1805 3233 1863 Plane
3258 1810 3406 1863 enim
3440 1811 3616 1866 subli-

2033 1896 2174 1937 mem
2202 1883 2329 1940 l‘ecit
2364 1890 2616 1959 angelica
2652 1892 2779 1948 vita:
2827 1895 3085 1951 instituta
3116 1900 3282 1955 ratio.
3308 1899 3481 1969 Fecit,
3518 1918 3610 1958 ve-

2032 1989 2106 2027 rae
2136 1976 2203 2028 ad
2245 1975 2413 2032 Deum
2442 1980 2591 2036 velut
2633 1987 3053 2055 temperatiouis
3111 1991 3329 2061 puritas
3358 2000 3612 2050 contem-

2031 2064 2333 2135 platioque,
2385 2078 2444 2123 ut
2473 2086 2611 2140 pene
2644 2076 2905 2133 cmlestes
2947 2093 3080 2136 axes
3108 2082 3295 2137 volatu
3322 2090 3612 2140 transcen-

2029 2153 2208 2210 «leres.
2241 2156 2372 2213 Inde
2393 2167 2448 2213 et
2481 2161 2578 2215 tibi
2600 2164 2952 2222 multiformis
2979 2169 3072 2223 illa
3102 2171 3311 2237 virtus,
3337 2188 3468 2243 qua,
3490 2174 3611 2244 apis

2031 2244 2230 2314 instar,
2283 2258 2606 2306 sanctorum
2664 2257 2816 2311 velut
2876 2258 3184 2330 decerpens
3234 2264 3399 2329 vitas,
3432 2279 3613 2335 exque

2030 2339 2111 2394 cis
2138 2341 2401 2397 virtutum
2430 2347 2617 2415 opima
2670 2362 2994 2421 corrogans,
3022 2354 3259 2421 positam
3311 2355 3366 2409 in
3395 2357 3612 2412 actione

2029 2432 2436 2505 philosophiam
2481 2439 2725 2512 collegit.
2762 2441 2937 2509 Quam
2961 2445 3108 2513 enim
3138 2455 3460 2503 sanctorum
3499 2450 3613 2503 vir-

2030 2530 2203 2579 tutem
2235 2542 2344 2582 non
2377 2543 2440 2585 es
2468 2518 2776 2599 aemulatus,
2803 2551 2836 2589 ο
2888 2534 3093 2591 Pater?
3130 2537 3374 2604 Quemve
3431 2541 3610 2595 maxi-

2031 2629 2180 2670 mum
2221 2633 2334 2673 non
2362 2634 2394 2675 e
2423 2622 2658 2694 vestigio
2712 2623 2946 2681 feliciter
3012 2639 3240 2684 secutus
3264 2631 3363 2686 es?
3394 2630 3512 2698 Vel,
3549 2640 3611 2687 ut

2030 2707 2227 2765 melius
2259 2710 2473 2781 loquar,
2525 2729 2818 2784 quemnam
2870 2732 3061 2773 eorum
3117 2722 3211 2790 qui
3246 2722 3434 2778 vixere
3464 2739 3496 2779 e
3521 2739 3613 2779 ra-

2032 2798 2181 2855 tione
2208 2800 2452 2869 virtutis,
2496 2808 2804 2864 certamine
2841 2824 2951 2865 non
2982 2814 3262 2881 aequasti?

2100 2892 2232 2948 Abel
2258 2895 2349 2949 ille
2369 2895 2557 2964 justus
2578 2906 2798 2968 propter
2821 2915 3050 2956 munera
3080 2902 3294 2959 laudem
3321 2907 3523 2961 meruit
3544 2917 3607 2969 p;

2030 2994 2086 3039 tu
2111 2994 2317 3053 autem,
2342 2988 2505 3043 Pater
2535 2988 2867 3060 iustissime,
2900 3004 3074 3050 totum
3115 3004 3190 3063 te,
3222 2998 3332 3052 Deo
3360 2999 3452 3068 qui
3481 3000 3606 3053 nul-

347 3078 472 3148 Θεῷ
502 3076 578 3147 τῷ
611 3075 847 3130 ἀνενδεεῖ
878 3073 1113 3142 λογικῶς
1145 3072 1524 3135 ἁνατέθεικας.
1563 3072 1734 3144 Ἑνὼχ
1766 3074 1925 3145 Ιίιλπι-

2033 3078 2141 3133 lius
2169 3086 2314 3149 eget,
2364 3082 2623 3137 rationali
2666 3099 2892 3140 munere
2932 3088 3301 3144 consecrasti;
3335 3091 3518 3143 Enoch
3554 3090 3609 3144 in

352 3186 448 3221 σεν
476 3167 569 3220 ἐπὶ
600 3166 823 3237 Κύριονο
863 3163 1025 3227 αὐτὸς
1053 3164 1110 3217 δὲ
1139 3162 1236 3216 καὶ
1267 3162 1378 3215 τῶν
1409 3164 1931 3233 προσαποκειμένων

247 3300 256 3307 .
347 3260 585 3314 ἐλπίδων
619 3258 766 3330 ᾔδεις
805 3256 905 3319 τὰς
945 3255 1250 3322 ἀποδείξεις
1289 3255 1559 3325 ἐναργεῖς.
1589 3255 1734 3320 Ἔτι,
1763 3253 1932 3325 Ἑνὼχ

348 3351 719 3423 εὐαρεστήσας
749 3347 832 3417 τῷ
863 3348 984 3419 Θεῷ
1014 3347 1306 3419 μετετέθη,
1332 3346 1494 3407 αὐτὸς
1527 3347 1584 3400 δὲ
1611 3346 1672 3399 τὸ
1699 3347 1797 3417 τῆς
1830 3346 1932 3415 ψυ-

348 3448 452 3517 χῆς
484 3445 738 3516 φρόνημα
770 3442 889 3496 ὅλον
916 3442 1025 3496 ἀπὸ
1054 3443 1160 3512 γῆς
1189 3443 1269 3505 εἰς
1301 3440 1530 3513 οὐρανὸν
1563 3442 1928 3512 μεταστήσας,

329 3538 472 3600 οὸλος
520 3557 539 3589 ι
583 3536 806 3604 ἐξέστης
843 3534 994 3604 Θεῷ,
1051 3554 1069 3586 ι
1117 3534 1185 3587 τὰ
1234 3534 1426 3602 ῥέοντα
1471 3532 1580 3586 τῶν
1628 3532 1928 3602 μελλόντων

349 3626 841 3695 ἀνταλλαξὰμενος.
879 3624 1004 3677 Νῶε
1044 3624 1252 3687 δίκαιος
1291 3621 1399 3687 ὢν,
1434 3623 1526 3675 ἐπὶ
1560 3624 1680 3685 ταῖς
1715 3621 1930 3687 θυσίαις

347 3718 710 3780 εὐαπόδεκτος
748 3717 1005 3784 γέγονεν·
1049 3716 1170 3768 ἐπεὶ
1211 3715 1306 3770 καὶ
1345 3717 1413 3785 τῇ
1452 3713 1682 3785 λάρνακι
1719 3712 1926 3787 ξυλίνῃ,

347 3811 507 3876 ζώων
533 3810 744 3878 ἀλόγων
769 3809 902 3880 γένη
918 3808 1144 3862 διέσωσε
1161 3807 1253 3860 τοῦ
1285 3806 1674 3876 κατακλυσμοῦ
1702 3806 1801 3877 τὴν
1824 3806 1928 3877 γῆν

348 3901 799 3972 συγκαλύψαντος
820 3917 835 3932 ο
863 3900 1026 3963 αὐτὸς
1055 3899 1113 3953 δὲ
1138 3897 1359 3970 θύματα
1388 3898 1483 3951 καὶ
1511 3900 1683 3968 ἱερεῖα
1710 3898 1926 3966 λογικὰ,

332 3990 448 4059 ’τὰς
480 3993 747 4064 μυστικὰς
774 3991 1030 4063 λατρείας
1054 3991 1389 4063 προσφέρεις
1410 3990 1549 4060 Θεῷ,
1572 3989 1738 4060 ἄλλην
1760 3990 1927 4043 κιϐω-

342 4087 438 4141 τὸν
470 4085 684 4148 δεικνὺς
721 4085 818 4155 τὴν
849 4081 1090 4154 Χριστοῦ
1127 4083 1481 4152 Ἐκκλησίαν,
1517 4081 1770 4153 καθάπερ
1810 4082 1927 4146 ζῶα

341 4174 608 4245 πολυειδῆ
624 4174 671 4206 ⁵⁸
704 4175 772 4228 τὰ
807 4175 908 4243 τῆς
951 4173 1218 4243 αἱρέσεως
1256 4170 1633 4235 διασώζουσαν
1661 4173 1727 4242 τῇ
1766 4171 1926 4243 ὀρθο-

338 4267 508 4339 τομίᾳ
535 4268 644 4321 τῶν
671 4268 847 4340 λόγων
880 4283 996 4320 σου.
1029 4264 1282 4335 Ἀϐραὰμ
1312 4267 1371 4317 ὲν
1400 4264 1677 4335 φιλοξενίᾳ
1705 4264 1804 4318 καὶ
1833 4281 1924 4333 φι-

336 4361 526 4432 λοθεῖᾳ
552 4359 912 4430 θαυμάζεται,
937 4359 1033 4412 καὶ
1061 4357 1179 4429 ἅμα
1207 4358 1356 4428 θῦμα
1381 4357 1568 4411 δεκτὺν
1592 4356 1808 4420 ἀθύτως
1833 4357 1923 4411 τὸν

2034 3166 2268 3225 Domino
2304 3169 2833 3245 speravit(61)¢t;tu
2857 3179 3220 3234 autcmetiam
3260 3192 3454 3235 eorum
3489 3194 3612 3250 quae

2033 3259 2089 3312 in
2130 3273 2227 3329 spe
2255 3263 2494 3331 reposita
2513 3270 2697 3319 essent
2724 3266 3091 3324 exhibitiones
3123 3270 3411 3339 perspicue
3441 3285 3611 3326 nove-

2032 3364 2143 3404 ras.
2170 3350 2463 3420 Praeterea,
2494 3352 2683 3408 Enoch
2719 3369 2844 3409 cum
2873 3355 2984 3411 Deo
3002 3358 3324 3427 placuisset,
3361 3360 3611 3416 transla-

2031 3446 2121 3494 tus
2156 3448 2242 3496 est
2274 3450 2339 3492 τε
2375 3451 2434 3495 ιιι
2472 3450 2657 3497 autem
2695 3452 2811 3499 toto
2860 3446 3028 3500 animi
3075 3463 3242 3503 sensu
3295 3465 3326 3506 e
3374 3457 3523 3506 terra
3555 3453 3608 3504 iu

2032 3530 2233 3585 caelum
2269 3533 2564 3597 translato,
2598 3534 2744 3590 ﬂuxa
2810 3536 2927 3592 haec
2960 3536 3170 3593 futuris
3224 3552 3572 3597 commutans
3594 3583 3608 3605 ,

2030 3628 2181 3678 totus
2219 3641 2239 3674 ι
2272 3625 2561 3681 excessisti
2593 3624 2701 3681 Deo
2728 3630 2811 3681 ³.»
2844 3626 2960 3684 Noe
2986 3629 3068 3683 vel
3093 3630 3281 3700 justus
3313 3630 3368 3686 in
3407 3633 3609 3686 oblatis

2029 3714 2270 3770 victimis
2295 3725 2554 3787 acceptus
2582 3715 2685 3772 fuit
2704 3719 2724 3756 ι
2754 3736 2770 3784 ;
2795 3719 2941 3774 unde
2966 3726 3022 3776 et
3044 3720 3332 3776 brutarum
3356 3722 3610 3776 animau-

2029 3806 2166 3860 tium
2208 3808 2447 3876 species,
2477 3808 2686 3865 diluvio
2723 3819 2931 3866 terram
2980 3812 3309 3880 inundanlc,
3378 3829 3508 3869 area
3538 3815 3610 3870 li-

2028 3908 2169 3967 gnea
2240 3897 2310 3951 ab
2379 3899 2602 3954 interitu
2667 3900 2873 3970 eripuit
2921 3917 2935 3955 :
2989 3912 3049 3957 tu
3107 3913 3293 3959 autem
3353 3906 3608 3961 victimas

2027 3989 2325 4044 rationales
2373 3991 2646 4045 sacrilicia
2677 3992 2952 4060 spiritalia
3005 3993 3116 4049 Deo
3153 3995 3412 4061 oﬂ‘erens,
3459 3998 3609 4053 velut

2028 4095 2211 4136 aream
2239 4080 2402 4135 aliam
2435 4081 2661 4138 exhibes
2695 4082 2790 4138 Dei
2823 4082 3126 4140 Ecclesiam
3154 4103 3173 4151 ;
3223 4102 3355 4155 qua.
3386 4097 3605 4142 tuorum

2028 4186 2347 4227 sermonum
2373 4187 2509 4228 sana
2555 4172 2833 4241 doctrina,
2863 4188 2962 4229 ceu
2994 4176 3348 4231 diversarum
3393 4182 3627 4249 specie?

2027 4278 2149 4317 rum
2208 4264 2489 4328 animalia,
2557 4264 2942 4322 haereticorum
2978 4267 3185 4323 diversi
3240 4277 3420 4325 ctetus
3468 4271 3604 4324 salvi

2028 4355 2179 4410 ﬂant.
2222 4356 2498 4411 Abraham
2534 4355 2932 4426 hospitalitatis
2950 4359 3173 4416 nomine
3193 4370 3250 4415 et
3281 4361 3504 4431 pietatis
3546 4363 3602 4416 in

337 4453 398 4520 ἐξ
427 4427 755 4521 ἐπαγγελίας
783 4452 898 4505 υἱὸν
926 4427 1226 4522 προσάγων
1253 4427 1393 4521 Θεῷ,
1417 4450 1918 4520 μακαρίζεταιάῦ-

2032 4446 2196 4503 Deum
2228 4447 2660 4503 admirationem
2691 4450 2855 4507 habet
2879 4464 2929 4518 ιι,
2968 4452 3255 4523 liliumque
3279 4427 3600 4523 susceptum

338 4544 434 4608 τὸς
465 4542 543 4610 δὲ,
575 4542 809 4614 Χριστὸν
839 4542 1000 4596 αὐτὸν
1031 4541 1274 4611 ξενάγεις
1306 4540 1500 4594 ἐσθίων
1529 4540 1655 4594 καθ’
1677 4541 1913 4612 ἡμέραν,

340 4632 484 4707 [καὶ]
511 4635 889 4706 πνευματικῆς
921 4634 1237 4705 μεταδιδοὺς
1262 4632 1547 4706 τραπέζης
1571 4635 1698 4697 τοὺς
1723 4634 1915 4703 ὲντυγ-

2027 4555 2091 4594 ex
2145 4541 2599 4610 repromissione,
2667 4543 2950 4601 victimam
3041 4546 3165 4600 sine
3224 4545 3599 4602 immolatione

2024 4640 2328 4702 acceptam,
2381 4631 2495 4689 Deo
2542 4632 2803 4701 oﬁ'erens,
2834 4636 3031 4693 beatus
3060 4637 3399 4708 praedicatur
3424 4647 3491 4706 ';
3538 4643 3595 4691 tu

333 4727 602 4797 χάνοντας
625 4744 640 4758 ο
674 4726 770 4781 καὶ
799 4726 924 4799 θύῃ,
954 4728 1017 4782 οὐ
1043 4728 1137 4781 τὸν
1163 4726 1447 4798 ἀγαπητὸν
1472 4727 1607 4791 υἱὸν,
1634 4727 1667 4797 ἢ
1700 4726 1912 4798 πρόϐα-

2032 4733 2226 4789 autem,
2283 4725 2627 4782 manducans
2690 4728 2944 4800 quotidie
3002 4728 3140 4801 (62),
3191 4738 3355 4800 atque
3387 4745 3484 4785 eos
3507 4731 3603 4801 qui

404 4902 692 4975 fPhilipp.
731 4920 794 4966 ιι,
850 4905 979 4975 15η
1016 4914 1044 4954 ι)
1081 4900 1222 4959 Gen.
1252 4918 1331 4975 ιν.
1367 4902 1425 4956 4.
1502 4912 1531 4952 (ι
1560 4901 1698 4958 Gen.
1727 4917 1782 4967 v,
1821 4901 1914 4959 24.

333 4985 363 5015 ιι
395 4973 538 5032 Gen.
568 4972 725 5043 ivit],
759 4975 816 5029 2.
889 4986 920 5016 ν
942 4974 1082 5030 Gen.
1110 4988 1249 5036 xm,
1280 4972 1358 5032 l6.

1995 4912 2018 4940 ι·

2053 4906 2314 4969 Hebr.xt,
2352 4904 2405 4958 5.
2486 4910 2508 4937 '
2542 4904 2587 4960 ll
2618 4905 2748 4962 Cor.
2795 4924 2851 4974 v,
2905 4911 2995 4965 15.
3101 4913 3122 4949 τ
3154 4910 3291 4968 Gen.
3361 4929 3479 4984 vm,
3507 4911 3598 4969 2|.
3635 4973 3642 4984 ,

1603 5044 1837 5101 VARLE
1874 5047 2258 5116 LECTIONES

1604 5178 1998 5238 COMBEFISII
2028 5180 2262 5239 ΝΟΤιΕ.

404 5115 453 5148 ⁸⁸
478 5114 642 5169 leta.
664 5130 742 5172 τι.

407 5298 517 5369 (60)
561 5296 665 5363 Qui
718 5297 930 5369 verbum
979 5297 1100 5349 vitta
1152 5294 1443 5369 contineas,
1489 5302 1618 5369 etc.‘
1655 5294 1727 5350 Ut
1759 5299 1906 5366 apud

328 5364 592 5448 Paulum,
639 5369 718 5448 ita
763 5367 898 5448 hic,"
931 5373 1116 5448 potest
1141 5365 1487 5448 participium
1531 5364 1762 5448 referre,
1788 5364 1905 5423 tum

328 5456 493 5512 quem
516 5438 816 5515 alloqgitpr
837 5434 1140 5515 Nicolaum,
1165 5442 1280 5515 tum
1304 5434 1591 5515 φωστῆρα,
1615 5436 1705 5515 οιιὶ
1727 5438 1906 5504 ipsum

328 5503 927 5579 comparat.'Referunt
950 5505 1065 5561 fere
1090 5503 1247 5558 Pauli
1268 5503 1596 5573 interpretes
1624 5507 1703 5561 ad
1723 5503 1909 5575 perso-

326 5595 433 5638 nas
461 5587 516 5633 et
566 5577 947 5646 Philippenses
995 5588 1137 5646 quos
1192 5573 1474 5643 dilaudat,
1513 5589 1699 5644 quem-
1715 5585 1769 5631 et
1801 5592 1907 5634 nos

324 5661 553 5709 sensum
581 5649 756 5702 secuti
794 5660 1006 5702 sumus.

401 5718 515 5790 (6|)
550 5715 736 5771 Enoch
756 5716 814 5770 in
856 5714 1080 5771 Domino
1104 5715 1354 5784 speravit.
1386 5716 1705 5783 Apostolus,
1736 5713 1903 5774 Hebr.

609 5810 878 5871 ΡΑτιιοι..
924 5808 1041 5868 Gn.
1071 5810 1311 5872 XCVII.

2016 5300 2247 5377 xu,_lidci
2272 5301 2503 5369 tribuit;
2540 5320 2728 5377 verum
2785 5320 2893 5360 non
2952 5306 3196 5377 excludit
3242 5322 3418 5377 spem,
3472 5322 3593 5374 qua:

2016 5380 2070 5425 et
2098 5370 2574 5447 ipsa_n_eces_saria
2607 5373 2710 5429 fuit
2737 5384 2796 5431 ut
2820 5377 3061 5446 placeret
3097 5376 3229 5441 Deo,
3260 5370 3593 5447 plurimum-

2015 5455 2126 5517 que
2158 5441 2331 5496 valuit
2356 5442 2425 5497 ad
2463 5445 2582 5514 ejus
2609 5441 3053 5511 translaiionem,
3087 5448 3237 5503 velut
3260 5441 3371 5503 'viri
3411 5449 3502 5517 qui
3527 5462 3595 5502 ea

2017 5509 2314 5583 subvectus
2339 5527 2407 5566 ac
2430 5509 2580 5571 totus
2612 5517 2934 5573 caelestibus
2960 5509 3201 5583 inhians,
3237 5517 3328 5572 vix
3352 5509 3461 5574 non
3491 5517 3596 5573 hu—

2018 5579 2218 5655 manis,
2244 5582 2427 5655 adhuc
2456 5598 2687 5655 corpore
2713 5588 2927 5652 vivens,
2949 5579 3259 5645 excessisse
3288 5589 3590 5644 videretur.

2089 5649 2571 5728 (82)_Mauducani
2613 5655 2865 5726 quotidie.
2913 5649 3145 5712 Ἓσθίων
3199 5657 3325 5712 καθ’
3354 5659 3584 5728 ἡμέραν.

2021 5719 2114 5774 Pia
2162 5719 2454 5779 admodum
2507 5719 2745 5798 veraque
2796 5729 3193 5786 consideratio.
3252 5729 3328 5783 Ea
3365 5719 3589 5800 pietate,

3198 5823 3273 5887 38
