3978 6140
445 320 601 390 ⁸1195

1652 320 1711 380 S.
1747 315 2077 377 ANDRE/E
2107 313 2536 375 CRETENSIS

3599 304 3727 372 1196

456 440 691 499 adeunt,
747 432 978 505 mystica
1026 442 1090 485 ac
1132 428 1367 500 Spiritali
1440 440 1630 481 mensa
1683 424 2028 494 impertiens,

2136 437 2225 474 τον
2257 421 2371 473 ἀντ’
2395 419 2563 474 αὑτοῦ
2605 420 3117 491 συνεισφερόμενον,
3175 417 3289 473 ἀλλ’
3312 419 3433 473 ὅλον
3472 418 3532 472 σὲ
3572 418 3725 474 αὑτὸν

446 527 738 583 ‘Christum
787 527 965 594 ipsum
1013 522 1256 591 hospitio
1325 518 1578 588 excipis;
1615 517 2033 585 sacriﬁcasque,

456 636 569 676 non
598 617 860 672 dilectum
894 615 1094 677 ﬁlium,
1125 623 1220 668 aut
1255 613 1478 667 interim
1518 610 1641 681 ejus
1673 609 1798 664 loco
1835 610 1892 664 in
1919 623 2033 664 me-

458 713 611 766 dium
660 708 936 763 inductam
964 722 1120 762 ovem
1148 722 1163 773 ;
1196 705 1291 761 sed
1320 705 1459 775 ipse,
1503 711 1575 767 te,
1608 709 1785 756 totum
1823 700 2035 771 jugiter

446 799 567 855 Deo
600 799 984 854 holocaustum
1013 797 1279 869 oll'eregs,
1313 810 1379 850 ac
1401 808 1502 849 ceu
1538 792 1837 864 Evangelio
1859 790 2035 847 infor-

448 900 661 958 mante,
687 898 839 945 tuam
876 889 1054 959 ipsius
1096 888 1337 942 animam
1366 899 1469 955 pro
1497 883 1695 940 ovibus
1726 883 1952 938 tradens
1983 889 2030 934 ι.

451 983 606 1041 Isaac
651 981 879 1053 iustitiae
926 980 1092 1035 titulo
1142 977 1498 1042 celebratur;
1556 983 1617 1030 tu
1674 984 1880 1039 autem,
1929 988 2033 1028 ceu

453 1073 703 1145 quaedam
752 1071 981 1142 iustitiae
1032 1069 1224 1138 regula
1252 1067 1462 1138 ubique
1492 1067 1546 1121 in
1590 1065 1789 1136 spiritu
1819 1065 2035 1119 discur-

449 1183 608 1227 rens.
656 1165 828 1219 multa
886 1164 1141 1219 libertate
1206 1160 1458 1215 volentes
1520 1158 1788 1229 injuriam
1851 1156 2034 1212 facere

451 1257 732 1328 reprimis,
764 1257 917 1326 ipsos
949 1254 1115 1309 etiam
1158 1252 1521 1322 imperatores
1552 1250 1703 1304 clara
1735 1251 1790 1302 in
1821 1249 2032 1333 somnis

449 1351 665 1407 visione
693 1348 1026 1403 inl'ormans.
1065 1344 1258 1408 Jacob,
1299 1358 1519 1399 morum
1577 1341 1932 1413 simplicitate
1969 1355 2034 1395 ac

440 1454 741 1495 numerosa
771 1437 925 1508 prole
976 1436 1237 1506 inclytus,
1288 1435 1458 1489 etiam
1483 1433 1689 1488 scalam
1735 1430 1801 1485 ad
1826 1432 2030 1486 coelum

438 1531 877 1602 pertingentem,
926 1526 1154 1597 majoris
1198 1523 1529 1580 sacramenti
1569 1522 1863 1592 imaginem
1905 1528 2033 1591 typo

436 1622 828 1686 exhibentem,
861 1619 1000 1674 vidit
1023 1628 1053 1669 1
1081 1633 1095 1669 :
1127 1627 1186 1673 tu
1230 1625 1436 1680 autem,
1465 1630 1596 1669 vero
1621 1615 1698 1667 illi
1736 1633 1754 1665 ι
1788 1612 2031 1681 Principi

434 1724 735 1787 1iastorum
770 1721 794 1749 ι
826 1731 845 1764 ι
887 1711 1133 1775 Christo,
1193 1724 1224 1761 a
1270 1723 1380 1778 quo
1432 1716 1486 1761 et
1559 1706 1703 1761 ovile
1756 1705 2030 1759 creditum

2137 512 2214 582 τῷ
2248 512 2368 582 Θεῷ
2408 512 2700 584 προσάγων
2734 512 3030 576 διαπαντὸς
3066 512 3467 583 ὁλοκάρπωμα,
3504 512 3599 582 καὶ
3632 512 3724 582 τὴν

2138 601 2364 656 σεαυτοῦ
2419 601 2601 674 ψυχὴν
2648 602 2790 674 ὑπὲρ
2846 602 2955 657 τῶν
3012 602 3306 674 προϐάτων
3355 602 3725 671 εύαγγελικῶς

2135 695 2476 766 προϊέμενος.
2505 695 2693 749 Ἰσαὰκ
2737 694 3058 768 δικαιοσύνη
3098 695 3385 761 δοξάζεται
3408 711 3421 725 ·
3470 695 3632 758 αὐτὸς
3670 695 3725 748 δὲ

2136 784 2389 855 καθάπερ
2418 802 2503 848 τις
2534 787 2717 840 κανὼν
2743 785 3092 856 δικαιοσύνης
3120 785 3403 857 πανταχοῦ
3429 785 3725 856 διατρέχων

2134 878 2195 929 ὲν
2228 878 2527 948 πνεύματι,
2561 878 2661 932 σὺν
2688 879 2981 950 παρρησίᾳ
3012 878 3184 950 πολλῇ
3219 880 3347 941 τοὺς
3380 878 3592 932 ἀδικεῖν
3619 877 3730 930 ὲθὲ-

2136 967 2332 1032 λοντας
2364 970 2604 1041 ἐπέχεις,
2623 970 2962 1041 ὀνειρώττων
2992 971 3325 1043 καταφανῶς
3354 973 3450 1026 καὶ
3483 971 3731 1040 βασιλέας

2135 1061 2525 1125 καθεύδοντας.
2551 1062 2751 1116 Ἰακὼϐ
2775 1062 3041 1134 ἁπλότητι
3070 1066 3312 1136 τρόπων,
3342 1064 3440 1117 καὶ
3468 1063 3731 1117 πολυπαι-

2133 1153 2221 1224 δίᾳ
2246 1154 2453 1207 τέκνων
2479 1153 2725 1227 ἀοίδιμος
2746 1171 2760 1187 ο
2788 1148 2833 1223 ᾧ
2861 1157 2955 1209 καὶ
2986 1153 3193 1226 κλίμαξ
3220 1156 3435 1226 ἑωρᾶτο
3462 1156 3544 1217 είς
3568 1155 3731 1224 οὐρα-

2134 1246 2258 1308 νοὺς
2292 1245 2601 1314 φθάνουσα,
2641 1247 2942 1318 μυστηρίου
2980 1247 3229 1316 μείζονος
3264 1246 3453 1300 εἰκόνα
3486 1245 3730 1317 προγρά-

2136 1353 2332 1404 φουσα.
2380 1336 2555 1400 Αὐτὸς
2583 1337 2641 1390 δὲ
2672 1336 2879 1404 γεννῶν
2903 1339 3282 1408 πατριάρχας,
3311 1338 3408 1391 καὶ
3434 1337 3727 1407 ποιμένας,

2135 1429 2231 1481 καὶ
2275 1429 2506 1498 ποίμνια
2547 1429 2623 1501 τῷ
2669 1449 2686 1480 ι
2742 1431 3093 1502 ἀρχιποιμένι
3143 1452 3162 1483 ι
3209 1430 3455 1503 Χριστῷ,
3501 1432 3632 1501 παρ’
3670 1424 3732 1484 οὗ

2135 1521 2232 1573 καὶ
2257 1521 2353 1592 τὴν
2379 1521 2617 1593 ποίμνην
2637 1522 2991 1593 ἑπιστεύθης,
3013 1524 3114 1575 οὐκ
3139 1523 3352 1587 ἔλιπας,
3384 1542 3403 1574 ι
3437 1521 3732 1586 ἀναϐάσεις

2135 1616 2194 1666 ἐν
2221 1617 2287 1684 τῇ
2321 1614 2524 1687 καρδία
2550 1615 2800 1683 θέμενος,
2834 1633 2854 1666 ›
2882 1615 2976 1667 καὶ
3003 1609 3116 1668 οἷον
3146 1617 3209 1668 ἐκ
3244 1613 3459 1686 βαθμοῦ
3489 1617 3572 1679 εἰς
3602 1614 3735 1685 βαθ-

2139 1705 2267 1774 μὸν,
2308 1705 2383 1768 ὼς
2424 1706 2534 1759 ἀπὸ
2570 1705 2731 1776 δόξης
2773 1708 2853 1766 εἰς
2893 1705 3052 1772 δόξαν
3091 1707 3564 1776 μεταποιούμενος
3588 1723 3605 1739 ο
3641 1707 3734 1758 καὶ

442 1805 788 1877 accepisses,
848 1802 1219 1874 patriarchas,
1265 1808 1629 1871 pastoresque
1662 1808 1716 1853 et
1774 1812 1927 1861 oves,
1950 1797 2029 1867 gi-

2136 1797 2238 1851 ἀπὸ
2268 1798 2370 1867 γῆς
2402 1799 2481 1858 είς
2511 1798 2800 1868 οὐρανοὺς,
2831 1797 3188 1867 θεωρητικῶς
3218 1799 3580 1869 ἀναγόμενος.
3611 1797 3732 1853 Ἰὼϐ

450 1910 620 1967 gnere
680 1908 789 1949 non
840 1890 1099 1955 cessasti,
1161 1907 1180 1938 ο
1231 1887 1591 1943 ascensiones
1623 1886 1677 1939 in
1717 1892 1816 1938 tuo
1874 1883 2032 1937 corde

2141 1891 2235 1943 ἐπὶ
2261 1891 2488 1961 ἀκακία,
2546 1891 2639 1943 καὶ
2670 1890 2802 1962 περὶ
2829 1891 2899 1943 τά
2927 1888 3080 1943 δεινά
3108 1891 3379 1962 καρτερίᾳ
3434 1890 3732 1961 περιφανέ-

448 1999 663 2056 ponens
691 1995 739 2050 ι,
769 2002 789 2034 ι
827 1996 896 2037 ac
922 1981 1076 2035 velut
1105 1995 1136 2032 a
1168 1977 1345 2048 gradu
1388 1976 1442 2029 in
1474 1977 1730 2045 gradum,
1772 1982 2032 2042 tanquam

2143 1999 2337 2045 στατος
2357 1999 2369 2009 ·
2390 1981 2551 2046 asta;
2567 1982 2623 2034 δὲ
2658 1982 2782 2052 οὐχὶ
2814 1982 2910 2035 καὶ
2939 1982 3131 2035 τοῦτον
3158 1982 3445 2054 ἠμελήθης
3477 1981 3732 2053 παραζη-

450 2094 482 2131 a
517 2077 695 2148 gloria
756 2081 1167 2129 transmutatus
1218 2071 1272 2123 in
1306 2068 1574 2140 gloriam;
1626 2076 1797 2135 atque
1835 2073 2032 2119 eterra

2139 2073 2334 2133 λῶσαι,
2360 2076 2482 2136 ταῖς
2511 2071 2840 2143 προσϐολαῖς
2868 2072 2925 2125 δὲ
2957 2072 3032 2143 μὴ
3060 2072 3426 2143 κατεσείσθης
3451 2071 3562 2125 τῶν
3583 2072 3733 2142 αίρέο

453 2167 936 2239 contemplatione
994 2164 1298 2219 subvectus
1346 2162 1401 2215 in
1460 2163 1687 2215 caelum.
1719 2158 1825 2213 Job
1878 2157 2040 2211 inno-

444 2262 659 2323 centia,
727 2256 967 2326 fortique
999 2256 1054 2310 in
1107 2254 1273 2309 malis
1329 2252 1675 2314 conSIantia,
1718 2248 2039 2305 illustrissi-

447 2365 574 2406 ntus
630 2355 717 2403 est
754 2363 769 2400 :
804 2354 1020 2401 tantum
1054 2359 1188 2399 vero
1219 2344 1378 2399 abest
1410 2352 1469 2397 ut
1499 2350 1555 2398 et
1592 2343 1715 2412 ejus
1777 2339 2040 2394 imitatio-

430 2458 579 2497 -nem
633 2439 965 2508 neglexeris,
995 2447 1054 2490 ut
1086 2450 1268 2506 neque
1308 2435 1704 2493 haereticorum
1759 2436 2038 2491 machinis

422 2544 761 2591 *commotns
792 2533 871 2587 sis
902 2546 966 2586 ac
998 2538 1323 2600 quassatus,
1364 2518 1458 2601 qui
1499 2527 1766 2583 malueris
1803 2539 1861 2584 ut
1887 2530 2038 2585 velut

429 2629 519 2684 'ad
552 2627 751 2683 turrim
811 2624 914 2680 feri
944 2624 1148 2678 [luctus
1192 2620 1584 2686 alliderentur,
1615 2636 1782 2690 quam
1816 2630 1876 2675 ut
1902 2622 2036 2692 quid

415 2720 737 2780 -thesauro,
818 2715 1001 2786 praeda
1084 2712 1399 2769 decederet.
1477 2710 1687 2782 Josepb
1777 2713 2036 2767 castitate

448 2824 788 2880 annonaque
820 2807 1049 2879 provisa
1078 2805 1294 2861 clarum
1320 2805 1528 2875 ubique
1561 2819 1758 2860 nomen
1810 2804 1972 2858 habet
2017 2819 2030 2855 ε

416 2916 509 2957 -ιιι
541 2908 725 2956 autem
764 2907 943 2953 totum
974 2905 1026 2952 te
1047 2894 1320 2951 castitatis
1372 2893 1673 2948 exhibuisti
1708 2894 1986 2962 specimen
2016 2910 2031 2957 ;

449 3008 514 3047 ac
554 2990 781 3046 mellitas
822 2988 1024 3058 linguae
1080 2985 1296 3051 schola,
1328 2998 1565 3039 annonae
1599 2983 1913 3053 emporium
1948 2982 2030 3035 fa-

450 3092 576 3140 ctus
611 3098 673 3139 cs
720 3080 1021 3152 provinciae
1045 3077 1250 3150 Lycia).
1286 3077 1509 3147 Moyses
1539 3075 1769 3131 lenitate
1818 3074 2033 3146 populi-

419 3190 557 3246 -que
588 3171 958 3245 legislatione,
986 3169 1193 3226 celebri
1238 3167 1520 3238 praeconio
1563 3166 1827 3227 habetur;
1862 3164 2032 3221 deus-

445 3283 560 3339 que
608 3263 1052 3329 Pharaonis,-et
1110 3261 1331 3318 Israelis
1387 3259 1610 3326 ductor,
1644 3257 2027 3323 describitur;

446 3370 510 3415 tu
544 3366 749 3422 autem,
778 3356 1117 3413 beatissime
1172 3355 1359 3418 Pater,
1396 3366 1724 3423 quanquam
1760 3351 2032 3406 terribilis

447 3446 836 3519 peccantibus,
880 3443 1142 3499 omnibus
1203 3442 1353 3498 fuisti
1414 3442 1579 3507 lenis,
1633 3440 2031 3496 abstinentiam

449 3556 481 3595 a
535 3539 699 3595 malis
759 3537 982 3593 actibus
1042 3534 1250 3605 populo
1324 3533 1587 3589 universo
1636 3533 2030 3602 praescribens,

448 3632 920 3701 insurgentesque
976 3626 1205 3680 vitiosos
1237 3634 1443 3690 motus,
1488 3623 1640 3678 velut
1669 3623 1832 3677 aliam
1888 3621 2032 3677 Pha-

448 3721 640 3775 raonis
670 3719 932 3772 virtutem
955 3714 1399 3784 exercitumque,
1425 3712 1779 3783 egregiorum
1808 3719 2039 3768 tuorum

449 3825 682 3882 operum
744 3809 939 3879 pelago
967 3808 1349 3879 submergens.
1407 3805 1577 3860 David
1645 3813 1911 3862 strenuus
1946 3821 2033 3863 su-

447 3902 681 3972 perbum
735 3899 956 3956 Goliath
1005 3898 1238 3970 spiritus
1295 3904 1577 3953 armatura
1639 3897 1849 3952 occidit
1883 3915 1898 3952 :
1932 3897 2031 3953 sed

447 4005 503 4050 et
539 3996 659 4067 ipse
720 3992 1064 4049 fortissimus
1134 3989 1444 4060 spiritalem
1507 3988 1659 4044 illum
1713 3988 2032 4044 animarum

447 4098 747 4159 tyrannum
801 4083 1054 4156 quotidie
1103 4081 1322 4153 fugans,
1389 4081 1666 4151 luposque
1717 4081 2030 4145 haereticos,

448 4191 680 4249 rapaces
737 4175 890 4240 illos,
950 4187 981 4227 a
1010 4169 1272 4225 rationali
1326 4167 1535 4224 Christi
1581 4184 1746 4240 grege
1782 4184 2027 4226 arcens:

448 4269 524 4323 ita
548 4276 621 4334 te,
637 4266 915 4338 iustorum
936 4261 1451 4335 prophetarumque
1462 4260 1709 4333 catalogo
1733 4260 2029 4331 insignem.

449 4359 537 4412 vir
551 4353 1174 4424 sacratissime,,virtute
1188 4349 1375 4422 posita
1388 4350 1443 4405 in
1465 4350 1707 4418 actione,
1722 4352 1906 4407 inseru
1916 4352 2030 4418 isti,

404 4516 411 4524 ι
449 4452 687 4505 aliorum
718 4448 1011 4504 aemulatus
1035 4444 1369 4507 libertatem,
1395 4442 1630 4497 aliorum
1664 4444 1848 4500 zelum
1882 4463 1895 4499 :
1928 4444 2032 4498 ho-

450 4557 576 4596 rum
612 4536 1125 4602 mansuetudinem,
1157 4535 1384 4590 illorum
1418 4532 1673 4589 allectum
1695 4533 1764 4588 ad
1806 4535 2035 4592 misera-

450 4635 659 4690 tionem
691 4632 959 4699 animum,
979 4627 1220 4684 aliorum
1240 4626 1411 4683 vitam
1439 4624 1753 4683 sublimem.
1786 4625 1899 4683 Nec
1928 4627 2034 4683 hos

524 4808 738 4864 *Joan.
780 4826 835 4871 κ,
865 4809 954 4862 Η.
1028 4818 1057 4857 1
1087 4806 1233 4862 Gen.
1266 4805 1574 4873 xxvm,12.

1657 4815 1679 4841 ’-
1709 4804 1728 4859 l
1763 4805 1911 4861 Petr.
1948 4825 1999 4872 ν,
2031 4808 2085 4863 4.

2141 2182 2299 2228 σεων,
2314 2166 2522 2217 ἀνεῖναι
2542 2164 2744 2233 μᾶλλον
2757 2164 3094 2235 προθέμενος
3110 2163 3186 2235 τῷ
3206 2163 3403 2236 πύργῳ
3420 2163 3731 2234 προσρῆξαι

2138 2257 2209 2309 τὰ
2256 2257 2497 2325 κύματα,
2536 2256 2569 2326 ἦ
2611 2256 2715 2309 πού
2764 2274 2817 2309 τι
2867 2256 3168 2327 συληθῆναι
3210 2255 3306 2309 τοῦ
3354 2255 3731 2329 θησαυρίσμα-

2137 2367 2250 2412 τος.
2270 2348 2463 2420 Ἰωσὴφ
2481 2349 2573 2400 ἐπὶ
2594 2348 2922 2423 σωφροσύνῃ
2942 2351 3036 2403 καὶ
3060 2348 3334 2419 σιτοδοσίᾳ.
3358 2349 3686 2422 περιϐόητος
3710 2365 3728 2380 ο

2140 2439 2302 2501 αὐτὸς
2340 2439 2394 2493 δὲ
2438 2438 2558 2492 ὅλον
2595 2440 2790 2494 σαυτὸν
2826 2439 3185 2511 σωφροσύνης
3203 2442 3249 2474 ’⁷
3284 2441 3604 2510 εἰκόνισμα,
3639 2441 3732 2493 καὶ

2140 2529 2441 2592 σιτοδοσίας
2483 2530 2832 2599 ὲμπόρευμα,
2865 2532 2932 2600 τῇ
2970 2529 3214 2601 ἐπαρχίᾳ
3252 2530 3494 2595 Λυκίων,
3534 2530 3614 2602 τῷ
3652 2531 3732 2585 δι-

2135 2621 2442 2690 δασκαλείῳ
2503 2622 2603 2691 τῆς
2680 2621 3012 2692 μελικράτου
3068 2624 3255 2692 φωνῆς
3328 2624 3727 2695 ὲχρημάτισας.

2138 2711 2375 2781 Μωῦσῆς
2408 2712 2500 2764 ἐπὶ
2535 2711 2809 2782 πραότητι
2847 2713 2941 2766 καὶ
2974 2711 3107 2766 λαοῦ
3140 2712 3435 2785 νομοθεσίᾳ
3468 2712 3733 2785 κηρύττε-

2136 2821 2258 2865 ται,
2302 2803 2399 2856 καὶ
2440 2803 2562 2866 θεὸς
2602 2802 2838 2872 Φαραὼ,
2878 2803 2978 2857 καὶ
3017 2803 3113 2856 τοῦ
3145 2805 3362 2876 Ἰσραὴλ
3402 2805 3731 2876 δημαγωγὸς

2136 2896 2517 2966 ἀναγράφεται
2541 2912 2555 2927 ⁸
2589 2895 2748 2958 αὐτὸς
2777 2894 2854 2961 δὲ,
2889 2895 3151 2949 πανόλϐιε
3186 2896 3388 2968 Πάτερ,
3420 2898 3597 2968 πρᾶος
3630 2897 3733 2967 μὲν

2133 2988 2245 3050 τοῖς
2276 2988 2444 3051 πᾶσι,
2477 2986 2712 3058 φοϐερὸς
2741 2986 2800 3039 δὲ
2829 2990 2939 3050 τοῖς
2974 2986 3385 3058 ἁμαρτάνουσι,
3421 2985 3732 3055 νομοθετῶν

2133 3079 2299 3131 παντὶ⁹
2330 3078 2406 3147 τῷ
2439 3078 2554 3149 λαῷ
2586 3079 2693 3131 τῶν
2723 3079 2945 3148 φαύλων
2975 3077 3283 3148 ἀπέχεσθαι
3316 3078 3603 3149 πράξεων,
3635 3079 3733 3131 καὶ

2137 3171 2237 3234 τὰς
2272 3171 2381 3224 τῶν
2420 3171 2609 3226 παθῶν
2638 3171 3038 3236 ἐπαναστάσεις
3058 3210 3074 3236 ,
3104 3173 3181 3235 ὡς
3216 3170 3388 3242 ἄλλην
3413 3170 3732 3243 Φαραώνιον

2139 3262 2371 3332 δύναμιν
2390 3303 2403 3324 ,
2439 3262 2775 3334 ὑποϐρύχιον
2800 3262 2879 3333 τῷ
2906 3263 3137 3330 πελάγει
3163 3262 3272 3316 τῶν
3305 3262 3416 3317 σῶν
3445 3261 3733 3333 κατορθωυ

2091 3412 2113 3426 .
2144 3354 2331 3421 μάτων
2362 3355 2706 3425 ποιοόμενος.
2735 3353 2935 3420 Δαϐὶδ,
2965 3357 3245 3422 γενναῖος,
3274 3354 3370 3407 καὶ
3399 3353 3492 3407 τὸν
3519 3354 3734 3427 ὑπερή-

2142 3458 2311 3509 φανον
2357 3442 2397 3493 Γ
2399 3442 2588 3508 ολιὰθ,
2660 3446 2727 3514 τῇ
2772 3443 2868 3497 τοῦ
2915 3441 3231 3514 πνεύματος
3300 3442 3574 3516 πανοπλίᾳ
3613 3462 3731 3515 χει-

2144 3530 2441 3601 ρούμενος·
2491 3532 2842 3603 ἰσχυρότατος
2889 3532 2985 3587 καὶ
3025 3532 3225 3596 αὐτὸς,
3265 3533 3361 3586 τὸν
3400 3535 3591 3604 νοητὸν
3637 3536 3732 3587 καὶ

2139 3623 2540 3694 ψυχοτύραννον
2570 3625 2694 3679 καθ’
2713 3625 2929 3695 ἡμέραν
2954 3626 3351 3695 τροπούμενος,
3385 3628 3481 3679 ml.
3506 3626 3609 3696 τῆς
3638 3626 3731 3679 λος

2141 3718 2304 3786 γικῆς
2336 3715 2429 3769 τοῦ
2464 3715 2707 3787 Χριστοῦ
2746 3716 2986 3787 ποίμνης
3020 3718 3148 3781 τοὺς
3182 3718 3496 3787 αἰρετικοὺς
3530 3718 3729 3781 λύκους

2140 3805 2494 3874 άποδιώκων,
2523 3808 2652 3871 τοὺς
2685 3808 2980 3879 ἅρπαγας,
3013 3809 3159 3863 οὓτω
3191 3809 3268 3881 τῷ
3301 3810 3591 3881 καταλόγῳ
3619 3812 3730 3863 τῶν

2138 3897 2363 3951 δικαίων
2384 3896 2518 3968 εῠση
2529 3915 2654 3969 μον,
2679 3899 2774 3953 καὶ
2796 3898 2904 3952 τῶν
2930 3900 3245 3971 προφητῶν,
3270 3900 3501 3955 σεαυτὸν
3518 3899 3609 3953 διὰ
3627 3899 3731 3968 τῆς

2139 3990 2454 4058 πρακτικῆς
2497 3990 2701 4060 ἀρετῆς
2744 3988 2995 4060 ἔνειρας,
3036 3983 3081 4043 ὧ
3132 3991 3393 4062 ἱερώτατε
3422 4009 3434 4021 ·
3481 3992 3576 4045 καὶ
3620 3992 3732 4045 τῶν

2144 4079 2267 4147 μὲν,
2294 4080 2398 4150 τὴν
2423 4079 2742 4153 παρρησίαν
2768 4097 2782 4110 ο
2810 4079 2920 4133 τῶν
2960 4080 3040 4143 δὲ,
3074 4081 3166 4133 τὸν
3193 4080 3357 4151 ζῆλον
3381 4097 3396 4112 ο
3424 4081 3534 4134 τῶν
3561 4081 3642 4144 δὲ,
3670 4081 3733 4134 τὸ

2139 4171 2316 4242 πρᾶον
2336 4185 2350 4199 ·
2385 4170 2494 4224 τῶν
2533 4170 2591 4224 δὲ
2611 4211 2627 4235 ,
2658 4170 2719 4225 τὺ
2758 4171 3046 4242 συμπαθές
3070 4187 3084 4202 ⁸
3117 4172 3228 4225 τῶν
3260 4173 3349 4238 δὲ,
3382 4171 3478 4226 τοῦ
3518 4173 3637 4244 βίου
3669 4174 3733 4225 τὸ

2140 4260 2344 4331 ὑψηλὸν
2384 4263 2823 4334 περιεζήλωσας.
2885 4264 2958 4317 Οὐ
3010 4264 3171 4336 μόνον
3210 4265 3269 4320 δὲ
3312 4265 3547 4331 τούτων,
3592 4268 3731 4320 ἀλλὰ

2139 4355 2235 4408 καὶ
2266 4354 2506 4426 Χριστοῦ
2549 4354 2812 4427 μαθητῶν
2835 4372 2849 4386 ·
2884 4351 2966 4420 οἷς
3001 4358 3035 4429 ἡ
3071 4357 3234 4429 χάρις
3270 4358 3367 4413 καὶ
3400 4360 3434 4430 ἡ
3474 4359 3727 4429 ἀλήθεια.

2138 4444 2248 4500 τῶν
2278 4445 2521 4517 νομικῶν
2554 4446 2781 4511 σκιῶδες
2811 4446 3190 4502 διαπετάσασα
3220 4449 3599 4521 περιδέραιον,
3628 4452 3729 4520 τῆς

2141 4537 2377 4609 ἀληθοῦς
2413 4540 2472 4592 ὲν
2504 4538 2779 4608 πνεύματι
2812 4537 3070 4612 λατρείας
3102 4540 3483 4596 ἀνακαλύπτει
3516 4541 3729 4614 τρανῶς

2140 4632 2275 4702 ἡμῖν
2312 4632 2382 4685 τὰ
2423 4632 2725 4702 μυστήρια.
2752 4625 2854 4685 Ὧν
2888 4633 3050 4697 αὐτὸς
3086 4633 3402 4691 ἀκολούθως
3438 4634 3638 4699 ὀπαδὺς
3657 4633 3727 4688 δι’

2161 4820 2180 4840 ⁸
2207 4808 2353 4865 Psal.
2382 4825 2613 4876 Lxxxin,
2719 4812 2774 4864 ὅ.

1744 4924 1984 4980 ἾΑΒΙΑΞ.
2023 4926 2426 4985 LECTIONES.

522 5021 565 5053 "
600 5020 672 5073 ἵσ.
706 5018 851 5071 λείπ.
888 5016 1118 5082 ἔδειξας.

1719 5142 2120 5200 COMBEFISII
2160 5145 2398 5203 NOTE.

447 5251 773 5321 quotannis,
813 5263 1011 5320 magna
1056 5248 1149 5321 i_lla
1178 5246 1371 5321 virago
1427 5242 1719 5306 Theresia,
1763 5240 2029 5321 festo‘die

446 5314 784 5383 Palmarum,
846 5314 997 5375 velut
1057 5314 1347 5372 Dominum
1400 5323 1700 5384 exceptura
1763 5314 2026 5384 hospitio,

451 5409 613 5459 quem
643 5406 673 5446 a
710 5391 992 5459 triumpho
1026 5388 1145 5448 illo.
1195 5386 1637 5459 Ilierosolymila!
1686 5399 2027 5459 omnesne—

452 5453 776 5534 glexissent,
812 5453 1170 5534 devotissime
1218 5453 1611 5534 manducahat,
1648 5453 2026 5534 triumphique

454 5525 658 5603 specie,
696 5532 879 5603 cibum
919 5530 1134 5603 pariter
1178 5538 1234 5583 et
1300 5527 1570 5603 hospitem
1628 5525 2026 5603 praedileclum,

455 5596 952 5670 obsequentissime
998 5599 1214 5670 fovebat
1247 5613 1280 5670 :_
1315 5597 1440 5670 nisi
1455 5596 1560 5652 hoc
1613 5596 1799 5670 minus
1828 5610 2029 5670 c_onse~

457 5665 632 5737 quens
665 5686 679 5721 :
725 5669 995 5738 fueritque
1040 5669 1163 5722 ἀντὶ
1188 5666 1282 5721 τοῦ
1312 5667 1552 5738 ἐσθίων,
1585 5665 1693 5738 τὸ,
1720 5665 1936 5730 ἑστιῶν,
1961 5672 2029 5738 _ut

458 5734 797 5812 signiﬁcetur
817 5734 1080 5809 spiritalis
1106 5751 1423 5794 sermonum
1441 5745 1490 5791 et
1521 5734 1786 5798 doctrinae
1812 5735 2023 5803 menda,

2134 5259 2230 5324 seu
2282 5246 2447 5300 etiam
2502 5251 2884 5324 exemplorum
2939 5252 3081 5318 vitae,
3119 5267 3227 5324 qua
3269 5252 3534 5310 Nicolaus
3578 5255 3726 5313 laute

2137 5315 2345 5393 habens
2397 5330 2462 5370 ac
2540 5315 2886 5393 impertiens,
2948 5315 3421 5393 svsuyidvowag,
3481 5342 3581 5381 eos
3628 5330 3721 5393 qui

2136 5384 2340 5466 adeuut
2379 5400 2474 5441 seu
2510 5384 2884 5466 conveniunt,
2939 5394 3023 5466 vel
3081 5384 3249 5450 etiam
3303 5384 3569 5465 legentes.
3600 5384 3724 5466 eius

2133 5454 2399 5576 graeclara
2431 5467 2606 5526 gesta.
2643 5458 2924 5517 Christum
2972 5463 3149 5531 ipsum
3181 5454 3427 5535 hospitio
3458 5454 3720 5535 excipiat.

2185 5524 2234 5576 ΘΙ
2260 5522 2499 5576 denique
2547 5528 2629 5576 τὸ.
2682 5530 2902 5576 ἑστιῶν,
2949 5533 3017 5576 ad
3056 5533 3341 5576 Christum
3370 5535 3720 5576 vorm-nmium

2169 5523 2234 5607 [el
2260 5522 2509 5607 denique;
2547 5528 2629 5607 το,
2663 5530 2905 5607 βστιῶν,
2949 5522 3341 5607 εᾶἒιζίιτίειιιίη
3370 5522 3722 5607 referendum

2136 5596 2230 5676 sit,
2270 5596 2363 5664 qui
2404 5596 2550 5650 laute
2581 5598 2859 5676 habeatur
2889 5603 3134 5676 hospitio
3175 5612 3482 5676 exceptus.
3520 5606 3725 5676 imper-

2135 5667 2255 5749 titis
2294 5679 2480 5749 mensa
2513 5667 2752 5749 spiritali
2780 5667 3080 5749 explicata,
3122 5675 3190 5749 iis
3212 5667 3540 5749 qui'adeunt
3558 5667 3723 5733 Nico-

2134 5734 2283 5791 laum
2319 5749 2334 5790 :
2373 5734 2565 5809 sicque
2592 5734 2921 5800 redundarit
2940 5744 3022 5807 τὸ.
3051 5734 3146 5801 καὶ
3173 5734 3541 5806 adiectitium.
