  <div class='ocr_page' id='page_1' title='image "/cluster/home/n/w/nwhite01/storage/ocr_20150623/97/mdp.39015041892756/608.png"; bbox 0 0 3978 6140; ppageno 0'>
   <div class='ocr_carea' id='block_1_1' title="bbox 402 292 537 361">
    <p class='ocr_par' dir='ltr' id='par_1_1' title="bbox 402 292 537 361">
     <span class='ocr_line' id='line_1_1' title="bbox 402 292 537 361; baseline -0.007 -1"><span class='ocrx_word' id='word_1_1' title='bbox 402 296 423 360; x_wconf 85' lang='grc'><strong>1</strong></span> <span class='ocrx_word' id='word_1_2' title='bbox 439 292 537 361; x_wconf 75' lang='grc'><strong>1“97</strong></span> 
     </span>
    </p>
   </div>
   <div class='ocr_carea' id='block_1_2' title="bbox 1694 289 2341 355">
    <p class='ocr_par' dir='ltr' id='par_1_2' title="bbox 1694 289 2341 355">
     <span class='ocr_line' id='line_1_2' title="bbox 1694 289 2341 355; baseline -0.005 -3"><span class='ocrx_word' id='word_1_3' title='bbox 1694 293 1777 355; x_wconf 91' lang='grc' dir='ltr'><strong>ΙΝ</strong></span> <span class='ocrx_word' id='word_1_4' title='bbox 1810 293 1870 354; x_wconf 90' lang='lat' dir='ltr'><strong>S.</strong></span> <span class='ocrx_word' id='word_1_5' title='bbox 1918 289 2341 354; x_wconf 83' lang='lat' dir='ltr'><strong>NICOLAUM.</strong></span> 
     </span>
    </p>
   </div>
   <div class='ocr_carea' id='block_1_3' title="bbox 3519 286 3655 352">
    <p class='ocr_par' dir='ltr' id='par_1_3' title="bbox 3519 286 3655 352">
     <span class='ocr_line' id='line_1_3' title="bbox 3519 286 3655 352; baseline -0.015 -2"><span class='ocrx_word' id='word_1_6' title='bbox 3519 286 3655 352; x_wconf 77' lang='lat'><strong>1193</strong></span> 
     </span>
    </p>
   </div>
   <div class='ocr_carea' id='block_1_4' title="bbox 384 398 1982 481">
    <p class='ocr_par' dir='ltr' id='par_1_4' title="bbox 384 398 1967 481">
     <span class='ocr_line' id='line_1_4' title="bbox 384 398 1967 481; baseline -0.012 -15"><span class='ocrx_word' id='word_1_7' title='bbox 384 415 518 469; x_wconf 71' lang='grc' dir='ltr'>’ὅλου</span> <span class='ocrx_word' id='word_1_8' title='bbox 551 408 872 481; x_wconf 84' lang='grc' dir='ltr'>γενόμενος,</span> <span class='ocrx_word' id='word_1_9' title='bbox 910 405 1188 477; x_wconf 75' lang='grc' dir='ltr'>ὀφθαλμὸς</span> <span class='ocrx_word' id='word_1_10' title='bbox 1220 405 1318 477; x_wconf 78' lang='grc' dir='ltr'><strong>τῆς</strong></span> <span class='ocrx_word' id='word_1_11' title='bbox 1350 398 1672 475; x_wconf 74' lang='grc' dir='ltr'>Ἐκκλησίας</span> <span class='ocrx_word' id='word_1_12' title='bbox 1705 409 1772 476; x_wconf 76' lang='grc' dir='ltr'><strong>τῇ</strong></span> <span class='ocrx_word' id='word_1_13' title='bbox 1809 408 1967 475; x_wconf 74' lang='grc' dir='ltr'>μερί-</span> 
     </span>
    </p>
   </div>
   <div class='ocr_carea' id='block_1_5' title="bbox 2082 398 3659 481">
    <p class='ocr_par' dir='ltr' id='par_1_5' title="bbox 2082 398 3659 474">
     <span class='ocr_line' id='line_1_5' title="bbox 2082 398 3659 474; baseline 0.001 -16"><span class='ocrx_word' id='word_1_14' title='bbox 2082 404 2236 460; x_wconf 85' lang='lat' dir='ltr'><strong>modo</strong></span> <span class='ocrx_word' id='word_1_15' title='bbox 2258 400 2556 456; x_wconf 70' lang='lat' dir='ltr'><strong>imitandos</strong></span> <span class='ocrx_word' id='word_1_16' title='bbox 2578 398 2946 472; x_wconf 86' lang='lat' dir='ltr'><strong>proposuisti,</strong></span> <span class='ocrx_word' id='word_1_17' title='bbox 2978 398 3076 456; x_wconf 88' lang='lat' dir='ltr'><strong>sed</strong></span> <span class='ocrx_word' id='word_1_18' title='bbox 3106 406 3159 455; x_wconf 84' lang='lat' dir='ltr'><strong>et</strong></span> <span class='ocrx_word' id='word_1_19' title='bbox 3178 398 3389 455; x_wconf 90' lang='lat' dir='ltr'><strong>Christi</strong></span> <span class='ocrx_word' id='word_1_20' title='bbox 3412 400 3659 474; x_wconf 81' lang='lat' dir='ltr'><strong>discipu-</strong></span> 
     </span>
    </p>
   </div>
   <div class='ocr_carea' id='block_1_6' title="bbox 400 495 1975 576">
    <p class='ocr_par' dir='ltr' id='par_1_6' title="bbox 400 495 1975 576">
     <span class='ocr_line' id='line_1_6' title="bbox 400 495 1975 576; baseline -0.028 3"><span class='ocrx_word' id='word_1_21' title='bbox 400 520 536 576; x_wconf 69' lang='grc' dir='ltr'><strong>μνῖἱν</strong></span> <span class='ocrx_word' id='word_1_22' title='bbox 578 501 675 555; x_wconf 59' lang='grc' dir='ltr'><strong>καὶ</strong></span> <span class='ocrx_word' id='word_1_23' title='bbox 719 497 953 566; x_wconf 75' lang='grc' dir='ltr'><strong>σάλπιγξ</strong></span> <span class='ocrx_word' id='word_1_24' title='bbox 994 496 1191 567; x_wconf 71' lang='grc' dir='ltr'><strong>εὔηχος</strong></span> <span class='ocrx_word' id='word_1_25' title='bbox 1222 495 1617 566; x_wconf 73' lang='grc' dir='ltr'>ἐχρημάτισας.</span> <span class='ocrx_word' id='word_1_26' title='bbox 1657 496 1773 549; x_wconf 83' lang='grc' dir='ltr'><strong>Νῦν</strong></span> <span class='ocrx_word' id='word_1_27' title='bbox 1794 497 1840 528; x_wconf 68' lang='lat'><strong>98</strong></span> <span class='ocrx_word' id='word_1_28' title='bbox 1881 497 1975 549; x_wconf 64' lang='grc' dir='ltr'><strong>καὶ</strong></span> 
     </span>
    </p>
   </div>
   <div class='ocr_carea' id='block_1_7' title="bbox 396 588 1973 662">
    <p class='ocr_par' dir='ltr' id='par_1_7' title="bbox 396 588 1973 662">
     <span class='ocr_line' id='line_1_7' title="bbox 396 588 1973 662; baseline -0.004 -14"><span class='ocrx_word' id='word_1_29' title='bbox 396 597 575 648; x_wconf 76' lang='grc' dir='ltr'>εἰπεῖν</span> <span class='ocrx_word' id='word_1_30' title='bbox 600 591 833 662; x_wconf 85' lang='grc' dir='ltr'>ἀληθῶς,</span> <span class='ocrx_word' id='word_1_31' title='bbox 865 590 922 643; x_wconf 82' lang='grc' dir='ltr'>τὸ</span> <span class='ocrx_word' id='word_1_32' title='bbox 954 592 1226 661; x_wconf 70' lang='grc' dir='ltr'>γραιρικδν</span> <span class='ocrx_word' id='word_1_33' title='bbox 1255 592 1432 642; x_wconf 76' lang='grc' dir='ltr'>ἐκεῖνο</span> <span class='ocrx_word' id='word_1_34' title='bbox 1466 588 1630 660; x_wconf 80' lang='grc' dir='ltr'>ῥητόν</span> <span class='ocrx_word' id='word_1_35' title='bbox 1653 605 1668 620; x_wconf 75' lang='grc' dir='ltr'><strong><em>ο</em></strong></span> <span class='ocrx_word' id='word_1_36' title='bbox 1710 607 1729 639; x_wconf 75' lang='grc' dir='ltr'><strong>ι</strong></span> <span class='ocrx_word' id='word_1_37' title='bbox 1766 589 1973 660; x_wconf 84' lang='grc' dir='ltr'>Μνήμη</span> 
     </span>
    </p>
   </div>
   <div class='ocr_carea' id='block_1_8' title="bbox 383 679 1977 756">
    <p class='ocr_par' dir='ltr' id='par_1_8' title="bbox 383 679 1977 756">
     <span class='ocr_line' id='line_1_8' title="bbox 383 679 1977 756; baseline -0.004 -15"><span class='ocrx_word' id='word_1_38' title='bbox 383 686 623 741; x_wconf 69' lang='grc' dir='ltr'>δικαίων</span> <span class='ocrx_word' id='word_1_39' title='bbox 654 682 803 756; x_wconf 80' lang='grc' dir='ltr'>[μετ’</span> <span class='ocrx_word' id='word_1_40' title='bbox 828 680 1140 752; x_wconf 64' lang='grc' dir='ltr'>ἐγκωμίων.</span> <span class='ocrx_word' id='word_1_41' title='bbox 1178 679 1234 743; x_wconf 68' lang='lat' dir='ltr'><strong>tl</strong></span> <span class='ocrx_word' id='word_1_42' title='bbox 1266 681 1412 734; x_wconf 86' lang='lat' dir='ltr'><strong>Kal.</strong></span> <span class='ocrx_word' id='word_1_43' title='bbox 1450 700 1467 731; x_wconf 78' lang='grc' dir='ltr'><strong>ι</strong></span> <span class='ocrx_word' id='word_1_44' title='bbox 1506 681 1599 743; x_wconf 84' lang='grc' dir='ltr'><strong>Εἰς</strong></span> <span class='ocrx_word' id='word_1_45' title='bbox 1631 681 1977 751; x_wconf 77' lang='grc' dir='ltr'>μνημόσυνον</span> 
     </span>
    </p>
   </div>
   <div class='ocr_carea' id='block_1_9' title="bbox 395 770 1978 841">
    <p class='ocr_par' dir='ltr' id='par_1_9' title="bbox 395 770 1978 841">
     <span class='ocr_line' id='line_1_9' title="bbox 395 770 1978 841; baseline -0.004 -10"><span class='ocrx_word' id='word_1_46' title='bbox 395 777 613 832; x_wconf 79' lang='grc' dir='ltr'>αἰώνιον</span> <span class='ocrx_word' id='word_1_47' title='bbox 645 774 801 827; x_wconf 76' lang='grc' dir='ltr'>ἔσται</span> <span class='ocrx_word' id='word_1_48' title='bbox 835 772 1065 833; x_wconf 77' lang='grc' dir='ltr'>δίκαιος.</span> <span class='ocrx_word' id='word_1_49' title='bbox 1106 790 1125 823; x_wconf 71' lang='grc' dir='ltr'><strong>ι</strong></span> <span class='ocrx_word' id='word_1_50' title='bbox 1161 771 1275 824; x_wconf 75' lang='grc' dir='ltr'><strong>Καὶ</strong></span> <span class='ocrx_word' id='word_1_51' title='bbox 1312 771 1457 841; x_wconf 80' lang='grc' dir='ltr'>μάλα</span> <span class='ocrx_word' id='word_1_52' title='bbox 1493 770 1741 835; x_wconf 77' lang='grc' dir='ltr'><strong>εἰκότως.</strong></span> <span class='ocrx_word' id='word_1_53' title='bbox 1771 772 1978 839; x_wconf 79' lang='grc' dir='ltr'>Ἐγκω-</span> 
     </span>
    </p>
   </div>
   <div class='ocr_carea' id='block_1_10' title="bbox 400 860 1974 938">
    <p class='ocr_par' dir='ltr' id='par_1_10' title="bbox 400 860 1974 938">
     <span class='ocr_line' id='line_1_10' title="bbox 400 860 1974 938; baseline -0.003 -19"><span class='ocrx_word' id='word_1_54' title='bbox 400 864 734 938; x_wconf 75' lang='grc' dir='ltr'>μιαζομένου</span> <span class='ocrx_word' id='word_1_55' title='bbox 754 863 862 934; x_wconf 76' lang='grc' dir='ltr'>γὰρ</span> <span class='ocrx_word' id='word_1_56' title='bbox 881 861 1119 925; x_wconf 79' lang='grc' dir='ltr'><strong>δικαίου,</strong></span> <span class='ocrx_word' id='word_1_57' title='bbox 1136 860 1606 932; x_wconf 74' lang='grc' dir='ltr'><strong>εὐφρανθήσονται</strong></span> <span class='ocrx_word' id='word_1_58' title='bbox 1627 861 1749 915; x_wconf 76' lang='grc' dir='ltr'>λαοὶ</span> <span class='ocrx_word' id='word_1_59' title='bbox 1772 860 1974 914; x_wconf 89' lang='grc' dir='ltr'>πολλοί.</span> 
     </span>
    </p>
   </div>
   <div class='ocr_carea' id='block_1_11' title="bbox 2081 493 3656 565">
    <p class='ocr_par' dir='ltr' id='par_1_11' title="bbox 2081 493 3656 565">
     <span class='ocr_line' id='line_1_11' title="bbox 2081 493 3656 565; baseline -0.001 -14"><span class='ocrx_word' id='word_1_60' title='bbox 2081 497 2188 561; x_wconf 86' lang='lat' dir='ltr'><strong>los,</strong></span> <span class='ocrx_word' id='word_1_61' title='bbox 2207 496 2408 565; x_wconf 84' lang='lat' dir='ltr'><strong>quibus</strong></span> <span class='ocrx_word' id='word_1_62' title='bbox 2434 494 2610 565; x_wconf 85' lang='lat' dir='ltr'><strong>gratia</strong></span> <span class='ocrx_word' id='word_1_63' title='bbox 2637 507 2693 549; x_wconf 90' lang='lat' dir='ltr'><strong>et</strong></span> <span class='ocrx_word' id='word_1_64' title='bbox 2729 494 2930 549; x_wconf 90' lang='lat' dir='ltr'><strong>veritas</strong></span> <span class='ocrx_word' id='word_1_65' title='bbox 2958 493 3255 549; x_wconf 85' lang='lat' dir='ltr'><strong>tenebroso</strong></span> <span class='ocrx_word' id='word_1_66' title='bbox 3279 493 3536 564; x_wconf 84' lang='lat' dir='ltr'><strong>legalium</strong></span> <span class='ocrx_word' id='word_1_67' title='bbox 3568 511 3656 551; x_wconf 83' lang='lat' dir='ltr'><strong>ve-</strong></span> 
     </span>
    </p>
   </div>
   <div class='ocr_carea' id='block_1_12' title="bbox 2082 584 3658 657">
    <p class='ocr_par' dir='ltr' id='par_1_12' title="bbox 2082 584 3658 657">
     <span class='ocr_line' id='line_1_12' title="bbox 2082 584 3658 657; baseline -0.002 -15"><span class='ocrx_word' id='word_1_68' title='bbox 2082 589 2165 642; x_wconf 92' lang='lat' dir='ltr'><strong>lut</strong></span> <span class='ocrx_word' id='word_1_69' title='bbox 2187 586 2380 642; x_wconf 89' lang='lat' dir='ltr'><strong>collari</strong></span> <span class='ocrx_word' id='word_1_70' title='bbox 2404 586 2588 640; x_wconf 81' lang='lat' dir='ltr'><strong>laxato</strong></span> <span class='ocrx_word' id='word_1_71' title='bbox 2618 584 2754 654; x_wconf 76' lang='lat'><strong>(63),</strong></span> <span class='ocrx_word' id='word_1_72' title='bbox 2782 587 2897 640; x_wconf 90' lang='lat' dir='ltr'><strong>veri</strong></span> <span class='ocrx_word' id='word_1_73' title='bbox 2930 586 2984 640; x_wconf 92' lang='lat' dir='ltr'><strong>in</strong></span> <span class='ocrx_word' id='word_1_74' title='bbox 3014 586 3213 655; x_wconf 92' lang='lat' dir='ltr'><strong>spiritu</strong></span> <span class='ocrx_word' id='word_1_75' title='bbox 3265 586 3446 642; x_wconf 86' lang='lat' dir='ltr'><strong>cultus</strong></span> <span class='ocrx_word' id='word_1_76' title='bbox 3478 586 3658 657; x_wconf 80' lang='lat' dir='ltr'><strong>palam</strong></span> 
     </span>
    </p>
   </div>
   <div class='ocr_carea' id='block_1_13' title="bbox 2082 676 3660 749">
    <p class='ocr_par' dir='ltr' id='par_1_13' title="bbox 2082 676 3660 749">
     <span class='ocr_line' id='line_1_13' title="bbox 2082 676 3660 749; baseline -0.001 -15"><span class='ocrx_word' id='word_1_77' title='bbox 2082 678 2246 734; x_wconf 88' lang='lat' dir='ltr'><strong>nobis</strong></span> <span class='ocrx_word' id='word_1_78' title='bbox 2285 684 2630 739; x_wconf 87' lang='lat' dir='ltr'><strong>sacramenta</strong></span> <span class='ocrx_word' id='word_1_79' title='bbox 2688 676 2914 747; x_wconf 86' lang='lat' dir='ltr'><strong>detegit.</strong></span> <span class='ocrx_word' id='word_1_80' title='bbox 2961 676 3170 733; x_wconf 87' lang='lat' dir='ltr'><strong>llorum</strong></span> <span class='ocrx_word' id='word_1_81' title='bbox 3231 677 3354 749; x_wconf 90' lang='lat' dir='ltr'><strong>ipse</strong></span> <span class='ocrx_word' id='word_1_82' title='bbox 3411 686 3660 733; x_wconf 91' lang='lat' dir='ltr'><strong>sectator</strong></span> 
     </span>
    </p>
   </div>
   <div class='ocr_carea' id='block_1_14' title="bbox 2083 770 3662 842">
    <p class='ocr_par' dir='ltr' id='par_1_14' title="bbox 2083 770 3662 842">
     <span class='ocr_line' id='line_1_14' title="bbox 2083 770 3662 842; baseline -0.001 -16"><span class='ocrx_word' id='word_1_83' title='bbox 2083 786 2181 842; x_wconf 89' lang='lat' dir='ltr'><strong>per</strong></span> <span class='ocrx_word' id='word_1_84' title='bbox 2232 773 2417 826; x_wconf 85' lang='lat' dir='ltr'><strong>omnia</strong></span> <span class='ocrx_word' id='word_1_85' title='bbox 2478 770 2678 838; x_wconf 81' lang='lat' dir='ltr'><strong>factus,</strong></span> <span class='ocrx_word' id='word_1_86' title='bbox 2727 770 2987 825; x_wconf 88' lang='lat' dir='ltr'><strong>Ecclesia</strong></span> <span class='ocrx_word' id='word_1_87' title='bbox 3028 771 3225 825; x_wconf 89' lang='lat' dir='ltr'><strong>oculus</strong></span> <span class='ocrx_word' id='word_1_88' title='bbox 3283 770 3662 825; x_wconf 87' lang='lat' dir='ltr'><strong>sollicitudine</strong></span> 
     </span>
    </p>
   </div>
   <div class='ocr_carea' id='block_1_15' title="bbox 2084 860 3660 932">
    <p class='ocr_par' dir='ltr' id='par_1_15' title="bbox 2084 860 3660 932">
     <span class='ocr_line' id='line_1_15' title="bbox 2084 860 3660 932; baseline -0.001 -16"><span class='ocrx_word' id='word_1_89' title='bbox 2084 877 2148 917; x_wconf 87' lang='lat' dir='ltr'><strong>ac</strong></span> <span class='ocrx_word' id='word_1_90' title='bbox 2178 863 2309 918; x_wconf 88' lang='lat' dir='ltr'><strong>tuba</strong></span> <span class='ocrx_word' id='word_1_91' title='bbox 2343 878 2542 918; x_wconf 85' lang='lat' dir='ltr'><strong>sonora</strong></span> <span class='ocrx_word' id='word_1_92' title='bbox 2600 861 2774 923; x_wconf 83' lang='lat' dir='ltr'><strong>fuisti.</strong></span> <span class='ocrx_word' id='word_1_93' title='bbox 2804 860 2997 916; x_wconf 84' lang='lat' dir='ltr'><strong>Fuerit</strong></span> <span class='ocrx_word' id='word_1_94' title='bbox 3046 862 3158 931; x_wconf 89' lang='lat' dir='ltr'><strong>jam</strong></span> <span class='ocrx_word' id='word_1_95' title='bbox 3186 877 3315 917; x_wconf 92' lang='lat' dir='ltr'><strong>vere</strong></span> <span class='ocrx_word' id='word_1_96' title='bbox 3338 862 3490 932; x_wconf 87' lang='lat' dir='ltr'><strong>loqui</strong></span> <span class='ocrx_word' id='word_1_97' title='bbox 3523 861 3660 916; x_wconf 81' lang='lat' dir='ltr'><strong>illud</strong></span> 
     </span>
    </p>
   </div>
   <div class='ocr_carea' id='block_1_16' title="bbox 398 950 3663 1026">
    <p class='ocr_par' dir='ltr' id='par_1_16' title="bbox 398 950 3663 1026">
     <span class='ocr_line' id='line_1_16' title="bbox 398 950 3663 1026; baseline -0.001 -14"><span class='ocrx_word' id='word_1_98' title='bbox 398 956 699 1026; x_wconf 86' lang='lat' dir='ltr'><strong>Scriptura</strong></span> <span class='ocrx_word' id='word_1_99' title='bbox 728 970 742 1007; x_wconf 89' lang='lat'><strong>:</strong></span> <span class='ocrx_word' id='word_1_100' title='bbox 782 971 801 1002; x_wconf 78' lang='grc' dir='ltr'><strong>ι</strong></span> <span class='ocrx_word' id='word_1_101' title='bbox 828 950 1387 1019; x_wconf 77' lang='lat' dir='ltr'><strong>Memoriajustorum</strong></span> <span class='ocrx_word' id='word_1_102' title='bbox 1412 965 1537 1004; x_wconf 91' lang='lat' dir='ltr'><strong>cum</strong></span> <span class='ocrx_word' id='word_1_103' title='bbox 1564 950 1834 1006; x_wconf 85' lang='lat' dir='ltr'><strong>eucomiis</strong></span> <span class='ocrx_word' id='word_1_104' title='bbox 1857 951 1907 1005; x_wconf 74' lang='grc' dir='ltr'>ιι.</span> <span class='ocrx_word' id='word_1_105' title='bbox 1939 969 1959 1002; x_wconf 74' lang='grc' dir='ltr'><strong>ι</strong></span> <span class='ocrx_word' id='word_1_106' title='bbox 2002 951 2071 1007; x_wconf 83' lang='grc' dir='ltr'><strong>Ει</strong></span> <span class='ocrx_word' id='word_1_107' title='bbox 2098 970 2111 1007; x_wconf 92' lang='lat'><strong>:</strong></span> <span class='ocrx_word' id='word_1_108' title='bbox 2154 970 2173 1004; x_wconf 81' lang='grc' dir='ltr'>ι</span> <span class='ocrx_word' id='word_1_109' title='bbox 2204 952 2261 1007; x_wconf 93' lang='lat' dir='ltr'><strong>ln</strong></span> <span class='ocrx_word' id='word_1_110' title='bbox 2309 953 2578 1007; x_wconf 85' lang='lat' dir='ltr'><strong>memoria</strong></span> <span class='ocrx_word' id='word_1_111' title='bbox 2608 961 2814 1008; x_wconf 90' lang='lat' dir='ltr'><strong>aterna</strong></span> <span class='ocrx_word' id='word_1_112' title='bbox 2846 952 2952 1007; x_wconf 91' lang='lat' dir='ltr'><strong>erit</strong></span> <span class='ocrx_word' id='word_1_113' title='bbox 2975 951 3160 1022; x_wconf 90' lang='lat' dir='ltr'><strong>justus</strong></span> <span class='ocrx_word' id='word_1_114' title='bbox 3188 954 3261 1010; x_wconf 66' lang='grc' dir='ltr'><strong>δ’.</strong></span> <span class='ocrx_word' id='word_1_115' title='bbox 3297 973 3318 1006; x_wconf 76' lang='grc' dir='ltr'><strong>ι</strong></span> <span class='ocrx_word' id='word_1_116' title='bbox 3362 956 3442 1010; x_wconf 86' lang='lat' dir='ltr'><strong>Ac</strong></span> <span class='ocrx_word' id='word_1_117' title='bbox 3496 953 3663 1025; x_wconf 85' lang='lat' dir='ltr'><strong>plane</strong></span> 
     </span>
    </p>
   </div>
   <div class='ocr_carea' id='block_1_17' title="bbox 395 1044 2896 1120">
    <p class='ocr_par' dir='ltr' id='par_1_17' title="bbox 395 1044 2896 1120">
     <span class='ocr_line' id='line_1_17' title="bbox 395 1044 2896 1120; baseline -0.003 -13"><span class='ocrx_word' id='word_1_118' title='bbox 395 1052 616 1107; x_wconf 84' lang='lat' dir='ltr'><strong>merito.</strong></span> <span class='ocrx_word' id='word_1_119' title='bbox 674 1045 835 1102; x_wconf 88' lang='lat' dir='ltr'><strong>Justo</strong></span> <span class='ocrx_word' id='word_1_120' title='bbox 886 1046 1033 1099; x_wconf 89' lang='lat' dir='ltr'><strong>enim</strong></span> <span class='ocrx_word' id='word_1_121' title='bbox 1082 1044 1355 1100; x_wconf 89' lang='lat' dir='ltr'><strong>eucomiis</strong></span> <span class='ocrx_word' id='word_1_122' title='bbox 1383 1044 1686 1107; x_wconf 89' lang='lat' dir='ltr'><strong>celebrato,</strong></span> <span class='ocrx_word' id='word_1_123' title='bbox 1720 1045 1968 1101; x_wconf 77' lang='lat' dir='ltr'><strong>futurum</strong></span> <span class='ocrx_word' id='word_1_124' title='bbox 2006 1055 2177 1106; x_wconf 85' lang='lat' dir='ltr'><strong>estut</strong></span> <span class='ocrx_word' id='word_1_125' title='bbox 2209 1048 2367 1104; x_wconf 90' lang='lat' dir='ltr'><strong>multi</strong></span> <span class='ocrx_word' id='word_1_126' title='bbox 2400 1049 2587 1120; x_wconf 77' lang='lat' dir='ltr'><strong>pepuli</strong></span> <span class='ocrx_word' id='word_1_127' title='bbox 2620 1047 2896 1103; x_wconf 89' lang='lat' dir='ltr'><strong>latentur.</strong></span> 
     </span>
    </p>
   </div>
   <div class='ocr_carea' id='block_1_18' title="bbox 466 1139 1981 1211">
    <p class='ocr_par' dir='ltr' id='par_1_18' title="bbox 466 1139 1981 1211">
     <span class='ocr_line' id='line_1_18' title="bbox 466 1139 1981 1211; baseline 0.003 -18"><span class='ocrx_word' id='word_1_128' title='bbox 466 1146 578 1199; x_wconf 70' lang='grc' dir='ltr'>Καὶ</span> <span class='ocrx_word' id='word_1_129' title='bbox 605 1143 689 1206; x_wconf 89' lang='grc' dir='ltr'><strong>τίς</strong></span> <span class='ocrx_word' id='word_1_130' title='bbox 721 1140 787 1196; x_wconf 79' lang='grc' dir='ltr'>ἂν</span> <span class='ocrx_word' id='word_1_131' title='bbox 817 1140 1058 1204; x_wconf 70' lang='grc' dir='ltr'>ἐπαξίως</span> <span class='ocrx_word' id='word_1_132' title='bbox 1101 1139 1361 1207; x_wconf 82' lang='grc' dir='ltr'>ἀφίκοιτο</span> <span class='ocrx_word' id='word_1_133' title='bbox 1411 1140 1520 1192; x_wconf 88' lang='grc' dir='ltr'><strong>τῶν</strong></span> <span class='ocrx_word' id='word_1_134' title='bbox 1551 1142 1773 1211; x_wconf 82' lang='grc' dir='ltr'>σεμνῶν</span> <span class='ocrx_word' id='word_1_135' title='bbox 1804 1144 1981 1211; x_wconf 75' lang='grc' dir='ltr'>ἐγκω-</span> 
     </span>
    </p>
   </div>
   <div class='ocr_carea' id='block_1_19' title="bbox 399 1228 1979 1306">
    <p class='ocr_par' dir='ltr' id='par_1_19' title="bbox 399 1228 1979 1306">
     <span class='ocr_line' id='line_1_19' title="bbox 399 1228 1979 1306; baseline -0.001 -18"><span class='ocrx_word' id='word_1_136' title='bbox 399 1235 563 1306; x_wconf 89' lang='grc' dir='ltr'>μίων,</span> <span class='ocrx_word' id='word_1_137' title='bbox 593 1233 750 1304; x_wconf 79' lang='grc' dir='ltr'><strong>ἣτῶν</strong></span> <span class='ocrx_word' id='word_1_138' title='bbox 781 1231 891 1284; x_wconf 85' lang='grc' dir='ltr'><strong>σῶν</strong></span> <span class='ocrx_word' id='word_1_139' title='bbox 917 1230 1061 1284; x_wconf 86' lang='grc' dir='ltr'>κατά</span> <span class='ocrx_word' id='word_1_140' title='bbox 1105 1229 1198 1281; x_wconf 82' lang='grc' dir='ltr'><strong>τὸν</strong></span> <span class='ocrx_word' id='word_1_141' title='bbox 1224 1228 1343 1299; x_wconf 84' lang='grc' dir='ltr'>βίον</span> <span class='ocrx_word' id='word_1_142' title='bbox 1404 1230 1979 1303; x_wconf 82' lang='grc' dir='ltr'>μεγαλουργημάτων,</span> 
     </span>
    </p>
   </div>
   <div class='ocr_carea' id='block_1_20' title="bbox 396 1306 1979 1399">
    <p class='ocr_par' dir='ltr' id='par_1_20' title="bbox 396 1306 1979 1399">
     <span class='ocr_line' id='line_1_20' title="bbox 396 1306 1979 1399; baseline -0.003 -17"><span class='ocrx_word' id='word_1_143' title='bbox 396 1306 793 1399; x_wconf 76' lang='grc' dir='ltr'>ἀνυμνῆσαιτὸ</span> <span class='ocrx_word' id='word_1_144' title='bbox 826 1321 1075 1393; x_wconf 81' lang='grc' dir='ltr'>μέγεθος,</span> <span class='ocrx_word' id='word_1_145' title='bbox 1136 1322 1485 1393; x_wconf 75' lang='grc' dir='ltr'>πολυῢμνητε</span> <span class='ocrx_word' id='word_1_146' title='bbox 1550 1325 1786 1395; x_wconf 76' lang='grc' dir='ltr'>Πάτερς</span> <span class='ocrx_word' id='word_1_147' title='bbox 1834 1324 1905 1379; x_wconf 80' lang='grc' dir='ltr'><strong>Εἰ</strong></span> <span class='ocrx_word' id='word_1_148' title='bbox 1924 1342 1979 1379; x_wconf 88' lang='grc' dir='ltr'><strong>τι</strong></span> 
     </span>
    </p>
   </div>
   <div class='ocr_carea' id='block_1_21' title="bbox 396 1414 1980 1489">
    <p class='ocr_par' dir='ltr' id='par_1_21' title="bbox 396 1414 1980 1489">
     <span class='ocr_line' id='line_1_21' title="bbox 396 1414 1980 1489; baseline -0.002 -16"><span class='ocrx_word' id='word_1_149' title='bbox 396 1421 469 1488; x_wconf 77' lang='grc' dir='ltr'><strong>τὰ</strong></span> <span class='ocrx_word' id='word_1_150' title='bbox 478 1436 509 1489; x_wconf 89' lang='grc' dir='ltr'>ρ</span> <span class='ocrx_word' id='word_1_151' title='bbox 533 1420 597 1472; x_wconf 81' lang='grc' dir='ltr'><strong>ἄν</strong></span> <span class='ocrx_word' id='word_1_152' title='bbox 616 1434 675 1470; x_wconf 88' lang='grc' dir='ltr'>σε</span> <span class='ocrx_word' id='word_1_153' title='bbox 694 1416 791 1468; x_wconf 72' lang='grc' dir='ltr'><strong>καὶ</strong></span> <span class='ocrx_word' id='word_1_154' title='bbox 815 1415 1067 1485; x_wconf 75' lang='grc' dir='ltr'>εἴπομεν.</span> <span class='ocrx_word' id='word_1_155' title='bbox 1094 1414 1314 1468; x_wconf 80' lang='grc' dir='ltr'>ἀποδέει</span> <span class='ocrx_word' id='word_1_156' title='bbox 1344 1414 1564 1479; x_wconf 90' lang='grc' dir='ltr'>πάντως</span> <span class='ocrx_word' id='word_1_157' title='bbox 1591 1416 1694 1485; x_wconf 84' lang='grc' dir='ltr'><strong>τῆς</strong></span> <span class='ocrx_word' id='word_1_158' title='bbox 1721 1416 1980 1486; x_wconf 74' lang='grc' dir='ltr'><strong>ἀληθείας</strong></span> 
     </span>
    </p>
   </div>
   <div class='ocr_carea' id='block_1_22' title="bbox 395 1492 1979 1579">
    <p class='ocr_par' dir='ltr' id='par_1_22' title="bbox 395 1492 1979 1579">
     <span class='ocr_line' id='line_1_22' title="bbox 395 1492 1979 1579; baseline -0.001 -16"><span class='ocrx_word' id='word_1_159' title='bbox 395 1512 427 1564; x_wconf 84' lang='grc' dir='ltr'><strong><em>ὸ</em></strong></span> <span class='ocrx_word' id='word_1_160' title='bbox 460 1510 639 1578; x_wconf 81' lang='grc' dir='ltr'>λόγος.</span> <span class='ocrx_word' id='word_1_161' title='bbox 676 1508 787 1561; x_wconf 82' lang='lat' dir='ltr'><strong>Kal</strong></span> <span class='ocrx_word' id='word_1_162' title='bbox 813 1508 861 1559; x_wconf 84' lang='grc' dir='ltr'>εί</span> <span class='ocrx_word' id='word_1_163' title='bbox 888 1505 1327 1578; x_wconf 78' lang='grc' dir='ltr'>παρεικάζεσθαι</span> <span class='ocrx_word' id='word_1_164' title='bbox 1366 1492 1696 1579; x_wconf 82' lang='grc' dir='ltr'>θελήσαιμεν</span> <span class='ocrx_word' id='word_1_165' title='bbox 1724 1512 1837 1573; x_wconf 85' lang='grc' dir='ltr'>τοῖς</span> <span class='ocrx_word' id='word_1_166' title='bbox 1867 1512 1979 1574; x_wconf 81' lang='grc' dir='ltr'>σοῖς</span> 
     </span>
    </p>
   </div>
   <div class='ocr_carea' id='block_1_23' title="bbox 394 1600 1993 1677">
    <p class='ocr_par' dir='ltr' id='par_1_23' title="bbox 394 1600 1993 1677">
     <span class='ocr_line' id='line_1_23' title="bbox 394 1600 1993 1677; baseline -0.003 -17"><span class='ocrx_word' id='word_1_167' title='bbox 394 1606 466 1660; x_wconf 84' lang='grc' dir='ltr'><strong>’τά</strong></span> <span class='ocrx_word' id='word_1_168' title='bbox 517 1605 720 1677; x_wconf 77' lang='grc' dir='ltr'>ἑτέρων</span> <span class='ocrx_word' id='word_1_169' title='bbox 765 1600 1193 1672; x_wconf 81' lang='grc' dir='ltr'>κατορθώματα,</span> <span class='ocrx_word' id='word_1_170' title='bbox 1262 1600 1476 1670; x_wconf 82' lang='grc' dir='ltr'>ἀνάγκη</span> <span class='ocrx_word' id='word_1_171' title='bbox 1535 1602 1687 1655; x_wconf 79' lang='grc' dir='ltr'>πᾶσα</span> <span class='ocrx_word' id='word_1_172' title='bbox 1742 1601 1993 1663; x_wconf 75' lang='grc' dir='ltr'><strong>κατόπιν,</strong></span> 
     </span>
    </p>
   </div>
   <div class='ocr_carea' id='block_1_24' title="bbox 398 1690 1977 1764">
    <p class='ocr_par' dir='ltr' id='par_1_24' title="bbox 398 1690 1977 1764">
     <span class='ocr_line' id='line_1_24' title="bbox 398 1690 1977 1764; baseline -0.004 -14"><span class='ocrx_word' id='word_1_173' title='bbox 398 1696 598 1762; x_wconf 69' lang='grc' dir='ltr'>ἐλθεῖν,</span> <span class='ocrx_word' id='word_1_174' title='bbox 641 1694 753 1748; x_wconf 87' lang='grc' dir='ltr'><strong>τῶν</strong></span> <span class='ocrx_word' id='word_1_175' title='bbox 796 1692 1145 1764; x_wconf 80' lang='grc' dir='ltr'>πραγμάτων</span> <span class='ocrx_word' id='word_1_176' title='bbox 1174 1693 1241 1746; x_wconf 76' lang='grc' dir='ltr'>τὰ</span> <span class='ocrx_word' id='word_1_177' title='bbox 1269 1692 1711 1763; x_wconf 83' lang='grc' dir='ltr'>παραδείγματα.</span> <span class='ocrx_word' id='word_1_178' title='bbox 1745 1690 1880 1745; x_wconf 83' lang='grc' dir='ltr'>Τίνα</span> <span class='ocrx_word' id='word_1_179' title='bbox 1915 1708 1977 1744; x_wconf 90' lang='grc' dir='ltr'>σε</span> 
     </span>
    </p>
   </div>
   <div class='ocr_carea' id='block_1_25' title="bbox 395 1782 1977 1856">
    <p class='ocr_par' dir='ltr' id='par_1_25' title="bbox 395 1782 1977 1856">
     <span class='ocr_line' id='line_1_25' title="bbox 395 1782 1977 1856; baseline -0.004 -14"><span class='ocrx_word' id='word_1_180' title='bbox 395 1789 578 1843; x_wconf 85' lang='grc' dir='ltr'>τοίνυν</span> <span class='ocrx_word' id='word_1_181' title='bbox 608 1788 873 1856; x_wconf 76' lang='grc' dir='ltr'>εῑπομενς</span> <span class='ocrx_word' id='word_1_182' title='bbox 908 1784 1199 1854; x_wconf 81' lang='grc' dir='ltr'><strong>Γεωργόν;</strong></span> <span class='ocrx_word' id='word_1_183' title='bbox 1244 1782 1385 1835; x_wconf 81' lang='grc' dir='ltr'><strong>Ἀλλ’</strong></span> <span class='ocrx_word' id='word_1_184' title='bbox 1414 1782 1710 1854; x_wconf 80' lang='grc' dir='ltr'><strong>ἀληθεύσει</strong></span> <span class='ocrx_word' id='word_1_185' title='bbox 1759 1782 1977 1845; x_wconf 83' lang='grc' dir='ltr'>πάντως</span> 
     </span>
    </p>
   </div>
   <div class='ocr_carea' id='block_1_26' title="bbox 392 1872 1976 1948">
    <p class='ocr_par' dir='ltr' id='par_1_26' title="bbox 392 1872 1976 1948">
     <span class='ocr_line' id='line_1_26' title="bbox 392 1872 1976 1948; baseline -0.004 -16"><span class='ocrx_word' id='word_1_186' title='bbox 392 1879 623 1948; x_wconf 78' lang='grc' dir='ltr'>ὁλόγος,</span> <span class='ocrx_word' id='word_1_187' title='bbox 665 1873 1022 1945; x_wconf 85' lang='grc' dir='ltr'>θεωρητικῶς</span> <span class='ocrx_word' id='word_1_188' title='bbox 1075 1872 1579 1944; x_wconf 77' lang='grc' dir='ltr'>ὲκλαμὸανόμενος.</span> <span class='ocrx_word' id='word_1_189' title='bbox 1624 1873 1814 1943; x_wconf 87' lang='grc' dir='ltr'>Πάσης</span> <span class='ocrx_word' id='word_1_190' title='bbox 1866 1872 1976 1942; x_wconf 73' lang='grc' dir='ltr'><strong>γὰρ</strong></span> 
     </span>
    </p>
   </div>
   <div class='ocr_carea' id='block_1_27' title="bbox 2152 1141 3661 1210">
    <p class='ocr_par' dir='ltr' id='par_1_27' title="bbox 2152 1141 3661 1210">
     <span class='ocr_line' id='line_1_27' title="bbox 2152 1141 3661 1210; baseline 0.004 -13"><span class='ocrx_word' id='word_1_191' title='bbox 2152 1142 2290 1210; x_wconf 85' lang='lat' dir='ltr'><strong>Quis</strong></span> <span class='ocrx_word' id='word_1_192' title='bbox 2320 1156 2473 1208; x_wconf 89' lang='lat' dir='ltr'><strong>vero,</strong></span> <span class='ocrx_word' id='word_1_193' title='bbox 2524 1141 2907 1198; x_wconf 88' lang='lat' dir='ltr'><strong>laudatissime</strong></span> <span class='ocrx_word' id='word_1_194' title='bbox 2935 1141 3120 1207; x_wconf 82' lang='lat' dir='ltr'><strong>Pater,</strong></span> <span class='ocrx_word' id='word_1_195' title='bbox 3154 1144 3503 1199; x_wconf 77' lang='lat' dir='ltr'><strong>venerabiles</strong></span> <span class='ocrx_word' id='word_1_196' title='bbox 3531 1151 3661 1203; x_wconf 90' lang='lat' dir='ltr'><strong>tuas</strong></span> 
     </span>
    </p>
   </div>
   <div class='ocr_carea' id='block_1_28' title="bbox 2080 1231 3662 1305">
    <p class='ocr_par' dir='ltr' id='par_1_28' title="bbox 2080 1231 3662 1305">
     <span class='ocr_line' id='line_1_28' title="bbox 2080 1231 3662 1305; baseline 0.003 -17"><span class='ocrx_word' id='word_1_197' title='bbox 2080 1233 2271 1288; x_wconf 83' lang='lat' dir='ltr'><strong>laudes</strong></span> <span class='ocrx_word' id='word_1_198' title='bbox 2314 1233 2453 1289; x_wconf 87' lang='lat' dir='ltr'><strong>satis</strong></span> <span class='ocrx_word' id='word_1_199' title='bbox 2499 1231 2745 1300; x_wconf 85' lang='lat' dir='ltr'><strong>edicere,</strong></span> <span class='ocrx_word' id='word_1_200' title='bbox 2800 1250 2867 1289; x_wconf 89' lang='lat' dir='ltr'><strong>ac</strong></span> <span class='ocrx_word' id='word_1_201' title='bbox 2911 1249 3007 1303; x_wconf 91' lang='lat' dir='ltr'><strong>per</strong></span> <span class='ocrx_word' id='word_1_202' title='bbox 3031 1235 3201 1288; x_wconf 90' lang='lat' dir='ltr'><strong>vitam</strong></span> <span class='ocrx_word' id='word_1_203' title='bbox 3248 1234 3537 1304; x_wconf 81' lang='lat' dir='ltr'><strong>magniﬁce</strong></span> <span class='ocrx_word' id='word_1_204' title='bbox 3560 1252 3662 1305; x_wconf 87' lang='lat' dir='ltr'><strong>ge-</strong></span> 
     </span>
    </p>
   </div>
   <div class='ocr_carea' id='block_1_29' title="bbox 2079 1326 3663 1396">
    <p class='ocr_par' dir='ltr' id='par_1_29' title="bbox 2079 1326 3663 1396">
     <span class='ocr_line' id='line_1_29' title="bbox 2079 1326 3663 1396; baseline 0.002 -14"><span class='ocrx_word' id='word_1_205' title='bbox 2079 1335 2297 1382; x_wconf 87' lang='lat' dir='ltr'><strong>storum</strong></span> <span class='ocrx_word' id='word_1_206' title='bbox 2345 1326 2807 1396; x_wconf 81' lang='lat' dir='ltr'><strong>magnitudinem,</strong></span> <span class='ocrx_word' id='word_1_207' title='bbox 2875 1326 3164 1383; x_wconf 88' lang='lat' dir='ltr'><strong>celebrare</strong></span> <span class='ocrx_word' id='word_1_208' title='bbox 3224 1327 3439 1383; x_wconf 87' lang='lat' dir='ltr'><strong>valeat?</strong></span> <span class='ocrx_word' id='word_1_209' title='bbox 3490 1327 3663 1395; x_wconf 86' lang='lat' dir='ltr'><strong>Quid-</strong></span> 
     </span>
    </p>
   </div>
   <div class='ocr_carea' id='block_1_30' title="bbox 2081 1418 3654 1491">
    <p class='ocr_par' dir='ltr' id='par_1_30' title="bbox 2081 1418 3654 1491">
     <span class='ocr_line' id='line_1_30' title="bbox 2081 1418 3654 1491; baseline 0.003 -17"><span class='ocrx_word' id='word_1_210' title='bbox 2081 1419 2211 1490; x_wconf 89' lang='lat' dir='ltr'><strong>quid</strong></span> <span class='ocrx_word' id='word_1_211' title='bbox 2249 1420 2399 1475; x_wconf 88' lang='lat' dir='ltr'><strong>enim</strong></span> <span class='ocrx_word' id='word_1_212' title='bbox 2436 1421 2489 1473; x_wconf 90' lang='lat' dir='ltr'><strong>in</strong></span> <span class='ocrx_word' id='word_1_213' title='bbox 2520 1428 2573 1474; x_wconf 89' lang='lat' dir='ltr'><strong>te</strong></span> <span class='ocrx_word' id='word_1_214' title='bbox 2604 1419 2935 1487; x_wconf 80' lang='lat' dir='ltr'><strong>dixerimus,</strong></span> <span class='ocrx_word' id='word_1_215' title='bbox 2985 1418 3150 1491; x_wconf 87' lang='lat' dir='ltr'><strong>plane</strong></span> <span class='ocrx_word' id='word_1_216' title='bbox 3176 1420 3408 1491; x_wconf 85' lang='lat' dir='ltr'><strong>jejunus</strong></span> <span class='ocrx_word' id='word_1_217' title='bbox 3468 1438 3654 1478; x_wconf 87' lang='lat' dir='ltr'><strong>sermo</strong></span> 
     </span>
    </p>
   </div>
   <div class='ocr_carea' id='block_1_31' title="bbox 2081 1508 3660 1580">
    <p class='ocr_par' dir='ltr' id='par_1_31' title="bbox 2081 1508 3660 1580">
     <span class='ocr_line' id='line_1_31' title="bbox 2081 1508 3660 1580; baseline 0.002 -17"><span class='ocrx_word' id='word_1_218' title='bbox 2081 1525 2110 1563; x_wconf 90' lang='lat' dir='ltr'><strong>a</strong></span> <span class='ocrx_word' id='word_1_219' title='bbox 2147 1510 2381 1564; x_wconf 85' lang='lat' dir='ltr'><strong>veritate</strong></span> <span class='ocrx_word' id='word_1_220' title='bbox 2414 1508 2702 1567; x_wconf 80' lang='lat' dir='ltr'><strong>defecerit.</strong></span> <span class='ocrx_word' id='word_1_221' title='bbox 2731 1508 3085 1580; x_wconf 85' lang='lat' dir='ltr'><strong>Prorsusque</strong></span> <span class='ocrx_word' id='word_1_222' title='bbox 3117 1524 3351 1567; x_wconf 89' lang='lat' dir='ltr'><strong>necesse</strong></span> <span class='ocrx_word' id='word_1_223' title='bbox 3380 1520 3467 1567; x_wconf 88' lang='lat' dir='ltr'><strong>est</strong></span> <span class='ocrx_word' id='word_1_224' title='bbox 3497 1520 3582 1580; x_wconf 90' lang='lat' dir='ltr'><strong>ut,</strong></span> <span class='ocrx_word' id='word_1_225' title='bbox 3611 1511 3660 1568; x_wconf 88' lang='lat' dir='ltr'><strong>si</strong></span> 
     </span>
    </p>
   </div>
   <div class='ocr_carea' id='block_1_32' title="bbox 2078 1601 3660 1672">
    <p class='ocr_par' dir='ltr' id='par_1_32' title="bbox 2078 1601 3660 1672">
     <span class='ocr_line' id='line_1_32' title="bbox 2078 1601 3660 1672; baseline 0.003 -17"><span class='ocrx_word' id='word_1_226' title='bbox 2078 1617 2168 1657; x_wconf 89' lang='lat' dir='ltr'><strong>res</strong></span> <span class='ocrx_word' id='word_1_227' title='bbox 2195 1601 2430 1656; x_wconf 88' lang='lat' dir='ltr'><strong>aliorum</strong></span> <span class='ocrx_word' id='word_1_228' title='bbox 2457 1602 2724 1671; x_wconf 84' lang='lat' dir='ltr'><strong>praclare</strong></span> <span class='ocrx_word' id='word_1_229' title='bbox 2741 1610 2930 1672; x_wconf 78' lang='lat' dir='ltr'><strong>gestas</strong></span> <span class='ocrx_word' id='word_1_230' title='bbox 2985 1602 3096 1658; x_wconf 91' lang='lat' dir='ltr'><strong>tuis</strong></span> <span class='ocrx_word' id='word_1_231' title='bbox 3124 1602 3360 1660; x_wconf 82' lang='lat' dir='ltr'><strong>velimus</strong></span> <span class='ocrx_word' id='word_1_232' title='bbox 3380 1602 3660 1670; x_wconf 81' lang='lat' dir='ltr'><strong>conferre,</strong></span> 
     </span>
    </p>
   </div>
   <div class='ocr_carea' id='block_1_33' title="bbox 2036 1690 3663 1767">
    <p class='ocr_par' dir='ltr' id='par_1_33' title="bbox 2036 1690 3663 1767">
     <span class='ocr_line' id='line_1_33' title="bbox 2036 1690 3663 1767; baseline 0.002 -22"><span class='ocrx_word' id='word_1_233' title='bbox 2036 1738 2045 1745; x_wconf 91' lang='lat'><strong>.</strong></span> <span class='ocrx_word' id='word_1_234' title='bbox 2077 1690 2505 1762; x_wconf 86' lang='lat' dir='ltr'><strong>haudquaquam</strong></span> <span class='ocrx_word' id='word_1_235' title='bbox 2530 1692 2786 1760; x_wconf 81' lang='lat' dir='ltr'><strong>exempla</strong></span> <span class='ocrx_word' id='word_1_236' title='bbox 2816 1707 2906 1748; x_wconf 87' lang='lat' dir='ltr'><strong>res</strong></span> <span class='ocrx_word' id='word_1_237' title='bbox 2935 1693 3298 1762; x_wconf 81' lang='lat' dir='ltr'><strong>aequaverint.</strong></span> <span class='ocrx_word' id='word_1_238' title='bbox 3331 1693 3504 1760; x_wconf 84' lang='lat' dir='ltr'><strong>Quem</strong></span> <span class='ocrx_word' id='word_1_239' title='bbox 3529 1710 3663 1767; x_wconf 81' lang='lat' dir='ltr'><strong>ergo</strong></span> 
     </span>
    </p>
   </div>
   <div class='ocr_carea' id='block_1_34' title="bbox 2078 1782 3663 1855">
    <p class='ocr_par' dir='ltr' id='par_1_34' title="bbox 2078 1782 3663 1855">
     <span class='ocr_line' id='line_1_34' title="bbox 2078 1782 3663 1855; baseline 0.004 -18"><span class='ocrx_word' id='word_1_240' title='bbox 2078 1793 2132 1839; x_wconf 88' lang='lat' dir='ltr'><strong>te</strong></span> <span class='ocrx_word' id='word_1_241' title='bbox 2153 1784 2450 1839; x_wconf 86' lang='lat' dir='ltr'><strong>dicemus?</strong></span> <span class='ocrx_word' id='word_1_242' title='bbox 2484 1782 2625 1839; x_wconf 84' lang='lat' dir='ltr'><strong>Num</strong></span> <span class='ocrx_word' id='word_1_243' title='bbox 2669 1786 3020 1855; x_wconf 77' lang='lat' dir='ltr'><strong>agricolam?</strong></span> <span class='ocrx_word' id='word_1_244' title='bbox 3051 1784 3227 1841; x_wconf 89' lang='lat' dir='ltr'><strong>Plane</strong></span> <span class='ocrx_word' id='word_1_245' title='bbox 3271 1803 3462 1842; x_wconf 91' lang='lat' dir='ltr'><strong>verum</strong></span> <span class='ocrx_word' id='word_1_246' title='bbox 3492 1789 3663 1844; x_wconf 88' lang='lat' dir='ltr'><strong>habe-</strong></span> 
     </span>
    </p>
   </div>
   <div class='ocr_carea' id='block_1_35' title="bbox 2076 1874 3659 1945">
    <p class='ocr_par' dir='ltr' id='par_1_35' title="bbox 2076 1874 3659 1945">
     <span class='ocr_line' id='line_1_35' title="bbox 2076 1874 3659 1945; baseline 0.001 -15"><span class='ocrx_word' id='word_1_247' title='bbox 2076 1874 2161 1930; x_wconf 88' lang='lat' dir='ltr'><strong>bit</strong></span> <span class='ocrx_word' id='word_1_248' title='bbox 2196 1874 2401 1939; x_wconf 86' lang='lat' dir='ltr'><strong>oratio,</strong></span> <span class='ocrx_word' id='word_1_249' title='bbox 2430 1874 2676 1945; x_wconf 84' lang='lat' dir='ltr'><strong>spiritali</strong></span> <span class='ocrx_word' id='word_1_250' title='bbox 2727 1890 2899 1931; x_wconf 88' lang='lat' dir='ltr'><strong>sensu</strong></span> <span class='ocrx_word' id='word_1_251' title='bbox 2941 1875 3244 1930; x_wconf 89' lang='lat' dir='ltr'><strong>intellecta.</strong></span> <span class='ocrx_word' id='word_1_252' title='bbox 3281 1874 3478 1932; x_wconf 87' lang='lat' dir='ltr'><strong>Totius</strong></span> <span class='ocrx_word' id='word_1_253' title='bbox 3511 1879 3659 1933; x_wconf 91' lang='lat' dir='ltr'><strong>enim</strong></span> 
     </span>
    </p>
   </div>
   <div class='ocr_carea' id='block_1_36' title="bbox 396 1955 1982 2042">
    <p class='ocr_par' dir='ltr' id='par_1_36' title="bbox 396 1962 1976 2042">
     <span class='ocr_line' id='line_1_36' title="bbox 396 1962 1976 2042; baseline -0.006 -18"><span class='ocrx_word' id='word_1_254' title='bbox 396 1969 537 2042; x_wconf 82' lang='grc' dir='ltr'>όμοῦ</span> <span class='ocrx_word' id='word_1_255' title='bbox 572 1971 670 2038; x_wconf 76' lang='grc' dir='ltr'>τῆς</span> <span class='ocrx_word' id='word_1_256' title='bbox 693 1965 916 2021; x_wconf 83' lang='grc' dir='ltr'><strong>Λυκίων</strong></span> <span class='ocrx_word' id='word_1_257' title='bbox 953 1964 1248 2035; x_wconf 73' lang='grc' dir='ltr'>ἐπαρχίας,</span> <span class='ocrx_word' id='word_1_258' title='bbox 1293 1962 1366 2018; x_wconf 87' lang='grc' dir='ltr'><strong>τά</strong></span> <span class='ocrx_word' id='word_1_259' title='bbox 1402 1963 1599 2032; x_wconf 87' lang='grc' dir='ltr'>λογικά</span> <span class='ocrx_word' id='word_1_260' title='bbox 1624 1964 1976 2033; x_wconf 84' lang='grc' dir='ltr'>γεηπονὴσας</span> 
     </span>
    </p>
   </div>
   <div class='ocr_carea' id='block_1_37' title="bbox 2082 1955 3660 2042">
    <p class='ocr_par' dir='ltr' id='par_1_37' title="bbox 2082 1964 3660 2038">
     <span class='ocr_line' id='line_1_37' title="bbox 2082 1964 3660 2038; baseline 0.003 -18"><span class='ocrx_word' id='word_1_261' title='bbox 2082 1964 2375 2036; x_wconf 81' lang='lat' dir='ltr'><strong>provincia</strong></span> <span class='ocrx_word' id='word_1_262' title='bbox 2425 1965 2605 2037; x_wconf 87' lang='lat' dir='ltr'><strong>Lycia</strong></span> <span class='ocrx_word' id='word_1_263' title='bbox 2652 1966 2894 2022; x_wconf 78' lang='lat' dir='ltr'><strong>excultis</strong></span> <span class='ocrx_word' id='word_1_264' title='bbox 2934 1965 3307 2023; x_wconf 87' lang='lat' dir='ltr'><strong>rationalibus</strong></span> <span class='ocrx_word' id='word_1_265' title='bbox 3368 1969 3546 2038; x_wconf 87' lang='lat' dir='ltr'><strong>agris,</strong></span> <span class='ocrx_word' id='word_1_266' title='bbox 3579 1969 3660 2024; x_wconf 93' lang='lat' dir='ltr'><strong>in-</strong></span> 
     </span>
    </p>
   </div>
   <div class='ocr_carea' id='block_1_38' title="bbox 397 2054 1974 2132">
    <p class='ocr_par' dir='ltr' id='par_1_38' title="bbox 397 2054 1974 2132">
     <span class='ocr_line' id='line_1_38' title="bbox 397 2054 1974 2132; baseline -0.006 -17"><span class='ocrx_word' id='word_1_267' title='bbox 397 2062 667 2132; x_wconf 81' lang='grc' dir='ltr'><strong>γεὼργια,</strong></span> <span class='ocrx_word' id='word_1_268' title='bbox 696 2059 796 2127; x_wconf 80' lang='grc' dir='ltr'>τῆς</span> <span class='ocrx_word' id='word_1_269' title='bbox 837 2058 936 2128; x_wconf 88' lang='grc' dir='ltr'><strong>μὲν</strong></span> <span class='ocrx_word' id='word_1_270' title='bbox 982 2055 1246 2119; x_wconf 82' lang='grc' dir='ltr'><strong>ἀπιστίας</strong></span> <span class='ocrx_word' id='word_1_271' title='bbox 1273 2055 1373 2117; x_wconf 83' lang='grc' dir='ltr'>τὰς</span> <span class='ocrx_word' id='word_1_272' title='bbox 1402 2054 1645 2119; x_wconf 77' lang='grc' dir='ltr'><strong>ἀκάνθας</strong></span> <span class='ocrx_word' id='word_1_273' title='bbox 1671 2055 1928 2125; x_wconf 79' lang='grc' dir='ltr'>ὲξέτεμες</span> <span class='ocrx_word' id='word_1_274' title='bbox 1960 2070 1974 2084; x_wconf 69' lang='grc'><strong>⁸</strong></span> 
     </span>
    </p>
   </div>
   <div class='ocr_carea' id='block_1_39' title="bbox 394 2142 1976 2223">
    <p class='ocr_par' dir='ltr' id='par_1_39' title="bbox 394 2142 1976 2223">
     <span class='ocr_line' id='line_1_39' title="bbox 394 2142 1976 2223; baseline -0.004 -17"><span class='ocrx_word' id='word_1_275' title='bbox 394 2154 498 2223; x_wconf 74' lang='grc' dir='ltr'><strong>τῆς</strong></span> <span class='ocrx_word' id='word_1_276' title='bbox 547 2142 830 2212; x_wconf 78' lang='grc' dir='ltr'>εὗσεδείας</span> <span class='ocrx_word' id='word_1_277' title='bbox 877 2149 934 2201; x_wconf 78' lang='grc' dir='ltr'>δὲ</span> <span class='ocrx_word' id='word_1_278' title='bbox 987 2147 1081 2201; x_wconf 82' lang='grc' dir='ltr'>τὸν</span> <span class='ocrx_word' id='word_1_279' title='bbox 1142 2146 1323 2213; x_wconf 78' lang='grc' dir='ltr'>ζῶντα</span> <span class='ocrx_word' id='word_1_280' title='bbox 1372 2146 1533 2216; x_wconf 79' lang='grc' dir='ltr'>λόγον</span> <span class='ocrx_word' id='word_1_281' title='bbox 1581 2146 1976 2217; x_wconf 83' lang='grc' dir='ltr'>κατέσπειρας,</span> 
     </span>
    </p>
   </div>
   <div class='ocr_carea' id='block_1_40' title="bbox 397 2238 1978 2311">
    <p class='ocr_par' dir='ltr' id='par_1_40' title="bbox 397 2238 1978 2311">
     <span class='ocr_line' id='line_1_40' title="bbox 397 2238 1978 2311; baseline -0.004 -13"><span class='ocrx_word' id='word_1_282' title='bbox 397 2245 497 2298; x_wconf 74' lang='grc' dir='ltr'>καὶ</span> <span class='ocrx_word' id='word_1_283' title='bbox 519 2239 629 2296; x_wconf 78' lang='grc' dir='ltr'>οἷον</span> <span class='ocrx_word' id='word_1_284' title='bbox 652 2240 960 2311; x_wconf 53' lang='lat' dir='ltr'><strong>excolam;</strong></span> <span class='ocrx_word' id='word_1_285' title='bbox 989 2242 1243 2303; x_wconf 79' lang='grc' dir='ltr'>σιτικοῖς,</span> <span class='ocrx_word' id='word_1_286' title='bbox 1275 2240 1390 2302; x_wconf 80' lang='grc' dir='ltr'>τοῖς</span> <span class='ocrx_word' id='word_1_287' title='bbox 1422 2238 1678 2310; x_wconf 80' lang='grc' dir='ltr'><strong>ψυχικοῖς</strong></span> <span class='ocrx_word' id='word_1_288' title='bbox 1702 2239 1978 2310; x_wconf 82' lang='grc' dir='ltr'>ταμιείοις</span> 
     </span>
    </p>
   </div>
   <div class='ocr_carea' id='block_1_41' title="bbox 397 2329 1979 2402">
    <p class='ocr_par' dir='ltr' id='par_1_41' title="bbox 397 2329 1979 2402">
     <span class='ocr_line' id='line_1_41' title="bbox 397 2329 1979 2402; baseline -0.002 -15"><span class='ocrx_word' id='word_1_289' title='bbox 397 2331 786 2402; x_wconf 81' lang='grc' dir='ltr'><strong>πνευματικῶς</strong></span> <span class='ocrx_word' id='word_1_290' title='bbox 846 2329 1115 2383; x_wconf 76' lang='grc' dir='ltr'>ὲναπέθου</span> <span class='ocrx_word' id='word_1_291' title='bbox 1178 2331 1273 2384; x_wconf 78' lang='grc' dir='ltr'>τὸν</span> <span class='ocrx_word' id='word_1_292' title='bbox 1311 2330 1546 2400; x_wconf 77' lang='grc' dir='ltr'>ἄμητον.</span> <span class='ocrx_word' id='word_1_293' title='bbox 1590 2329 1979 2400; x_wconf 79' lang='grc' dir='ltr'>’Δρχιτέκτονά</span> 
     </span>
    </p>
   </div>
   <div class='ocr_carea' id='block_1_42' title="bbox 398 2420 1974 2493">
    <p class='ocr_par' dir='ltr' id='par_1_42' title="bbox 398 2420 1974 2493">
     <span class='ocr_line' id='line_1_42' title="bbox 398 2420 1974 2493; baseline -0.001 -16"><span class='ocrx_word' id='word_1_294' title='bbox 398 2441 460 2477; x_wconf 82' lang='grc' dir='ltr'>σε</span> <span class='ocrx_word' id='word_1_295' title='bbox 479 2424 743 2493; x_wconf 83' lang='grc' dir='ltr'>είπομεν;</span> <span class='ocrx_word' id='word_1_296' title='bbox 772 2421 848 2475; x_wconf 79' lang='grc' dir='ltr'><strong>Οὐ</strong></span> <span class='ocrx_word' id='word_1_297' title='bbox 870 2420 1193 2491; x_wconf 81' lang='grc' dir='ltr'>ψευσόμεθα</span> <span class='ocrx_word' id='word_1_298' title='bbox 1223 2437 1238 2452; x_wconf 83' lang='grc'><em>’</em></span> <span class='ocrx_word' id='word_1_299' title='bbox 1274 2420 1497 2491; x_wconf 78' lang='grc' dir='ltr'>βωμοὺς</span> <span class='ocrx_word' id='word_1_300' title='bbox 1550 2421 1661 2491; x_wconf 82' lang='grc' dir='ltr'><strong>γὰρ</strong></span> <span class='ocrx_word' id='word_1_301' title='bbox 1715 2421 1974 2487; x_wconf 80' lang='grc' dir='ltr'><strong>εἰδώλων,</strong></span> 
     </span>
    </p>
   </div>
   <div class='ocr_carea' id='block_1_43' title="bbox 395 2512 1974 2585">
    <p class='ocr_par' dir='ltr' id='par_1_43' title="bbox 395 2512 1974 2585">
     <span class='ocr_line' id='line_1_43' title="bbox 395 2512 1974 2585; baseline -0.003 -14"><span class='ocrx_word' id='word_1_302' title='bbox 395 2518 494 2571; x_wconf 73' lang='grc' dir='ltr'>καὶ</span> <span class='ocrx_word' id='word_1_303' title='bbox 535 2513 809 2584; x_wconf 79' lang='grc' dir='ltr'><strong>δαιμόνων</strong></span> <span class='ocrx_word' id='word_1_304' title='bbox 870 2512 1132 2583; x_wconf 83' lang='grc' dir='ltr'>μυσαρῶν</span> <span class='ocrx_word' id='word_1_305' title='bbox 1193 2512 1579 2583; x_wconf 79' lang='grc' dir='ltr'>ὲφιδρύσματα</span> <span class='ocrx_word' id='word_1_306' title='bbox 1633 2513 1974 2585; x_wconf 82' lang='grc' dir='ltr'>καθεῖλεςτῇ</span> 
     </span>
    </p>
   </div>
   <div class='ocr_carea' id='block_1_44' title="bbox 401 2602 1978 2678">
    <p class='ocr_par' dir='ltr' id='par_1_44' title="bbox 401 2602 1978 2678">
     <span class='ocr_line' id='line_1_44' title="bbox 401 2602 1978 2678; baseline -0.001 -19"><span class='ocrx_word' id='word_1_307' title='bbox 401 2607 619 2678; x_wconf 78' lang='grc' dir='ltr'><strong>μηχανῇ</strong></span> <span class='ocrx_word' id='word_1_308' title='bbox 668 2602 776 2657; x_wconf 87' lang='grc' dir='ltr'><strong>τῶν</strong></span> <span class='ocrx_word' id='word_1_309' title='bbox 822 2603 1115 2674; x_wconf 80' lang='grc' dir='ltr'><strong>δογμάτων</strong></span> <span class='ocrx_word' id='word_1_310' title='bbox 1166 2620 1259 2657; x_wconf 91' lang='grc' dir='ltr'>σου</span> <span class='ocrx_word' id='word_1_311' title='bbox 1294 2620 1309 2635; x_wconf 75' lang='grc'><strong><em>⁸</em></strong></span> <span class='ocrx_word' id='word_1_312' title='bbox 1346 2603 1573 2674; x_wconf 85' lang='grc' dir='ltr'>Χριστῷ</span> <span class='ocrx_word' id='word_1_313' title='bbox 1623 2604 1765 2659; x_wconf 82' lang='grc' dir='ltr'>κατὰ</span> <span class='ocrx_word' id='word_1_314' title='bbox 1811 2605 1978 2658; x_wconf 80' lang='grc' dir='ltr'>τόπον</span> 
     </span>
    </p>
   </div>
   <div class='ocr_carea' id='block_1_45' title="bbox 409 2694 1977 2767">
    <p class='ocr_par' dir='ltr' id='par_1_45' title="bbox 409 2694 1977 2767">
     <span class='ocr_line' id='line_1_45' title="bbox 409 2694 1977 2767; baseline -0.001 -15"><span class='ocrx_word' id='word_1_315' title='bbox 409 2696 739 2765; x_wconf 85' lang='grc' dir='ltr'>Ἐκκλησίας</span> <span class='ocrx_word' id='word_1_316' title='bbox 761 2694 1091 2766; x_wconf 84' lang='grc' dir='ltr'>ἀνέστησας,</span> <span class='ocrx_word' id='word_1_317' title='bbox 1128 2696 1333 2766; x_wconf 80' lang='grc' dir='ltr'>τεμένη</span> <span class='ocrx_word' id='word_1_318' title='bbox 1359 2695 1456 2749; x_wconf 75' lang='grc' dir='ltr'>καὶ</span> <span class='ocrx_word' id='word_1_319' title='bbox 1487 2697 1651 2759; x_wconf 84' lang='grc' dir='ltr'>ναοὺς</span> <span class='ocrx_word' id='word_1_320' title='bbox 1680 2696 1977 2767; x_wconf 83' lang='grc' dir='ltr'>μαρτύρων</span> 
     </span>
    </p>
   </div>
   <div class='ocr_carea' id='block_1_46' title="bbox 395 2787 1977 2860">
    <p class='ocr_par' dir='ltr' id='par_1_46' title="bbox 395 2787 1977 2860">
     <span class='ocr_line' id='line_1_46' title="bbox 395 2787 1977 2860; baseline -0.001 -17"><span class='ocrx_word' id='word_1_321' title='bbox 395 2790 723 2860; x_wconf 77' lang='grc' dir='ltr'>δειμάμενος</span> <span class='ocrx_word' id='word_1_322' title='bbox 777 2789 957 2860; x_wconf 77' lang='grc' dir='ltr'>ἱεροὺς</span> <span class='ocrx_word' id='word_1_323' title='bbox 1011 2789 1112 2841; x_wconf 73' lang='grc' dir='ltr'><strong>καὶ</strong></span> <span class='ocrx_word' id='word_1_324' title='bbox 1168 2787 1526 2857; x_wconf 74' lang='grc' dir='ltr'>σεϐασμίους.</span> <span class='ocrx_word' id='word_1_325' title='bbox 1586 2788 1700 2842; x_wconf 80' lang='lat' dir='ltr'><strong>Kal</strong></span> <span class='ocrx_word' id='word_1_326' title='bbox 1741 2787 1818 2852; x_wconf 83' lang='grc' dir='ltr'>ὡς</span> <span class='ocrx_word' id='word_1_327' title='bbox 1878 2789 1977 2859; x_wconf 75' lang='grc' dir='ltr'><strong>μὲν</strong></span> 
     </span>
    </p>
   </div>
   <div class='ocr_carea' id='block_1_47' title="bbox 397 2879 1979 2953">
    <p class='ocr_par' dir='ltr' id='par_1_47' title="bbox 397 2879 1979 2953">
     <span class='ocr_line' id='line_1_47' title="bbox 397 2879 1979 2953; baseline -0.003 -18"><span class='ocrx_word' id='word_1_328' title='bbox 397 2881 666 2953; x_wconf 82' lang='grc' dir='ltr'><strong>γεωργὸς,</strong></span> <span class='ocrx_word' id='word_1_329' title='bbox 687 2883 786 2945; x_wconf 85' lang='grc' dir='ltr'>τὰς</span> <span class='ocrx_word' id='word_1_330' title='bbox 808 2880 1105 2950; x_wconf 83' lang='grc' dir='ltr'>νεοφύτους</span> <span class='ocrx_word' id='word_1_331' title='bbox 1134 2879 1231 2933; x_wconf 73' lang='grc' dir='ltr'>καὶ</span> <span class='ocrx_word' id='word_1_332' title='bbox 1261 2879 1491 2947; x_wconf 71' lang='grc' dir='ltr'>λογικὰς</span> <span class='ocrx_word' id='word_1_333' title='bbox 1515 2879 1802 2949; x_wconf 78' lang='grc' dir='ltr'>ἀμπέλους</span> <span class='ocrx_word' id='word_1_334' title='bbox 1847 2880 1979 2933; x_wconf 88' lang='grc' dir='ltr'>καλ-</span> 
     </span>
    </p>
   </div>
   <div class='ocr_carea' id='block_1_48' title="bbox 396 2969 1981 3046">
    <p class='ocr_par' dir='ltr' id='par_1_48' title="bbox 396 2969 1981 3046">
     <span class='ocr_line' id='line_1_48' title="bbox 396 2969 1981 3046; baseline -0.003 -18"><span class='ocrx_word' id='word_1_335' title='bbox 396 2974 655 3046; x_wconf 81' lang='grc' dir='ltr'>λιεργῶν,</span> <span class='ocrx_word' id='word_1_336' title='bbox 714 2974 986 3044; x_wconf 82' lang='grc' dir='ltr'>εὐφόρους</span> <span class='ocrx_word' id='word_1_337' title='bbox 1020 2970 1317 3035; x_wconf 77' lang='grc' dir='ltr'>ἀπέδειξας</span> <span class='ocrx_word' id='word_1_338' title='bbox 1341 2988 1353 3000; x_wconf 92' lang='grc'>·</span> <span class='ocrx_word' id='word_1_339' title='bbox 1386 2970 1458 3032; x_wconf 72' lang='grc' dir='ltr'><strong>ὡς</strong></span> <span class='ocrx_word' id='word_1_340' title='bbox 1486 2971 1543 3024; x_wconf 81' lang='grc' dir='ltr'>δὲ</span> <span class='ocrx_word' id='word_1_341' title='bbox 1574 2970 1737 3040; x_wconf 81' lang='grc' dir='ltr'>σοφὸς</span> <span class='ocrx_word' id='word_1_342' title='bbox 1759 2969 1981 3042; x_wconf 86' lang='grc' dir='ltr'>ἀρχιτέ-</span> 
     </span>
    </p>
   </div>
   <div class='ocr_carea' id='block_1_49' title="bbox 399 3060 1978 3133">
    <p class='ocr_par' dir='ltr' id='par_1_49' title="bbox 399 3060 1978 3133">
     <span class='ocr_line' id='line_1_49' title="bbox 399 3060 1978 3133; baseline -0.004 -14"><span class='ocrx_word' id='word_1_343' title='bbox 399 3082 544 3119; x_wconf 85' lang='grc' dir='ltr'>κτων</span> <span class='ocrx_word' id='word_1_344' title='bbox 564 3064 917 3133; x_wconf 82' lang='grc' dir='ltr'>Ἐκκλησίας,</span> <span class='ocrx_word' id='word_1_345' title='bbox 946 3062 1039 3115; x_wconf 75' lang='grc' dir='ltr'><strong>ἐπὶ</strong></span> <span class='ocrx_word' id='word_1_346' title='bbox 1061 3061 1139 3130; x_wconf 83' lang='grc' dir='ltr'>τῷ</span> <span class='ocrx_word' id='word_1_347' title='bbox 1164 3060 1401 3131; x_wconf 84' lang='grc' dir='ltr'>θεμελίῳ</span> <span class='ocrx_word' id='word_1_348' title='bbox 1436 3060 1539 3129; x_wconf 80' lang='grc' dir='ltr'>τῆς</span> <span class='ocrx_word' id='word_1_349' title='bbox 1571 3060 1812 3123; x_wconf 83' lang='grc' dir='ltr'>πίστεως</span> <span class='ocrx_word' id='word_1_350' title='bbox 1840 3077 1978 3114; x_wconf 84' lang='grc' dir='ltr'>κατ-</span> 
     </span>
    </p>
   </div>
   <div class='ocr_carea' id='block_1_50' title="bbox 400 3145 1980 3227">
    <p class='ocr_par' dir='ltr' id='par_1_50' title="bbox 400 3145 1980 3227">
     <span class='ocr_line' id='line_1_50' title="bbox 400 3145 1980 3227; baseline -0.005 -17"><span class='ocrx_word' id='word_1_351' title='bbox 400 3156 718 3227; x_wconf 79' lang='grc' dir='ltr'>εστήριξας.</span> <span class='ocrx_word' id='word_1_352' title='bbox 753 3156 821 3225; x_wconf 77' lang='grc' dir='ltr'><strong>τῇ</strong></span> <span class='ocrx_word' id='word_1_353' title='bbox 851 3152 1234 3224; x_wconf 81' lang='grc' dir='ltr'>ἀρχιτεκτονίᾳ</span> <span class='ocrx_word' id='word_1_354' title='bbox 1280 3150 1376 3203; x_wconf 79' lang='grc' dir='ltr'>τοῦ</span> <span class='ocrx_word' id='word_1_355' title='bbox 1422 3148 1757 3219; x_wconf 80' lang='grc' dir='ltr'>πνεύματος.</span> <span class='ocrx_word' id='word_1_356' title='bbox 1787 3150 1853 3203; x_wconf 89' lang='grc' dir='ltr'>Τί</span> <span class='ocrx_word' id='word_1_357' title='bbox 1884 3145 1980 3203; x_wconf 78' lang='grc' dir='ltr'><strong>οὖν</strong></span> 
     </span>
    </p>
   </div>
   <div class='ocr_carea' id='block_1_51' title="bbox 401 3236 1979 3318">
    <p class='ocr_par' dir='ltr' id='par_1_51' title="bbox 401 3236 1979 3318">
     <span class='ocr_line' id='line_1_51' title="bbox 401 3236 1979 3318; baseline -0.007 -14"><span class='ocrx_word' id='word_1_358' title='bbox 401 3267 463 3303; x_wconf 85' lang='grc' dir='ltr'>σε</span> <span class='ocrx_word' id='word_1_359' title='bbox 491 3249 832 3318; x_wconf 76' lang='grc' dir='ltr'>καλέσομενς</span> <span class='ocrx_word' id='word_1_360' title='bbox 864 3246 1253 3317; x_wconf 84' lang='grc' dir='ltr'>Στρατιωτήν;</span> <span class='ocrx_word' id='word_1_361' title='bbox 1303 3241 1433 3300; x_wconf 86' lang='grc' dir='ltr'>Ναί.</span> <span class='ocrx_word' id='word_1_362' title='bbox 1467 3242 1577 3294; x_wconf 81' lang='lat' dir='ltr'><strong>Kal</strong></span> <span class='ocrx_word' id='word_1_363' title='bbox 1600 3241 1711 3312; x_wconf 81' lang='grc' dir='ltr'><strong>γὰρ</strong></span> <span class='ocrx_word' id='word_1_364' title='bbox 1747 3236 1860 3295; x_wconf 76' lang='grc' dir='ltr'>οἷόν</span> <span class='ocrx_word' id='word_1_365' title='bbox 1891 3259 1979 3303; x_wconf 86' lang='grc' dir='ltr'><strong>τις</strong></span> 
     </span>
    </p>
   </div>
   <div class='ocr_carea' id='block_1_52' title="bbox 398 3331 1977 3411">
    <p class='ocr_par' dir='ltr' id='par_1_52' title="bbox 398 3331 1977 3411">
     <span class='ocr_line' id='line_1_52' title="bbox 398 3331 1977 3411; baseline -0.007 -16"><span class='ocrx_word' id='word_1_366' title='bbox 398 3341 626 3411; x_wconf 70' lang='grc' dir='ltr'>ὁπλίτης</span> <span class='ocrx_word' id='word_1_367' title='bbox 690 3338 1082 3409; x_wconf 81' lang='grc' dir='ltr'>στρατιάρχος,</span> <span class='ocrx_word' id='word_1_368' title='bbox 1131 3335 1276 3388; x_wconf 82' lang='grc' dir='ltr'>κατά</span> <span class='ocrx_word' id='word_1_369' title='bbox 1332 3333 1440 3386; x_wconf 88' lang='grc' dir='ltr'><strong>τῶν</strong></span> <span class='ocrx_word' id='word_1_370' title='bbox 1468 3332 1721 3402; x_wconf 84' lang='grc' dir='ltr'>ἀοράτων</span> <span class='ocrx_word' id='word_1_371' title='bbox 1764 3331 1977 3402; x_wconf 77' lang='grc' dir='ltr'>ἐχθρῶν</span> 
     </span>
    </p>
   </div>
   <div class='ocr_carea' id='block_1_53' title="bbox 403 3422 1980 3505">
    <p class='ocr_par' dir='ltr' id='par_1_53' title="bbox 403 3422 1980 3505">
     <span class='ocr_line' id='line_1_53' title="bbox 403 3422 1980 3505; baseline -0.007 -17"><span class='ocrx_word' id='word_1_372' title='bbox 403 3433 885 3505; x_wconf 84' lang='grc' dir='ltr'>στρατευσάμενος</span> <span class='ocrx_word' id='word_1_373' title='bbox 918 3471 935 3496; x_wconf 96' lang='grc'>,</span> <span class='ocrx_word' id='word_1_374' title='bbox 996 3448 1015 3480; x_wconf 84' lang='grc' dir='ltr'><strong>ι</strong></span> <span class='ocrx_word' id='word_1_375' title='bbox 1063 3427 1163 3498; x_wconf 82' lang='grc' dir='ltr'>τὴν</span> <span class='ocrx_word' id='word_1_376' title='bbox 1250 3423 1588 3494; x_wconf 80' lang='grc' dir='ltr'>παντευχίαν</span> <span class='ocrx_word' id='word_1_377' title='bbox 1656 3422 1751 3477; x_wconf 83' lang='grc' dir='ltr'>τοῦ</span> <span class='ocrx_word' id='word_1_378' title='bbox 1820 3422 1980 3492; x_wconf 84' lang='grc' dir='ltr'>λόγου</span> 
     </span>
    </p>
   </div>
   <div class='ocr_carea' id='block_1_54' title="bbox 402 3516 1983 3597">
    <p class='ocr_par' dir='ltr' id='par_1_54' title="bbox 402 3516 1983 3597">
     <span class='ocr_line' id='line_1_54' title="bbox 402 3516 1983 3597; baseline -0.008 -17"><span class='ocrx_word' id='word_1_379' title='bbox 402 3526 662 3597; x_wconf 85' lang='grc' dir='ltr'>περιέθου</span> <span class='ocrx_word' id='word_1_380' title='bbox 683 3542 698 3558; x_wconf 85' lang='grc'><strong>·</strong></span> <span class='ocrx_word' id='word_1_381' title='bbox 734 3542 753 3575; x_wconf 71' lang='grc' dir='ltr'><strong>ι</strong></span> <span class='ocrx_word' id='word_1_382' title='bbox 793 3521 1245 3595; x_wconf 80' lang='grc' dir='ltr'>περιζωσάμενος</span> <span class='ocrx_word' id='word_1_383' title='bbox 1278 3516 1418 3589; x_wconf 79' lang='grc' dir='ltr'>[τὴν</span> <span class='ocrx_word' id='word_1_384' title='bbox 1446 3516 1619 3586; x_wconf 77' lang='grc' dir='ltr'>ὀσφύν</span> <span class='ocrx_word' id='word_1_385' title='bbox 1651 3533 1745 3569; x_wconf 90' lang='grc' dir='ltr'>σου</span> <span class='ocrx_word' id='word_1_386' title='bbox 1768 3518 1825 3570; x_wconf 70' lang='grc' dir='ltr'><strong>ὲν</strong></span> <span class='ocrx_word' id='word_1_387' title='bbox 1847 3516 1983 3587; x_wconf 83' lang='grc' dir='ltr'>ἀλη-</span> 
     </span>
    </p>
   </div>
   <div class='ocr_carea' id='block_1_55' title="bbox 402 3608 1987 3691">
    <p class='ocr_par' dir='ltr' id='par_1_55' title="bbox 402 3608 1987 3691">
     <span class='ocr_line' id='line_1_55' title="bbox 402 3608 1987 3691; baseline -0.008 -17"><span class='ocrx_word' id='word_1_388' title='bbox 402 3620 547 3691; x_wconf 79' lang='grc' dir='ltr'>θείᾳ,</span> <span class='ocrx_word' id='word_1_389' title='bbox 577 3619 673 3671; x_wconf 71' lang='grc' dir='ltr'>καὶ</span> <span class='ocrx_word' id='word_1_390' title='bbox 704 3615 1071 3685; x_wconf 72' lang='grc' dir='ltr'>ἐνδυσάμενος</span> <span class='ocrx_word' id='word_1_391' title='bbox 1104 3612 1197 3665; x_wconf 82' lang='grc' dir='ltr'><strong>τὸν</strong></span> <span class='ocrx_word' id='word_1_392' title='bbox 1230 3611 1456 3681; x_wconf 80' lang='grc' dir='ltr'>θώρακα</span> <span class='ocrx_word' id='word_1_393' title='bbox 1484 3608 1858 3679; x_wconf 82' lang='grc' dir='ltr'>δικαιοσύνης,</span> <span class='ocrx_word' id='word_1_394' title='bbox 1892 3608 1987 3661; x_wconf 73' lang='grc' dir='ltr'>καὶ</span> 
     </span>
    </p>
   </div>
   <div class='ocr_carea' id='block_1_56' title="bbox 386 3697 1989 3780">
    <p class='ocr_par' dir='ltr' id='par_1_56' title="bbox 386 3697 1989 3780">
     <span class='ocr_line' id='line_1_56' title="bbox 386 3697 1989 3780; baseline -0.009 -16"><span class='ocrx_word' id='word_1_395' title='bbox 386 3710 813 3780; x_wconf 75' lang='grc' dir='ltr'>.ὑποδυσάμενος</span> <span class='ocrx_word' id='word_1_396' title='bbox 841 3706 970 3769; x_wconf 78' lang='grc' dir='ltr'>τοὺς</span> <span class='ocrx_word' id='word_1_397' title='bbox 1005 3703 1174 3764; x_wconf 86' lang='grc' dir='ltr'>πόδας</span> <span class='ocrx_word' id='word_1_398' title='bbox 1207 3702 1267 3755; x_wconf 86' lang='grc' dir='ltr'>ὲν</span> <span class='ocrx_word' id='word_1_399' title='bbox 1294 3698 1589 3769; x_wconf 68' lang='grc' dir='ltr'>ἑτοιμασίᾳ</span> <span class='ocrx_word' id='word_1_400' title='bbox 1614 3697 1711 3750; x_wconf 84' lang='grc' dir='ltr'><strong>τοῦ</strong></span> <span class='ocrx_word' id='word_1_401' title='bbox 1747 3697 1989 3765; x_wconf 80' lang='grc' dir='ltr'>Εὑαγγε-</span> 
     </span>
    </p>
   </div>
   <div class='ocr_carea' id='block_1_57' title="bbox 401 3786 1979 3871">
    <p class='ocr_par' dir='ltr' id='par_1_57' title="bbox 401 3786 1979 3871">
     <span class='ocr_line' id='line_1_57' title="bbox 401 3786 1979 3871; baseline -0.007 -19"><span class='ocrx_word' id='word_1_402' title='bbox 401 3800 521 3853; x_wconf 87' lang='grc' dir='ltr'>λίου</span> <span class='ocrx_word' id='word_1_403' title='bbox 544 3799 644 3868; x_wconf 78' lang='grc' dir='ltr'>τῆς</span> <span class='ocrx_word' id='word_1_404' title='bbox 673 3797 918 3871; x_wconf 83' lang='grc' dir='ltr'>εἰρήνης.</span> <span class='ocrx_word' id='word_1_405' title='bbox 946 3792 1007 3864; x_wconf 70' lang='grc' dir='ltr'>ι]</span> <span class='ocrx_word' id='word_1_406' title='bbox 1046 3792 1139 3845; x_wconf 85' lang='grc' dir='ltr'><strong>Διὸ</strong></span> <span class='ocrx_word' id='word_1_407' title='bbox 1164 3790 1241 3860; x_wconf 86' lang='grc' dir='ltr'>τῷ</span> <span class='ocrx_word' id='word_1_408' title='bbox 1282 3790 1382 3860; x_wconf 78' lang='grc' dir='ltr'>μὲν</span> <span class='ocrx_word' id='word_1_409' title='bbox 1414 3787 1609 3859; x_wconf 88' lang='grc' dir='ltr'>κράνει</span> <span class='ocrx_word' id='word_1_410' title='bbox 1638 3787 1740 3858; x_wconf 80' lang='grc' dir='ltr'><strong>τῆς</strong></span> <span class='ocrx_word' id='word_1_411' title='bbox 1774 3786 1979 3859; x_wconf 86' lang='grc' dir='ltr'>[σωτη-</span> 
     </span>
    </p>
   </div>
   <div class='ocr_carea' id='block_1_58' title="bbox 406 3880 1979 3963">
    <p class='ocr_par' dir='ltr' id='par_1_58' title="bbox 406 3880 1979 3963">
     <span class='ocr_line' id='line_1_58' title="bbox 406 3880 1979 3963; baseline -0.007 -19"><span class='ocrx_word' id='word_1_412' title='bbox 406 3894 552 3963; x_wconf 80' lang='grc' dir='ltr'>ρίας.</span> <span class='ocrx_word' id='word_1_413' title='bbox 583 3891 606 3963; x_wconf 91' lang='grc'><strong>]</strong></span> <span class='ocrx_word' id='word_1_414' title='bbox 642 3890 741 3953; x_wconf 80' lang='grc' dir='ltr'>τὰς</span> <span class='ocrx_word' id='word_1_415' title='bbox 801 3885 1111 3958; x_wconf 77' lang='grc' dir='ltr'>προσϐολὰς</span> <span class='ocrx_word' id='word_1_416' title='bbox 1163 3883 1272 3936; x_wconf 85' lang='grc' dir='ltr'><strong>τῶν</strong></span> <span class='ocrx_word' id='word_1_417' title='bbox 1298 3880 1486 3936; x_wconf 86' lang='grc' dir='ltr'>παθῶν</span> <span class='ocrx_word' id='word_1_418' title='bbox 1516 3881 1979 3951; x_wconf 87' lang='grc' dir='ltr'>ἀποκρουόμενος,</span> 
     </span>
    </p>
   </div>
   <div class='ocr_carea' id='block_1_59' title="bbox 405 3972 1979 4053">
    <p class='ocr_par' dir='ltr' id='par_1_59' title="bbox 405 3972 1979 4053">
     <span class='ocr_line' id='line_1_59' title="bbox 405 3972 1979 4053; baseline -0.008 -16"><span class='ocrx_word' id='word_1_419' title='bbox 405 3984 612 4053; x_wconf 82' lang='grc' dir='ltr'>πέτρας</span> <span class='ocrx_word' id='word_1_420' title='bbox 659 3982 816 4051; x_wconf 81' lang='grc' dir='ltr'>δίκην</span> <span class='ocrx_word' id='word_1_421' title='bbox 881 3976 1130 4048; x_wconf 73' lang='grc' dir='ltr'>ἀτρέμας</span> <span class='ocrx_word' id='word_1_422' title='bbox 1156 3975 1251 4028; x_wconf 79' lang='grc' dir='ltr'><strong>καὶ</strong></span> <span class='ocrx_word' id='word_1_423' title='bbox 1303 3973 1702 4036; x_wconf 84' lang='grc' dir='ltr'>ἀκατάσειστος</span> <span class='ocrx_word' id='word_1_424' title='bbox 1757 3972 1979 4036; x_wconf 75' lang='grc' dir='ltr'>ἵστατο,</span> 
     </span>
    </p>
   </div>
   <div class='ocr_carea' id='block_1_60' title="bbox 405 4062 1982 4137">
    <p class='ocr_par' dir='ltr' id='par_1_60' title="bbox 405 4062 1982 4137">
     <span class='ocr_line' id='line_1_60' title="bbox 405 4062 1982 4137; baseline -0.009 -8"><span class='ocrx_word' id='word_1_425' title='bbox 405 4077 590 4130; x_wconf 80' lang='grc' dir='ltr'>πᾶσαν</span> <span class='ocrx_word' id='word_1_426' title='bbox 642 4071 905 4126; x_wconf 80' lang='grc' dir='ltr'>ἐναντίων</span> <span class='ocrx_word' id='word_1_427' title='bbox 966 4064 1300 4137; x_wconf 79' lang='grc' dir='ltr'>ἀντιπλοκὴν</span> <span class='ocrx_word' id='word_1_428' title='bbox 1328 4063 1730 4135; x_wconf 84' lang='grc' dir='ltr'>διορθούμενος.</span> <span class='ocrx_word' id='word_1_429' title='bbox 1765 4062 1982 4116; x_wconf 86' lang='grc' dir='ltr'>Ἀσπίδι</span> 
     </span>
    </p>
   </div>
   <div class='ocr_carea' id='block_1_61' title="bbox 403 4155 1981 4237">
    <p class='ocr_par' dir='ltr' id='par_1_61' title="bbox 403 4155 1981 4237">
     <span class='ocr_line' id='line_1_61' title="bbox 403 4155 1981 4237; baseline -0.008 -17"><span class='ocrx_word' id='word_1_430' title='bbox 403 4167 483 4231; x_wconf 70' lang='grc' dir='ltr'><strong>δὲ,</strong></span> <span class='ocrx_word' id='word_1_431' title='bbox 511 4169 574 4237; x_wconf 80' lang='grc' dir='ltr'>τῇ</span> <span class='ocrx_word' id='word_1_432' title='bbox 607 4164 843 4233; x_wconf 80' lang='grc' dir='ltr'>ἀσείστῳ</span> <span class='ocrx_word' id='word_1_433' title='bbox 869 4160 1216 4232; x_wconf 83' lang='grc' dir='ltr'>κεχρημένος</span> <span class='ocrx_word' id='word_1_434' title='bbox 1247 4158 1450 4221; x_wconf 76' lang='grc' dir='ltr'>ἑλπίδι,</span> <span class='ocrx_word' id='word_1_435' title='bbox 1476 4159 1571 4212; x_wconf 73' lang='grc' dir='ltr'><strong>καὶ</strong></span> <span class='ocrx_word' id='word_1_436' title='bbox 1603 4158 1731 4219; x_wconf 80' lang='grc' dir='ltr'>τοὺς</span> <span class='ocrx_word' id='word_1_437' title='bbox 1761 4155 1981 4225; x_wconf 80' lang='grc' dir='ltr'>βάλλειν</span> 
     </span>
    </p>
   </div>
   <div class='ocr_carea' id='block_1_62' title="bbox 402 4244 1987 4326">
    <p class='ocr_par' dir='ltr' id='par_1_62' title="bbox 402 4244 1987 4326">
     <span class='ocr_line' id='line_1_62' title="bbox 402 4244 1987 4326; baseline -0.005 -18"><span class='ocrx_word' id='word_1_438' title='bbox 402 4256 721 4326; x_wconf 81' lang='grc' dir='ltr'>τολμῶντας</span> <span class='ocrx_word' id='word_1_439' title='bbox 756 4252 1123 4315; x_wconf 72' lang='grc' dir='ltr'>ὑπαντιάζων,</span> <span class='ocrx_word' id='word_1_440' title='bbox 1150 4246 1513 4311; x_wconf 79' lang='grc' dir='ltr'>ἀντιτοξεύεις</span> <span class='ocrx_word' id='word_1_441' title='bbox 1533 4264 1545 4276; x_wconf 93' lang='grc'><strong>·</strong></span> <span class='ocrx_word' id='word_1_442' title='bbox 1581 4244 1701 4300; x_wconf 80' lang='grc' dir='ltr'>εἶτα</span> <span class='ocrx_word' id='word_1_443' title='bbox 1725 4246 1987 4315; x_wconf 80' lang='grc' dir='ltr'>γενναίως</span> 
     </span>
    </p>
   </div>
   <div class='ocr_carea' id='block_1_63' title="bbox 2081 2054 3661 2127">
    <p class='ocr_par' dir='ltr' id='par_1_63' title="bbox 2081 2054 3661 2127">
     <span class='ocr_line' id='line_1_63' title="bbox 2081 2054 3661 2127; baseline 0.003 -16"><span class='ocrx_word' id='word_1_444' title='bbox 2081 2054 2365 2113; x_wconf 76' lang='lat' dir='ltr'><strong>ﬁdelitatis</strong></span> <span class='ocrx_word' id='word_1_445' title='bbox 2399 2056 2627 2126; x_wconf 88' lang='lat' dir='ltr'><strong>quidem</strong></span> <span class='ocrx_word' id='word_1_446' title='bbox 2659 2055 2917 2112; x_wconf 82' lang='lat' dir='ltr'><strong>excidisti</strong></span> <span class='ocrx_word' id='word_1_447' title='bbox 2981 2057 3169 2127; x_wconf 88' lang='lat' dir='ltr'><strong>spinas</strong></span> <span class='ocrx_word' id='word_1_448' title='bbox 3213 2058 3493 2113; x_wconf 85' lang='lat' dir='ltr'><strong>viventem</strong></span> <span class='ocrx_word' id='word_1_449' title='bbox 3528 2074 3661 2115; x_wconf 88' lang='lat' dir='ltr'><strong>vero</strong></span> 
     </span>
    </p>
   </div>
   <div class='ocr_carea' id='block_1_64' title="bbox 2079 2147 3662 2218">
    <p class='ocr_par' dir='ltr' id='par_1_64' title="bbox 2079 2147 3662 2218">
     <span class='ocr_line' id='line_1_64' title="bbox 2079 2147 3662 2218; baseline 0.001 -14"><span class='ocrx_word' id='word_1_450' title='bbox 2079 2147 2366 2204; x_wconf 81' lang='lat' dir='ltr'><strong>seminaSti</strong></span> <span class='ocrx_word' id='word_1_451' title='bbox 2402 2147 2635 2218; x_wconf 87' lang='lat' dir='ltr'><strong>pietatis</strong></span> <span class='ocrx_word' id='word_1_452' title='bbox 2682 2162 3034 2216; x_wconf 86' lang='lat' dir='ltr'><strong>sermonem;</strong></span> <span class='ocrx_word' id='word_1_453' title='bbox 3069 2162 3136 2204; x_wconf 87' lang='lat' dir='ltr'><strong>ac</strong></span> <span class='ocrx_word' id='word_1_454' title='bbox 3166 2149 3317 2203; x_wconf 89' lang='lat' dir='ltr'><strong>velut</strong></span> <span class='ocrx_word' id='word_1_455' title='bbox 3354 2149 3662 2207; x_wconf 82' lang='lat' dir='ltr'><strong>frumenta-</strong></span> 
     </span>
    </p>
   </div>
   <div class='ocr_carea' id='block_1_65' title="bbox 2077 2238 3659 2309">
    <p class='ocr_par' dir='ltr' id='par_1_65' title="bbox 2077 2238 3659 2309">
     <span class='ocr_line' id='line_1_65' title="bbox 2077 2238 3659 2309; baseline 0.001 -14"><span class='ocrx_word' id='word_1_456' title='bbox 2077 2239 2179 2295; x_wconf 83' lang='lat' dir='ltr'><strong>riis</strong></span> <span class='ocrx_word' id='word_1_457' title='bbox 2214 2239 2458 2306; x_wconf 86' lang='lat' dir='ltr'><strong>horreis,</strong></span> <span class='ocrx_word' id='word_1_458' title='bbox 2492 2239 2807 2294; x_wconf 85' lang='lat' dir='ltr'><strong>animarum</strong></span> <span class='ocrx_word' id='word_1_459' title='bbox 2841 2238 3118 2309; x_wconf 89' lang='lat' dir='ltr'><strong>pcnubus,</strong></span> <span class='ocrx_word' id='word_1_460' title='bbox 3152 2255 3387 2297; x_wconf 89' lang='lat' dir='ltr'><strong>messem</strong></span> <span class='ocrx_word' id='word_1_461' title='bbox 3429 2242 3659 2298; x_wconf 87' lang='lat' dir='ltr'><strong>uberem</strong></span> 
     </span>
    </p>
   </div>
   <div class='ocr_carea' id='block_1_66' title="bbox 2079 2327 3661 2400">
    <p class='ocr_par' dir='ltr' id='par_1_66' title="bbox 2079 2327 3661 2400">
     <span class='ocr_line' id='line_1_66' title="bbox 2079 2327 3661 2400; baseline 0.001 -15"><span class='ocrx_word' id='word_1_462' title='bbox 2079 2329 2413 2400; x_wconf 85' lang='lat' dir='ltr'><strong>spiritaliter</strong></span> <span class='ocrx_word' id='word_1_463' title='bbox 2485 2328 2809 2385; x_wconf 88' lang='lat' dir='ltr'><strong>condidisti.</strong></span> <span class='ocrx_word' id='word_1_464' title='bbox 2901 2327 3161 2383; x_wconf 91' lang='lat' dir='ltr'><strong>Dicemus</strong></span> <span class='ocrx_word' id='word_1_465' title='bbox 3238 2330 3661 2386; x_wconf 76' lang='lat' dir='ltr'><strong>architectum!</strong></span> 
     </span>
    </p>
   </div>
   <div class='ocr_carea' id='block_1_67' title="bbox 2079 2418 3658 2491">
    <p class='ocr_par' dir='ltr' id='par_1_67' title="bbox 2079 2418 3658 2491">
     <span class='ocr_line' id='line_1_67' title="bbox 2079 2418 3658 2491; baseline 0.001 -16"><span class='ocrx_word' id='word_1_466' title='bbox 2079 2419 2224 2477; x_wconf 81' lang='lat' dir='ltr'><strong>Vera</strong></span> <span class='ocrx_word' id='word_1_467' title='bbox 2285 2421 2393 2476; x_wconf 90' lang='lat' dir='ltr'><strong>erit</strong></span> <span class='ocrx_word' id='word_1_468' title='bbox 2435 2419 2652 2487; x_wconf 87' lang='lat' dir='ltr'><strong>oratio;</strong></span> <span class='ocrx_word' id='word_1_469' title='bbox 2709 2419 2903 2475; x_wconf 89' lang='lat' dir='ltr'><strong>solerti</strong></span> <span class='ocrx_word' id='word_1_470' title='bbox 2957 2418 3106 2473; x_wconf 89' lang='lat' dir='ltr'><strong>enim</strong></span> <span class='ocrx_word' id='word_1_471' title='bbox 3159 2419 3478 2491; x_wconf 87' lang='lat' dir='ltr'><strong>dogmatum</strong></span> <span class='ocrx_word' id='word_1_472' title='bbox 3516 2431 3658 2489; x_wconf 88' lang='lat' dir='ltr'><strong>arte,</strong></span> 
     </span>
    </p>
   </div>
   <div class='ocr_carea' id='block_1_68' title="bbox 2078 2510 3656 2581">
    <p class='ocr_par' dir='ltr' id='par_1_68' title="bbox 2078 2510 3656 2581">
     <span class='ocr_line' id='line_1_68' title="bbox 2078 2510 3656 2581; baseline 0.001 -14"><span class='ocrx_word' id='word_1_473' title='bbox 2078 2512 2354 2568; x_wconf 88' lang='lat' dir='ltr'><strong>idolorum</strong></span> <span class='ocrx_word' id='word_1_474' title='bbox 2416 2526 2565 2575; x_wconf 90' lang='lat' dir='ltr'><strong>aras,</strong></span> <span class='ocrx_word' id='word_1_475' title='bbox 2623 2510 3047 2581; x_wconf 84' lang='lat' dir='ltr'><strong>damonumque</strong></span> <span class='ocrx_word' id='word_1_476' title='bbox 3109 2510 3402 2566; x_wconf 90' lang='lat' dir='ltr'><strong>odibilium</strong></span> <span class='ocrx_word' id='word_1_477' title='bbox 3470 2512 3656 2580; x_wconf 86' lang='lat' dir='ltr'><strong>sedes,</strong></span> 
     </span>
    </p>
   </div>
   <div class='ocr_carea' id='block_1_69' title="bbox 2077 2602 3655 2676">
    <p class='ocr_par' dir='ltr' id='par_1_69' title="bbox 2077 2602 3655 2676">
     <span class='ocr_line' id='line_1_69' title="bbox 2077 2602 3655 2676; baseline 0.001 -16"><span class='ocrx_word' id='word_1_478' title='bbox 2077 2603 2360 2668; x_wconf 88' lang='lat' dir='ltr'><strong>evertisti;</strong></span> <span class='ocrx_word' id='word_1_479' title='bbox 2405 2618 2470 2657; x_wconf 90' lang='lat' dir='ltr'><strong>ac</strong></span> <span class='ocrx_word' id='word_1_480' title='bbox 2511 2602 2723 2658; x_wconf 89' lang='lat' dir='ltr'><strong>Christi</strong></span> <span class='ocrx_word' id='word_1_481' title='bbox 2795 2618 2895 2672; x_wconf 90' lang='lat' dir='ltr'><strong>per</strong></span> <span class='ocrx_word' id='word_1_482' title='bbox 2950 2603 3071 2657; x_wconf 90' lang='lat' dir='ltr'><strong>loca</strong></span> <span class='ocrx_word' id='word_1_483' title='bbox 3119 2603 3388 2659; x_wconf 85' lang='lat' dir='ltr'><strong>ecclesias</strong></span> <span class='ocrx_word' id='word_1_484' title='bbox 3414 2604 3655 2676; x_wconf 75' lang='lat' dir='ltr'><strong>erigens,</strong></span> 
     </span>
    </p>
   </div>
   <div class='ocr_carea' id='block_1_70' title="bbox 2078 2696 3659 2768">
    <p class='ocr_par' dir='ltr' id='par_1_70' title="bbox 2078 2696 3659 2768">
     <span class='ocr_line' id='line_1_70' title="bbox 2078 2696 3659 2768; baseline 0 -17"><span class='ocrx_word' id='word_1_485' title='bbox 2078 2696 2315 2752; x_wconf 89' lang='lat' dir='ltr'><strong>delubra</strong></span> <span class='ocrx_word' id='word_1_486' title='bbox 2342 2710 2614 2766; x_wconf 89' lang='lat' dir='ltr'><strong>sacraque</strong></span> <span class='ocrx_word' id='word_1_487' title='bbox 2650 2704 2705 2751; x_wconf 89' lang='lat' dir='ltr'><strong>et</strong></span> <span class='ocrx_word' id='word_1_488' title='bbox 2731 2696 3071 2751; x_wconf 82' lang='lat' dir='ltr'><strong>venerabilia</strong></span> <span class='ocrx_word' id='word_1_489' title='bbox 3108 2706 3414 2767; x_wconf 85' lang='lat' dir='ltr'><strong>martyrum</strong></span> <span class='ocrx_word' id='word_1_490' title='bbox 3452 2698 3659 2768; x_wconf 82' lang='lat' dir='ltr'><strong>templa</strong></span> 
     </span>
    </p>
   </div>
   <div class='ocr_carea' id='block_1_71' title="bbox 2080 2785 3658 2857">
    <p class='ocr_par' dir='ltr' id='par_1_71' title="bbox 2080 2785 3658 2857">
     <span class='ocr_line' id='line_1_71' title="bbox 2080 2785 3658 2857; baseline 0.001 -15"><span class='ocrx_word' id='word_1_491' title='bbox 2080 2787 2433 2843; x_wconf 80' lang='lat' dir='ltr'><strong>exstruxisti.</strong></span> <span class='ocrx_word' id='word_1_492' title='bbox 2462 2787 2542 2840; x_wconf 86' lang='lat' dir='ltr'><strong>Ac</strong></span> <span class='ocrx_word' id='word_1_493' title='bbox 2571 2801 2729 2840; x_wconf 91' lang='lat' dir='ltr'><strong>more</strong></span> <span class='ocrx_word' id='word_1_494' title='bbox 2755 2785 2981 2855; x_wconf 90' lang='lat' dir='ltr'><strong>quidem</strong></span> <span class='ocrx_word' id='word_1_495' title='bbox 3013 2786 3120 2840; x_wconf 92' lang='lat' dir='ltr'><strong>viri</strong></span> <span class='ocrx_word' id='word_1_496' title='bbox 3147 2786 3421 2857; x_wconf 89' lang='lat' dir='ltr'><strong>agricola,</strong></span> <span class='ocrx_word' id='word_1_497' title='bbox 3453 2803 3658 2844; x_wconf 89' lang='lat' dir='ltr'><strong>novum</strong></span> 
     </span>
    </p>
   </div>
   <div class='ocr_carea' id='block_1_72' title="bbox 2081 2876 3661 2947">
    <p class='ocr_par' dir='ltr' id='par_1_72' title="bbox 2081 2876 3661 2947">
     <span class='ocr_line' id='line_1_72' title="bbox 2081 2876 3661 2947; baseline 0.003 -15"><span class='ocrx_word' id='word_1_498' title='bbox 2081 2886 2237 2933; x_wconf 88' lang='lat' dir='ltr'><strong>satas</strong></span> <span class='ocrx_word' id='word_1_499' title='bbox 2296 2886 2352 2931; x_wconf 75' lang='lat' dir='ltr'><strong>rt</strong></span> <span class='ocrx_word' id='word_1_500' title='bbox 2397 2877 2703 2932; x_wconf 87' lang='lat' dir='ltr'><strong>rationales</strong></span> <span class='ocrx_word' id='word_1_501' title='bbox 2759 2876 2901 2932; x_wconf 88' lang='lat' dir='ltr'><strong>vites</strong></span> <span class='ocrx_word' id='word_1_502' title='bbox 2978 2877 3211 2947; x_wconf 90' lang='lat' dir='ltr'><strong>pulchre</strong></span> <span class='ocrx_word' id='word_1_503' title='bbox 3266 2893 3332 2933; x_wconf 90' lang='lat' dir='ltr'><strong>ac</strong></span> <span class='ocrx_word' id='word_1_504' title='bbox 3388 2888 3512 2936; x_wconf 86' lang='lat' dir='ltr'><strong>arte</strong></span> <span class='ocrx_word' id='word_1_505' title='bbox 3566 2896 3661 2936; x_wconf 89' lang='lat' dir='ltr'><strong>co-</strong></span> 
     </span>
    </p>
   </div>
   <div class='ocr_carea' id='block_1_73' title="bbox 2080 2966 3661 3041">
    <p class='ocr_par' dir='ltr' id='par_1_73' title="bbox 2080 2966 3661 3041">
     <span class='ocr_line' id='line_1_73' title="bbox 2080 2966 3661 3041; baseline 0.003 -19"><span class='ocrx_word' id='word_1_506' title='bbox 2080 2968 2199 3024; x_wconf 88' lang='lat' dir='ltr'><strong>lens</strong></span> <span class='ocrx_word' id='word_1_507' title='bbox 2226 2967 2365 3041; x_wconf 71' lang='grc'>(64),</span> <span class='ocrx_word' id='word_1_508' title='bbox 2396 2969 2608 3022; x_wconf 81' lang='lat' dir='ltr'><strong>fructus</strong></span> <span class='ocrx_word' id='word_1_509' title='bbox 2636 2968 2859 3037; x_wconf 88' lang='lat' dir='ltr'><strong>plurimi</strong></span> <span class='ocrx_word' id='word_1_510' title='bbox 2885 2966 3061 3023; x_wconf 82' lang='lat' dir='ltr'><strong>fecisti</strong></span> <span class='ocrx_word' id='word_1_511' title='bbox 3105 2968 3346 3037; x_wconf 85' lang='lat' dir='ltr'><strong>feraces;</strong></span> <span class='ocrx_word' id='word_1_512' title='bbox 3380 2971 3531 3026; x_wconf 84' lang='lat' dir='ltr'><strong>velut</strong></span> <span class='ocrx_word' id='word_1_513' title='bbox 3559 2987 3661 3026; x_wconf 84' lang='lat' dir='ltr'><strong>au-</strong></span> 
     </span>
    </p>
   </div>
   <div class='ocr_carea' id='block_1_74' title="bbox 2081 3058 3658 3132">
    <p class='ocr_par' dir='ltr' id='par_1_74' title="bbox 2081 3058 3658 3132">
     <span class='ocr_line' id='line_1_74' title="bbox 2081 3058 3658 3132; baseline 0.004 -18"><span class='ocrx_word' id='word_1_514' title='bbox 2081 3071 2192 3116; x_wconf 89' lang='lat' dir='ltr'><strong>tem</strong></span> <span class='ocrx_word' id='word_1_515' title='bbox 2224 3062 2451 3131; x_wconf 83' lang='lat' dir='ltr'><strong>sapiens</strong></span> <span class='ocrx_word' id='word_1_516' title='bbox 2483 3060 2825 3115; x_wconf 88' lang='lat' dir='ltr'><strong>architectus</strong></span> <span class='ocrx_word' id='word_1_517' title='bbox 2851 3058 3119 3116; x_wconf 83' lang='lat' dir='ltr'><strong>Ecclesia</strong></span> <span class='ocrx_word' id='word_1_518' title='bbox 3173 3076 3345 3132; x_wconf 85' lang='lat' dir='ltr'><strong>supra</strong></span> <span class='ocrx_word' id='word_1_519' title='bbox 3368 3062 3498 3117; x_wconf 85' lang='lat' dir='ltr'><strong>lidei</strong></span> <span class='ocrx_word' id='word_1_520' title='bbox 3531 3062 3658 3120; x_wconf 79' lang='lat' dir='ltr'><strong>fun-</strong></span> 
     </span>
    </p>
   </div>
   <div class='ocr_carea' id='block_1_75' title="bbox 2081 3150 3662 3221">
    <p class='ocr_par' dir='ltr' id='par_1_75' title="bbox 2081 3150 3662 3221">
     <span class='ocr_line' id='line_1_75' title="bbox 2081 3150 3662 3221; baseline 0.003 -16"><span class='ocrx_word' id='word_1_521' title='bbox 2081 3152 2406 3205; x_wconf 87' lang='lat' dir='ltr'><strong>damentum</strong></span> <span class='ocrx_word' id='word_1_522' title='bbox 2453 3150 2893 3206; x_wconf 85' lang='lat' dir='ltr'><strong>architectonica</strong></span> <span class='ocrx_word' id='word_1_523' title='bbox 2947 3152 3182 3221; x_wconf 87' lang='lat' dir='ltr'><strong>spiritus</strong></span> <span class='ocrx_word' id='word_1_524' title='bbox 3231 3161 3355 3208; x_wconf 89' lang='lat' dir='ltr'><strong>arte</strong></span> <span class='ocrx_word' id='word_1_525' title='bbox 3428 3154 3662 3211; x_wconf 88' lang='lat' dir='ltr'><strong>lirmiter</strong></span> 
     </span>
    </p>
   </div>
   <div class='ocr_carea' id='block_1_76' title="bbox 2084 3239 3662 3312">
    <p class='ocr_par' dir='ltr' id='par_1_76' title="bbox 2084 3239 3662 3312">
     <span class='ocr_line' id='line_1_76' title="bbox 2084 3239 3662 3312; baseline 0.004 -17"><span class='ocrx_word' id='word_1_526' title='bbox 2084 3240 2369 3295; x_wconf 89' lang='lat' dir='ltr'><strong>stabilisti.</strong></span> <span class='ocrx_word' id='word_1_527' title='bbox 2409 3239 2580 3306; x_wconf 87' lang='lat' dir='ltr'><strong>Quem</strong></span> <span class='ocrx_word' id='word_1_528' title='bbox 2624 3250 2679 3295; x_wconf 88' lang='lat' dir='ltr'><strong>te</strong></span> <span class='ocrx_word' id='word_1_529' title='bbox 2708 3255 2840 3312; x_wconf 88' lang='lat' dir='ltr'><strong>ergo</strong></span> <span class='ocrx_word' id='word_1_530' title='bbox 2866 3256 3061 3299; x_wconf 90' lang='lat' dir='ltr'><strong>sumus</strong></span> <span class='ocrx_word' id='word_1_531' title='bbox 3102 3244 3399 3299; x_wconf 74' lang='lat' dir='ltr'><strong>vocaturi?</strong></span> <span class='ocrx_word' id='word_1_532' title='bbox 3426 3245 3512 3300; x_wconf 82' lang='lat' dir='ltr'><strong>An</strong></span> <span class='ocrx_word' id='word_1_533' title='bbox 3553 3245 3662 3301; x_wconf 83' lang='lat' dir='ltr'><strong>mi-</strong></span> 
     </span>
    </p>
   </div>
   <div class='ocr_carea' id='block_1_77' title="bbox 2082 3331 3662 3408">
    <p class='ocr_par' dir='ltr' id='par_1_77' title="bbox 2082 3331 3662 3408">
     <span class='ocr_line' id='line_1_77' title="bbox 2082 3331 3662 3408; baseline 0.005 -23"><span class='ocrx_word' id='word_1_534' title='bbox 2082 3332 2230 3386; x_wconf 90' lang='lat' dir='ltr'><strong>litem</strong></span> <span class='ocrx_word' id='word_1_535' title='bbox 2250 3333 2273 3386; x_wconf 83' lang='lat'><strong>?</strong></span> <span class='ocrx_word' id='word_1_536' title='bbox 2295 3331 2369 3385; x_wconf 89' lang='lat' dir='ltr'><strong>lta</strong></span> <span class='ocrx_word' id='word_1_537' title='bbox 2392 3334 2590 3401; x_wconf 89' lang='lat' dir='ltr'><strong>plane;</strong></span> <span class='ocrx_word' id='word_1_538' title='bbox 2621 3333 2935 3387; x_wconf 89' lang='lat' dir='ltr'><strong>velutenim</strong></span> <span class='ocrx_word' id='word_1_539' title='bbox 2965 3335 3077 3389; x_wconf 79' lang='lat' dir='ltr'><strong>dux</strong></span> <span class='ocrx_word' id='word_1_540' title='bbox 3112 3336 3336 3405; x_wconf 89' lang='lat' dir='ltr'><strong>quidam</strong></span> <span class='ocrx_word' id='word_1_541' title='bbox 3368 3338 3662 3408; x_wconf 86' lang='lat' dir='ltr'><strong>cataphra-</strong></span> 
     </span>
    </p>
   </div>
   <div class='ocr_carea' id='block_1_78' title="bbox 2082 3421 3662 3492">
    <p class='ocr_par' dir='ltr' id='par_1_78' title="bbox 2082 3421 3662 3492">
     <span class='ocr_line' id='line_1_78' title="bbox 2082 3421 3662 3492; baseline 0.006 -16"><span class='ocrx_word' id='word_1_542' title='bbox 2082 3430 2229 3488; x_wconf 88' lang='lat' dir='ltr'><strong>ctus,</strong></span> <span class='ocrx_word' id='word_1_543' title='bbox 2301 3421 2658 3492; x_wconf 78' lang='lat' dir='ltr'><strong>expeditione</strong></span> <span class='ocrx_word' id='word_1_544' title='bbox 2734 3422 3008 3479; x_wconf 89' lang='lat' dir='ltr'><strong>adversus</strong></span> <span class='ocrx_word' id='word_1_545' title='bbox 3090 3429 3283 3482; x_wconf 88' lang='lat' dir='ltr'><strong>hostes</strong></span> <span class='ocrx_word' id='word_1_546' title='bbox 3347 3429 3662 3486; x_wconf 82' lang='lat' dir='ltr'><strong>invisibiles</strong></span> 
     </span>
    </p>
   </div>
   <div class='ocr_carea' id='block_1_79' title="bbox 2083 3516 3664 3588">
    <p class='ocr_par' dir='ltr' id='par_1_79' title="bbox 2083 3516 3664 3588">
     <span class='ocr_line' id='line_1_79' title="bbox 2083 3516 3664 3588; baseline 0.004 -17"><span class='ocrx_word' id='word_1_547' title='bbox 2083 3521 2365 3583; x_wconf 84' lang='lat' dir='ltr'><strong>suscepta,</strong></span> <span class='ocrx_word' id='word_1_548' title='bbox 2406 3531 2426 3565; x_wconf 82' lang='grc' dir='ltr'>ι</span> <span class='ocrx_word' id='word_1_549' title='bbox 2476 3521 2816 3569; x_wconf 85' lang='lat' dir='ltr'><strong>armaturam</strong></span> <span class='ocrx_word' id='word_1_550' title='bbox 2870 3516 3023 3571; x_wconf 88' lang='lat' dir='ltr'><strong>verbi</strong></span> <span class='ocrx_word' id='word_1_551' title='bbox 3069 3517 3183 3588; x_wconf 85' lang='lat'><strong>(65)</strong></span> <span class='ocrx_word' id='word_1_552' title='bbox 3226 3519 3497 3587; x_wconf 89' lang='lat' dir='ltr'><strong>induisti;</strong></span> <span class='ocrx_word' id='word_1_553' title='bbox 3535 3537 3664 3578; x_wconf 92' lang='lat' dir='ltr'><strong>suc-</strong></span> 
     </span>
    </p>
   </div>
   <div class='ocr_carea' id='block_1_80' title="bbox 2083 3603 3665 3674">
    <p class='ocr_par' dir='ltr' id='par_1_80' title="bbox 2083 3603 3665 3674">
     <span class='ocr_line' id='line_1_80' title="bbox 2083 3603 3665 3674; baseline 0.005 -17"><span class='ocrx_word' id='word_1_554' title='bbox 2083 3605 2304 3660; x_wconf 86' lang='lat' dir='ltr'><strong>cinctus</strong></span> <span class='ocrx_word' id='word_1_555' title='bbox 2359 3603 2581 3661; x_wconf 90' lang='lat' dir='ltr'><strong>lumbos</strong></span> <span class='ocrx_word' id='word_1_556' title='bbox 2630 3613 2760 3661; x_wconf 91' lang='lat' dir='ltr'><strong>tuos</strong></span> <span class='ocrx_word' id='word_1_557' title='bbox 2792 3605 2850 3659; x_wconf 92' lang='lat' dir='ltr'><strong>in</strong></span> <span class='ocrx_word' id='word_1_558' title='bbox 2890 3607 3144 3674; x_wconf 86' lang='lat' dir='ltr'><strong>veritate,</strong></span> <span class='ocrx_word' id='word_1_559' title='bbox 3181 3617 3237 3663; x_wconf 91' lang='lat' dir='ltr'><strong>et</strong></span> <span class='ocrx_word' id='word_1_560' title='bbox 3268 3609 3497 3667; x_wconf 89' lang='lat' dir='ltr'><strong>indutus</strong></span> <span class='ocrx_word' id='word_1_561' title='bbox 3525 3611 3665 3666; x_wconf 83' lang='lat' dir='ltr'><strong>lori-</strong></span> 
     </span>
    </p>
   </div>
   <div class='ocr_carea' id='block_1_81' title="bbox 2086 3696 3661 3775">
    <p class='ocr_par' dir='ltr' id='par_1_81' title="bbox 2086 3696 3661 3775">
     <span class='ocr_line' id='line_1_81' title="bbox 2086 3696 3661 3775; baseline 0.004 -22"><span class='ocrx_word' id='word_1_562' title='bbox 2086 3713 2208 3754; x_wconf 90' lang='lat' dir='ltr'><strong>cam</strong></span> <span class='ocrx_word' id='word_1_563' title='bbox 2258 3696 2514 3765; x_wconf 75' lang='lat' dir='ltr'><strong>justitia,</strong></span> <span class='ocrx_word' id='word_1_564' title='bbox 2568 3698 2964 3770; x_wconf 87' lang='lat' dir='ltr'><strong>calceatusque</strong></span> <span class='ocrx_word' id='word_1_565' title='bbox 2996 3701 3163 3771; x_wconf 88' lang='lat' dir='ltr'><strong>pedes</strong></span> <span class='ocrx_word' id='word_1_566' title='bbox 3203 3700 3260 3757; x_wconf 90' lang='lat' dir='ltr'><strong>in</strong></span> <span class='ocrx_word' id='word_1_567' title='bbox 3295 3705 3661 3775; x_wconf 86' lang='lat' dir='ltr'><strong>praparatio-</strong></span> 
     </span>
    </p>
   </div>
   <div class='ocr_carea' id='block_1_82' title="bbox 2087 3778 3669 3867">
    <p class='ocr_par' dir='ltr' id='par_1_82' title="bbox 2087 3778 3669 3867">
     <span class='ocr_line' id='line_1_82' title="bbox 2087 3778 3669 3867; baseline 0.004 -22"><span class='ocrx_word' id='word_1_568' title='bbox 2087 3805 2213 3845; x_wconf 87' lang='lat' dir='ltr'><strong>nem</strong></span> <span class='ocrx_word' id='word_1_569' title='bbox 2244 3787 2528 3859; x_wconf 79' lang='lat' dir='ltr'><strong>Evangelii</strong></span> <span class='ocrx_word' id='word_1_570' title='bbox 2562 3790 2718 3859; x_wconf 89' lang='lat' dir='ltr'><strong>pacis</strong></span> <span class='ocrx_word' id='word_1_571' title='bbox 2742 3792 2837 3846; x_wconf 59' lang='grc' dir='ltr'><strong>ν’.</strong></span> <span class='ocrx_word' id='word_1_572' title='bbox 2873 3811 2893 3845; x_wconf 75' lang='grc' dir='ltr'><strong>ι</strong></span> <span class='ocrx_word' id='word_1_573' title='bbox 2924 3778 3315 3860; x_wconf 77' lang='lat' dir='ltr'><strong>Quamobrem,</strong></span> <span class='ocrx_word' id='word_1_574' title='bbox 3350 3797 3508 3867; x_wconf 83' lang='lat' dir='ltr'><strong>galea</strong></span> <span class='ocrx_word' id='word_1_575' title='bbox 3538 3801 3669 3867; x_wconf 87' lang='lat' dir='ltr'><strong>qui-</strong></span> 
     </span>
    </p>
   </div>
   <div class='ocr_carea' id='block_1_83' title="bbox 2087 3880 3664 3959">
    <p class='ocr_par' dir='ltr' id='par_1_83' title="bbox 2087 3880 3664 3959">
     <span class='ocr_line' id='line_1_83' title="bbox 2087 3880 3664 3959; baseline 0.007 -24"><span class='ocrx_word' id='word_1_576' title='bbox 2087 3880 2209 3936; x_wconf 89' lang='lat' dir='ltr'><strong>dem</strong></span> <span class='ocrx_word' id='word_1_577' title='bbox 2239 3881 2331 3934; x_wconf 90' lang='lat' dir='ltr'><strong>illa</strong></span> <span class='ocrx_word' id='word_1_578' title='bbox 2354 3882 2573 3947; x_wconf 87' lang='lat' dir='ltr'><strong>salutis,</strong></span> <span class='ocrx_word' id='word_1_579' title='bbox 2600 3881 2956 3939; x_wconf 84' lang='lat' dir='ltr'><strong>all&#39;ectionum</strong></span> <span class='ocrx_word' id='word_1_580' title='bbox 2987 3886 3340 3943; x_wconf 86' lang='lat' dir='ltr'><strong>incursiones</strong></span> <span class='ocrx_word' id='word_1_581' title='bbox 3366 3888 3664 3959; x_wconf 90' lang='lat' dir='ltr'><strong>repellens,</strong></span> 
     </span>
    </p>
   </div>
   <div class='ocr_carea' id='block_1_84' title="bbox 2088 3970 3666 4041">
    <p class='ocr_par' dir='ltr' id='par_1_84' title="bbox 2088 3970 3666 4041">
     <span class='ocr_line' id='line_1_84' title="bbox 2088 3970 3666 4041; baseline 0.007 -17"><span class='ocrx_word' id='word_1_582' title='bbox 2088 3970 2267 4026; x_wconf 81' lang='lat' dir='ltr'><strong>instar</strong></span> <span class='ocrx_word' id='word_1_583' title='bbox 2297 3978 2489 4041; x_wconf 86' lang='lat' dir='ltr'><strong>petra,</strong></span> <span class='ocrx_word' id='word_1_584' title='bbox 2541 3971 2996 4029; x_wconf 88' lang='lat' dir='ltr'><strong>adversariorum</strong></span> <span class='ocrx_word' id='word_1_585' title='bbox 3054 3975 3318 4032; x_wconf 87' lang='lat' dir='ltr'><strong>inimicos</strong></span> <span class='ocrx_word' id='word_1_586' title='bbox 3345 3978 3508 4035; x_wconf 91' lang='lat' dir='ltr'><strong>dolos</strong></span> <span class='ocrx_word' id='word_1_587' title='bbox 3541 3995 3666 4034; x_wconf 85' lang='lat' dir='ltr'><strong>om-</strong></span> 
     </span>
    </p>
   </div>
   <div class='ocr_carea' id='block_1_85' title="bbox 2089 4060 3667 4137">
    <p class='ocr_par' dir='ltr' id='par_1_85' title="bbox 2089 4060 3667 4137">
     <span class='ocr_line' id='line_1_85' title="bbox 2089 4060 3667 4137; baseline 0.004 -19"><span class='ocrx_word' id='word_1_588' title='bbox 2089 4077 2190 4118; x_wconf 89' lang='lat' dir='ltr'><strong>nes</strong></span> <span class='ocrx_word' id='word_1_589' title='bbox 2220 4060 2334 4133; x_wconf 76' lang='lat'><strong>(66)</strong></span> <span class='ocrx_word' id='word_1_590' title='bbox 2389 4062 2693 4118; x_wconf 86' lang='lat' dir='ltr'><strong>emendans</strong></span> <span class='ocrx_word' id='word_1_591' title='bbox 2745 4064 3189 4135; x_wconf 90' lang='lat' dir='ltr'><strong>dissolvensque,</strong></span> <span class='ocrx_word' id='word_1_592' title='bbox 3231 4067 3449 4137; x_wconf 88' lang='lat' dir='ltr'><strong>placide</strong></span> <span class='ocrx_word' id='word_1_593' title='bbox 3476 4078 3531 4123; x_wconf 92' lang='lat' dir='ltr'><strong>et</strong></span> <span class='ocrx_word' id='word_1_594' title='bbox 3582 4070 3667 4124; x_wconf 91' lang='lat' dir='ltr'><strong>in—</strong></span> 
     </span>
    </p>
   </div>
   <div class='ocr_carea' id='block_1_86' title="bbox 2092 4155 3668 4233">
    <p class='ocr_par' dir='ltr' id='par_1_86' title="bbox 2092 4155 3668 4233">
     <span class='ocr_line' id='line_1_86' title="bbox 2092 4155 3668 4233; baseline 0.004 -23"><span class='ocrx_word' id='word_1_595' title='bbox 2092 4169 2406 4211; x_wconf 88' lang='lat' dir='ltr'><strong>concussus</strong></span> <span class='ocrx_word' id='word_1_596' title='bbox 2445 4157 2672 4211; x_wconf 88' lang='lat' dir='ltr'><strong>stetisti.</strong></span> <span class='ocrx_word' id='word_1_597' title='bbox 2709 4155 2865 4211; x_wconf 88' lang='lat' dir='ltr'><strong>Scuti</strong></span> <span class='ocrx_word' id='word_1_598' title='bbox 2898 4165 3084 4213; x_wconf 88' lang='lat' dir='ltr'><strong>autem</strong></span> <span class='ocrx_word' id='word_1_599' title='bbox 3122 4160 3270 4225; x_wconf 93' lang='lat' dir='ltr'><strong>loco,</strong></span> <span class='ocrx_word' id='word_1_600' title='bbox 3306 4159 3534 4216; x_wconf 88' lang='lat' dir='ltr'><strong>immota</strong></span> <span class='ocrx_word' id='word_1_601' title='bbox 3568 4178 3668 4233; x_wconf 85' lang='lat' dir='ltr'><strong>spe</strong></span> 
     </span>
    </p>
   </div>
   <div class='ocr_carea' id='block_1_87' title="bbox 2095 4249 3662 4321">
    <p class='ocr_par' dir='ltr' id='par_1_87' title="bbox 2095 4249 3662 4321">
     <span class='ocr_line' id='line_1_87' title="bbox 2095 4249 3662 4321; baseline 0.002 -17"><span class='ocrx_word' id='word_1_602' title='bbox 2095 4265 2252 4315; x_wconf 88' lang='lat' dir='ltr'><strong>usus,</strong></span> <span class='ocrx_word' id='word_1_603' title='bbox 2301 4249 2567 4320; x_wconf 87' lang='lat' dir='ltr'><strong>impetere</strong></span> <span class='ocrx_word' id='word_1_604' title='bbox 2620 4249 2917 4318; x_wconf 87' lang='lat' dir='ltr'><strong>audentes,</strong></span> <span class='ocrx_word' id='word_1_605' title='bbox 2967 4266 3034 4307; x_wconf 80' lang='lat' dir='ltr'><strong>ex</strong></span> <span class='ocrx_word' id='word_1_606' title='bbox 3070 4250 3308 4309; x_wconf 89' lang='lat' dir='ltr'><strong>adverso</strong></span> <span class='ocrx_word' id='word_1_607' title='bbox 3339 4266 3662 4321; x_wconf 81' lang='lat' dir='ltr'><strong>occurrens,</strong></span> 
     </span>
    </p>
   </div>
   <div class='ocr_carea' id='block_1_88' title="bbox 478 4347 2108 4473">
    <p class='ocr_par' dir='ltr' id='par_1_88' title="bbox 478 4347 2108 4473">
     <span class='ocr_line' id='line_1_88' title="bbox 478 4347 2108 4473; baseline -0.003 -9"><span class='ocrx_word' id='word_1_608' title='bbox 478 4410 507 4449; x_wconf 68' lang='grc' dir='ltr'>ὶ)</span> <span class='ocrx_word' id='word_1_609' title='bbox 529 4410 689 4464; x_wconf 83' lang='lat' dir='ltr'><strong>Prov.</strong></span> <span class='ocrx_word' id='word_1_610' title='bbox 726 4426 778 4472; x_wconf 76' lang='grc' dir='ltr'>κ,</span> <span class='ocrx_word' id='word_1_611' title='bbox 802 4410 854 4464; x_wconf 90' lang='lat'><strong>7.</strong></span> <span class='ocrx_word' id='word_1_612' title='bbox 929 4409 979 4449; x_wconf 65' lang='grc' dir='ltr'>δ’</span> <span class='ocrx_word' id='word_1_613' title='bbox 1010 4406 1160 4463; x_wconf 87' lang='lat' dir='ltr'><strong>Psal.</strong></span> <span class='ocrx_word' id='word_1_614' title='bbox 1197 4420 1305 4469; x_wconf 70' lang='lat' dir='ltr'><strong>CXI,</strong></span> <span class='ocrx_word' id='word_1_615' title='bbox 1338 4403 1389 4457; x_wconf 90' lang='lat'><strong>7.</strong></span> <span class='ocrx_word' id='word_1_616' title='bbox 1464 4403 1537 4443; x_wconf 67' lang='grc' dir='ltr'><strong>δ”</strong></span> <span class='ocrx_word' id='word_1_617' title='bbox 1561 4401 1764 4473; x_wconf 87' lang='lat' dir='ltr'><strong>Ephes.</strong></span> <span class='ocrx_word' id='word_1_618' title='bbox 1796 4419 1868 4466; x_wconf 83' lang='grc' dir='ltr'>νι,</span> <span class='ocrx_word' id='word_1_619' title='bbox 1905 4347 2108 4467; x_wconf 40' lang='lat'><strong>13,“.</strong></span> 
     </span>
    </p>
   </div>
   <div class='ocr_carea' id='block_1_89' title="bbox 1641 4541 2312 4602">
    <p class='ocr_par' dir='ltr' id='par_1_89' title="bbox 1641 4541 2312 4602">
     <span class='ocr_line' id='line_1_89' title="bbox 1641 4541 2312 4602; baseline 0.015 -10"><span class='ocrx_word' id='word_1_620' title='bbox 1641 4541 1874 4597; x_wconf 69' lang='lat' dir='ltr'><strong>VARIE</strong></span> <span class='ocrx_word' id='word_1_621' title='bbox 1908 4541 2204 4600; x_wconf 83' lang='lat' dir='ltr'><strong>LECTION</strong></span> <span class='ocrx_word' id='word_1_622' title='bbox 2210 4543 2312 4602; x_wconf 87' lang='lat' dir='ltr'><strong>ES.</strong></span> 
     </span>
    </p>
   </div>
   <div class='ocr_carea' id='block_1_90' title="bbox 475 4619 753 4675">
    <p class='ocr_par' dir='ltr' id='par_1_90' title="bbox 475 4619 753 4675">
     <span class='ocr_line' id='line_1_90' title="bbox 475 4619 753 4675; baseline -0.007 -1"><span class='ocrx_word' id='word_1_623' title='bbox 475 4619 523 4653; x_wconf 75' lang='grc'><strong>⁸⁸</strong></span> <span class='ocrx_word' id='word_1_624' title='bbox 548 4621 633 4675; x_wconf 83' lang='grc' dir='ltr'>ῑσ.</span> <span class='ocrx_word' id='word_1_625' title='bbox 654 4619 753 4672; x_wconf 72' lang='grc' dir='ltr'>ενι.</span> 
     </span>
    </p>
   </div>
   <div class='ocr_carea' id='block_1_91' title="bbox 1655 4701 2300 4761">
    <p class='ocr_par' dir='ltr' id='par_1_91' title="bbox 1655 4701 2300 4761">
     <span class='ocr_line' id='line_1_91' title="bbox 1655 4701 2300 4761; baseline 0.003 -4"><span class='ocrx_word' id='word_1_626' title='bbox 1655 4701 2043 4757; x_wconf 76' lang='lat' dir='ltr'><strong>COMBEFISH</strong></span> <span class='ocrx_word' id='word_1_627' title='bbox 2072 4702 2300 4761; x_wconf 71' lang='lat' dir='ltr'><strong>NOTAE.</strong></span> 
     </span>
    </p>
   </div>
   <div class='ocr_carea' id='block_1_92' title="bbox 480 4795 3658 4876">
    <p class='ocr_par' dir='ltr' id='par_1_92' title="bbox 480 4795 3658 4876">
     <span class='ocr_line' id='line_1_92' title="bbox 480 4795 3658 4876; baseline 0 -15"><span class='ocrx_word' id='word_1_628' title='bbox 480 4807 592 4876; x_wconf 76' lang='grc'>(65)</span> <span class='ocrx_word' id='word_1_629' title='bbox 641 4804 787 4876; x_wconf 79' lang='lat' dir='ltr'><strong>Velut</strong></span> <span class='ocrx_word' id='word_1_630' title='bbox 811 4800 1021 4876; x_wconf 65' lang='lat' dir='ltr'><strong>collari.</strong></span> <span class='ocrx_word' id='word_1_631' title='bbox 1055 4795 1839 4876; x_wconf 58' lang='grc' dir='ltr'>ῃεριδέραιονβιαπετάςταξα.</span> <span class='ocrx_word' id='word_1_632' title='bbox 1876 4795 1985 4849; x_wconf 81' lang='lat' dir='ltr'><strong>Ea-</strong></span> <span class='ocrx_word' id='word_1_633' title='bbox 2014 4805 2061 4862; x_wconf 84' lang='grc' dir='ltr'>Ι)</span> <span class='ocrx_word' id='word_1_634' title='bbox 2089 4798 2326 4876; x_wconf 52' lang='lat' dir='ltr'><strong>gallina,</strong></span> <span class='ocrx_word' id='word_1_635' title='bbox 2353 4802 2450 4876; x_wconf 78' lang='lat' dir='ltr'><strong>sed</strong></span> <span class='ocrx_word' id='word_1_636' title='bbox 2476 4802 2702 4876; x_wconf 57' lang='lat' dir='ltr'><strong>Nicolao</strong></span> <span class='ocrx_word' id='word_1_637' title='bbox 2733 4803 3016 4876; x_wconf 84' lang='lat' dir='ltr'><strong>similium,</strong></span> <span class='ocrx_word' id='word_1_638' title='bbox 3039 4818 3181 4873; x_wconf 89' lang='lat' dir='ltr'><strong>quos</strong></span> <span class='ocrx_word' id='word_1_639' title='bbox 3214 4805 3421 4860; x_wconf 88' lang='lat' dir='ltr'><strong>utinam</strong></span> <span class='ocrx_word' id='word_1_640' title='bbox 3455 4805 3658 4875; x_wconf 83' lang='lat' dir='ltr'><strong>plures,</strong></span> 
     </span>
    </p>
   </div>
   <div class='ocr_carea' id='block_1_93' title="bbox 406 4864 1981 4937">
    <p class='ocr_par' dir='ltr' id='par_1_93' title="bbox 406 4864 1981 4937">
     <span class='ocr_line' id='line_1_93' title="bbox 406 4864 1981 4937; baseline -0.01 -3"><span class='ocrx_word' id='word_1_641' title='bbox 406 4864 531 4934; x_wconf 69' lang='lat' dir='ltr'><strong>dein</strong></span> <span class='ocrx_word' id='word_1_642' title='bbox 557 4864 778 4931; x_wconf 74' lang='lat' dir='ltr'><strong>collaris</strong></span> <span class='ocrx_word' id='word_1_643' title='bbox 803 4864 1167 4926; x_wconf 70' lang='lat' dir='ltr'><strong>similitudine</strong></span> <span class='ocrx_word' id='word_1_644' title='bbox 1194 4864 1366 4921; x_wconf 84' lang='lat' dir='ltr'><strong>mitur</strong></span> <span class='ocrx_word' id='word_1_645' title='bbox 1390 4865 1631 4920; x_wconf 80' lang='lat' dir='ltr'><strong>Method.</strong></span> <span class='ocrx_word' id='word_1_646' title='bbox 1662 4867 1730 4919; x_wconf 82' lang='lat' dir='ltr'><strong>de</strong></span> <span class='ocrx_word' id='word_1_647' title='bbox 1755 4864 1981 4937; x_wconf 86' lang='lat' dir='ltr'><strong>Symeo-</strong></span> 
     </span>
    </p>
   </div>
   <div class='ocr_carea' id='block_1_94' title="bbox 407 4940 1977 5005">
    <p class='ocr_par' dir='ltr' id='par_1_94' title="bbox 407 4940 1977 5005">
     <span class='ocr_line' id='line_1_94' title="bbox 407 4940 1977 5005; baseline -0.011 -1"><span class='ocrx_word' id='word_1_648' title='bbox 407 4966 478 5005; x_wconf 83' lang='lat' dir='ltr'><strong>ne</strong></span> <span class='ocrx_word' id='word_1_649' title='bbox 499 4959 553 5001; x_wconf 89' lang='lat' dir='ltr'><strong>et</strong></span> <span class='ocrx_word' id='word_1_650' title='bbox 576 4948 755 5004; x_wconf 80' lang='lat' dir='ltr'><strong>Anna,</strong></span> <span class='ocrx_word' id='word_1_651' title='bbox 779 4956 905 4997; x_wconf 91' lang='lat' dir='ltr'><strong>cum</strong></span> <span class='ocrx_word' id='word_1_652' title='bbox 931 4940 1145 4993; x_wconf 87' lang='lat' dir='ltr'><strong>inducit</strong></span> <span class='ocrx_word' id='word_1_653' title='bbox 1166 4948 1416 4991; x_wconf 88' lang='lat' dir='ltr'><strong>sanctum</strong></span> <span class='ocrx_word' id='word_1_654' title='bbox 1440 4950 1624 5005; x_wconf 86' lang='lat' dir='ltr'><strong>senem</strong></span> <span class='ocrx_word' id='word_1_655' title='bbox 1658 4944 1939 5005; x_wconf 84' lang='lat' dir='ltr'><strong>rogantem</strong></span> <span class='ocrx_word' id='word_1_656' title='bbox 1965 4953 1977 4987; x_wconf 93' lang='lat'>:</span> 
     </span>
    </p>
   </div>
   <div class='ocr_carea' id='block_1_95' title="bbox 421 5004 1981 5083">
    <p class='ocr_par' dir='ltr' id='par_1_95' title="bbox 421 5004 1981 5083">
     <span class='ocr_line' id='line_1_95' title="bbox 421 5004 1981 5083; baseline -0.01 -12"><span class='ocrx_word' id='word_1_657' title='bbox 421 5014 784 5083; x_wconf 80' lang='grc' dir='ltr'>Ἀπολυθῆναι</span> <span class='ocrx_word' id='word_1_658' title='bbox 833 5009 926 5083; x_wconf 74' lang='grc' dir='ltr'>τοῦ</span> <span class='ocrx_word' id='word_1_659' title='bbox 988 5006 1374 5083; x_wconf 45' lang='grc' dir='ltr'>δουλικοῷκαὶ</span> <span class='ocrx_word' id='word_1_660' title='bbox 1412 5004 1981 5083; x_wconf 44' lang='grc' dir='ltr'><strong>ἀχθοφόρου⁷Ακλοιοῦ·</strong></span> 
     </span>
    </p>
   </div>
   <div class='ocr_carea' id='block_1_96' title="bbox 408 5074 1983 5149">
    <p class='ocr_par' dir='ltr' id='par_1_96' title="bbox 408 5074 1983 5149">
     <span class='ocr_line' id='line_1_96' title="bbox 408 5074 1983 5149; baseline -0.01 -8"><span class='ocrx_word' id='word_1_661' title='bbox 408 5085 599 5142; x_wconf 77' lang='lat' dir='ltr'><strong>Servili</strong></span> <span class='ocrx_word' id='word_1_662' title='bbox 647 5074 695 5138; x_wconf 77' lang='grc' dir='ltr'>εὶ</span> <span class='ocrx_word' id='word_1_663' title='bbox 746 5081 1035 5149; x_wconf 80' lang='lat' dir='ltr'><strong>ponderosa</strong></span> <span class='ocrx_word' id='word_1_664' title='bbox 1068 5076 1324 5141; x_wconf 79' lang='lat' dir='ltr'><strong>cellario;</strong></span> <span class='ocrx_word' id='word_1_665' title='bbox 1364 5074 1482 5149; x_wconf 76' lang='lat' dir='ltr'><strong>quo</strong></span> <span class='ocrx_word' id='word_1_666' title='bbox 1534 5074 1716 5144; x_wconf 74' lang='lat' dir='ltr'><strong>plane,</strong></span> <span class='ocrx_word' id='word_1_667' title='bbox 1748 5074 1983 5149; x_wconf 77' lang='lat' dir='ltr'><strong>ﬁliorum</strong></span> 
     </span>
    </p>
   </div>
   <div class='ocr_carea' id='block_1_97' title="bbox 411 5146 1981 5219">
    <p class='ocr_par' dir='ltr' id='par_1_97' title="bbox 411 5146 1981 5219">
     <span class='ocr_line' id='line_1_97' title="bbox 411 5146 1981 5219; baseline -0.008 -9"><span class='ocrx_word' id='word_1_668' title='bbox 411 5160 528 5219; x_wconf 89' lang='lat' dir='ltr'><strong>illa,</strong></span> <span class='ocrx_word' id='word_1_669' title='bbox 568 5164 621 5209; x_wconf 87' lang='lat' dir='ltr'><strong>et</strong></span> <span class='ocrx_word' id='word_1_670' title='bbox 654 5146 959 5205; x_wconf 72' lang='lat' dir='ltr'><strong>amicorum</strong></span> <span class='ocrx_word' id='word_1_671' title='bbox 986 5149 1312 5219; x_wconf 71' lang='lat' dir='ltr'><strong>explicatior</strong></span> <span class='ocrx_word' id='word_1_672' title='bbox 1349 5146 1667 5219; x_wconf 80' lang='lat' dir='ltr'><strong>divinorum</strong></span> <span class='ocrx_word' id='word_1_673' title='bbox 1715 5146 1981 5219; x_wconf 75' lang='lat' dir='ltr'><strong>cognitio,</strong></span> 
     </span>
    </p>
   </div>
   <div class='ocr_carea' id='block_1_98' title="bbox 412 5215 1982 5294">
    <p class='ocr_par' dir='ltr' id='par_1_98' title="bbox 412 5215 1982 5294">
     <span class='ocr_line' id='line_1_98' title="bbox 412 5215 1982 5294; baseline -0.009 -13"><span class='ocrx_word' id='word_1_674' title='bbox 412 5215 836 5294; x_wconf 81' lang='lat' dir='ltr'><strong>impediebatur.</strong></span> <span class='ocrx_word' id='word_1_675' title='bbox 884 5215 1177 5294; x_wconf 51' lang='lat' dir='ltr'><strong>’Av‘cljroﬁ,</strong></span> <span class='ocrx_word' id='word_1_676' title='bbox 1208 5217 1303 5269; x_wconf 72' lang='grc' dir='ltr'>καὶ</span> <span class='ocrx_word' id='word_1_677' title='bbox 1346 5215 1982 5294; x_wconf 42' lang='grc' dir='ltr'>μέριμνα-τρῃοερίηιμε,</span> 
     </span>
    </p>
   </div>
   <div class='ocr_carea' id='block_1_99' title="bbox 407 5285 1987 5419">
    <p class='ocr_par' dir='ltr' id='par_1_99' title="bbox 407 5285 1987 5419">
     <span class='ocr_line' id='line_1_99' title="bbox 407 5285 1987 5419; baseline -0.006 -72"><span class='ocrx_word' id='word_1_678' title='bbox 407 5285 773 5419; x_wconf 51' lang='grc' dir='ltr'>τῗμερίμνῃ,</span> <span class='ocrx_word' id='word_1_679' title='bbox 803 5298 864 5345; x_wconf 80' lang='grc' dir='ltr'>ιιι</span> <span class='ocrx_word' id='word_1_680' title='bbox 901 5292 972 5344; x_wconf 90' lang='lat' dir='ltr'><strong>sit</strong></span> <span class='ocrx_word' id='word_1_681' title='bbox 1001 5288 1278 5358; x_wconf 83' lang='lat' dir='ltr'><strong>adjectum</strong></span> <span class='ocrx_word' id='word_1_682' title='bbox 1311 5285 1719 5356; x_wconf 50' lang='grc' dir='ltr'>τῷ,“ὀφθαλμὸς</span> <span class='ocrx_word' id='word_1_683' title='bbox 1752 5285 1987 5354; x_wconf 86' lang='grc' dir='ltr'>Ἐκκλη-</span> 
     </span>
     <span class='ocr_line' id='line_1_100' title="bbox 412 5382 553 5419; baseline -0.028 -1"><span class='ocrx_word' id='word_1_684' title='bbox 412 5382 441 5418; x_wconf 88' lang='grc' dir='ltr'>ο</span> <span class='ocrx_word' id='word_1_685' title='bbox 469 5382 553 5419; x_wconf 77' lang='grc' dir='ltr'><strong>ας.</strong></span> 
     </span>
    </p>
   </div>
   <div class='ocr_carea' id='block_1_100' title="bbox 412 5382 553 5425">
    <p class='ocr_par' dir='ltr' id='par_1_100' title="bbox 412 5382 553 5425">
     <span class='ocr_line' id='line_1_101' title="bbox 412 5382 553 5425; baseline -0.028 -7"><span class='ocrx_word' id='word_1_686' title='bbox 412 5382 553 5425; x_wconf 88' lang='grc' dir='ltr'>οιας.</span> 
     </span>
    </p>
   </div>
   <div class='ocr_carea' id='block_1_101' title="bbox 484 5422 1986 5503">
    <p class='ocr_par' dir='ltr' id='par_1_101' title="bbox 484 5422 1986 5503">
     <span class='ocr_line' id='line_1_102' title="bbox 484 5422 1986 5503; baseline -0.007 -15"><span class='ocrx_word' id='word_1_687' title='bbox 484 5422 593 5503; x_wconf 66' lang='lat' dir='ltr'><strong>(Gl)</strong></span> <span class='ocrx_word' id='word_1_688' title='bbox 631 5431 855 5503; x_wconf 76' lang='lat' dir='ltr'><strong>Pulchre</strong></span> <span class='ocrx_word' id='word_1_689' title='bbox 909 5445 969 5481; x_wconf 89' lang='lat' dir='ltr'><strong>ac</strong></span> <span class='ocrx_word' id='word_1_690' title='bbox 1000 5437 1127 5503; x_wconf 75' lang='lat' dir='ltr'><strong>_ar!e</strong></span> <span class='ocrx_word' id='word_1_691' title='bbox 1179 5423 1388 5503; x_wconf 40' lang='lat' dir='ltr'><strong>colona.</strong></span> <span class='ocrx_word' id='word_1_692' title='bbox 1433 5423 1815 5495; x_wconf 85' lang='grc' dir='ltr'>Καλλιεργῶν.</span> <span class='ocrx_word' id='word_1_693' title='bbox 1867 5422 1986 5503; x_wconf 77' lang='lat' dir='ltr'><strong>V_ox</strong></span> 
     </span>
    </p>
   </div>
   <div class='ocr_carea' id='block_1_102' title="bbox 412 5494 1986 5575">
    <p class='ocr_par' dir='ltr' id='par_1_102' title="bbox 412 5494 1986 5575">
     <span class='ocr_line' id='line_1_103' title="bbox 412 5494 1986 5575; baseline -0.006 -17"><span class='ocrx_word' id='word_1_694' title='bbox 412 5494 699 5575; x_wconf 76' lang='lat' dir='ltr'><strong>aptissima</strong></span> <span class='ocrx_word' id='word_1_695' title='bbox 721 5518 735 5567; x_wconf 92' lang='lat'><strong>;</strong></span> <span class='ocrx_word' id='word_1_696' title='bbox 761 5501 911 5575; x_wconf 38' lang='lat' dir='ltr'><strong>Asive</strong></span> <span class='ocrx_word' id='word_1_697' title='bbox 963 5497 1105 5575; x_wconf 73' lang='lat' dir='ltr'><strong>vites</strong></span> <span class='ocrx_word' id='word_1_698' title='bbox 1146 5494 1455 5575; x_wconf 77' lang='lat' dir='ltr'><strong>materiales</strong></span> <span class='ocrx_word' id='word_1_699' title='bbox 1473 5494 1842 5575; x_wconf 72' lang='lat' dir='ltr'><strong>_-spec_t_emus,</strong></span> <span class='ocrx_word' id='word_1_700' title='bbox 1860 5494 1986 5549; x_wconf 69' lang='lat' dir='ltr'><strong>sive</strong></span> 
     </span>
    </p>
   </div>
   <div class='ocr_carea' id='block_1_103' title="bbox 412 5564 1985 5639">
    <p class='ocr_par' dir='ltr' id='par_1_103' title="bbox 412 5564 1985 5639">
     <span class='ocr_line' id='line_1_104' title="bbox 412 5564 1985 5639; baseline -0.007 -10"><span class='ocrx_word' id='word_1_701' title='bbox 412 5564 732 5629; x_wconf 78' lang='lat' dir='ltr'><strong>rationales.</strong></span> <span class='ocrx_word' id='word_1_702' title='bbox 751 5569 964 5639; x_wconf 86' lang='lat' dir='ltr'><strong>Quippe</strong></span> <span class='ocrx_word' id='word_1_703' title='bbox 988 5567 1189 5639; x_wconf 79' lang='lat' dir='ltr'><strong>habent</strong></span> <span class='ocrx_word' id='word_1_704' title='bbox 1207 5574 1323 5617; x_wconf 91' lang='lat' dir='ltr'><strong>tum</strong></span> <span class='ocrx_word' id='word_1_705' title='bbox 1346 5564 1451 5639; x_wconf 66' lang='lat' dir='ltr'><strong>ha,</strong></span> <span class='ocrx_word' id='word_1_706' title='bbox 1471 5572 1585 5617; x_wconf 91' lang='lat' dir='ltr'><strong>tum</strong></span> <span class='ocrx_word' id='word_1_707' title='bbox 1606 5565 1733 5626; x_wconf 76' lang='lat' dir='ltr'><strong>illa,</strong></span> <span class='ocrx_word' id='word_1_708' title='bbox 1759 5577 1985 5619; x_wconf 85' lang='lat' dir='ltr'><strong>necesse</strong></span> 
     </span>
    </p>
   </div>
   <div class='ocr_carea' id='block_1_104' title="bbox 412 5633 1984 5705">
    <p class='ocr_par' dir='ltr' id='par_1_104' title="bbox 412 5633 1984 5705">
     <span class='ocr_line' id='line_1_105' title="bbox 412 5633 1984 5705; baseline -0.009 -6"><span class='ocrx_word' id='word_1_709' title='bbox 412 5645 490 5699; x_wconf 85' lang='lat' dir='ltr'><strong>ita</strong></span> <span class='ocrx_word' id='word_1_710' title='bbox 519 5643 648 5705; x_wconf 89' lang='lat' dir='ltr'><strong>coli,</strong></span> <span class='ocrx_word' id='word_1_711' title='bbox 678 5653 735 5695; x_wconf 85' lang='lat' dir='ltr'><strong>nt</strong></span> <span class='ocrx_word' id='word_1_712' title='bbox 764 5633 1002 5695; x_wconf 41' lang='lat' dir='ltr'><strong>fruct—um</strong></span> <span class='ocrx_word' id='word_1_713' title='bbox 1028 5636 1325 5705; x_wconf 78' lang='lat' dir='ltr'><strong>plurimum</strong></span> <span class='ocrx_word' id='word_1_714' title='bbox 1355 5633 1586 5688; x_wconf 76' lang='lat' dir='ltr'><strong>aﬂ&#39;erant</strong></span> <span class='ocrx_word' id='word_1_715' title='bbox 1618 5650 1632 5685; x_wconf 87' lang='lat'><strong>:</strong></span> <span class='ocrx_word' id='word_1_716' title='bbox 1662 5648 1841 5705; x_wconf 84' lang='lat' dir='ltr'><strong>eoque</strong></span> <span class='ocrx_word' id='word_1_717' title='bbox 1864 5648 1984 5705; x_wconf 43' lang='lat' dir='ltr'><strong>{non</strong></span> 
     </span>
    </p>
   </div>
   <div class='ocr_carea' id='block_1_105' title="bbox 413 5702 2041 5780">
    <p class='ocr_par' dir='ltr' id='par_1_105' title="bbox 413 5702 2041 5780">
     <span class='ocr_line' id='line_1_106' title="bbox 413 5702 2041 5780; baseline -0.008 -12"><span class='ocrx_word' id='word_1_718' title='bbox 413 5702 660 5768; x_wconf 80' lang='lat' dir='ltr'><strong>omnium</strong></span> <span class='ocrx_word' id='word_1_719' title='bbox 688 5721 775 5767; x_wconf 86' lang='lat' dir='ltr'><strong>est</strong></span> <span class='ocrx_word' id='word_1_720' title='bbox 812 5702 1084 5780; x_wconf 78' lang='lat' dir='ltr'><strong>ejusmodi</strong></span> <span class='ocrx_word' id='word_1_721' title='bbox 1122 5702 1360 5760; x_wconf 81' lang='lat' dir='ltr'><strong>maxime</strong></span> <span class='ocrx_word' id='word_1_722' title='bbox 1393 5704 1584 5760; x_wconf 83' lang='lat' dir='ltr'><strong>vitium</strong></span> <span class='ocrx_word' id='word_1_723' title='bbox 1628 5704 1986 5758; x_wconf 87' lang='lat' dir='ltr'><strong>rationalium</strong></span> <span class='ocrx_word' id='word_1_724' title='bbox 2030 5722 2041 5727; x_wconf 69' lang='lat'><strong><em>&#39;</em></strong></span> 
     </span>
    </p>
   </div>
   <div class='ocr_carea' id='block_1_106' title="bbox 2087 4867 3045 4932">
    <p class='ocr_par' dir='ltr' id='par_1_106' title="bbox 2087 4867 3045 4932">
     <span class='ocr_line' id='line_1_107' title="bbox 2087 4867 3045 4932; baseline 0.004 -10"><span class='ocrx_word' id='word_1_725' title='bbox 2087 4867 2289 4923; x_wconf 85' lang='lat' dir='ltr'><strong>Christi</strong></span> <span class='ocrx_word' id='word_1_726' title='bbox 2316 4872 2493 4932; x_wconf 78' lang='lat' dir='ltr'><strong>vinea.</strong></span> <span class='ocrx_word' id='word_1_727' title='bbox 2530 4872 2777 4927; x_wconf 85' lang='lat' dir='ltr'><strong>Ecclesia</strong></span> <span class='ocrx_word' id='word_1_728' title='bbox 2802 4873 3045 4927; x_wconf 76' lang='lat' dir='ltr'><strong>haberet.</strong></span> 
     </span>
    </p>
   </div>
   <div class='ocr_carea' id='block_1_107' title="bbox 2156 4940 3715 5014">
    <p class='ocr_par' dir='ltr' id='par_1_107' title="bbox 2156 4940 3715 5014">
     <span class='ocr_line' id='line_1_108' title="bbox 2156 4940 3715 5014; baseline 0.007 -20"><span class='ocrx_word' id='word_1_729' title='bbox 2156 4940 2268 5014; x_wconf 83' lang='grc'>(65)</span> <span class='ocrx_word' id='word_1_730' title='bbox 2301 4942 2650 4996; x_wconf 78' lang='lat' dir='ltr'><strong>Armaturam</strong></span> <span class='ocrx_word' id='word_1_731' title='bbox 2697 4942 2871 4998; x_wconf 80' lang='lat' dir='ltr'><strong>Verbi.</strong></span> <span class='ocrx_word' id='word_1_732' title='bbox 2908 4944 3066 5014; x_wconf 84' lang='lat' dir='ltr'><strong>Apud</strong></span> <span class='ocrx_word' id='word_1_733' title='bbox 3109 4942 3341 4999; x_wconf 83' lang='lat' dir='ltr'><strong>Paulum</strong></span> <span class='ocrx_word' id='word_1_734' title='bbox 3377 4956 3483 5011; x_wconf 89' lang='lat' dir='ltr'><strong>est.</strong></span> <span class='ocrx_word' id='word_1_735' title='bbox 3517 4948 3615 5005; x_wconf 80' lang='lat' dir='ltr'><strong>Dei</strong></span> <span class='ocrx_word' id='word_1_736' title='bbox 3645 4967 3665 5004; x_wconf 88' lang='lat'><strong><em>:</em></strong></span> <span class='ocrx_word' id='word_1_737' title='bbox 3707 4940 3715 5014; x_wconf 70' lang='grc' dir='ltr'><strong>ξ</strong></span> 
     </span>
    </p>
   </div>
   <div class='ocr_carea' id='block_1_108' title="bbox 2082 5010 3660 5086">
    <p class='ocr_par' dir='ltr' id='par_1_108' title="bbox 2082 5010 3660 5086">
     <span class='ocr_line' id='line_1_109' title="bbox 2082 5010 3660 5086; baseline 0.007 -23"><span class='ocrx_word' id='word_1_738' title='bbox 2082 5027 2145 5064; x_wconf 73' lang='grc' dir='ltr'>οι</span> <span class='ocrx_word' id='word_1_739' title='bbox 2179 5010 2339 5086; x_wconf 82' lang='lat' dir='ltr'><strong>cujus</strong></span> <span class='ocrx_word' id='word_1_740' title='bbox 2369 5010 3078 5086; x_wconf 28' lang='lat' dir='ltr'><strong>textuhsupplevimusqua</strong></span> <span class='ocrx_word' id='word_1_741' title='bbox 3110 5014 3296 5069; x_wconf 90' lang='lat' dir='ltr'><strong>clausa</strong></span> <span class='ocrx_word' id='word_1_742' title='bbox 3334 5029 3660 5086; x_wconf 85' lang='lat' dir='ltr'><strong>sequuntur,</strong></span> 
     </span>
    </p>
   </div>
   <div class='ocr_carea' id='block_1_109' title="bbox 2086 5079 3662 5158">
    <p class='ocr_par' dir='ltr' id='par_1_109' title="bbox 2086 5079 3662 5158">
     <span class='ocr_line' id='line_1_110' title="bbox 2086 5079 3662 5158; baseline 0.006 -23"><span class='ocrx_word' id='word_1_743' title='bbox 2086 5091 2210 5158; x_wconf 77' lang='lat' dir='ltr'><strong>post</strong></span> <span class='ocrx_word' id='word_1_744' title='bbox 2250 5079 2331 5143; x_wconf 84' lang='grc' dir='ltr'><strong>τὸ,</strong></span> <span class='ocrx_word' id='word_1_745' title='bbox 2388 5079 2856 5158; x_wconf 72' lang='grc' dir='ltr'>περιζωσάμενος.</span> <span class='ocrx_word' id='word_1_746' title='bbox 2907 5079 3107 5158; x_wconf 78' lang='lat' dir='ltr'><strong>Sicque</strong></span> <span class='ocrx_word' id='word_1_747' title='bbox 3153 5085 3354 5154; x_wconf 89' lang='lat' dir='ltr'><strong>passim</strong></span> <span class='ocrx_word' id='word_1_748' title='bbox 3388 5079 3528 5158; x_wconf 73' lang='lat' dir='ltr'><strong>opus</strong></span> <span class='ocrx_word' id='word_1_749' title='bbox 3562 5079 3662 5145; x_wconf 50' lang='lat' dir='ltr'><strong>ha:-</strong></span> 
     </span>
    </p>
   </div>
   <div class='ocr_carea' id='block_1_110' title="bbox 2086 5150 3659 5227">
    <p class='ocr_par' dir='ltr' id='par_1_110' title="bbox 2086 5150 3659 5227">
     <span class='ocr_line' id='line_1_111' title="bbox 2086 5150 3659 5227; baseline 0.008 -22"><span class='ocrx_word' id='word_1_750' title='bbox 2086 5150 2307 5205; x_wconf 88' lang='lat' dir='ltr'><strong>buimus</strong></span> <span class='ocrx_word' id='word_1_751' title='bbox 2372 5150 2566 5227; x_wconf 72' lang='lat' dir='ltr'><strong>codice</strong></span> <span class='ocrx_word' id='word_1_752' title='bbox 2614 5150 2752 5209; x_wconf 83' lang='lat' dir='ltr'><strong>satis</strong></span> <span class='ocrx_word' id='word_1_753' title='bbox 2801 5150 3171 5227; x_wconf 78' lang='lat' dir='ltr'><strong>mendoso_ei</strong></span> <span class='ocrx_word' id='word_1_754' title='bbox 3223 5150 3659 5227; x_wconf 76' lang='lat' dir='ltr'><strong>compendiario.</strong></span> 
     </span>
    </p>
   </div>
   <div class='ocr_carea' id='block_1_111' title="bbox 2085 5222 3662 5299">
    <p class='ocr_par' dir='ltr' id='par_1_111' title="bbox 2085 5222 3662 5299">
     <span class='ocr_line' id='line_1_112' title="bbox 2085 5222 3662 5299; baseline 0.006 -25"><span class='ocrx_word' id='word_1_755' title='bbox 2085 5233 2193 5290; x_wconf 89' lang='lat' dir='ltr'><strong>qua</strong></span> <span class='ocrx_word' id='word_1_756' title='bbox 2226 5222 2502 5299; x_wconf 65' lang='lat' dir='ltr'><strong>supplere,</strong></span> <span class='ocrx_word' id='word_1_757' title='bbox 2539 5238 2650 5291; x_wconf 85' lang='lat' dir='ltr'><strong>qua</strong></span> <span class='ocrx_word' id='word_1_758' title='bbox 2672 5223 2982 5299; x_wconf 65' lang='lat' dir='ltr'><strong>corrigere;</strong></span> <span class='ocrx_word' id='word_1_759' title='bbox 3016 5224 3108 5280; x_wconf 92' lang='lat' dir='ltr'><strong>ubi</strong></span> <span class='ocrx_word' id='word_1_760' title='bbox 3144 5225 3330 5280; x_wconf 87' lang='lat' dir='ltr'><strong>statim</strong></span> <span class='ocrx_word' id='word_1_761' title='bbox 3352 5222 3662 5299; x_wconf 71' lang='lat' dir='ltr'><strong>apparebat</strong></span> 
     </span>
    </p>
   </div>
   <div class='ocr_carea' id='block_1_112' title="bbox 2095 5288 2991 5361">
    <p class='ocr_par' dir='ltr' id='par_1_112' title="bbox 2095 5288 2991 5361">
     <span class='ocr_line' id='line_1_113' title="bbox 2095 5288 2991 5361; baseline 0.008 -19"><span class='ocrx_word' id='word_1_762' title='bbox 2095 5288 2423 5361; x_wconf 65' lang='lat' dir='ltr'><strong>manifestus</strong></span> <span class='ocrx_word' id='word_1_763' title='bbox 2458 5288 2646 5360; x_wconf 76' lang='lat' dir='ltr'><strong>lapsus</strong></span> <span class='ocrx_word' id='word_1_764' title='bbox 2673 5288 2991 5361; x_wconf 74' lang='lat' dir='ltr'><strong>antiquarii.</strong></span> 
     </span>
    </p>
   </div>
   <div class='ocr_carea' id='block_1_113' title="bbox 2163 5357 3661 5433">
    <p class='ocr_par' dir='ltr' id='par_1_113' title="bbox 2163 5357 3661 5433">
     <span class='ocr_line' id='line_1_114' title="bbox 2163 5357 3661 5433; baseline 0.007 -22"><span class='ocrx_word' id='word_1_765' title='bbox 2163 5357 2276 5433; x_wconf 78' lang='grc'>(66)</span> <span class='ocrx_word' id='word_1_766' title='bbox 2299 5357 2736 5433; x_wconf 71' lang='lat' dir='ltr'><strong>Aduersariorum</strong></span> <span class='ocrx_word' id='word_1_767' title='bbox 2757 5357 2998 5418; x_wconf 79' lang='lat' dir='ltr'><strong>inimicos</strong></span> <span class='ocrx_word' id='word_1_768' title='bbox 3031 5363 3184 5419; x_wconf 80' lang='lat' dir='ltr'><strong>dolos</strong></span> <span class='ocrx_word' id='word_1_769' title='bbox 3203 5382 3399 5433; x_wconf 73' lang='lat' dir='ltr'><strong>omnes,</strong></span> <span class='ocrx_word' id='word_1_770' title='bbox 3419 5378 3526 5424; x_wconf 65' lang='grc' dir='ltr'>(διν.</span> <span class='ocrx_word' id='word_1_771' title='bbox 3548 5372 3661 5424; x_wconf 69' lang='grc' dir='ltr'><strong>Πεί-</strong></span> 
     </span>
    </p>
   </div>
   <div class='ocr_carea' id='block_1_114' title="bbox 2094 5430 3662 5511">
    <p class='ocr_par' dir='ltr' id='par_1_114' title="bbox 2094 5430 3662 5511">
     <span class='ocr_line' id='line_1_115' title="bbox 2094 5430 3662 5511; baseline 0.007 -31"><span class='ocrx_word' id='word_1_772' title='bbox 2094 5430 2478 5511; x_wconf 53' lang='grc' dir='ltr'>σσνξναντίων</span> <span class='ocrx_word' id='word_1_773' title='bbox 2526 5433 2853 5511; x_wconf 65' lang='grc' dir='ltr'>ἀντιπλοκὴν</span> <span class='ocrx_word' id='word_1_774' title='bbox 2881 5433 3351 5511; x_wconf 77' lang='grc' dir='ltr'>διανορθούμενος.</span> <span class='ocrx_word' id='word_1_775' title='bbox 3386 5430 3456 5492; x_wconf 81' lang='lat' dir='ltr'><strong>ita</strong></span> <span class='ocrx_word' id='word_1_776' title='bbox 3490 5457 3662 5511; x_wconf 66' lang='lat' dir='ltr'><strong>expu-</strong></span> 
     </span>
    </p>
   </div>
   <div class='ocr_carea' id='block_1_115' title="bbox 2091 5497 3661 5575">
    <p class='ocr_par' dir='ltr' id='par_1_115' title="bbox 2091 5497 3661 5575">
     <span class='ocr_line' id='line_1_116' title="bbox 2091 5497 3661 5575; baseline 0.01 -25"><span class='ocrx_word' id='word_1_777' title='bbox 2091 5497 2338 5575; x_wconf 78' lang='lat' dir='ltr'><strong>nitBud.</strong></span> <span class='ocrx_word' id='word_1_778' title='bbox 2397 5500 2489 5575; x_wconf 74' lang='grc' dir='ltr'><strong>Τὸ,</strong></span> <span class='ocrx_word' id='word_1_779' title='bbox 2549 5502 2754 5575; x_wconf 52' lang='lat' dir='ltr'><strong>niteat};</strong></span> <span class='ocrx_word' id='word_1_780' title='bbox 2811 5497 2953 5575; x_wconf 81' lang='lat' dir='ltr'><strong>apud</strong></span> <span class='ocrx_word' id='word_1_781' title='bbox 3011 5497 3368 5575; x_wconf 78' lang='lat' dir='ltr'><strong>Gregorium,</strong></span> <span class='ocrx_word' id='word_1_782' title='bbox 3427 5497 3661 5566; x_wconf 38' lang='lat' dir='ltr'><strong>aderit-ns</strong></span> 
     </span>
    </p>
   </div>
   <div class='ocr_carea' id='block_1_116' title="bbox 2090 5567 3661 5650">
    <p class='ocr_par' dir='ltr' id='par_1_116' title="bbox 2090 5567 3661 5650">
     <span class='ocr_line' id='line_1_117' title="bbox 2090 5567 3661 5650; baseline 0.008 -30"><span class='ocrx_word' id='word_1_783' title='bbox 2090 5567 2237 5650; x_wconf 78' lang='lat' dir='ltr'><strong>hunc</strong></span> <span class='ocrx_word' id='word_1_784' title='bbox 2264 5569 2382 5650; x_wconf 74' lang='lat' dir='ltr'><strong>ejus</strong></span> <span class='ocrx_word' id='word_1_785' title='bbox 2412 5571 2613 5650; x_wconf 76' lang='lat' dir='ltr'><strong>locum.</strong></span> <span class='ocrx_word' id='word_1_786' title='bbox 2632 5567 2901 5650; x_wconf 58' lang='grc' dir='ltr'><strong>ΔΤὸιςμὲν</strong></span> <span class='ocrx_word' id='word_1_787' title='bbox 2942 5575 3005 5627; x_wconf 82' lang='grc' dir='ltr'>ὲκ</span> <span class='ocrx_word' id='word_1_788' title='bbox 3049 5567 3159 5650; x_wconf 63' lang='grc' dir='ltr'><strong>τῶν</strong></span> <span class='ocrx_word' id='word_1_789' title='bbox 3200 5567 3475 5650; x_wconf 80' lang='grc' dir='ltr'>λογισμῶν</span> <span class='ocrx_word' id='word_1_790' title='bbox 3504 5597 3661 5650; x_wconf 82' lang='grc' dir='ltr'>στρο-</span> 
     </span>
    </p>
   </div>
   <div class='ocr_carea' id='block_1_117' title="bbox 2090 5639 3660 5719">
    <p class='ocr_par' dir='ltr' id='par_1_117' title="bbox 2090 5639 3660 5719">
     <span class='ocr_line' id='line_1_118' title="bbox 2090 5639 3660 5719; baseline 0.011 -30"><span class='ocrx_word' id='word_1_791' title='bbox 2090 5639 2194 5704; x_wconf 77' lang='grc' dir='ltr'><strong>φὰς</strong></span> <span class='ocrx_word' id='word_1_792' title='bbox 2242 5640 2335 5692; x_wconf 74' lang='grc' dir='ltr'>καὶ</span> <span class='ocrx_word' id='word_1_793' title='bbox 2390 5641 2595 5706; x_wconf 70' lang='grc' dir='ltr'>πλοκὰς</span> <span class='ocrx_word' id='word_1_794' title='bbox 2627 5639 2973 5714; x_wconf 81' lang='grc' dir='ltr'>διεσείσαμεν</span> <span class='ocrx_word' id='word_1_795' title='bbox 3012 5648 3079 5718; x_wconf 75' lang='grc' dir='ltr'>τῇ</span> <span class='ocrx_word' id='word_1_796' title='bbox 3110 5639 3335 5719; x_wconf 71' lang='grc' dir='ltr'>δυνάμει</span> <span class='ocrx_word' id='word_1_797' title='bbox 3360 5639 3462 5705; x_wconf 81' lang='grc' dir='ltr'>’τοῦ</span> <span class='ocrx_word' id='word_1_798' title='bbox 3496 5639 3660 5705; x_wconf 70' lang='grc' dir='ltr'>πνεύ-</span> 
     </span>
    </p>
   </div>
   <div class='ocr_carea' id='block_1_118' title="bbox 2098 5724 2284 5777">
    <p class='ocr_par' dir='ltr' id='par_1_118' title="bbox 2098 5724 2284 5777">
     <span class='ocr_line' id='line_1_119' title="bbox 2098 5724 2284 5777; baseline 0.005 -16"><span class='ocrx_word' id='word_1_799' title='bbox 2098 5724 2284 5777; x_wconf 82' lang='grc' dir='ltr'>ματος.</span> 
     </span>
    </p>
   </div>
  </div>
