3978 6140
376 317 528 388 1109

1581 323 1642 380 S.
1678 319 2005 382 ANDRErE
2030 321 2453 383 CRETENSIS

3515 323 3646 391 1200

382 431 605 504 sagittis
678 432 970 488 confodis:
1029 440 1258 503 tumque
1331 441 1565 489 strenue
1634 443 1953 505 protegens,

2064 436 2460 506 ὑπερασπίζων
2488 480 2503 503 ,
2554 435 3033 506 ἁντιπεριῖστασαι
3073 436 3172 491 καὶ
3227 437 3637 502 ἀντιϐουκολείς

386 532 657 594 stansque
706 540 772 579 ex
821 525 1084 588 adverso,
1116 539 1181 579 ac
1230 524 1490 581 inimicas
1540 527 1691 595 gregi
1732 515 1960 581 s'uhmo-

383 630 522 669 vens
553 617 727 680 acies,
758 616 1106 685 protectione
1141 614 1468 683 defunctus,
1493 617 1695 672 ellicaci
1733 617 1959 673 dextera

381 709 508 764 lidei
562 707 806 778 gladium
862 707 1109 773 elevans,
1167 710 1283 762 Arii
1327 709 1535 779 pariter
1556 711 1739 764 vivam
1775 711 1953 777 illam,

334 838 344 846 ς
376 804 456 855 int
480 816 730 867 inanique
770 801 1088 855 divisionem
1114 799 1226 869 (67)
1259 813 1313 856 et
1357 805 1785 858 contractionem
1829 803 1933 857 Sa-

370 894 823 958 bellii,radicitus
848 894 1120 949 excidisti.
1169 894 1311 961 Quin
1346 905 1400 950 et
1423 910 1518 951 eos
1557 897 1648 967 qui
1683 897 1845 952 unius
1865 912 1931 951 ex

378 981 540 1037 beata
574 981 766 1037 eadem
818 997 883 1036 ac
922 983 1205 1038 adoranda
1257 983 1558 1051 Trinitate,
1610 990 1816 1044 Christi
1840 991 1955 1044 veri

378 1073 476 1126 Dei
542 1071 986 1141 dispensationis
1039 1077 1093 1130 in
1147 1092 1316 1132 carne
1367 1089 1801 1146 sacramentum,
1861 1090 1957 1136 aut

377 1166 725 1221 confundere
757 1177 1127 1236 praesumunt,
1173 1179 1271 1223 ant
1302 1169 1570 1234 dividere,
1624 1174 1833 1242 quique
1863 1189 1955 1228 se-

376 1257 544 1335 quius
574 1258 710 1311 illnd
755 1270 1114 1328 acceperunt,
1162 1262 1280 1316 sive
1310 1263 1405 1331 qui
1442 1264 1727 1318 ambarum
1755 1266 1807 1318 in
1846 1280 1956 1318 uno

376 1349 940 1419 eodemque-Christo
978 1362 1033 1407 et
1072 1351 1183 1408 Deo
1228 1356 1686 1410 concurrentium
1722 1365 1953 1410 natura-

375 1457 522 1505 rum,
576 1443 804 1498 unionis
871 1444 1252 1515 hypostaticm,
1316 1448 1549 1503 alterius
1608 1451 1956 1519 alteriusque

374 1535 655 1603 essentite,
700 1536 976 1590 rationem
1027 1537 1376 1593 inconfusam
1439 1540 1711 1609 planeque
1755 1542 1955 1595 indivl-

362 1642 494 1681 sam
547 1640 661 1681 non
710 1614 1074 1690 conﬁtentur,
1120 1629 1497 1697 percussisti:
1542 1631 1850 1701 eodemque
1879 1633 1957 1686 si-

370 1730 616 1773 romaste
661 1718 814 1788 ligno
844 1716 977 1790 (68),
1017 1720 1165 1772 velut
1194 1720 1428 1775 Phinees
1481 1718 1572 1775 ille
1600 1731 1645 1786 ο,
1687 1723 1954 1776 alterutro

2065 528 2192 591 τοὺς
2246 528 2604 591 ἁντίτακτους
2630 528 2728 599 τῆς
2763 529 3001 599 ποίμνης
3025 546 3118 582 σου
3150 546 3164 559 ο
3201 531 3297 583 καὶ
3325 529 3472 584 οὕτω
3503 532 3639 601 μετὰ

2064 617 2157 670 τὸν
2189 617 2591 688 συνασπισμὸν,
2621 621 2685 688 τῇ
2711 622 2989 689 πρακτικῇ
3050 619 3203 690 δοξιᾷ
3248 623 3647 677 συναπαιωοῶν

2063 707 2248 777 τὸτῆς
2305 706 2542 768 πίστεως
2603 708 2920 773 φάσγανον,
2966 707 3065 778 τὴν
3121 709 3368 779 ἔμψυχον
3435 710 3646 781 ’Δρείου

2065 797 2408 868 κατατομὴν,
2430 800 2498 869 τῇ
2540 797 2855 867 συναιρέσει
2894 797 2990 851 τοῦ
3015 797 3312 854 Σαϐελλίου
3345 801 3647 854 συναπέτεο

2069 906 2166 959 μες
2220 888 2616 958 προθέλυμνον.
2672 889 2783 942 Καὶ
2817 888 2926 959 μὴν
2956 890 3054 941 καὶ
3102 891 3233 952 τοὺς
3264 893 3486 959 συγχεῖν
3519 891 3645 944 τολ-

2068 982 2285 1051 μῶντας
2319 981 2352 1051 ἢ
2382 981 2634 1051 διαιρεῖν,
2697 981 2794 1033 τοῦ
2844 982 2963 1044 ἑνὸς
2996 982 3098 1051 τῆς
3138 982 3311 1052 αὐτῆς
3368 983 3646 1053 μακαρίας

2065 1073 2161 1126 καὶ
2186 1072 2487 1142 σεὸασμίου
2515 1071 2765 1142 Τριάδος,
2786 1071 3030 1141 Χριστοῦ
3058 1072 3153 1125 τοῦ
3181 1071 3444 1141 ἀληθινοῦ
3464 1070 3647 1143 [Θεοῦ]

2062 1163 2161 1235 τὴν
2187 1162 2544 1233 οἰκονομικὴν
2578 1161 3031 1232 ὲνανθρώπησιν·
3071 1164 3168 1219 καὶ
3218 1162 3349 1226 τοὺς
3401 1165 3531 1233 μήτ’
3554 1166 3649 1216 αὺ-

2061 1259 2164 1327 τὴν
2216 1256 2393 1328 ὀρθῶς
2438 1256 2832 1327 ὑπειληφότας,
2889 1256 2922 1326 ἣ
2956 1255 3056 1323 τῆς
3090 1255 3210 1311 καθ’
3247 1255 3520 1325 ἑκατέραν
3542 1256 3650 1309 τῶν

2064 1347 2435 1403 συνελθουσῶν
2466 1350 2524 1400 ὲν
2548 1346 2701 1419 αὐτῷ
2727 1349 2805 1418 τῷ
2837 1347 2918 1401 ἑνὶ
2954 1346 3178 1417 Χριστῷ
3205 1348 3299 1399 καὶ
3328 1347 3470 1417 Θεῷ,
3525 1347 3648 1403 καθ’

2063 1441 2366 1493 ὑπόστασιν
2396 1439 2645 1502 ὲνὼσεως
2674 1439 2785 1492 τῶν
2814 1438 3050 1506 φύσεων,
3104 1438 3197 1493 τὸν
3257 1439 3534 1507 ὲτεροφυᾶ
3559 1437 3649 1489 λόρ

2061 1548 2189 1599 γον,
2247 1529 2322 1602 μὴ
2373 1527 2777 1601 ὁμολογοῦντας
2850 1529 3162 1599 ἀσύγχυτον
3208 1530 3305 1582 καὶ
3361 1529 3651 1592 παντελῶς

2061 1623 2459 1688 ἀδιάσπαστον,
2493 1624 2685 1690 ἕνυγες
2719 1623 2818 1676 καὶ
2844 1621 2922 1690 τῷ
2949 1623 3101 1693 αὐτῷ
3129 1621 3473 1692 σειρομόωτῃ
3507 1620 3653 1691 ξύλῳ

2062 1715 2136 1785 τῷ
2170 1717 2313 1768 κατὰ
2342 1715 2436 1770 τὸν
2463 1716 2671 1780 Φινεὲς,
2695 1718 2975 1784 συναφεῖς
3000 1715 3127 1778 τοὺς
3152 1715 3429 1782 ὁποτέρως
3458 1714 3650 1767 ὲκπιλξο

374 1807 541 1861 modo
591 1808 961 1874 declinantes,
999 1809 1281 1864 universis
1328 1810 1499 1864 Deum
1559 1813 1950 1867 universorum

2060 1823 2271 1871 νοντας,
2326 1807 2421 1860 τὸν
2447 1808 2669 1867 πάντων
2689 1806 2821 1859 Θεὸν
2856 1808 2968 1869 τοῖς
3002 1808 3167 1863 πᾶσιν
3199 1805 3647 1876 ἐξιλασκόμενος.

371 1899 676 1969 propitium
726 1898 967 1966 faciens,
1022 1901 1192 1955 simul
1274 1901 1536 1972 prodigas
1601 1913 1657 1958 et
1721 1906 1949 1960 evertis.

371 1990 552 2056 Quem
611 1999 665 2045 te
721 1991 892 2062 igitur
944 2008 1139 2048 sumus
1199 1995 1502 2049 vocaturi?
1568 1996 1958 2066 Angelumne?

374 2083 671 2138 Enimvero
706 2098 904 2153 parum
954 2087 1086 2141 abes
1132 2094 1289 2141 utne
1335 2089 1487 2143 velut
1536 2091 1766 2160 angelus
1792 2106 1955 2147 vaces

374 2190 576 2241 carne,
617 2178 710 2246 qui
746 2192 935 2232 revera
973 2178 1343 2250 incorporeus
1396 2179 1571 2237 lueris
1601 2184 1654 2236 in
1687 2198 1952 2261 corpore;

374 2285 442 2323 ac
473 2270 620 2323 velut
651 2270 928 2340 quispiam
974 2271 1143 2325 homo
1180 2274 1481 2337 aethereus,
1534 2276 1650 2330 sive
1678 2284 1951 2340 terrenus,

374 2363 796 2431 :ispcctantibns
833 2404 847 2429 ,
901 2366 1151 2434 angelus.
1215 2365 1361 2433 Quid
1415 2365 1561 2421 enim
1596 2369 1664 2423 ab
1697 2370 1954 2440 angelico

373 2454 471 2508 illo
521 2454 707 2508 volatu
777 2464 832 2509 et
887 2456 1218 2525 pernicitate
1267 2458 1475 2526 dill'ert,
1517 2466 1576 2513 ut
1629 2461 1683 2514 in
1741 2460 1952 2515 somnis

374 2547 719 2614 conspicuus
782 2548 1106 2616 imperatori
1170 2550 1329 2604 visus
1377 2552 1477 2617 sis,
1530 2567 1834 2621 necemque
1895 2553 1950 2605 in

359 2638 680 2690 crastinum
726 2638 1079 2695 meditantem
1124 2643 1520 2710 perterrueris,
1557 2642 1952 2713 furentemque

379 2727 445 2779 ad
498 2743 687 2782 necem
732 2729 1040 2791 dexteram,
1098 2733 1329 2786 verbere
1382 2734 1505 2787 sine
1561 2736 1746 2805 plaga,
1778 2737 1951 2805 priori

356 2815 472 2868 'illo
519 2815 727 2884 impetu
778 2819 1082 2883 retardato,
1137 2820 1527 2889 castigaveris;
1591 2833 1762 2893 utque
1794 2827 1951 2880 inex-

376 2913 566 2975 specta
594 2909 911 2976 praesentia,
942 2910 1094 2963 viros
1147 2912 1241 2980 qui
1301 2913 1436 2966 nihil
1492 2915 1758 2969 fecissent
1809 2916 1950 2986 inju-

375 2998 497 3061 riae,
523 3013 552 3051 a
577 3007 759 3053 morte
790 2999 1115 3055 liberareris
1138 3002 1161 3054 ?
1188 3001 1334 3067 Quid
1364 3007 1538 3074 magis
1564 3007 1639 3059 illi
1678 3018 1952 3078 congruat

2057 1901 2192 1955 Τίνα
2226 1917 2286 1955 σε
2317 1898 2501 1953 τοίνυν
2529 1898 2882 1968 καλὲσομεν;
2917 1900 3220 1966 ’Δγγελον;
3255 1899 3372 1953 ἀλλ’
3408 1899 3472 1951 οὐ
3512 1898 3651 1954 πολὺ

2056 1994 2157 2062 τῆς
2193 1992 2303 2045 τῶν
2352 1992 2604 2060 ἀγγέλων
2649 1991 2927 2062 ἁσαρκίας
2958 1991 3303 2061 ἀφέστηκας,
3355 1990 3648 2061 ἀσώματος

2056 2086 2224 2149 ὅντως
2278 2085 2631 2157 χρηματίσας
2666 2087 2723 2136 ὲν
2752 2082 2991 2155 σώματι,
3017 2084 3113 2137 καὶ
3143 2081 3256 2137 οἷόν
3286 2101 3373 2149 τις
3409 2084 3651 2154 αἰθέριος

2056 2178 2344 2248 ἄνθρωπος
2366 2218 2380 2240 ,
2413 2177 2445 2246 ἢ
2473 2179 2717 2244 ἐπίγειος
2762 2180 2875 2239 τοῖς
2931 2176 3238 2247 ὁρωμένοις
3284 2173 3542 2245 ἄγγελος.
3576 2176 3648 2231 Τί

2056 2273 2165 2342 γὰρ
2206 2270 2509 2339 ἀγγελικῆς
2568 2269 2788 2339 διήνοχε
2838 2268 3113 2338 πτήσεως,
3172 2267 3253 2337 τῷ
3309 2267 3527 2336 βασιλεῖ
3572 2266 3647 2320 δι’

2056 2364 2281 2431 ὀνείρων
2339 2362 2695 2430 ἐπιφανῆναι,
2751 2360 2846 2411 καὶ
2891 2359 3053 2429 φόνον
3082 2360 3148 2428 τῇ
3186 2358 3323 2427 ἑξῆς
3347 2357 3649 2427 μελετῶντι

2055 2454 2395 2523 κατάπληξιν
2428 2454 2753 2523 ἐμποιῆσαι,
2796 2452 2891 2505 καὶ
2923 2450 3241 2521 μεμηνόσαν
3282 2448 3468 2515 δεξιὰν
3510 2448 3650 2516 πρὸς

2056 2546 2295 2617 σφαγὰς,
2346 2545 2580 2615 ἀπλήγῳ
2640 2544 2868 2614 μάστιγι
2897 2541 3272 2613 σωφρονῆσαι,
3307 2542 3412 2610 τῆς
3464 2537 3648 2609 ὁρμῆς

2054 2640 2409 2710 ἀλογήσασαν
2434 2655 2449 2668 ο
2483 2639 2579 2689 καὶ
2605 2636 2806 2703 ἄνδρας
2836 2634 3002 2704 μηδὲν
3025 2633 3363 2703 ἠδικηκότας
3383 2671 3399 2696 ,
3430 2631 3644 2701 ἀπροσ-

2053 2733 2297 2802 δοκήτως
2347 2728 2693 2798 παραστὰς⁹⁹
2722 2728 2816 2780 τοῦ
2855 2726 3088 2780 θανάτου
3128 2720 3549 2793 λυτρώσασθαις
3576 2719 3644 2773 Τί

2051 2821 2244 2874 τούτου
2274 2818 2616 2883 δικαιότερον
2644 2813 2990 2891 ἐργάσασθαι
3024 2812 3102 2881 τῷ
3125 2810 3344 2879 ἀγγέλῳ
3376 2808 3474 2861 τὸν
3502 2807 3641 2875 ’Δμ-

2055 2915 2270 2982 6ακοὺμ
2288 2953 2301 2975 ,
2352 2912 2460 2965 ἀπὸ
2485 2913 2584 2980 τῆς
2647 2908 2788 2967 Σιὼν
2814 2907 2907 2958 ἐπὶ
2938 2902 3240 2959 Βαϐυλῶνα
3267 2904 3368 2970 τὴν
3399 2898 3644 2967 Μεδικὴν

2052 3003 2475 3072 διαπεράσαντι,
2532 3000 2613 3069 τῷ
2646 2996 2846 3066 Δανιὴλ
2873 2995 2936 3049 τὸ
2968 2994 3193 3064 ἄριστον
3232 2994 3291 3044 ἐν
3324 2988 3424 3062 τῷν
3454 2989 3643 3056 λάκκῳ

376 3091 594 3178 angelo,
636 3091 728 3160 qui
762 3106 791 3144 a
834 3090 1002 3147 Sione
1034 3092 1089 3147 in
1128 3092 1459 3164 Babylonem
1490 3099 1728 3166 regionis
1768 3099 1951 3155 Medo-

2059 3097 2165 3149 τῶν
2218 3097 2449 3149 λεόντων
2497 3091 2928 3160 ὲπικομίζοντας
2982 3088 3344 3155 Κυϐερνήτην
3386 3099 3447 3135 σε
3492 3082 3642 3134 εἴπο-

375 3196 500 3234 rum
534 3172 795 3237 Habacuc
822 3185 1104 3238 transtulit
1145 3187 1215 3249 θ’,
1245 3184 1509 3241 ferentem
1538 3192 1831 3258 prandium
1857 3190 1958 3245 Da-

374 3273 506 3327 nieli
554 3274 608 3327 in
657 3275 780 3328 lacu
826 3275 1088 3330 leonum?
1132 3277 1281 3333 Tene
1325 3279 1578 3335 dicamus
1621 3283 1954 3351 gubernato-

376 3365 537 3419 rem?
593 3363 758 3421 Plane
809 3382 993 3421 sermo
1036 3372 1272 3425 veritate
1341 3374 1703 3428 constiterit:
1754 3377 1954 3446 quippe

376 3457 595 3525 eos-qui
649 3472 904 3528 magnum
955 3458 1090 3513 illud
1141 3467 1195 3514 et
1233 3463 1542 3531 spatiosum
1574 3480 1725 3519 mare
1753 3482 1953 3535 perna-

376 3547 598 3617 vigant,
656 3563 757 3603 nec
814 3566 927 3605 non
975 3566 1072 3605 eos
1119 3552 1209 3620 qui
1244 3553 1296 3606 in
1349 3562 1491 3607 terra
1517 3556 1667 3609 velut
1699 3559 1834 3612 mari
1861 3559 1951 3629 ja-

377 3643 619 3701 utantur,
665 3646 883 3692 tuarum
937 3638 1005 3692 ad
1037 3638 1207 3693 Deum
1263 3640 1730 3698 intercessionum
1772 3648 1949 3709 clavo,

378 3728 618 3797 ﬁdeique
646 3734 865 3783 temone
888 3727 1320 3799 diligentissime
1349 3733 1662 3802 gubernans
1684 3774 1699 3800 ,
1744 3738 1955 3806 procel-

380 3819 485 3871 lam
524 3818 747 3887 quidem
806 3831 1142 3877 convertens
1167 3822 1223 3876 in
1273 3837 1492 3888 auram,
1544 3834 1856 3897 aestumque
1898 3829 1954 3883 in

380 3909 758 3975 serenitatem,
803 3926 1027 3979 precum
1058 3922 1277 3970 tuarum
1306 3916 1514 3987 vigiliis
1545 3919 1750 3975 sedans
1792 3929 1961 3991 atque

381 4016 726 4071 componens
768 4002 923 4075 (69):
970 4007 1039 4061 ad
1109 4016 1202 4061 tua
1252 4007 1362 4065 ﬁde
1406 4011 1720 4081 patrocinia
1760 4027 1962 4069 accur-

380 4101 590 4161 rentes,
623 4095 691 4149 ad
730 4097 969 4166 apathiae.
997 4098 1150 4155 illius
1179 4114 1245 4156 ac
1272 4103 1570 4160 vacuitatis
1604 4104 1961 4163 aﬂ‘ectionum

457 4288 478 4313 ε
512 4274 671 4329 Num.
701 4281 880 4341 μνη
935 4290 1093 4347 seqq.
1162 4280 1220 4318 ισ⁴
1243 4278 1381 4335 Dan.
1404 4298 1515 4348 xiv,
1542 4283 1634 4339 '55.

2065 3205 2199 3259 μεν;
2253 3188 2389 3241 ἀλλὰ
2441 3185 2816 3253 ἀληθεύσομεν
2846 3199 2862 3214 ο
2899 3181 3028 3242 τοὺς
3082 3180 3193 3248 γὰρ
3250 3179 3353 3246 τὴν
3391 3174 3641 3245 μεγάλην

2061 3282 2157 3335 κα)⁸
2188 3279 2502 3351 εὐρύχωρον
2518 3275 2875 3336 διαπλέοντας
2899 3271 3182 3326 θάλασσαν
3204 3287 3219 3301 ·
3253 3268 3381 3331 τούς
3413 3283 3474 3321 τε
3501 3264 3643 3319 κατὰ

2061 3373 2165 3442 γῆν
2223 3368 2676 3431 θαλαττεύοντας,
2735 3364 2815 3434 τῷ
2841 3364 2990 3419 οἴακι
3049 3361 3158 3415 τῶν
3212 3358 3351 3428 πρὸς
3382 3357 3444 3410 τὸ
3497 3356 3641 3411 θεῖον

2060 3467 2379 3531 ἐντεύξεων,
2431 3466 2524 3520 καὶ
2551 3463 2631 3533 τῷ
2657 3461 2851 3533 αὐχένι
2878 3460 2978 3528 τῆς
3002 3457 3242 3517 πίστεως
3270 3451 3641 3520 διακυϐερνῶν

2059 3557 2443 3628 ἐμμελέστατα
2463 3570 2476 3584 ·
2502 3554 2602 3623 τὴν
2633 3552 2731 3621 μὲν
2791 3548 3106 3615 καταιγίδα,
3138 3544 3276 3615 πρὸς
3305 3542 3483 3613 αὔραν
3515 3554 3528 3568 ⁸
3561 3540 3640 3602 είς

2061 3651 2116 3705 δὲ
2143 3649 2409 3720 γαλήνην,
2447 3647 2547 3715 τὴν
2573 3645 2767 3713 ζάλην,
2809 3643 2934 3702 ταῖς
2962 3636 3299 3710 ἀγρυπνίαις
3328 3634 3439 3688 τῶν
3474 3649 3642 3720 προσ-

2061 3718 2236 3811 ευχῶν
2272 3718 2646 3805 -ὲπιλοφίζων,
2695 3731 2830 3802 πρὸς
2863 3728 2942 3799 τῷ
2982 3726 3161 3797 λιμένι
3216 3724 3315 3792 τῆς
3373 3718 3643 3780 ἀπαθείας

2055 3835 2178 3896 τοὺς
2212 3830 2396 3884 πίστει
2426 3825 2754 3899 προσιόντας
2785 3820 3174 3893 χειραγωγεῖς,
3211 3815 3498 3887 ἱερώτατε.
3525 3811 3634 3865 Καὶ

2057 3924 2215 3978 τοῦτο
2237 3921 2417 3992 δῆλον,
2450 3920 2510 3986 ἐξ
2528 3911 2603 3973 ὧν
2636 3916 2801 3979 αὐτὸς
2829 3913 3023 3968 ἑαυτὸν
3058 3906 3410 3977 καταφανῶς,
3442 3903 3637 3958 ἐπιϐά-

2058 4034 2154 4070 του
2188 4015 2369 4085 δίκην,
2425 4012 2559 4066 ποτὲ
2604 4011 2717 4072 τοῖς
2748 4005 3020 4076 πλοτῆρσι
3049 4001 3405 4071 παρέστησας
3427 4015 3442 4028 ·
3480 3994 3641 4085 λιμοῦ

2059 4110 2121 4163 τὸ
2146 4083 2454 4179 τηνιιιαῖηα
2480 4103 2581 4174 τὴν
2638 4100 2737 4171 σὴν
2791 4095 3093 4168 πιεζούσης
3131 4090 3492 4166 μητρόπολιν.
3519 4083 3641 4142 Οἱδε

1661 4413 1894 4471 VARIIE
1934 4409 2339 4473 LECTIONES.

449 4499 498 4533 ”
523 4497 597 4551 ῐσ.
632 4498 787 4555 στάν.

1636 4634 2035 4691 COMBEFISII
2056 4636 2287 4694 NOTAE.

451 4753 564 4828 (67)
599 4752 789 4828 Vivam
818 4749 1341 4828 illgntintintomque
1375 4750 1705 4828 divisionem.
1735 4749 1959 4828 Ἔμψυ-
1990 4737 2034 4792 Ῑ)
2136 4752 2251 4825 (68)
2286 4751 2587 4828 Siromostc
2611 4750 2774 4828 ligno.
2807 4754 3152 4828 Σειρομάστῃ
3185 4753 3348 4828 ξύλῳ.
3378 4754 3477 4811 Est
3503 4756 3644 4828 εἰτοτ

378 4820 473 4898 κον
496 4820 835 4895 κατατομήν.
863 4820 1027 4898 Yelut
1056 4821 1110 4875 in
1141 4821 1348 4898 ἱξειιιιιε
1371 4821 1482 4875 Deo
1506 4820 1965 4898 maximeintinia

379 4889 530 4961 sunt,
590 4902 645 4950 et
691 4889 927 4948 essentia
973 4890 1091 4958 ipsa
1126 4889 1388 4961 deitatis,
1459 4905 1623 4961 quam
1674 4889 1962 4961 individne

382 4959 569 5029 unam,
609 4965 663 5017 in
700 4964 881 5018 tribus
919 4959 1271 5025 habentibus,
1300 4960 1464 5014 aliam
1497 4959 1771 5029 aliamque
1796 4960 1962 5014 Arius

380 5028 749 5104 impiel‘aeitr;
799 5031 1037 5104 Sabeltio
1071 5036 1286 5092 contra,
1344 5028 1663 5104 κυναιρέσει
1692 5042 1961 5104 persona-

378 5096 501 5159 rnfn
556 5096 896 5172 blaspliemo.
962 5101 1096 5172 Erat
1160 5113 1445 5172 perperam
1507 5096 1740 5172 συνενει.
1786 5096 1962 5172 vocat

380 5176 544 5243 Greg.
582 5168 930 5242 συναλοιφὴν,
957 5171 1051 5240 qui
1083 5168 1308 5243 etfipse,
1338 5183 1559 5243 errores
1596 5168 1651 5221 in
1684 5168 1959 5243 theologia

381 5238 662 5300 extremos
718 5238 923 5314 passim
956 5238 1297 5314 perstringit.
1324 5239 1596 5314 A_ccura_ta
1630 5238 1818 5299 etiam,
1841 5252 1964 5314 quae

385 5316 441 5368 in
466 5308 744 5369 extremos
759 5322 813 5368 et
832 5308 981 5384 ipsos
1012 5310 1249 5384 Nes_torii
1280 5318 1335 5365 et
1353 5308 1817 5384 Eutych.errores
1835 5308 1967 5375 περὶ

386 5384 722 5455 οίκονομίας,
781 5380 870 5455 ac'
904 5383 1056 5455 circa
1114 5380 1587 5455 incarnationem,
1626 5387 1962 5455 sequuntur.

392 5448 711 5529 Forte'vero
773 5452 951 5529 fuerit-
978 5452 1067 5529 illa
1111 5449 1352 5529 ἔμψυχος
1389 5448 1701 5529 κατατομῇ,
1740 5458 1966 5529 propter

398 5524 658 5586 animam,
711 5537 874 5593 quam
920 5523 1090 5593 Arius
1146 5518 1383 5593 negabat
1431 5521 1483 5572 in
1523 5519 1768 5593 Christo,
1819 5518 1968 5593 velut

396 5595 562 5647 etiam
630 5586 963 5661 Apollinaris
1015 5586 1252 5660 negabat
1314 5597 1571 5651 mentem,
1612 5597 1670 5641 ut
1702 5588 1774 5642 sit
1802 5586 1962 5656 quasi

400 5661 699 5729 peremptio
729 5662 923 5715 anima:
973 5676 1037 5715 ac
1062 5661 1325 5722 concisio,
1357 5674 1422 5713 eo
1458 5674 1625 5713 sensu
1650 5672 1761 5729 quo
1789 5672 1962 5726 expo-

400 5727 551 5783 nitur
583 5727 823 5784 Secundo
856 5730 997 5797 loco,
1058 5729 1119 5783 τὸ
1173 5729 1534 5798 κατατέμνειν
1578 5729 1635 5782 in
1670 5727 1962 5782 Thesauro.

2058 4832 2287 4894 master,
2339 4824 2608 4894 iaculum.
2654 4824 2865 4890 hasta;
2908 4824 3157 4893 ’A’quila",
3216 4824 3411 4881 κόντον
3443 4843 3461 4880 :
3494 4826 3641 4892 quod

2060 4893 2202 4951 forte
2264 4893 2440 4964 voluit
2483 4894 2733 4950 Andreas
2778 4895 3117 4964 exprimere.
3163 4895 3337 4951 altera
3376 4898 3642 4964 particula

2058 4979 2222 5035 quam
2295 4963 2437 5017 LXX
2493 4979 2601 5018 non
2658 4962 2899 5035 habent;
2926 4962 3133 5035 Symm.
3165 4965 3316 5035 δόρυ,
3350 4962 3643 5028 lanceam;

2060 5033 2219 5105 vulg.
2270 5043 2481 5101 arrepto
2535 5035 2781 5105 pugione.
2847 5033 3093 5100 Quadrat
3127 5043 3187 5089 ut
3220 5033 3493 5105 ejusmodi
3523 5038 3647 5090 lon-

2059 5103 2199 5184 giori
2232 5103 2836 5184 instrttmentgligueo,
2860 5103 3321 5184 cuspide_ferrea,
3360 5106 3509 5184 velut
3537 5121 3645 5161 uno

2065 5173 2200 5245 ictu,
2227 5174 2444 5238 ambos,
2485 5174 2539 5227 in
2573 5173 2827 5245 ﬂagranti
2859 5173 2983 5243 ipso
3004 5173 3210 5245 delicto
3248 5190 3314 5230 ac
3344 5177 3490 5245 turpi
3511 5190 3647 5230 con-

2067 5243 2281 5309 cubitu,
2331 5258 2492 5299 sacro
2548 5243 2794 5313 percitus
2849 5245 2989 5308 zelo,
3021 5245 3103 5297 vir
3167 5244 3263 5299 Dei
3299 5243 3647 5309 confoderit;

2067 5313 2387 5384 cuisiinilis
2439 5314 2654 5369 Nicolai
2687 5316 2891 5384 lingua,
2927 5323 2982 5368 et
3011 5315 3152 5382 ipsa,
3185 5330 3296 5370 uno
3336 5316 3486 5370 velut
3513 5315 3648 5378 ictu.

2069 5383 2329 5452 utrinque
2355 5384 2700 5439 declinantes
2720 5399 2751 5436 a
2775 5383 2911 5437 vero
2948 5392 3003 5439 et
3029 5384 3155 5444 ﬁde.
3187 5385 3493 5439 conlodiat.

2141 5451 2252 5523 (69)
2284 5451 2492 5508 Sedans
2521 5461 2681 5523 atque
2726 5468 3060 5521 componens.
3095 5453 3481 5523 Ἐπιλοοςριζων.
3532 5452 3645 5507 Vox

2067 5523 2269 5576 rarior.
2330 5522 2496 5578 Forte
2550 5522 2857 5591 legendum.
2923 5522 3645 5593 enimmanquanquam

2070 5607 2172 5665 nec
2193 5593 2325 5665 illud
2346 5593 2658 5665 displiceat,
2678 5594 2936 5665 satisque
2959 5594 3215 5665 quadret,
3239 5608 3405 5665 quam
3431 5593 3644 5663 simpli-

2072 5663 2151 5720 cis
2192 5662 2649 5734 significationem
2675 5662 2839 5719 habet
2866 5674 2976 5720 vet.
3009 5662 3144 5720 Lex.
