3978 6140
329 297 467 361 1‘203

1518 305 1578 361 S.
1621 298 1950 363 ANDREE
1982 305 2407 369 CRETENSIS

3451 304 3584 373 1204

324 424 550 472 tuorum
605 427 925 472 sermonum
978 413 1182 484 jaculis
1247 415 1520 487 abegeris,
1574 435 1687 490 quo
1728 427 1900 475 tutum

2013 422 2215 478 στικῶν
2275 420 2650 496 ἀντιλήψεων,
2719 422 3108 497 φανερώτερόν
3165 441 3224 478 τε
3284 423 3379 477 καὶ
3432 424 3586 478 ἐκτο-

325 517 590 578 metuque
642 507 874 564 liberum
923 514 1080 562 tuum
1135 506 1290 563 illum
1339 509 1601 579 pusillum
1656 528 1901 583 gregem,

323 614 489 668 quem
521 600 723 670 pavisti
750 599 889 669 ipse,
921 600 1231 655 servaverit
1266 619 1279 655 :
1309 617 1379 657 ne
1411 617 1626 667 sacros,
1654 604 1902 675 inquam,

323 706 389 745 ac
419 689 530 744 Deo
576 689 796 745 dicatos
844 690 1187 757 sacerdotes,
1235 690 1444 762 Deique
1493 702 1770 749 amantem
1806 710 1905 764 po-

321 781 539 851 pulum,
570 780 712 837 vivis
748 781 862 836 illis
894 780 1158 850 verisque
1180 782 1408 852 pietatis
1438 785 1739 855 dogmatis,
1777 803 1905 856 pru-

322 871 714 942 digiorumque
760 872 1071 941 majestate,
1124 874 1325 930 animis
1385 891 1589 945 augere
1650 891 1715 932 ac
1765 878 1904 932 inci-

320 972 466 1028 tare,
520 964 604 1018 vir
663 964 775 1021 Deo
831 966 1031 1030 amate,
1084 967 1365 1024 desieris:
1417 983 1482 1023 ac
1529 985 1595 1025 eo
1636 972 1900 1039 amplius,

321 1070 433 1125 quo
477 1055 592 1126 jam
642 1056 752 1111 Deo
807 1058 1009 1127 purius
1039 1059 1516 1130 appropinquans,
1574 1077 1637 1116 ea
1673 1063 1901 1132 propin-

321 1146 555 1211 quitate,
576 1148 773 1217 majori
803 1148 1116 1205 divinarum
1150 1151 1586 1207 illustratiouum
1606 1153 1904 1221 splendore

320 1238 657 1303 irradiante,
702 1240 908 1297 clarius
952 1243 1407 1313 expressiusque,
1460 1244 1802 1313 perspicacis
1833 1245 1899 1299 ad

315 1329 494 1386 Deum
543 1332 816 1388 libertatis
867 1334 1329 1391 illuminationem
1386 1336 1483 1391 tibi
1535 1335 1788 1390 vindicas
1838 1352 1902 1391 ac

315 1424 555 1480 retines.
591 1421 813 1481 Beatam
846 1436 899 1482 te
927 1426 1075 1492 dico,
1112 1426 1265 1499 Myra
1316 1427 1516 1483 civitas
1556 1429 1741 1500 Lyciae
1787 1445 1903 1485 me-

315 1516 579 1586 tropolis,
611 1517 757 1588 quod
799 1519 884 1574 sic
919 1518 1162 1574 ﬁliorum
1218 1528 1491 1574 amantem
1524 1528 1804 1589 pastorem
1837 1535 1902 1575 ac

315 1616 612 1678 patronum
641 1620 942 1667 consecuta
970 1612 1083 1677 sis;
1126 1610 1300 1682 quod,
1336 1610 1586 1683 inquam,
1623 1613 1702 1668 sic
1736 1627 1902 1667 vene—

315 1701 550 1757 rabilem
606 1719 672 1759 ac
720 1705 1151 1775 gloriationibus
1198 1704 1568 1759 immortalem
1636 1719 1898 1759 coronam

315 1792 380 1846 in
410 1794 594 1863 capite
619 1796 933 1864 acceperis.
954 1796 1128 1862 Quam
1157 1793 1344 1848 illam?
1377 1793 1575 1863 Utique
1605 1791 1893 1848 Nicolaum

317 1881 503 1949 illum,
556 1884 651 1953 qui
713 1900 774 1941 se
816 1886 975 1956 plane
1033 1885 1239 1940 divinis
1310 1883 1798 1946 delectationibus,
1838 1883 1893 1939 in

316 1974 751 2029 necessitatibus
821 1975 1175 2031 manifestum
1235 1975 1554 2031 exhibeat:
1608 1974 1895 2030 velocissi-

317 2078 470 2118 mum
522 2066 677 2120 illum
725 2067 1035 2136 adjutorcm
1094 2067 1354 2137 injuriam
1403 2066 1753 2136 patientium,
1806 2083 1898 2122 sa-

316 2156 683 2213 cratissimam
716 2160 1068 2216 sacerdotum
1098 2158 1419 2229 imaginem,
1454 2173 1712 2228 magnum
1740 2158 1893 2212 illum

315 2248 623 2316 miraculis,
675 2259 730 2307 et
785 2252 1056 2321 portentis
1121 2250 1469 2305 terribilem:
1513 2250 1610 2321 qui
1647 2250 1901 2307 insontes

314 2356 348 2394 e
394 2342 655 2411 periculis
687 2344 903 2409 liberet,
965 2343 1213 2400 volentes
1246 2342 1506 2412 injuriam
1560 2343 1768 2408 facere,
1836 2343 1892 2398 in

314 2434 530 2489 somnis
578 2451 825 2503 monens,
881 2437 1133 2507 castiget.
1166 2436 1328 2491 Beata
1364 2434 1532 2504 igitur
1590 2434 1734 2489 inter
1758 2434 1899 2489 civi-

314 2529 478 2589 tates,
536 2540 656 2596 qute
706 2535 998 2597 patronum
1043 2527 1210 2583 talem
1274 2524 1623 2590 educaveris,
1679 2525 1901 2595 tuisque

315 2614 589 2674 locaveris
637 2620 882 2677 sedibus.
954 2640 972 2672 ι
1010 2622 1068 2675 In
1129 2622 1310 2691 cujus,
1345 2641 1363 2671 ι
1426 2620 1607 2689 inquit
1659 2619 1899 2689 quodam

2008 516 2276 587 πὼτερον,
2309 518 2409 589 τῆς
2459 516 2777 589 αύγηέσσης
2811 517 2950 589 πρὸς
2986 516 3120 570 Θεὸν
3159 514 3473 588 παρρησίας
3496 516 3590 567 ἁν-

2006 609 2141 681 τέχῃ
2194 610 2294 680 τὴν
2377 609 2671 680 ἔλλαμψιν.
2728 607 3039 680 Μακαρίζω
3097 625 3179 673 σε,
3216 607 3376 671 πόλις
3423 605 3593 677 Μύρα

2007 698 2117 753 τῶν
2191 698 2412 754 Λυκίων
2467 699 2827 771 μητρόπολις,
2906 699 3022 751 οἵου
3105 698 3368 768 ποιμένος
3435 697 3589 765 φιλο-

2004 790 2227 853 τέκνου,
2250 792 2343 844 καὶ
2381 791 2691 862 προστάτου
2742 790 3054 860 τετύχηκας
3077 806 3089 818 ·
3120 783 3236 842 οἷον
3285 789 3383 841 ἐ,πὶ
3414 804 3587 855 κεφα-

2005 883 2106 954 λῆς
2134 882 2305 947 ἐδέξω
2331 883 2423 937 τὸν
2462 884 2731 952 στέφανον
2759 884 3049 954 αἰδέσιμον
3077 882 3209 936 ὄντα
3240 881 3337 935 καὶ
3368 881 3548 951 γῆρας
3567 882 3586 913 ί

2007 976 2329 1045 καυχήσεσι.
2357 974 2495 1029 Τίνα
2544 975 2735 1029 τοῦτον
2758 993 2772 1044 ;
2802 975 3099 1037 Νικόλαον,
3124 973 3218 1027 τὸν
3250 974 3391 1027 πάνυ
3417 973 3590 1035 θείαις

2006 1063 2373 1135 εὐφροσύναις
2402 1105 2415 1128 ,
2448 1068 2572 1129 ταῖς
2600 1068 2658 1119 ἐν
2692 1066 2964 1135 ἀνάγκαις
2993 1065 3329 1135 καταφανῶς
3360 1064 3590 1117 ὀπτανό-

2009 1172 2201 1224 μενον·
2232 1156 2325 1209 τὸν
2383 1155 2813 1227 συντομὼματον
2865 1157 3010 1228 ὑπὲρ
3056 1157 3167 1210 τῶν
3211 1156 3588 1226 ἀδικουμένων

2004 1245 2297 1317 ἐπίκουρον
2328 1261 2346 1279 ⁶
2373 1249 2434 1300 τὸ
2458 1247 2569 1302 τῶν
2624 1249 2817 1317 ἱερέων
2873 1245 3170 1319 ἱερώτατον
3203 1247 3461 1317 ἄγαλμα·
3494 1246 3588 1300 τδν

2007 1340 2182 1410 μέγαν
2206 1339 2264 1393 ὲν
2293 1339 2560 1409 θαύμασι,
2614 1341 2712 1394 xui.
2757 1340 2992 1411 φοϐερὸν
3015 1342 3072 1394 ἐν
3093 1341 3208 1403 τοῖς
3237 1338 3429 1409 τέρασι
3451 1354 3466 1368 ο
3494 1338 3588 1391 τὸν

2003 1431 2131 1493 τοὺς
2180 1430 2510 1494 ἀνευθύνους
2559 1429 2669 1485 τῶν
2691 1430 2957 1485 κινδύνων
2989 1430 3278 1500 ῥυόμενον,
3318 1430 3411 1481 καὶ
3439 1428 3586 1481 ὀνεί-

2005 1541 2121 1593 ροις
2163 1524 2290 1586 τοὺς
2316 1523 2524 1576 ἀδικεῖν
2554 1521 2815 1587 θέλοντας
2846 1521 3274 1592 σωφρονίζοντα.
3312 1519 3588 1609 Μακαρία

2001 1610 2186 1664 τοίνυν
2237 1612 2508 1683 ὑπάρχεις
2539 1613 2596 1665 ἐν
2620 1611 2810 1666 πόλεσι
2864 1611 3111 1665 τοιοῦτον
3140 1610 3458 1681 θρεψαμένη
3487 1628 3588 1662 πο-

2002 1703 2237 1775 λιοῦχον,
2288 1704 2383 1757 καὶ
2431 1704 2631 1769 θώκοις
2664 1706 2778 1769 τοῖς
2802 1708 2916 1768 σοῖς
2946 1702 3289 1775 ἐνιδρύσασα.
3335 1720 3353 1753 ι
3378 1698 3455 1755 Οὗ
3490 1701 3585 1753 ἐπὶ

2006 1795 2106 1866 μὲν
2134 1795 2212 1866 τῷ
2237 1795 2377 1865 φωτὶ
2428 1794 2832 1866 πορευσόμεθα,
2883 1795 2981 1847 καὶ
3009 1795 3068 1847 ὲν
3130 1794 3198 1863 τῇ
3250 1793 3383 1863 σκιᾷ
3416 1789 3584 1843 αὐτοῦ

2004 1888 2280 1959 ζήσωμεν,
2310 1887 2745 1960 ἀναπαυόμενοι,
2775 1908 2793 1937 ι
2820 1886 2952 1956 φησί
2989 1902 3092 1937 που
3109 1883 3170 1937 τδ
3199 1883 3342 1952 ἱερὸν
3362 1882 3581 1949 Λόγιον.

2006 1981 2194 2051 Ἔχεις
2224 1979 2324 2033 σὺν
2384 1979 2563 2050 τούτῳ
2611 1978 2708 2033 καί⁸
2753 1978 2880 2041 τοὺς
2919 1974 3207 2037 εὐσεϐείας
3254 1973 3583 2043 γενομένους

2004 2071 2331 2140 ἀγωνιστὰς,
2373 2072 2703 2142 Κρήσκεντα
2744 2069 2912 2138 λέγω,
2940 2067 3038 2122 καλ⁸
3077 2064 3452 2135 Διοσκορίδην,
3484 2061 3583 2116 καὶ

2003 2163 2304 2229 Νικοκλέα,
2332 2163 2459 2226 τοὺς
2498 2164 2647 2233 τρεῖς
2672 2161 2771 2231 τῆς
2812 2158 3043 2231 Τριάδος
3096 2158 3441 2228 ίεροφεγγεῖς
3487 2153 3581 2207 καὶ

1999 2254 2334 2324 ὁμόφρονας,
2394 2251 2490 2315 οὒς
2551 2253 2585 2322 ἡ
2641 2248 2785 2319 αὕτη
2858 2247 3067 2319 Τριάς,
3121 2248 3237 2308 τοῖς
3285 2243 3578 2311 ἀξιονίκοις

1997 2346 2096 2413 τῆς
2143 2343 2424 2415 βασιλείας
2473 2342 2773 2412 τετίμηκεν
2819 2339 3025 2403 ἄθλοις.
3071 2337 3451 2409 ἘναρμονίωςΙ
3487 2330 3581 2389 οὖν

2002 2435 2290 2505 συνάψασα
2313 2433 2545 2498 τούτοις,
2570 2433 2669 2503 τὴν
2688 2433 2944 2499 συναοίδη
2952 2450 3050 2500 μον
3064 2430 3307 2495 ἐπαξίως
3327 2445 3581 2482 συνεστε-

1999 2529 2215 2597 φάνωσε
2268 2526 2550 2596 κεφαλήν·
2603 2524 2763 2579 τοῦτο
2815 2525 2938 2595 μὲν,
2964 2524 3041 2588 ὡς
3068 2526 3164 2577 τὸν
3219 2525 3336 2575 ἴσον
3395 2521 3580 2581 αὐτοῖς

1997 2619 2206 2688 ἀγῶνα,
2245 2621 2310 2689 τῇ
2342 2618 2485 2672 κατὰ
2542 2617 2869 2688 προαίρεσιν
2886 2615 3131 2669 διαθέσει
3156 2612 3423 2682 γενναίως
3453 2613 3578 2665 ἐπι-

314 2705 444 2762 Ιοοο
480 2708 789 2780 Scriptura,
814 2731 832 2762 ‹
860 2713 1067 2768 lumine
1087 2713 1493 2768 ambulabimus
1524 2722 1573 2776 ο,
1604 2721 1657 2765 et
1686 2712 1739 2765 in
1773 2711 1894 2781 ejus

2004 2711 2312 2781 Ξειξάμενον
2345 2728 2359 2740 ·
2404 2710 2564 2763 τοῦτο
2591 2709 2668 2772 δὲ,
2698 2709 2790 2762 καὶ
2806 2708 2880 2771 ὡς
2903 2707 3006 2777 ἤδη
3043 2705 3207 2759 πάλιν
3235 2707 3350 2767 τοῖς
3373 2699 3570 2756 ἑαυτοῦ

314 2799 516 2855 umbra
568 2804 916 2871 quiescentes
953 2804 1202 2858 vivemus
1239 2803 1282 2858 τ.
1320 2822 1339 2855 ι
1380 2802 1563 2858 llabes
1588 2802 1638 2856 ei
1686 2801 1893 2868 socios,

2004 2802 2182 2864 πόνοις
2230 2801 2358 2863 τοὺς
2392 2801 2678 2870 μάρτυρας
2710 2813 2725 2827 ·
2778 2798 2876 2851 καὶ
2924 2796 3075 2868 ζήλῳ
3103 2796 3184 2867 τῷ
3212 2795 3349 2867 πρὸς
3380 2793 3580 2856 αὐτοὺς

310 2887 537 2957 pietatis
559 2890 792 2961 pugiles,
815 2891 1189 2955 Crescentem,
1218 2892 1468 2962 inquam,
1494 2890 1895 2954 Dioscoridem,

2004 2892 2127 2965 ἄρτι
2183 2892 2275 2945 τὸν
2322 2893 2555 2954 ἐκεῖνοις
2604 2889 2988 2961 ἐμπρέποντα,
3028 2886 3577 2956 συναναπλεκόμενον

315 2988 373 3033 et
396 2979 668 3039 Nicoclem
689 2985 836 3055 (75);
868 2995 981 3042 tres
1000 2986 1125 3041 illos
1149 2985 1441 3043 Trinitatis
1466 2985 1673 3040 lumine
1691 2984 1896 3041 aﬂ‘usos
2001 2986 2285 3054 στέφανον.

316 3077 758 3149 concordesque,
816 3096 958 3150 quos
1014 3081 1204 3137 eadem
1254 3081 1372 3151 ipsa
1404 3079 1670 3146 Trinitas,
1706 3079 1894 3151 dignis
1927 3096 2026 3151 pro
2076 3081 2338 3147 victoria,
2392 3080 2547 3151 regni
2612 3079 2860 3150 praemiis
2893 3078 3210 3134 honoravit.
3280 3077 3349 3132 Iis
3414 3075 3584 3147 igitur

317 3169 591 3224 concinne
622 3178 967 3237 consertum,
1005 3175 1124 3243 pari
1180 3176 1355 3245 gloria
1415 3173 1682 3245 inclytum
1710 3183 1896 3245 caput,
1937 3174 2119 3246 dignis
2148 3175 2356 3230 laureis
2389 3173 2557 3229 simul
2605 3173 2899 3228 coronavit
2934 3191 2948 3226 :
2992 3182 3105 3227 tum
3167 3170 3315 3238 quod
3372 3167 3584 3240 aequale

315 3260 457 3331 ipsis
521 3267 824 3323 certamen,
888 3262 1190 3318 voluntatis
1243 3262 1441 3320 affectu
1481 3273 1708 3320 strenue
1742 3264 2109 3331 desudasset;
2150 3274 2264 3320 tum
2330 3265 2476 3334 quod
2522 3264 2677 3333 olim,
2750 3266 2870 3322 suis
2941 3265 3057 3333 ipse
3093 3263 3402 3327 laboribus,
3459 3275 3577 3315 ser-

316 3358 435 3403 tum
468 3349 581 3402 Deo
618 3351 1014 3408 concinnasset
1045 3362 1315 3426 martyres
1361 3354 1499 3425 (74),
1542 3356 1771 3425 zeloque
1826 3354 1891 3409 ad
1928 3369 2046 3422 eos,
2076 3369 2380 3427 congruam
2419 3356 2759 3427 martyribus
2830 3369 3094 3411 coronam
3173 3351 3581 3423 impraesentia-

315 3454 442 3499 rtln
481 3442 800 3497 concinnet.

388 3533 590 3589 Verum
632 3528 821 3593 adeste
874 3539 1080 3608 pariter
1138 3541 1383 3599 universi
1419 3541 1606 3605 hodie,
1639 3560 1673 3597 ο
1703 3559 1891 3599 sacra-
1918 3547 1966 3609 α

317 3624 538 3679 tissima
591 3634 646 3680 et
704 3627 880 3683 fidelis
934 3631 1153 3694 concio,
1212 3639 1487 3702 quotquot
1522 3632 1590 3685 ad
1633 3635 1896 3703 templum

316 3713 466 3769 istud
486 3715 697 3786 pariter
714 3719 1059 3775 occurristis.
1082 3719 1307 3774 Sacram
1335 3722 1531 3777 festive
1555 3724 1899 3780 celebremus

318 3804 487 3865 diem.
536 3821 600 3861 ac
650 3809 810 3879 plane
865 3810 1065 3877 lmtam,
1119 3812 1231 3868 Deo
1288 3812 1453 3868 amati
1483 3812 1661 3869 Patris
1721 3819 1899 3871 nostri

318 3899 641 3953 memoriam
681 3901 1112 3959 laudatissimam
1168 3906 1491 3961 recolentes.
1529 3906 1739 3969 ld,vero
1768 3924 1901 3978 pra:-

320 3995 557 4056 stemus,
591 3996 868 4048 mundana
926 3997 1076 4050 omni
1132 4013 1354 4069 pompa,
1415 4007 1804 4072 conventuque
1830 4016 1897 4055 ac

320 4080 623 4140 fallacibus
662 4089 1008 4144 ornamentis
1033 4104 1195 4160 quam
1233 4092 1419 4159 procul
1445 4092 1623 4161 jussis
1653 4093 1853 4147 vadere
1881 4112 1895 4160 ;

324 4174 463 4238 sive,
492 4177 697 4246 quibus
739 4178 929 4235 infelix
966 4182 1319 4236 ethnicorum
1354 4183 1590 4238 solertia:
1618 4182 1899 4237 adforma.

321 4273 412 4319 tur
443 4283 635 4335 error;
671 4270 783 4325 sive
812 4280 1084 4342 quotquot
1117 4272 1356 4337 ludicra,
1388 4273 1524 4328 viris
1547 4274 1891 4337 carnalibus,

323 4377 351 4412 a
385 4362 566 4416 carnis
601 4362 834 4433 ﬁctaque
864 4365 955 4418 illa
1004 4364 1331 4420 confusione
1364 4366 1693 4435 dependent.
1727 4363 1898 4421 Plane

320 4451 467 4505 enim
501 4464 634 4509 sunt
662 4455 928 4524 ejusmodi
960 4456 1191 4523 ludicra,
1222 4469 1272 4513 et
1304 4458 1469 4529 digna
1512 4458 1650 4521 risu,
1694 4457 1895 4527 quibus

397 4646 420 4674 ο
448 4634 552 4689 lsa.
587 4652 647 4699 ιι,
689 4637 742 4691 5.
827 4638 846 4676 τ
886 4637 1091 4694 ΤΙιι·οη.
1128 4657 1201 4704 ιν,
1228 4640 1319 4693 ‘20.

2076 3538 2238 3593 Ἀλλά
2264 3537 2425 3608 δεῦρο
2452 3537 2657 3599 πάντες
2711 3533 2849 3606 ὁμοῦ
2897 3535 3160 3604 σήμερον,
3198 3523 3244 3584 ὦ
3286 3531 3583 3602 ἱερώτατον

1997 3633 2094 3686 καὶ
2119 3629 2330 3683 πιστῶν
2362 3628 2753 3700 ἀκροατήριον,
2802 3625 2897 3677 ἐπὶ
2917 3624 3071 3677 τόνδε
3090 3624 3183 3675 τὸν
3216 3623 3346 3676 ναὸν
3379 3638 3582 3676 καταν-

1997 3724 2283 3795 τήσαντες.
2321 3719 2547 3790 Ἐορτὴν
2578 3718 2929 3789 ὲορτάσωμεν
2963 3714 3107 3785 ἱερὸν
3134 3715 3231 3767 καὶ
3259 3714 3581 3783 πανέορτον,

1997 3814 2096 3882 τὴν
2126 3809 2621 3878 ἀξιεπαινεστόιτην
2687 3808 2783 3861 τοῦ
2846 3805 3112 3873 θεοφόρου
3163 3804 3383 3876 Πατρός
3425 3803 3586 3875 ἡμῶν

1998 3904 2413 3974 ἐπιτελούμεναι
2436 3903 2763 3974 ἀνάμνησιν.
2800 3900 3071 3968 Ποιοῦμεν
3110 3897 3165 3951 δὲ
3218 3897 3396 3960 τοῦτο,
3434 3897 3582 3965 πάσῃ

2004 3999 2103 4067 μὲν
2143 3999 2383 4067 κοσμικῇ
2414 3997 2608 4067 πομπῇ
2636 4012 2693 4049 τε
2741 3996 2837 4048 καὶ
2885 3992 3219 4063 πανηγύρει,
3253 3991 3348 4044 καὶ
3375 3992 3586 4059 ἀπατη-

2000 4089 2115 4153 λοῖς
2148 4089 2573 4160 καλλωπίσμασι
2612 4088 2832 4159 μακρὰν
2886 4088 3106 4156 χαίρειν
3165 4084 3429 4152 ἀφέμενοι
3484 4082 3584 4135 ὅσα

2000 4199 2060 4235 τε
2096 4184 2196 4251 τῆς
2237 4180 2560 4251 Ἑλληνικῆς
2600 4179 2885 4250 ἀγχινοίας
2913 4180 3012 4249 τὴν
3045 4176 3420 4246 κακοδαίμονα
3450 4174 3583 4226 πλά-

2000 4289 2099 4342 νην
2131 4269 2593 4341 ὲπιμορφάζεται,
2625 4271 2721 4323 καὶ
2768 4269 2870 4323 ὅσα
2903 4269 3002 4339 τῆς
3052 4267 3205 4321 κάτω
3244 4265 3582 4335 συγχύσεως,

2001 4364 2098 4418 καὶ
2155 4364 2257 4434 τῆς
2315 4364 2650 4418 ὲπιπλάστου
2714 4362 2996 4433 σαρκίνοις
3065 4360 3272 4430 ἐξήρθη
3333 4358 3582 4426 παίγνια.

2009 4454 2245 4523 Παίγνια
2263 4455 2371 4527 γὰρ
2398 4455 2493 4508 καὶ
2515 4454 2754 4525 γέλωτος
2781 4452 2929 4519 ἄξια,
2953 4445 3028 4507 ὧν
3057 4451 3214 4506 οὐδὲν
3234 4450 3582 4521 ἀθλιώτερον.

1631 4767 1868 4826 νΑιιιΑς
1907 4767 2293 4825 LECTIONES

395 4863 411 4893 ³
432 4878 524 4933 γρο
558 4862 811 4932 κάγήρω·

1622 4971 2015 5028 COMBEFISII
2043 4972 2277 5031 NOTAE.

394 5091 509 5162 (75)
541 5088 896 5172 Qrescenj'em,
928 5086 1295 5172 Dioscoriden't‘
1317 5096 1366 5142 et
1396 5086 1688 5172 Νξςρεέςηιτ
1726 5085 1905 5141 [labet
1937 5074 1983 5130 Ι)
2014 5097 2126 5154 tus,
2156 5090 2211 5144 in
2242 5090 2516 5172 eo_pos_i_ta
2557 5089 2651 5155 sit,
2678 5089 2844 5172 ,μυ-οὐ
2896 5090 3014 5161 ipse
3054 5092 3413 5172 martyribus,
3442 5093 3589 5148 velut

323 5157 434 5217 duo
492 5161 700 5232 primos
748 5158 1203 5232 Hartyrofogium
1251 5157 1406 5232 llam.
1448 5157 1520 5232 28
1561 5157 1906 5232 Maii;_quos

323 5228 547 5289 eosdem
578 5232 657 5286 ait
677 5228 952 5287 Baronitis
988 5230 1192 5284 habere
1241 5228 1464 5283 Graecos
1500 5228 1556 5291 in
1586 5228 1782 5282 Menol.
1810 5242 1909 5279 ea-

326 5307 450 5357 tlt‘lll
511 5302 620 5365 die,
682 5319 748 5357 ac
803 5310 1025 5356 exstare
1068 5312 1257 5354 eorum
1312 5300 1634 5352 meritoriam
1684 5298 1737 5351 in
1784 5295 1906 5350 Vita

328 5375 506 5428 sancti
543 5371 750 5427 Nicolai
784 5371 965 5427 :forte
1014 5372 1069 5425 in
1100 5385 1162 5426 ea
1210 5383 1395 5438 quam,
1427 5366 1738 5421 Methodius
1770 5367 1910 5425 seri-

329 5446 462 5513 psit.
503 5441 620 5513 Non
641 5445 785 5496 enim
806 5441 1040 5513 invenio
1068 5441 1121 5495 in
1153 5437 1321 5492 altera
1351 5437 1757 5513 Metaphrastis.

404 5513 518 5577 (74)
553 5512 762 5567 Senum
796 5512 902 5566 Deo
930 5513 1299 5565 concinnasset
1331 5520 1619 5578 martyres.
1643 5508 1909 5573 Cogimur

331 5583 590 5647 supplere
613 5583 672 5632 τὸ
725 5582 1298 5650 συναναπλεκόμενον,
1324 5580 1470 5649 quod
1516 5579 1600 5650 vel
1635 5579 1905 5634 subintel-

333 5650 535 5712 lrgatnr
593 5652 672 5703 vel
720 5652 1085 5706 desideretur.
1108 5649 1192 5707 ’Ut
1225 5649 1447 5703 afferant
1480 5649 1748 5702 rationem
1802 5662 1902 5702 cur

331 5715 593 5771 Nicolauc
620 5734 802 5785 parem
835 5721 1174 5789 martyribus
1217 5733 1479 5773 coronam
1519 5719 1588 5771 sit
1634 5731 1901 5771 consecu-

2010 5160 2393 5232 coronaveritg
2427 5159 2630 5232 Deum.
2676 5159 2981 5232 iisdemque
3028 5159 3279 5232 martyrii
3328 5177 3588 5217 coronam

2010 5231 2161 5303 velut
2184 5230 2445 5303 texuerit,
2472 5228 2769 5303 animantia
2804 5231 2869 5283 ad
2894 5228 3247 5303 inartyriuin,
3283 5247 3385 5303 pro
3415 5232 3593 5287 oflicio

2012 5299 2141 5353 boni
2172 5299 2447 5369 pastoris;
2478 5298 2844 5363 Diocletiano,
2890 5298 3123 5369 aliisque
3156 5298 3300 5356 ante‘
3320 5302 3589 5357 Constan-

2011 5367 2358 5441 tjnunidire
2409 5367 3224 5441 Ecclesi‘am__devastantibus,
3288 5374 3591 5441 praesertim

2014 5438 2259 5494 Orientis
2281 5479 2307 5510 ι
2344 5446 2528 5506 atque,
2566 5439 2703 5510 adeo
2729 5438 2938 5494 Nicolai
2995 5456 3213 5509 gregem
3235 5438 3434 5510 et‘ejus
3462 5455 3594 5510 pro-

2013 5510 2252 5564 vinciam
2284 5507 2501 5580 Lyciae;
2552 5508 2648 5577 qui
2679 5525 2780 5565 nec
2811 5511 2928 5580 ipse
2975 5507 3357 5580 confessionis
3373 5507 3590 5580 titulum

2012 5581 2241 5633 omnino
2265 5577 2547 5649 amiserit;
2578 5588 2764 5635 tentus
2794 5577 2848 5635 iri
2899 5595 3121 5637 carcere
3146 5579 3274 5637 fidei
3301 5595 3491 5649 causa,
3523 5577 3590 5635 ad

2012 5665 2188 5720 usque
2218 5659 2466 5720 tempora
2498 5648 2871 5706 Constantini.
