3978 6140
365 233 498 303 1205

1656 231 1738 299 IN
1787 230 1846 297 S.
1888 167 2342 298 ΡΑἸἋΡΙΙΙΙίῘίί

3494 217 3642 287 12οᾶ

366 343 564 407 Ῥόδων
589 350 650 407 δὲ
679 351 873 418 κάλυξι
933 354 1026 408 καὶ
1058 354 1252 428 μύροις
1290 356 1538 421 εὐώδεσι,
1568 357 1683 418 τοῖς
1715 352 1882 408 αὐτοῦ
1916 353 1923 382 ⁷

2042 349 2179 404 nihil
2226 346 2602 405 miserabilius
2645 345 2740 402 sit.
2782 342 2954 407 Magis
3009 355 3143 396 vero
3205 353 3306 395 ceu
3372 350 3627 392 rosarum

352 445 611 516 ἀλλήλοις
643 444 828 517 ἔργοις
862 445 1213 517 ροδήσαντες,
1248 449 1648 519 πνευματικοῖς
1680 447 1947 518 ᾀσμάτων

352 538 544 591 ἄνθεσι
567 539 661 591 τὸν
690 540 838 593 ὅσιον
871 538 1329 611 στεφανώσωμεν.
1362 539 1639 604 Τοιούτοις
1669 539 1943 610 θεραπεύ-

350 629 512 682 εσθαι
547 629 748 699 μύροις
768 627 917 698 φιλεῖ
943 628 972 682 ό
998 629 1270 701 ἡμέτερος
1313 629 1940 702 ίεροπάτωρίΝικόλαος.

349 706 642 781 Τοίαύταις
667 719 889 788 ἑορταῖς
911 719 1006 772 καὶ
1048 720 1394 790 πανηγύρεσι
1427 719 1716 773 σπένδεται
1751 717 1937 785 πλέον,

347 809 382 880 ἢ
428 812 542 873 τοῖς
589 816 891 881 πομπικοτς
945 811 1209 881 πόμποις,
1245 805 1329 874 οἷς
1370 814 1420 865 οί
1473 811 1791 883 δημοτελεῖς
1829 812 1940 864 τῶν

360 900 629 971 Ἐλλήνων
653 901 1049 971 κακοδαίμονες
1068 901 1373 973 τιμώμενοι
1405 901 1723 971 γάννυνται.
1757 901 1871 955 Καὶ
1902 904 1936 974 ἠ

344 991 544 1063 τρισσὴ
569 991 681 1046 τῶν
730 993 1133 1061 γενναιοτάτων
1180 993 1434 1064 ἀθλητῶν
1455 994 1807 1065 ὁμοφροσύνη
1843 995 1937 1049 καὶ

346 1080 643 1149 σύμπνοια,
692 1075 773 1146 οἷς
798 1080 1167 1152 συναγελάζῃ,
1200 1082 1465 1149 Νικόλαε,
1506 1086 1629 1147 ταῖς
1653 1082 1769 1138 ἄνω
1808 1101 1934 1137 συν-

341 1173 597 1238 αυλίαις,
655 1168 739 1239 οἷς
794 1173 1242 1244 συνεκλάμπεις,
1290 1177 1414 1247 μεθ’
1466 1169 1543 1231 ὧν
1579 1176 1829 1250 χορεύεις
1872 1178 1932 1232 ὲν

341 1265 638 1336 πνεύματι,
686 1265 823 1319 Θεὸν
879 1265 1007 1320 ὅσον
1057 1266 1281 1335 ἐφικτὸν
1322 1266 1466 1338 ὁρῶν
1495 1269 1591 1323 καὶ
1629 1268 1929 1341 ὁρώμενος,

343 1357 465 1419 ταῖς
494 1357 624 1428 περὶ
657 1356 822 1411 αὑτοῦ
855 1355 1110 1425 ἀγλαΐζει
1142 1358 1519 1430 λαμπρότησι.
1558 1360 1779 1414 Τούτων
1815 1379 1930 1415 τοι·

341 1446 548 1518 γαροῦν
576 1451 700 1512 ταῖς
750 1448 887 1519 πρὸς
932 1449 994 1502 τὸ
1018 1448 1163 1503 θεῖον
1183 1450 1490 1518 ἐντεύξεσι,
1521 1453 1617 1505 καὶ
1634 1454 1753 1516 ταῖς
1784 1455 1928 1518 σαῖς,

340 1534 389 1592 ὦ
411 1539 613 1612 Πάτερ,
642 1539 944 1603 θεοδέκτοις
972 1541 1245 1613 δεήσεσιν,
1272 1543 1560 1613 αίρετικῆς
1594 1544 1814 1617 ἁπάσης
1834 1546 1949 1599 καῖ’

340 1632 666 1702 δαιμονικῆς
723 1631 1098 1705 ὲπιφρίξεωςο
1153 1635 1442 1704 μαστίγων
1488 1652 1550 1689 τε
1601 1637 1925 1703 νοσοποιῶν,

2047 443 2343 506 caliculis,
2396 440 2821 512 unguentisque
2888 433 3360 498 suaveolentibus,
3420 430 3630 485 mutuis

2046 536 2281 591 invicem
2356 534 2621 605 operibus
2673 547 2834 588 rosas
2883 529 3210 592 referentes,
3280 524 3633 596 spiritalibus

2043 628 2393 682 canticorum
2423 625 2676 691 ﬂoribus,
2713 633 2971 680 sanctum
3001 634 3350 677 coronamus.
3397 616 3628 671 Talibus

2043 718 2342 789 unguentis
2367 718 2571 788 gaudet
2623 715 2798 771 foveri
2854 729 3014 770 sacer
3045 711 3209 766 Pater
3243 720 3431 765 noster
3456 706 3625 763 Nico-

2040 811 2186 866 laus.
2253 809 2487 865 Talibus
2537 809 2717 878 magis
2769 808 3104 864 conciliatur
3128 805 3285 861 festis
3312 801 3626 858 honoribus

2040 904 2591 973 celebritatibnsque,
2640 917 2807 973 quam
2858 899 3158 956 mundanis
3186 907 3243 954 et
3272 898 3414 952 fastu
3446 894 3626 965 plenis

2039 994 2277 1064 pompis,
2303 995 2507 1063 quibus
2540 993 2762 1063 publico
2795 1000 3020 1061 sumptu
3048 986 3625 1057 honorati‘gentilium

2038 1083 2169 1138 tnali
2202 1083 2483 1138 daemones
2538 1083 2777 1154 superbe
2833 1082 3163 1153 gloriantur.
3205 1078 3428 1148 Triplex
3479 1090 3623 1147 quo-

2037 1190 2145 1247 que
2165 1175 2633 1231 nobilissimorum
2697 1175 2944 1244 pugilum
2975 1175 3094 1228 laeta
3144 1184 3489 1239 concorsque
3533 1182 3624 1239 so-

2035 1267 2258 1332 dalitas,
2285 1267 2647 1339 quibuscum,
2675 1265 2920 1333 Nicolae,
2952 1247 3273 1321 emlestibus
3317 1258 3640 1317 domiciliis-

2034 1358 2301 1414 collectus
2323 1358 2587 1424 versaris,
2618 1358 2947 1429 quibuscum
2971 1356 3255 1428 splendes,
3286 1354 3619 1426 quibuscum

2033 1448 2091 1504 in
2129 1450 2333 1520 spiritu
2392 1450 2597 1506 choros
2644 1450 2824 1518 ducis,
2874 1448 3048 1505 Deum
3095 1446 3292 1502 videns
3350 1453 3617 1515 quantum

2031 1541 2184 1609 licet,
2216 1549 2383 1612 atque
2409 1543 2568 1599 visus
2600 1542 2670 1598 ab
2704 1557 2795 1609 eo,
2820 1542 2940 1609 ejus
2978 1540 3116 1596 laetis
3145 1536 3401 1610 splendet
3433 1535 3639 1606 fulgo--

2032 1635 2206 1691 ribus.
2267 1632 2477 1690 Horum
2535 1636 2724 1706 itaque
2759 1635 2827 1690 ad
2874 1634 3046 1688 Deum
3092 1628 3613 1691 intercessionibus,

339 1724 438 1777 καὶ
466 1722 576 1778 τῶν
619 1725 678 1779 έν
728 1724 882 1795 μέσῳ
931 1728 1174 1791 πάντων,
1223 1727 1320 1782 καὶ
1351 1720 1432 1792 οἷς
1461 1728 1742 1799 ἀδοκήτως
1773 1730 1923 1801 ἡμᾶς

2030 1725 2275 1795 tuisque,
2337 1740 2370 1780 ο
2403 1723 2586 1793 Pater,
2655 1725 2767 1780 Deo
2820 1724 3062 1796 acceptis
3120 1721 3488 1785 orationibus,
3544 1721 3643 1773 ab-

337 1816 762 1887 περιπλέκονται
789 1817 1088 1889 ἄνθρωποι,
1121 1819 1218 1873 καὶ
1256 1820 1477 1874 πάντων
1500 1819 1638 1891 ὁμοῦ
1667 1821 1778 1874 τῶν
1801 1839 1920 1875 κιν-

336 1908 513 1964 δύνων
546 1909 876 1981 ρυσθείημιν
915 1911 1194 1974 ἅπαντες·
1239 1912 1426 1984 χάριτι
1470 1913 1571 1966 καὶ
1610 1915 1922 1985 οίκτιρμοίς

340 2001 435 2054 καὶ
456 2000 841 2074 φιλανθρωπίᾳ
868 2001 963 2057 τοῦ
996 2002 1430 2074 έξαγοράσαντος
1451 2005 1621 2075 ἡμᾶς,
1651 2005 1729 2076 τῷ
1754 2005 1921 2077 τιμίῳ

334 2094 433 2165 τῆς
465 2093 752 2165 ζωοδώρου
799 2095 1045 2167 πλευρᾶς
1089 2095 1258 2150 αὐτοῦ
1327 2097 1551 2167 αἵματι,
1588 2100 1684 2152 καὶ
1730 2099 1830 2168 τῆς
1862 2101 1920 2152 ὲν

339 2187 515 2261 πλάνῃ
540 2187 818 2257 βασιλείας
845 2189 994 2259 ἡμᾶς
1016 2187 1448 2255 ἀπαλλάξαντος,
1470 2189 1709 2258 Χριστοῦ
1742 2190 1920 2261 Ἰησοῦ

331 2280 428 2337 τοῦ
484 2282 690 2352 Κυρίου
753 2282 910 2352 ἡμῶν
930 2299 943 2312 ·
972 2281 1093 2352 μεθ’
1115 2273 1178 2335 οὗ
1212 2283 1413 2353 πρέπει
1442 2285 1593 2337 πᾶσα
1619 2283 1775 2356 τιμὴ,
1822 2283 1947 2338 καί·

333 2372 479 2437 δόξα,
514 2373 717 2444 κράτος
751 2375 847 2428 καὶ
879 2374 1347 2446 μεγαλοπρέπεια,
1378 2374 1456 2445 τῷ
1488 2376 1686 2447 Πατρὶ,
1713 2378 1808 2431 καὶ
1836 2376 1918 2449 τῷ

332 2465 475 2536 ἁγίῳ
502 2465 808 2537 Πνεύματι,
841 2466 938 2521 νῦν
984 2468 1079 2522 καὶ
1126 2468 1236 2533 ἀεὶ,
1271 2468 1366 2522 καὶ
1411 2469 1492 2531 είς
1537 2470 1666 2533 τοὺς
1711 2469 1916 2534 αἰῶνας

328 2556 439 2611 τῶν
468 2557 699 2613 αίώνων.
745 2558 940 2630 Ἀμήν.

949 2878 1169 2933 ΛΟΓΟΣ
1214 2877 1318 2936 IB'.

330 2992 437 3055 Εὶς
455 2990 562 3044 τόν
578 2989 878 3062 μακάρων
901 2991 1228 3062 Πατάπιρν,
1247 2992 1347 3062 καί
1369 2992 1589 3062 μερικὴ
1621 2991 1747 3047 τῶν(
1767 2996 1913 3047 θαυ-

724 3059 934 3132 μάτων
972 3060 1161 3117 αὐτοῦ
1207 3059 1506 3132 eamme.

2028 1817 2182 1873 omni
2240 1817 2503 1873 haeretico
2557 1817 2983 1889 daemonumque
3032 1816 3336 1872 liberemur
3368 1812 3613 1876 affricta,

2029 1923 2095 1965 ac
2129 1910 2451 1965 morborum
2498 1911 2702 1981 plagis,
2747 1920 2863 1965 tum
2895 1907 3287 1965 communibus
3313 1907 3423 1962 illis
3470 1906 3634 1960 acin.

2027 2002 2211 2057 medio
2235 2002 2387 2058 velut
2414 2003 2632 2073 positis,
2663 2011 2780 2058 tum
2825 2002 3035 2074 quibus
3088 2009 3292 2072 praeter
3325 2015 3479 2070 spem
3517 2001 3631 2054 ho--

2028 2096 2208 2152 mines
2256 2097 2583 2167 implicant,
2648 2096 3023 2167 omnibusque
3081 2093 3248 2151 simul
3297 2091 3607 2164 periculis:

2027 2190 2203 2259 gratia
2253 2197 2311 2244 et
2367 2189 2844 2254 miserationibus,
2919 2189 3296 2257 clementique
3362 2186 3633 2240 bonitate

2026 2278 2149 2348 ejus
2199 2280 2294 2350 qui
2332 2294 2435 2335 nos
2465 2280 2714 2350 pretioso
2741 2279 2948 2334 vivitiei
2994 2279 3190 2334 lateris
3222 2277 3306 2334 sui
3338 2264 3634 2347 sanguineo

2024 2369 2282 2436 redemit,
2310 2381 2481 2441 atque
2528 2370 2598 2426 ab
2626 2372 2838 2427 erroris
2882 2385 3055 2441 regno
3086 2369 3361 2434 liberavit,
3403 2368 3629 2424 Christi.

2023 2461 2154 2520 Jesu
2205 2461 2422 2519 Domini
2479 2464 2700 2520 nostri:
2733 2479 2900 2535 quem
2959 2464 3140 2519 decet!
3185 2464 3367 2519 omnis
3431 2465 3628 2518 honor

2022 2563 2076 2610 et
2108 2555 2311 2626 gloria,
2342 2564 2588 2626 potestas
2611 2563 2665 2611 et
2705 2555 3138 2626 magniﬁcentia,
3178 2570 3303 2611 cum
3338 2553 3501 2609 Patre
3545 2562 3627 2608 eti

2020 2656 2214 2703 sancto
2247 2645 2479 2716 Spiritu,
2510 2662 2656 2703 nunc
2702 2655 2759 2704 et
2791 2662 3028 2720 semper,
3059 2657 3119 2704 et
3150 2646 3204 2702 in
3260 2648 3460 2704 saecula
3495 2660 3625 2702 sae~

2020 2738 2295 2795 culorum.
2323 2739 2523 2797 Amen.

2592 2875 2855 2934 ORATIO
2877 2877 3020 2933 XIX.

2025 2988 2095 3045 In
2146 2990 2212 3046 Β.
2244 2989 2540 3061 Patapium
2584 2990 2802 3061 ejusque
2832 2991 3220 3061 miraculorum
3253 2989 3627 3059 particular-is:

2591 3060 2838 3115 narratio
2878 3060 3015 3132 (75).
3294 3072 3303 3075 '

414 3172 500 3236 Ὠς
515 3173 779 3246 λαμπρὰν
808 3175 904 3230 καὶ
932 3174 1314 3245 πνευματικὴν
1328 3173 1442 3244 ὁρῶ
1460 3173 1559 3246 τὴν
1575 3174 1911 3247 πανήγυριν,

2090 3175 2268 3244 Quam
2331 3178 2515 3233 laetum
2576 3185 2633 3232 et
2693 3177 3005 3248 spiritalem
3046 3191 3215 3233 cerno
3248 3182 3617 3239 conventum,

328 3266 428 3320 xci.
455 3265 604 3331 ξένον
665 3269 728 3321 τὸ
781 3267 1011 3339 θέατρον
1041 3268 1302 3339 σήμερον,
1334 3267 1431 3321 καὶ
1469 3266 1772 3338 θαυμάζειν
1818 3285 1913 3337 μοι

328 3359 511 3412 ἔπεισι
538 3358 638 3431 τὴν
670 3360 943 3430 τοσαύτην
969 3359 1168 3432 ὁρῶντι
1218 3358 1584 3428 φαιδρότηταο
1621 3358 1740 3422 πῶς
1768 3357 1914 3412 οὕτω

327 3468 395 3519 γε
413 3452 710 3523 προθύμως
770 3455 863 3507 καὶ
914 3452 1059 3508 κατὰ
1113 3452 1332 3514 ταύτὸν,
1391 3450 1538 3506 ἅπαν
1568 3445 1708 3516 εἶδος
1751 3452 1913 3518 ἀξίας

329 3542 688 3615 συνέδραμεν.
719 3544 1017 3616 Κληρικῶν
1035 3543 1146 3615 γὰρ
1162 3543 1212 3597 οί
1233 3541 1475 3611 λογάδες,
1497 3542 1593 3595 καὶ
1624 3543 1910 3613 μοναστῶν

324 3634 399 3688 τὰ
424 3636 770 3707 συστήματα,
799 3634 1077 3704 γυναικῶν
1106 3652 1166 3689 τε
1195 3635 1321 3688 ὅσον
1368 3634 1569 3704 σεμνόν
1596 3651 1654 3686 τε
1685 3636 1781 3689 καὶ
1821 3634 1914 3688 εὖ-

329 3742 528 3797 σημον,
580 3729 677 3781 καὶ
736 3728 979 3798 μιγάδων
1019 3730 1069 3781 oi
1117 3726 1574 3798 σωφρονέστεροι,
1632 3727 1726 3781 τὸν
1770 3728 1914 3798 ἱερὸν

323 3819 540 3872 τουτονὶ
594 3820 995 3884 καταλαϐόντες
1030 3819 1189 3885 νεὼν,
1233 3818 1429 3889 ἑορτὴν
1467 3818 1633 3887 ὁμόσε
1677 3820 1913 3891 φαιδρὰν

326 3906 614 3978 ἑορτάζειν
668 3908 1118 3981 προστρέχουσιν.
1164 3909 1306 3962 Ἀλλ’
1345 3903 1406 3963 οὗ
1447 3928 1509 3980 γε
1539 3910 1723 3981 χάριν,
1756 3912 1912 3963 τουτὶ

322 4000 389 4053 τὸ
413 3998 620 4070 πλῆθος
649 3999 835 4055 ἐνθάδε
875 3999 1243 4066 συνείλεκται,
1273 4001 1369 4054 καὶ
1402 4001 1486 4065 τίς
1512 4003 1540 4055 ό
1573 4000 1775 4072 τρόπος
1807 4001 1907 4070 τῆς

322 4092 541 4163 ἑορτῆς,
576 4093 917 4162 ὲρωτήσαιεν
953 4090 1020 4146 ἂν
1068 4090 1198 4155 ῐσως
1241 4092 1354 4147 τῶν
1398 4093 1696 4165 φιλεόρτων
1738 4093 1904 4156 τινές.

321 4179 422 4249 Οἷς
450 4186 551 4239 ούκ
578 4188 662 4249 είς
685 4185 902 4256 μακρὰν
934 4186 963 4238 ό
991 4184 1147 4254 λόγος
1169 4187 1239 4258 τῇ
1272 4186 1466 4240 πεύσει
1496 4204 1906 4259 συμπαρομαρ-

317 4277 523 4333 τοῦσαν
551 4278 852 4349 ἐφάμιλλον
895 4277 992 4351 τὴν
1031 4278 1206 4347 λύσιν,
1240 4280 1321 4345 είς
1361 4279 1522 4352 δεῦρο
1553 4282 1648 4335 καὶ
1674 4280 1769 4336 νῦν
1804 4281 1905 4333 έπ-

316 4370 626 4441 ενέγκοιτο.

2018 3282 2330 3338 novumque
2375 3268 2643 3325 hodierna
2696 3268 2787 3323 die
2814 3269 3194 3338 spectaculum
3250 3286 3265 3322 :
3324 3268 3588 3337 subitque

2019 3360 2212 3414 mirari
2242 3368 2356 3414 tam
2382 3360 2563 3415 laetam
2604 3362 2901 3432 asplcienti
2939 3376 3126 3417 rerum
3165 3361 3383 3423 faciem,
3421 3369 3478 3414 ut
3511 3359 3613 3413 di-‘

2018 3452 2202 3523 gnitas
2231 3454 2418 3510 omnis
2442 3459 2497 3507 et
2526 3451 2667 3507 ordo
2704 3461 2859 3509 tanta
2909 3454 3206 3509 alacritate
3233 3453 3599 3523 certatimque

2019 3544 2075 3598 in
2111 3560 2278 3600 unum
2338 3543 2708 3601 concurrerit.
2770 3543 2984 3602 Etenim
3039 3544 3613 3605 nobilioreseclcro,

2013 3639 2525 3709 monachorumque
2577 3652 2797 3706 turmae,
2862 3654 2928 3695 ac
2959 3638 3151 3710 siqua:
3197 3638 3462 3693 mulieres
3503 3637 3607 3691 ho-

2012 3739 2182 3785 ncsta:
2223 3740 2354 3787 sunt
2394 3743 2450 3788 et
2477 3733 2659 3798 clarae,
2728 3734 3173 3805 promiscuaeque
3227 3729 3607 3786 multitudinis
3676 3802 3681 3805 ς

2012 3822 2300 3892 probiores
2329 3825 2541 3895 populi,
2580 3825 2635 3880 in
2672 3840 2894 3882 sacrum
2929 3824 3034 3880 hoc
3070 3823 3337 3893 templum
3369 3821 3598 3876 venien-

2013 3920 2119 3975 tes,
2165 3912 2343 3967 laetam
2393 3915 2786 3971 communibus
2836 3914 3039 3972 studiis
3069 3914 3478 3971 solemnitatem
3506 3928 3599 3968 cc-

2016 4003 2283 4057 lebraturi
2326 4014 2650 4060 accurrunt.
2680 4005 2818 4062 Fors
2849 4020 2982 4061 vero
3015 4021 3126 4060 non
3157 4005 3437 4061 defuerint
3470 4002 3598 4058 festi

2016 4101 2289 4156 amantes,
2330 4094 2423 4165 qui
2461 4106 2711 4165 quaerant
2765 4096 3055 4165 cujusnam
3104 4095 3281 4166 gratia
3342 4095 3432 4148 hic
3489 4094 3599 4148 loci

2014 4186 2245 4240 collecta
2306 4187 2382 4241 sit
2415 4193 2569 4241 tanta
2617 4187 2734 4243 lucc
2784 4186 3107 4249 multitudo,
3152 4200 3221 4240 ac
3277 4184 3593 4255 cuiusmodi

2013 4278 2313 4334 celebritas
2370 4277 2463 4334 sit.
2497 4276 2734 4345 Quibus,
2764 4280 3017 4348 proxime
3068 4278 3327 4333 comitem
3360 4290 3603 4347 percon-~

2014 4370 2207 4425 tationi
2265 4370 2519 4426 aemulam
2580 4372 3030 4443 responsionem,
3077 4368 3621 4441 impraesentiarum.

1926 4473 1977 4532 ι)
2008 4478 2196 4518 sermo
2230 4463 2504 4522 intulerit.

1568 4630 1581 4641 ⁸
1642 4633 1875 4690 νΑιιιιΕ
1903 4633 2304 4694 LECTIUNES.

278 4788 283 4791 Α
384 4726 405 4756 ²
427 4723 632 4777 αὐτῶν.

1649 4880 2041 4937 COMBEFISII
2076 4882 2309 4939 NOTAE.

386 4965 501 5042 (75)
532 4966 626 5042 Est
656 4970 833 5042 sancti
865 4969 1061 5042 hujus,
1112 4971 1404 5042 utriusque
1444 4971 1708 5027 Ecclesia!
1741 4973 1902 5027 tabu-

310 5039 404 5112 lis,
437 5039 502 5112 ad
531 5038 847 5112 8_Decemb.
877 5038 1193 5111 consignata
1237 5038 1531 5107 memoria;
1556 5058 1718 5112 quem
1751 5044 1905 5099 circa

308 5111 432 5181 ipsa
464 5108 697 5163 Andreze
727 5117 998 5181 tempora,
1039 5108 1134 5165 aut
1163 5129 1271 5166 non
1320 5112 1394 5166 ita
1428 5108 1727 5178 seniorem,
1785 5116 1899 5168 col-

308 5179 535 5250 ligimus
556 5195 626 5250 ex
655 5179 988 5250 revelatione
1036 5198 1145 5250 qua
1204 5182 1308 5237 fuit
1359 5182 1619 5239 inductus
1657 5185 1724 5237 ad
1766 5200 1901 5238 con-

309 5247 608 5321 scribenda
675 5248 794 5315 ejus
842 5251 999 5317 Acta,
1031 5247 1094 5306 ac
1131 5252 1297 5306 modo
1343 5267 1453 5321 quo
1501 5264 1723 5308 enarrat
1766 5270 1899 5309 con-

310 5319 630 5386 scripsisse,
693 5321 841 5375 vclut
884 5322 1091 5376 recenti
1123 5323 1302 5376 adlmc
1335 5319 1438 5377 viri
1471 5324 1769 5385 memoria;
1812 5325 1898 5378 ni-

310 5388 520 5461 mirum
560 5406 752 5461 eorum
783 5393 956 5446 relatu
987 5392 1080 5461 qui
1102 5393 1396 5461 videantur
1413 5394 1726 5448 convixisse
1755 5394 1897 5451 Con-

310 5458 719 5532 stantinopoli,
736 5475 850 5532 quo,
872 5463 920 5515 is
944 5458 1069 5523 sibi,
1095 5462 1165 5516 ab
1184 5458 1406 5532 Egypti
1430 5463 1751 5524 solitudine.
1782 5480 1896 5519 me-

310 5528 421 5603 dia
440 5528 577 5585 urbe
601 5528 780 5603 regia,
810 5531 1077 5603 singulari
1098 5528 1352 5601 exemplo
1393 5533 1746 5588 solitudinem
1784 5534 1896 5588 de-

312 5598 562 5666 legisset.
597 5598 689 5654 sae
723 5599 834 5655 Deo
864 5598 1186 5656 instituente
1215 5598 1279 5671 ac
1304 5614 1677 5670 perium-cute,
1704 5619 1811 5671 qua
1837 5613 1895 5658 ut

312 5683 496 5724 novus
521 5679 789 5740 patronus
821 5672 1042 5742 hospitii
1079 5673 1199 5743 jure
1226 5670 1703 5742 Constantinopoli
1725 5670 1894 5731 ’ccdc-

2007 4982 2112 5035 ret.
2162 4991 2270 5044 qua
2330 4983 2390 5029 ut
2454 4984 2660 5030 tantam
2720 4976 3023 5039 civitatem,
3062 4990 3171 5029 non
3215 4974 3589 5041 sermonibus,

2004 5045 2102 5101 sed
2145 5046 2364 5115 egregio
2415 5047 2536 5099 vitm
2565 5049 2819 5117 exemplo
2894 5046 2959 5117 ad
3004 5045 3259 5114 pietatem
3298 5059 3598 5117 moresque

2004 5111 2847 5187 sanctoscomponeretz‘pvelnt
2903 5111 3016 5170 fere
3073 5125 3261 5187 postea
3317 5111 3590 5170 Romaein

2005 5185 2232 5254 Brigitta
2251 5185 2617 5241 etcatharina
2646 5185 2865 5247 Suecis,
2904 5195 3077 5240 matre
3103 5185 3345 5253 liliaque,
3372 5194 3591 5254 gestum

2002 5266 2087 5309 est
2106 5253 2127 5305 7:
2165 5262 2225 5309 ut
2250 5271 2319 5309 ne
2348 5256 2683 5312 (lettovefam
2735 5265 3008 5319 nostram,
3057 5255 3307 5321 aliosque
3332 5253 3388 5306 id
3412 5269 3589 5316 genus

2004 5324 2210 5390 dicam,
2238 5340 2475 5394 quorum
2521 5326 2665 5380 Deu‘s
2718 5325 3051 5387 humilitate,
3085 5324 3377 5394 curialium
3414 5322 3589 5394 homi—

2006 5410 2138 5448 num
2171 5393 2408 5464 caStigat
2429 5396 2778 5464 iactantiam,
2807 5404 3026 5449 austera
3057 5396 3167 5449 vita
3196 5393 3423 5447 damnat
3452 5393 3587 5447 deli-

2005 5464 2159 5529 cias;
2202 5466 2463 5534 ipsosque
2516 5465 2831 5520 sacerdotes
2890 5474 2944 5517 et
2987 5465 3219 5527 clerum,
3259 5464 3429 5517 tantis
3476 5466 3588 5520 illis

2005 5535 2336 5603 fulgoribus,
2363 5536 2554 5604 largus
2576 5537 2714 5603 ipse,
2748 5535 2841 5589 tibi
2873 5544 3067 5588 natura
3085 5534 3373 5604 videantur
3398 5549 3585 5601 parca.

2004 5604 2070 5656 ad
2098 5602 2376 5668 inteliora,
2408 5602 2560 5659 mitto
2601 5602 3072 5675 incnarrabilique
3120 5602 3422 5675 praeconio,
3462 5620 3591 5675 pm-

2005 5683 2182 5732 wcat.
