3978 6140
445 270 579 337 1207

1630 269 1692 330 S.
1730 266 2063 329 ANDREIE
2098 264 2521 327 CRETENSIS

3536 277 3650 344 1208

510 381 751 437 Sanctus
801 376 1066 452 Patapius
1136 388 1242 445 est,
1309 380 1473 451 cujus
1532 379 1860 434 memoriam
1913 379 2017 434 ho-

2191 380 2471 443 Πατάπιος
2510 380 2539 432 6
2570 380 2736 445 ὅσιος,
2796 373 2857 432 οὗ
2910 381 3011 451 τὴν
3053 383 3271 454 μνήμην
3305 389 3630 460 γεραίροντες.

437 488 574 528 nore
603 479 1035 543 prosequentes,
1069 471 1283 525 huncce
1316 469 1647 525 hodiernum
1682 477 2019 525 conventum

438 567 681 637 agimus.
710 565 833 636 Ipse
870 571 976 629 est,
1027 562 1121 632 qui
1158 576 1352 618 omnes
1387 562 1576 625 hodie,
1624 561 1849 619 sublimi
1881 575 2023 631 quo-

440 660 567 716 dam
591 655 876 729 praeconio
927 655 1038 711 huc
1073 655 1407 711 convocavit
1434 674 1449 723 ;
1474 655 1724 726 seipsum
1764 653 2018 725 quidem,

438 748 592 805 velut
635 745 989 819 splendidum
1028 746 1181 802 omni
1211 746 1415 815 dapum
1454 746 2021 818 genere'instructum

441 840 757 897 convivium
776 854 841 895 ac
855 852 1107 897 mensam
1127 838 1413 894 caelestem
1433 853 1783 909 proponens:
1803 852 2021 895 sacram

437 947 572 989 vero
600 932 687 988 sui
730 930 1083 995 memoriam,
1122 927 1400 985 esculenti
1449 928 1629 984 instar
1654 941 1721 982 ac
1747 926 2023 997 spiritalis

438 1018 781 1078 condimenti
823 1018 972 1086 loco,
1010 1015 1342 1087 proferens:
1391 1018 1479 1071 cui
1511 1030 1634 1081 vos,
1664 1014 1880 1082 dilecti,
1908 1029 2025 1070 mo-

437 1125 558 1167 rem
586 1118 864 1181 gerentes,
916 1109 1059 1164 bene
1102 1109 1266 1179 plane
1309 1116 1562 1180 agentes,
1600 1108 1724 1163 loco
1760 1107 1865 1163 hoc
1902 1108 2022 1162 col-

440 1204 568 1258 lecti
600 1203 759 1260 estis.
791 1203 1005 1272 Quippe
1027 1199 1579 1271 eam‘sapientissimi
1608 1200 1769 1257 Pauli
1806 1215 2022 1267 vocem,

439 1294 519 1348 ita
552 1293 973 1364 praecipientis:
1016 1311 1036 1345 ι
1076 1288 1316 1348 Obedite
1350 1291 1667 1362 praepositis
1696 1291 1927 1357 vestris,
1969 1298 2025 1347 et

442 1383 726 1455 subjacete
775 1384 858 1440 eis
891 1385 939 1446 ⁸,
1002 1401 1021 1433 ι
1072 1390 1184 1438 et:
1224 1400 1243 1434 ι
1304 1381 1634 1441 Mementote
1694 1384 2025 1454 praeposito-

440 1490 566 1529 rum
595 1482 905 1530 vestrorum
931 1474 983 1537 h,
1025 1492 1046 1524 ι
1086 1487 1151 1527 ac
1184 1472 1235 1530 si
1276 1472 1408 1541 quid
1446 1474 1517 1529 ab
1546 1474 1619 1529 iis
1651 1479 1874 1544 pendet,
1910 1489 2026 1529 me-

441 1564 625 1619 moria
679 1566 1012 1630 retinentes,
1067 1562 1306 1633 ejusque
1353 1564 1671 1620 absolutum
1715 1565 2024 1633 prmmium,

444 1654 824 1712 obedientium
872 1656 1135 1711 virtutem
1176 1652 1545 1721 aestimantes,
1602 1655 1859 1727 impigre,
1914 1672 2025 1711 una

444 1763 573 1803 cum
606 1757 837 1805 vocante
869 1747 1128 1804 venistis.

432 1906 433 1909 η
515 1843 656 1897 Cum
712 1858 880 1913 porro
929 1846 1045 1899 haec
1093 1846 1167 1900 ita
1219 1845 1486 1908 habeant,
1551 1844 1757 1907 venite,
1805 1843 2026 1912 virique

448 1935 784 1999 encomium,
816 1951 881 1991 ac
912 1937 1039 1992 vita:
1071 1937 1197 2008 ejus
1220 1946 1274 1993 et
1301 1937 1748 1994 conversationis
1777 1926 2025 1993 audituri

448 2024 767 2093 historiam,
834 2027 977 2084 bene
1032 2030 1183 2085 suasi
1238 2029 1545 2100 facilesque
1606 2028 1819 2085 adeste.
1893 2027 2027 2084 Mihi

450 2126 623 2183 certe,
653 2126 716 2174 ut
758 2134 922 2176 sacro
962 2122 1089 2177 viro
1139 2131 1410 2192 quantam
1453 2122 1699 2180 facultas
1732 2125 2027 2192 permittit.

450 2226 715 2267 coronam
757 2212 1052 2283 plectendo
1103 2214 1246 2268 nihil
1289 2213 1526 2270 omnino
1576 2228 1767 2271 eorum
1809 2230 1930 2285 quael
1959 2214 2029 2271 ad

450 2302 577 2371 ejus
628 2311 882 2372 spectant
947 2304 1213 2360 virtutem
1274 2305 1504 2362 silentio
1578 2308 1883 2375 involvam,
1939 2322 2032 2363 res

446 2395 615 2464 plane
644 2398 819 2450 ardua
846 2406 955 2463 est,
981 2404 1151 2467 atque
1179 2398 1235 2452 in
1276 2399 1474 2470 primis
1506 2408 1566 2456 ut
1594 2401 1758 2457 vobis
1786 2400 1914 2457 festi
1943 2415 2031 2456 sas

452 2496 864 2543 cramentorum
922 2489 1301 2557 auditoribus,
1352 2500 1465 2547 tam
1509 2492 1803 2562 magniﬁce
1845 2491 2029 2547 laetum

453 2586 789 2633 conventum
821 2581 1122 2646 instruam,
1172 2580 1479 2653 ingensque
1504 2581 1770 2652 gaudium
1812 2596 1914 2653 pro
1943 2596 2036 2638 so-

451 2671 657 2728 lemnis
696 2672 807 2727 diei
849 2674 1067 2729 ratione
1098 2674 1324 2730 faciam.

2040 1743 2107 1797 at}

2123 472 2329 543 ταύτην
2362 472 2570 542 ἄγομεν
2593 474 2690 542 τὴν
2717 473 3026 546 πανήγυριν
3045 475 3298 548 σήμερον.
3331 479 3488 545 Αὐτὸς
3501 482 3644 539 ἅπαν.

2123 583 2220 630 τας
2247 565 2435 619 ἐνθάδε
2481 564 2577 619 νῦν
2618 565 2975 631 συνεκάλεσε,
3031 567 3151 638 μεθ’
3190 569 3381 640 ὑψηλοῦ
3408 591 3538 638 τινος
3567 593 3646 648 κη-

2126 656 2440 728 ρύγματος·
2485 656 2682 712 ἑαυτὸν
2733 658 2835 724 μὲν
2884 658 3113 728 προθεὶς
3153 662 3283 731 ήμῖν
3330 661 3505 735 ὥσπερ
3548 669 3651 722 τινὰ

2125 748 2397 821 πολυτελῆ
2453 749 2781 805 πανδαισίαν
2817 750 2915 805 καὶ
2979 751 3229 822 οὐράνιον
3253 754 3511 824 τράπεζαν
3530 773 3543 788 ο
3569 757 3657 829 τὴν

2123 838 2180 893 δὲ
2218 839 2372 911 ίεράν
2404 838 2573 894 αὐτοῦ
2622 840 2848 911 μνήμην
2883 841 2997 895 ἀντ’
3032 840 3231 911 ἐδωδῆς
3272 843 3363 896 καί
3398 847 3652 915 καρυκείας

2125 931 2505 1004 πνευματικῆς
2520 931 2985 1003 προϐαλλόμενος,
3006 926 3053 1000 ᾧ
3064 932 3386 1002 πεισθέντες,
3397 937 3653 1009 ἀγαπητοὶ,

2126 1022 2577 1094 συνηθροίσθητε,
2595 1019 2656 1078 εὖ
2683 1040 2748 1093 γε
2778 1026 2874 1079 καὶ
2890 1024 3013 1080 λίαν
3047 1025 3385 1097 ποιήσαντες.
3407 1027 3507 1099 τῆς
3533 1031 3651 1101 γάρ·

2134 1135 2153 1167 ι
2194 1115 2457 1170 Πείθεσθε
2496 1118 2610 1180 τοῖς
2656 1116 2990 1187 ἡγουμένοις
3041 1116 3197 1187 ὑμῶν
3231 1119 3320 1173 καὶ
3353 1119 3599 1179 ὑπείκετε.
3631 1140 3647 1174 ι

2128 1206 2527 1278 νομοθετούσης
2559 1206 2655 1262 τοῦ
2695 1209 2977 1278 πανσόφου
3008 1210 3222 1263 Παύλου
3253 1209 3431 1280 φωνῆς
3454 1227 3467 1242 °
3532 1211 3611 1267 καί
3640 1229 3650 1243 ι

2134 1316 2153 1349 ι
2186 1299 2574 1369 Μνημονεύετε
2619 1297 2728 1353 τῶν
2778 1298 3104 1375 ήγουμένων
3167 1298 3336 1370 ὑμῶν⁹
3386 1317 3404 1350 ι
3434 1302 3521 1355 καὶ
3566 1302 3659 1354 τῶν

2129 1392 2231 1445 ὅσα
2253 1392 2463 1455 τούτοις
2496 1390 2759 1463 ὶπῆρται,
2790 1391 2892 1462 τὴν
2918 1393 3144 1463 μνήμην
3173 1392 3308 1446 κατά
3334 1390 3553 1446 διάνοιαν
3577 1393 3656 1461 φί-

2134 1502 2344 1556 ροντες,
2373 1485 2471 1539 καὶ
2496 1483 2701 1539 τέλειον
2725 1482 2931 1553 ταύτης
2962 1478 3147 1546 ἆθλον,
3181 1482 3281 1552 τὴν
3307 1482 3411 1536 τῶν
3439 1482 3658 1551 ὑπηκόων

2114 1574 2333 1647 ’ἀρετὴν
2416 1573 2755 1647 ὁριζόμενοι,
2839 1575 3055 1638 ἀόκνως
3104 1572 3186 1645 τῷ
3245 1571 3482 1629 καλοῦντι
3554 1587 3658 1625 συν-

2134 1669 2347 1739 ήλθετε.

2212 1851 2364 1906 Ἐπεὶ
2389 1851 2446 1905 δὲ
2475 1850 2652 1906 ταῦτα
2675 1851 2848 1914 οὕτως
2881 1848 2997 1921 ἔχει
3024 1864 3038 1881 ·
3065 1849 3226 1920 δεῦρο
3254 1849 3543 1913 πεισθέντας
3567 1867 3661 1918 μοι,

2126 1942 2189 1998 τὸ
2209 1941 2305 1998 τοῦ
2333 1942 2523 2011 ἀνδρὸς
2553 1940 2831 2013 ἐγκώμιον
2858 1940 3157 2004 ἀκούσατε,
3192 1941 3287 1995 καὶ
3328 1940 3421 2010 τῆς
3444 1939 3552 1995 κατ’
3581 1941 3660 1993 αὖ·

2127 2036 2222 2089 τὸν
2247 2034 2341 2088 τοῦ
2393 2034 2511 2105 βίου
2550 2034 2854 2102 διαγωγῆς,
2900 2034 3241 2104 ἒκφαντικὴν
3288 2033 3385 2103 τὴν
3430 2031 3661 2102 διήγησιν.

2142 2127 2298 2197 Ἐμοὶ
2329 2126 2429 2198 μὲν
2460 2128 2541 2190 είς
2566 2126 2795 2196 δύναμιν
2825 2125 3021 2196 ἐκείνῳ
3048 2124 3133 2195 τῷ
3162 2123 3290 2195 ἱερῷ
3318 2123 3409 2178 τὸν
3438 2123 3669 2191 στέφανον

2133 2218 2411 2279 πλέκοντι,
2434 2217 2519 2270 ἐπ’
2551 2216 2728 2270 οὐδενὶ
2781 2214 3042 2281 καθάπαξ
3069 2213 3181 2267 τῶν
3208 2216 3286 2278 είς
3331 2213 3517 2286 ἀρετὴν
3550 2210 3666 2265 ὲκεί-

2133 2326 2223 2364 νου
2250 2308 2538 2362 τεινόντων
2595 2306 3054 2377 παρασιωπιῖωτι,
3106 2303 3306 2359 πολλοῦ
3345 2321 3407 2373 γε
3438 2303 3522 2356 καὶ
3561 2302 3661 2354 δεξί’

2133 2401 2262 2472 ὑμῖν
2298 2399 2355 2453 δὲ
2411 2398 2615 2470 μᾶλλον
2662 2399 2779 2461 τοῖς
2824 2398 2934 2451 τῶν
2999 2397 3317 2469 μυστηρίων
3368 2394 3461 2465 τῆς
3509 2394 3665 2464 ἑορτῆς

2133 2492 2461 2564 ἀκροάμοσιι
2505 2490 2743 2561 φαιδρὰν
2777 2491 2857 2554 εἰς
2904 2492 3032 2546 ὅσον
3099 2486 3548 2550 κατασκευάζοντι
3586 2481 3667 2551 τήν

2137 2587 2464 2657 πανήγυριν,
2498 2584 2597 2638 καὶ
2628 2582 2831 2653 πολλὴν
2857 2583 2996 2651 ἄγαν
3022 2581 3343 2652 ἑμποιοῦντι
3384 2579 3474 2648 τήν
3499 2577 3665 2646 εὐφρα-

2138 2678 2282 2734 σίαν.

527 2765 664 2830 Quis
690 2778 821 2834 ergo
865 2771 921 2818 et
952 2764 1134 2833 qualis
1183 2773 1269 2819 est
1305 2764 1488 2819 dictus
1520 2764 1809 2835 Patapius.
1849 2763 1943 2819 cui
1983 2772 2026 2818 et

2215 2771 2314 2834 Τίς
2338 2767 2434 2826 οὖν
2470 2767 2627 2837 οὗτος
2653 2773 2743 2826 καὶ
2769 2772 2921 2834 ποῖος
2954 2769 2982 2822 ό
3014 2767 3309 2839 εἰρημένος
3339 2761 3606 2822 Πατάπιος.
3631 2748 3669 2823 ᾧ

455 2872 557 2913 nos
588 2854 971 2910 exornativum
1007 2869 1321 2911 sermonem
1376 2854 1643 2912 adbibere
1677 2855 1866 2911 studio
1906 2854 2026 2909 niti-

2140 2860 2233 2912 καὶ
2264 2861 2425 2931 ἡμεῖς
2448 2862 2575 2924 τοὺς
2607 2861 2717 2915 τῶν
2749 2860 2991 2913 ἐπαίνων
3017 2857 3218 2925 λόγους
3249 2852 3508 2926 προσάψαι
3534 2866 3667 2903 σπου-

455 2966 600 3016 mur,
640 2965 917 3020 quemque
963 2965 1061 3004 vos
1110 2948 1473 3012 celebraturi,
1525 2949 1901 3019 obsequentes
1931 2954 2026 3011 hut

2139 2951 2393 3021 δάξομεν,
2435 2953 2530 3005 καὶ
2548 2953 2705 3021 ὑμεῖς
2734 2950 3059 3013 πεισθέντες
3086 2947 3279 3001 ὲνθάδε
3312 2942 3669 3014 πανηγυρὶσον·

455 3043 567 3098 1ουί
621 3043 1002 3100 convenistis?
1048 3040 1322 3099 Nimirum
1370 3042 1542 3098 eremi
1595 3043 1737 3100 civis
1785 3052 1840 3100 et
1886 3046 2026 3103 orbis

2140 3058 2232 3106 τες
2258 3042 2465 3111 ἥκατες
2506 3044 2567 3095 ’0
2595 3043 2693 3113 τῆς
2744 3043 2953 3114 ἐρήμου
2984 3040 3239 3112 πολίτης,
3272 3038 3364 3092 καὶ
3403 3036 3495 3104 τῆς
3527 3035 3671 3084 οἰκου-

454 3139 763 3206 inspector,
832 3136 1062 3207 angelus
1109 3145 1394 3198 terrenus,
1429 3142 1485 3190 et
1529 3135 1779 3192 cmlestis
1831 3137 2026 3194 homo:

2144 3133 2315 3205 μένης
2337 3135 2745 3205 ἐπισκεπτήτης
2778 3133 2864 3165 ³-⁵·
2883 3132 2910 3184 6
2930 3132 3184 3201 ἐπίγειος
3228 3128 3472 3199 ἄγγελος,
3497 3123 3577 3177 καὶ
3595 3119 3671 3173 ovi-

458 3231 554 3301 qui
588 3239 797 3285 terram
860 3239 918 3283 ut
955 3227 1157 3283 caelum
1207 3227 1465 3291 incoluit,
1526 3227 1839 3299 casiamque
1880 3229 2026 3284 velut

2144 3225 2326 3295 ράνιος
2372 3224 2695 3294 ἅνθρωπος·
2731 3227 2761 3277 ό
2793 3225 2899 3295 γῆν
2943 3224 3020 3288 ὡς
3057 3223 3294 3294 οὐρανὸν
3340 3220 3569 3287 οἰκήσας.
3599 3211 3675 3264 καὶ

455 3333 663 3378 terram
697 3320 930 3390 mystice
957 3318 1157 3390 spiritu
1189 3317 1478 3373 lustravit.
1518 3316 1625 3384 Qui
1661 3319 1871 3374 mundo
1911 3320 2026 3385 hoc,

2140 3316 2371 3389 οὐρανὸν
2431 3316 2508 3379 ὡς
2570 3316 2678 3387 γῆν
2725 3316 3008 3386 μυστικῶς
3052 3315 3418 3387 περιπολέσας
3445 3302 3675 3380 τῷπνεύ-

458 3413 721 3470 familiari
750 3410 1039 3467 hominum
1069 3410 1481 3467 consuetudine
1509 3417 1783 3475 uteretur,
1803 3411 2026 3467 interes-

2145 3424 2276 3477 ματι
2297 3422 2310 3436 ⁶
2341 3408 2371 3459 ό
2402 3408 2554 3462 κάτω
2601 3408 2913 3479 ἀνθρώποις
2964 3408 3300 3479 συνομιλῶν,
3335 3406 3423 3460 καὶ
3454 3404 3561 3463 ταῖς
3585 3398 3678 3452 ἀνω

459 3516 655 3577 setque
685 3504 1010 3562 cmlcstibus
1046 3504 1260 3559 choris.
1305 3503 1411 3569 Qui
1443 3510 1593 3559 esset
1620 3504 1851 3559 indutus
1889 3519 2026 3558 mor-

2140 3500 2524 3571 χοροστασίαις
2556 3500 3013 3572 συναυλιζόμενος
3032 3518 3047 3532 ·
3077 3504 3107 3555 6
3139 3502 3303 3572 σῶμα
3330 3496 3512 3568 θνητὸν
3546 3508 3675 3562 περι-

460 3602 570 3657 tale
607 3614 832 3670 corpus,
877 3598 1237 3666 rationesque
1288 3596 1626 3665 spiritalium
1660 3596 1878 3650 actione
1910 3611 2026 3651 san-

2141 3595 2416 3664 κείμενος,
2470 3596 2567 3648 καὶ
2616 3594 2730 3647 τῶν
2792 3594 3189 3665 πνευματικῶν
3252 3595 3376 3656 τοὺς
3427 3592 3571 3661 ὄρους
3624 3589 3678 3654 τῇ

459 3692 617 3747 ciret.
657 3690 755 3746 llle
791 3690 941 3743 inter
981 3687 1289 3741 monachos
1341 3686 1576 3741 ultimus
1621 3700 1688 3740 ac
1737 3687 2026 3742 virtutibus

2142 3683 2338 3755 πράξει
2384 3686 2747 3757 πιστούμενος
2778 3702 2794 3717 ο
2840 3687 2870 3738 ό
2915 3686 3144 3757 ἔσχατος
3188 3689 3247 3741 ὲν
3291 3685 3559 3754 ἀσκητάς,
3602 3678 3680 3729 καὶ

459 3785 775 3838 maximus:
808 3793 1069 3835 sermone
1104 3778 1276 3832 idiota
1309 3792 1373 3832 ac
1415 3777 1593 3843 rudis,
1628 3778 2026 3849 prudentiaqut

2146 3778 2403 3848 μέγιστος
2435 3778 2492 3830 ὲν
2520 3779 2742 3847 ἀρεταῖς
2768 3794 2781 3807 ·
2818 3780 2847 3831 ό
2905 3777 3124 3850 ἰδιώτης
3159 3777 3238 3849 τῷ
3278 3778 3438 3847 λόγῳ,
3466 3775 3550 3827 καὶ
3572 3771 3681 3824 πᾶν·

461 3872 941 3944 sapientissimus:
980 3870 1126 3925 velut
1156 3886 1178 3921 ι
1227 3884 1391 3939 quem
1425 3870 1674 3923 omnium
1702 3868 1913 3929 artifex,
1935 3868 2026 3923 Sa-

2144 3891 2307 3944 σοφος
2340 3877 2405 3946 τῇ
2441 3876 2724 3946 φρονήσει.
2752 3894 2769 3927 ι
2824 3876 2887 3929 Ἦ
2920 3876 3051 3946 γὰρ,
3089 3878 3310 3933 πάντων
3352 3875 3569 3944 τεχνῖτις
3592 3866 3679 3920 ἐδί-

458 3966 692 4038 pientia,
747 3965 1029 4020 docuisset
1072 3965 1127 4031 i;
1163 3980 1183 4013 ι
1237 3961 1721 4033 sapientissimus.
1769 3960 2026 4017 Castitatt

2141 3968 2340 4021 δασκεν
2365 3969 2528 4022 αὐτὸν
2558 3969 2751 4036 Σοφία.
2792 3988 2811 4021 ι
2863 3968 2921 4023 '0
2943 3971 3001 4022 ἂν
3030 3969 3228 4041 ἁγνεία
3251 3967 3416 4031 πολύς
3435 3984 3448 3998 ο
3475 3968 3501 4019 6
3523 3966 3574 4015 ὲν
3594 3978 3682 4013 σωκ

459 4061 797 4131 praecipuus,
848 4058 1017 4112 animi
1063 4055 1367 4111 sobrietate
1420 4054 1675 4124 insignis,
1720 4053 1826 4109 ﬁde
1876 4053 2026 4109 fervi-

2145 4060 2403 4132 φρονήσει
2431 4060 2701 4130 ἐπίσημος
2720 4077 2735 4092 ο
2772 4063 2800 4114 6
2827 4062 2885 4113 ἐν
2917 4060 3100 4113 πίστει
3127 4058 3331 4131 θερμός
3349 4075 3363 4088 ·
3397 4060 3424 4110 6
3446 4059 3498 4108 ἐν
3521 4052 3680 4120 ἀγάπῃ

461 4152 588 4215 dus,
642 4149 1006 4206 formidabilis
1054 4148 1325 4202 cltaritate
1366 4164 1380 4200 :
1423 4146 1517 4216 qui
1572 4146 1912 4201 inhabitaret
1943 4160 2026 4201 ur-

2143 4150 2375 4221 φοϐερός
2395 4167 2409 4180 ·
2440 4152 2468 4205 ὁ
2493 4150 2647 4205 πόλιν
2680 4150 2865 4215 οἰκῶν,
2919 4150 3016 4204 καὶ
3054 4151 3158 4222 τῆς
3199 4152 3406 4221 ἐρήμου
3440 4142 3682 4201 παντελῶς

458 4243 608 4307 hem,
661 4256 763 4296 nec
800 4241 1026 4295 omnino
1064 4255 1094 4294 a
1130 4239 1352 4295 deserto
1404 4238 1645 4294 abesset.
1697 4237 1913 4309 Quippe
1939 4239 2026 4292 ha-

2147 4243 2223 4314 μὴ
2248 4244 2593 4313 λειπόμενος.
2625 4239 2758 4313 Εἶχε
2798 4242 2909 4315 γὰρ
2962 4243 3171 4314 ταύτης
3219 4242 3371 4297 ἔνδον
3403 4236 3579 4293 ἑαυτοῦ
3600 4232 3681 4299 τήν

459 4336 627 4391 bebat
654 4334 807 4389 intus
850 4333 1036 4387 animo
1071 4331 1531 4387 accensissimum
1585 4329 1921 4400 fervensque
1949 4345 2026 4384 so-

2145 4335 2329 4407 σχέσιν
2361 4335 2708 4409 θερμοτάτην
2738 4335 2834 4389 καί
2873 4335 3126 4401 ζέουσαν,
3150 4320 3287 4408 ἥτις
3319 4335 3393 4398 ὡς
3418 4331 3521 4402 πῦρ
3546 4323 3683 4383 αὑτοῦ

458 4426 715 4483 litudinis
748 4424 1107 4489 desiderium,
1142 4438 1273 4493 quo,
1297 4422 1453 4478 velut
1487 4422 1626 4492 igni,
1661 4422 1785 4491 ejus
1819 4424 2026 4478 viscera

2146 4429 2216 4482 τά
2242 4426 2388 4481 ἔνδον
2419 4428 2665 4498 ἀσχέτως
2703 4429 2804 4482 οὐκ
2869 4428 3115 4481 ἀνεδίδου
3173 4428 3516 4496 φλογίζουσα,
3563 4420 3611 4473 ετ
3629 4433 3683 4483 γε

456 4520 577 4591 jugi
628 4517 891 4572 incendio
949 4516 1283 4585 impotenter
1329 4514 1634 4570 arderent:
1685 4514 1912 4583 quando
1955 4516 2026 4568 vit

2144 4518 2214 4571 τα
2270 4519 2455 4592 ἐκείνῃ
2508 4520 2875 4590 προσήκοντα,
2947 4518 3114 4589 μέχρι
3164 4520 3354 4582 τέλους
3390 4520 3418 4572 6
3459 4511 3685 4584 γεννάδας

461 4621 727 4667 strenuus
758 4623 882 4678 quae
912 4613 1043 4663 sunt
1081 4619 1330 4675 congrua
1372 4606 1498 4660 vitm
1552 4604 1630 4659 illi
1665 4604 1731 4659 ad
1765 4620 1945 4677 usque
1976 4605 2026 4659 ti-

2144 4610 2350 4671 ὲκεῖνος
2378 4611 2544 4682 δρῶν,
2574 4602 2855 4675 παντελῶς
2884 4612 2983 4665 οὐκ
3007 4611 3321 4681 ἀπέκαμεν.

460 4717 586 4758 nem
621 4699 895 4755 indefessa
923 4713 1157 4769 prorsus
1188 4697 1508 4752 constantia
1541 4699 1737 4767 gessit.

534 4792 737 4847 Verum
799 4805 909 4860 qua
961 4791 1012 4844 ei
1073 4789 1288 4845 ratione
1354 4789 1610 4843 obtulero
1658 4788 2041 4843 laudationum

462 4882 765 4941 coronam?
810 4880 1066 4936 Etiamne
1095 4896 1229 4936 vero
1271 4880 1724 4935 conversationis
1783 4880 2044 4951 splendo-

464 4990 582 5033 rem
612 4973 916 5046 exponam?
948 4972 1169 5027 Etenim
1197 4973 1399 5026 anxius
1431 4986 1575 5035 sum,
1609 4971 1822 5035 dilecti,
1852 4988 1953 5027 nec
1988 4972 2026 5027 it

2152 4972 2212 5024 τὸ
2237 4971 2489 5042 λαμπρόν
2513 4988 2528 5035 ;
2579 4970 2717 5024 ’Δλλ’
2754 4970 2904 5039 ὅμως
2924 4971 3182 5024 ἐπίπονον
3203 4966 3416 5039 ἀπορῶ.
3444 4963 3528 5017 καὶ
3564 4959 3681 5046 λίανῖ

464 5042 782 5127 minimum,
810 5064 882 5118 ob
913 5062 1127 5118 laboris
1179 5061 1515 5117 molestiam.
1553 5061 1637 5115 Ab
1673 5076 1740 5116 eo
1772 5061 1919 5116 enim
1955 5077 2026 5117 sua

2156 5061 2452 5132 ἀγαπητοί.
2475 5061 2557 5115 Τὰ
2580 5061 2687 5132 γὰρ
2710 5060 2800 5114 διά
2827 5060 2925 5131 τῆς
2970 5060 3177 5115 ἄνωθεν
3201 5059 3421 5130 χάριτος
3441 5052 3523 5107 ὑπ’
3546 5042 3684 5102 αὑτοῦ

465 5170 642 5228 perna
676 5155 877 5226 gratia,
911 5161 1068 5224 gesta
1100 5151 1377 5223 prodigia,
1408 5150 1562 5206 dictu
1605 5167 1840 5221 prorsus
1870 5152 2026 5206 mira.

2150 5153 2476 5206 τελεσθέντα
2505 5150 2788 5222 τεράστια,
2821 5150 3140 5221 θαυμαστὴν
3163 5149 3357 5221 ἔχοντα
3410 5144 3504 5212 τὴν
3521 5141 3682 5228 suam

468 5248 602 5303 bilia
656 5254 810 5310 sunt,
859 5246 1132 5303 rationem
1180 5245 1460 5316 quatiunt,
1513 5260 1577 5299 ac
1620 5245 1749 5300 sede
1796 5252 2013 5299 movent

2153 5260 2259 5308 σιν,
2284 5241 2565 5311 κραδαίνει
2625 5259 2726 5313 μου
2758 5241 2848 5295 τὸν
2870 5241 3151 5312 λογισμὸν,
3200 5237 3297 5294 καὶ
3326 5234 3572 5305 ἐξίστησι,
3605 5224 3682 5279 tu!

2229 4788 2367 4841 Ἀλλ’
2397 4786 2443 4839 ὣ
2474 4786 2591 4849 πῶς
2641 4788 2738 4857 μὲν
2796 4786 2945 4857 αὖτῷ
2977 4786 3088 4839 τῶν
3128 4780 3422 4855 ἐγκωμίων
3464 4773 3682 4850 προσάξω

538 5427 561 5463 ε
600 5421 769 5478 Hebr.
797 5438 917 5485 xm,
944 5423 1028 5477 Π.
1068 5423 1130 5507 ,ιι
1181 5422 1314 5478 ibid.
1350 5423 1382 5474 7
1487 5421 1503 5459 ί
1540 5423 1652 5493 Sap
1714 5438 1808 5486 vu,
1840 5421 1933 5475 Ξί.

1741 5600 1974 5657 ιἈιιιλΕ
2003 5599 2408 5657 LECTIONES.
3022 5586 3047 5616 ‘

517 5685 551 5714 ³⁸
566 5686 577 5713 ”
595 5691 680 5744 lo‘.
716 5692 974 5761 σκεπτὴς.

2147 4882 2239 4934 τὸν
2274 4880 2568 4950 στέφανον;
2626 4880 2751 4944 Πῶς
2781 4880 2840 4933 δὲ
2886 4880 2981 4933 καὶ
3012 4881 3112 4950 τῆς
3151 4878 3426 4939 πολιτείας
3457 4868 3683 4941 ἑκφράσω
3779 4904 3790 4915 ο
