  <div class='ocr_page' id='page_1' title='image "/cluster/home/n/w/nwhite01/storage/ocr_20150623/97/mdp.39015041892756/614.png"; bbox 0 0 3978 6140; ppageno 0'>
   <div class='ocr_carea' id='block_1_1' title="bbox 239 318 397 392">
    <p class='ocr_par' dir='ltr' id='par_1_1' title="bbox 239 318 397 392">
     <span class='ocr_line' id='line_1_1' title="bbox 239 318 397 392; baseline -0.019 0"><span class='ocrx_word' id='word_1_1' title='bbox 239 318 397 392; x_wconf 62' lang='grc' dir='ltr'>Ῑὲὓθ</span> 
     </span>
    </p>
   </div>
   <div class='ocr_carea' id='block_1_2' title="bbox 1519 329 2164 394">
    <p class='ocr_par' dir='ltr' id='par_1_2' title="bbox 1519 329 2164 394">
     <span class='ocr_line' id='line_1_2' title="bbox 1519 329 2164 394; baseline 0.006 -4"><span class='ocrx_word' id='word_1_2' title='bbox 1519 330 1607 391; x_wconf 73' lang='lat' dir='ltr'><strong>IN</strong></span> <span class='ocrx_word' id='word_1_3' title='bbox 1645 331 1707 392; x_wconf 91' lang='lat' dir='ltr'><strong>S.</strong></span> <span class='ocrx_word' id='word_1_4' title='bbox 1747 329 2164 394; x_wconf 77' lang='lat' dir='ltr'><strong>PATAPIUM.</strong></span> 
     </span>
    </p>
   </div>
   <div class='ocr_carea' id='block_1_3' title="bbox 3370 329 3510 398">
    <p class='ocr_par' dir='ltr' id='par_1_3' title="bbox 3370 329 3510 398">
     <span class='ocr_line' id='line_1_3' title="bbox 3370 329 3510 398; baseline 0.036 -5"><span class='ocrx_word' id='word_1_5' title='bbox 3370 329 3510 398; x_wconf 66' lang='lat' dir='ltr'><strong>12h}</strong></span> 
     </span>
    </p>
   </div>
   <div class='ocr_carea' id='block_1_4' title="bbox 229 436 1818 517">
    <p class='ocr_par' dir='ltr' id='par_1_4' title="bbox 229 436 1813 513">
     <span class='ocr_line' id='line_1_4' title="bbox 229 436 1813 513; baseline 0.001 -20"><span class='ocrx_word' id='word_1_6' title='bbox 229 441 332 493; x_wconf 80' lang='grc' dir='ltr'><strong>τῶν</strong></span> <span class='ocrx_word' id='word_1_7' title='bbox 364 436 583 492; x_wconf 76' lang='grc' dir='ltr'><strong>οἰκείων</strong></span> <span class='ocrx_word' id='word_1_8' title='bbox 607 439 749 508; x_wconf 79' lang='grc' dir='ltr'>ὅρων</span> <span class='ocrx_word' id='word_1_9' title='bbox 813 437 1143 493; x_wconf 75' lang='grc' dir='ltr'>ἃπελαύνειν</span> <span class='ocrx_word' id='word_1_10' title='bbox 1204 439 1477 510; x_wconf 76' lang='grc' dir='ltr'>βιάζεται.</span> <span class='ocrx_word' id='word_1_11' title='bbox 1528 441 1697 513; x_wconf 81' lang='grc' dir='ltr'>Πλὴν,</span> <span class='ocrx_word' id='word_1_12' title='bbox 1730 444 1813 506; x_wconf 80' lang='grc' dir='ltr'><strong>είς</strong></span> 
     </span>
    </p>
   </div>
   <div class='ocr_carea' id='block_1_5' title="bbox 1923 436 3502 517">
    <p class='ocr_par' dir='ltr' id='par_1_5' title="bbox 1923 444 3502 517">
     <span class='ocr_line' id='line_1_5' title="bbox 1923 444 3502 517; baseline 0.004 -18"><span class='ocrx_word' id='word_1_13' title='bbox 1923 444 2147 514; x_wconf 77' lang='lat' dir='ltr'><strong>suisque</strong></span> <span class='ocrx_word' id='word_1_14' title='bbox 2198 444 2374 515; x_wconf 81' lang='lat' dir='ltr'><strong>ipsius</strong></span> <span class='ocrx_word' id='word_1_15' title='bbox 2419 445 2679 501; x_wconf 86' lang='lat' dir='ltr'><strong>terminis</strong></span> <span class='ocrx_word' id='word_1_16' title='bbox 2715 460 2821 502; x_wconf 90' lang='lat' dir='ltr'><strong>ceu</strong></span> <span class='ocrx_word' id='word_1_17' title='bbox 2861 446 2912 501; x_wconf 97' lang='lat' dir='ltr'><strong>vi</strong></span> <span class='ocrx_word' id='word_1_18' title='bbox 2962 447 3273 517; x_wconf 83' lang='lat' dir='ltr'><strong>depulluut.</strong></span> <span class='ocrx_word' id='word_1_19' title='bbox 3326 447 3502 505; x_wconf 74' lang='lat' dir='ltr'><strong>Caete-</strong></span> 
     </span>
    </p>
   </div>
   <div class='ocr_carea' id='block_1_6' title="bbox 228 532 1811 605">
    <p class='ocr_par' dir='ltr' id='par_1_6' title="bbox 228 532 1811 605">
     <span class='ocr_line' id='line_1_6' title="bbox 228 532 1811 605; baseline 0.001 -18"><span class='ocrx_word' id='word_1_20' title='bbox 228 534 343 587; x_wconf 84' lang='grc' dir='ltr'>ὅσον</span> <span class='ocrx_word' id='word_1_21' title='bbox 370 532 622 603; x_wconf 80' lang='grc' dir='ltr'>ἀφίκοιτό</span> <span class='ocrx_word' id='word_1_22' title='bbox 654 549 757 602; x_wconf 82' lang='grc' dir='ltr'>μου</span> <span class='ocrx_word' id='word_1_23' title='bbox 784 532 820 603; x_wconf 80' lang='grc' dir='ltr'>ἠ</span> <span class='ocrx_word' id='word_1_24' title='bbox 849 533 1078 599; x_wconf 80' lang='grc' dir='ltr'><strong>διάνοια,</strong></span> <span class='ocrx_word' id='word_1_25' title='bbox 1113 533 1214 587; x_wconf 79' lang='grc' dir='ltr'>οὐκ</span> <span class='ocrx_word' id='word_1_26' title='bbox 1241 534 1457 605; x_wconf 79' lang='grc' dir='ltr'><strong>ὀκνήσω</strong></span> <span class='ocrx_word' id='word_1_27' title='bbox 1489 533 1694 604; x_wconf 90' lang='grc' dir='ltr'>λέγειν.</span> <span class='ocrx_word' id='word_1_28' title='bbox 1735 534 1811 588; x_wconf 87' lang='grc' dir='ltr'><strong>Οὐ</strong></span> 
     </span>
    </p>
   </div>
   <div class='ocr_carea' id='block_1_7' title="bbox 230 624 1813 698">
    <p class='ocr_par' dir='ltr' id='par_1_7' title="bbox 230 624 1813 698">
     <span class='ocr_line' id='line_1_7' title="bbox 230 624 1813 698; baseline 0 -18"><span class='ocrx_word' id='word_1_29' title='bbox 230 627 331 696; x_wconf 72' lang='grc' dir='ltr'><strong>γὰρ</strong></span> <span class='ocrx_word' id='word_1_30' title='bbox 360 626 423 678; x_wconf 82' lang='grc' dir='ltr'>τὸ</span> <span class='ocrx_word' id='word_1_31' title='bbox 453 624 527 695; x_wconf 86' lang='grc' dir='ltr'><strong>μὴ</strong></span> <span class='ocrx_word' id='word_1_32' title='bbox 557 625 679 679; x_wconf 86' lang='grc' dir='ltr'>κατ’</span> <span class='ocrx_word' id='word_1_33' title='bbox 707 625 868 689; x_wconf 80' lang='grc' dir='ltr'>ἀξίαν</span> <span class='ocrx_word' id='word_1_34' title='bbox 910 625 1264 698; x_wconf 69' lang='grc' dir='ltr'><strong>ἐγκωμιάσαι</strong></span> <span class='ocrx_word' id='word_1_35' title='bbox 1300 628 1650 698; x_wconf 77' lang='grc' dir='ltr'>κατάκρισις,</span> <span class='ocrx_word' id='word_1_36' title='bbox 1675 628 1813 682; x_wconf 79' lang='grc' dir='ltr'>ἀλλὰ</span> 
     </span>
    </p>
   </div>
   <div class='ocr_carea' id='block_1_8' title="bbox 228 712 1815 789">
    <p class='ocr_par' dir='ltr' id='par_1_8' title="bbox 228 712 1815 789">
     <span class='ocr_line' id='line_1_8' title="bbox 228 712 1815 789; baseline 0.001 -19"><span class='ocrx_word' id='word_1_37' title='bbox 228 718 284 770; x_wconf 87' lang='grc' dir='ltr'><strong>τό</strong></span> <span class='ocrx_word' id='word_1_38' title='bbox 309 731 374 785; x_wconf 87' lang='grc' dir='ltr'><strong>γε</strong></span> <span class='ocrx_word' id='word_1_39' title='bbox 404 718 484 780; x_wconf 87' lang='grc' dir='ltr'><strong>είς</strong></span> <span class='ocrx_word' id='word_1_40' title='bbox 522 716 749 787; x_wconf 81' lang='grc' dir='ltr'>δύναμιν</span> <span class='ocrx_word' id='word_1_41' title='bbox 775 712 912 788; x_wconf 81' lang='grc' dir='ltr'>ἧκον</span> <span class='ocrx_word' id='word_1_42' title='bbox 958 718 1031 789; x_wconf 80' lang='grc' dir='ltr'>μὴ</span> <span class='ocrx_word' id='word_1_43' title='bbox 1068 717 1277 787; x_wconf 83' lang='grc' dir='ltr'>λέγειν,</span> <span class='ocrx_word' id='word_1_44' title='bbox 1321 720 1687 788; x_wconf 80' lang='grc' dir='ltr'><strong>κατάγνωσις.</strong></span> <span class='ocrx_word' id='word_1_45' title='bbox 1722 719 1815 772; x_wconf 79' lang='grc' dir='ltr'><strong>Διὸ</strong></span> 
     </span>
    </p>
   </div>
   <div class='ocr_carea' id='block_1_9' title="bbox 233 806 1814 881">
    <p class='ocr_par' dir='ltr' id='par_1_9' title="bbox 233 806 1814 881">
     <span class='ocr_line' id='line_1_9' title="bbox 233 806 1814 881; baseline 0.001 -20"><span class='ocrx_word' id='word_1_46' title='bbox 233 807 543 879; x_wconf 87' lang='grc' dir='ltr'>σύμμετρον</span> <span class='ocrx_word' id='word_1_47' title='bbox 563 806 703 878; x_wconf 73' lang='grc' dir='ltr'>ἔχων</span> <span class='ocrx_word' id='word_1_48' title='bbox 732 808 811 879; x_wconf 84' lang='grc' dir='ltr'><strong>τῷ</strong></span> <span class='ocrx_word' id='word_1_49' title='bbox 868 807 1014 878; x_wconf 86' lang='grc' dir='ltr'>λόγῳ</span> <span class='ocrx_word' id='word_1_50' title='bbox 1039 808 1140 880; x_wconf 79' lang='grc' dir='ltr'>τὴν</span> <span class='ocrx_word' id='word_1_51' title='bbox 1180 808 1412 875; x_wconf 79' lang='grc' dir='ltr'>ἔννοιαν,</span> <span class='ocrx_word' id='word_1_52' title='bbox 1448 811 1602 880; x_wconf 78' lang='grc' dir='ltr'>πάσῃ</span> <span class='ocrx_word' id='word_1_53' title='bbox 1653 808 1814 881; x_wconf 80' lang='grc' dir='ltr'><strong>ῥώμῃ</strong></span> 
     </span>
    </p>
   </div>
   <div class='ocr_carea' id='block_1_10' title="bbox 230 897 1816 971">
    <p class='ocr_par' dir='ltr' id='par_1_10' title="bbox 230 897 1816 971">
     <span class='ocr_line' id='line_1_10' title="bbox 230 897 1816 971; baseline 0 -18"><span class='ocrx_word' id='word_1_54' title='bbox 230 898 320 953; x_wconf 80' lang='grc' dir='ltr'>καὶ</span> <span class='ocrx_word' id='word_1_55' title='bbox 342 897 543 968; x_wconf 78' lang='grc' dir='ltr'>ζεούσῃ</span> <span class='ocrx_word' id='word_1_56' title='bbox 560 897 732 970; x_wconf 76' lang='grc' dir='ltr'>ψυχῇ,</span> <span class='ocrx_word' id='word_1_57' title='bbox 793 898 904 952; x_wconf 91' lang='grc' dir='ltr'><strong>τῶν</strong></span> <span class='ocrx_word' id='word_1_58' title='bbox 950 899 1245 970; x_wconf 66' lang='grc' dir='ltr'>ἐγκωμίων</span> <span class='ocrx_word' id='word_1_59' title='bbox 1291 900 1392 971; x_wconf 76' lang='grc' dir='ltr'>τὴν</span> <span class='ocrx_word' id='word_1_60' title='bbox 1427 900 1669 971; x_wconf 82' lang='grc' dir='ltr'>σπουδὴν</span> <span class='ocrx_word' id='word_1_61' title='bbox 1691 900 1816 954; x_wconf 70' lang='grc' dir='ltr'>ἔπι-</span> 
     </span>
    </p>
   </div>
   <div class='ocr_carea' id='block_1_11' title="bbox 229 987 1816 1063">
    <p class='ocr_par' dir='ltr' id='par_1_11' title="bbox 229 987 1816 1063">
     <span class='ocr_line' id='line_1_11' title="bbox 229 987 1816 1063; baseline 0.001 -19"><span class='ocrx_word' id='word_1_62' title='bbox 229 988 460 1060; x_wconf 80' lang='grc' dir='ltr'>δείξαιμι</span> <span class='ocrx_word' id='word_1_63' title='bbox 484 1004 500 1020; x_wconf 79' lang='grc' dir='ltr'><strong>ο</strong></span> <span class='ocrx_word' id='word_1_64' title='bbox 536 987 641 1060; x_wconf 83' lang='grc' dir='ltr'>τῆς</span> <span class='ocrx_word' id='word_1_65' title='bbox 701 990 804 1061; x_wconf 70' lang='grc' dir='ltr'>μὲν</span> <span class='ocrx_word' id='word_1_66' title='bbox 842 989 956 1043; x_wconf 84' lang='grc' dir='ltr'><strong>τῶν</strong></span> <span class='ocrx_word' id='word_1_67' title='bbox 1005 990 1246 1062; x_wconf 78' lang='grc' dir='ltr'>θύραθεν</span> <span class='ocrx_word' id='word_1_68' title='bbox 1268 991 1607 1062; x_wconf 78' lang='grc' dir='ltr'>τεχνολόγων</span> <span class='ocrx_word' id='word_1_69' title='bbox 1633 1007 1816 1063; x_wconf 79' lang='grc' dir='ltr'>κομω-</span> 
     </span>
    </p>
   </div>
   <div class='ocr_carea' id='block_1_12' title="bbox 228 1080 1815 1155">
    <p class='ocr_par' dir='ltr' id='par_1_12' title="bbox 228 1080 1815 1155">
     <span class='ocr_line' id='line_1_12' title="bbox 228 1080 1815 1155; baseline 0.001 -19"><span class='ocrx_word' id='word_1_70' title='bbox 228 1081 383 1152; x_wconf 80' lang='grc' dir='ltr'>τικῆς</span> <span class='ocrx_word' id='word_1_71' title='bbox 426 1080 719 1153; x_wconf 78' lang='grc' dir='ltr'>τερθρείας</span> <span class='ocrx_word' id='word_1_72' title='bbox 763 1081 916 1137; x_wconf 81' lang='grc' dir='ltr'>τόνδε</span> <span class='ocrx_word' id='word_1_73' title='bbox 956 1083 1060 1137; x_wconf 77' lang='grc' dir='ltr'>τὸν.</span> <span class='ocrx_word' id='word_1_74' title='bbox 1098 1083 1268 1152; x_wconf 76' lang='grc' dir='ltr'>λόγον</span> <span class='ocrx_word' id='word_1_75' title='bbox 1297 1083 1677 1155; x_wconf 74' lang='grc' dir='ltr'>ἀπορρηγνὺς,</span> <span class='ocrx_word' id='word_1_76' title='bbox 1712 1082 1815 1154; x_wconf 80' lang='grc' dir='ltr'>τῆς</span> 
     </span>
    </p>
   </div>
   <div class='ocr_carea' id='block_1_13' title="bbox 227 1173 1814 1246">
    <p class='ocr_par' dir='ltr' id='par_1_13' title="bbox 227 1173 1814 1246">
     <span class='ocr_line' id='line_1_13' title="bbox 227 1173 1814 1246; baseline 0.001 -18"><span class='ocrx_word' id='word_1_77' title='bbox 227 1174 588 1246; x_wconf 75' lang='grc' dir='ltr'>ἀπωτολικῆς</span> <span class='ocrx_word' id='word_1_78' title='bbox 613 1173 671 1227; x_wconf 78' lang='grc' dir='ltr'>δὲ</span> <span class='ocrx_word' id='word_1_79' title='bbox 693 1176 790 1228; x_wconf 74' lang='grc' dir='ltr'>καὶ</span> <span class='ocrx_word' id='word_1_80' title='bbox 812 1176 1093 1246; x_wconf 82' lang='grc' dir='ltr'>ἡμετέρας</span> <span class='ocrx_word' id='word_1_81' title='bbox 1114 1176 1226 1229; x_wconf 90' lang='grc' dir='ltr'><strong>τῶν</strong></span> <span class='ocrx_word' id='word_1_82' title='bbox 1253 1176 1486 1242; x_wconf 75' lang='grc' dir='ltr'>πιστῶν,</span> <span class='ocrx_word' id='word_1_83' title='bbox 1509 1175 1814 1245; x_wconf 75' lang='grc' dir='ltr'>εὐγενείας,</span> 
     </span>
    </p>
   </div>
   <div class='ocr_carea' id='block_1_14' title="bbox 229 1266 1817 1341">
    <p class='ocr_par' dir='ltr' id='par_1_14' title="bbox 229 1266 1817 1341">
     <span class='ocr_line' id='line_1_14' title="bbox 229 1266 1817 1341; baseline 0.003 -22"><span class='ocrx_word' id='word_1_84' title='bbox 229 1266 261 1337; x_wconf 80' lang='grc' dir='ltr'>ἢ</span> <span class='ocrx_word' id='word_1_85' title='bbox 298 1268 598 1332; x_wconf 75' lang='grc' dir='ltr'>εὐσεϐείας,</span> <span class='ocrx_word' id='word_1_86' title='bbox 630 1266 663 1338; x_wconf 77' lang='grc' dir='ltr'>ἢ</span> <span class='ocrx_word' id='word_1_87' title='bbox 693 1268 976 1340; x_wconf 77' lang='grc' dir='ltr'><strong>ἀληθείας,</strong></span> <span class='ocrx_word' id='word_1_88' title='bbox 1012 1269 1045 1339; x_wconf 81' lang='grc' dir='ltr'>ἢ</span> <span class='ocrx_word' id='word_1_89' title='bbox 1099 1270 1313 1339; x_wconf 79' lang='grc' dir='ltr'>σοφίας,</span> <span class='ocrx_word' id='word_1_90' title='bbox 1354 1271 1386 1341; x_wconf 80' lang='grc' dir='ltr'>ἢ</span> <span class='ocrx_word' id='word_1_91' title='bbox 1418 1272 1519 1324; x_wconf 81' lang='grc' dir='ltr'>οὐκ</span> <span class='ocrx_word' id='word_1_92' title='bbox 1541 1267 1637 1324; x_wconf 74' lang='grc' dir='ltr'>οἷδ’</span> <span class='ocrx_word' id='word_1_93' title='bbox 1667 1272 1817 1332; x_wconf 83' lang='grc' dir='ltr'>ὅπως</span> 
     </span>
    </p>
   </div>
   <div class='ocr_carea' id='block_1_15' title="bbox 231 1356 1818 1430">
    <p class='ocr_par' dir='ltr' id='par_1_15' title="bbox 231 1356 1818 1430">
     <span class='ocr_line' id='line_1_15' title="bbox 231 1356 1818 1430; baseline 0 -21"><span class='ocrx_word' id='word_1_94' title='bbox 231 1357 396 1425; x_wconf 82' lang='grc' dir='ltr'>αὐτὴν</span> <span class='ocrx_word' id='word_1_95' title='bbox 423 1356 660 1422; x_wconf 80' lang='grc' dir='ltr'><strong>καλέσω,</strong></span> <span class='ocrx_word' id='word_1_96' title='bbox 686 1357 1012 1423; x_wconf 79' lang='grc' dir='ltr'>ἀποδεικνὺς</span> <span class='ocrx_word' id='word_1_97' title='bbox 1065 1360 1164 1430; x_wconf 85' lang='grc' dir='ltr'>τὴν</span> <span class='ocrx_word' id='word_1_98' title='bbox 1193 1361 1560 1430; x_wconf 85' lang='grc' dir='ltr'>εὐπρέπειαν,</span> <span class='ocrx_word' id='word_1_99' title='bbox 1597 1360 1694 1414; x_wconf 75' lang='grc' dir='ltr'>καὶ</span> <span class='ocrx_word' id='word_1_100' title='bbox 1719 1360 1818 1429; x_wconf 84' lang='grc' dir='ltr'>τὴν</span> 
     </span>
    </p>
   </div>
   <div class='ocr_carea' id='block_1_16' title="bbox 227 1449 1818 1524">
    <p class='ocr_par' dir='ltr' id='par_1_16' title="bbox 227 1449 1818 1524">
     <span class='ocr_line' id='line_1_16' title="bbox 227 1449 1818 1524; baseline 0 -20"><span class='ocrx_word' id='word_1_101' title='bbox 227 1451 306 1513; x_wconf 84' lang='grc' dir='ltr'><strong>είς</strong></span> <span class='ocrx_word' id='word_1_102' title='bbox 323 1450 492 1521; x_wconf 76' lang='grc' dir='ltr'>ἄκρον</span> <span class='ocrx_word' id='word_1_103' title='bbox 517 1449 675 1514; x_wconf 74' lang='grc' dir='ltr'>ἐκτὸς</span> <span class='ocrx_word' id='word_1_104' title='bbox 729 1449 960 1518; x_wconf 83' lang='grc' dir='ltr'>τούτων,</span> <span class='ocrx_word' id='word_1_105' title='bbox 1008 1451 1107 1503; x_wconf 81' lang='grc' dir='ltr'><strong>τοῦ</strong></span> <span class='ocrx_word' id='word_1_106' title='bbox 1147 1451 1340 1524; x_wconf 80' lang='grc' dir='ltr'>ἀνδρὸς</span> <span class='ocrx_word' id='word_1_107' title='bbox 1386 1454 1612 1523; x_wconf 78' lang='grc' dir='ltr'>ἀρετήν.</span> <span class='ocrx_word' id='word_1_108' title='bbox 1664 1450 1818 1505; x_wconf 80' lang='grc' dir='ltr'>Ἐπεὶ</span> 
     </span>
    </p>
   </div>
   <div class='ocr_carea' id='block_1_17' title="bbox 228 1538 1815 1610">
    <p class='ocr_par' dir='ltr' id='par_1_17' title="bbox 228 1538 1815 1610">
     <span class='ocr_line' id='line_1_17' title="bbox 228 1538 1815 1610; baseline 0.001 -18"><span class='ocrx_word' id='word_1_109' title='bbox 228 1540 322 1592; x_wconf 71' lang='grc' dir='ltr'><strong>καὶ</strong></span> <span class='ocrx_word' id='word_1_110' title='bbox 348 1538 510 1593; x_wconf 82' lang='grc' dir='ltr'>τοῦτο</span> <span class='ocrx_word' id='word_1_111' title='bbox 538 1538 695 1608; x_wconf 81' lang='grc' dir='ltr'>φίλον</span> <span class='ocrx_word' id='word_1_112' title='bbox 727 1539 902 1610; x_wconf 82' lang='grc' dir='ltr'>αὐτῷ,</span> <span class='ocrx_word' id='word_1_113' title='bbox 930 1540 993 1594; x_wconf 85' lang='grc' dir='ltr'>τὸ</span> <span class='ocrx_word' id='word_1_114' title='bbox 1017 1540 1183 1605; x_wconf 77' lang='grc' dir='ltr'>πεζὸν</span> <span class='ocrx_word' id='word_1_115' title='bbox 1212 1541 1308 1594; x_wconf 82' lang='grc' dir='ltr'><strong>τοῦ</strong></span> <span class='ocrx_word' id='word_1_116' title='bbox 1336 1540 1521 1610; x_wconf 83' lang='grc' dir='ltr'>λόγου,</span> <span class='ocrx_word' id='word_1_117' title='bbox 1548 1541 1644 1594; x_wconf 78' lang='grc' dir='ltr'>καὶ</span> <span class='ocrx_word' id='word_1_118' title='bbox 1675 1540 1815 1593; x_wconf 83' lang='grc' dir='ltr'>ἀκα-</span> 
     </span>
    </p>
   </div>
   <div class='ocr_carea' id='block_1_18' title="bbox 228 1631 1815 1704">
    <p class='ocr_par' dir='ltr' id='par_1_18' title="bbox 228 1631 1815 1704">
     <span class='ocr_line' id='line_1_18' title="bbox 228 1631 1815 1704; baseline -0.001 -19"><span class='ocrx_word' id='word_1_119' title='bbox 228 1631 492 1685; x_wconf 77' lang='grc' dir='ltr'>τάσκευον</span> <span class='ocrx_word' id='word_1_120' title='bbox 515 1649 531 1663; x_wconf 78' lang='grc' dir='ltr'><strong>ο</strong></span> <span class='ocrx_word' id='word_1_121' title='bbox 581 1632 665 1685; x_wconf 80' lang='grc' dir='ltr'>ὅτι</span> <span class='ocrx_word' id='word_1_122' title='bbox 699 1632 838 1703; x_wconf 83' lang='grc' dir='ltr'>μηδὲ</span> <span class='ocrx_word' id='word_1_123' title='bbox 897 1631 1080 1702; x_wconf 90' lang='grc' dir='ltr'>λόγοις</span> <span class='ocrx_word' id='word_1_124' title='bbox 1114 1632 1219 1704; x_wconf 84' lang='grc' dir='ltr'><strong>τὴν</strong></span> <span class='ocrx_word' id='word_1_125' title='bbox 1248 1632 1452 1704; x_wconf 83' lang='grc' dir='ltr'>ἀρετὴν</span> <span class='ocrx_word' id='word_1_126' title='bbox 1505 1632 1815 1702; x_wconf 69' lang='grc' dir='ltr'>ὶξήσκητο’</span> 
     </span>
    </p>
   </div>
   <div class='ocr_carea' id='block_1_19' title="bbox 227 1723 1813 1795">
    <p class='ocr_par' dir='ltr' id='par_1_19' title="bbox 227 1723 1813 1795">
     <span class='ocr_line' id='line_1_19' title="bbox 227 1723 1813 1795; baseline 0.002 -18"><span class='ocrx_word' id='word_1_127' title='bbox 227 1723 373 1795; x_wconf 78' lang='grc' dir='ltr'>ἔργῳ</span> <span class='ocrx_word' id='word_1_128' title='bbox 418 1723 478 1775; x_wconf 81' lang='grc' dir='ltr'>δὲ</span> <span class='ocrx_word' id='word_1_129' title='bbox 538 1724 633 1777; x_wconf 79' lang='grc' dir='ltr'>καὶ</span> <span class='ocrx_word' id='word_1_130' title='bbox 672 1724 872 1794; x_wconf 79' lang='grc' dir='ltr'>πράξει</span> <span class='ocrx_word' id='word_1_131' title='bbox 898 1723 970 1778; x_wconf 85' lang='grc' dir='ltr'>τὰ</span> <span class='ocrx_word' id='word_1_132' title='bbox 1024 1724 1245 1794; x_wconf 80' lang='grc' dir='ltr'><strong>ἐκείνης</strong></span> <span class='ocrx_word' id='word_1_133' title='bbox 1272 1723 1639 1793; x_wconf 79' lang='grc' dir='ltr'><strong>κατώρθωσεν</strong></span> <span class='ocrx_word' id='word_1_134' title='bbox 1669 1723 1813 1791; x_wconf 77' lang='grc' dir='ltr'>εἴδη.</span> 
     </span>
    </p>
   </div>
   <div class='ocr_carea' id='block_1_20' title="bbox 1921 536 3507 610">
    <p class='ocr_par' dir='ltr' id='par_1_20' title="bbox 1921 536 3507 610">
     <span class='ocr_line' id='line_1_20' title="bbox 1921 536 3507 610; baseline 0.005 -21"><span class='ocrx_word' id='word_1_135' title='bbox 1921 549 2070 602; x_wconf 88' lang='lat' dir='ltr'><strong>rum,</strong></span> <span class='ocrx_word' id='word_1_136' title='bbox 2126 536 2266 591; x_wconf 86' lang='lat' dir='ltr'><strong>nihil</strong></span> <span class='ocrx_word' id='word_1_137' title='bbox 2322 545 2642 603; x_wconf 88' lang='lat' dir='ltr'><strong>cunctatus,</strong></span> <span class='ocrx_word' id='word_1_138' title='bbox 2708 538 2891 597; x_wconf 86' lang='lat' dir='ltr'><strong>dicam</strong></span> <span class='ocrx_word' id='word_1_139' title='bbox 2958 548 3227 610; x_wconf 80' lang='lat' dir='ltr'><strong>quantum</strong></span> <span class='ocrx_word' id='word_1_140' title='bbox 3287 541 3507 597; x_wconf 84' lang='lat' dir='ltr'><strong>animus</strong></span> 
     </span>
    </p>
   </div>
   <div class='ocr_carea' id='block_1_21' title="bbox 1920 627 3507 697">
    <p class='ocr_par' dir='ltr' id='par_1_21' title="bbox 1920 627 3507 697">
     <span class='ocr_line' id='line_1_21' title="bbox 1920 627 3507 697; baseline 0.003 -16"><span class='ocrx_word' id='word_1_141' title='bbox 1920 627 2099 696; x_wconf 88' lang='lat' dir='ltr'><strong>possit</strong></span> <span class='ocrx_word' id='word_1_142' title='bbox 2132 628 2381 697; x_wconf 85' lang='lat' dir='ltr'><strong>assequi.</strong></span> <span class='ocrx_word' id='word_1_143' title='bbox 2416 627 2529 684; x_wconf 86' lang='lat' dir='ltr'><strong>Nec</strong></span> <span class='ocrx_word' id='word_1_144' title='bbox 2575 628 2723 684; x_wconf 89' lang='lat' dir='ltr'><strong>enim</strong></span> <span class='ocrx_word' id='word_1_145' title='bbox 2767 630 2823 684; x_wconf 88' lang='lat' dir='ltr'><strong>in</strong></span> <span class='ocrx_word' id='word_1_146' title='bbox 2868 644 2935 684; x_wconf 88' lang='lat' dir='ltr'><strong>eo</strong></span> <span class='ocrx_word' id='word_1_147' title='bbox 2987 631 3272 686; x_wconf 75' lang='lat' dir='ltr'><strong>damnatio</strong></span> <span class='ocrx_word' id='word_1_148' title='bbox 3305 641 3410 694; x_wconf 86' lang='lat' dir='ltr'><strong>est,</strong></span> <span class='ocrx_word' id='word_1_149' title='bbox 3446 644 3507 686; x_wconf 90' lang='lat' dir='ltr'><strong>ut</strong></span> 
     </span>
    </p>
   </div>
   <div class='ocr_carea' id='block_1_22' title="bbox 1921 720 3509 788">
    <p class='ocr_par' dir='ltr' id='par_1_22' title="bbox 1921 720 3509 788">
     <span class='ocr_line' id='line_1_22' title="bbox 1921 720 3509 788; baseline 0.003 -14"><span class='ocrx_word' id='word_1_150' title='bbox 1921 734 1993 774; x_wconf 89' lang='lat' dir='ltr'><strong>ne</strong></span> <span class='ocrx_word' id='word_1_151' title='bbox 2018 720 2292 788; x_wconf 79' lang='lat' dir='ltr'><strong>condigne</strong></span> <span class='ocrx_word' id='word_1_152' title='bbox 2325 720 2581 780; x_wconf 86' lang='lat' dir='ltr'><strong>encomio</strong></span> <span class='ocrx_word' id='word_1_153' title='bbox 2619 737 2732 776; x_wconf 90' lang='lat' dir='ltr'><strong>non</strong></span> <span class='ocrx_word' id='word_1_154' title='bbox 2759 722 3179 786; x_wconf 76' lang='lat' dir='ltr'><strong>celebraverint,</strong></span> <span class='ocrx_word' id='word_1_155' title='bbox 3217 722 3315 778; x_wconf 85' lang='lat' dir='ltr'><strong>sed</strong></span> <span class='ocrx_word' id='word_1_156' title='bbox 3345 733 3404 777; x_wconf 91' lang='lat' dir='ltr'><strong>ut</strong></span> <span class='ocrx_word' id='word_1_157' title='bbox 3438 741 3509 778; x_wconf 87' lang='lat' dir='ltr'><strong>no</strong></span> 
     </span>
    </p>
   </div>
   <div class='ocr_carea' id='block_1_23' title="bbox 1921 811 3504 883">
    <p class='ocr_par' dir='ltr' id='par_1_23' title="bbox 1921 811 3504 883">
     <span class='ocr_line' id='line_1_23' title="bbox 1921 811 3504 883; baseline 0.003 -20"><span class='ocrx_word' id='word_1_158' title='bbox 1921 826 2024 881; x_wconf 90' lang='lat' dir='ltr'><strong>pro</strong></span> <span class='ocrx_word' id='word_1_159' title='bbox 2065 811 2293 865; x_wconf 82' lang='lat' dir='ltr'><strong>modulo</strong></span> <span class='ocrx_word' id='word_1_160' title='bbox 2343 811 2602 867; x_wconf 80' lang='lat' dir='ltr'><strong>dixerim.</strong></span> <span class='ocrx_word' id='word_1_161' title='bbox 2668 812 3071 880; x_wconf 85' lang='lat' dir='ltr'><strong>Quamobrem,</strong></span> <span class='ocrx_word' id='word_1_162' title='bbox 3121 816 3213 883; x_wconf 88' lang='lat' dir='ltr'><strong>qui</strong></span> <span class='ocrx_word' id='word_1_163' title='bbox 3270 815 3504 869; x_wconf 80' lang='lat' dir='ltr'><strong>habeam</strong></span> 
     </span>
    </p>
   </div>
   <div class='ocr_carea' id='block_1_24' title="bbox 1922 901 3507 971">
    <p class='ocr_par' dir='ltr' id='par_1_24' title="bbox 1922 901 3507 971">
     <span class='ocr_line' id='line_1_24' title="bbox 1922 901 3507 971; baseline 0.003 -18"><span class='ocrx_word' id='word_1_164' title='bbox 1922 909 2161 955; x_wconf 79' lang='lat' dir='ltr'><strong>mentem</strong></span> <span class='ocrx_word' id='word_1_165' title='bbox 2204 901 2448 956; x_wconf 80' lang='lat' dir='ltr'><strong>sermoni</strong></span> <span class='ocrx_word' id='word_1_166' title='bbox 2498 902 2888 971; x_wconf 74' lang='lat' dir='ltr'><strong>compositam,</strong></span> <span class='ocrx_word' id='word_1_167' title='bbox 2934 906 3067 959; x_wconf 87' lang='lat' dir='ltr'><strong>totis</strong></span> <span class='ocrx_word' id='word_1_168' title='bbox 3115 904 3354 969; x_wconf 88' lang='lat' dir='ltr'><strong>viribus,</strong></span> <span class='ocrx_word' id='word_1_169' title='bbox 3388 905 3507 959; x_wconf 79' lang='lat' dir='ltr'><strong>fer-</strong></span> 
     </span>
    </p>
   </div>
   <div class='ocr_carea' id='block_1_25' title="bbox 1921 991 3504 1062">
    <p class='ocr_par' dir='ltr' id='par_1_25' title="bbox 1921 991 3504 1062">
     <span class='ocr_line' id='line_1_25' title="bbox 1921 991 3504 1062; baseline 0.003 -17"><span class='ocrx_word' id='word_1_170' title='bbox 1921 991 2185 1062; x_wconf 86' lang='lat' dir='ltr'><strong>ventique</strong></span> <span class='ocrx_word' id='word_1_171' title='bbox 2254 991 2466 1056; x_wconf 81' lang='lat' dir='ltr'><strong>animo,</strong></span> <span class='ocrx_word' id='word_1_172' title='bbox 2535 992 2803 1049; x_wconf 73' lang='lat' dir='ltr'><strong>laudandi</strong></span> <span class='ocrx_word' id='word_1_173' title='bbox 2861 995 3110 1051; x_wconf 83' lang='lat' dir='ltr'><strong>studium</strong></span> <span class='ocrx_word' id='word_1_174' title='bbox 3167 996 3504 1053; x_wconf 81' lang='lat' dir='ltr'><strong>ostendam:</strong></span> 
     </span>
    </p>
   </div>
   <div class='ocr_carea' id='block_1_26' title="bbox 1924 1083 3513 1147">
    <p class='ocr_par' dir='ltr' id='par_1_26' title="bbox 1924 1083 3513 1147">
     <span class='ocr_line' id='line_1_26' title="bbox 1924 1083 3513 1147; baseline 0.006 -9"><span class='ocrx_word' id='word_1_175' title='bbox 1924 1083 2000 1138; x_wconf 86' lang='lat' dir='ltr'><strong>ita</strong></span> <span class='ocrx_word' id='word_1_176' title='bbox 2029 1100 2164 1141; x_wconf 89' lang='lat' dir='ltr'><strong>vero</strong></span> <span class='ocrx_word' id='word_1_177' title='bbox 2195 1095 2256 1141; x_wconf 92' lang='lat' dir='ltr'><strong>ut</strong></span> <span class='ocrx_word' id='word_1_178' title='bbox 2296 1101 2614 1142; x_wconf 74' lang='lat' dir='ltr'><strong>sermonem</strong></span> <span class='ocrx_word' id='word_1_179' title='bbox 2661 1089 2814 1143; x_wconf 89' lang='lat' dir='ltr'><strong>hunc</strong></span> <span class='ocrx_word' id='word_1_180' title='bbox 2856 1103 2894 1143; x_wconf 65' lang='grc' dir='ltr'><strong>α</strong></span> <span class='ocrx_word' id='word_1_181' title='bbox 2922 1089 3275 1145; x_wconf 64' lang='lat' dir='ltr'><strong>saecularium</strong></span> <span class='ocrx_word' id='word_1_182' title='bbox 3317 1098 3513 1147; x_wconf 76' lang='lat' dir='ltr'><strong>orato-</strong></span> 
     </span>
    </p>
   </div>
   <div class='ocr_carea' id='block_1_27' title="bbox 1926 1177 3515 1252">
    <p class='ocr_par' dir='ltr' id='par_1_27' title="bbox 1926 1177 3515 1252">
     <span class='ocr_line' id='line_1_27' title="bbox 1926 1177 3515 1252; baseline 0.004 -20"><span class='ocrx_word' id='word_1_183' title='bbox 1926 1194 2048 1232; x_wconf 89' lang='lat' dir='ltr'><strong>rum</strong></span> <span class='ocrx_word' id='word_1_184' title='bbox 2107 1177 2293 1234; x_wconf 82' lang='lat' dir='ltr'><strong>fucato</strong></span> <span class='ocrx_word' id='word_1_185' title='bbox 2349 1179 2651 1235; x_wconf 76' lang='lat' dir='ltr'><strong>verborum</strong></span> <span class='ocrx_word' id='word_1_186' title='bbox 2719 1181 3171 1252; x_wconf 86' lang='lat' dir='ltr'><strong>elocutionisque</strong></span> <span class='ocrx_word' id='word_1_187' title='bbox 3221 1183 3515 1239; x_wconf 75' lang='lat' dir='ltr'><strong>lenocinio</strong></span> 
     </span>
    </p>
   </div>
   <div class='ocr_carea' id='block_1_28' title="bbox 1926 1271 3507 1344">
    <p class='ocr_par' dir='ltr' id='par_1_28' title="bbox 1926 1271 3507 1344">
     <span class='ocr_line' id='line_1_28' title="bbox 1926 1271 3507 1344; baseline 0.001 -18"><span class='ocrx_word' id='word_1_188' title='bbox 1926 1271 2226 1341; x_wconf 82' lang='lat' dir='ltr'><strong>abruptum</strong></span> <span class='ocrx_word' id='word_1_189' title='bbox 2272 1273 2459 1338; x_wconf 89' lang='lat' dir='ltr'><strong>velim,</strong></span> <span class='ocrx_word' id='word_1_190' title='bbox 2514 1272 2724 1343; x_wconf 86' lang='lat' dir='ltr'><strong>quique</strong></span> <span class='ocrx_word' id='word_1_191' title='bbox 2779 1275 3101 1344; x_wconf 72' lang='lat' dir='ltr'><strong>apostolicae</strong></span> <span class='ocrx_word' id='word_1_192' title='bbox 3154 1276 3351 1340; x_wconf 84' lang='lat' dir='ltr'><strong>solius,</strong></span> <span class='ocrx_word' id='word_1_193' title='bbox 3416 1291 3507 1328; x_wconf 84' lang='lat' dir='ltr'><strong>no-</strong></span> 
     </span>
    </p>
   </div>
   <div class='ocr_carea' id='block_1_29' title="bbox 1923 1356 3510 1433">
    <p class='ocr_par' dir='ltr' id='par_1_29' title="bbox 1923 1356 3510 1433">
     <span class='ocr_line' id='line_1_29' title="bbox 1923 1356 3510 1433; baseline -0.001 -16"><span class='ocrx_word' id='word_1_194' title='bbox 1923 1370 2184 1432; x_wconf 82' lang='lat' dir='ltr'><strong>straeque,</strong></span> <span class='ocrx_word' id='word_1_195' title='bbox 2239 1362 2485 1418; x_wconf 85' lang='lat' dir='ltr'><strong>ﬁdelium</strong></span> <span class='ocrx_word' id='word_1_196' title='bbox 2532 1363 2918 1433; x_wconf 76' lang='lat' dir='ltr'><strong>ingenuitatis,</strong></span> <span class='ocrx_word' id='word_1_197' title='bbox 2971 1362 3056 1418; x_wconf 85' lang='lat' dir='ltr'><strong>vel</strong></span> <span class='ocrx_word' id='word_1_198' title='bbox 3097 1356 3510 1432; x_wconf 69' lang='lat' dir='ltr'><strong>religiositatis,</strong></span> 
     </span>
    </p>
   </div>
   <div class='ocr_carea' id='block_1_30' title="bbox 1926 1454 3591 1525">
    <p class='ocr_par' dir='ltr' id='par_1_30' title="bbox 1926 1454 3591 1525">
     <span class='ocr_line' id='line_1_30' title="bbox 1926 1454 3591 1525; baseline 0 -17"><span class='ocrx_word' id='word_1_199' title='bbox 1926 1462 2021 1509; x_wconf 88' lang='lat' dir='ltr'><strong>aut</strong></span> <span class='ocrx_word' id='word_1_200' title='bbox 2055 1454 2326 1519; x_wconf 79' lang='lat' dir='ltr'><strong>veritatis,</strong></span> <span class='ocrx_word' id='word_1_201' title='bbox 2375 1463 2478 1509; x_wconf 89' lang='lat' dir='ltr'><strong>aut</strong></span> <span class='ocrx_word' id='word_1_202' title='bbox 2523 1454 2813 1525; x_wconf 74' lang='lat' dir='ltr'><strong>sapientiae</strong></span> <span class='ocrx_word' id='word_1_203' title='bbox 2856 1463 2953 1509; x_wconf 87' lang='lat' dir='ltr'><strong>aut</strong></span> <span class='ocrx_word' id='word_1_204' title='bbox 3008 1454 3199 1522; x_wconf 72' lang='lat' dir='ltr'><strong>nescio</strong></span> <span class='ocrx_word' id='word_1_205' title='bbox 3237 1454 3371 1524; x_wconf 88' lang='lat' dir='ltr'><strong>quid</strong></span> <span class='ocrx_word' id='word_1_206' title='bbox 3402 1468 3501 1508; x_wconf 86' lang='lat' dir='ltr'><strong>vo-</strong></span> <span class='ocrx_word' id='word_1_207' title='bbox 3582 1474 3591 1483; x_wconf 86' lang='lat'><strong><em>-</em></strong></span> 
     </span>
    </p>
   </div>
   <div class='ocr_carea' id='block_1_31' title="bbox 1926 1544 3506 1615">
    <p class='ocr_par' dir='ltr' id='par_1_31' title="bbox 1926 1544 3506 1615">
     <span class='ocr_line' id='line_1_31' title="bbox 1926 1544 3506 1615; baseline -0.001 -15"><span class='ocrx_word' id='word_1_208' title='bbox 1926 1562 2068 1612; x_wconf 86' lang='lat' dir='ltr'><strong>cem,</strong></span> <span class='ocrx_word' id='word_1_209' title='bbox 2103 1547 2358 1602; x_wconf 88' lang='lat' dir='ltr'><strong>decorem</strong></span> <span class='ocrx_word' id='word_1_210' title='bbox 2391 1544 2673 1611; x_wconf 79' lang='lat' dir='ltr'><strong>exhibeat,</strong></span> <span class='ocrx_word' id='word_1_211' title='bbox 2714 1560 3100 1615; x_wconf 87' lang='lat' dir='ltr'><strong>summamque</strong></span> <span class='ocrx_word' id='word_1_212' title='bbox 3140 1545 3266 1612; x_wconf 88' lang='lat' dir='ltr'><strong>viri,</strong></span> <span class='ocrx_word' id='word_1_213' title='bbox 3292 1545 3506 1613; x_wconf 86' lang='lat' dir='ltr'><strong>absque</strong></span> 
     </span>
    </p>
   </div>
   <div class='ocr_carea' id='block_1_32' title="bbox 1928 1636 3505 1708">
    <p class='ocr_par' dir='ltr' id='par_1_32' title="bbox 1928 1636 3505 1708">
     <span class='ocr_line' id='line_1_32' title="bbox 1928 1636 3505 1708; baseline -0.002 -15"><span class='ocrx_word' id='word_1_214' title='bbox 1928 1639 2134 1693; x_wconf 88' lang='lat' dir='ltr'><strong>talibus</strong></span> <span class='ocrx_word' id='word_1_215' title='bbox 2159 1637 2431 1708; x_wconf 77' lang='lat' dir='ltr'><strong>profanis,</strong></span> <span class='ocrx_word' id='word_1_216' title='bbox 2473 1639 2760 1694; x_wconf 82' lang='lat' dir='ltr'><strong>virtutem.</strong></span> <span class='ocrx_word' id='word_1_217' title='bbox 2794 1636 2930 1691; x_wconf 83' lang='lat' dir='ltr'><strong>Nam</strong></span> <span class='ocrx_word' id='word_1_218' title='bbox 2975 1646 3031 1693; x_wconf 89' lang='lat' dir='ltr'><strong>et</strong></span> <span class='ocrx_word' id='word_1_219' title='bbox 3059 1638 3178 1706; x_wconf 85' lang='lat' dir='ltr'><strong>ipse</strong></span> <span class='ocrx_word' id='word_1_220' title='bbox 3207 1637 3308 1691; x_wconf 89' lang='lat' dir='ltr'><strong>hoc</strong></span> <span class='ocrx_word' id='word_1_221' title='bbox 3356 1645 3505 1690; x_wconf 86' lang='lat' dir='ltr'><strong>amat</strong></span> 
     </span>
    </p>
   </div>
   <div class='ocr_carea' id='block_1_33' title="bbox 1926 1728 3505 1798">
    <p class='ocr_par' dir='ltr' id='par_1_33' title="bbox 1926 1728 3505 1798">
     <span class='ocr_line' id='line_1_33' title="bbox 1926 1728 3505 1798; baseline 0 -17"><span class='ocrx_word' id='word_1_222' title='bbox 1926 1729 2081 1783; x_wconf 89' lang='lat' dir='ltr'><strong>velut</strong></span> <span class='ocrx_word' id='word_1_223' title='bbox 2133 1728 2411 1798; x_wconf 86' lang='lat' dir='ltr'><strong>pedestre,</strong></span> <span class='ocrx_word' id='word_1_224' title='bbox 2466 1742 2532 1783; x_wconf 90' lang='lat' dir='ltr'><strong>ac</strong></span> <span class='ocrx_word' id='word_1_225' title='bbox 2565 1728 2753 1783; x_wconf 88' lang='lat' dir='ltr'><strong>minus</strong></span> <span class='ocrx_word' id='word_1_226' title='bbox 2802 1743 2868 1783; x_wconf 80' lang='lat' dir='ltr'><strong>ex</strong></span> <span class='ocrx_word' id='word_1_227' title='bbox 2908 1737 3029 1782; x_wconf 85' lang='lat' dir='ltr'><strong>arte</strong></span> <span class='ocrx_word' id='word_1_228' title='bbox 3073 1738 3127 1782; x_wconf 91' lang='lat' dir='ltr'><strong>et</strong></span> <span class='ocrx_word' id='word_1_229' title='bbox 3155 1730 3505 1784; x_wconf 84' lang='lat' dir='ltr'><strong>elaboratum</strong></span> 
     </span>
    </p>
   </div>
   <div class='ocr_carea' id='block_1_34' title="bbox 227 1810 1818 1889">
    <p class='ocr_par' dir='ltr' id='par_1_34' title="bbox 227 1814 1806 1886">
     <span class='ocr_line' id='line_1_34' title="bbox 227 1814 1806 1886; baseline -0.001 -19"><span class='ocrx_word' id='word_1_230' title='bbox 227 1815 396 1868; x_wconf 83' lang='grc' dir='ltr'>Τοῦτο</span> <span class='ocrx_word' id='word_1_231' title='bbox 449 1814 558 1886; x_wconf 75' lang='grc' dir='ltr'><strong>γὰρ</strong></span> <span class='ocrx_word' id='word_1_232' title='bbox 608 1814 776 1882; x_wconf 80' lang='grc' dir='ltr'>αὐτῷ,</span> <span class='ocrx_word' id='word_1_233' title='bbox 839 1816 933 1868; x_wconf 73' lang='grc' dir='ltr'>καὶ</span> <span class='ocrx_word' id='word_1_234' title='bbox 972 1814 1034 1879; x_wconf 75' lang='grc' dir='ltr'>ἐξ</span> <span class='ocrx_word' id='word_1_235' title='bbox 1089 1815 1275 1868; x_wconf 82' lang='grc' dir='ltr'>αὐτῶν</span> <span class='ocrx_word' id='word_1_236' title='bbox 1324 1814 1554 1870; x_wconf 78' lang='grc' dir='ltr'>ἁπαλῶν</span> <span class='ocrx_word' id='word_1_237' title='bbox 1596 1815 1806 1885; x_wconf 83' lang='grc' dir='ltr'>ὀνύχων</span> 
     </span>
    </p>
   </div>
   <div class='ocr_carea' id='block_1_35' title="bbox 1923 1810 3507 1889">
    <p class='ocr_par' dir='ltr' id='par_1_35' title="bbox 1923 1816 3507 1889">
     <span class='ocr_line' id='line_1_35' title="bbox 1923 1816 3507 1889; baseline -0.003 -15"><span class='ocrx_word' id='word_1_238' title='bbox 1923 1818 2128 1875; x_wconf 80' lang='lat' dir='ltr'><strong>licendi</strong></span> <span class='ocrx_word' id='word_1_239' title='bbox 2164 1835 2387 1889; x_wconf 76' lang='lat' dir='ltr'><strong>genus:</strong></span> <span class='ocrx_word' id='word_1_240' title='bbox 2446 1817 2652 1889; x_wconf 87' lang='lat' dir='ltr'><strong>quippe</strong></span> <span class='ocrx_word' id='word_1_241' title='bbox 2710 1817 2906 1882; x_wconf 82' lang='lat' dir='ltr'><strong>etiam,</strong></span> <span class='ocrx_word' id='word_1_242' title='bbox 2963 1832 3074 1872; x_wconf 91' lang='lat' dir='ltr'><strong>non</strong></span> <span class='ocrx_word' id='word_1_243' title='bbox 3105 1832 3208 1887; x_wconf 88' lang='lat' dir='ltr'><strong>pro</strong></span> <span class='ocrx_word' id='word_1_244' title='bbox 3257 1816 3507 1871; x_wconf 90' lang='lat' dir='ltr'><strong>oratoris</strong></span> 
     </span>
    </p>
   </div>
   <div class='ocr_carea' id='block_1_36' title="bbox 227 1903 1824 1976">
    <p class='ocr_par' dir='ltr' id='par_1_36' title="bbox 227 1903 1824 1976">
     <span class='ocr_line' id='line_1_36' title="bbox 227 1903 1824 1976; baseline 0 -17"><span class='ocrx_word' id='word_1_245' title='bbox 227 1905 585 1960; x_wconf 69' lang='grc' dir='ltr'>ἐσπούδαστο.</span> <span class='ocrx_word' id='word_1_246' title='bbox 615 1906 702 1969; x_wconf 84' lang='grc' dir='ltr'>Ὠς</span> <span class='ocrx_word' id='word_1_247' title='bbox 724 1906 820 1960; x_wconf 78' lang='grc' dir='ltr'>καὶ</span> <span class='ocrx_word' id='word_1_248' title='bbox 844 1903 941 1960; x_wconf 80' lang='grc' dir='ltr'>νῦν</span> <span class='ocrx_word' id='word_1_249' title='bbox 969 1907 1030 1959; x_wconf 80' lang='grc' dir='ltr'>οὐ</span> <span class='ocrx_word' id='word_1_250' title='bbox 1056 1907 1200 1976; x_wconf 91' lang='grc' dir='ltr'>μέγα</span> <span class='ocrx_word' id='word_1_251' title='bbox 1222 1907 1314 1960; x_wconf 81' lang='grc' dir='ltr'><strong>τὸν</strong></span> <span class='ocrx_word' id='word_1_252' title='bbox 1343 1908 1424 1969; x_wconf 85' lang='grc' dir='ltr'>εἰς</span> <span class='ocrx_word' id='word_1_253' title='bbox 1451 1907 1617 1961; x_wconf 82' lang='grc' dir='ltr'>αὐτὸν</span> <span class='ocrx_word' id='word_1_254' title='bbox 1660 1905 1824 1961; x_wconf 76' lang='grc' dir='ltr'>ἔπαι-</span> 
     </span>
    </p>
   </div>
   <div class='ocr_carea' id='block_1_37' title="bbox 227 1998 1820 2071">
    <p class='ocr_par' dir='ltr' id='par_1_37' title="bbox 227 1998 1820 2071">
     <span class='ocr_line' id='line_1_37' title="bbox 227 1998 1820 2071; baseline 0.003 -20"><span class='ocrx_word' id='word_1_255' title='bbox 227 2015 341 2062; x_wconf 83' lang='grc' dir='ltr'>νον,</span> <span class='ocrx_word' id='word_1_256' title='bbox 376 1998 556 2070; x_wconf 74' lang='grc' dir='ltr'>ἐννοίᾳ</span> <span class='ocrx_word' id='word_1_257' title='bbox 584 1999 808 2069; x_wconf 85' lang='grc' dir='ltr'>μᾶλλον,</span> <span class='ocrx_word' id='word_1_258' title='bbox 832 1998 867 2070; x_wconf 78' lang='grc' dir='ltr'>ἢ</span> <span class='ocrx_word' id='word_1_259' title='bbox 917 1998 1064 2070; x_wconf 84' lang='grc' dir='ltr'>λόγῳ</span> <span class='ocrx_word' id='word_1_260' title='bbox 1117 1998 1459 2070; x_wconf 78' lang='grc' dir='ltr'>διαχεομένῳ</span> <span class='ocrx_word' id='word_1_261' title='bbox 1493 2000 1592 2055; x_wconf 76' lang='grc' dir='ltr'>καὶ</span> <span class='ocrx_word' id='word_1_262' title='bbox 1637 2002 1820 2071; x_wconf 80' lang='grc' dir='ltr'>ῥέοντι</span> 
     </span>
    </p>
   </div>
   <div class='ocr_carea' id='block_1_38' title="bbox 231 2086 1819 2162">
    <p class='ocr_par' dir='ltr' id='par_1_38' title="bbox 231 2086 1819 2162">
     <span class='ocr_line' id='line_1_38' title="bbox 231 2086 1819 2162; baseline 0.001 -18"><span class='ocrx_word' id='word_1_263' title='bbox 231 2089 668 2144; x_wconf 82' lang='grc' dir='ltr'>κατασκευάσαι.</span> <span class='ocrx_word' id='word_1_264' title='bbox 701 2089 813 2143; x_wconf 77' lang='grc' dir='ltr'>Καί</span> <span class='ocrx_word' id='word_1_265' title='bbox 854 2107 948 2161; x_wconf 88' lang='grc' dir='ltr'><strong>μοι</strong></span> <span class='ocrx_word' id='word_1_266' title='bbox 972 2089 1321 2158; x_wconf 82' lang='grc' dir='ltr'>συγνώσεσθε</span> <span class='ocrx_word' id='word_1_267' title='bbox 1374 2092 1616 2154; x_wconf 84' lang='grc' dir='ltr'>πάντως,</span> <span class='ocrx_word' id='word_1_268' title='bbox 1648 2086 1694 2145; x_wconf 81' lang='grc' dir='ltr'><strong>ὦ</strong></span> <span class='ocrx_word' id='word_1_269' title='bbox 1728 2092 1819 2162; x_wconf 86' lang='grc' dir='ltr'>φί-</span> 
     </span>
    </p>
   </div>
   <div class='ocr_carea' id='block_1_39' title="bbox 227 2180 1817 2253">
    <p class='ocr_par' dir='ltr' id='par_1_39' title="bbox 227 2180 1817 2253">
     <span class='ocr_line' id='line_1_39' title="bbox 227 2180 1817 2253; baseline 0.001 -19"><span class='ocrx_word' id='word_1_270' title='bbox 227 2181 310 2234; x_wconf 90' lang='grc' dir='ltr'><strong>λοι</strong></span> <span class='ocrx_word' id='word_1_271' title='bbox 334 2182 430 2234; x_wconf 60' lang='grc' dir='ltr'><strong>καὶΙ</strong></span> <span class='ocrx_word' id='word_1_272' title='bbox 450 2180 694 2249; x_wconf 70' lang='grc' dir='ltr'>ἀδελφοὶ,</span> <span class='ocrx_word' id='word_1_273' title='bbox 727 2181 848 2234; x_wconf 82' lang='grc' dir='ltr'>ὅσοι</span> <span class='ocrx_word' id='word_1_274' title='bbox 891 2198 952 2234; x_wconf 89' lang='grc' dir='ltr'><strong>τε</strong></span> <span class='ocrx_word' id='word_1_275' title='bbox 983 2181 1113 2253; x_wconf 80' lang='grc' dir='ltr'>παρ’</span> <span class='ocrx_word' id='word_1_276' title='bbox 1144 2182 1278 2251; x_wconf 81' lang='grc' dir='ltr'>ἡμῖν</span> <span class='ocrx_word' id='word_1_277' title='bbox 1307 2183 1366 2236; x_wconf 72' lang='grc' dir='ltr'>ὲν</span> <span class='ocrx_word' id='word_1_278' title='bbox 1420 2182 1602 2250; x_wconf 86' lang='grc' dir='ltr'>λόγοις</span> <span class='ocrx_word' id='word_1_279' title='bbox 1631 2183 1817 2253; x_wconf 79' lang='grc' dir='ltr'>ἔχουσι</span> 
     </span>
    </p>
   </div>
   <div class='ocr_carea' id='block_1_40' title="bbox 227 2272 1816 2345">
    <p class='ocr_par' dir='ltr' id='par_1_40' title="bbox 227 2272 1816 2345">
     <span class='ocr_line' id='line_1_40' title="bbox 227 2272 1816 2345; baseline 0.001 -18"><span class='ocrx_word' id='word_1_280' title='bbox 227 2273 290 2327; x_wconf 78' lang='grc' dir='ltr'>τὸ</span> <span class='ocrx_word' id='word_1_281' title='bbox 322 2273 636 2343; x_wconf 83' lang='grc' dir='ltr'>περίοπτον,</span> <span class='ocrx_word' id='word_1_282' title='bbox 697 2273 793 2327; x_wconf 55' lang='grc' dir='ltr'><strong>κοιλ¹</strong></span> <span class='ocrx_word' id='word_1_283' title='bbox 845 2273 964 2326; x_wconf 84' lang='grc' dir='ltr'>ὅσοι</span> <span class='ocrx_word' id='word_1_284' title='bbox 995 2272 1208 2327; x_wconf 88' lang='grc' dir='ltr'>τούτων</span> <span class='ocrx_word' id='word_1_285' title='bbox 1242 2275 1496 2345; x_wconf 83' lang='grc' dir='ltr'>ἀμοιρεῖν</span> <span class='ocrx_word' id='word_1_286' title='bbox 1536 2275 1816 2338; x_wconf 83' lang='grc' dir='ltr'>παντελῶς</span> 
     </span>
    </p>
   </div>
   <div class='ocr_carea' id='block_1_41' title="bbox 229 2363 1818 2436">
    <p class='ocr_par' dir='ltr' id='par_1_41' title="bbox 229 2363 1818 2436">
     <span class='ocr_line' id='line_1_41' title="bbox 229 2363 1818 2436; baseline 0.001 -19"><span class='ocrx_word' id='word_1_287' title='bbox 229 2363 704 2433; x_wconf 75' lang='grc' dir='ltr'>ἐπαγγέλλονται·</span> <span class='ocrx_word' id='word_1_288' title='bbox 749 2365 832 2419; x_wconf 80' lang='grc' dir='ltr'>ὅτι</span> <span class='ocrx_word' id='word_1_289' title='bbox 889 2365 965 2435; x_wconf 79' lang='grc' dir='ltr'>μὴ</span> <span class='ocrx_word' id='word_1_290' title='bbox 1028 2365 1166 2436; x_wconf 78' lang='grc' dir='ltr'>πρὸς</span> <span class='ocrx_word' id='word_1_291' title='bbox 1201 2365 1357 2431; x_wconf 81' lang='grc' dir='ltr'>τάξιν</span> <span class='ocrx_word' id='word_1_292' title='bbox 1397 2364 1527 2427; x_wconf 63' lang='lat' dir='ltr'><strong>tam;</strong></span> <span class='ocrx_word' id='word_1_293' title='bbox 1577 2367 1681 2436; x_wconf 79' lang='grc' dir='ltr'>ὁρᾷ</span> <span class='ocrx_word' id='word_1_294' title='bbox 1719 2366 1818 2419; x_wconf 76' lang='grc' dir='ltr'>τοῦ</span> 
     </span>
    </p>
   </div>
   <div class='ocr_carea' id='block_1_42' title="bbox 228 2451 1816 2526">
    <p class='ocr_par' dir='ltr' id='par_1_42' title="bbox 228 2451 1816 2526">
     <span class='ocr_line' id='line_1_42' title="bbox 228 2451 1816 2526; baseline 0.003 -20"><span class='ocrx_word' id='word_1_295' title='bbox 228 2454 413 2523; x_wconf 84' lang='grc' dir='ltr'>λόγου,</span> <span class='ocrx_word' id='word_1_296' title='bbox 444 2454 552 2506; x_wconf 88' lang='grc' dir='ltr'><strong>τῶν</strong></span> <span class='ocrx_word' id='word_1_297' title='bbox 573 2454 869 2524; x_wconf 76' lang='grc' dir='ltr'>ἐγκωμίων</span> <span class='ocrx_word' id='word_1_298' title='bbox 918 2451 1059 2518; x_wconf 73' lang='grc' dir='ltr'>εἶδος</span> <span class='ocrx_word' id='word_1_299' title='bbox 1078 2471 1096 2486; x_wconf 75' lang='grc' dir='ltr'><strong><em>ο</em></strong></span> <span class='ocrx_word' id='word_1_300' title='bbox 1132 2454 1270 2523; x_wconf 75' lang='grc' dir='ltr'>πρὸς</span> <span class='ocrx_word' id='word_1_301' title='bbox 1312 2456 1372 2508; x_wconf 83' lang='grc' dir='ltr'>δὲ</span> <span class='ocrx_word' id='word_1_302' title='bbox 1425 2456 1523 2526; x_wconf 81' lang='grc' dir='ltr'><strong>τὴν</strong></span> <span class='ocrx_word' id='word_1_303' title='bbox 1553 2456 1816 2526; x_wconf 82' lang='grc' dir='ltr'>ἀλήθειαν</span> 
     </span>
    </p>
   </div>
   <div class='ocr_carea' id='block_1_43' title="bbox 234 2544 1814 2616">
    <p class='ocr_par' dir='ltr' id='par_1_43' title="bbox 234 2544 1814 2616">
     <span class='ocr_line' id='line_1_43' title="bbox 234 2544 1814 2616; baseline -0.003 -15"><span class='ocrx_word' id='word_1_304' title='bbox 234 2545 422 2615; x_wconf 81' lang='grc' dir='ltr'>μόνην,</span> <span class='ocrx_word' id='word_1_305' title='bbox 449 2545 524 2607; x_wconf 86' lang='grc' dir='ltr'>ὡς</span> <span class='ocrx_word' id='word_1_306' title='bbox 551 2545 692 2609; x_wconf 77' lang='grc' dir='ltr'>ἐνὸν,</span> <span class='ocrx_word' id='word_1_307' title='bbox 728 2544 793 2597; x_wconf 79' lang='grc' dir='ltr'>ἐκ</span> <span class='ocrx_word' id='word_1_308' title='bbox 824 2562 885 2599; x_wconf 88' lang='grc' dir='ltr'><strong>τε</strong></span> <span class='ocrx_word' id='word_1_309' title='bbox 917 2544 1027 2597; x_wconf 85' lang='grc' dir='ltr'><strong>τῶν</strong></span> <span class='ocrx_word' id='word_1_310' title='bbox 1065 2545 1411 2613; x_wconf 84' lang='grc' dir='ltr'>φαινομένων</span> <span class='ocrx_word' id='word_1_311' title='bbox 1444 2547 1535 2600; x_wconf 66' lang='grc' dir='ltr'>καὶ</span> <span class='ocrx_word' id='word_1_312' title='bbox 1583 2545 1814 2616; x_wconf 86' lang='grc' dir='ltr'>λεγομέ-</span> 
     </span>
    </p>
   </div>
   <div class='ocr_carea' id='block_1_44' title="bbox 230 2633 1816 2709">
    <p class='ocr_par' dir='ltr' id='par_1_44' title="bbox 230 2633 1816 2709">
     <span class='ocr_line' id='line_1_44' title="bbox 230 2633 1816 2709; baseline 0.002 -20"><span class='ocrx_word' id='word_1_313' title='bbox 230 2652 338 2689; x_wconf 89' lang='grc' dir='ltr'><strong>νων</strong></span> <span class='ocrx_word' id='word_1_314' title='bbox 363 2635 461 2690; x_wconf 85' lang='grc' dir='ltr'>τοῦ</span> <span class='ocrx_word' id='word_1_315' title='bbox 482 2637 675 2707; x_wconf 76' lang='grc' dir='ltr'>ἀνδρὸς</span> <span class='ocrx_word' id='word_1_316' title='bbox 714 2636 1160 2709; x_wconf 82' lang='grc' dir='ltr'>κατορθωμάτων</span> <span class='ocrx_word' id='word_1_317' title='bbox 1194 2636 1608 2693; x_wconf 80' lang='grc' dir='ltr'><strong>πιστώσασθαι⁹</strong></span> <span class='ocrx_word' id='word_1_318' title='bbox 1648 2633 1723 2693; x_wconf 81' lang='grc' dir='ltr'>ὧν</span> <span class='ocrx_word' id='word_1_319' title='bbox 1753 2639 1816 2692; x_wconf 80' lang='grc' dir='ltr'>τὸ</span> 
     </span>
    </p>
   </div>
   <div class='ocr_carea' id='block_1_45' title="bbox 236 2725 1814 2801">
    <p class='ocr_par' dir='ltr' id='par_1_45' title="bbox 236 2725 1814 2801">
     <span class='ocr_line' id='line_1_45' title="bbox 236 2725 1814 2801; baseline 0.003 -21"><span class='ocrx_word' id='word_1_320' title='bbox 236 2725 339 2794; x_wconf 83' lang='grc' dir='ltr'>μὲν</span> <span class='ocrx_word' id='word_1_321' title='bbox 385 2728 443 2779; x_wconf 74' lang='grc' dir='ltr'>ὲν</span> <span class='ocrx_word' id='word_1_322' title='bbox 495 2727 765 2797; x_wconf 87' lang='grc' dir='ltr'>θαύμασι,</span> <span class='ocrx_word' id='word_1_323' title='bbox 795 2727 858 2781; x_wconf 82' lang='grc' dir='ltr'>τὸ</span> <span class='ocrx_word' id='word_1_324' title='bbox 884 2727 943 2781; x_wconf 78' lang='grc' dir='ltr'>δὲ</span> <span class='ocrx_word' id='word_1_325' title='bbox 1009 2730 1067 2782; x_wconf 70' lang='grc' dir='ltr'>ἐν</span> <span class='ocrx_word' id='word_1_326' title='bbox 1095 2728 1458 2800; x_wconf 83' lang='grc' dir='ltr'>διηγήμασιν,</span> <span class='ocrx_word' id='word_1_327' title='bbox 1504 2729 1653 2784; x_wconf 75' lang='grc' dir='ltr'>ἔστιν</span> <span class='ocrx_word' id='word_1_328' title='bbox 1678 2730 1814 2801; x_wconf 78' lang='grc' dir='ltr'>ὁρᾷν</span> 
     </span>
    </p>
   </div>
   <div class='ocr_carea' id='block_1_46' title="bbox 233 2818 785 2891">
    <p class='ocr_par' dir='ltr' id='par_1_46' title="bbox 233 2818 785 2891">
     <span class='ocr_line' id='line_1_46' title="bbox 233 2818 785 2891; baseline 0.007 -19"><span class='ocrx_word' id='word_1_329' title='bbox 233 2819 329 2872; x_wconf 75' lang='grc' dir='ltr'>τὸν</span> <span class='ocrx_word' id='word_1_330' title='bbox 364 2818 712 2891; x_wconf 81' lang='grc' dir='ltr'>βουλόμενον.</span> <span class='ocrx_word' id='word_1_331' title='bbox 782 2851 785 2854; x_wconf 51' lang='grc'>&lt;</span> 
     </span>
    </p>
   </div>
   <div class='ocr_carea' id='block_1_47' title="bbox 237 2917 2138 2987">
    <p class='ocr_par' dir='ltr' id='par_1_47' title="bbox 237 2917 2138 2987">
     <span class='ocr_line' id='line_1_47' title="bbox 237 2917 2138 2987; baseline 0.001 -18"><span class='ocrx_word' id='word_1_332' title='bbox 237 2923 393 2979; x_wconf 89' lang='lat' dir='ltr'><strong>sunt,</strong></span> <span class='ocrx_word' id='word_1_333' title='bbox 449 2924 567 2971; x_wconf 89' lang='lat' dir='ltr'><strong>tum</strong></span> <span class='ocrx_word' id='word_1_334' title='bbox 624 2932 749 2987; x_wconf 84' lang='lat' dir='ltr'><strong>quae</strong></span> <span class='ocrx_word' id='word_1_335' title='bbox 812 2917 1126 2972; x_wconf 77' lang='lat' dir='ltr'><strong>referuntur</strong></span> <span class='ocrx_word' id='word_1_336' title='bbox 1185 2919 1288 2973; x_wconf 88' lang='lat' dir='ltr'><strong>viri</strong></span> <span class='ocrx_word' id='word_1_337' title='bbox 1348 2918 1718 2982; x_wconf 82' lang='lat' dir='ltr'><strong>facinoribus,</strong></span> <span class='ocrx_word' id='word_1_338' title='bbox 1761 2919 2069 2974; x_wconf 77' lang='lat' dir='ltr'><strong>astruxerit</strong></span> <span class='ocrx_word' id='word_1_339' title='bbox 2124 2935 2138 2971; x_wconf 92' lang='lat'>:</span> 
     </span>
    </p>
   </div>
   <div class='ocr_carea' id='block_1_48' title="bbox 235 3009 1521 3084">
    <p class='ocr_par' dir='ltr' id='par_1_48' title="bbox 235 3009 1521 3084">
     <span class='ocr_line' id='line_1_48' title="bbox 235 3009 1521 3084; baseline 0.001 -20"><span class='ocrx_word' id='word_1_340' title='bbox 235 3010 569 3071; x_wconf 85' lang='lat' dir='ltr'><strong>rationibus,</strong></span> <span class='ocrx_word' id='word_1_341' title='bbox 608 3010 845 3077; x_wconf 82' lang='lat' dir='ltr'><strong>quisque</strong></span> <span class='ocrx_word' id='word_1_342' title='bbox 880 3009 1042 3064; x_wconf 82' lang='lat' dir='ltr'><strong>facile</strong></span> <span class='ocrx_word' id='word_1_343' title='bbox 1074 3009 1288 3064; x_wconf 87' lang='lat' dir='ltr'><strong>viderit.</strong></span> <span class='ocrx_word' id='word_1_344' title='bbox 1484 3050 1521 3084; x_wconf 49' lang='grc' dir='ltr'>θ</span> 
     </span>
    </p>
   </div>
   <div class='ocr_carea' id='block_1_49' title="bbox 306 3099 1814 3174">
    <p class='ocr_par' dir='ltr' id='par_1_49' title="bbox 306 3099 1814 3174">
     <span class='ocr_line' id='line_1_49' title="bbox 306 3099 1814 3174; baseline 0 -19"><span class='ocrx_word' id='word_1_345' title='bbox 306 3104 443 3165; x_wconf 82' lang='grc' dir='ltr'>Ταῖς</span> <span class='ocrx_word' id='word_1_346' title='bbox 475 3100 643 3154; x_wconf 82' lang='grc' dir='ltr'>αὐτοῦ</span> <span class='ocrx_word' id='word_1_347' title='bbox 691 3099 822 3171; x_wconf 79' lang='grc' dir='ltr'>γοῦν</span> <span class='ocrx_word' id='word_1_348' title='bbox 881 3104 1044 3172; x_wconf 78' lang='grc' dir='ltr'>ἡμεῖς</span> <span class='ocrx_word' id='word_1_349' title='bbox 1084 3103 1271 3173; x_wconf 79' lang='grc' dir='ltr'>εὐχαῖς</span> <span class='ocrx_word' id='word_1_350' title='bbox 1319 3102 1814 3174; x_wconf 76' lang='grc' dir='ltr'>βοηθούμενοι,καὶ</span> 
     </span>
    </p>
   </div>
   <div class='ocr_carea' id='block_1_50' title="bbox 233 3190 1817 3264">
    <p class='ocr_par' dir='ltr' id='par_1_50' title="bbox 233 3190 1817 3264">
     <span class='ocr_line' id='line_1_50' title="bbox 233 3190 1817 3264; baseline -0.002 -18"><span class='ocrx_word' id='word_1_351' title='bbox 233 3191 314 3263; x_wconf 85' lang='grc' dir='ltr'><strong>τῷ</strong></span> <span class='ocrx_word' id='word_1_352' title='bbox 336 3192 458 3245; x_wconf 85' lang='grc' dir='ltr'>κατ’</span> <span class='ocrx_word' id='word_1_353' title='bbox 487 3191 675 3244; x_wconf 80' lang='grc' dir='ltr'>οὐσίαν</span> <span class='ocrx_word' id='word_1_354' title='bbox 731 3190 901 3253; x_wconf 76' lang='grc' dir='ltr'>ὅντως</span> <span class='ocrx_word' id='word_1_355' title='bbox 962 3191 1076 3245; x_wconf 82' lang='grc' dir='ltr'>δντι</span> <span class='ocrx_word' id='word_1_356' title='bbox 1113 3194 1208 3245; x_wconf 71' lang='grc' dir='ltr'>καὶ</span> <span class='ocrx_word' id='word_1_357' title='bbox 1249 3191 1394 3264; x_wconf 81' lang='grc' dir='ltr'>ὑπὲρ</span> <span class='ocrx_word' id='word_1_358' title='bbox 1439 3193 1622 3246; x_wconf 80' lang='grc' dir='ltr'>πᾶσαν</span> <span class='ocrx_word' id='word_1_359' title='bbox 1653 3190 1817 3259; x_wconf 88' lang='grc' dir='ltr'>φύσιν</span> 
     </span>
    </p>
   </div>
   <div class='ocr_carea' id='block_1_51' title="bbox 233 3281 1817 3354">
    <p class='ocr_par' dir='ltr' id='par_1_51' title="bbox 233 3281 1817 3354">
     <span class='ocr_line' id='line_1_51' title="bbox 233 3281 1817 3354; baseline -0.002 -16"><span class='ocrx_word' id='word_1_360' title='bbox 233 3284 335 3338; x_wconf 74' lang='grc' dir='ltr'>καὶ</span> <span class='ocrx_word' id='word_1_361' title='bbox 365 3281 567 3351; x_wconf 88' lang='grc' dir='ltr'>γνῶσιν</span> <span class='ocrx_word' id='word_1_362' title='bbox 614 3282 1027 3352; x_wconf 76' lang='grc' dir='ltr'>ύπερηνωμένῳ</span> <span class='ocrx_word' id='word_1_363' title='bbox 1081 3281 1161 3352; x_wconf 81' lang='grc' dir='ltr'>τῷ</span> <span class='ocrx_word' id='word_1_364' title='bbox 1214 3284 1391 3354; x_wconf 72' lang='grc' dir='ltr'>Πατρὶ</span> <span class='ocrx_word' id='word_1_365' title='bbox 1413 3284 1509 3336; x_wconf 72' lang='grc' dir='ltr'>καὶ</span> <span class='ocrx_word' id='word_1_366' title='bbox 1536 3283 1615 3352; x_wconf 81' lang='grc' dir='ltr'>τῷ</span> <span class='ocrx_word' id='word_1_367' title='bbox 1646 3283 1817 3337; x_wconf 83' lang='grc' dir='ltr'>[Ινεύ-</span> 
     </span>
    </p>
   </div>
   <div class='ocr_carea' id='block_1_52' title="bbox 236 3366 1816 3449">
    <p class='ocr_par' dir='ltr' id='par_1_52' title="bbox 236 3366 1816 3449">
     <span class='ocr_line' id='line_1_52' title="bbox 236 3366 1816 3449; baseline 0.003 -22"><span class='ocrx_word' id='word_1_368' title='bbox 236 3393 395 3445; x_wconf 86' lang='grc' dir='ltr'>ματι,</span> <span class='ocrx_word' id='word_1_369' title='bbox 423 3375 581 3446; x_wconf 87' lang='grc' dir='ltr'>Λόγῳ</span> <span class='ocrx_word' id='word_1_370' title='bbox 600 3390 616 3407; x_wconf 77' lang='grc' dir='ltr'><strong>ο</strong></span> <span class='ocrx_word' id='word_1_371' title='bbox 650 3375 730 3445; x_wconf 81' lang='grc' dir='ltr'><strong>τῷ</strong></span> <span class='ocrx_word' id='word_1_372' title='bbox 754 3375 813 3427; x_wconf 74' lang='grc' dir='ltr'>ὲν</span> <span class='ocrx_word' id='word_1_373' title='bbox 839 3366 885 3442; x_wconf 82' lang='grc' dir='ltr'>ᾧ</span> <span class='ocrx_word' id='word_1_374' title='bbox 902 3376 1102 3439; x_wconf 85' lang='grc' dir='ltr'>πάντες</span> <span class='ocrx_word' id='word_1_375' title='bbox 1126 3377 1176 3429; x_wconf 79' lang='lat' dir='ltr'><strong>oi</strong></span> <span class='ocrx_word' id='word_1_376' title='bbox 1203 3375 1472 3446; x_wconf 77' lang='grc' dir='ltr'>θησαυροὶ</span> <span class='ocrx_word' id='word_1_377' title='bbox 1494 3380 1593 3449; x_wconf 81' lang='grc' dir='ltr'>τῆς</span> <span class='ocrx_word' id='word_1_378' title='bbox 1624 3376 1816 3445; x_wconf 85' lang='grc' dir='ltr'>σοφίας</span> 
     </span>
    </p>
   </div>
   <div class='ocr_carea' id='block_1_53' title="bbox 233 3465 1815 3538">
    <p class='ocr_par' dir='ltr' id='par_1_53' title="bbox 233 3465 1815 3538">
     <span class='ocr_line' id='line_1_53' title="bbox 233 3465 1815 3538; baseline 0.001 -18"><span class='ocrx_word' id='word_1_379' title='bbox 233 3469 563 3521; x_wconf 86' lang='grc' dir='ltr'>ἀπόκεινται</span> <span class='ocrx_word' id='word_1_380' title='bbox 596 3467 1002 3537; x_wconf 80' lang='grc' dir='ltr'>στηριζόμενοι,</span> <span class='ocrx_word' id='word_1_381' title='bbox 1032 3465 1143 3521; x_wconf 84' lang='grc' dir='ltr'><strong>τῶν</strong></span> <span class='ocrx_word' id='word_1_382' title='bbox 1175 3468 1469 3537; x_wconf 74' lang='grc' dir='ltr'>ἐγκωμίων</span> <span class='ocrx_word' id='word_1_383' title='bbox 1498 3466 1781 3538; x_wconf 82' lang='grc' dir='ltr'>ἀρξόμεθα</span> <span class='ocrx_word' id='word_1_384' title='bbox 1800 3485 1815 3500; x_wconf 80' lang='grc'><strong>’</strong></span> 
     </span>
    </p>
   </div>
   <div class='ocr_carea' id='block_1_54' title="bbox 237 3558 1820 3631">
    <p class='ocr_par' dir='ltr' id='par_1_54' title="bbox 237 3558 1820 3631">
     <span class='ocr_line' id='line_1_54' title="bbox 237 3558 1820 3631; baseline 0.002 -20"><span class='ocrx_word' id='word_1_385' title='bbox 237 3558 784 3631; x_wconf 74' lang='grc' dir='ltr'>συμπεριληψόμενοι</span> <span class='ocrx_word' id='word_1_386' title='bbox 834 3558 1078 3628; x_wconf 85' lang='grc' dir='ltr'>δηλονότι</span> <span class='ocrx_word' id='word_1_387' title='bbox 1133 3559 1468 3629; x_wconf 87' lang='grc' dir='ltr'>περιεκτικῷ</span> <span class='ocrx_word' id='word_1_388' title='bbox 1522 3561 1697 3629; x_wconf 84' lang='grc' dir='ltr'>λόγῳ,</span> <span class='ocrx_word' id='word_1_389' title='bbox 1728 3561 1820 3614; x_wconf 85' lang='grc' dir='ltr'><strong>καί</strong></span> 
     </span>
    </p>
   </div>
   <div class='ocr_carea' id='block_1_55' title="bbox 235 3650 1818 3722">
    <p class='ocr_par' dir='ltr' id='par_1_55' title="bbox 235 3650 1818 3722">
     <span class='ocr_line' id='line_1_55' title="bbox 235 3650 1818 3722; baseline 0.001 -17"><span class='ocrx_word' id='word_1_390' title='bbox 235 3668 365 3705; x_wconf 81' lang='grc' dir='ltr'>τινα</span> <span class='ocrx_word' id='word_1_391' title='bbox 397 3650 506 3703; x_wconf 85' lang='grc' dir='ltr'><strong>τῶν</strong></span> <span class='ocrx_word' id='word_1_392' title='bbox 555 3652 699 3705; x_wconf 75' lang='grc' dir='ltr'>κατὰ</span> <span class='ocrx_word' id='word_1_393' title='bbox 730 3651 908 3721; x_wconf 84' lang='grc' dir='ltr'>σάρκα</span> <span class='ocrx_word' id='word_1_394' title='bbox 949 3651 1048 3705; x_wconf 72' lang='grc' dir='ltr'>καὶ</span> <span class='ocrx_word' id='word_1_395' title='bbox 1082 3650 1401 3719; x_wconf 88' lang='grc' dir='ltr'>γνωστικῶν</span> <span class='ocrx_word' id='word_1_396' title='bbox 1435 3655 1818 3722; x_wconf 77' lang='grc' dir='ltr'>καταφάσεων.</span> 
     </span>
    </p>
   </div>
   <div class='ocr_carea' id='block_1_56' title="bbox 249 3730 1821 3815">
    <p class='ocr_par' dir='ltr' id='par_1_56' title="bbox 249 3730 1821 3815">
     <span class='ocr_line' id='line_1_56' title="bbox 249 3730 1821 3815; baseline 0.002 -19"><span class='ocrx_word' id='word_1_397' title='bbox 249 3743 416 3796; x_wconf 80' lang='grc' dir='ltr'>Ἀλλά</span> <span class='ocrx_word' id='word_1_398' title='bbox 447 3761 536 3813; x_wconf 92' lang='grc' dir='ltr'><strong>μοι</strong></span> <span class='ocrx_word' id='word_1_399' title='bbox 569 3742 665 3797; x_wconf 75' lang='grc' dir='ltr'>καὶ</span> <span class='ocrx_word' id='word_1_400' title='bbox 726 3744 883 3813; x_wconf 85' lang='grc' dir='ltr'>ὑμεῖς</span> <span class='ocrx_word' id='word_1_401' title='bbox 937 3742 1334 3813; x_wconf 81' lang='grc' dir='ltr'>συναμιλλᾶσθε</span> <span class='ocrx_word' id='word_1_402' title='bbox 1370 3745 1491 3809; x_wconf 88' lang='grc' dir='ltr'>ταῖς</span> <span class='ocrx_word' id='word_1_403' title='bbox 1532 3730 1821 3815; x_wconf 79' lang='grc' dir='ltr'>ὲμετέραις</span> 
     </span>
    </p>
   </div>
   <div class='ocr_carea' id='block_1_57' title="bbox 235 3833 1827 3905">
    <p class='ocr_par' dir='ltr' id='par_1_57' title="bbox 235 3833 1827 3905">
     <span class='ocr_line' id='line_1_57' title="bbox 235 3833 1827 3905; baseline 0.001 -18"><span class='ocrx_word' id='word_1_404' title='bbox 235 3835 451 3905; x_wconf 82' lang='grc' dir='ltr'>εὐχαῖς,</span> <span class='ocrx_word' id='word_1_405' title='bbox 484 3834 615 3887; x_wconf 80' lang='grc' dir='ltr'>ἵλεω</span> <span class='ocrx_word' id='word_1_406' title='bbox 670 3833 763 3887; x_wconf 79' lang='grc' dir='ltr'>τὸν</span> <span class='ocrx_word' id='word_1_407' title='bbox 793 3833 927 3887; x_wconf 87' lang='grc' dir='ltr'>Θεόν</span> <span class='ocrx_word' id='word_1_408' title='bbox 963 3852 1055 3905; x_wconf 90' lang='grc' dir='ltr'><strong>μοι</strong></span> <span class='ocrx_word' id='word_1_409' title='bbox 1095 3834 1438 3905; x_wconf 81' lang='grc' dir='ltr'>ποιούμενοι,</span> <span class='ocrx_word' id='word_1_410' title='bbox 1470 3837 1567 3890; x_wconf 75' lang='grc' dir='ltr'>καὶ</span> <span class='ocrx_word' id='word_1_411' title='bbox 1598 3855 1617 3888; x_wconf 74' lang='grc' dir='ltr'><strong>ι</strong></span> <span class='ocrx_word' id='word_1_412' title='bbox 1649 3837 1827 3904; x_wconf 85' lang='grc' dir='ltr'>Λόγον</span> 
     </span>
    </p>
   </div>
   <div class='ocr_carea' id='block_1_58' title="bbox 236 3926 1827 3999">
    <p class='ocr_par' dir='ltr' id='par_1_58' title="bbox 236 3926 1827 3999">
     <span class='ocr_line' id='line_1_58' title="bbox 236 3926 1827 3999; baseline 0 -17"><span class='ocrx_word' id='word_1_413' title='bbox 236 3927 525 3990; x_wconf 79' lang='grc' dir='ltr'>αἰτοῦντες</span> <span class='ocrx_word' id='word_1_414' title='bbox 572 3929 633 3980; x_wconf 71' lang='grc' dir='ltr'>ἐν</span> <span class='ocrx_word' id='word_1_415' title='bbox 678 3926 881 3990; x_wconf 82' lang='grc' dir='ltr'>ἀνοίξει</span> <span class='ocrx_word' id='word_1_416' title='bbox 931 3926 1026 3980; x_wconf 81' lang='grc' dir='ltr'><strong>τοῦ</strong></span> <span class='ocrx_word' id='word_1_417' title='bbox 1075 3926 1364 3998; x_wconf 84' lang='grc' dir='ltr'>στόματος,</span> <span class='ocrx_word' id='word_1_418' title='bbox 1400 3945 1420 3980; x_wconf 83' lang='grc'><strong>›</strong></span> <span class='ocrx_word' id='word_1_419' title='bbox 1456 3928 1605 3989; x_wconf 82' lang='grc' dir='ltr'>ὅπως</span> <span class='ocrx_word' id='word_1_420' title='bbox 1647 3927 1714 3982; x_wconf 79' lang='grc' dir='ltr'>ἂν</span> <span class='ocrx_word' id='word_1_421' title='bbox 1747 3929 1827 3999; x_wconf 70' lang='grc' dir='ltr'>μὴ</span> 
     </span>
    </p>
   </div>
   <div class='ocr_carea' id='block_1_59' title="bbox 237 4015 1827 4089">
    <p class='ocr_par' dir='ltr' id='par_1_59' title="bbox 237 4015 1827 4089">
     <span class='ocr_line' id='line_1_59' title="bbox 237 4015 1827 4089; baseline 0.001 -19"><span class='ocrx_word' id='word_1_422' title='bbox 237 4015 517 4086; x_wconf 80' lang='grc' dir='ltr'>κριθείην,</span> <span class='ocrx_word' id='word_1_423' title='bbox 548 4016 625 4080; x_wconf 80' lang='grc' dir='ltr'>ὡς</span> <span class='ocrx_word' id='word_1_424' title='bbox 659 4016 767 4069; x_wconf 88' lang='grc' dir='ltr'><strong>τῶν</strong></span> <span class='ocrx_word' id='word_1_425' title='bbox 803 4016 943 4086; x_wconf 82' lang='grc' dir='ltr'>ὑπὲρ</span> <span class='ocrx_word' id='word_1_426' title='bbox 978 4015 1140 4081; x_wconf 83' lang='grc' dir='ltr'>ἀξίαν</span> <span class='ocrx_word' id='word_1_427' title='bbox 1184 4017 1486 4088; x_wconf 80' lang='grc' dir='ltr'>ἁψάμενος,</span> <span class='ocrx_word' id='word_1_428' title='bbox 1519 4020 1615 4072; x_wconf 66' lang='grc' dir='ltr'>καὶ</span> <span class='ocrx_word' id='word_1_429' title='bbox 1655 4019 1827 4089; x_wconf 81' lang='grc' dir='ltr'>μηδὲν</span> 
     </span>
    </p>
   </div>
   <div class='ocr_carea' id='block_1_60' title="bbox 237 4106 1827 4178">
    <p class='ocr_par' dir='ltr' id='par_1_60' title="bbox 237 4106 1827 4178">
     <span class='ocr_line' id='line_1_60' title="bbox 237 4106 1827 4178; baseline 0.003 -20"><span class='ocrx_word' id='word_1_430' title='bbox 237 4106 560 4160; x_wconf 80' lang='grc' dir='ltr'>λυσιτελοῦν</span> <span class='ocrx_word' id='word_1_431' title='bbox 614 4106 943 4173; x_wconf 84' lang='grc' dir='ltr'>εἰσενεγκὼν</span> <span class='ocrx_word' id='word_1_432' title='bbox 989 4107 1068 4176; x_wconf 79' lang='grc' dir='ltr'>τῷ</span> <span class='ocrx_word' id='word_1_433' title='bbox 1097 4107 1242 4178; x_wconf 82' lang='grc' dir='ltr'>λόγῳ</span> <span class='ocrx_word' id='word_1_434' title='bbox 1267 4109 1379 4162; x_wconf 88' lang='grc' dir='ltr'><strong>τῶν</strong></span> <span class='ocrx_word' id='word_1_435' title='bbox 1405 4109 1717 4178; x_wconf 73' lang='grc' dir='ltr'>ἐγκωμίων.</span> <span class='ocrx_word' id='word_1_436' title='bbox 1759 4110 1827 4162; x_wconf 87' lang='grc' dir='ltr'>Ὅ</span> 
     </span>
    </p>
   </div>
   <div class='ocr_carea' id='block_1_61' title="bbox 244 4200 1828 4274">
    <p class='ocr_par' dir='ltr' id='par_1_61' title="bbox 244 4200 1828 4274">
     <span class='ocr_line' id='line_1_61' title="bbox 244 4200 1828 4274; baseline 0.003 -21"><span class='ocrx_word' id='word_1_437' title='bbox 244 4201 385 4272; x_wconf 79' lang='grc' dir='ltr'>μηδὲ</span> <span class='ocrx_word' id='word_1_438' title='bbox 428 4200 564 4272; x_wconf 83' lang='grc' dir='ltr'>πρὸς</span> <span class='ocrx_word' id='word_1_439' title='bbox 619 4203 689 4272; x_wconf 81' lang='grc' dir='ltr'><strong>τῇ</strong></span> <span class='ocrx_word' id='word_1_440' title='bbox 742 4202 849 4272; x_wconf 80' lang='grc' dir='ltr'><strong>ἐμῇ</strong></span> <span class='ocrx_word' id='word_1_441' title='bbox 902 4200 1246 4270; x_wconf 83' lang='grc' dir='ltr'>καθέστηκεν</span> <span class='ocrx_word' id='word_1_442' title='bbox 1295 4203 1591 4274; x_wconf 78' lang='grc' dir='ltr'>ἀσθενείᾳ’</span> <span class='ocrx_word' id='word_1_443' title='bbox 1625 4202 1828 4258; x_wconf 82' lang='grc' dir='ltr'>ὁπόταν</span> 
     </span>
    </p>
   </div>
   <div class='ocr_carea' id='block_1_62' title="bbox 242 4288 1827 4365">
    <p class='ocr_par' dir='ltr' id='par_1_62' title="bbox 242 4288 1827 4365">
     <span class='ocr_line' id='line_1_62' title="bbox 242 4288 1827 4365; baseline 0.001 -19"><span class='ocrx_word' id='word_1_444' title='bbox 242 4293 390 4364; x_wconf 79' lang='grc' dir='ltr'>μηδὲ</span> <span class='ocrx_word' id='word_1_445' title='bbox 417 4294 553 4363; x_wconf 82' lang='grc' dir='ltr'>πρὸς</span> <span class='ocrx_word' id='word_1_446' title='bbox 579 4293 737 4360; x_wconf 82' lang='grc' dir='ltr'>ἀξίαν</span> <span class='ocrx_word' id='word_1_447' title='bbox 758 4288 898 4356; x_wconf 74' lang='grc' dir='ltr'>εἶδός</span> <span class='ocrx_word' id='word_1_448' title='bbox 925 4310 979 4345; x_wconf 88' lang='grc' dir='ltr'><strong>τι</strong></span> <span class='ocrx_word' id='word_1_449' title='bbox 1019 4295 1224 4362; x_wconf 80' lang='grc' dir='ltr'>συνεπή</span> <span class='ocrx_word' id='word_1_450' title='bbox 1236 4310 1429 4363; x_wconf 89' lang='grc' dir='ltr'>ρτηται</span> <span class='ocrx_word' id='word_1_451' title='bbox 1448 4310 1461 4322; x_wconf 95' lang='grc'><strong>·</strong></span> <span class='ocrx_word' id='word_1_452' title='bbox 1514 4293 1652 4364; x_wconf 77' lang='grc' dir='ltr'>πρὸς</span> <span class='ocrx_word' id='word_1_453' title='bbox 1677 4293 1732 4347; x_wconf 81' lang='grc' dir='ltr'>δὲ</span> <span class='ocrx_word' id='word_1_454' title='bbox 1758 4296 1827 4365; x_wconf 79' lang='grc' dir='ltr'>τῇ</span> 
     </span>
    </p>
   </div>
   <div class='ocr_carea' id='block_1_63' title="bbox 241 4383 1832 4456">
    <p class='ocr_par' dir='ltr' id='par_1_63' title="bbox 241 4383 1832 4456">
     <span class='ocr_line' id='line_1_63' title="bbox 241 4383 1832 4456; baseline 0 -17"><span class='ocrx_word' id='word_1_455' title='bbox 241 4383 458 4439; x_wconf 77' lang='grc' dir='ltr'>ἄνωθεν</span> <span class='ocrx_word' id='word_1_456' title='bbox 483 4387 688 4455; x_wconf 85' lang='grc' dir='ltr'>χάριτι,</span> <span class='ocrx_word' id='word_1_457' title='bbox 719 4386 784 4455; x_wconf 82' lang='grc' dir='ltr'>τῇ</span> <span class='ocrx_word' id='word_1_458' title='bbox 817 4385 994 4439; x_wconf 80' lang='grc' dir='ltr'>πάντα</span> <span class='ocrx_word' id='word_1_459' title='bbox 1018 4384 1257 4455; x_wconf 82' lang='grc' dir='ltr'>νεμούσῃ</span> <span class='ocrx_word' id='word_1_460' title='bbox 1294 4384 1511 4456; x_wconf 74' lang='grc' dir='ltr'>ἑκάστῳ</span> <span class='ocrx_word' id='word_1_461' title='bbox 1546 4386 1617 4439; x_wconf 75' lang='grc' dir='ltr'>τὰ</span> <span class='ocrx_word' id='word_1_462' title='bbox 1668 4386 1832 4456; x_wconf 87' lang='grc' dir='ltr'>πρόσ-</span> 
     </span>
    </p>
   </div>
   <div class='ocr_carea' id='block_1_64' title="bbox 243 4474 1831 4550">
    <p class='ocr_par' dir='ltr' id='par_1_64' title="bbox 243 4474 1831 4550">
     <span class='ocr_line' id='line_1_64' title="bbox 243 4474 1831 4550; baseline -0.001 -18"><span class='ocrx_word' id='word_1_463' title='bbox 243 4495 415 4550; x_wconf 84' lang='grc' dir='ltr'>φορα,</span> <span class='ocrx_word' id='word_1_464' title='bbox 448 4498 467 4529; x_wconf 83' lang='grc' dir='ltr'><strong>ι</strong></span> <span class='ocrx_word' id='word_1_465' title='bbox 504 4478 637 4548; x_wconf 70' lang='grc' dir='ltr'>Παρ⁹</span> <span class='ocrx_word' id='word_1_466' title='bbox 663 4474 731 4548; x_wconf 79' lang='grc' dir='ltr'><strong>ἧς</strong></span> <span class='ocrx_word' id='word_1_467' title='bbox 751 4478 904 4530; x_wconf 78' lang='grc' dir='ltr'>πᾶσα</span> <span class='ocrx_word' id='word_1_468' title='bbox 932 4476 1076 4540; x_wconf 88' lang='grc' dir='ltr'>δόσις</span> <span class='ocrx_word' id='word_1_469' title='bbox 1110 4477 1314 4547; x_wconf 86' lang='grc' dir='ltr'>ἀγαθὴ,</span> <span class='ocrx_word' id='word_1_470' title='bbox 1340 4478 1435 4530; x_wconf 70' lang='grc' dir='ltr'><strong>καὶ¹</strong></span> <span class='ocrx_word' id='word_1_471' title='bbox 1467 4478 1578 4530; x_wconf 81' lang='grc' dir='ltr'><strong>πᾶν</strong></span> <span class='ocrx_word' id='word_1_472' title='bbox 1601 4477 1831 4548; x_wconf 86' lang='grc' dir='ltr'>δώρημα</span> 
     </span>
    </p>
   </div>
   <div class='ocr_carea' id='block_1_65' title="bbox 1920 1908 3507 1978">
    <p class='ocr_par' dir='ltr' id='par_1_65' title="bbox 1920 1908 3507 1978">
     <span class='ocr_line' id='line_1_65' title="bbox 1920 1908 3507 1978; baseline -0.003 -12"><span class='ocrx_word' id='word_1_473' title='bbox 1920 1925 2151 1966; x_wconf 90' lang='lat' dir='ltr'><strong>munere</strong></span> <span class='ocrx_word' id='word_1_474' title='bbox 2182 1910 2422 1965; x_wconf 89' lang='lat' dir='ltr'><strong>dicendo</strong></span> <span class='ocrx_word' id='word_1_475' title='bbox 2451 1910 2628 1964; x_wconf 91' lang='lat' dir='ltr'><strong>coluit</strong></span> <span class='ocrx_word' id='word_1_476' title='bbox 2668 1910 2953 1972; x_wconf 81' lang='lat' dir='ltr'><strong>virtutem,</strong></span> <span class='ocrx_word' id='word_1_477' title='bbox 2998 1908 3095 1963; x_wconf 89' lang='lat' dir='ltr'><strong>sed</strong></span> <span class='ocrx_word' id='word_1_478' title='bbox 3126 1908 3302 1978; x_wconf 72' lang='lat' dir='ltr'><strong>gessit</strong></span> <span class='ocrx_word' id='word_1_479' title='bbox 3331 1922 3507 1977; x_wconf 88' lang='lat' dir='ltr'><strong>opere</strong></span> 
     </span>
    </p>
   </div>
   <div class='ocr_carea' id='block_1_66' title="bbox 1916 1997 3501 2071">
    <p class='ocr_par' dir='ltr' id='par_1_66' title="bbox 1916 1997 3501 2071">
     <span class='ocr_line' id='line_1_66' title="bbox 1916 1997 3501 2071; baseline -0.003 -14"><span class='ocrx_word' id='word_1_480' title='bbox 1916 2012 1971 2057; x_wconf 88' lang='lat' dir='ltr'><strong>et</strong></span> <span class='ocrx_word' id='word_1_481' title='bbox 2004 2002 2247 2057; x_wconf 86' lang='lat' dir='ltr'><strong>actione.</strong></span> <span class='ocrx_word' id='word_1_482' title='bbox 2279 2000 2340 2056; x_wconf 84' lang='lat' dir='ltr'><strong>in</strong></span> <span class='ocrx_word' id='word_1_483' title='bbox 2372 2016 2439 2057; x_wconf 92' lang='lat' dir='ltr'><strong>eo</strong></span> <span class='ocrx_word' id='word_1_484' title='bbox 2470 2000 2770 2071; x_wconf 88' lang='lat' dir='ltr'><strong>siquidem,</strong></span> <span class='ocrx_word' id='word_1_485' title='bbox 2798 2000 2885 2055; x_wconf 88' lang='lat' dir='ltr'><strong>vel</strong></span> <span class='ocrx_word' id='word_1_486' title='bbox 2922 2015 2953 2054; x_wconf 90' lang='lat' dir='ltr'><strong>a</strong></span> <span class='ocrx_word' id='word_1_487' title='bbox 2984 2000 3191 2055; x_wconf 89' lang='lat' dir='ltr'><strong>teneris</strong></span> <span class='ocrx_word' id='word_1_488' title='bbox 3222 1997 3501 2066; x_wconf 74' lang='lat' dir='ltr'><strong>unguibus</strong></span> 
     </span>
    </p>
   </div>
   <div class='ocr_carea' id='block_1_67' title="bbox 1918 2089 3503 2161">
    <p class='ocr_par' dir='ltr' id='par_1_67' title="bbox 1918 2089 3503 2161">
     <span class='ocr_line' id='line_1_67' title="bbox 1918 2089 3503 2161; baseline -0.005 -14"><span class='ocrx_word' id='word_1_489' title='bbox 1918 2093 2162 2147; x_wconf 89' lang='lat' dir='ltr'><strong>studium</strong></span> <span class='ocrx_word' id='word_1_490' title='bbox 2220 2092 2425 2161; x_wconf 82' lang='lat' dir='ltr'><strong>posuit.</strong></span> <span class='ocrx_word' id='word_1_491' title='bbox 2480 2092 2661 2161; x_wconf 80' lang='lat' dir='ltr'><strong>Atque</strong></span> <span class='ocrx_word' id='word_1_492' title='bbox 2712 2090 2853 2145; x_wconf 85' lang='lat' dir='ltr'><strong>adeo</strong></span> <span class='ocrx_word' id='word_1_493' title='bbox 2894 2090 3031 2142; x_wconf 86' lang='lat' dir='ltr'><strong>nihil</strong></span> <span class='ocrx_word' id='word_1_494' title='bbox 3069 2089 3236 2143; x_wconf 84' lang='lat' dir='ltr'><strong>etiam</strong></span> <span class='ocrx_word' id='word_1_495' title='bbox 3288 2090 3503 2154; x_wconf 69' lang='lat' dir='ltr'><strong>imprae-</strong></span> 
     </span>
    </p>
   </div>
   <div class='ocr_carea' id='block_1_68' title="bbox 1918 2180 3502 2252">
    <p class='ocr_par' dir='ltr' id='par_1_68' title="bbox 1918 2180 3502 2252">
     <span class='ocr_line' id='line_1_68' title="bbox 1918 2180 3502 2252; baseline -0.003 -15"><span class='ocrx_word' id='word_1_496' title='bbox 1918 2185 2230 2238; x_wconf 87' lang='lat' dir='ltr'><strong>sentiarum</strong></span> <span class='ocrx_word' id='word_1_497' title='bbox 2270 2197 2558 2252; x_wconf 75' lang='lat' dir='ltr'><strong>magnum,</strong></span> <span class='ocrx_word' id='word_1_498' title='bbox 2585 2189 2646 2235; x_wconf 88' lang='lat' dir='ltr'><strong>ut</strong></span> <span class='ocrx_word' id='word_1_499' title='bbox 2688 2181 2816 2250; x_wconf 88' lang='lat' dir='ltr'><strong>ejus</strong></span> <span class='ocrx_word' id='word_1_500' title='bbox 2873 2181 3120 2235; x_wconf 84' lang='lat' dir='ltr'><strong>laudatio</strong></span> <span class='ocrx_word' id='word_1_501' title='bbox 3160 2180 3502 2248; x_wconf 83' lang='lat' dir='ltr'><strong>cogitatione</strong></span> 
     </span>
    </p>
   </div>
   <div class='ocr_carea' id='block_1_69' title="bbox 1915 2267 3503 2342">
    <p class='ocr_par' dir='ltr' id='par_1_69' title="bbox 1915 2267 3503 2342">
     <span class='ocr_line' id='line_1_69' title="bbox 1915 2267 3503 2342; baseline -0.003 -17"><span class='ocrx_word' id='word_1_502' title='bbox 1915 2272 2102 2342; x_wconf 74' lang='lat' dir='ltr'><strong>potius</strong></span> <span class='ocrx_word' id='word_1_503' title='bbox 2159 2285 2328 2341; x_wconf 90' lang='lat' dir='ltr'><strong>quam</strong></span> <span class='ocrx_word' id='word_1_504' title='bbox 2369 2270 2493 2325; x_wconf 75' lang='lat' dir='ltr'><strong>fusa</strong></span> <span class='ocrx_word' id='word_1_505' title='bbox 2540 2283 2607 2324; x_wconf 91' lang='lat' dir='ltr'><strong>ac</strong></span> <span class='ocrx_word' id='word_1_506' title='bbox 2662 2270 2998 2324; x_wconf 86' lang='lat' dir='ltr'><strong>decurrente</strong></span> <span class='ocrx_word' id='word_1_507' title='bbox 3044 2270 3299 2323; x_wconf 85' lang='lat' dir='ltr'><strong>oratione</strong></span> <span class='ocrx_word' id='word_1_508' title='bbox 3342 2267 3503 2322; x_wconf 87' lang='lat' dir='ltr'><strong>ador-</strong></span> 
     </span>
    </p>
   </div>
   <div class='ocr_carea' id='block_1_70' title="bbox 1914 2359 3501 2431">
    <p class='ocr_par' dir='ltr' id='par_1_70' title="bbox 1914 2359 3501 2431">
     <span class='ocr_line' id='line_1_70' title="bbox 1914 2359 3501 2431; baseline -0.005 -13"><span class='ocrx_word' id='word_1_509' title='bbox 1914 2372 2043 2419; x_wconf 83' lang='lat' dir='ltr'><strong>nata</strong></span> <span class='ocrx_word' id='word_1_510' title='bbox 2094 2364 2189 2418; x_wconf 88' lang='lat' dir='ltr'><strong>sit.</strong></span> <span class='ocrx_word' id='word_1_511' title='bbox 2248 2361 2472 2431; x_wconf 85' lang='lat' dir='ltr'><strong>Vosque</strong></span> <span class='ocrx_word' id='word_1_512' title='bbox 2505 2361 2757 2425; x_wconf 90' lang='lat' dir='ltr'><strong>omnino,</strong></span> <span class='ocrx_word' id='word_1_513' title='bbox 2800 2362 2965 2421; x_wconf 84' lang='lat' dir='ltr'><strong>amici</strong></span> <span class='ocrx_word' id='word_1_514' title='bbox 3008 2359 3349 2429; x_wconf 80' lang='lat' dir='ltr'><strong>fratresque,</strong></span> <span class='ocrx_word' id='word_1_515' title='bbox 3382 2368 3501 2413; x_wconf 86' lang='lat' dir='ltr'><strong>tum</strong></span> 
     </span>
    </p>
   </div>
   <div class='ocr_carea' id='block_1_71' title="bbox 1913 2451 3502 2525">
    <p class='ocr_par' dir='ltr' id='par_1_71' title="bbox 1913 2451 3502 2525">
     <span class='ocr_line' id='line_1_71' title="bbox 1913 2451 3502 2525; baseline -0.005 -15"><span class='ocrx_word' id='word_1_516' title='bbox 1913 2463 2193 2525; x_wconf 86' lang='lat' dir='ltr'><strong>quotquot</strong></span> <span class='ocrx_word' id='word_1_517' title='bbox 2223 2454 2580 2524; x_wconf 86' lang='lat' dir='ltr'><strong>perspicaces</strong></span> <span class='ocrx_word' id='word_1_518' title='bbox 2607 2453 2750 2513; x_wconf 70' lang='lat' dir='ltr'><strong>estis</strong></span> <span class='ocrx_word' id='word_1_519' title='bbox 2793 2453 2848 2506; x_wconf 92' lang='lat' dir='ltr'><strong>in</strong></span> <span class='ocrx_word' id='word_1_520' title='bbox 2881 2451 3151 2515; x_wconf 84' lang='lat' dir='ltr'><strong>oratoria,</strong></span> <span class='ocrx_word' id='word_1_521' title='bbox 3186 2459 3302 2504; x_wconf 91' lang='lat' dir='ltr'><strong>tum</strong></span> <span class='ocrx_word' id='word_1_522' title='bbox 3332 2460 3502 2520; x_wconf 90' lang='lat' dir='ltr'><strong>quot-</strong></span> 
     </span>
    </p>
   </div>
   <div class='ocr_carea' id='block_1_72' title="bbox 1912 2542 3496 2618">
    <p class='ocr_par' dir='ltr' id='par_1_72' title="bbox 1912 2542 3496 2618">
     <span class='ocr_line' id='line_1_72' title="bbox 1912 2542 3496 2618; baseline -0.006 -15"><span class='ocrx_word' id='word_1_523' title='bbox 1912 2558 2046 2618; x_wconf 84' lang='lat' dir='ltr'><strong>quot</strong></span> <span class='ocrx_word' id='word_1_524' title='bbox 2101 2548 2223 2617; x_wconf 91' lang='lat' dir='ltr'><strong>ejus</strong></span> <span class='ocrx_word' id='word_1_525' title='bbox 2272 2560 2375 2602; x_wconf 86' lang='lat' dir='ltr'><strong>vos</strong></span> <span class='ocrx_word' id='word_1_526' title='bbox 2422 2545 2654 2600; x_wconf 89' lang='lat' dir='ltr'><strong>omnino</strong></span> <span class='ocrx_word' id='word_1_527' title='bbox 2724 2544 2864 2600; x_wconf 82' lang='lat' dir='ltr'><strong>artis</strong></span> <span class='ocrx_word' id='word_1_528' title='bbox 2916 2542 3083 2597; x_wconf 87' lang='lat' dir='ltr'><strong>rudes</strong></span> <span class='ocrx_word' id='word_1_529' title='bbox 3138 2542 3496 2611; x_wconf 83' lang='lat' dir='ltr'><strong>protitemiui,</strong></span> 
     </span>
    </p>
   </div>
   <div class='ocr_carea' id='block_1_73' title="bbox 1919 2632 3497 2709">
    <p class='ocr_par' dir='ltr' id='par_1_73' title="bbox 1919 2632 3497 2709">
     <span class='ocr_line' id='line_1_73' title="bbox 1919 2632 3497 2709; baseline -0.004 -17"><span class='ocrx_word' id='word_1_530' title='bbox 1919 2638 2241 2709; x_wconf 78' lang='lat' dir='ltr'><strong>ignoscetis.</strong></span> <span class='ocrx_word' id='word_1_531' title='bbox 2294 2635 2459 2691; x_wconf 83' lang='lat' dir='ltr'><strong>Forte</strong></span> <span class='ocrx_word' id='word_1_532' title='bbox 2511 2636 2656 2690; x_wconf 90' lang='lat' dir='ltr'><strong>enim</strong></span> <span class='ocrx_word' id='word_1_533' title='bbox 2715 2648 2829 2689; x_wconf 85' lang='lat' dir='ltr'><strong>non</strong></span> <span class='ocrx_word' id='word_1_534' title='bbox 2857 2634 3085 2702; x_wconf 90' lang='lat' dir='ltr'><strong>respicit</strong></span> <span class='ocrx_word' id='word_1_535' title='bbox 3119 2632 3339 2687; x_wconf 89' lang='lat' dir='ltr'><strong>modum</strong></span> <span class='ocrx_word' id='word_1_536' title='bbox 3374 2647 3497 2687; x_wconf 89' lang='lat' dir='ltr'><strong>ora-</strong></span> 
     </span>
    </p>
   </div>
   <div class='ocr_carea' id='block_1_74' title="bbox 1920 2725 3498 2797">
    <p class='ocr_par' dir='ltr' id='par_1_74' title="bbox 1920 2725 3498 2797">
     <span class='ocr_line' id='line_1_74' title="bbox 1920 2725 3498 2797; baseline -0.006 -13"><span class='ocrx_word' id='word_1_537' title='bbox 1920 2731 2090 2787; x_wconf 89' lang='lat' dir='ltr'><strong>tionis</strong></span> <span class='ocrx_word' id='word_1_538' title='bbox 2124 2731 2461 2789; x_wconf 80' lang='lat' dir='ltr'><strong>laudationis</strong></span> <span class='ocrx_word' id='word_1_539' title='bbox 2510 2743 2709 2797; x_wconf 80' lang='lat' dir='ltr'><strong>genus,</strong></span> <span class='ocrx_word' id='word_1_540' title='bbox 2745 2727 2843 2784; x_wconf 88' lang='lat' dir='ltr'><strong>sed</strong></span> <span class='ocrx_word' id='word_1_541' title='bbox 2886 2736 2948 2780; x_wconf 92' lang='lat' dir='ltr'><strong>ut</strong></span> <span class='ocrx_word' id='word_1_542' title='bbox 2975 2727 3154 2782; x_wconf 86' lang='lat' dir='ltr'><strong>solum</strong></span> <span class='ocrx_word' id='word_1_543' title='bbox 3191 2725 3498 2786; x_wconf 84' lang='lat' dir='ltr'><strong>veritatem,</strong></span> 
     </span>
    </p>
   </div>
   <div class='ocr_carea' id='block_1_75' title="bbox 1920 2813 3497 2890">
    <p class='ocr_par' dir='ltr' id='par_1_75' title="bbox 1920 2813 3497 2890">
     <span class='ocr_line' id='line_1_75' title="bbox 1920 2813 3497 2890; baseline -0.006 -15"><span class='ocrx_word' id='word_1_544' title='bbox 1920 2829 2191 2890; x_wconf 82' lang='lat' dir='ltr'><strong>quantum</strong></span> <span class='ocrx_word' id='word_1_545' title='bbox 2240 2820 2358 2874; x_wconf 78' lang='lat' dir='ltr'><strong>ﬁeri</strong></span> <span class='ocrx_word' id='word_1_546' title='bbox 2408 2825 2610 2889; x_wconf 82' lang='lat' dir='ltr'><strong>potest,</strong></span> <span class='ocrx_word' id='word_1_547' title='bbox 2668 2825 2785 2870; x_wconf 89' lang='lat' dir='ltr'><strong>tum</strong></span> <span class='ocrx_word' id='word_1_548' title='bbox 2817 2832 2887 2871; x_wconf 84' lang='lat' dir='ltr'><strong>ex</strong></span> <span class='ocrx_word' id='word_1_549' title='bbox 2927 2817 2996 2870; x_wconf 85' lang='lat' dir='ltr'><strong>iis</strong></span> <span class='ocrx_word' id='word_1_550' title='bbox 3025 2813 3497 2886; x_wconf 64' lang='lat' dir='ltr'><strong>quae.conspicua</strong></span> 
     </span>
    </p>
   </div>
   <div class='ocr_carea' id='block_1_76' title="bbox 2201 2912 3503 2988">
    <p class='ocr_par' dir='ltr' id='par_1_76' title="bbox 2201 2912 3503 2988">
     <span class='ocr_line' id='line_1_76' title="bbox 2201 2912 3503 2988; baseline -0.008 -15"><span class='ocrx_word' id='word_1_551' title='bbox 2201 2933 2267 2973; x_wconf 85' lang='lat' dir='ltr'><strong>ac</strong></span> <span class='ocrx_word' id='word_1_552' title='bbox 2318 2917 2517 2988; x_wconf 85' lang='lat' dir='ltr'><strong>partim</strong></span> <span class='ocrx_word' id='word_1_553' title='bbox 2551 2916 2607 2970; x_wconf 92' lang='lat' dir='ltr'><strong>in</strong></span> <span class='ocrx_word' id='word_1_554' title='bbox 2639 2914 2944 2982; x_wconf 86' lang='lat' dir='ltr'><strong>miraculis,</strong></span> <span class='ocrx_word' id='word_1_555' title='bbox 2981 2915 3181 2984; x_wconf 85' lang='lat' dir='ltr'><strong>partim</strong></span> <span class='ocrx_word' id='word_1_556' title='bbox 3260 2912 3317 2965; x_wconf 86' lang='lat' dir='ltr'><strong>in</strong></span> <span class='ocrx_word' id='word_1_557' title='bbox 3379 2925 3503 2963; x_wconf 82' lang='lat' dir='ltr'><strong>nar-</strong></span> 
     </span>
    </p>
   </div>
   <div class='ocr_carea' id='block_1_77' title="bbox 1991 3092 3503 3171">
    <p class='ocr_par' dir='ltr' id='par_1_77' title="bbox 1991 3092 3503 3171">
     <span class='ocr_line' id='line_1_77' title="bbox 1991 3092 3503 3171; baseline -0.007 -16"><span class='ocrx_word' id='word_1_558' title='bbox 1991 3102 2124 3171; x_wconf 81' lang='lat' dir='ltr'><strong>Ejus</strong></span> <span class='ocrx_word' id='word_1_559' title='bbox 2160 3100 2350 3170; x_wconf 86' lang='lat' dir='ltr'><strong>itaque</strong></span> <span class='ocrx_word' id='word_1_560' title='bbox 2386 3095 2779 3167; x_wconf 84' lang='lat' dir='ltr'><strong>adjuvantibus</strong></span> <span class='ocrx_word' id='word_1_561' title='bbox 2802 3093 3085 3166; x_wconf 86' lang='lat' dir='ltr'><strong>precibus,</strong></span> <span class='ocrx_word' id='word_1_562' title='bbox 3123 3092 3503 3159; x_wconf 84' lang='lat' dir='ltr'><strong>Sermoueque</strong></span> 
     </span>
    </p>
   </div>
   <div class='ocr_carea' id='block_1_78' title="bbox 1923 3184 3499 3260">
    <p class='ocr_par' dir='ltr' id='par_1_78' title="bbox 1923 3184 3499 3260">
     <span class='ocr_line' id='line_1_78' title="bbox 1923 3184 3499 3260; baseline -0.008 -10"><span class='ocrx_word' id='word_1_563' title='bbox 1923 3196 2018 3250; x_wconf 87' lang='lat' dir='ltr'><strong>illo</strong></span> <span class='ocrx_word' id='word_1_564' title='bbox 2045 3192 2431 3254; x_wconf 82' lang='lat' dir='ltr'><strong>contirmante,</strong></span> <span class='ocrx_word' id='word_1_565' title='bbox 2457 3189 2553 3260; x_wconf 90' lang='lat' dir='ltr'><strong>qui</strong></span> <span class='ocrx_word' id='word_1_566' title='bbox 2583 3205 2712 3245; x_wconf 82' lang='lat' dir='ltr'><strong>vere</strong></span> <span class='ocrx_word' id='word_1_567' title='bbox 2748 3205 2843 3259; x_wconf 91' lang='lat' dir='ltr'><strong>per</strong></span> <span class='ocrx_word' id='word_1_568' title='bbox 2868 3186 3169 3242; x_wconf 88' lang='lat' dir='ltr'><strong>essentiam</strong></span> <span class='ocrx_word' id='word_1_569' title='bbox 3195 3184 3499 3245; x_wconf 80' lang='lat' dir='ltr'><strong>exsistens,</strong></span> 
     </span>
    </p>
   </div>
   <div class='ocr_carea' id='block_1_79' title="bbox 1920 3273 3503 3357">
    <p class='ocr_par' dir='ltr' id='par_1_79' title="bbox 1920 3273 3503 3357">
     <span class='ocr_line' id='line_1_79' title="bbox 1920 3273 3503 3357; baseline -0.011 -14"><span class='ocrx_word' id='word_1_570' title='bbox 1920 3301 2091 3357; x_wconf 86' lang='lat' dir='ltr'><strong>supra</strong></span> <span class='ocrx_word' id='word_1_571' title='bbox 2129 3297 2385 3340; x_wconf 82' lang='lat' dir='ltr'><strong>naturam</strong></span> <span class='ocrx_word' id='word_1_572' title='bbox 2427 3297 2647 3337; x_wconf 85' lang='lat' dir='ltr'><strong>omnem</strong></span> <span class='ocrx_word' id='word_1_573' title='bbox 2686 3280 3112 3347; x_wconf 82' lang='lat' dir='ltr'><strong>scientiamque,</strong></span> <span class='ocrx_word' id='word_1_574' title='bbox 3155 3274 3359 3331; x_wconf 83' lang='lat' dir='ltr'><strong>eximie</strong></span> <span class='ocrx_word' id='word_1_575' title='bbox 3398 3273 3503 3328; x_wconf 84' lang='lat' dir='ltr'><strong>Pa-</strong></span> 
     </span>
    </p>
   </div>
   <div class='ocr_carea' id='block_1_80' title="bbox 1920 3365 3501 3445">
    <p class='ocr_par' dir='ltr' id='par_1_80' title="bbox 1920 3365 3501 3445">
     <span class='ocr_line' id='line_1_80' title="bbox 1920 3365 3501 3445; baseline -0.01 -13"><span class='ocrx_word' id='word_1_576' title='bbox 1920 3380 1993 3432; x_wconf 89' lang='lat' dir='ltr'><strong>tri</strong></span> <span class='ocrx_word' id='word_1_577' title='bbox 2034 3391 2100 3431; x_wconf 86' lang='lat' dir='ltr'><strong>ac</strong></span> <span class='ocrx_word' id='word_1_578' title='bbox 2153 3373 2388 3445; x_wconf 83' lang='lat' dir='ltr'><strong>Spiritui</strong></span> <span class='ocrx_word' id='word_1_579' title='bbox 2454 3376 2651 3427; x_wconf 87' lang='lat' dir='ltr'><strong>sancto</strong></span> <span class='ocrx_word' id='word_1_580' title='bbox 2708 3369 2900 3423; x_wconf 84' lang='lat' dir='ltr'><strong>unitus</strong></span> <span class='ocrx_word' id='word_1_581' title='bbox 2950 3376 3056 3432; x_wconf 84' lang='lat' dir='ltr'><strong>est,</strong></span> <span class='ocrx_word' id='word_1_582' title='bbox 3126 3365 3501 3421; x_wconf 81' lang='lat' dir='ltr'><strong>laudationem</strong></span> 
     </span>
    </p>
   </div>
   <div class='ocr_carea' id='block_1_81' title="bbox 1920 3457 3502 3540">
    <p class='ocr_par' dir='ltr' id='par_1_81' title="bbox 1920 3457 3502 3540">
     <span class='ocr_line' id='line_1_81' title="bbox 1920 3457 3502 3540; baseline -0.008 -16"><span class='ocrx_word' id='word_1_583' title='bbox 1920 3469 2248 3540; x_wconf 80' lang='lat' dir='ltr'><strong>aggrediar;</strong></span> <span class='ocrx_word' id='word_1_584' title='bbox 2282 3466 2543 3520; x_wconf 88' lang='lat' dir='ltr'><strong>nimirum</strong></span> <span class='ocrx_word' id='word_1_585' title='bbox 2591 3463 2879 3517; x_wconf 81' lang='lat' dir='ltr'><strong>succincte</strong></span> <span class='ocrx_word' id='word_1_586' title='bbox 2908 3473 3169 3515; x_wconf 88' lang='lat' dir='ltr'><strong>sermone</strong></span> <span class='ocrx_word' id='word_1_587' title='bbox 3212 3473 3276 3511; x_wconf 86' lang='lat' dir='ltr'><strong>ac</strong></span> <span class='ocrx_word' id='word_1_588' title='bbox 3309 3457 3502 3528; x_wconf 89' lang='lat' dir='ltr'><strong>paucis</strong></span> 
     </span>
    </p>
   </div>
   <div class='ocr_carea' id='block_1_82' title="bbox 1918 3550 3502 3633">
    <p class='ocr_par' dir='ltr' id='par_1_82' title="bbox 1918 3550 3502 3633">
     <span class='ocr_line' id='line_1_82' title="bbox 1918 3550 3502 3633; baseline -0.011 -14"><span class='ocrx_word' id='word_1_589' title='bbox 1918 3563 2245 3633; x_wconf 83' lang='lat' dir='ltr'><strong>complexus</strong></span> <span class='ocrx_word' id='word_1_590' title='bbox 2270 3566 2389 3613; x_wconf 88' lang='lat' dir='ltr'><strong>tum</strong></span> <span class='ocrx_word' id='word_1_591' title='bbox 2434 3554 2697 3612; x_wconf 88' lang='lat' dir='ltr'><strong>nonnulla</strong></span> <span class='ocrx_word' id='word_1_592' title='bbox 2738 3567 2862 3622; x_wconf 70' lang='lat' dir='ltr'><strong>qua:</strong></span> <span class='ocrx_word' id='word_1_593' title='bbox 2906 3558 3163 3621; x_wconf 87' lang='lat' dir='ltr'><strong>spectant</strong></span> <span class='ocrx_word' id='word_1_594' title='bbox 3193 3550 3261 3603; x_wconf 87' lang='lat' dir='ltr'><strong>ad</strong></span> <span class='ocrx_word' id='word_1_595' title='bbox 3312 3550 3502 3603; x_wconf 83' lang='lat' dir='ltr'><strong>carnis</strong></span> 
     </span>
    </p>
   </div>
   <div class='ocr_carea' id='block_1_83' title="bbox 1920 3642 3501 3721">
    <p class='ocr_par' dir='ltr' id='par_1_83' title="bbox 1920 3642 3501 3721">
     <span class='ocr_line' id='line_1_83' title="bbox 1920 3642 3501 3721; baseline -0.009 -11"><span class='ocrx_word' id='word_1_596' title='bbox 1920 3654 2199 3717; x_wconf 80' lang='lat' dir='ltr'><strong>exercitia,</strong></span> <span class='ocrx_word' id='word_1_597' title='bbox 2264 3660 2384 3706; x_wconf 85' lang='lat' dir='ltr'><strong>tum</strong></span> <span class='ocrx_word' id='word_1_598' title='bbox 2420 3664 2542 3721; x_wconf 70' lang='lat' dir='ltr'><strong>qua:</strong></span> <span class='ocrx_word' id='word_1_599' title='bbox 2571 3648 2640 3701; x_wconf 86' lang='lat' dir='ltr'><strong>ad</strong></span> <span class='ocrx_word' id='word_1_600' title='bbox 2668 3645 2962 3702; x_wconf 88' lang='lat' dir='ltr'><strong>scientiam</strong></span> <span class='ocrx_word' id='word_1_601' title='bbox 2997 3653 3052 3698; x_wconf 90' lang='lat' dir='ltr'><strong>et</strong></span> <span class='ocrx_word' id='word_1_602' title='bbox 3078 3642 3501 3712; x_wconf 79' lang='lat' dir='ltr'><strong>contemplatio-</strong></span> 
     </span>
    </p>
   </div>
   <div class='ocr_carea' id='block_1_84' title="bbox 1920 3736 3503 3816">
    <p class='ocr_par' dir='ltr' id='par_1_84' title="bbox 1920 3736 3503 3816">
     <span class='ocr_line' id='line_1_84' title="bbox 1920 3736 3503 3816; baseline -0.009 -13"><span class='ocrx_word' id='word_1_603' title='bbox 1920 3762 2048 3803; x_wconf 86' lang='lat' dir='ltr'><strong>nem</strong></span> <span class='ocrx_word' id='word_1_604' title='bbox 2096 3746 2391 3816; x_wconf 84' lang='lat' dir='ltr'><strong>pertinent.</strong></span> <span class='ocrx_word' id='word_1_605' title='bbox 2448 3741 2555 3796; x_wconf 86' lang='lat' dir='ltr'><strong>Sed</strong></span> <span class='ocrx_word' id='word_1_606' title='bbox 2594 3748 2649 3796; x_wconf 90' lang='lat' dir='ltr'><strong>et</strong></span> <span class='ocrx_word' id='word_1_607' title='bbox 2691 3754 2793 3793; x_wconf 87' lang='lat' dir='ltr'><strong>vos</strong></span> <span class='ocrx_word' id='word_1_608' title='bbox 2828 3740 3036 3793; x_wconf 90' lang='lat' dir='ltr'><strong>vestris</strong></span> <span class='ocrx_word' id='word_1_609' title='bbox 3078 3736 3341 3807; x_wconf 78' lang='lat' dir='ltr'><strong>precibus</strong></span> <span class='ocrx_word' id='word_1_610' title='bbox 3382 3736 3503 3804; x_wconf 88' lang='lat' dir='ltr'><strong>pari</strong></span> 
     </span>
    </p>
   </div>
   <div class='ocr_carea' id='block_1_85' title="bbox 1921 3825 3503 3895">
    <p class='ocr_par' dir='ltr' id='par_1_85' title="bbox 1921 3825 3503 3895">
     <span class='ocr_line' id='line_1_85' title="bbox 1921 3825 3503 3895; baseline -0.011 -1"><span class='ocrx_word' id='word_1_611' title='bbox 1921 3852 2136 3895; x_wconf 88' lang='lat' dir='ltr'><strong>mecum</strong></span> <span class='ocrx_word' id='word_1_612' title='bbox 2165 3835 2515 3890; x_wconf 62' lang='lat' dir='ltr'><strong>aemulatione</strong></span> <span class='ocrx_word' id='word_1_613' title='bbox 2559 3830 2904 3893; x_wconf 87' lang='lat' dir='ltr'><strong>contendite,</strong></span> <span class='ocrx_word' id='word_1_614' title='bbox 2943 3836 3005 3882; x_wconf 90' lang='lat' dir='ltr'><strong>ut</strong></span> <span class='ocrx_word' id='word_1_615' title='bbox 3054 3828 3190 3881; x_wconf 88' lang='lat' dir='ltr'><strong>mihi</strong></span> <span class='ocrx_word' id='word_1_616' title='bbox 3242 3826 3391 3879; x_wconf 86' lang='lat' dir='ltr'><strong>Deus</strong></span> <span class='ocrx_word' id='word_1_617' title='bbox 3429 3825 3503 3879; x_wconf 88' lang='lat' dir='ltr'><strong>sit</strong></span> 
     </span>
    </p>
   </div>
   <div class='ocr_carea' id='block_1_86' title="bbox 1922 3918 3495 4000">
    <p class='ocr_par' dir='ltr' id='par_1_86' title="bbox 1922 3918 3495 4000">
     <span class='ocr_line' id='line_1_86' title="bbox 1922 3918 3495 4000; baseline -0.013 -15"><span class='ocrx_word' id='word_1_618' title='bbox 1922 3929 2221 4000; x_wconf 85' lang='lat' dir='ltr'><strong>prepitius,</strong></span> <span class='ocrx_word' id='word_1_619' title='bbox 2244 3924 2598 3979; x_wconf 67' lang='lat' dir='ltr'><strong>«Sermonem</strong></span> <span class='ocrx_word' id='word_1_620' title='bbox 2624 3929 2876 3991; x_wconf 87' lang='lat' dir='ltr'><strong>petentes</strong></span> <span class='ocrx_word' id='word_1_621' title='bbox 2897 3921 2954 3974; x_wconf 89' lang='lat' dir='ltr'><strong>in</strong></span> <span class='ocrx_word' id='word_1_622' title='bbox 2984 3920 3268 3989; x_wconf 85' lang='lat' dir='ltr'><strong>apertioue</strong></span> <span class='ocrx_word' id='word_1_623' title='bbox 3283 3918 3495 3979; x_wconf 69' lang='lat' dir='ltr'><strong>orisi‘,i</strong></span> 
     </span>
    </p>
   </div>
   <div class='ocr_carea' id='block_1_87' title="bbox 1924 4011 3503 4087">
    <p class='ocr_par' dir='ltr' id='par_1_87' title="bbox 1924 4011 3503 4087">
     <span class='ocr_line' id='line_1_87' title="bbox 1924 4011 3503 4087; baseline -0.012 -10"><span class='ocrx_word' id='word_1_624' title='bbox 1924 4030 1987 4077; x_wconf 88' lang='lat' dir='ltr'><strong>ut</strong></span> <span class='ocrx_word' id='word_1_625' title='bbox 2013 4034 2082 4076; x_wconf 84' lang='lat' dir='ltr'><strong>ne</strong></span> <span class='ocrx_word' id='word_1_626' title='bbox 2108 4020 2162 4074; x_wconf 90' lang='lat' dir='ltr'><strong>in</strong></span> <span class='ocrx_word' id='word_1_627' title='bbox 2188 4017 2463 4087; x_wconf 75' lang='lat' dir='ltr'><strong>judicium</strong></span> <span class='ocrx_word' id='word_1_628' title='bbox 2485 4029 2674 4078; x_wconf 88' lang='lat' dir='ltr'><strong>vocer,</strong></span> <span class='ocrx_word' id='word_1_629' title='bbox 2704 4011 2855 4083; x_wconf 87' lang='lat' dir='ltr'><strong>quod</strong></span> <span class='ocrx_word' id='word_1_630' title='bbox 2886 4026 2974 4065; x_wconf 89' lang='lat' dir='ltr'><strong>me</strong></span> <span class='ocrx_word' id='word_1_631' title='bbox 2996 4011 3206 4079; x_wconf 80' lang='lat' dir='ltr'><strong>majora</strong></span> <span class='ocrx_word' id='word_1_632' title='bbox 3233 4021 3503 4077; x_wconf 83' lang='lat' dir='ltr'><strong>praesum-</strong></span> 
     </span>
    </p>
   </div>
   <div class='ocr_carea' id='block_1_88' title="bbox 1926 4100 3506 4185">
    <p class='ocr_par' dir='ltr' id='par_1_88' title="bbox 1926 4100 3506 4185">
     <span class='ocr_line' id='line_1_88' title="bbox 1926 4100 3506 4185; baseline -0.015 -14"><span class='ocrx_word' id='word_1_633' title='bbox 1926 4113 2157 4185; x_wconf 82' lang='lat' dir='ltr'><strong>pserim,</strong></span> <span class='ocrx_word' id='word_1_634' title='bbox 2190 4109 2438 4177; x_wconf 82' lang='lat' dir='ltr'><strong>nihilque</strong></span> <span class='ocrx_word' id='word_1_635' title='bbox 2472 4105 2621 4176; x_wconf 89' lang='lat' dir='ltr'><strong>quod</strong></span> <span class='ocrx_word' id='word_1_636' title='bbox 2669 4102 2970 4164; x_wconf 89' lang='lat' dir='ltr'><strong>conducat,</strong></span> <span class='ocrx_word' id='word_1_637' title='bbox 3012 4100 3339 4167; x_wconf 76' lang='lat' dir='ltr'><strong>exornativo</strong></span> <span class='ocrx_word' id='word_1_638' title='bbox 3385 4110 3506 4153; x_wconf 90' lang='lat' dir='ltr'><strong>ser-</strong></span> 
     </span>
    </p>
   </div>
   <div class='ocr_carea' id='block_1_89' title="bbox 1928 4191 3504 4264">
    <p class='ocr_par' dir='ltr' id='par_1_89' title="bbox 1928 4191 3504 4264">
     <span class='ocr_line' id='line_1_89' title="bbox 1928 4191 3504 4264; baseline -0.012 -3"><span class='ocrx_word' id='word_1_639' title='bbox 1928 4205 2079 4261; x_wconf 90' lang='lat' dir='ltr'><strong>moni</strong></span> <span class='ocrx_word' id='word_1_640' title='bbox 2107 4201 2404 4257; x_wconf 89' lang='lat' dir='ltr'><strong>intulerim.</strong></span> <span class='ocrx_word' id='word_1_641' title='bbox 2441 4202 2507 4255; x_wconf 84' lang='lat' dir='ltr'><strong>Et</strong></span> <span class='ocrx_word' id='word_1_642' title='bbox 2538 4214 2691 4263; x_wconf 89' lang='lat' dir='ltr'><strong>vero,</strong></span> <span class='ocrx_word' id='word_1_643' title='bbox 2727 4196 2875 4251; x_wconf 85' lang='lat' dir='ltr'><strong>haud</strong></span> <span class='ocrx_word' id='word_1_644' title='bbox 2913 4209 3080 4264; x_wconf 85' lang='lat' dir='ltr'><strong>penes</strong></span> <span class='ocrx_word' id='word_1_645' title='bbox 3122 4206 3300 4247; x_wconf 86' lang='lat' dir='ltr'><strong>meam</strong></span> <span class='ocrx_word' id='word_1_646' title='bbox 3328 4191 3504 4245; x_wconf 86' lang='lat' dir='ltr'><strong>imbe-</strong></span> 
     </span>
    </p>
   </div>
   <div class='ocr_carea' id='block_1_90' title="bbox 1929 4284 3509 4358">
    <p class='ocr_par' dir='ltr' id='par_1_90' title="bbox 1929 4284 3509 4358">
     <span class='ocr_line' id='line_1_90' title="bbox 1929 4284 3509 4358; baseline -0.011 -5"><span class='ocrx_word' id='word_1_647' title='bbox 1929 4296 2213 4353; x_wconf 88' lang='lat' dir='ltr'><strong>cillitatem</strong></span> <span class='ocrx_word' id='word_1_648' title='bbox 2270 4292 2438 4347; x_wconf 83' lang='lat' dir='ltr'><strong>fuerit</strong></span> <span class='ocrx_word' id='word_1_649' title='bbox 2494 4300 2553 4345; x_wconf 93' lang='lat' dir='ltr'><strong>ut</strong></span> <span class='ocrx_word' id='word_1_650' title='bbox 2608 4290 2776 4358; x_wconf 78' lang='lat' dir='ltr'><strong>digne</strong></span> <span class='ocrx_word' id='word_1_651' title='bbox 2824 4300 3129 4347; x_wconf 81' lang='lat' dir='ltr'><strong>exornem,</strong></span> <span class='ocrx_word' id='word_1_652' title='bbox 3179 4284 3273 4353; x_wconf 90' lang='lat' dir='ltr'><strong>qui</strong></span> <span class='ocrx_word' id='word_1_653' title='bbox 3330 4296 3509 4349; x_wconf 86' lang='lat' dir='ltr'><strong>neque</strong></span> 
     </span>
    </p>
   </div>
   <div class='ocr_carea' id='block_1_91' title="bbox 1931 4372 3512 4457">
    <p class='ocr_par' dir='ltr' id='par_1_91' title="bbox 1931 4372 3512 4457">
     <span class='ocr_line' id='line_1_91' title="bbox 1931 4372 3512 4457; baseline -0.013 -14"><span class='ocrx_word' id='word_1_654' title='bbox 1931 4387 2138 4457; x_wconf 87' lang='lat' dir='ltr'><strong>aliquid</strong></span> <span class='ocrx_word' id='word_1_655' title='bbox 2177 4400 2277 4456; x_wconf 90' lang='lat' dir='ltr'><strong>pro</strong></span> <span class='ocrx_word' id='word_1_656' title='bbox 2315 4384 2587 4454; x_wconf 79' lang='lat' dir='ltr'><strong>dignitate</strong></span> <span class='ocrx_word' id='word_1_657' title='bbox 2627 4378 2819 4449; x_wconf 88' lang='lat' dir='ltr'><strong>eloqui</strong></span> <span class='ocrx_word' id='word_1_658' title='bbox 2862 4375 3156 4434; x_wconf 72' lang='lat' dir='ltr'><strong>sufficiam,</strong></span> <span class='ocrx_word' id='word_1_659' title='bbox 3191 4372 3287 4428; x_wconf 87' lang='lat' dir='ltr'><strong>sed</strong></span> <span class='ocrx_word' id='word_1_660' title='bbox 3319 4386 3512 4439; x_wconf 78' lang='lat' dir='ltr'><strong>exspe-</strong></span> 
     </span>
    </p>
   </div>
   <div class='ocr_carea' id='block_1_92' title="bbox 1933 4463 3512 4545">
    <p class='ocr_par' dir='ltr' id='par_1_92' title="bbox 1933 4463 3512 4545">
     <span class='ocr_line' id='line_1_92' title="bbox 1933 4463 3512 4545; baseline -0.013 -11"><span class='ocrx_word' id='word_1_661' title='bbox 1933 4478 2196 4534; x_wconf 88' lang='lat' dir='ltr'><strong>ctandum</strong></span> <span class='ocrx_word' id='word_1_662' title='bbox 2243 4492 2273 4530; x_wconf 92' lang='lat' dir='ltr'><strong>a</strong></span> <span class='ocrx_word' id='word_1_663' title='bbox 2309 4489 2551 4545; x_wconf 61' lang='lat' dir='ltr'><strong>superna</strong></span> <span class='ocrx_word' id='word_1_664' title='bbox 2595 4471 2796 4542; x_wconf 70' lang='lat' dir='ltr'><strong>gratia,</strong></span> <span class='ocrx_word' id='word_1_665' title='bbox 2839 4468 3211 4523; x_wconf 90' lang='lat' dir='ltr'><strong>distribuente</strong></span> <span class='ocrx_word' id='word_1_666' title='bbox 3254 4463 3512 4518; x_wconf 87' lang='lat' dir='ltr'><strong>omnibus</strong></span> 
     </span>
    </p>
   </div>
   <div class='ocr_carea' id='block_1_93' title="bbox 242 4552 1818 4647">
    <p class='ocr_par' dir='ltr' id='par_1_93' title="bbox 242 4568 1818 4640">
     <span class='ocr_line' id='line_1_93' title="bbox 242 4568 1818 4640; baseline -0.002 -15"><span class='ocrx_word' id='word_1_667' title='bbox 242 4572 457 4625; x_wconf 81' lang='grc' dir='ltr'>τέλειον</span> <span class='ocrx_word' id='word_1_668' title='bbox 482 4570 688 4624; x_wconf 82' lang='grc' dir='ltr'>ἄνωθέν</span> <span class='ocrx_word' id='word_1_669' title='bbox 739 4571 858 4623; x_wconf 75' lang='grc' dir='ltr'>ἐστι</span> <span class='ocrx_word' id='word_1_670' title='bbox 904 4569 1236 4623; x_wconf 80' lang='grc' dir='ltr'>καταϐαῖνον</span> <span class='ocrx_word' id='word_1_671' title='bbox 1274 4568 1429 4640; x_wconf 85' lang='grc' dir='ltr'>παρὰ</span> <span class='ocrx_word' id='word_1_672' title='bbox 1475 4568 1570 4622; x_wconf 83' lang='grc' dir='ltr'>τοῦ</span> <span class='ocrx_word' id='word_1_673' title='bbox 1615 4571 1818 4638; x_wconf 77' lang='grc' dir='ltr'>Πατρδς</span> 
     </span>
    </p>
   </div>
   <div class='ocr_carea' id='block_1_94' title="bbox 1923 4552 3511 4647">
    <p class='ocr_par' dir='ltr' id='par_1_94' title="bbox 1933 4552 3511 4641">
     <span class='ocr_line' id='line_1_94' title="bbox 1933 4552 3511 4641; baseline -0.014 -15"><span class='ocrx_word' id='word_1_674' title='bbox 1933 4569 2079 4641; x_wconf 86' lang='lat' dir='ltr'><strong>quod</strong></span> <span class='ocrx_word' id='word_1_675' title='bbox 2109 4568 2310 4637; x_wconf 90' lang='lat' dir='ltr'><strong>cuique</strong></span> <span class='ocrx_word' id='word_1_676' title='bbox 2330 4579 2638 4636; x_wconf 78' lang='lat' dir='ltr'><strong>congruum</strong></span> <span class='ocrx_word' id='word_1_677' title='bbox 2676 4565 2746 4619; x_wconf 88' lang='lat' dir='ltr'><strong>sit</strong></span> <span class='ocrx_word' id='word_1_678' title='bbox 2777 4580 2790 4616; x_wconf 92' lang='lat'>:</span> <span class='ocrx_word' id='word_1_679' title='bbox 2822 4580 2842 4613; x_wconf 75' lang='grc' dir='ltr'><strong>ι</strong></span> <span class='ocrx_word' id='word_1_680' title='bbox 2886 4563 2932 4613; x_wconf 77' lang='grc' dir='ltr'><strong>Α</strong></span> <span class='ocrx_word' id='word_1_681' title='bbox 2965 4574 3076 4628; x_wconf 90' lang='lat' dir='ltr'><strong>qua</strong></span> <span class='ocrx_word' id='word_1_682' title='bbox 3112 4564 3197 4611; x_wconf 88' lang='lat' dir='ltr'><strong>est</strong></span> <span class='ocrx_word' id='word_1_683' title='bbox 3221 4569 3385 4609; x_wconf 84' lang='lat' dir='ltr'><strong>omne</strong></span> <span class='ocrx_word' id='word_1_684' title='bbox 3412 4552 3511 4606; x_wconf 89' lang='lat' dir='ltr'><strong>da-</strong></span> 
     </span>
    </p>
   </div>
   <div class='ocr_carea' id='block_1_95' title="bbox 240 4644 1818 4730">
    <p class='ocr_par' dir='ltr' id='par_1_95' title="bbox 240 4658 1818 4730">
     <span class='ocr_line' id='line_1_95' title="bbox 240 4658 1818 4730; baseline -0.001 -16"><span class='ocrx_word' id='word_1_685' title='bbox 240 4662 362 4714; x_wconf 82' lang='grc' dir='ltr'><strong>τῶν</strong></span> <span class='ocrx_word' id='word_1_686' title='bbox 400 4659 615 4730; x_wconf 83' lang='grc' dir='ltr'>φώτων,</span> <span class='ocrx_word' id='word_1_687' title='bbox 666 4680 685 4712; x_wconf 76' lang='grc' dir='ltr'><strong>ι</strong></span> <span class='ocrx_word' id='word_1_688' title='bbox 715 4662 909 4724; x_wconf 77' lang='grc' dir='ltr'>ἐντοῖς</span> <span class='ocrx_word' id='word_1_689' title='bbox 960 4661 1133 4726; x_wconf 76' lang='grc' dir='ltr'>ἀξίοις</span> <span class='ocrx_word' id='word_1_690' title='bbox 1176 4660 1272 4713; x_wconf 85' lang='grc' dir='ltr'><strong>τοῦ</strong></span> <span class='ocrx_word' id='word_1_691' title='bbox 1331 4659 1671 4730; x_wconf 85' lang='grc' dir='ltr'>Πνεύματος.</span> <span class='ocrx_word' id='word_1_692' title='bbox 1716 4658 1818 4712; x_wconf 85' lang='grc' dir='ltr'>Ἐπ</span> 
     </span>
    </p>
   </div>
   <div class='ocr_carea' id='block_1_96' title="bbox 1923 4644 3514 4730">
    <p class='ocr_par' dir='ltr' id='par_1_96' title="bbox 1933 4644 3514 4729">
     <span class='ocr_line' id='line_1_96' title="bbox 1933 4644 3514 4729; baseline -0.013 -13"><span class='ocrx_word' id='word_1_693' title='bbox 1933 4672 2050 4716; x_wconf 89' lang='lat' dir='ltr'><strong>tum</strong></span> <span class='ocrx_word' id='word_1_694' title='bbox 2101 4644 2394 4729; x_wconf 86' lang='lat' dir='ltr'><strong>optimum,</strong></span> <span class='ocrx_word' id='word_1_695' title='bbox 2430 4666 2484 4710; x_wconf 89' lang='lat' dir='ltr'><strong>et</strong></span> <span class='ocrx_word' id='word_1_696' title='bbox 2521 4658 2725 4708; x_wconf 86' lang='lat' dir='ltr'><strong>donum</strong></span> <span class='ocrx_word' id='word_1_697' title='bbox 2756 4650 3063 4723; x_wconf 78' lang='lat' dir='ltr'><strong>perfectum</strong></span> <span class='ocrx_word' id='word_1_698' title='bbox 3099 4644 3441 4702; x_wconf 84' lang='lat' dir='ltr'><strong>descendens</strong></span> <span class='ocrx_word' id='word_1_699' title='bbox 3481 4657 3514 4696; x_wconf 85' lang='lat' dir='ltr'><strong>a</strong></span> 
     </span>
    </p>
   </div>
   <div class='ocr_carea' id='block_1_97' title="bbox 244 4737 1818 4825">
    <p class='ocr_par' dir='ltr' id='par_1_97' title="bbox 244 4752 1818 4825">
     <span class='ocr_line' id='line_1_97' title="bbox 244 4752 1818 4825; baseline -0.004 -18"><span class='ocrx_word' id='word_1_700' title='bbox 244 4752 427 4825; x_wconf 79' lang='grc' dir='ltr'>αὐτὴν</span> <span class='ocrx_word' id='word_1_701' title='bbox 476 4753 626 4821; x_wconf 87' lang='grc' dir='ltr'>γοῦν,</span> <span class='ocrx_word' id='word_1_702' title='bbox 651 4754 726 4815; x_wconf 86' lang='grc' dir='ltr'>ὡς</span> <span class='ocrx_word' id='word_1_703' title='bbox 780 4753 1011 4821; x_wconf 78' lang='grc' dir='ltr'>ἔφημεν,</span> <span class='ocrx_word' id='word_1_704' title='bbox 1046 4752 1144 4821; x_wconf 86' lang='grc' dir='ltr'>τὴν</span> <span class='ocrx_word' id='word_1_705' title='bbox 1173 4753 1347 4823; x_wconf 82' lang='grc' dir='ltr'>ἀρχὴν</span> <span class='ocrx_word' id='word_1_706' title='bbox 1388 4753 1499 4805; x_wconf 90' lang='grc' dir='ltr'><strong>τῶν</strong></span> <span class='ocrx_word' id='word_1_707' title='bbox 1546 4752 1818 4823; x_wconf 66' lang='grc' dir='ltr'>ὲγκωμίωι</span> 
     </span>
    </p>
   </div>
   <div class='ocr_carea' id='block_1_98' title="bbox 1923 4737 3511 4825">
    <p class='ocr_par' dir='ltr' id='par_1_98' title="bbox 1932 4737 3511 4813">
     <span class='ocr_line' id='line_1_98' title="bbox 1932 4737 3511 4813; baseline -0.011 -6"><span class='ocrx_word' id='word_1_708' title='bbox 1932 4752 2096 4807; x_wconf 88' lang='lat' dir='ltr'><strong>Patre</strong></span> <span class='ocrx_word' id='word_1_709' title='bbox 2125 4751 2397 4805; x_wconf 85' lang='lat' dir='ltr'><strong>luminum</strong></span> <span class='ocrx_word' id='word_1_710' title='bbox 2436 4747 2494 4813; x_wconf 81' lang='lat' dir='ltr'><strong>i;</strong></span> <span class='ocrx_word' id='word_1_711' title='bbox 2529 4767 2547 4799; x_wconf 78' lang='grc' dir='ltr'><strong>ι</strong></span> <span class='ocrx_word' id='word_1_712' title='bbox 2586 4748 2643 4800; x_wconf 89' lang='lat' dir='ltr'><strong>in</strong></span> <span class='ocrx_word' id='word_1_713' title='bbox 2677 4746 2747 4801; x_wconf 92' lang='lat' dir='ltr'><strong>iis</strong></span> <span class='ocrx_word' id='word_1_714' title='bbox 2776 4744 2870 4813; x_wconf 91' lang='lat' dir='ltr'><strong>qui</strong></span> <span class='ocrx_word' id='word_1_715' title='bbox 2917 4742 3128 4810; x_wconf 83' lang='lat' dir='ltr'><strong>Spiritu</strong></span> <span class='ocrx_word' id='word_1_716' title='bbox 3174 4737 3325 4807; x_wconf 77' lang='lat' dir='ltr'><strong>digni</strong></span> <span class='ocrx_word' id='word_1_717' title='bbox 3360 4744 3511 4790; x_wconf 90' lang='lat' dir='ltr'><strong>sunt.</strong></span> 
     </span>
    </p>
   </div>
   <div class='ocr_carea' id='block_1_99' title="bbox 244 4826 1818 4913">
    <p class='ocr_par' dir='ltr' id='par_1_99' title="bbox 244 4841 1818 4913">
     <span class='ocr_line' id='line_1_99' title="bbox 244 4841 1818 4913; baseline -0.002 -17"><span class='ocrx_word' id='word_1_718' title='bbox 244 4844 583 4913; x_wconf 63' lang='grc' dir='ltr'>ὲλεύσομαγ</span> <span class='ocrx_word' id='word_1_719' title='bbox 622 4842 814 4913; x_wconf 83' lang='grc' dir='ltr'>καλὴν,</span> <span class='ocrx_word' id='word_1_720' title='bbox 850 4843 934 4895; x_wconf 85' lang='grc' dir='ltr'>ὅτι</span> <span class='ocrx_word' id='word_1_721' title='bbox 997 4841 1236 4911; x_wconf 86' lang='grc' dir='ltr'>μάλιστα</span> <span class='ocrx_word' id='word_1_722' title='bbox 1283 4841 1378 4894; x_wconf 72' lang='grc' dir='ltr'><strong>καὶ</strong></span> <span class='ocrx_word' id='word_1_723' title='bbox 1416 4843 1645 4912; x_wconf 88' lang='grc' dir='ltr'>ταχεῖαν</span> <span class='ocrx_word' id='word_1_724' title='bbox 1673 4841 1818 4912; x_wconf 76' lang='grc' dir='ltr'>εύρά</span> 
     </span>
    </p>
   </div>
   <div class='ocr_carea' id='block_1_100' title="bbox 1923 4826 3515 4913">
    <p class='ocr_par' dir='ltr' id='par_1_100' title="bbox 1933 4826 3515 4913">
     <span class='ocr_line' id='line_1_100' title="bbox 1933 4826 3515 4913; baseline -0.015 -14"><span class='ocrx_word' id='word_1_725' title='bbox 1933 4844 2016 4899; x_wconf 84' lang='lat' dir='ltr'><strong>Ad</strong></span> <span class='ocrx_word' id='word_1_726' title='bbox 2051 4844 2232 4913; x_wconf 87' lang='lat' dir='ltr'><strong>ipsum</strong></span> <span class='ocrx_word' id='word_1_727' title='bbox 2256 4856 2409 4911; x_wconf 76' lang='lat' dir='ltr'><strong>ergo,</strong></span> <span class='ocrx_word' id='word_1_728' title='bbox 2446 4847 2506 4893; x_wconf 93' lang='lat' dir='ltr'><strong>ut</strong></span> <span class='ocrx_word' id='word_1_729' title='bbox 2546 4837 2811 4907; x_wconf 80' lang='lat' dir='ltr'><strong>praefatus</strong></span> <span class='ocrx_word' id='word_1_730' title='bbox 2842 4848 2963 4889; x_wconf 83' lang='lat' dir='ltr'><strong>sum</strong></span> <span class='ocrx_word' id='word_1_731' title='bbox 2993 4830 3205 4885; x_wconf 87' lang='lat' dir='ltr'><strong>veniam</strong></span> <span class='ocrx_word' id='word_1_732' title='bbox 3243 4826 3515 4881; x_wconf 88' lang='lat' dir='ltr'><strong>laudatio-</strong></span> 
     </span>
    </p>
   </div>
   <div class='ocr_carea' id='block_1_101' title="bbox 250 4924 1818 5008">
    <p class='ocr_par' dir='ltr' id='par_1_101' title="bbox 250 4932 1818 5008">
     <span class='ocr_line' id='line_1_101' title="bbox 250 4932 1818 5008; baseline -0.001 -20"><span class='ocrx_word' id='word_1_733' title='bbox 250 4953 423 5008; x_wconf 81' lang='grc' dir='ltr'>μενος</span> <span class='ocrx_word' id='word_1_734' title='bbox 479 4935 764 5004; x_wconf 85' lang='grc' dir='ltr'>σύμμαχον</span> <span class='ocrx_word' id='word_1_735' title='bbox 795 4935 894 5004; x_wconf 80' lang='grc' dir='ltr'>τὴν</span> <span class='ocrx_word' id='word_1_736' title='bbox 926 4933 1209 5004; x_wconf 82' lang='grc' dir='ltr'>ἑκατέροιν</span> <span class='ocrx_word' id='word_1_737' title='bbox 1238 4936 1355 4986; x_wconf 83' lang='grc' dir='ltr'>τοῖν</span> <span class='ocrx_word' id='word_1_738' title='bbox 1396 4938 1582 5004; x_wconf 84' lang='grc' dir='ltr'>μεροῖν</span> <span class='ocrx_word' id='word_1_739' title='bbox 1605 4932 1715 4986; x_wconf 86' lang='grc' dir='ltr'><strong>τῶν</strong></span> <span class='ocrx_word' id='word_1_740' title='bbox 1744 4934 1818 4986; x_wconf 83' lang='grc' dir='ltr'><strong>εὐ-</strong></span> 
     </span>
    </p>
   </div>
   <div class='ocr_carea' id='block_1_102' title="bbox 1923 4924 3518 5008">
    <p class='ocr_par' dir='ltr' id='par_1_102' title="bbox 1936 4924 3518 5008">
     <span class='ocr_line' id='line_1_102' title="bbox 1936 4924 3518 5008; baseline -0.015 -18"><span class='ocrx_word' id='word_1_741' title='bbox 1936 4936 2024 4991; x_wconf 81' lang='lat' dir='ltr'><strong>uis</strong></span> <span class='ocrx_word' id='word_1_742' title='bbox 2093 4934 2461 5004; x_wconf 85' lang='lat' dir='ltr'><strong>principium,</strong></span> <span class='ocrx_word' id='word_1_743' title='bbox 2522 4943 2783 4999; x_wconf 85' lang='lat' dir='ltr'><strong>perquam</strong></span> <span class='ocrx_word' id='word_1_744' title='bbox 2875 4924 3084 4994; x_wconf 87' lang='lat' dir='ltr'><strong>optimo</strong></span> <span class='ocrx_word' id='word_1_745' title='bbox 3154 4928 3518 5008; x_wconf 48' lang='lat' dir='ltr'><strong>proiiiptoqlie</strong></span> 
     </span>
    </p>
   </div>
   <div class='ocr_carea' id='block_1_103' title="bbox 246 5004 1818 5097">
    <p class='ocr_par' dir='ltr' id='par_1_103' title="bbox 246 5004 1818 5097">
     <span class='ocr_line' id='line_1_103' title="bbox 246 5004 1818 5097; baseline 0 -19"><span class='ocrx_word' id='word_1_746' title='bbox 246 5004 371 5097; x_wconf 39' lang='grc' dir='ltr'><strong>γῶν</strong></span> <span class='ocrx_word' id='word_1_747' title='bbox 399 5025 641 5096; x_wconf 80' lang='grc' dir='ltr'>ἀρωγήν.</span> <span class='ocrx_word' id='word_1_748' title='bbox 670 5024 741 5076; x_wconf 77' lang='grc' dir='ltr'>Σὺ</span> <span class='ocrx_word' id='word_1_749' title='bbox 775 5024 833 5077; x_wconf 72' lang='grc' dir='ltr'>δέ</span> <span class='ocrx_word' id='word_1_750' title='bbox 880 5041 990 5094; x_wconf 85' lang='grc' dir='ltr'>μοι,</span> <span class='ocrx_word' id='word_1_751' title='bbox 1021 5018 1066 5076; x_wconf 83' lang='grc' dir='ltr'><strong>ὦ</strong></span> <span class='ocrx_word' id='word_1_752' title='bbox 1105 5024 1218 5095; x_wconf 76' lang='grc' dir='ltr'>ιερὰ</span> <span class='ocrx_word' id='word_1_753' title='bbox 1268 5024 1365 5078; x_wconf 78' lang='grc' dir='ltr'>καὶ</span> <span class='ocrx_word' id='word_1_754' title='bbox 1418 5023 1630 5095; x_wconf 81' lang='grc' dir='ltr'>μεγάλη</span> <span class='ocrx_word' id='word_1_755' title='bbox 1658 5025 1818 5095; x_wconf 86' lang='grc' dir='ltr'>πανή·</span> 
     </span>
    </p>
   </div>
   <div class='ocr_carea' id='block_1_104' title="bbox 1923 5004 3518 5097">
    <p class='ocr_par' dir='ltr' id='par_1_104' title="bbox 1939 5004 3518 5096">
     <span class='ocr_line' id='line_1_104' title="bbox 1939 5004 3518 5096; baseline -0.015 -14"><span class='ocrx_word' id='word_1_756' title='bbox 1939 5029 2230 5096; x_wconf 86' lang='lat' dir='ltr'><strong>utriusque</strong></span> <span class='ocrx_word' id='word_1_757' title='bbox 2283 5023 2498 5078; x_wconf 90' lang='lat' dir='ltr'><strong>ordinis</strong></span> <span class='ocrx_word' id='word_1_758' title='bbox 2550 5034 2798 5091; x_wconf 82' lang='lat' dir='ltr'><strong>precum,</strong></span> <span class='ocrx_word' id='word_1_759' title='bbox 2864 5018 3090 5072; x_wconf 83' lang='lat' dir='ltr'><strong>invento</strong></span> <span class='ocrx_word' id='word_1_760' title='bbox 3140 5010 3370 5065; x_wconf 67' lang='lat' dir='ltr'><strong>auxilio.</strong></span> <span class='ocrx_word' id='word_1_761' title='bbox 3433 5004 3518 5059; x_wconf 88' lang='lat' dir='ltr'><strong>Tu</strong></span> 
     </span>
    </p>
   </div>
   <div class='ocr_carea' id='block_1_105' title="bbox 244 5097 1818 5190">
    <p class='ocr_par' dir='ltr' id='par_1_105' title="bbox 244 5114 1818 5190">
     <span class='ocr_line' id='line_1_105' title="bbox 244 5114 1818 5190; baseline -0.001 -21"><span class='ocrx_word' id='word_1_762' title='bbox 244 5134 441 5190; x_wconf 75' lang='grc' dir='ltr'>γυρις,</span> <span class='ocrx_word' id='word_1_763' title='bbox 477 5118 591 5169; x_wconf 85' lang='grc' dir='ltr'>ὅσοι</span> <span class='ocrx_word' id='word_1_764' title='bbox 624 5133 682 5169; x_wconf 89' lang='grc' dir='ltr'><strong>τε</strong></span> <span class='ocrx_word' id='word_1_765' title='bbox 712 5117 811 5185; x_wconf 84' lang='grc' dir='ltr'>τῆς</span> <span class='ocrx_word' id='word_1_766' title='bbox 834 5115 976 5168; x_wconf 76' lang='grc' dir='ltr'>κατὰ</span> <span class='ocrx_word' id='word_1_767' title='bbox 1009 5114 1244 5181; x_wconf 74' lang='grc' dir='ltr'>Χριστὸν</span> <span class='ocrx_word' id='word_1_768' title='bbox 1280 5114 1670 5185; x_wconf 88' lang='grc' dir='ltr'>ἀκροδακτύλῳ</span> <span class='ocrx_word' id='word_1_769' title='bbox 1699 5114 1818 5183; x_wconf 84' lang='grc' dir='ltr'>φιλο</span> 
     </span>
    </p>
   </div>
   <div class='ocr_carea' id='block_1_106' title="bbox 1923 5097 3517 5190">
    <p class='ocr_par' dir='ltr' id='par_1_106' title="bbox 1937 5097 3517 5183">
     <span class='ocr_line' id='line_1_106' title="bbox 1937 5097 3517 5183; baseline -0.014 -12"><span class='ocrx_word' id='word_1_770' title='bbox 1937 5134 2092 5183; x_wconf 85' lang='lat' dir='ltr'><strong>vero,</strong></span> <span class='ocrx_word' id='word_1_771' title='bbox 2137 5136 2171 5172; x_wconf 85' lang='grc' dir='ltr'>υ</span> <span class='ocrx_word' id='word_1_772' title='bbox 2206 5132 2364 5173; x_wconf 87' lang='lat' dir='ltr'><strong>sacer</strong></span> <span class='ocrx_word' id='word_1_773' title='bbox 2394 5127 2703 5183; x_wconf 79' lang='lat' dir='ltr'><strong>magneque</strong></span> <span class='ocrx_word' id='word_1_774' title='bbox 2748 5114 3080 5171; x_wconf 87' lang='lat' dir='ltr'><strong>conventus,</strong></span> <span class='ocrx_word' id='word_1_775' title='bbox 3140 5111 3254 5156; x_wconf 91' lang='lat' dir='ltr'><strong>tum</strong></span> <span class='ocrx_word' id='word_1_776' title='bbox 3318 5100 3365 5155; x_wconf 87' lang='lat' dir='ltr'><strong>si</strong></span> <span class='ocrx_word' id='word_1_777' title='bbox 3423 5097 3517 5166; x_wconf 89' lang='lat' dir='ltr'><strong>qui</strong></span> 
     </span>
    </p>
   </div>
   <div class='ocr_carea' id='block_1_107' title="bbox 249 5198 1818 5278">
    <p class='ocr_par' dir='ltr' id='par_1_107' title="bbox 249 5207 1818 5278">
     <span class='ocr_line' id='line_1_107' title="bbox 249 5207 1818 5278; baseline -0.001 -15"><span class='ocrx_word' id='word_1_778' title='bbox 249 5209 458 5278; x_wconf 74' lang='grc' dir='ltr'>σοφίας</span> <span class='ocrx_word' id='word_1_779' title='bbox 496 5208 818 5277; x_wconf 73' lang='grc' dir='ltr'>ἐγεύσασθε,</span> <span class='ocrx_word' id='word_1_780' title='bbox 842 5210 935 5261; x_wconf 69' lang='grc' dir='ltr'>καὶ</span> <span class='ocrx_word' id='word_1_781' title='bbox 966 5208 1084 5261; x_wconf 83' lang='grc' dir='ltr'>ὅσοι</span> <span class='ocrx_word' id='word_1_782' title='bbox 1111 5207 1315 5278; x_wconf 83' lang='grc' dir='ltr'>ταύτης</span> <span class='ocrx_word' id='word_1_783' title='bbox 1340 5208 1566 5278; x_wconf 78' lang='grc' dir='ltr'>ἐρασταὶ</span> <span class='ocrx_word' id='word_1_784' title='bbox 1588 5207 1818 5276; x_wconf 83' lang='grc' dir='ltr'>γενέσθα</span> 
     </span>
    </p>
   </div>
   <div class='ocr_carea' id='block_1_108' title="bbox 1923 5198 3518 5278">
    <p class='ocr_par' dir='ltr' id='par_1_108' title="bbox 1938 5198 3518 5275">
     <span class='ocr_line' id='line_1_108' title="bbox 1938 5198 3518 5275; baseline -0.014 -14"><span class='ocrx_word' id='word_1_785' title='bbox 1938 5207 2270 5261; x_wconf 68' lang='lat' dir='ltr'><strong>Christianae</strong></span> <span class='ocrx_word' id='word_1_786' title='bbox 2303 5202 2667 5275; x_wconf 66' lang='lat' dir='ltr'><strong>philosophia:</strong></span> <span class='ocrx_word' id='word_1_787' title='bbox 2698 5199 2785 5256; x_wconf 86' lang='lat' dir='ltr'><strong>vel</strong></span> <span class='ocrx_word' id='word_1_788' title='bbox 2828 5198 2999 5254; x_wconf 88' lang='lat' dir='ltr'><strong>levem</strong></span> <span class='ocrx_word' id='word_1_789' title='bbox 3052 5203 3273 5264; x_wconf 77' lang='lat' dir='ltr'><strong>gustum</strong></span> <span class='ocrx_word' id='word_1_790' title='bbox 3328 5202 3518 5258; x_wconf 84' lang='lat' dir='ltr'><strong>perce-</strong></span> 
     </span>
    </p>
   </div>
   <div class='ocr_carea' id='block_1_109' title="bbox 245 5280 1818 5369">
    <p class='ocr_par' dir='ltr' id='par_1_109' title="bbox 245 5291 1816 5369">
     <span class='ocr_line' id='line_1_109' title="bbox 245 5291 1816 5369; baseline -0.004 -13"><span class='ocrx_word' id='word_1_791' title='bbox 245 5298 619 5366; x_wconf 77' lang='grc' dir='ltr'>σπουδάξετε,</span> <span class='ocrx_word' id='word_1_792' title='bbox 637 5299 856 5369; x_wconf 85' lang='grc' dir='ltr'>θερμῶς</span> <span class='ocrx_word' id='word_1_793' title='bbox 881 5298 948 5352; x_wconf 78' lang='grc' dir='ltr'>τὰ</span> <span class='ocrx_word' id='word_1_794' title='bbox 978 5291 1092 5351; x_wconf 77' lang='grc' dir='ltr'>ὦτα</span> <span class='ocrx_word' id='word_1_795' title='bbox 1140 5298 1243 5367; x_wconf 82' lang='grc' dir='ltr'>τῆς</span> <span class='ocrx_word' id='word_1_796' title='bbox 1269 5298 1508 5359; x_wconf 85' lang='grc' dir='ltr'>διανοίας</span> <span class='ocrx_word' id='word_1_797' title='bbox 1542 5300 1816 5352; x_wconf 87' lang='grc' dir='ltr'>πετάσατε</span> 
     </span>
    </p>
   </div>
   <div class='ocr_carea' id='block_1_110' title="bbox 1923 5280 3523 5369">
    <p class='ocr_par' dir='ltr' id='par_1_110' title="bbox 1946 5280 3523 5369">
     <span class='ocr_line' id='line_1_110' title="bbox 1946 5280 3523 5369; baseline -0.01 -19"><span class='ocrx_word' id='word_1_798' title='bbox 1946 5300 2109 5369; x_wconf 83' lang='lat' dir='ltr'><strong>pistis</strong></span> <span class='ocrx_word' id='word_1_799' title='bbox 2151 5299 2287 5368; x_wconf 81' lang='lat'><strong>(76),</strong></span> <span class='ocrx_word' id='word_1_800' title='bbox 2328 5305 2450 5351; x_wconf 87' lang='lat' dir='ltr'><strong>tum</strong></span> <span class='ocrx_word' id='word_1_801' title='bbox 2487 5295 2534 5349; x_wconf 91' lang='lat' dir='ltr'><strong>si</strong></span> <span class='ocrx_word' id='word_1_802' title='bbox 2572 5294 2665 5363; x_wconf 88' lang='lat' dir='ltr'><strong>qui</strong></span> <span class='ocrx_word' id='word_1_803' title='bbox 2718 5292 2842 5362; x_wconf 83' lang='lat' dir='ltr'><strong>ejus</strong></span> <span class='ocrx_word' id='word_1_804' title='bbox 2875 5297 3150 5342; x_wconf 84' lang='lat' dir='ltr'><strong>amatores</strong></span> <span class='ocrx_word' id='word_1_805' title='bbox 3180 5283 3298 5339; x_wconf 84' lang='lat' dir='ltr'><strong>ﬁeri</strong></span> <span class='ocrx_word' id='word_1_806' title='bbox 3330 5280 3523 5337; x_wconf 85' lang='lat' dir='ltr'><strong>stude-</strong></span> 
     </span>
    </p>
   </div>
   <div class='ocr_carea' id='block_1_111' title="bbox 314 5412 1277 5484">
    <p class='ocr_par' dir='ltr' id='par_1_111' title="bbox 314 5412 1277 5484">
     <span class='ocr_line' id='line_1_111' title="bbox 314 5412 1277 5484; baseline -0.007 -12"><span class='ocrx_word' id='word_1_807' title='bbox 314 5414 372 5462; x_wconf 67' lang='grc' dir='ltr'><strong>ι’</strong></span> <span class='ocrx_word' id='word_1_808' title='bbox 399 5414 599 5484; x_wconf 77' lang='lat' dir='ltr'><strong>Ephes.</strong></span> <span class='ocrx_word' id='word_1_809' title='bbox 626 5430 704 5479; x_wconf 75' lang='lat' dir='ltr'><strong>vr,</strong></span> <span class='ocrx_word' id='word_1_810' title='bbox 732 5412 820 5469; x_wconf 73' lang='lat' dir='ltr'><strong>i9.</strong></span> <span class='ocrx_word' id='word_1_811' title='bbox 899 5425 913 5463; x_wconf 80' lang='grc' dir='ltr'><strong>ι</strong></span> <span class='ocrx_word' id='word_1_812' title='bbox 950 5412 1068 5469; x_wconf 85' lang='lat' dir='ltr'><strong>Jac.</strong></span> <span class='ocrx_word' id='word_1_813' title='bbox 1116 5430 1153 5472; x_wconf 79' lang='grc' dir='ltr'><strong>ι,</strong></span> <span class='ocrx_word' id='word_1_814' title='bbox 1190 5412 1277 5466; x_wconf 81' lang='grc'><strong>17.</strong></span> 
     </span>
    </p>
   </div>
   <div class='ocr_carea' id='block_1_112' title="bbox 1557 5496 2224 5554">
    <p class='ocr_par' dir='ltr' id='par_1_112' title="bbox 1557 5496 2224 5554">
     <span class='ocr_line' id='line_1_112' title="bbox 1557 5496 2224 5554; baseline -0.004 0"><span class='ocrx_word' id='word_1_815' title='bbox 1557 5497 1954 5554; x_wconf 75' lang='lat' dir='ltr'><strong>COMBEFISII</strong></span> <span class='ocrx_word' id='word_1_816' title='bbox 1994 5496 2224 5551; x_wconf 65' lang='lat' dir='ltr'><strong>NOT/E.</strong></span> 
     </span>
    </p>
   </div>
   <div class='ocr_carea' id='block_1_113' title="bbox 332 5583 1818 5667">
    <p class='ocr_par' dir='ltr' id='par_1_113' title="bbox 332 5594 1818 5667">
     <span class='ocr_line' id='line_1_113' title="bbox 332 5594 1818 5667; baseline -0.004 -15"><span class='ocrx_word' id='word_1_817' title='bbox 332 5597 450 5667; x_wconf 73' lang='lat'><strong>(76)</strong></span> <span class='ocrx_word' id='word_1_818' title='bbox 483 5595 572 5650; x_wconf 80' lang='lat' dir='ltr'><strong>Vel</strong></span> <span class='ocrx_word' id='word_1_819' title='bbox 597 5600 756 5652; x_wconf 71' lang='lat' dir='ltr'><strong>levem</strong></span> <span class='ocrx_word' id='word_1_820' title='bbox 804 5606 1017 5667; x_wconf 61' lang='lat' dir='ltr'><strong>gustant</strong></span> <span class='ocrx_word' id='word_1_821' title='bbox 1055 5597 1386 5663; x_wconf 78' lang='lat' dir='ltr'><strong>percepistis.</strong></span> <span class='ocrx_word' id='word_1_822' title='bbox 1427 5594 1818 5667; x_wconf 54' lang='grc' dir='ltr'>’Λκροδακτύλιε</span> 
     </span>
    </p>
   </div>
   <div class='ocr_carea' id='block_1_114' title="bbox 1923 5583 3516 5667">
    <p class='ocr_par' dir='ltr' id='par_1_114' title="bbox 1952 5583 3516 5667">
     <span class='ocr_line' id='line_1_114' title="bbox 1952 5583 3516 5667; baseline -0.004 -22"><span class='ocrx_word' id='word_1_823' title='bbox 1952 5595 2051 5667; x_wconf 71' lang='grc' dir='ltr'>τῆς</span> <span class='ocrx_word' id='word_1_824' title='bbox 2076 5591 2205 5662; x_wconf 84' lang='grc' dir='ltr'>παρ’</span> <span class='ocrx_word' id='word_1_825' title='bbox 2257 5588 2728 5667; x_wconf 25' lang='grc' dir='ltr'>ἡμῖν-’ἐκκλησίας</span> <span class='ocrx_word' id='word_1_826' title='bbox 2778 5584 3206 5654; x_wconf 85' lang='grc' dir='ltr'>ἁπελαυσάμεθα</span> <span class='ocrx_word' id='word_1_827' title='bbox 3269 5583 3516 5667; x_wconf 48' lang='grc' dir='ltr'>πέρυιξν.</span> 
     </span>
    </p>
   </div>
   <div class='ocr_carea' id='block_1_115' title="bbox 258 5654 1818 5738">
    <p class='ocr_par' dir='ltr' id='par_1_115' title="bbox 258 5654 1818 5738">
     <span class='ocr_line' id='line_1_115' title="bbox 258 5654 1818 5738; baseline -0.003 -17"><span class='ocrx_word' id='word_1_828' title='bbox 258 5654 588 5738; x_wconf 76' lang='grc' dir='ltr'>ἒγεύσασθε.</span> <span class='ocrx_word' id='word_1_829' title='bbox 612 5654 951 5738; x_wconf 58' lang='grc' dir='ltr'>Αθίιιεῖιίιιιί</span> <span class='ocrx_word' id='word_1_830' title='bbox 992 5654 1177 5738; x_wconf 76' lang='lat' dir='ltr'><strong>Basilii</strong></span> <span class='ocrx_word' id='word_1_831' title='bbox 1203 5654 1263 5738; x_wconf 74' lang='lat' dir='ltr'><strong>in</strong></span> <span class='ocrx_word' id='word_1_832' title='bbox 1287 5654 1555 5738; x_wconf 52' lang='lat' dir='ltr'><strong>epistolis,</strong></span> <span class='ocrx_word' id='word_1_833' title='bbox 1589 5661 1722 5738; x_wconf 79' lang='grc' dir='ltr'>Οἶδα</span> <span class='ocrx_word' id='word_1_834' title='bbox 1751 5654 1818 5717; x_wconf 79' lang='grc' dir='ltr'><strong>κα</strong></span> 
     </span>
    </p>
   </div>
   <div class='ocr_carea' id='block_1_116' title="bbox 1923 5654 3522 5738">
    <p class='ocr_par' dir='ltr' id='par_1_116' title="bbox 1954 5654 3522 5738">
     <span class='ocr_line' id='line_1_116' title="bbox 1954 5654 3522 5738; baseline -0.006 -22"><span class='ocrx_word' id='word_1_835' title='bbox 1954 5654 2111 5738; x_wconf 66' lang='lat' dir='ltr'><strong>velut</strong></span> <span class='ocrx_word' id='word_1_836' title='bbox 2142 5654 2358 5738; x_wconf 58' lang='lat' dir='ltr'><strong>s&#39;umi&#39;i&#39;ro</strong></span> <span class='ocrx_word' id='word_1_837' title='bbox 2374 5661 2558 5738; x_wconf 58' lang='lat' dir='ltr'><strong>digito</strong></span> <span class='ocrx_word' id='word_1_838' title='bbox 2590 5654 2866 5738; x_wconf 61' lang='lat' dir='ltr'><strong>attingens</strong></span> <span class='ocrx_word' id='word_1_839' title='bbox 2898 5667 3130 5735; x_wconf 51' lang='lat' dir='ltr'><strong>gusta-us</strong></span> <span class='ocrx_word' id='word_1_840' title='bbox 3160 5654 3399 5738; x_wconf 66' lang='lat' dir='ltr'><strong>percepi.</strong></span> <span class='ocrx_word' id='word_1_841' title='bbox 3429 5656 3522 5736; x_wconf 42' lang='grc' dir='ltr'><strong>Βία</strong></span> 
     </span>
    </p>
   </div>
   <div class='ocr_carea' id='block_1_117' title="bbox 254 5725 1818 5807">
    <p class='ocr_par' dir='ltr' id='par_1_117' title="bbox 254 5725 1818 5807">
     <span class='ocr_line' id='line_1_117' title="bbox 254 5725 1818 5807; baseline -0.007 -12"><span class='ocrx_word' id='word_1_842' title='bbox 254 5725 448 5803; x_wconf 65' lang='grc' dir='ltr'>οὗτὸς,</span> <span class='ocrx_word' id='word_1_843' title='bbox 477 5739 525 5790; x_wconf 76' lang='grc' dir='ltr'>εἰ</span> <span class='ocrx_word' id='word_1_844' title='bbox 557 5738 650 5793; x_wconf 67' lang='grc' dir='ltr'>καὶ</span> <span class='ocrx_word' id='word_1_845' title='bbox 679 5739 831 5806; x_wconf 80' lang='grc' dir='ltr'>ἄκρῳ</span> <span class='ocrx_word' id='word_1_846' title='bbox 855 5736 1103 5807; x_wconf 79' lang='grc' dir='ltr'>δακτύλῳ</span> <span class='ocrx_word' id='word_1_847' title='bbox 1132 5737 1225 5790; x_wconf 79' lang='grc' dir='ltr'>τοῦ</span> <span class='ocrx_word' id='word_1_848' title='bbox 1255 5725 1590 5804; x_wconf 66' lang='grc' dir='ltr'>γλῖδκυτάτου</span> <span class='ocrx_word' id='word_1_849' title='bbox 1627 5734 1818 5805; x_wconf 71' lang='grc' dir='ltr'><strong>μέλιτο⁴</strong></span> 
     </span>
    </p>
   </div>
   <div class='ocr_carea' id='block_1_118' title="bbox 1923 5725 3523 5807">
    <p class='ocr_par' dir='ltr' id='par_1_118' title="bbox 1950 5725 3523 5803">
     <span class='ocr_line' id='line_1_118' title="bbox 1950 5725 3523 5803; baseline -0.01 -14"><span class='ocrx_word' id='word_1_850' title='bbox 1950 5745 2003 5789; x_wconf 84' lang='lat' dir='ltr'><strong>et</strong></span> <span class='ocrx_word' id='word_1_851' title='bbox 2029 5732 2292 5789; x_wconf 81' lang='lat' dir='ltr'><strong>Jonathas</strong></span> <span class='ocrx_word' id='word_1_852' title='bbox 2318 5732 2336 5786; x_wconf 89' lang='lat' dir='ltr'><strong>l</strong></span> <span class='ocrx_word' id='word_1_853' title='bbox 2372 5725 2578 5803; x_wconf 51' lang='lat' dir='ltr'><strong>Regum</strong></span> <span class='ocrx_word' id='word_1_854' title='bbox 2610 5725 2957 5799; x_wconf 70' lang='grc' dir='ltr'>χιν,’”Ακρον</span> <span class='ocrx_word' id='word_1_855' title='bbox 2989 5725 3084 5780; x_wconf 78' lang='grc' dir='ltr'>τοῦ</span> <span class='ocrx_word' id='word_1_856' title='bbox 3117 5725 3400 5795; x_wconf 78' lang='grc' dir='ltr'>σκήπτρου</span> <span class='ocrx_word' id='word_1_857' title='bbox 3424 5725 3523 5775; x_wconf 76' lang='grc' dir='ltr'><strong>αὺ-</strong></span> 
     </span>
    </p>
   </div>
  </div>
