3978 6140
255 326 396 391 1213

1554 329 1638 392 IN
1669 331 1733 393 S.
1774 329 2195 396 PATAPIUM.

3373 332 3509 398 12H

250 445 514 510 αὔξουσα.
543 442 644 498 Ὧν
702 445 798 515 οὐχ
855 443 1050 515 ἑτέραν
1096 440 1249 516 οἶμαι
1278 442 1485 499 τούτων
1532 444 1688 514 παρὰ
1716 444 1829 506 τοῖς

1939 445 2004 500 cii
2036 448 2151 501 viro
2178 444 2458 517 praelatam
2488 445 2555 501 iri
2593 446 2855 512 arbitror,
2888 462 3049 511 quam
3088 445 3323 516 primam
3355 446 3508 501 illam

249 537 579 608 εὐφρανοῦσι
608 536 1021 608 προκρίνεσθαι,
1054 536 1086 605 ἢ
1140 537 1242 608 τὴν
1282 537 1528 608 πρώτην,
1556 537 1651 589 καὶ
1677 536 1827 607 μίαν,

251 630 347 682 καὶ
381 629 571 699 μόνην,
591 630 685 683 καὶ
706 630 764 682 ὲν
785 631 917 683 πᾶσι
942 629 1050 683 τῶν
1066 628 1204 682 ὅλων
1230 630 1332 682 ὑπε
1342 629 1693 699 ρανὲχουσαν,
1720 628 1831 699 ὅρῳ

250 737 312 773 τε
343 721 437 773 καὶ
458 720 605 790 λόγῳ
628 724 845 790 φύσεως
872 722 966 777 καὶ⁵
1009 722 1293 793 δυνάμεως
1310 739 1327 753 ο
1351 721 1418 792 ἢν
1444 720 1648 791 ἀρετὴν
1674 723 1702 774 ὁ
1723 722 1832 784 πᾶς

251 811 353 878 τῆς
397 810 656 879 ἀληθείας
702 812 994 866 ἐπίσταται
1035 813 1214 879 λόγος.
1261 811 1583 881 Ἀρετὴνδέ
1626 828 1829 880 φαμεν,

251 900 353 964 τὴν
383 902 561 955 πάντα
598 900 724 955 νοῦν
759 903 1133 973 ὑπερέχουσαν
1149 919 1163 933 ·
1181 902 1281 971 τὴν
1306 900 1464 970 οὐσίᾳ
1492 900 1514 932 ³
1533 901 1625 954 καὶ
1651 900 1795 969 λόγῳ
1814 914 1830 930 °

253 991 565 1060 πράγματι,
600 994 693 1046 καὶ
732 994 794 1046 ού
840 995 1112 1065 φαντασίᾳ
1156 997 1565 1063 τυγχάνουσαν·
1594 992 1697 1061 τὴν
1723 990 1833 1045 τῶν

254 1080 478 1148 ἀγαθῶν
500 1083 594 1135 καὶ
618 1083 890 1153 μεγίστων
918 1084 1136 1154 δωρεῶν
1163 1084 1525 1154 ταμιεύτριαν
1550 1098 1562 1112 ⁸
1594 1081 1694 1152 τὴν
1722 1081 1833 1136 τῶν

256 1172 440 1236 καλῶς
452 1174 830 1243 εἰργασμένων
845 1174 1012 1244 ἠθῶν,
1030 1176 1125 1228 καὶ
1140 1176 1378 1244 τρόπων,
1400 1175 1491 1228 καὶ
1510 1174 1642 1245 βίων
1663 1174 1833 1243 ἀκρό-

256 1264 414 1317 πολιν
435 1281 449 1294 ·
482 1264 582 1331 τὴν
608 1265 666 1315 ἐν
754 1265 971 1319 πάντων
995 1265 1105 1317 τῶν
1138 1267 1439 1319 ἐπαινετῶν
1462 1266 1750 1319 ἀπόκειται
1771 1266 1833 1319 τὸ

254 1352 580 1423 κεφάλαιον*
604 1353 700 1422 τὴν
721 1354 996 1422 ἀκήρατον
1021 1355 1304 1425 ὲργασίαψ
1339 1355 1399 1407 τὸ
1429 1355 1625 1408 ἄσυλον
1646 1358 1834 1425 κτῆμα

253 1446 351 1498 καὶ
385 1445 652 1515 πρᾶγμα’
702 1445 801 1515 τὴν
833 1444 1068 1513 ἄφθονον
1121 1446 1307 1510 δόξαν·
1341 1447 1436 1515 τὴν
1481 1447 1711 1517 ἄπειρον
1739 1444 1832 1498 εὕ-

252 1538 464 1603 κλειαν,
493 1533 560 1609 ἦς
586 1540 775 1609 χωρὶς,
800 1538 892 1592 τὸν
923 1538 1056 1592 Θεὸν
1080 1540 1210 1593 ίδείν
1242 1540 1433 1593 οὐδένα
1467 1534 1580 1593 οἶόν
1606 1556 1666 1591 τε
1692 1556 1832 1591 παν-

250 1627 424 1691 τελῶς
443 1646 455 1658 ·
485 1623 553 1698 ἧς
583 1628 758 1694 ἐκτὸς,
794 1629 1074 1696 στεφάνων
1102 1628 1278 1691 οὐδεὶς
1310 1629 1343 1697 ἢ
1374 1628 1533 1698 δόξης
1579 1629 1830 1699 ἠξίωται.

249 1718 405 1791 Αὕτη
436 1719 537 1780 τάς
564 1720 675 1774 ἄνω
702 1721 969 1790 Δυνάμεις
995 1720 1266 1787 ἐδόξασεν,
1293 1721 1557 1788 ἀγγέλους
1588 1721 1832 1791 ἐκόσμη-

252 1827 387 1874 σεν,
457 1810 833 1881 ἀρχαγγέλους
902 1811 1284 1881 ἐλάμπρυνεν,
1344 1810 1676 1874 ἀποστόλους
1734 1811 1830 1865 καὶ

250 1904 543 1973 προφήτας
574 1903 917 1973 ὲπύρσευσε,
982 1903 1268 1973 μάρτυρας
1323 1905 1688 1971 ἐστεφάνωσε,
1734 1906 1830 1959 καὶ

248 1993 470 2056 πάντας
529 1994 657 2057 τοὺς
712 1993 1095 2063 κτησαμένους
1152 1994 1358 2063 αὐτὴν,
1417 1994 1579 2048 θείων
1629 1995 1829 2065 ἠξίωσε

248 2084 635 2155 χαρισμάτων,
672 2086 767 2137 καὶ
809 2084 1057 2155 οὐρανῶν
1114 2084 1310 2153 γέγονε
1366 2085 1624 2157 πρόξενος
1674 2087 1832 2158 βασι-

248 2175 427 2241 λείας.

338 2268 500 2323 una:
535 2272 697 2340 μέχρι
724 2269 888 2335 τίνος,
922 2269 1016 2323 καὶ
1045 2270 1175 2324 πότε
1215 2271 1343 2333 τοὺς
1370 2270 1576 2343 ταύτης
1607 2271 1834 2341 διαγρά-

251 2375 451 2428 φοντες
482 2361 739 2431 ἐραστὰς,
773 2361 1054 2415 Πατάπιον
1081 2361 1173 2415 τὸν
1196 2363 1358 2430 σοφὸν
1386 2363 1826 2434 παρατρέχομεν,

249 2452 346 2505 τὸν
397 2453 603 2523 ταύτης
647 2453 1120 2523 άκραιφνέστατον
1172 2454 1412 2527 ἐραστὴν
1462 2454 1592 2509 ὄντα
1628 2474 1689 2509 τε
1733 2458 1831 2510 καὶ

251 2545 545 2614 γενόμενον
572 2561 586 2610 ;
611 2538 655 2613 ᾧ
676 2546 770 2599 καὶ
800 2546 982 2611 ζῶντι,
1012 2546 1182 2616 ἀρετὴ
1223 2549 1332 2609 πᾶς
1363 2550 1392 2601 ὁ
1417 2547 1530 2617 βίος
1577 2550 1786 2620 ὑπῆρχε
1810 2566 1827 2583 ο

253 2639 350 2691 καὶ⁸
379 2625 616 2702 θανόντι,
648 2637 850 2708 ἀρετῆς
875 2638 1242 2708 ἐμπλέκονται
1274 2639 1551 2708 στέφανοι.
1593 2641 1689 2694 ’ον
1721 2642 1829 2711 γὰρ

253 2728 458 2796 τρόπον
492 2730 605 2791 τοῖς
634 2730 699 2798 τῇ
731 2727 901 2797 κακίᾳ
940 2729 1206 2798 συζήσασι
1253 2729 1403 2799 μένει
1443 2731 1552 2782 τῶν
1576 2733 1832 2801 ἡμαρτη-

258 2818 437 2888 μένων
459 2819 494 2887 ή
531 2817 773 2899 κόλασις,
803 2817 948 2871 οὓτω
977 2822 1073 2872 καὶ
1107 2822 1405 2888 μεταστᾶσι
1446 2823 1559 2883 τοῖς
1579 2822 1679 2890 τῆς
1704 2822 1832 2892 άρε-

252 2915 356 2982 τῆς
384 2914 672 2982 ἐρασταῖς,
703 2911 815 2964 τῶν
863 2912 1041 2964 καλῶν
1075 2914 1108 2981 ἡ
1158 2912 1424 2976 ἀντίδοσις
1451 2931 1465 2946 ·
1509 2909 1584 2967 ὧν
1627 2914 1698 2967 τὰ
1732 2916 1831 2985 μὲν

251 3007 336 3068 εἰς
368 3005 455 3057 ἀεὶ
476 3005 604 3074 παρ’
633 2999 712 3066 οἷς
735 3004 802 3057 ἂν
828 3004 982 3058 ἔσται
1008 3004 1182 3072 φίλον,
1210 3008 1243 3073 ή
1292 3008 1482 3076 μνήμη
1512 3008 1832 3077 γεραίρεται

1936 542 2233 605 unamque,
2275 545 2329 589 et
2362 536 2562 600 solam,
2615 550 2847 605 quaeque
2890 544 2945 591 et
2981 552 3048 591 ex
3080 536 3399 592 dellnitione
3453 545 3510 590 et

1936 627 2155 681 ratione
2204 635 2414 679 naturae
2450 625 2801 694 virtutisque,
2835 624 3121 679 universis
3152 624 3356 693 ubique
3374 622 3510 677 emi-

1936 726 2083 780 neat,
2116 731 2281 786 quam
2322 731 2487 771 verus
2545 716 2733 770 omnis
2781 730 2966 771 sermo
3024 716 3280 769 virtutem
3336 715 3508 769 novit.

1935 807 2206 863 Virtutem
2257 815 2444 862 autem
2485 806 2743 870 dicimus,
2789 812 3257 875 qum.exsuperat
3291 818 3510 858 omnem

1936 916 2203 957 sensum:
2252 914 2394 967 quae,
2443 899 2688 967 inquam,
2717 896 2958 953 essentia
3012 906 3099 951 est
3156 904 3210 949 et
3265 895 3508 959 ratione;

1936 995 2141 1063 reipsa,
2181 1008 2287 1046 non
2320 992 2468 1045 inani
2502 991 2759 1059 imagine,
2805 990 3074 1042 bonorum
3121 987 3210 1041 illa
3242 986 3512 1039 maximo-

1936 1101 2168 1154 rumque
2203 1083 2497 1145 donorntn,
2528 1093 2720 1149 proma
2752 1080 2937 1136 conda‘
2969 1093 2985 1132 :
3033 1081 3244 1132 morum
3276 1078 3511 1145 vitaeque

1936 1177 2195 1248 praeclare
2218 1182 2383 1244 gestae
2406 1158 2508 1226 arx
2540 1171 2807 1242 quaedam,
2846 1171 2901 1225 in
2931 1186 3037 1240 qua
3073 1178 3239 1239 caput
3267 1177 3351 1223 est
3390 1170 3507 1222 lau-

1935 1267 2202 1324 dabilium
2236 1268 2480 1319 omnium
2511 1282 2525 1317 :
2555 1278 2694 1334 opus
2718 1264 3054 1324 immortale,
3085 1277 3173 1316 res
3201 1260 3512 1329 possessio-

1935 1376 2042 1430 que
2074 1356 2430 1420 inviolabilis,
2464 1354 2755 1410 abundans
2788 1354 2984 1422 gloria,
3032 1353 3299 1406 immensa
3349 1349 3513 1403 clari-

1936 1458 2041 1510 tas,
2076 1457 2229 1501 extra
2268 1459 2430 1514 quam
2459 1458 2620 1498 nemo
2646 1457 2872 1512 prorsus
2916 1440 3089 1495 Deum
3132 1439 3355 1501 viderit,
3391 1438 3510 1491 sine

1934 1557 2040 1610 qua
2093 1554 2256 1593 nemo
2320 1551 2557 1592 coronas
2612 1536 2917 1606 gloriamve
2994 1531 3319 1600 promeruit.
3379 1529 3508 1584 Haec

1936 1645 2207 1700 supernas
2256 1628 2506 1683 Virtutes
2549 1627 2702 1680 auxit
2753 1625 2950 1695 gloria,
2987 1621 3207 1677 ornavit
3262 1622 3509 1692 angelos,

1937 1722 2303 1790 archangelos
2336 1720 2585 1773 illustres
2609 1716 2761 1781 fecit,
2792 1716 3073 1785 apostolos
3105 1713 3512 1782 prophetasqne

1938 1830 2038 1869 ceu
2092 1813 2240 1867 faces
2283 1810 2489 1864 mundo
2542 1806 2818 1867 accendit,
2870 1816 3141 1875 martyres
3201 1804 3509 1865 comitavit,

1938 1919 2241 1973 onmesque
2264 1917 2384 1957 eam
2419 1900 2651 1971 adeptos
2683 1897 2889 1953 divinis
2929 1896 3284 1951 charismatis
3314 1895 3513 1965 dignos

1940 1999 2089 2063 fecit,
2119 1998 2309 2067 eisque
2338 1994 2492 2065 regni
2529 1992 2797 2047 cmlorum
2831 1988 3178 2044 conciliatrix
3211 1986 3333 2040 fuit.

2007 2289 2323 2351 Enimvero,
2356 2280 2602 2353 quandiu
2638 2277 3007 2336 describentlo
3047 2273 3267 2327 virtutis
3301 2276 3513 2323 amato-

1941 2394 2049 2445 res,
2088 2377 2390 2445 sapientem
2425 2371 2714 2441 Patapinm
2749 2376 3035 2438 praetereo,
3065 2363 3161 2433 qui
3196 2362 3288 2425 sit,
3319 2359 3514 2414 fuerit-

1937 2488 2045 2542 que
2072 2468 2293 2523 virtutis
2341 2473 2554 2520 amator
2599 2457 3054 2519 sincerissinms?
3099 2455 3187 2510 cui
3233 2462 3287 2509 et
3329 2451 3512 2522 agenti

1938 2564 1993 2618 in
2032 2563 2195 2627 vivis,
2230 2561 2341 2615 vita
2402 2566 2513 2612 tota
2548 2558 2723 2610 virtus
2776 2553 2981 2615 fuerit;
3031 2565 3095 2604 ac
3144 2549 3232 2603 cui
3273 2555 3511 2610 mortuo,

1939 2652 2251 2716 plectantur
2290 2653 2436 2700 serta
2464 2644 2705 2698 virtutis.
2753 2641 2874 2707 Quo
2914 2640 3060 2694 enim
3096 2638 3260 2691 modo
3292 2652 3388 2689 eos
3417 2636 3511 2705 qui

1939 2742 2106 2796 vitam
2138 2739 2335 2794 vitiose
2369 2744 2620 2805 egerunt,
2669 2742 2853 2787 manet
2882 2730 3314 2786 commissorum
3347 2726 3512 2795 puni-

1940 2836 2040 2901 tio,
2074 2834 2149 2888 ita
2182 2840 2237 2887 et
2266 2831 2469 2885 sarculo
2502 2828 2800 2896 migrantes
2828 2832 3105 2877 amatores
3135 2821 3376 2885 virtutis,
3416 2820 3515 2874 ho-

1939 2931 2360 3007 norum_manet
2394 2919 2718 2981 retributio;
2750 2931 2814 2971 ac
2844 2916 3077 2968 aliorum
3132 2913 3353 2981 quidem
3398 2927 3511 2964 me-

1941 3020 2138 3082 moria,
2180 3017 2323 3087 apud
2374 3029 2471 3069 eos
2507 3011 2602 3080 qui
2639 3007 2935 3064 habuerint
2968 3011 3207 3076 gratum,
3246 3010 3514 3072 perpetua

251 3099 349 3150 καὶ
382 3096 706 3159 σεόάζεται·
733 3097 843 3150 τῶν
880 3098 958 3160 δὲ,
989 3098 1134 3168 βυθῷ
1171 3101 1599 3169 παραπέμπεται
1637 3100 1830 3171 λήθης,

1944 3112 2138 3168 honori
2197 3126 2261 3164 ac
2321 3105 2665 3162 venerationi
2740 3098 3281 3165 habetur;aliornm
3328 3104 3512 3149 autem

253 3189 513 3243 κάκεῖθεν
541 3186 698 3253 αὖθις
733 3189 908 3260 πυρὸς
927 3190 1309 3256 διαιωνίζουσα
1344 3194 1711 3264 παραδέχεται
1741 3198 1835 3248 κό-

251 3282 432 3343 λασις.

325 3365 495 3435 Οὗτος
520 3371 809 3443 τοιγαροῦν
837 3372 866 3424 ό
895 3371 1067 3441 μέγας
1107 3371 1408 3436 Πατάπιος,
1440 3374 1469 3426 ὁ
1497 3372 1633 3426 Θεοῦ
1670 3373 1834 3440 θερά-

252 3482 375 3517 πων
400 3464 645 3533 γνήσιος,
669 3463 767 3532 τῆς
818 3468 960 3517 κατά
984 3464 1090 3528 Ϊτὸν
1112 3464 1227 3533 βίον
1262 3466 1554 3535 ἀναγωγῆς
1577 3466 1678 3535 τὴν
1703 3467 1834 3537 άρε-

250 3554 355 3622 τὴν
389 3555 602 3624 μητέρα
633 3555 999 3625 κτησάμενος,
1049 3556 1251 3625 τροφόν
1281 3572 1339 3609 τε
1388 3556 1527 3625 όμοῦ
1560 3557 1652 3609 καὶ
1683 3556 1834 3612 διδά-

254 3644 442 3717 ραλον,
484 3649 563 3709 εἰς
600 3647 777 3715 ἄκραν
807 3647 1013 3717 ταύτης
1066 3646 1269 3716 ήλασεν
1300 3648 1612 3718 ἐπιστήμην
1638 3649 1708 3719 ’ἦ
1741 3650 1835 3702 καὶ

247 3735 414 3789 τοῦτο
443 3738 579 3807 πρὸς
629 3738 912 3808 ὡραϊσμόν
973 3755 1033 3791 τε
1092 3738 1184 3791 καὶ
1230 3740 1704 3809 περιφανεστάτην
1739 3741 1833 3793 εύ-

248 3828 545 3897 πρέπειαν,
575 3830 675 3900 τῆς
699 3831 842 3883 κατὰ
863 3829 1099 3900 Χριστδν
1124 3829 1290 3883 αὑτοῦ
1340 3830 1552 3897 πέφυκε
1582 3830 1832 3898 γίνεσθαι

248 3917 550 3983 πολιτείας,
574 3921 709 3992 ὅπερ
738 3923 852 3984 τοῖς
878 3919 1191 3990 ζωγράφοις
1235 3921 1304 3974 τὰ
1333 3906 1622 3991 χρώματα,
1662 3921 1730 3975 δι’
1758 3915 1833 3976 ὧν

245 4011 313 4064 τὸ
356 4011 716 4081 ὑποκείμενον
782 4013 1137 4083 ἀποσκίασμα
1194 4014 1460 4084 τεχνικῶς
1534 4015 1832 4086 καταχρὼ·

252 4119 445 4175 ρουσι,
496 4103 697 4174 στήλην
738 4103 928 4176 ὥσπερ
957 4105 1079 4158 τινά
1116 4104 1340 4175 λογικὴν
1376 4107 1477 4176 τὴν
1517 4106 1828 4178 διαγραφὴν

245 4192 706 4260 ἀποδεικνύντες,
772 4194 867 4248 καὶ
920 4196 987 4263 τῇ
1052 4192 1322 4244 πολυειδεῖ
1362 4192 1472 4245 τῶν
1521 4194 1831 4263 χρωμάτων

245 4283 495 4355 εὐχροίᾳ,
526 4285 626 4348 τὰς
660 4285 874 4356 μορφάς
899 4284 993 4339 τοῦ
1019 4284 1160 4349 ζώου
1184 4284 1547 4349 ποικίλαντες,
1580 4288 1832 4356 ἐναργεῖς

244 4380 377 4441 τοὺς
403 4380 762 4451 χαρακτῆρας
817 4380 1164 4452 ἐμφαίνουσι.
1211 4380 1352 4449 Πρὸς
1384 4380 1440 4433 δὲ
1483 4380 1712 4445 τούτοις,
1745 4382 1826 4436 ἔτι

1938 3199 2235 3259 oblivionis
2262 3194 2537 3268 profundo
2557 3192 2815 3254 traditur,
2841 3189 3104 3258 illincque
3134 3201 3327 3240 rttrsns
3350 3192 3513 3238 acter-

1937 3310 2007 3350 na
2038 3292 2179 3362 ignis
2219 3287 2506 3359 punitione
2538 3281 2838 3348 excipitur.

2007 3383 2236 3446 Magnus
2274 3379 2461 3445 itaque
2484 3381 2674 3427 noster
2697 3369 2787 3421 hic
2836 3366 3117 3436 Patapius,
3146 3380 3308 3420 verus
3336 3365 3514 3419 famu-

1934 3474 2022 3529 lus
2072 3471 2186 3537 Dei,
2232 3470 2327 3540 qui
2362 3469 2476 3522 vita
2529 3460 2893 3522 instituenda,
2940 3460 3203 3513 virtutem
3258 3458 3515 3512 habuerit

1936 3571 2189 3629 matrem,
2243 3560 2629 3627 nutricemque
2684 3553 2890 3625 pariter
2945 3561 3002 3605 et
3066 3551 3410 3620 magiSIram,
3442 3549 3511 3601 al

1937 3670 2209 3712 summam
2248 3655 2367 3723 ejus
2390 3651 2679 3707 scientiam
2713 3647 2963 3721 pervenit
2996 3664 3010 3699 :
3054 3642 3160 3699 nisi
3192 3651 3245 3695 et
3273 3641 3511 3708 itlipsum

1936 3750 2003 3805 ad
2051 3757 2393 3827 venustatem
2452 3744 3006 3811 illustrissimumque
3057 3738 3307 3793 decorem
3340 3733 3516 3786 Chri-

1935 3823 2608 3899 mimae-conversationis
2644 3836 2808 3888 habet
2845 3831 3118 3893 conferre,
3159 3826 3306 3897 quod
3353 3823 3510 3878 colo-

1934 3950 2024 3990 res
2058 3930 2387 4004 pictoribus,
2417 3930 2620 3998 quibus
2652 3925 2960 3994 subiectam
2989 3920 3410 3975 delineationem
3437 3931 3506 3971 ex

1934 4035 2053 4080 arte
2082 4022 2437 4095 perlinentes,
2462 4018 2611 4072 velut
2631 4018 2825 4071 stelem
2856 4015 3145 4084 quamdam
3172 4012 3512 4066 columnam-

1931 4132 2040 4187 que
2091 4111 2377 4182 inscriptis
2417 4108 2616 4163 litteris
2672 4108 3029 4176 loquentem,
3082 4097 3353 4169 picturam
3398 4097 3513 4152 elli-

1932 4209 2087 4262 ciunt
2122 4204 2257 4279 (79),
2285 4199 2739 4267 multimodisque
2772 4197 3020 4251 colorum
3064 4192 3362 4260 leporibus,
3389 4188 3511 4242 ani-

1931 4300 2092 4355 malis
2120 4298 2406 4353 variantes
2441 4291 2696 4354 l'ormam,
2741 4286 3073 4358 perspicuos
3119 4284 3271 4337 illius
3306 4282 3507 4335 chara-

1930 4401 2109 4446 cteres
2142 4397 2197 4444 et
2231 4394 2388 4442 notas
2441 4382 2773 4451 exprimunt.
2821 4377 3088 4431 Praeterea
3136 4389 3283 4434 vero,
3328 4371 3510 4425 adhuc

244 4470 345 4522 καὶ
379 4472 585 4542 μητρὸς
610 4472 696 4524 ἐπ’
723 4472 869 4541 αὐτῷ
899 4472 1053 4538 τάξιν
1098 4470 1378 4539 φυλάττει,
1408 4471 1671 4541 μητρῴης
1724 4475 1825 4525 αὐ-

1939 4482 2097 4538 etiam
2124 4478 2390 4534 maternis
2414 4473 2671 4527 erudiens
2703 4468 2942 4540 legibus,
2982 4465 3176 4518 matris
3200 4468 3255 4516 in
3284 4477 3347 4514 eo
3378 4475 3509 4529 par-

245 4559 345 4611 τὸν
376 4560 778 4614 ὲκπαιδεύουσα
831 4562 1038 4633 νόμοις.
1078 4566 1428 4634 Ιινευματικῇ
1479 4566 1587 4635 γὰρ
1638 4566 1829 4620 τοῦτον

242 4650 435 4722 λοχεία
462 4654 790 4723 γεννήσασα,
832 4655 1092 4726 μυστικὸν
1144 4655 1332 4725 ὥσπερ
1384 4657 1447 4709 ἐκ
1484 4674 1626 4721 τινος
1658 4657 1829 4730 θηλῆς

242 4741 470 4797 ἐπότισε
502 4745 639 4813 γάλα
660 4762 671 4775 ’
715 4746 1014 4801 κάντεῦθεν
1069 4743 1159 4801 οἶα
1192 4750 1419 4820 στερεὰν
1458 4751 1685 4822 τροφὴν,
1716 4753 1826 4806 τῶν

1938 4583 2018 4626 tes
2063 4570 2301 4625 exhibet.
2370 4561 2616 4633 Spiritali
2670 4560 2816 4614 enim
2885 4556 3094 4612 editum
3155 4563 3347 4623 partu,
3406 4563 3506 4602 ceu

1938 4664 2105 4717 ubere
2136 4660 2372 4731 qundam
2408 4656 2644 4727 mystico
2680 4654 2820 4708 laete
2855 4647 3093 4719 potavit;
3126 4645 3365 4712 indeque
3405 4654 3507 4692 ceu

1934 4754 2166 4810 solidam
2223 4766 2429 4812 escam,
2483 4748 2799 4801 divinorum
2873 4753 3165 4796 sensorum
3202 4732 3508 4791 ‘scientiant

1538 4902 1775 4974 VARIAS
1805 4907 2215 4975 LECTIONES.

317 4969 341 5001 ⁸
381 4967 455 5021 ἴσ.
489 4968 634 5023 λείπ.
659 4971 742 5023 οὐ.

1563 5109 1958 5170 COMBEFlSll
1996 5113 2230 5171 NOTAE.
2284 5132 2291 5139 '

318 5248 439 5322 (79),
473 5248 625 5322 Velut
657 5254 870 5322 rstelem
926 5252 1209 5320 quamdam
1273 5255 1674 5322 columnamque
1738 5258 1822 5306 ln-

241 5320 468 5404 fertpth
503 5321 693 5373 litteris
717 5322 1031 5404 loquentem,
1079 5325 1341 5404 picturam
1391 5320 1636 5404 eﬂieiant:
1678 5324 1820 5404 Στή-

240 5388 349 5470 λην
396 5388 591 5472 ῶσπερ
637 5388 1199 5472 τινά’.λογικὴ-δι“τήν
1242 5388 1552 5461 διαγρᾶφὴν
1606 5388 1821 5472 ἀποδεί-

241 5460 596 5540 κνύντεςέμι
629 5461 702 5540 sit
738 5461 973 5540 pictura
1008 5460 1074 5515 ad
1114 5462 1299 5540 vivunt
1347 5460 1821 5540 expressa,_velut

240 5527 680 5609 titulus-litteris
720 5527 1105 5609 deformattts,_
1131 5527 1498 5600 omnibusque
1541 5534 1606 5585 ad
1640 5533 1819 5609 legent

242 5597 392 5670 dum
417 5598 683 5665 obiectus,
703 5601 894 5668 eisque
929 5601 1076 5654 velut
1094 5602 1342 5670 loquens,
1362 5597 1469 5670 qua
1499 5597 1824 5670 paraphrasi

1930 5269 2103 5311 same
2132 5252 2333 5306 fuerint
2361 5257 2614 5318 receptae.
2666 5259 2838 5315 coque
2886 5244 2973 5318 ita
3002 5239 3391 5318 componenda:
3415 5308 3424 5318 _
3450 5247 3508 5318 ut

1930 5308 2185 5395 pietatem
2245 5329 2461 5374 tantutn
2490 5308 2807 5387 loquantur,
2829 5325 2885 5369 et
2910 5315 2975 5367 ad
3012 5308 3155 5395 rant,
3198 5327 3263 5364 ex
3298 5308 3505 5395 pltristi

1926 5383 1981 5450 et
2014 5402 2351 5451 sanctorum,
2406 5383 2699 5456 rerumque
2760 5393 2947 5456 sancte
2976 5383 3046 5436 ab
3091 5384 3171 5436 eis
3200 5387 3504 5456 gestarum,

1926 5481 2022 5519 seu
2053 5464 2215 5517 etiam
2282 5452 3018 5513 divinorum'beneliciorum
3073 5452 3335 5503 memoria
3374 5464 3505 5517 pro--

1926 5542 2125 5588 vocent
2186 5548 2200 5584 :
2244 5544 2352 5597 qua
2413 5528 2481 5581 de
2531 5542 2591 5581 re
2644 5523 2994 5597 sanctissime
3037 5520 3189 5597 'l‘rid.
3239 5519 3506 5597 synodus.

1929 5587 2070 5659 sese.
2110 5616 2222 5662 xw,
2250 5587 2400 5653 decr.
2426 5598 2503 5650 De
2529 5595 2882 5658 invocatione,
2902 5587 3342 5655 veneratione,‘et
3378 5587 3505 5641 rclt-

240 5662 589 5752 Ξξβέίὲθύηω
649 5670 766 5752 "LW
798 5662 957 5752 ,Ῐηίυε
998 5672 1148 5752 γροίε
1168 5662 1407 5751 ’ᾈογξὲήζ
1454 5662 1614 5752 εύὶιξδ
1638 5662 1827 5751 Varius
1890 5692 1903 5719 ι
1930 5674 2069 5744 quiis
2093 5682 2424 5735 sanctorum,
2460 5677 2507 5721 et
2529 5667 2702 5720 sacris
2732 5662 3073 5734 imaginibus.

239 5732 465 5791 Grrecis
505 5753 657 5794 usus.
680 5737 772 5794 Est
798 5742 912 5796 haec
944 5742 1082 5794 ratio
1108 5732 1416 5811 ιιυιίεὲἱιιιίι,
1444 5732 1543 5796 cur
1563 5741 1828 5811 imagines
