3978 6140
270 347 408 411 1217

1576 358 1659 424 IN
1701 360 1761 420 s.
1804 359 2216 451 PATAPIUM.
2309 346 2313 351 ’

3382 370 3518 443 1218

267 478 432 531 σομαι
487 464 581 515 καὶ
635 463 889 534 πατρίδος
944 463 1347 536 ἐπιμνησθῆναι
1379 468 1480 538 τῆς
1523 470 1693 534 κάτω,
1748 470 1828 530 τὰς

1948 480 2225 538 astruant,
2274 472 2520 529 conabor
2572 474 2737 529 etiam
2788 481 3026 533 terrenae
3082 478 3273 550 patriae
3322 487 3519 539 memi-

262 554 494 607 ὲκείνων
538 555 778 627 ἀναιρῶν
809 556 1170 621 ἐθελοκάκους
1195 560 1531 630 ἐρεσχελίας.
1571 562 1844 632 Ἐπιμεμ-

264 645 451 715 φέσθω
483 646 540 699 δέ
574 664 660 710 τις
689 647 901 711 τούτοις
942 650 1227 719 μηδαμῶςο
1254 652 1522 705 σκοπείτω
1546 653 1605 706 δὲ
1646 653 1845 723 μᾶλλον

262 741 376 803 πᾶς
413 741 564 804 ὅστις
622 742 680 793 ἐν
721 740 852 811 ὑμῖν
886 743 1182 814 φιλοῖστωρ
1216 744 1542 814 καθέστηκε,
1582 745 1677 799 καὶ
1724 745 1844 798 λίαν

262 831 533 903 εύκρινῶς
565 832 857 886 ἐπιστείτω
888 834 929 865 ¹¹
977 838 1044 906 τῇ
1093 836 1304 907 διανοίᾳ
1355 838 1465 889 τῶν
1510 837 1840 906 λεγομένων.

261 922 647 993 Σπουδάσομαι
666 924 795 994 γάρ,
815 925 916 994 ὅση
937 923 1188 996 δύναμις,
1208 927 1363 999 δίκην
1390 928 1532 991 τινὸς
1557 927 1839 999 διαλλήλου

258 1013 483 1078 δείξεώς
511 1031 574 1067 τε
618 1015 712 1067 καὶ
756 1015 1106 1081 ἀντιθέσεως,
1152 1018 1337 1088 διττὴν
1380 1019 1546 1072 αὐτοῦ
1585 1019 1685 1090 τὴν
1730 1036 1839 1071 πα-

258 1106 443 1175 τρίδα,
474 1109 587 1169 τοῖς
622 1106 934 1174 φιλοκάλοις
982 1109 1111 1177 ὑμῖν
1145 1109 1445 1174 ὑποδεῖξαιο
1497 1111 1594 1180 τὴν
1647 1111 1745 1181 μὲν
1775 1113 1839 1166 ἐκ

257 1196 388 1266 γῆς,
421 1199 514 1250 καὶ
546 1201 627 1260 εἰς
655 1199 761 1267 γῆν
786 1201 885 1267 τὴν
915 1200 1131 1266 γένεσιν
1157 1203 1251 1253 καὶ
1279 1202 1377 1271 τὴν
1411 1202 1656 1255 διάλυσιν
1686 1202 1840 1272 ἐχου-

261 1303 385 1340 σαν·
411 1289 510 1358 τὴν
535 1288 615 1353 δὲ,
650 1289 708 1355 ἐξ
736 1292 991 1361 ούρανοῦ.
1032 1292 1126 1345 καὶ
1154 1293 1391 1359 αἰώνιον,
1430 1293 1525 1347 καὶ
1553 1294 1704 1358 τέλος
1735 1296 1837 1348 οὐκ

254 1377 507 1448 ἔχουσαν.
540 1374 643 1431 *Ων
675 1381 774 1449 τὴν
808 1382 889 1444 είς
926 1381 989 1434 τὸ
1035 1386 1282 1453 κρεῖττον
1315 1383 1598 1455 ὲκνίκησιν
1639 1389 1702 1439 ἐκ
1734 1404 1835 1439 πε-

256 1470 504 1538 ριουσίας
545 1468 760 1540 θατέρῳ
804 1472 1161 1541 προσάψομεν
1206 1474 1317 1527 τῶν
1349 1476 1553 1546 μερῶν.
1596 1478 1671 1530 Οὐ
1726 1478 1833 1550 γὰρ

257 1563 544 1617 ίσοστάσια
577 1564 768 1627 ταῦτα,
809 1567 928 1618 οὺδέ
953 1567 1194 1637 ὁμότιμοι
1235 1569 1377 1637 μετά
1404 1570 1504 1639 τὴν
1528 1570 1703 1636 ἀξίαν·
1749 1572 1832 1625 ὅτι

255 1654 399 1724 μηδέ
439 1654 541 1724 τῆς
578 1657 750 1725 αὐτῆς
785 1659 1070 1728 ἐνεργείας
1105 1659 1200 1712 καὶ
1232 1661 1475 1730 χάριτος.
1522 1660 1648 1714 Ἐπὶ
1679 1662 1735 1715 δέ
1768 1664 1831 1716 τὸ

252 1745 622 1815 προκείμενον
648 1747 1057 1817 ἐπανέλθωμεν.

1948 561 2123 625 uisse,
2156 576 2265 629 quo
2315 562 2556 630 maligna
2598 577 2811 617 eorum
2843 564 3182 623 irritamenta
3235 587 3520 644 nugasque

1944 652 2251 707 destruam.
2288 653 2365 708 Ne
2398 655 2524 724 quis
2574 670 2709 710 vero
2749 657 2852 712 ista
2887 660 3324 731 vituperaverit:
3358 668 3516 736 cogi-

1944 752 2020 797 tet
2049 758 2201 809 vero,
2236 745 2283 799 si
2331 747 2455 814 quis
2487 747 2633 801 inter
2677 762 2776 802 vos
2823 749 3073 805 discendi
3122 754 3359 823 cupidus
3407 764 3515 821 est,

1942 851 2276 907 sensumque
2323 840 2682 894 dicendorum
2720 849 2833 895 tota
2873 842 3213 902 discretione
3271 850 3515 904 animum

1941 930 2214 983 intendat.
2260 931 2518 985 Conabor
2562 933 2731 1000 enim,
2786 946 2991 1004 quanta
3045 937 3211 995 fuerit
3254 941 3515 1008 facultas,

1940 1033 2039 1073 ceu
2062 1035 2127 1073 ex
2152 1019 2389 1075 adverso
2423 1024 2830 1086 contendendo,
2864 1039 2929 1078 ac
2954 1030 3205 1095 opposita
3229 1044 3518 1102 compara-

1938 1115 2111 1175 tione,
2177 1113 2450 1181 duplicem
2531 1115 2654 1183 ejus
2721 1118 2954 1183 patriam
3025 1121 3292 1178 studiosis
3356 1125 3516 1180 vobis

1939 1204 2274 1258 ostendere:
2312 1205 2542 1257 alteram
2582 1206 2802 1273 quidem
2856 1208 3019 1276 cujus
3078 1219 3235 1267 ortus
3281 1227 3312 1266 e
3365 1222 3514 1269 terra

1938 1293 2033 1356 sit,
2055 1293 2531 1363 dissolutioquein
2563 1303 2764 1349 terram
2786 1313 2802 1362 ;
2824 1298 3053 1352 alteram
3085 1307 3265 1355 autem
3287 1317 3316 1356 e
3346 1304 3511 1369 coelo,

1934 1394 2306 1454 aeternamque
2335 1401 2398 1438 ac
2426 1385 2830 1454 immortalem;
2864 1390 3092 1446 alterius
3147 1407 3369 1462 quoque
3400 1410 3514 1464 pra:

1936 1477 2109 1532 altera
2142 1478 2193 1530 in
2231 1476 2427 1531 melius
2455 1478 2734 1543 victoria,-
2771 1480 2910 1548 parti
2970 1482 3150 1545 alteri,
3204 1499 3270 1538 ex
3326 1485 3513 1540 abun-

1933 1567 2084 1622 danti
2123 1582 2354 1623 annexa.
2382 1568 2504 1625 Non
2537 1569 2682 1622 enim
2715 1570 2962 1640 ejusdem
2997 1584 3127 1628 sunt
3156 1575 3390 1633 rationis
3415 1586 3512 1632 aut

1933 1660 2127 1731 aequali
2158 1659 2449 1730 dignitate,
2477 1663 2701 1730 quando
2734 1678 2834 1717 nec
2860 1664 3007 1731 paris
3025 1664 3284 1720 eliicacize
3310 1681 3371 1720 ac
3386 1681 3513 1738 gra-

1935 1751 2044 1805 tiae.
2080 1749 2285 1805 Verum
2314 1759 2656 1806 revertamur
2691 1752 2758 1806 ad
2790 1755 3153 1822 propositum.

326 1798 735 1889 Τοῦτοντοίνυν
899 1798 1158 1906 ἐνάγίοις
1193 1840 1494 1906 Πατάπιον,
1528 1798 1702 1913 Θῆὅαι
1732 1843 1828 1912 μὲν

2007 1843 2274 1897 Sanctum
2328 1841 2483 1912 ergo,
2549 1858 2715 1912 quem
2768 1798 3136 1907 celebramus.
3193 1846 3506 1919 Patapium,

250 1926 316 1981 τὸ
346 1927 489 1983 κατά
524 1927 706 1998 σάρκα
731 1930 1037 1982 τετόκασιν·
1061 1933 1093 2001 ἡ
1130 1930 1186 1984 δὲ
1215 1931 1370 2003 κοινὴ
1400 1933 1617 1986 πάντων
1646 1935 1831 2004 μήτηρ

247 2019 413 2090 ἡμῶν
448 2020 825 2092 κολυμϐήθρα,
852 2022 914 2074 τὸ
938 2021 1215 2093 δεύτερον.
1252 2018 1374 2088 Ὧν,
1399 2025 1501 2089 τὰς
1534 2026 1632 2097 μὲν
1663 2026 1833 2094 Δίγυ-

248 2128 388 2174 πτος
421 2113 598 2182 αὐχεῖ,
627 2114 720 2166 καὶ
745 2114 938 2166 Νεῖλον
968 2114 1114 2185 ἔχειν
1145 2115 1238 2168 τὸν
1266 2119 1647 2188 καρποτρόφον
1680 2135 1832 2172 συνο-

249 2203 493 2275 μόρρους
528 2205 623 2258 καὶ
660 2205 929 2273 γείτονας,
968 2206 1127 2270 δόξαν
1155 2224 1214 2259 τε
1254 2210 1573 2279 χαμαιπετῆ
1610 2211 1704 2262 καὶ
1732 2227 1830 2280 χα-

250 2295 543 2367 μαίζηλον·
574 2296 676 2364 τὴν
703 2297 761 2350 δέ
793 2296 888 2350 τοῦ
927 2298 1060 2352 Θεοῦ
1108 2298 1177 2351 τὰ
1216 2297 1483 2368 βασίλεια,
1520 2301 1664 2371 ζωῆς
1693 2302 1829 2355 ἀθα-

247 2387 435 2449 νάτου,
465 2387 561 2440 καὶ
616 2386 851 2440 πλούτου
886 2389 1107 2453 παντὸς,
1151 2392 1245 2443 καὶ
1293 2390 1450 2461 δόξης
1480 2393 1827 2463 ἐμπόρευμα·

248 2479 347 2531 καὶ
380 2477 528 2547 μάλα
553 2494 615 2545 γε
666 2478 913 2540 εἰκότως.
957 2478 1020 2530 Ἦ
1072 2479 1169 2547 μὲν
1193 2481 1322 2549 γὰρ,
1352 2480 1557 2551 ταύτην
1594 2480 1832 2533 ἀπολλυ-

249 2569 422 2640 μένην
452 2568 656 2639 βρῶσιν
685 2569 969 2621 πιαίνοντα
1021 2569 1256 2622 εὐθύνει·
1308 2572 1342 2640 ἡ
1392 2570 1469 2636 δὲ,
1503 2572 1605 2641 τὴν
1656 2573 1831 2625 εἰσαεὶ

244 2660 676 2728 παραμένουσαν
704 2659 812 2712 τῶν
843 2660 1065 2727 ἀγαθῶν
1092 2661 1356 2732 χορηγίαν
1377 2663 1718 2734 καρποδοτεῖ.
1766 2664 1830 2717 Ἦ

251 2751 355 2820 μὲν
402 2750 619 2816 ἀδοξίας
648 2751 826 2816 δόξαν,
862 2753 956 2805 καὶ
1003 2753 1220 2822 σαρκῶν
1271 2754 1613 2823 ὑπισχνεῖται
1661 2756 1833 2826 παχύ-

249 2858 413 2910 τητα·
439 2842 568 2912 ἡδὲ,
593 2841 753 2917 δόξαν
777 2844 1148 2909 ἀνέκλειπτον,
1174 2845 1266 2897 καὶ
1291 2844 1525 2916 θεωρίαν
1561 2847 1828 2918 μυστικὴν

242 2932 669 3000 ἐπαγγέλλεται.
716 2934 779 2985 Ἡ
811 2932 931 3001 μὲν,
950 2934 1174 3004 χρυσίου
1205 2935 1299 2988 καὶ
1325 2935 1487 2988 λίθων
1519 2936 1827 2991 πολυτελῶν

240 3024 456 3092 γίνεται
504 3024 763 3095 πάροχος·
795 3026 827 3094 ἡ
861 3024 939 3089 δὲ,
996 3025 1105 3077 τῶν
1147 3027 1564 3096 ἡτοιμασμένων
1603 3027 1825 3095 ἀγαθῶν

224 3117 354 3176 ’τοῖς
391 3113 563 3179 ἀξίοις
622 3114 717 3165 τοῦ
772 3113 1111 3183 Πνεύματος,
1171 3115 1496 3169 καθίσταται
1542 3118 1819 3186 πρόξενος.
1852 3145 1895 3203 c

241 3205 358 3258 Kal.
389 3204 441 3256 τί
482 3206 562 3257 δεῖ
594 3205 985 3275 μακρολογείνς
1032 3206 1329 3274 Αἴγυπτος,
1385 3208 1418 3277 ἡ
1458 3207 1554 3277 μὲν
1588 3208 1825 3278 ὑπάρχει

241 3297 340 3350 καὶ
371 3296 612 3363 λέγεται·
644 3298 677 3365 ἡ
703 3295 779 3359 δὲ,
817 3295 1176 3368 κολυμϐήθρα
1203 3298 1320 3349 ἐστὶ
1351 3301 1449 3351 καί
1469 3299 1820 3369 ὀνομάζεται.

253 3387 397 3440 Ἀλλ’
430 3388 635 3457 ἐκείνη,
666 3388 894 3451 σκότους
920 3390 1014 3442 καὶ
1040 3388 1203 3456 ζόφου
1234 3390 1548 3461 γεννήτριαι
1578 3390 1715 3460 αὕτη
1743 3391 1821 3453 δὲ,

241 3480 424 3543 φωτὸς
444 3480 610 3532 ἀύλου
632 3478 943 3549 λοχεύτρια.
976 3479 1193 3548 Ἐκείνη
1220 3481 1578 3548 πταισμάτων
1600 3480 1821 3550 τροφὸς,

240 3569 386 3641 αὕτη
420 3570 804 3637 δικαιωμάτων
826 3571 1087 3640 χορηγόςο
1133 3571 1316 3640 ἐκείνη
1347 3569 1579 3623 θανάτου
1608 3572 1820 3641 ὀδηγὸς,

240 3660 384 3729 αὕτη
438 3661 582 3731 ζωῆς
623 3661 895 3714 ἀθανάτου
944 3662 1306 3733 χειραγωγός.
1359 3662 1574 3733 Ἐκείνη
1634 3662 1823 3715 παθῶν

238 3751 602 3822 δημιουργὸς,
662 3751 802 3822 αὕτη
854 3751 1123 3815 ἀπαθείας
1181 3752 1552 3821 παιδαγωγός.
1607 3753 1821 3825 Ἐκείνη

237 3842 425 3912 λύπης
462 3843 685 3914 χωρίον,
721 3841 860 3914 αὕτη
887 3846 1065 3916 χαρᾶς
1086 3844 1587 3915 ταμιεῖον.Ἐκείνη
1624 3845 1822 3909 κακίας

239 3935 517 3988 σκοτεινὸν
541 3935 734 4007 οἰκητή
743 3952 879 4004 ριον,
914 3933 1058 4006 αὕτη
1086 3936 1346 4004 φωτεινὺν
1364 3937 1567 4008 ἀρετῆς
1599 3938 1821 4009 οἰκητή-

239 4040 382 4096 ριον.
428 4024 515 4091 Ἐξ
543 4025 758 4097 ἐκείνης
794 4021 909 4089 οὖν,
946 4026 1022 4089 ὡς
1050 4024 1283 4096 ἔφαμεν,
1312 4029 1340 4080 ό
1374 4029 1640 4098 μακάριος
1661 4022 1820 4093 οὗτος

239 4115 308 4168 τὸ
351 4115 494 4169 κατά
545 4117 728 4189 σάρκα
766 4118 1055 4188 κατήγετο·
1089 4120 1157 4172 ἐκ
1216 4120 1272 4172 δὲ
1322 4121 1526 4191 ταύτης
1571 4120 1633 4175 τὸ
1675 4120 1818 4175 κατά

240 4206 465 4277 πνεῦμα
500 4211 888 4279 πνευματικῶς
908 4214 1299 4287 ἐχρημάτισεν.

1934 1935 2081 2005 quod
2116 1933 2340 2003 quidem
2374 1940 2592 2003 spectat
2645 1932 2713 1987 ad
2777 1950 3002 1990 carnem
3057 1935 3259 1992 Thebaa
3306 1954 3511 2009 genue-

1933 2036 2061 2081 runt
2095 2025 2236 2094 (8‘2);
2276 2024 2422 2093 quod
2460 2032 2643 2079 autem
2693 2024 2760 2077 ad
2791 2009 3089 2080 secundam
3135 2029 3283 2081 illam
3315 2030 3513 2085 nativi-

1932 2122 2120 2178 tatem,
2148 2113 2342 2182 genuit
2374 2113 2611 2182 piscina,
2643 2116 2957 2189 communis
2980 2118 3224 2171 omnium
3256 2130 3509 2176 nostrum

1932 2213 2128 2257 tnater.
2169 2204 2296 2257 Illas
2327 2204 2549 2273 quidem
2574 2203 2681 2257 Nili
2708 2204 2931 2274 frugum
2964 2207 3165 2263 altoris
3195 2209 3512 2267 conﬂuente

1932 2294 2137 2348 habere
2169 2293 2440 2363 gloriatur
2486 2293 2758 2365 Egyptus
2782 2337 2798 2362 ,
2831 2297 2995 2366 eique
3024 2298 3257 2362 vicinas.
3311 2301 3506 2357 humili

1931 2386 2122 2453 utique
2155 2384 2337 2454 gloria
2383 2384 2719 2454 abiectaque
2749 2403 2764 2439 :
2791 2386 2935 2441 lianc
2959 2395 3161 2452 autem,
3194 2392 3321 2445 caeli
3358 2394 3505 2464 regia

1931 2474 2267 2545 gratulatur,
2316 2471 2651 2529 immortalis
2679 2474 2841 2543 plane
2884 2475 3029 2538 vitae,
3077 2476 3533 2548 divitiarumque

1930 2566 2177 2621 omnium
2208 2573 2265 2619 et
2303 2565 2514 2635 gloria,
2558 2574 2950 2621 mercaturam.
2987 2568 3068 2621 Ac
3107 2582 3262 2622 sane.
3297 2569 3510 2639 Quippe

1932 2656 2024 2710 illa
2055 2664 2200 2710 recta
2228 2655 2431 2711 ﬂumen
2473 2657 2527 2711 in
2564 2670 2716 2711 mare
2749 2657 2879 2727 agit,
2913 2656 3061 2725 quod
3093 2659 3302 2714 hancce
3324 2674 3507 2715 escam

1930 2747 2344 2815 corruptibilem
2376 2748 2805 2817 impinguaverit
2846 2764 2860 2801 :
2899 2750 3014 2801 haec
3053 2756 3258 2814 autem,
3294 2749 3347 2803 iu
3381 2765 3507 2819 per-

1929 2845 2153 2907 petuum
2190 2848 2506 2893 manentem
2539 2840 2812 2893 bonorum
2843 2839 3274 2909 copiamdructu
3307 2857 3507 2911 sugge-

1878 2960 1886 2967 -
1929 2930 2025 2986 rit.
2067 2933 2189 2994 Illa,
2220 2932 2537 3001 ignominiae
2566 2932 2837 3002 gloriam,
2872 2932 3231 3001 carnittmqtte
3269 2932 3508 2987 obesita-

1930 3028 2075 3089 tem;
2139 3023 2278 3088 haec,
2313 3023 2543 3093 gloriam
2605 3022 3040 3077 indefectibilcm
3097 3039 3162 3077 ac
3218 3026 3503 3093 mysticam

1928 3116 2452 3185 contemplationem
2486 3115 2780 3184 promittit.
2814 3113 3027 3169 Prmbet
3072 3115 3163 3169 illa
3212 3131 3405 3169 aurum
3442 3130 3506 3170 ac

1924 3207 2136 3274 lapides
2182 3207 2481 3275 pretiosos;
2533 3205 2651 3260 hare
2712 3206 2854 3259 bona
2882 3246 2895 3266 .
2948 3206 3015 3260 iis
3062 3206 3154 3273 qui
3189 3215 3317 3259 sunt
3355 3206 3506 3275 digni

1926 3296 2134 3366 Spiritu
2163 3305 2500 3365 praeparata,
2531 3296 2818 3350 conciliat.
2851 3296 2994 3361 Quid
3033 3312 3165 3351 vero
3198 3312 3338 3366 opus
3375 3312 3507 3366 pro—

1922 3387 2096 3442 lixum
2137 3387 2300 3442 esse?
2350 3387 2468 3449 illa,
2515 3395 2571 3441 et
2620 3394 2706 3440 est
2760 3387 3066 3456 AZgyptus,
3118 3387 3508 3459 Egyptusque

1923 3486 2310 3547 nuncupatur;
2354 3479 2468 3532 hazc
2516 3486 2725 3543 autem,
2761 3487 2816 3533 et
2848 3488 2933 3534 cst
2965 3480 3201 3549 piscina,
3227 3489 3280 3534 et
3307 3497 3506 3538 nomen

1922 3571 2151 3640 piscinae
2173 3570 2375 3634 habet;
2407 3585 2597 3624 verum
2632 3571 2751 3634 illa,
2803 3571 3063 3625 tenebras
3108 3571 3283 3641 gignit
3319 3581 3375 3627 et
3410 3587 3506 3628 ca-

1923 3664 2174 3734 liginem,
2219 3662 2333 3717 haec
2363 3663 2507 3731 parit
2554 3662 2986 3718 immateriatum
3042 3662 3245 3716 lumen.
3284 3662 3383 3717 Est
3413 3663 3505 3717 illa

1921 3763 2274 3825 peccatorum
2311 3755 2514 3820 altrix;
2550 3754 2687 3818 lucc,
2717 3753 3183 3824 justiticationum
3210 3754 3459 3825 largitrix
3487 3771 3505 3807 ε

1920 3847 2034 3911 illa,
2063 3845 2172 3900 dux
2208 3845 2308 3900 via:
2353 3845 2578 3910 mortis;
2634 3845 2770 3910 haec,
2810 3845 2875 3899 ad
2924 3845 3287 3900 immortalem
3338 3846 3505 3899 vitam

1920 3935 2242 3990 manuducit
2265 3953 2277 3988 :
2301 3935 2414 3999 illa,
2447 3935 2705 3988 vitiorum
2740 3934 2975 4002 artifex;
3008 3936 3123 3989 haec
3152 3936 3442 3990 vacuitatis
3475 3951 3506 3989 a

1924 4028 2079 4081 vitiis
2107 4026 2324 4081 doctrix
2363 4043 2376 4078 :
2419 4025 2551 4090 illa,
2606 4026 2848 4079 tristitiae
2901 4027 3092 4096 regio;
3145 4028 3261 4081 haec
3318 4029 3507 4097 gaudii

1924 4134 2069 4190 penu
2107 4135 2120 4170 :
2156 4098 2286 4182 illa;
2342 4116 2697 4171 tenebrosum
2756 4116 3053 4182 vitiorum;
3101 4117 3235 4181 haec,
3284 4118 3509 4172 virtutis

1923 4211 2261 4266 luminosum
2320 4206 2689 4262 domicilium.
2726 4207 2810 4261 Ex
2866 4207 2963 4262 illa
2994 4222 3150 4278 ergo,
3198 4216 3259 4262 ut
3289 4208 3507 4278 praefati

244 4316 463 4366 sumus,
510 4304 595 4358 vir
642 4306 731 4362 hic
764 4307 961 4364 beatus
988 4347 1004 4374 ,
1040 4310 1185 4380 quod
1226 4318 1440 4379 spectat
1472 4309 1539 4365 ad
1567 4324 1813 4373 carnem,
1851 4307 2180 4368 descendit;
2212 4322 2280 4362 ex
2315 4305 2420 4360 hac
2448 4313 2632 4359 autem
2656 4343 2672 4371 ,
2717 4304 2865 4373 quod
2934 4312 3151 4374 spectat
3220 4303 3289 4358 ad
3340 4303 3506 4373 spiri-

239 4406 382 4458 tum,
414 4397 649 4466 spiritali
676 4400 892 4454 ratione
921 4411 1103 4455 ortum
1136 4401 1323 4456 trahit.

322 4489 478 4543 Ἐπεὶ
500 4489 557 4543 δὲ
573 4491 742 4545 ταῦτα
765 4493 945 4559 καλῶς
968 4494 1109 4565 ἔχειν
1133 4495 1280 4549 δοκεῖ
1303 4512 1413 4567 μοι,
1443 4494 1554 4566 ὁρῶ
1580 4495 1638 4549 δέ
1662 4512 1813 4560 τινας

1989 4489 2102 4545 Etsi
2134 4501 2266 4542 vero
2295 4485 2412 4540 haec
2455 4484 2533 4538 ita
2566 4483 2705 4539 bene
2749 4483 2952 4538 habere
2980 4480 3273 4537 videantur
3293 4523 3308 4549 ,
3342 4481 3509 4537 video

234 4577 352 4633 τῶν
375 4583 505 4653 περὶ
537 4582 606 4634 τὰ
636 4584 883 4654 παρόντα
918 4585 1312 4655 ἐπτοημένους,
1356 4585 1430 4657 μὴ
1467 4584 1585 4638 λίαν
1612 4587 1811 4654 ἐπιμε-

234 4669 347 4734 λῶς
377 4671 487 4724 τῶν
510 4672 823 4744 λεγομένων
851 4675 1171 4743 ἀκούοντας,
1206 4676 1331 4730 ἐπεὶ
1362 4675 1525 4747 μηδὲν
1549 4676 1679 4746 περὶ
1709 4693 1817 4729 πα·

234 4761 421 4835 τρίδος
472 4764 570 4818 τοῦ
600 4766 871 4838 μακαρίου
914 4767 1124 4839 κομψὸν
1156 4767 1190 4839 ἢ
1216 4768 1456 4838 σοφῶδες
1490 4769 1810 4841 εἰρήκαμεν.

235 4854 464 4909 Οιλοῢσι
489 4856 600 4928 γὰρ
624 4860 675 4911 οἱ
704 4858 960 4926 φιλόξωοι
986 4861 1099 4923 τοῖς
1128 4859 1236 4913 τῶν
1268 4859 1442 4927 λόγων
1482 4859 1817 4927 σοφιστικοῖς

234 4945 650 5019 λαρυγγίσμασι
679 4950 779 5020 τὴν
811 4950 980 5022 ἀκοὴν
1017 4950 1460 5017 καταυλίζεσθαι,
1493 4946 1576 5015 οἷς
1614 4950 1708 5005 καὶ
1748 4950 1818 5005 τὰ

241 5038 484 5108 μουσικά
518 5039 628 5094 τῶν
657 5042 962 5114 ἐσπερινῶν
986 5041 1387 5113 βακχευμάτων
1424 5042 1673 5110 παίγνια,
1720 5042 1816 5093 καὶ

1918 4580 2283 4638 nihilominus
2332 4578 2576 4648 aliquos,
2630 4577 2748 4645 qui,
2778 4576 2947 4630 rebus
2995 4575 3181 4630 sarculi
3217 4575 3508 4630 desiderio

1920 4673 2126 4735 allecti,
2151 4686 2264 4726 non
2302 4669 2543 4724 libenter
2573 4666 2866 4722 admodum
2900 4667 3150 4731 audiant,
3181 4667 3331 4736 quod
3365 4666 3507 4720 nihil

1922 4762 2272 4834 magniﬁcum
2327 4760 2600 4816 scitumve
2645 4758 2715 4813 de
2746 4758 2891 4813 beati
2925 4758 3029 4812 viri
3081 4758 3259 4827 patria
3299 4757 3507 4812 dixeri-

1922 4868 2073 4910 mus.
2098 4855 2304 4910 Amant
2351 4851 2501 4908 enim
2534 4852 2627 4921 qui
2661 4850 2784 4905 vitae
2816 4849 3123 4905 commodis
3171 4848 3301 4919 plus
3345 4862 3508 4919 atquo

1924 4947 2171 5009 student,
2205 4952 2269 4998 ut
2336 4942 2647 5013 sophisticae
2677 4942 2910 5013 argutiae
2954 4955 3018 4996 ac
3057 4956 3158 4996 ceu
3181 4940 3506 4996 crocitatio-

1924 5054 2025 5092 nes
2082 5051 2246 5092 aures
2307 5035 2604 5106 obsepiant
2656 5034 3123 5104 obtundantque:
3186 5032 3391 5103 quibus
3448 5039 3503 5087 et

1490 5210 1717 5269 VARIAE
1765 5208 2172 5267 LECTIONES.

310 5308 353 5343 ²¹
388 5308 477 5364 lo‘.
506 5306 804 5379 ἐπίστητω.

1486 5452 1881 5511 COMBEFISII
1913 5453 2146 5510 ΝΟΤᾹεὶ.

309 5551 425 5624 (82)
452 5550 646 5624 Thebes
690 5554 1029 5624 genuerunt.
1072 5544 1356 5624 Scripsere
1416 5546 1601 5624 pigras
1649 5544 1716 5624 de
1738 5559 1815 5624 ‘ea

230 5614 589 5690 urbe,'quam
615 5614 804 5690 Steph.
840 5614 1245 5690 Ἑκατόμπυλον
1276 5623 1487 5690 vocat._
1478 5615 1581 5668 Sed
1612 5622 1667 5690 et
1699 5617 1817 5684 pln-

233 5710 328 5751 res
350 5683 573 5747 [uerunt
598 5683 790 5746 eodem
818 5683 1074 5750 nomine;
1095 5685 1187 5737 illa
1213 5695 1392 5755 tame_n
1422 5683 1665 5755 Egypti,
1692 5698 1817 5755 quae

233 5772 293 5824 et
314 5761 603 5822 Διόσπολις
659 5757 895 5815 Eusebio
926 5763 998 5829 ct_
1029 5755 1312 5823 Straboni,
1347 5752 1575 5824 Patapii'
1609 5754 1807 5825 patria,

1921 5545 2135 5601 caeteris
2167 5542 2438 5598 illustrior
2466 5541 2783 5598 εΔιόσπολιν
2824 5542 2987 5607 LXX,
3022 5542 3220 5598 Ezecb.
3247 5558 3376 5609 xxx,
3406 5544 3499 5601 ubi

1922 5616 2090 5672 Hebr.
2164 5625 2247 5669 est
2308 5623 2411 5675 tu,
2489 5612 2856 5683 Hieronymus
2908 5609 3499 5683 'Ailexandriamﬁex-

1924 5688 2076 5758 ponit
2096 5703 2112 5753 ;
2132 5685 2256 5740 aliis
2285 5683 2517 5754 interpr.
2552 5682 2926 5739 retinentibus
2961 5682 3289 5741 liebraicum
3316 5682 3428 5740 No.
