3978 6140
323 336 454 405 1221

1616 337 1701 401 IN
1740 339 1804 400 S.
1842 339 2249 402 PATAPIUM.

3445 339 3579 406 {2‘22

3475 384 3579 406 diu“

317 446 693 519 myxopsw'hv
738 446 1165 519 ἀνεϐλάστησεν,
1221 447 1250 501 ὃ
1301 447 1398 501 καὶ
1449 446 1752 520 θαυμάζειν
1803 451 1883 504 ἐπε

2003 450 2183 505 insani
2210 450 2483 506 idolorum
2519 434 2739 519 cultus,
2779 469 3092 525 praeconem
3140 455 3304 512 nobis
3351 458 3578 525 pietatis

315 538 486 607 ἀξιον.

294 877 305 891 ,
384 812 450 865 Ei
478 810 590 883 γὰρ
623 811 901 884 βδέλυγμα
927 815 1128 878 παντὸς
1154 813 1386 878 ἀσεϐοῦς
1420 813 1721 880 θεοσέϐεια,
1777 816 1892 880 πῶς

314 905 454 975 αὕτη
488 904 748 976 βδελυκτή
777 922 865 969 τις
907 904 1060 968 οὖσα,
1092 906 1337 960 τοιούτου
1374 909 1509 978 ἡμῖν
1541 908 1770 971 σκεύους
1800 909 1893 962 ἐκ-

310 996 479 1067 λογῆς
509 1000 700 1066 γέγονε
746 998 988 1068 πατρίς;
1021 999 1145 1061 Πῶς
1186 999 1377 1063 σκότος
1410 999 1747 1070 ὑπάρχουσα,
1783 1017 1893 1067 φω-

315 1089 494 1158 στῆρα
521 1087 689 1158 ζόφου
733 1088 970 1160 διώκτην
1011 1090 1256 1143 ἀνέτειλε
1281 1108 1296 1156 ;
1327 1091 1438 1145 Καὶ
1471 1091 1617 1161 μάλα
1641 1094 1886 1156 εἰκότως·

320 1196 341 1229 α
381 1178 556 1230 Ὅπου
607 1178 718 1248 γὰρ
763 1177 1089 1233 ἐπλεόνασεν
1131 1181 1165 1251 ἡ
1221 1181 1486 1251 ἁμαρτία,
1526 1182 1891 1254 ύπερπεριέσ-

255 1252 265 1263 ’
319 1287 518 1324 σευσεν
549 1273 582 1341 ἡ
612 1272 791 1342 χάρις.
833 1290 854 1324 ι
902 1272 982 1342 Τῇ
1008 1272 1119 1342 γὰρ
1150 1273 1245 1326 τοῦ
1279 1274 1606 1347 μονογενοῦς
1629 1252 1763 1329 Υἰοῦ
1793 1275 1889 1330 τοῦ

315 1363 453 1418 Θεοῦ
499 1365 638 1435 πρὸς
688 1366 836 1434 ἡμᾶς
892 1364 1118 1436 ἀρρήτῳ
1172 1365 1617 1432 συγκατασάσει,
1672 1367 1769 1420 καὶ
1823 1370 1889 1440 τῇ

313 1455 580 1526 ἀφράστῳ
603 1456 696 1508 καὶ
725 1454 867 1525 ὑπὲρ
893 1456 1052 1522 λόγον
1075 1455 1241 1510 αὐτοῦ
1271 1457 1521 1520 κενώσει,
1550 1457 1889 1530 ἐληλαμένης

316 1546 417 1617 μὲν
449 1548 630 1634 πάσης
674 1547 894 1616 ἀπάτης
943 1548 1040 1601 καὶ
1069 1547 1300 1617 πλάνης,
1328 1549 1408 1610 είς
1439 1547 1669 1619 φροῦδον
1696 1549 1753 1601 δὲ
1782 1549 1890 1602 τῶν

312 1638 516 1710 βωμῶν
559 1639 655 1691 καὶ
700 1638 810 1692 τῶν
848 1639 1059 1708 ἐναγῶν
1114 1640 1351 1694 εἰδώλων
1404 1644 1711 1710 γενομένων
1759 1642 1884 1713 ἤδη,

307 1730 577 1803 ἐσαλεύθη
600 1729 700 1800 μὲν
723 1730 1022 1800 Αἴγυπτοςο
1056 1732 1275 1801 ἐσείσθη
1314 1733 1372 1784 δὲ
1396 1733 1572 1802 αὐτῆς
1607 1735 1675 1787 τὰ
1706 1751 1888 1805 χειρο·

2000 541 2228 594 invexit.
2278 540 2659 598 Tenebrosum
2710 544 2850 599 illud
2906 546 3219 601 daemonum
3269 547 3574 613 stabulum,

1996 646 2120 687 eum
2154 632 2321 690 nobis
2350 637 2607 704 produxit
2638 637 2733 705 qui
2766 652 2892 693 cum
2927 639 3142 708 angelis
3164 639 3365 694 choros
3388 638 3575 708 ducat,

1996 723 2142 793 quod
2172 725 2332 794 plane
2361 726 2674 782 mirandum
2701 729 2794 784 sit.

2064 813 2204 869 Nam
2251 832 2377 870 cum
2415 817 2570 887 impii
2624 821 2806 874 omnis
2864 821 3121 893 religiosa
3154 822 3334 891 pietas
3364 822 3577 877 abomi-

1994 908 2150 962 natio
2180 909 2274 973 sit,
2302 910 2397 978 qui
2433 910 2523 963 illa
2557 911 2955 970 abominabilis
2982 917 3286 979 exsislens.
3318 917 3441 970 talis
3474 931 3577 970 no-

1992 998 2079 1054 bis
2134 1000 2287 1056 vasis
2341 1001 2633 1057 electionis
2690 1006 2869 1073 patria
2916 1005 3067 1059 fuit?
3114 1006 3406 1072 Quomodo
3457 1023 3577 1078 quae

1992 1099 2143 1146 esset
2175 1094 2433 1159 tenebrae,
2474 1095 2750 1151 luminare
2802 1098 3062 1152 submisit
3101 1101 3247 1168 quod
3285 1101 3573 1171 caliginem

1994 1181 2223 1238 haberet
2257 1184 2599 1255 dispellere?
2631 1185 2776 1241 Sane
2823 1187 2878 1243 id
2932 1189 3132 1245 merito
3168 1208 3181 1242 :
3222 1209 3241 1242 ι
3289 1188 3394 1245 Ubi
3423 1192 3573 1246 enim

1993 1274 2296 1330 abundavit
2350 1287 2664 1347 peccatum,
2723 1281 3197 1348 superabundavit
3256 1286 3431 1352 gratia
3462 1288 3510 1336 ιι.
3549 1302 3568 1335 ι

1988 1365 2206 1421 Arcana
2254 1370 2400 1423 enim
2462 1371 2730 1440 unigeniti
2783 1369 2907 1425 Filii
2946 1371 3040 1425 Dei
3094 1373 3161 1427 ad
3204 1388 3304 1427 nos
3337 1374 3573 1428 inclina-

1990 1458 2166 1523 tione,
2196 1459 2577 1533 in_ell'abilique
2616 1479 2679 1516 ac
2708 1464 2818 1517 vim
2850 1464 3086 1519 rationis
3121 1475 3423 1534 superante
3451 1467 3572 1537 ejus

1989 1550 2393 1615 exinanitione,
2423 1555 2571 1607 omni
2614 1570 2806 1611 errore
2839 1557 3275 1627 deceptione-que
3318 1558 3569 1629 depulsa,

1989 1636 2216 1708 arisque
2249 1655 2314 1695 ac
2359 1642 2607 1710 profanis
2654 1644 2816 1698 idolis
2855 1645 2969 1712 jam
3013 1646 3254 1708 abolitis.
3292 1662 3570 1704 concussa

1986 1727 2233 1801 Egypto
2255 1772 2272 1797 ,
2303 1732 2424 1801 ejus
2456 1748 2728 1789 concussa
2770 1743 2903 1791 sunt
2937 1737 3279 1801 manufacta,
3318 1753 3382 1793 ac
3419 1740 3570 1795 omni

308 1822 532 1892 ποίητα,
587 1823 683 1876 καὶ
716 1816 895 1877 πάντα
925 1825 1037 1878 τῶν
1076 1824 1348 1894 δαιμόνων
1385 1826 1452 1879 τὰ
1486 1826 1708 1896 μυσαρὰ
1735 1827 1883 1880 τελέ-

1992 1821 2301 1877 daemonum
2332 1825 2661 1878 exsecrabili
2693 1826 2844 1880 cultu
2881 1827 3172 1894 subverso,
3208 1837 3355 1882 terra
3385 1833 3569 1886 omnis

310 1927 498 1983 σματα
545 1914 928 1977 καταλέλυται,
960 1915 1057 1969 καὶ
1104 1916 1343 1986 ἡγιάσθη
1382 1917 1531 1970 πᾶσα
1564 1918 1598 1987 ἠ
1628 1920 1721 1987 γῆ·
1755 1918 1786 1970 ὁ
1827 1919 1885 1973 δὲ

305 2004 439 2068 λαὸς
470 2005 578 2059 τῶν
609 2004 937 2077 ἀνθρώπων,
984 2026 1004 2059 ‹
1047 2008 1075 2060 ὀ
1106 2009 1165 2060 ἐν
1199 2008 1382 2060 σκότει
1421 2008 1518 2061 καὶ
1553 2010 1681 2079 σκιᾷ
1712 2008 1883 2062 θανά-

305 2114 404 2153 του
430 2097 761 2168 καθήμενος,
790 2095 897 2152 εἶδε
924 2098 1040 2167 φῶς
1082 2099 1228 2167 μέγα
1256 2118 1274 2149 ι
1308 2098 1404 2152 τοῦ
1448 2098 1602 2168 ἡλίου
1634 2099 1886 2170 λαμπρό-

306 2206 488 2261 τερον,
523 2188 586 2241 τὸ
615 2208 634 2240 ι
670 2189 907 2257 φωτίζον
928 2190 1106 2243 πάντα
1140 2189 1427 2260 ἄνθρωπον
1460 2191 1541 2251 είς
1560 2190 1653 2243 τὸν
1678 2190 1883 2258 κόσμον

306 2282 622 2354 ἐρχόμενον,
654 2301 673 2332 ι
712 2283 948 2351 Χριστὸν
974 2281 1067 2333 τὸν
1097 2281 1231 2334 Θεὸν
1273 2281 1451 2350 ἡμῶν.
1482 2281 1645 2350 Αὐτῷ
1674 2283 1707 2350 ή
1730 2281 1879 2347 δόξα,

308 2371 410 2425 σὺν
433 2369 510 2441 τῷ
540 2372 715 2441 [Iatth
745 2372 840 2424 xui.
870 2369 950 2441 τῷ
994 2371 1136 2441 ἁγίῳ
1177 2370 1479 2440 Πνεύματι,
1506 2371 1600 2425 νῦν
1632 2372 1727 2425 καὶ
1771 2372 1880 2439 ἀεὶ,

306 2463 404 2518 καὶ
433 2464 515 2527 είς
543 2464 671 2526 τοὺς
696 2463 896 2527 αίῶνας
919 2462 1030 2515 τῶν
1068 2461 1300 2516 αἰώνων.
1334 2463 1528 2533 Ἀμήν.

921 2579 1003 2631 ΘΑ
1017 2579 1155 2632 ΥΜΑ
1166 2580 1241 2630 ΊᾺ

520 2669 628 2724 τοῦ
661 2669 837 2723 ὁσίου
870 2668 1102 2736 Πατρός
1131 2666 1301 2735 ἡμῶν
1328 2667 1658 2721 Παταπίου.

270 2764 277 2771 ⁸
375 2784 488 2855 Τὴν
507 2784 616 2838 τῶν
637 2781 928 2853 ἐγκωμίων
959 2780 1116 2835 τοῦδε
1142 2779 1235 2832 τοῦ
1262 2780 1477 2851 Πατρὸς
1501 2778 1884 2845 άποδὼσαντες

306 2876 608 2947 εὐφημίαν,
641 2873 871 2927 καθόσον
910 2872 1042 2942 ἡμῖν
1067 2871 1310 2939 ἐφικτὸν,
1333 2872 1431 2940 τὴν
1454 2869 1562 2922 τῶν
1587 2869 1883 2941 θαυμάτων

303 2966 472 3022 αὐτοῦ
510 2964 772 3036 ᾠήθημεν
808 2962 1063 3016 ἐκθέσθαι
1094 2960 1475 3032 ἀληθεστάτην
1505 2961 1780 3032 διήγησιν,
1814 2963 1882 3015 ἵν’

304 3059 366 3113 ἐν
393 3057 567 3130 ταύτῃ
597 3060 709 3117 τοῖς
739 3054 1008 3124 φιλοθέοις
1047 3054 1143 3106 καὶ
1174 3052 1478 3122 φιλεόρτοις
1515 3070 1880 3123 συμπανηγυ-

1990 1913 2345 1967 sanctiﬁcata
2391 1922 2514 1979 est;
2578 1915 2821 1984 viditque
2873 1916 3176 1972 lmmanum
3239 1935 3414 1989 genus
3452 1920 3568 1988 riu

1986 2000 2237 2055 tenebris
2260 2011 2315 2056 et
2342 2003 2537 2057 umbra
2567 2005 2763 2058 mortis
2778 2004 2995 2072 sedens,
3016 2006 3194 2061 lucem
3227 2022 3478 2078 magnam
3506 2016 3562 2060 ο»

1987 2092 2107 2145 sole
2134 2091 2587 2160 splendidiorem,
2615 2108 2738 2162 quae
2769 2112 2787 2144 ι
2830 2094 3105 2150 illttmi‘nct
3135 2112 3356 2152 omnem
3388 2098 3568 2153 homi-

1985 2198 2111 2239 nem
2140 2185 2196 2238 in
2224 2186 2491 2242 mundum
2521 2187 2830 2243 venientem
2855 2199 2902 2254 P,
2942 2208 2961 2241 ι
2993 2188 3272 2245 Christum
3305 2192 3566 2246 nimirum

1987 2274 2161 2329 Deum
2198 2286 2481 2332 nostrum.
2525 2276 2608 2332 Illi
2640 2278 2839 2347 gloria,
2884 2294 3009 2333 cum
3040 2279 3204 2336 Patre
3249 2289 3304 2335 et
3352 2282 3567 2352 Spiritu

1986 2373 2202 2433 sancto,
2230 2383 2381 2423 nunc
2408 2377 2463 2425 et
2492 2383 2732 2439 semper,
2764 2378 2818 2424 et
2847 2368 2905 2423 in
2952 2371 3152 2426 saecula
3209 2372 3562 2427 saeculorum.

1989 2456 2181 2512 Amen.

2576 2570 2958 2627 MIRACULA

2334 2663 2510 2716 sancti
2539 2662 2730 2717 Patris
2770 2667 2943 2719 nostri
2970 2664 3217 2735 Palapii.

2054 2772 2346 2827 Celebralo
2387 2776 2590 2841 quibus
2640 2775 2799 2831 licuit
2846 2777 3070 2831 laudum
3103 2780 3417 2847 praeconiis,
3453 2779 3562 2836 Pa-

1987 2863 2086 2917 tris
2117 2864 2285 2933 hujus
2311 2869 2589 2933 encomio,
2624 2883 2803 2937 operm
2831 2869 3065 2937 pretium
3100 2871 3276 2924 visum
3298 2880 3384 2927 est
3421 2884 3563 2929 utet

1984 2954 2329 3009 verissimam
2351 2957 2471 3026 ejus
2494 2959 2888 3013 miraculorum
2911 2962 3287 3018 narrationem
3317 2964 3559 3030 ederem,

1984 3062 2095 3115 quo
2124 3047 2228 3113 eis,
2255 3064 2361 3101 una
2384 3065 2508 3104 cum
2544 3050 2634 3105 Dei
2656 3051 2894 3121 festique
2918 3056 3256 3120 amantibus,
3283 3072 3385 3112 nos
3414 3058 3564 3112 oble-

307 3149 581 3222 ρίσαντες,
628 3147 892 3215 εἴπωμενο
952 3162 971 3195 ‹
1009 3143 1337 3212 Θαυμαστὸς
1379 3143 1548 3205 ὅντως
1586 3144 1643 3196 ἐν
1701 3144 1880 3211 ἁγίοις

1990 3139 2486 3204 ctantes,dicamns
2511 3160 2523 3195 :
2547 3161 2564 3194 ι
2601 3142 2866 3198 Mirabilis
2898 3161 3092 3200 revera
3113 3146 3327 3201 Deusin
3352 3149 3563 3203 sanctis

306 3242 543 3313 ὑπάρχει
572 3240 600 3293 ὁ
633 3237 862 3309 Κύριος.
897 3255 915 3286 ι
944 3237 1053 3289 Καὶ
1082 3236 1269 3305 μηδεὶς
1301 3234 1618 3300 ἀπιστείτω,
1646 3236 1882 3305 μάλιστα

269 3331 273 3335 ”
303 3334 471 3389 αὑτοῦ
502 3330 594 3386 τοῦ
632 3330 837 3400 Κυρίου
863 3316 1136 3397 λέγοντοξο
1175 3346 1192 3378 t
1254 3326 1313 3379 '0
1342 3326 1615 3380 πιστεύων
1650 3330 1731 3392 είς
1755 3329 1878 3399 ἐμὲ,

302 3427 373 3479 τὰ
398 3425 536 3495 ἔργα
559 3423 593 3477 ά
629 3420 739 3491 ἐγὼ
769 3420 929 3485 ποιῶ,
973 3421 1227 3480 κάκεῖνος
1257 3418 1494 3488 ποιήσει,
1524 3419 1618 3472 καὶ
1658 3419 1882 3490 μείζονα

300 3517 509 3572 τούτων
540 3517 777 3586 ποιήσει.
815 3533 833 3565 ι
863 3513 937 3565 Οὐ
968 3513 1035 3582 τῇ
1067 3511 1171 3581 ίδὶᾳ
1187 3510 1412 3580 δυνάμει
1439 3510 1535 3581 τὴν
1559 3512 1882 3582 εὐεργεσίαν

301 3611 586 3681 πηγάζων,
623 3608 759 3661 ἀλλὰ
789 3606 865 3677 τῷ
912 3605 1032 3675 ἐμῷ
1062 3604 1289 3673 ὀνόματι
1339 3602 1434 3655 καὶ⁵
1465 3605 1531 3674 τῇ
1580 3602 1772 3674 κλήσει
1812 3607 1878 3675 τῇ

301 3706 432 3775 ἐμῇ·
472 3721 490 3753 t
525 3701 668 3769 Ἐγὼ
698 3700 805 3770 γάρ
836 3700 953 3767 είμι
980 3697 1009 3750 ό
1035 3697 1102 3749 τά
1133 3696 1311 3749 πάντα
1342 3696 1398 3746 ἐν
1425 3695 1591 3747 πᾶσιν
1611 3695 1875 3765 ἐνεργῶν»

299 3799 368 3863 τῇ
398 3793 699 3861 Δεσποτικῇ
723 3790 964 3855 ἐξουσίᾳ.
995 3785 1082 3838 Ἐν
1112 3783 1288 3848 τούτῳ
1318 3785 1345 3836 ὁ
1368 3785 1543 3854 μέγας
1579 3785 1879 3853 Πατάπιος,

297 3890 328 3942 ὁ
351 3886 566 3956 ἀληθῶς
602 3883 738 3938 Θεοῦ
779 3883 1089 3955 ἄνθρωπος,
1130 3884 1158 3935 ὁ
1179 3882 1242 3935 τὸ
1283 3881 1444 3949 ζόφος
1471 3879 1631 3947 ἀφεὶς
1651 3879 1750 3948 τῆς
1783 3880 1880 3931 Αἱ-

296 3977 534 4046 γύπτου,
586 3975 683 4028 καὶ
726 3972 806 4044 τῷ
852 3971 995 4041 φωτὶ
1030 3970 1363 4041 πλησιάσας,
1402 3967 1499 4021 καὶ
1531 3965 1755 4036 Χριστῷ
1790 3983 1883 4018 συ-

299 4066 660 4140 σταυρωθεὶς,
696 4065 791 4118 καὶ
823 4063 933 4117 τῶν
955 4062 1266 4131 ἀσωμάτων
1294 4058 1585 4129 δυνάμεων
1613 4059 1670 4110 ἐν
1698 4055 1881 4125 θνητῷ

296 4159 518 4230 σώματι
548 4155 970 4227 συμϐιωτεύσας
1002 4152 1139 4223 βίον.
1193 4153 1250 4205 '0
1282 4152 1465 4221 τίμιος
1502 4151 1567 4219 τῇ
1594 4147 1739 4219 ψυχῇ
1787 4146 1880 4200 καὶ

292 4253 376 4322 τῷ
407 4251 643 4320 σώματιο
683 4250 710 4300 ὁ
738 4247 830 4301 τὸν
860 4245 1151 4316 άκτήμονα
1189 4243 1306 4314 βίον
1344 4241 1615 4312 ποθήσας,
1675 4240 1768 4292 καὶ
1798 4239 1880 4302 είς

291 4343 428 4395 Θεὸν
462 4338 797 4408 πλουτήσας,
849 4336 945 4388 καὶ
984 4335 1082 4402 τῆς
1135 4331 1470 4395 πολυτελοῦς
1515 4330 1880 4395 καταξιωθεὶς

1987 3225 2198 3278 δαῖεν.»
2229 3226 2337 3281 Nec
2367 3244 2426 3284 se
2452 3231 2744 3298 quisquam
2772 3232 3119 3289 incredulum
3135 3237 3415 3300 exhibeat,
3434 3254 3558 3293 cum

1982 3319 2289 3389 praesertim
2324 3320 2590 3375 Dominus
2612 3323 2729 3391 ipse
2747 3324 2967 3378 dicatu
3001 3324 3106 3392 Qui
3144 3328 3321 3382 credit
3365 3329 3419 3382 in
3449 3344 3557 3392 me,

1983 3426 2149 3480 opera
2179 3427 2299 3482 qute
2328 3428 2431 3481 ego
2452 3412 2618 3477 facio,
2650 3421 2705 3467 et
2736 3414 2854 3483 ipse
2872 3414 3035 3469 faciet
3051 3424 3103 3470 et
3127 3419 3335 3487 majora
3364 3421 3556 3474 horum

1982 3501 2149 3558 faciet
2178 3513 2221 3556 τ.
2260 3522 2278 3555 ›
2313 3502 2431 3556 Νοη
2460 3504 2607 3558 velut
2637 3505 2758 3574 ipse
2785 3520 2816 3560 a
2862 3522 2922 3561 se
2966 3506 3217 3563 beneﬁcii
3254 3511 3402 3564 velut
3437 3511 3561 3567 fons

1982 3597 2233 3661 exsistat,
2264 3596 2358 3651 sed
2386 3596 2441 3649 in
2462 3611 2584 3652 meo
2612 3599 2857 3660 nomine,
2885 3613 2946 3652 ac
2970 3616 3056 3654 me
3081 3601 3356 3655 invocato.
3393 3621 3412 3653 ι
3440 3603 3559 3672 Ipse

1983 3686 2126 3740 enim
2164 3685 2347 3740 omnia
2390 3686 2444 3739 in
2494 3688 2750 3742 omnibus
2791 3696 2815 3726 '
2851 3708 2869 3741 ›
2930 3688 3219 3745 Dominica
3287 3701 3561 3762 potestate

1991 3795 2010 3828 ι
2033 3793 2252 3846 operor.
2279 3797 2298 3830 ι
2336 3777 2394 3831 In
2430 3779 2547 3840 illo,
2578 3794 2808 3849 magnus
2831 3781 3117 3852 Patapius,
3152 3799 3280 3838 vere
3314 3785 3360 3839 is
3397 3784 3560 3840 homo

1981 3867 2098 3934 Dei,
2124 3871 2243 3939 qui,
2278 3872 2467 3925 relicta
2497 3870 2717 3942 {Egypti
2748 3872 3003 3941 caligine,
3048 3876 3113 3928 ad
3156 3877 3336 3931 lumen
3370 3892 3562 3933 acces-

1981 3961 2073 4026 sit,
2108 3976 2172 4014 ac
2215 3961 2438 4016 Christo
2485 3964 2742 4017 conlisus
2774 3964 2962 4028 cruci,
2997 3965 3162 4018 vitam
3203 3967 3558 4038 incorporea«

1980 4067 2102 4105 rum
2150 4052 2417 4106 virtutum
2475 4054 2674 4107 vixerit
2721 4053 2776 4107 in
2826 4055 3045 4107 mortali
3100 4071 3380 4125 corpore:
3431 4060 3556 4126 ille,

1981 4143 2230 4211 inquam,
2281 4150 2337 4196 et
2400 4143 2580 4196 anima
2634 4143 2908 4209 pretiosus
2969 4143 3454 4214 honorabilisque,
3502 4160 3559 4201 et

1980 4249 2215 4303 corpore
2247 4253 2260 4288 :
2291 4235 2381 4304 qui
2416 4235 2674 4289 dilexerit
2723 4235 2888 4289 vitam
2936 4235 3176 4305 inopem,
3226 4252 3290 4289 ac
3336 4239 3389 4290 in
3446 4237 3557 4292 Deo

1982 4325 2157 4389 dives,
2195 4323 2517 4394 magnificas
2555 4325 2746 4394 gratiae
2778 4339 2912 4393 opes
2944 4327 3175 4395 adeptus
3207 4327 3307 4392 sit;
3363 4326 3488 4391 hoc,
3525 4344 3554 4382 a

292 4435 543 4506 χάριτος,
583 4426 738 4492 οῦτος
767 4447 784 4480 ι
818 4427 998 4482 λαϐὼν
1022 4430 1172 4499 παρὰ
1202 4425 1337 4481 Θεοῦ
1370 4425 1620 4493 ἐξουσίαν
1650 4423 1742 4477 τοῦ
1775 4441 1878 4476 πα-

1990 4413 2094 4468 Deo
2127 4432 2145 4465 ‹
2182 4422 2409 4483 accepta
2447 4422 2720 4483 potestate
2753 4414 3003 4468 calcandi
3045 4431 3212 4485 supra
3243 4425 3553 4486 serpentes,

294 4527 412 4578 τείν
439 4524 627 4578 ἐπάνω
653 4524 829 4593 ὄφεων
850 4523 945 4577 καὶ
978 4520 1281 4591 σκορπίων,
1311 4517 1410 4571 καὶ
1444 4517 1537 4569 ἐπὶ
1570 4516 1749 4568 πᾶσαν
1780 4514 1878 4582 τὴν

1990 4515 2033 4560 et
2065 4506 2401 4574 scorpiones,
2433 4517 2487 4561 et
2528 4522 2745 4560 omnem
2797 4508 3057 4562 virtutem
3095 4508 3301 4563 inimici
3335 4510 3381 4573 ις
3415 4529 3434 4562 ι
3488 4541 3558 4552 -

294 4617 531 4687 δύναμιν
579 4615 676 4669 τοῦ
729 4614 950 4686 ἐχθροῦ⁶
985 4632 1004 4666 ι
1048 4641 1121 4653 --
1153 4631 1173 4665 ι
1210 4609 1549 4682 Θεραπεύειν
1590 4623 1650 4659 τε
1697 4608 1880 4659 πᾶσαν

1990 4613 2002 4645 ι
2048 4593 2394 4664 curandique
2443 4611 2661 4651 omnem
2695 4596 2951 4649 morbum
2977 4604 3034 4649 et
3070 4611 3289 4651 omnem
3324 4598 3554 4666 languo-

291 4685 455 4760 νόσον
485 4709 581 4761 καὶ
604 4685 788 4761 πᾶσαν
821 4705 1114 4777 μαλακίαν,
1146 4720 1165 4753 ι
1200 4701 1401 4767 ἔδειξεν
1431 4701 1566 4769 ἡμῖν
1591 4697 1792 4761 κάυτδς
1821 4700 1878 4750 ἐν

1990 4698 2094 4737 rem
2128 4692 2180 4748 ιι,
2214 4704 2232 4736 ι
2263 4685 2507 4739 ostendit
2534 4697 2588 4740 et
2629 4685 2751 4756 ipse
2782 4686 2944 4742 nobis
2979 4687 3035 4741 in
3074 4687 3278 4756 seipso,
3319 4686 3412 4743 Dei
3447 4688 3553 4740 tui-

290 4795 446 4867 αὐτῷ
476 4796 544 4849 τά
595 4795 689 4848 τοῦ
747 4775 1186 4864 παῦραδοξοποιοῦ
1239 4785 1377 4842 Θεοῦ
1417 4785 1728 4854 θαυμάσια·
1776 4785 1877 4857 τὴν

1990 4775 2227 4830 rabilium
2297 4778 2603 4846 patratoris
2682 4778 2961 4833 mirabilia
3044 4794 3251 4849 opera,
3317 4780 3553 4849 gratiam

273 4882 530 4955 ’ἄφθονον
568 4886 747 4956 χάριν*
780 4883 881 4951 τὴν
907 4880 1177 4952 βρύουσαν
1207 4879 1412 4949 πηγήνο
1438 4879 1508 4930 τὰ
1540 4876 1874 4947 μελλίρρυτα

1990 4868 2231 4933 uberem,
2270 4877 2585 4924 manantem
2619 4868 2852 4933 fontem,
2886 4870 3175 4926 mellilluos
3208 4872 3419 4925 latices.

290 4978 539 5031 νάματα.

415 4995 539 5030 ατα.

368 4995 407 5047 μ
611 5066 751 5134 Περὶ
789 5065 899 5133 τῆς
918 5064 1132 5129 ἰάσεως
1164 5061 1274 5115 τοῦ
1304 5058 1558 5128 τυφλοῦ.

2527 5052 2604 5108 De
2631 5070 2769 5108 cazco
2796 5067 3008 5109 sanato.

367 5178 555 5248 Τούτῳ
600 5180 712 5250 γάρ
753 5195 884 5232 ποτε
933 5177 1013 5248 τῷ
1056 5174 1334 5246 μακαρίῳ,
1373 5171 1574 5242 τυφλός
1601 5188 1686 5234 τις
1728 5171 1872 5224 κατὰ

2047 5163 2185 5219 Cum
2218 5164 2285 5218 ad
2314 5180 2436 5220 cum
2492 5166 2830 5236 quandoque
2872 5182 3050 5222 caecus
3093 5166 3315 5236 quidam
3342 5209 3358 5233 ,
3409 5181 3554 5221 caeco

288 5269 387 5323 τὸν
432 5270 497 5322 ἐκ
528 5271 797 5341 γεννητῆς
828 5269 1054 5336 τυφλὸν,
1096 5266 1494 5337 προσέρχεται,
1521 5264 1738 5335 κράζων
1776 5262 1872 5317 καὶ

1990 5256 2059 5312 illi
2089 5272 2120 5311 a
2178 5257 2475 5312 nativitate
2504 5250 2705 5313 similis
2748 5262 2796 5319 ν,
2825 5257 3143 5313 accessisset
3178 5259 3424 5312 clamans
3467 5260 3553 5312 tli-

290 5363 495 5430 λὲγωψ
534 5360 699 5414 Δοῦλε
724 5360 823 5414 τοῦ
853 5359 989 5413 Θεοῦ
1021 5359 1115 5413 τοῦ
1146 5358 1394 5428 ὑψίστου,
1425 5357 1695 5419 Πατάπιε,
1725 5353 1875 5407 τασαί

1990 5365 2229 5417 reusque
2264 5366 2277 5403 ε
2312 5348 2480 5405 Serve
2503 5348 2600 5405 Dei
2631 5350 2912 5412 altissimi,
2944 5349 3159 5420 Patapi,
3192 5366 3330 5405 sana
3360 5353 3553 5407 oculos

293 5470 406 5525 μου
441 5453 565 5517 τοὺς
587 5452 923 5524 ὀφθαλμούς·
957 5451 1172 5517 ἅνοιξόν
1207 5468 1309 5521 μου
1349 5448 1448 5519 τὴν
1477 5448 1746 5519 πήρωσιν,
1778 5444 1874 5497 καὶ

1990 5463 2166 5513 meos;
2203 5447 2357 5517 aperi
2388 5462 2566 5503 meam
2615 5447 2946 5509 caecitatem,
2982 5460 3048 5499 ac
3096 5460 3182 5500 me
3217 5446 3552 5500 ohtcnebra-

291 5545 536 5615 φώτισόν
576 5563 645 5616 με
688 5545 783 5600 τὸν
814 5544 1226 5614 ἐσκοτισμένον,
1249 5544 1302 5596 εί
1325 5558 1444 5604 πως
1472 5540 1561 5593 διὰ
1600 5536 1717 5599 σοῦ,
1779 5534 1878 5605 τὴν

1990 5547 2100 5591 tum
2133 5537 2379 5594 illumiua
2414 5555 2427 5593 :
2463 5537 2510 5591 si
2558 5537 2836 5607 quomodo
2866 5551 2964 5607 per
3001 5547 3054 5591 te
3092 5536 3285 5592 videns
3307 5577 3321 5602 ,
3357 5551 3550 5590 eorum

377 5700 579 5755 “Rom.
613 5716 667 5763 v,
697 5695 789 5753 20.
867 5706 892 5734 °
924 5699 1031 5754 lsa.
1062 5709 1143 5756 ιι,
1172 5692 1239 5758 2;
1276 5692 1475 5763 Luc.it,
1500 5689 1616 5763 79._
1663 5701 1692 5742 ιι
1718 5689 1874 5746 Joan.

1990 5693 2042 5749 9.
2121 5700 2148 5742 τι
2174 5689 2322 5748 Psal.
2356 5704 2527 5759 ωιτη,
2559 5689 2648 5746 56.
2757 5696 2782 5728 τ
2811 5686 2973 5744 Joan.
3000 5703 3113 5756 nv,
3152 5687 3241 5746 12.
3321 5697 3344 5728 ·
3375 5687 3550 5749 lCor.

295 5778 476 5839 xn,6.
559 5773 574 5808 ι
609 5759 745 5825 Luc.
778 5783 833 5834 ι,
876 5769 966 5822 19.
1035 5772 1069 5843 ιι.
1103 5763 1292 5820 Matth.
1325 5778 1380 5833 ι,
1407 5762 1459 5816 1.
1534 5771 1562 5803 τ
1591 5759 1751 5839 Joan.
1785 5777 1861 5830 Ix,
1907 5763 1958 5818 ί.
