3978 6140
540 284 679 349 1223

1706 288 1777 350 s.
1816 279 2149 346 ANDRE/E
2175 243 2601 343 CRETENSIS

3626 274 3728 340 ΓΜ

536 411 662 467 quae
693 394 872 452 oculis
898 402 1030 451 sunt
1052 395 1322 466 subjecta,
1365 394 1857 450 concinnissimam
1886 408 2118 465 compo-

2227 390 2333 445 τῶν
2378 390 2678 463 ὁρωμένων
2733 387 3079 459 θεασάμενος
3119 388 3466 458 παναρμόνιον
3502 385 3724 445 σύστασιν,

541 489 822 550 sitionem,
862 488 1205 558 miratusque
1237 488 1500 544 eximiam
1546 503 1732 563 rerum
1775 488 2058 560 speciem,
2091 503 2122 543 a

542 581 768 645 Creatis,
794 578 1115 636 Creatorem
1141 590 1545 652 auctoremque
1572 582 1793 639 laudem
1831 599 1844 635 :
1870 596 1996 636 eum
2040 581 2124 635 vir

546 673 742 726 beatus
767 672 1008 727 intuitus
1033 675 1185 744 gravi
1218 675 1562 733 laborantem
1604 675 1875 739 cmcitate,
1914 674 2125 744 quique

543 763 909 821 nihilominus
937 765 1099 821 fidem
1133 782 1256 836 qua:
1283 766 1549 823 transfert
1580 775 1821 832 montes,
1874 766 2123 829 haberet,

542 858 592 911 ei
635 859 927 928 respondit
967 877 980 912 :
1020 859 1169 925 Quid
1210 862 1276 915 ad
1324 877 1412 917 me
1456 862 1750 926 accedens,
1801 877 1835 915 ο
1875 859 2122 931 juvenis,

540 949 659 1004 dari
702 952 842 1019 petis
886 966 1008 1020 quae
1039 962 1304 1021 superant
1337 968 1514 1009 meam
1566 952 1937 1009 facultatem?
1981 950 2125 1018 Quid

542 1056 675 1095 vero
706 1042 760 1095 in
789 1058 876 1097 me
899 1044 1166 1113 aspexisti
1217 1046 1368 1109 boni,
1406 1062 1439 1101 ο
1483 1046 1670 1108 homo.
1704 1054 1766 1100 ut
1804 1059 1926 1100 eam
1965 1058 1997 1097 a
2038 1058 2127 1098 me

543 1150 705 1204 roges
740 1139 1368 1204 accipere'eurationem
1423 1154 1589 1209 quam
1642 1140 1796 1194 solus
1840 1139 2128 1192 universo—

543 1241 666 1279 rum
697 1226 954 1281 conditur
994 1228 1160 1294 Deus,
1203 1230 1318 1297 ubi,
1366 1237 1418 1284 et
1465 1230 1783 1300 quomodo,
1820 1238 1876 1283 et
1925 1230 2129 1299 quibus

546 1315 665 1368 vult
700 1316 1055 1385 impertitur?
1081 1318 1288 1383 Quidni
1316 1319 1384 1373 ad
1415 1335 1541 1374 eum
1593 1317 1921 1375 recurristi?
1953 1317 2120 1384 Quid,

544 1407 755 1463 omisso
796 1408 1081 1474 Creature,
1120 1412 1187 1465 ad
1220 1423 1534 1467 creaturam
1571 1412 1815 1467 venisti?
1843 1411 2011 1476 Quid,
2039 1426 2129 1465 re-

545 1499 678 1552 licto
716 1498 970 1562 Domino,
1010 1500 1077 1554 ad
1105 1515 1328 1555 servum
1360 1502 1713 1571 confugisti?
1750 1500 1948 1557 Nescis
1980 1500 2128 1554 indi-

543 1605 674 1660 gere
709 1605 813 1644 nos
841 1593 1147 1648 universim
1189 1594 1341 1649 illius
1373 1594 1616 1648 auxilio?
1646 1594 1873 1664 ignoras
1901 1593 2051 1663 quod
2074 1601 2129 1646 et

541 1692 646 1747 ego
688 1679 790 1731 sim
844 1680 1010 1732 homo
1054 1681 1203 1735 sicut
1247 1689 1302 1734 et
1350 1682 1451 1735 tu?
1498 1680 1645 1747 Quid
1693 1696 1828 1753 ergo
1882 1682 2126 1752 exquiris

543 1773 695 1839 quod
737 1787 847 1824 nun
890 1771 1018 1824 licet
1054 1772 1363 1841 praestare?
1387 1771 1533 1838 Quid
1570 1780 1739 1827 tanta:
1778 1788 1866 1828 me
1899 1774 2127 1843 aagritu-

542 1866 692 1920 dinis
715 1865 986 1918 medicum
1023 1867 1204 1934 cupis,
1234 1864 1397 1935 cujus
1423 1875 1638 1920 tantum
1665 1866 1926 1922 sanandae
1955 1867 2130 1920 virtu-

543 1963 653 2008 tem
691 1955 737 2009 is
772 1956 958 2024 Iargiri
993 1957 1203 2025 possit,
1249 1959 1342 2027 qui
1394 1958 1525 2012 olim
1578 1958 1911 2012 auctoritate
1941 1958 2124 2012 divina

543 2059 756 2099 caecum
781 2048 1041 2100 sanavit?
1072 2048 1210 2102 Cum
1247 2048 1436 2103 verbis
1465 2047 1741 2118 ejusmodi
1782 2049 1866 2103 vir
1900 2059 2126 2105 sanctus

544 2137 951 2191 adolescentem
1007 2139 1189 2194 lenius
1240 2140 1636 2205 submoveret,
1669 2143 1915 2196 acvelut
1964 2141 2125 2196 bonis

541 2230 894 2284 sermonibus
928 2231 1255 2299 expelleret,
1279 2232 1483 2286 institit
1523 2233 1614 2287 ille
1649 2233 1849 2289 iterum
1875 2272 1890 2296 ,
1919 2248 1987 2288 ac
2022 2248 2125 2287 an-

541 2323 757 2391 tiquum
798 2322 950 2376 illum
1006 2323 1257 2378 imitatus
1297 2340 1506 2379 czeeum
1533 2334 1584 2388 κ,
1638 2341 1837 2397 magna
1890 2328 2125 2397 supplex

540 2413 803 2466 clamavit
860 2429 1013 2475 voce,
1076 2415 1313 2469 dicens:
1352 2415 1618 2471 Miserere
1675 2418 1819 2484 mei,
1866 2433 1996 2473 vere
2033 2418 2125 2472 Dei

538 2519 722 2568 serve,
757 2504 971 2576 Patapi.
1002 2505 1125 2560 Tibi
1178 2508 1325 2561 enim
1374 2508 1465 2562 ille
1503 2523 1622 2564 eam
1683 2511 1919 2577 gratiam
1950 2509 2120 2563 dona-

538 2598 644 2662 vit,
676 2606 883 2667 tuoque
923 2599 1260 2665 ministerio,
1295 2616 1487 2655 verum
1523 2601 1658 2657 illud
1692 2603 1901 2665 lumen,
1929 2604 2126 2655 oculo-

538 2702 664 2743 rum
702 2689 839 2741 mihi
888 2689 1237 2758 splendorem
1280 2690 1470 2744 donat.
1530 2691 1851 2757 Enimvero,
1902 2708 1993 2755 ne,
2040 2695 2126 2746 vir

540 2779 1102 2843 beate,cunctatione
1136 2780 1395 2833 ﬁduciam
1430 2782 1744 2844 obtuderis,
1772 2798 1907 2837 neve
1937 2782 2120 2838 distu-

539 2869 673 2925 leris
705 2872 926 2936 donum,
965 2880 1061 2925 aut
1091 2875 1263 2928 solem
1295 2876 1441 2930 nube
1467 2856 1840 2930 occultaveris
1868 2893 1879 2929 :
1915 2878 2008 2931 sed
2030 2876 2124 2947 qui

540 2963 732 3019 videas
786 2963 1142 3019 alﬂictionem
1181 3007 1194 3030 ,
1266 2969 1449 3037 praibe
1500 2968 1824 3022 sanitatem.
1891 2966 2124 3023 Metiens

2226 484 2323 538 καὶ
2348 484 2640 554 Θαυμάσας
2664 482 2849 535 αὐτῶν
2882 482 2943 535 τὸ
2974 481 3275 549 ἐξαίρετον,
3314 481 3525 551 ὑμνήσω
3546 479 3620 532 διὰ
3646 480 3727 532 τῶν

2226 578 2553 647 κτισμάτων
2576 575 2668 629 τὸν
2701 575 3002 629 κτίσαντα.
3033 573 3236 627 Τοῦτον
3254 576 3282 625 ὀ
3306 572 3551 642 μακάριος
3575 570 3728 624 θεασὰ-

2231 685 2414 739 μενος,
2436 667 2627 730 δεινῶς
2645 667 2744 738 μὲν
2772 665 2880 719 ὑπὸ
2901 666 2995 719 τοῦ
3026 665 3195 732 ζόφου
3226 667 3302 727 εἰς
3331 663 3570 733 ἀϐλεψίαν
3592 665 3727 732 ἀμαυ-

2230 758 2500 830 ρωθέντα,
2533 758 2720 813 πίστιν
2769 758 2828 811 δὲ
2876 757 3222 826 κεκτημένον
3264 757 3359 825 τὴν
3382 754 3476 824 ὄρη
3524 753 3728 806 ποιοῦσαν

2230 850 2626 922 μεθίστασθαι,
2646 851 2785 922 πρὶς
2813 850 2977 904 αὐτὸν
3006 850 3358 919 ἀπεκρίνατο·
3376 847 3436 899 Τί
3455 864 3552 916 μοι,
3572 845 3728 907 νεανία,

2229 941 2498 1014 προσιὼν,
2531 942 2601 996 τὰ
2634 943 2775 1011 ὑπὲρ
2809 941 2912 1011 ἐμὲ
2944 941 3153 995 διδόναι
3197 939 3403 1011 ζητεῖς;
3444 938 3502 989 Τί
3529 937 3621 988 τῶν
3641 936 3730 1005 cipi-

2230 1052 2373 1090 στων
2403 1036 2463 1088 ἐν
2490 1036 2615 1103 ἐμοὶ
2642 1035 3007 1105 θεασάμενος,
3038 1033 3244 1103 ταύτην
3284 1030 3408 1101 παρ’
3436 1030 3554 1099 ἐμοῦ
3571 1028 3731 1092 λαϐεῖν,

2227 1128 2507 1199 ἄνθρωπε,
2538 1126 2638 1198 τὴν
2677 1128 2979 1197 θεραπείαν
3015 1126 3209 1189 αἰτεῖς,
3233 1124 3300 1196 ἣν
3333 1122 3480 1194 μόνος
3505 1121 3530 1172 ὁ
3550 1121 3733 1189 Κτίστης

2229 1219 2337 1273 τῶν
2381 1219 2520 1273 ὅλων
2573 1219 2726 1283 Θεὸς,
2765 1218 2916 1285 ἔνθα,
2958 1218 3057 1271 καὶ
3087 1217 3234 1280 ὅποι,
3290 1215 3383 1267 καὶ
3424 1207 3500 1276 οἷς
3541 1211 3733 1282 βούλεται

2229 1314 2506 1384 διανέμει;
2543 1314 2596 1366 τί
2647 1314 2723 1384 μὴ
2773 1313 2912 1384 πρὸς
2969 1313 3183 1365 ἐκεῖνον
3222 1309 3535 1379 ἀνέδραμες;
3579 1306 3651 1368 Τί,
3668 1306 3734 1357 τὸν

2231 1407 2477 1477 Κτίστην
2498 1407 2683 1475 ἀφεὶς,
2711 1407 2808 1460 ἐπὶ
2836 1406 2897 1459 τὸ
2912 1405 3122 1475 κτίσμα
3153 1400 3446 1473 ἐλήλυθας;
3477 1399 3555 1463 Τί,
3576 1397 3650 1450 τὸν
3668 1398 3737 1448 Δε-

2233 1497 2440 1566 σπότην
2473 1497 2816 1561 καταλιπὼν,
2838 1497 2977 1568 πρὸς
3002 1495 3096 1551 τὸν
3118 1495 3302 1550 δοῦλον
3327 1493 3632 1561 κατέφυγες;
3652 1491 3737 1542 Οὐκ

2230 1587 2381 1652 οἶδας
2411 1591 2494 1644 ὅτι
2530 1593 2682 1660 κοινῇ
2714 1589 2917 1653 πάντες
2954 1591 3055 1661 τῆς
3111 1588 3320 1644 ἐκείνου
3365 1589 3518 1657 ἐσμὲν
3559 1586 3738 1647 ἐπιδεεῖς

2233 1682 2557 1752 συμμαχίας
2579 1698 2594 1745 ;
2629 1683 2743 1735 Οὐκ
2770 1677 2920 1744 οἶδας
2945 1681 3030 1735 ὃτι
3068 1682 3165 1735 καὶ
3188 1678 3350 1743 αύτδς
3388 1676 3490 1745 ἐγὼ
3511 1674 3740 1745 ἄνθρωπός

2228 1773 2349 1842 εἰμι
2383 1772 2460 1835 ὡς
2489 1772 2585 1825 καὶ
2625 1771 2725 1838 σύ;
2756 1772 2822 1825 Τί
2857 1768 2951 1825 οὖν
2988 1772 3176 1841 ζητεῖς
3200 1769 3237 1824 ἃ
3264 1769 3509 1839 παρέχειν
3536 1768 3588 1821 οὐ
3614 1765 3738 1819 δύνα-

2231 1879 2353 1933 μαι.
2391 1864 2456 1916 Τί
2505 1863 2765 1933 τοιαύτης
2816 1862 2993 1926 θέλεις
3039 1880 3107 1933 με
3139 1863 3298 1917 νόσου
3340 1861 3575 1931 γενέσθαι
3610 1859 3736 1928 θερα·

2229 1955 2455 2025 πευτὴν,
2486 1951 2554 2025 ἧς
2587 1955 2650 2008 τὸ
2704 1955 2970 2011 δύνασθαι
3014 1955 3181 2023 μόνος
3233 1956 3433 2018 ἐκεῖνος
3457 1953 3558 2023 ἔχει
3588 1951 3737 2021 δωρεῖ-

2229 2047 2356 2101 σθαι
2390 2047 2490 2117 τὴν
2516 2049 2681 2113 ἴασιν,
2709 2051 2738 2102 ὁ
2764 2050 2861 2103 καὶ
2884 2048 3014 2117 πρὶν
3047 2049 3141 2103 τὸν
3163 2049 3362 2118 τυφλὸν
3392 2048 3463 2110 ὡς
3486 2046 3602 2109 Θεὸς
3621 2046 3738 2099 iaci—

2232 2155 2416 2209 μενος.
2449 2139 2676 2204 Τούτοις
2726 2140 2827 2210 μὲν
2855 2141 2954 2194 τοῦ
2989 2142 3137 2195 όσίου
3170 2144 3286 2204 τοῖς
3328 2143 3548 2212 ῥήμασιν
3588 2141 3739 2193 ἀποσο-

2230 2230 2454 2293 ϐοῦντος
2481 2231 2665 2301 ἡρέμα
2685 2231 2777 2285 τὸν
2806 2232 3050 2297 νεανίαν,
3092 2234 3195 2286 καὶ
3215 2236 3466 2305 χρηστοῖς
3500 2226 3577 2285 οἷα
3602 2232 3739 2299 λόγοις

2228 2323 2392 2377 αὐτὸν
2427 2324 2806 2390 ἐκδιώκοντος,
2849 2327 3061 2390 ἐκεῖνος
3090 2323 3252 2389 αὖθις
3292 2327 3546 2391 ἐνίστατο,
3572 2324 3738 2380 καὶτὸν

2228 2413 2359 2482 πρὶν
2393 2411 2599 2480 τυφλὸν
2646 2414 3087 2485 ἐκμιμούμενος,
3146 2418 3365 2487 μεγάλα
3416 2418 3540 2488 βοῶν
3565 2417 3738 2469 καθικέ·

2227 2517 2376 2554 τευε·
2425 2502 2683 2571 Ἐλέησόν
2710 2519 2799 2572 με,
2827 2504 3027 2573 λέγων,
3064 2498 3109 2559 ὦ
3135 2507 3331 2575 γνήσιε
3361 2505 3449 2558 τοῦ
3479 2504 3595 2557 Θεοῦ
3617 2502 3739 2573 Bapti-

2229 2612 2349 2647 πων
2379 2593 2654 2648 Πατάπιε.
2680 2595 2774 2647 Σοὶ
2800 2595 2911 2667 γὰρ
2938 2597 3145 2668 ταύτην
3181 2599 3387 2661 ἐκεῖνος
3412 2598 3503 2667 τὴν
3529 2597 3659 2666 χάριν
3674 2596 3739 2646 δε-

2226 2685 2489 2755 δὼρηται,
2520 2688 2617 2740 καὶ
2652 2686 2743 2740 διὰ
2796 2686 2914 2750 σοῦ,
2960 2684 3048 2757 μοὶ
3083 2691 3144 2742 τὸ
3184 2691 3300 2760 φῶς
3325 2690 3382 2742 τὸ
3411 2688 3629 2759 ἀληθινὸν
3667 2685 3739 2754 τὴν

2228 2779 2405 2850 αὐγὴν
2437 2781 2695 2850 δωρεῖται
2720 2780 2830 2835 τῶν
2873 2781 3201 2851 ὀφθαλμῶν.
3248 2783 3407 2838 Ἀλλὰ
3436 2784 3504 2853 μὴ
3529 2782 3646 2850 ὄκνῳ
3668 2780 3742 2848 τὴν

2230 2872 2552 2945 παρρησίαν
2601 2872 2910 2945 ἀμϐλύνῃς,
2964 2876 3303 2945 μακαριστὲ,
3354 2875 3479 2946 μηδέ
3514 2871 3742 2931 ἀναϐολαῖς

2226 2960 2327 3031 τὴν
2377 2960 2589 3031 δωρεὰν
2637 2962 2986 3031 ύπερτίθεσο,
3021 2965 3163 3036 μήτε
3195 2965 3393 3038 νεφέλῃ
3429 2964 3641 3034 καλύψῃς
3677 2960 3744 3012 τὸν

541 3055 726 3119 fidem,
766 3058 947 3112 tribue
979 3066 1236 3129 gratiam.
1273 3058 1458 3116 Lance
1488 3059 1717 3131 exigens
1757 3059 2122 3126 desiderium,

2227 3054 2398 3125 ἥλιονο
2435 3055 2554 3109 ἀλλ’
2586 3053 2710 3110 tam
2763 3073 2869 3127 μου
2916 3055 3017 3125 τὴν
3067 3057 3343 3119 κάκωσιν,
3393 3058 3640 3127 παράσχου
3671 3052 3744 3120 τὴν

537 3162 671 3201 cura
708 3150 1118 3218 aegritudinem.
1167 3151 1309 3218 Quid
1339 3153 1507 3223 igitur
1544 3154 1628 3207 vir
1666 3155 1899 3211 beatus?
1923 3156 2123 3224 Habes,

537 3239 744 3309 inquit,
772 3240 980 3294 ﬁdem?
1013 3241 1209 3298 Credis
1243 3241 1358 3298 Deo
1387 3245 1479 3312 qui
1524 3244 1691 3299 habet
1749 3246 2126 3314 potestatem?

537 3327 740 3383 Credis
792 3331 869 3382 illi
907 3333 998 3401 qui
1033 3342 1194 3387 sanat
1246 3349 1465 3389 omnem
1505 3337 1757 3392 morbum
1806 3344 1862 3393 et
1898 3352 2121 3393 omnem

537 3420 902 3493 languorem?
929 3426 1010 3480 Ad
1048 3427 1165 3482 Ιιαξο
1213 3428 1414 3483 iterum
1450 3431 1583 3484 ille:
1619 3429 1824 3491 Credo.
1871 3430 2122 3496 Domine,

539 3528 606 3566 ac
636 3516 872 3570 credens
901 3519 1131 3577 accedo.
1173 3520 1242 3572 At
1275 3519 1539 3591 Patapius
1567 3539 1581 3575 :
1617 3520 1677 3576 In
1709 3522 1936 3576 nomine
1990 3521 2123 3577 Jesu

538 3607 768 3674 Christi,
810 3610 905 3678 qui
936 3611 1152 3665 curavit
1198 3626 1428 3675 caecum,
1461 3612 1515 3666 in
1546 3627 1712 3681 quem
1753 3612 1985 3669 credens
2016 3613 2124 3669 huc

468 3686 475 3689 ’
538 3700 846 3763 accessisti,
873 3701 984 3755 eris
1018 3701 1215 3756 videns
1246 3703 1446 3766 solem,
1480 3704 1633 3758 nullo
1664 3720 1903 3773 usquam
1951 3705 2125 3776 impe-

539 3792 847 3846 dimentum
884 3794 1187 3863 praebente.
1236 3794 1543 3850 Confestim
1578 3795 1747 3867 igitur
1776 3796 1898 3868 ejus
1943 3799 2123 3869 aperti

539 3892 673 3939 sunt
701 3884 868 3948 oculi,
913 3885 1260 3957 elfectusque
1289 3898 1375 3942 est
1405 3903 1578 3943 sanus
1611 3888 1959 3956 adolescens,
1990 3906 2054 3945 ac
2075 3891 2120 3948 si

536 3992 821 4048 nunquam
875 3970 1163 4035 habuisset
1215 3980 1378 4035 lassas
1425 3981 1687 4052 pupillas,
1719 3991 1814 4038 aut
1860 3984 2120 4039 morbum

536 4069 810 4137 ejusmodi
852 4086 1049 4140 passus
1096 4080 1267 4128 esset.
1321 4072 1547 4128 Demum
1604 4074 1845 4129 mirabili
1903 4075 2007 4129 hac
2064 4076 2121 4131 in

536 4178 663 4216 eum
700 4162 844 4217 facta
875 4165 1149 4227 sanitate,
1193 4166 1447 4221 videntes
1496 4168 1720 4237 quidem
1753 4168 2122 4227 admiratione

536 4256 737 4325 perciti
770 4254 941 4311 Deum
974 4257 1341 4313 laudaverunt
1364 4277 1379 4327 ς
1406 4260 1503 4330 qui
1548 4275 1677 4314 vero
1710 4260 1895 4315 fuerat
1926 4276 2122 4332 sospes

536 4346 787 4402 redditus
833 4349 969 4404 abiit
1016 4350 1266 4419 gaudens
1316 4353 1737 4422 exsultansque,
1785 4353 2024 4410 laudans
2057 4369 2121 4410 ac

536 4437 856 4508 glorificans
911 4438 1123 4504 Deum,
1191 4441 1287 4512 qui
1359 4442 1569 4514 gratias
1618 4444 1961 4513 ejuscemodi
2017 4445 2120 4500 ad.

533 4545 736 4587 versus
780 4532 1004 4589 morbos
1040 4534 1259 4589 sanctis
1293 4536 1410 4591 suis
1443 4538 1673 4605 praebet.
1718 4535 1846 4592 Fuit
1876 4539 1981 4593 hoc
2014 4538 2121 4609 pri-

534 4636 686 4674 mum
729 4636 758 4674 a
800 4632 996 4678 sancto
1025 4625 1236 4679 editum
1284 4628 1639 4683 miraculum.
1681 4627 1824 4684 Sunt
1860 4631 1942 4685 ha:
1996 4630 2118 4700 ejus

534 4712 791 4769 laborum
824 4715 1087 4787 primitiae
1121 4737 1134 4773 :
1163 4732 1402 4788 quarum
1437 4735 1542 4776 nos
1590 4710 1910 4792 lat‘gitorem
1955 4722 2119 4779 Chri-

534 4812 705 4873 stum,
740 4816 1106 4881 sanctumque
1136 4810 1430 4881 condignis
1465 4813 1704 4871 canticis
1746 4815 2112 4883 celebrantes,

533 4892 604 4949 ad
636 4895 787 4951 aliud
824 4897 953 4954 hinc
984 4898 1312 4955 miraculum
1337 4941 1353 4966 ,
1390 4908 1762 4960 transeamus.

850 5194 930 5250 De
960 5197 1252 5268 hydropico
1281 5200 1510 5255 sanitati
1539 5203 1810 5258 restituto.

606 5307 879 5364 Proccdat
912 5326 1073 5382 ergo,
1126 5327 1189 5367 ac
1225 5329 1286 5369 se
1328 5315 1565 5370 orationi
1616 5328 1738 5386 post
1783 5330 2118 5387 generosum

535 5400 690 5457 illum
746 5401 971 5467 inferat,
1030 5405 1190 5459 homo
1239 5408 1334 5461 ille
1385 5408 1455 5462 ab
1502 5408 1794 5479 hydropisi
1824 5412 2116 5466 sanitatem

536 5495 793 5564 adeptus.
829 5493 957 5549 Fuit
983 5497 1031 5551 is
1056 5499 1308 5555 incolens
1337 5499 1530 5555 urbem
1571 5501 1803 5573 regiam.
1829 5501 1967 5557 Cum
2015 5518 2118 5557 au-

539 5591 646 5636 tem
676 5600 810 5639 casu
842 5587 898 5640 in
942 5594 1067 5641 eum
1111 5591 1362 5648 morbum
1399 5593 1709 5660 incidisset,
1767 5594 1861 5649 illo
1910 5595 2115 5653 misere

610 5727 640 5758 ι
668 5718 802 5776 Luc.
842 5739 1001 5791 xvnt,
1036 5727 1127 5781 58.

2231 3147 2400 3202 ἴασιν.
2426 3148 2730 3219 Μετρήσας
2767 3165 2869 3219 μου
2901 3147 3001 3217 τὴν
3031 3148 3245 3216 πίστιν,
3300 3149 3435 3204 δίδου
3478 3150 3564 3218 τὴν
3604 3146 3742 3217 χάριν.

2229 3240 2646 3309 Ζυγοστατήσας
2681 3256 2782 3308 μου
2816 3238 2910 3292 τὸν
2939 3238 3129 3305 πόθον,
3160 3240 3490 3310 θεράπευσον
3513 3239 3591 3292 τὸν
3605 3237 3742 3291 πόνον.

2226 3330 2292 3382 Τί
2321 3324 2414 3384 οὖν
2448 3331 2477 3382 ὁ
2520 3330 2828 3401 μακάριος;
2857 3331 3044 3403 Ἔχεις
3084 3333 3311 3401 πίστιν;
3343 3333 3487 3404 φησί.
3522 3327 3745 3389 Πιστεύεις

2225 3421 2304 3493 τῷ
2344 3421 2443 3493 τὴν
2489 3421 2743 3487 ἐξουσίαν
2774 3422 2952 3494 ἔχοντι
2989 3423 3138 3494 Θεῷ;
3186 3425 3469 3487 Πιστεύεις
3513 3423 3582 3494 τῷ
3621 3421 3744 3489 Θερα-

2227 3513 2451 3567 πεύοντι
2479 3516 2665 3567 πᾶσαν
2690 3514 2849 3569 νόσον
2870 3513 2964 3568 καί
2988 3517 3177 3570 πᾶσαν
3212 3518 3507 3587 μαλακίαν;
3533 3515 3744 3571 Κάκεῖνος

2226 3598 2388 3669 αὖθίς
2424 3621 2580 3674 imor
2609 3605 2878 3671 Πιστεύω,
2917 3607 3115 3677 Κύριε,
3154 3609 3254 3661 καὶ
3282 3608 3538 3661 πιστεύων
3564 3602 3745 3676 προσέρ-

2226 3714 2416 3768 χομαί’
2451 3697 2510 3750 Ὀ
2561 3697 2620 3751 δὲ
2669 3698 2806 3769 πρὸς
2850 3699 3037 3752 αὐτόν’
3098 3700 3194 3753 Ἐν
3231 3700 3309 3772 τῷ
3354 3699 3566 3771 ὀνόματι
3610 3689 3744 3763 Ἰησοῦ

2226 3788 2469 3861 Χριστοῦ
2505 3788 2599 3843 τοῦ
2623 3789 2716 3842 τὸν
2745 3790 2947 3860 τυφλὸν
2971 3791 3439 3863 θεραπεύσαντος,
3461 3795 3534 3855 εἰς
3553 3791 3603 3844 δν
3626 3787 3746 3841 ἐνθά-

2224 3883 2283 3936 δε
2310 3882 2697 3946 πεπιστευκὼς
2726 3883 3136 3954 παραγέγονας,
3171 3884 3271 3959 ἔσῃ
3305 3886 3509 3957 βλέπων
3537 3884 3615 3938 τὸν
3633 3882 3746 3952 ἥλιον

2228 3976 2546 4049 μηδαμόθεν
2593 3977 2937 4047 εἰργόμενος.
3002 3977 3223 4032 Αὐτίκα
3271 3978 3403 4047 γοῦν
3457 3975 3749 4047 ἠνεῴχθησαν

2224 4066 2393 4120 αὐτοῦ
2424 4067 2475 4119 οἱ
2500 4064 2793 4137 ὀφθαλμοὶ,
2818 4069 2914 4120 καὶ
2946 4067 3179 4137 γέγονεν
3210 4069 3369 4141 ὑγιὴς
3400 4072 3427 4123 ό
3453 4069 3659 4130 νεανίας,
3692 4062 3749 4125 ὡς

2227 4157 2458 4229 μηδέπω
2484 4157 2766 4228 πηρωθεὶς
2789 4159 2889 4223 τὰς
2919 4159 3091 4230 κόρας
3111 4159 3226 4214 τῶν
3240 4160 3544 4231 ὀφθαλμῶν,
3565 4159 3593 4228 ἦ
3618 4153 3749 4210 τοιού·

2222 4268 2317 4304 του
2349 4251 2557 4316 πάθους
2612 4252 2673 4306 ἐν
2718 4251 2886 4323 πείρᾳ
2921 4251 3246 4323 γενόμενος.
3316 4254 3547 4325 ’Δμέλει,
3585 4247 3746 4315 ταύτης

2223 4344 2303 4407 είς
2335 4343 2501 4400 αὐτὸν
2529 4343 2634 4415 τῆς
2663 4343 2972 4416 παραδόξου
3000 4346 3310 4416 γενομένης
3355 4348 3559 4412 ἰάσεως,
3590 4345 3631 4397 ol
3674 4339 3747 4410 μὲν

2225 4436 2485 4508 ὁρῶντες,
2513 4435 2606 4490 τὸν
2636 4436 2771 4490 Θεὸν
2802 4437 3078 4508 ἁνύμνουν
3109 4435 3503 4510 θαυμάζοντες.
3535 4437 3588 4490 Ὀ
3610 4435 3656 4487 δὲ
3681 4447 3747 4483 τυ-

2225 4531 2338 4605 χὼν
2371 4533 2471 4605 τῆς
2509 4532 2727 4599 ἰάσεως,
2754 4534 2920 4606 ἀπῄει
2943 4536 3202 4609 γεγηθὼς
3233 4538 3328 4590 καὶ
3346 4536 3666 4606 γαννύμενος,
3688 4529 3748 4581 αῖ·

2224 4627 2334 4681 νῶν
2358 4626 2452 4680 τὸν
2487 4625 2761 4679 Θεὸψκαὶ
2804 4626 3048 4692 δοξάζων
3082 4629 3178 4682 τὸν
3206 4629 3432 4682 τοιαῦτα
3462 4629 3566 4690 τοῖς
3609 4621 3746 4690 ἁγίοις

2225 4715 2394 4772 αὐτοῦ
2430 4716 2749 4790 παρέχοντα
2776 4717 2921 4774 κατὰ
2948 4718 3061 4774 τῶν
3100 4722 3428 4793 νοσημάτων
3469 4718 3730 4791 χαρίσματα

2225 4809 2398 4864 Τοῦτο
2440 4809 2659 4883 πρῶτον
2706 4809 2800 4864 τοῦ
2855 4811 3007 4866 ὁσίου
3060 4811 3260 4881 γέγονε
3309 4809 3742 4883 θαυματούργημω

2226 4903 2369 4977 αὕτη
2389 4902 2556 4958 αὑτοῦ
2589 4903 2700 4958 τῶν
2726 4904 2908 4960 πόνων
2937 4906 2972 4975 ἠ
3002 4906 3256 4977 ὰπαρχή.
3278 4897 3390 4969 Ἧς
3415 4906 3560 4976 ἡμεῖς
3586 4899 3665 4954 τὸν
3684 4895 3748 4947 δο-

2226 4996 2373 5068 τῆρα
2418 4997 2682 5068 Χριστὸν,
2716 4999 2814 5053 καὶ
2839 5000 2932 5054 τὸν
2975 5002 3123 5057 ὅσιον
3173 5000 3415 5067 ἐπαξίως
3444 4996 3742 5069 ὑμνήσαντες,

2229 5093 2314 5163 ἐφ’
2349 5090 2547 5162 ἑτέραν
2575 5091 2826 5147 ἐντεῦθεν
2848 5092 3304 5167 θαυματουργίαν
3334 5092 3668 5166 μετέλθωμιν.

2490 5202 2631 5271 Περὶ
2659 5201 2771 5273 τῆς
2798 5204 3017 5273 ιάσεως
3041 5204 3148 5261 τοῦ
3180 5196 3547 5274 ὑὸεριῶντος·

2297 5313 2502 5367 Εἱσίτω
2524 5313 2706 5368 τοίνυν
2728 5314 2807 5385 τῷ
2833 5314 2978 5386 λόγῳ
3011 5317 3151 5388 μετὰ
3171 5316 3267 5371 τὸν
3286 5314 3540 5385 γεννάδαν
3565 5307 3742 5361 ἐκεῖνον.

2226 5409 2255 5461 ό
2286 5408 2485 5479 ὑδερίῳ
2519 5406 2681 5462 πάθει
2704 5409 3040 5480 νενοσηκὼς,
3069 5410 3168 5463 καὶ
3199 5411 3305 5479 τῆς
3337 5402 3615 5479 θεραπείας
3643 5397 3744 5449 ἀπ’

2226 5499 2531 5563 λελαυκὼς.
2566 5501 2677 5571 Τὴν
2710 5499 2960 5572 βασιλίδα
2980 5501 3387 5556 κατοικούντων
3409 5481 3743 5565 ἐτύγχανενᾶ

2231 5597 2288 5649 ἐν
2319 5592 2733 5665 συμϐεϐηκότος
2779 5595 2864 5660 εἰς
2911 5593 3137 5668 ὓδρωπα
3184 5590 3479 5665 μετελθὼν,
3520 5573 3743 5649 δυστυχῶς
