3978 6140
345 269 482 335 1225

1639 268 1724 330 ΙΝ
1760 270 1822 332 S.
1855 270 2272 331 PATAPIUM.

3455 262 3590 328 12936

341 385 448 438 ὑπὸ
478 382 572 434 τοῦ
608 380 812 444 πάθους
839 377 1125 450 ἠλγύνετο·
1155 379 1249 433 καὶ
1288 375 1354 448 δή
1386 378 1565 432 πᾶσαν
1597 378 1764 432 αὑτοῦ
1797 396 1920 450 σχε-

2034 378 2381 433 cruciabatur
2414 395 2426 431 :
2453 391 2518 434 ac
2549 377 2664 432 lere
2691 377 2949 434 universa
2973 376 3290 434 substantia
3312 377 3590 447 insumpta

339 475 429 529 δὸν
457 473 556 542 τήν
586 469 904 541 περιουσίαν
937 471 1021 534 είς
1052 470 1274 542 ἰατροὺς
1324 469 1734 541 ἐκδαπανήσας,
1763 468 1920 532 τέλος

340 565 520 635 ὤνησε
549 565 612 618 τὸ
637 564 900 635 παράπαν
933 563 1107 618 οὐδέν.
1135 558 1268 617 Εἶτα
1295 563 1390 618 ἐπὶ
1414 563 1517 634 τὴν
1563 561 1773 633 άφατον
1825 562 1922 614 καὶ

313 654 722 727 ’γαλοπάροχον
745 654 843 708 τοῦ
892 654 1134 727 Χριστοῦ
1163 655 1578 728 φιλανθρωπίαν
1605 652 1920 726 ἐξώρμησε,

341 745 644 809 πιστεύσας
671 745 854 817 μέντοι
881 746 944 800 τὸ
977 747 1269 818 πρότερον,
1311 749 1406 800 καὶ
1435 745 1536 816 τὴν
1559 746 1744 798 πίστιν
1775 744 1924 814 ἐργῳ

342 839 619 912 κυρώσας·
639 839 736 892 καὶ
761 839 826 909 δὴ
851 837 946 892 ἐπὶ
967 837 1058 892 τὸν
1077 838 1352 907 μακάριον
1374 837 1658 892 Πατάπιον
1679 837 1921 906 ἔρχεται,

342 926 438 980 καὶ
470 925 746 980 δείκνυσιν
777 925 929 996 αὐτῷ
957 925 1058 996 τὴν
1082 925 1181 980 τοῦ
1224 924 1433 988 πάθους
1473 926 1779 990 ἐπίστασιν,
1829 923 1926 976 καὶ

341 1015 439 1086 τὴν
466 1015 577 1068 τῶν
603 1015 810 1070 ὀδυνῶν
831 1016 1150 1086 ἐξαγγέλλει
1185 1015 1514 1090 δριμύτητα.
1548 1017 1646 1070 Ὃν
1681 1017 1710 1069 ὁ
1745 1015 1926 1086 μακά-

345 1124 462 1179 ριος
527 1105 888 1177 θεασάμενος,
938 1107 1190 1180 σφοδρῶς
1252 1107 1360 1160 ὑπὸ
1422 1107 1519 1160 τοῦ
1565 1105 1774 1170 πάθους
1824 1105 1924 1176 μὲν

341 1199 689 1268 πιεζόμενον,
714 1197 782 1250 δι’
821 1198 948 1252 ὅλου
993 1198 1050 1252 δέ
1095 1197 1188 1252 τὸν
1219 1197 1386 1266 ὄγκον
1414 1197 1784 1269 διαδραμόντα
1829 1195 1924 1250 τοῦ

344 1289 619 1360 σώματος,
653 1289 715 1342 οὐ
743 1288 1175 1358 καταπλάσμασί
1205 1305 1354 1342 τισιν
1376 1287 1410 1358 ἢ
1435 1289 1748 1359 φαρμάκοις
1769 1287 1928 1358 ἐχρή-

344 1401 502 1449 σατο,
527 1378 611 1446 οἷς
656 1381 1083 1454 Ἀσκληπιάδης,
1130 1382 1228 1434 καὶ
1263 1380 1657 1451 Ἱπποκράτης,
1689 1380 1784 1432 καὶ
1825 1379 1929 1432 Γα-

342 1474 504 1544 ληνὸς
539 1474 940 1546 κατάχρηνται,
975 1474 1071 1526 καὶ
1117 1473 1170 1525 oi
1215 1471 1424 1524 τούτων
1459 1469 1666 1534 παῖδες,
1711 1467 1930 1539 ψυχρὰς

345 1565 682 1634 παρέχοντες
701 1564 802 1626 τὰς
831 1561 1178 1634 παρηγορίας
1205 1563 1318 1624 τοῖς
1347 1560 1672 1631 κάμνουσιν
1703 1558 1838 1612 ἀλλὰ
1861 1560 1928 1629 τῇ

345 1656 478 1724 εὐχῇ
527 1652 806 1724 φαρμάκῳ
831 1653 1200 1723 χρησάμενος,
1239 1649 1462 1719 ὀργάνῳ
1489 1647 1546 1701 δὲ
1566 1646 1646 1718 τῷ
1683 1646 1927 1718 σταυρῷ,

2025 471 2078 526 in
2115 471 2379 536 medicos,
2411 469 2549 524 nihil
2585 469 2804 546 tandem
2861 468 3136 525 commodi
3191 467 3402 525 retulit.
3451 467 3592 522 Tum

2023 576 2084 617 se
2134 561 2200 616 ad
2251 561 2466 617 Christi
2523 561 2953 616 inenarrabilem
2987 561 3237 629 lacteque
3275 569 3595 616 manantem

2023 651 2375 707 clementiam
2411 651 2562 706 illam
2591 650 2830 716 confert,
2866 651 2960 706 ubi
2996 651 3260 705 nimirum
3293 651 3450 721 prius
3471 665 3596 706 cre—

2024 743 2283 808 didisset,
2319 742 2592 813 ﬂdemque
2627 757 2795 813 opere
2855 741 3244 798 conﬁrmasset
3299 758 3314 796 :
3369 741 3596 812 aditque

2025 834 2246 890 beatum
2287 833 2597 904 Patapium,
2635 849 2700 890 ac
2732 833 2944 889 indicat
2971 845 3258 905 urgentem
3317 835 3594 892 morbum.

2024 931 2081 980 et
2109 923 2365 980 dolorum
2401 926 2759 982 acerbitatem
2787 927 3068 982 enuntiat.
3100 927 3153 982 ls
3179 935 3365 982 autem
3408 926 3598 983 videns

2025 1013 2269 1082 graviter
2303 1014 2502 1068 morbo
2539 1029 2818 1085 pressum,
2849 1025 3230 1086 tumoremque
3273 1031 3481 1087 corpus
3511 1024 3602 1072 to-

2024 1111 2142 1156 tum
2184 1103 2840 1174 pervadentem.'nullis
2888 1107 3307 1178 cataplasmatis
3367 1109 3604 1164 medica-

2027 1195 2361 1266 mentisque,
2427 1196 2614 1268 qualia
2647 1197 3026 1268 Asclepiades,
3087 1213 3152 1253 ac
3217 1198 3600 1270 Hippocrates,

2028 1285 2402 1357 Galenusque,
2457 1294 2513 1342 et
2571 1288 2770 1344 medici
2833 1289 2950 1354 alii,
3003 1289 3202 1362 frigide
3251 1291 3606 1347 consolantes

2029 1388 2287 1450 a‘grotos,
2317 1380 2668 1434 adhibuerint
2689 1379 2824 1454 (85),
2858 1383 2956 1437 sed
2985 1384 3238 1438 oratione
3283 1385 3400 1438 sola
3428 1384 3604 1438 medi-

2029 1478 2285 1525 camento
2344 1486 2503 1534 usus,
2563 1485 2732 1526 cruce
2782 1480 2991 1537 autem,
3041 1489 3274 1546 organo,
3331 1475 3608 1530 intercute

2031 1574 2172 1629 aqua
2193 1575 2400 1640 asgrum
2432 1569 2680 1616 ventrem
2723 1563 2963 1633 signavit
2983 1603 2998 1628 ,
3030 1565 3430 1636 emplastrique
3461 1567 3605 1631 loco,

2033 1648 2398 1704 commiscens
2418 1649 2540 1704 oleo
2563 1651 2859 1722 lacrymas,
2885 1655 3243 1725 superposuit
3269 1656 3342 1710 ita
3373 1657 3567 1712 dicens
3592 1676 3606 1711 ι

343 1745 443 1815 τὴν
473 1745 774 1815 ὑδεριῶσαν
789 1744 998 1798 κοιλίαν
1019 1744 1346 1816 ἐσφράγισε,
1375 1743 1470 1796 καὶ
1493 1741 1733 1811 δάκρυον
1759 1739 1927 1808 ἐλαίῳ

2034 1739 2087 1792 In
2121 1739 2345 1794 nomine
2383 1738 2513 1794 Jesu
2541 1740 2784 1809 Christi,
2837 1744 2934 1814 qui
2977 1746 3194 1800 sanavit
3225 1735 3608 1819 hydropicum,

347 1835 628 1906 συμμίξας
651 1837 768 1888 ἀντ’
797 1833 1174 1904 ἐμπλάστρου,
1203 1831 1479 1903 ἐπέθηκεν
1507 1829 1682 1894 οὕτως
1733 1827 1926 1883 εἰπών·

359 1930 449 1982 Ἐν
477 1929 553 2000 τῷ
579 1929 802 1999 ὀνόματι
831 1925 928 1980 τοῦ
965 1927 1144 1998 ἰησοῦ
1188 1925 1451 1998 Χριστοῦ,
1491 1923 1588 1978 τοῦ
1625 1923 1720 1976 τὸν
1751 1923 1932 1992 ὑδρω-

346 2019 510 2073 πικὺν
546 2019 1012 2090 θεραπεύσαντος,
1049 2018 1160 2072 ίσθι
1189 2018 1350 2085 ὑγιὴς
1379 2015 1490 2069 ἀπὸ
1525 2015 1626 2086 τῆς
1663 2013 1932 2085 μάστιγός

348 2129 465 2166 σου.
501 2113 612 2166 Καὶ
638 2111 800 2165 τοῦτο
827 2111 1075 2174 εἰπόντος
1097 2109 1284 2175 αὐτοῦ,
1307 2109 1657 2181 παραχρῆμα
1677 2105 1931 2178 διελύθη-

345 2219 450 2256 σαν
478 2203 527 2256 οἱ
555 2202 751 2272 δεσμοὶ
771 2203 880 2256 τῶν
908 2202 1096 2272 ὑγρῶν
1122 2201 1226 2272 τῆς
1241 2200 1449 2264 κοιλίας
1463 2198 1814 2272 ἐμφράξεων,
1834 2199 1932 2252 καὶ

338 2294 683 2364 ,ἠνοίχθησαν
710 2295 762 2346 ot
791 2293 952 2365 πόροι
976 2293 1086 2346 τῶν
1121 2291 1371 2364 φυσικῶν
1420 2291 1788 2346 καταδύσεων·
1813 2288 1933 2350 λιαὶ

347 2384 642 2455 ἐξέρρευσε
671 2385 822 2438 πᾶσα
852 2383 948 2438 τοῦ
990 2383 1455 2456 ἐπιπροσθοῦντος
1493 2381 1682 2444 ὕδατος
1725 2381 1759 2452 ἡ
1811 2379 1932 2434 ἐπί-

349 2476 562 2541 κλυσις,
593 2477 690 2530 καὶ
729 2476 954 2547 διεχύθη
1006 2477 1075 2531 τά
1122 2475 1202 2548 τῷ
1245 2477 1426 2548 χρόνῳ
1457 2473 1645 2538 κακῶς
1707 2473 1960 2526 ἐπισυν-’

349 2566 586 2637 αχθὲντα
610 2565 752 2637 πρὸς
775 2569 889 2630 τοῖς
908 2565 1240 2636 σπλάγχνοις
1269 2563 1550 2628 ἀπόζοντα
1576 2565 1818 2634 νάματα,
1839 2563 1932 2618 καὶ

347 2657 674 2731 ἀνερῤὠσθη
703 2659 732 2711 ὀ
781 2657 1090 2729 ἄνθρωπος,
1129 2657 1226 2711 καὶ
1257 2656 1470 2728 άπέδρα
1498 2655 1562 2710 τὺ
1605 2655 1818 2724 νόσημα
1843 2653 1934 2708 διὰ

347 2749 452 2819 τῆς
475 2749 586 2801 τῶν
619 2749 821 2820 χειρῶν
861 2747 958 2802 τοῦ
1005 2739 1164 2816 ἁγίου
1201 2746 1521 2810 ἐπιθέσεως·
1559 2745 1654 2798 καὶ
1686 2743 1932 2814 ἀπῆλθεν

349 2841 538 2912 ὑμνῶν
567 2841 662 2894 καὶ
687 2839 932 2908 εὐλογῶν
953 2840 1046 2894 τὸν
1072 2839 1206 2894 Θεὸν
1253 2839 1352 2912 καὶ
1388 2839 1668 2906 Δεσπότην
1696 2840 1791 2890 καὶ
1817 2836 1934 2890 Σω-

349 2897 496 3005 rima.
515 2933 625 2988 τῶν
653 2897 911 2986 ἁπάντων
945 2931 1201 3003 Χριστὸν,
1228 2897 1334 2984 τὸνι
1361 2931 1449 2984 ἀεὶ
1481 2897 1791 3000 παρέχοντα
1818 2928 1934 2990 τοῖς

341 3025 531 3093 ἁγίοις
559 3023 726 3080 αὐτοῦ
766 3022 876 3076 τῶν
912 3023 1160 3093 ἰαμάτων
1189 3021 1287 3094 τὴν
1315 3020 1572 3091 δύναμιν,
1617 3021 1714 3074 καὶ
1743 3018 1812 3071 δι’
1830 3017 1932 3070 αὺ-

2031 1837 2155 1884 esto
2180 1845 2357 1886 sanus
2391 1831 2460 1886 ab
2495 1832 2598 1914 hac
2631 1833 2790 1903 plaga
2829 1843 2944 1889 tua.
2967 1835 3202 1909 Moxque
3227 1850 3284 1893 ut
3307 1840 3408 1896 hoc
3431 1839 3612 1896 dixis-

2031 1931 2133 1985 set,
2201 1923 2384 1976 soluta
2440 1933 2574 1978 sunt
2627 1926 2870 1994 vincula,
2916 1929 3127 1999 quibus
3187 1932 3612 1988 ohstruentibus

2032 2026 2187 2082 aqua:
2207 2013 2600 2070 detinebantur
2617 2017 2678 2071 in
2708 2026 2920 2088 ventre,
2949 2034 3014 2075 ac
3036 2028 3253 2077 meatus
3277 2026 3610 2080 naturalium

2029 2103 2417 2159 excretionum
2475 2111 2677 2178 aperti,
2730 2111 3152 2184 peremuxitque
3205 2122 3321 2170 tota
3379 2118 3614 2188 adjectae

2031 2208 2190 2265 aqua:
2218 2195 2458 2264 illuvies,
2489 2213 2554 2253 ac
2588 2202 2734 2256 male
2777 2204 2946 2271 lapsu
2996 2207 3257 2276 temporis
3306 2209 3527 2266 collecti
3555 2210 3611 2264 in

2030 2285 2343 2343 visceribus
2370 2288 2525 2345 fetidi
2553 2291 2750 2348 latices
2767 2294 3026 2352 exhausti
3055 2301 3614 2372 sunt,convaluitque

2033 2376 2224 2446 homo,
2289 2394 2355 2436 ac
2410 2383 2636 2439 morbus
2694 2400 2956 2442 manuum
3021 2393 3196 2446 sancti
3257 2393 3613 2464 impositione

2031 2468 2656 2543 evanuit.Detnumque,
2687 2475 2824 2532 abiit
2857 2478 2952 2533 ille
2983 2478 3216 2539 laudans
3251 2483 3610 2542 benedicens-

2031 2573 2140 2630 que
2167 2559 2338 2616 Deum
2370 2577 2436 2617 ac
2467 2561 2760 2620 Dominum
2823 2567 3278 2644 Salvatoremque
3327 2577 3616 2634 universo-

2033 2665 2157 2704 rum
2210 2651 2519 2721 Christum,
2551 2658 2646 2726 qui
2691 2672 2914 2730 semper
2946 2666 3162 2722 sanctis
3197 2667 3317 2724 suis
3348 2669 3610 2727 virtutem

2033 2743 2242 2812 przebet
2269 2746 2645 2814 sanationum,
2677 2763 2743 2803 ac
2777 2765 2872 2820 per
2905 2767 3001 2809 eos
3029 2758 3417 2826 aegrotantium
3465 2776 3614 2816 mor-

2033 2832 2120 2888 bis
2176 2835 2450 2889 medetur.
2502 2835 2615 2894 Nos
2681 2853 2850 2908 porro
2903 2844 3118 2911 pariter
3174 2846 3488 2916 laudantes,
3545 2854 3612 2907 ad

2035 2925 2259 2981 tertium
2301 2926 2562 3000 deinceps
2623 2939 2976 2992 transeamus
3037 2938 3141 2992 viri
3195 2943 3373 2998 sancti
3429 2949 3616 3016 prodi-

2035 3033 2205 3088 gtum.

347 3119 461 3171 τῶν
495 3119 588 3182 τὰς
613 3119 804 3182 νόσους
837 3115 946 3171 τῶν
985 3115 1308 3186 καμνόντων
1355 3115 1607 3186 ἰώμενον.
1651 3113 1844 3184 Ἡμεῖς
1877 3111 1936 3165 δὲ
1975 3112 2076 3167 σὺν
2107 3114 2260 3186 αὐτῷ
2285 3115 2378 3170 τὸν
2399 3115 2533 3173 Θεὸν
2563 3119 2986 3194 ἅνυμνήσωμεν,
3016 3126 3113 3180 καὶ
3141 3128 3233 3183 ἐπὶ
3287 3132 3469 3204 τρίτον
3525 3137 3617 3188 εν..

347 3209 543 3264 τεῦθεν
567 3211 858 3279 τεράστιον
887 3209 982 3262 τοῦ
1011 3208 1160 3263 ὁσίου
1201 3206 1574 3278 μετέλθωμεν.

577 3341 716 3410 Περὶ
747 3340 860 3409 τῆς
885 3339 1102 3407 ἰάσεως
1127 3339 1234 3395 τοῦ
1268 3339 1719 3410 δαιμονιῶντος.

421 3453 656 3518 Νεανίας
708 3470 795 3516 τις
839 3453 946 3507 ὑπὸ
988 3452 1184 3508 σκαιοῦ
1238 3453 1498 3524 δαίμονος
1552 3451 1932 3522 ἐλαυνόμενος,

350 3547 449 3601 καὶ
480 3549 568 3601 ἐπ’
606 3547 706 3600 οὐκ
732 3546 914 3616 ὀλίγον
945 3547 1142 3618 χρόνον
1171 3546 1264 3598 ὑπ’
1311 3545 1478 3600 αὑτοῦ
1525 3545 1892 3615 κατεχόμενος
1919 3555 1936 3574 ο

349 3641 489 3694 ποτέ
551 3639 652 3708 μὲν
705 3641 912 3710 γυμνός
966 3655 1054 3702 τις
1101 3638 1200 3692 καὶ
1251 3636 1556 3707 ῥακοδύτης
1598 3635 1932 3707 ηὑρίσκετο’

349 3731 484 3784 ποτέ
514 3729 571 3784 δὲ
607 3729 703 3782 καὶ
739 3728 1042 3800 μονοχίτων
1073 3729 1217 3783 κατὰ
1255 3727 1520 3800 κρημνῶν
1568 3727 1663 3781 καὶ
1695 3725 1936 3796 βοθύνων

349 3821 692 3891 κατεφέρετο
719 3836 733 3850 ο
761 3821 852 3873 ὁτέ
880 3819 960 3884 δέ,
1001 3820 1082 3882 είς
1108 3819 1212 3890 ὅρη
1249 3821 1346 3873 καὶ⁸
1371 3819 1613 3890 ἐρημίας
1640 3819 1735 3872 κα)⁸
1764 3817 1936 3888 βάρα-

350 3917 460 3986 θρα
481 3915 842 3986 διωκόμενος,
879 3913 1164 3984 δυστυχῶς
1196 3911 1531 3984 ἐμαστίζετο
1559 3928 1573 3942 °
1625 3911 1720 3965 καὶ
1749 3909 1938 3964 ἄλλοτε

351 4007 477 4060 καθ’
511 4006 720 4060 ὑδάτων
749 4009 843 4060 καὶ
871 4005 1160 4060 θαλασσῶν
1194 4005 1514 4076 ἑλκόμενος,
1549 4003 1783 4056 θάνατον
1811 4001 1939 4054 ὑπο-

353 4095 544 4170 μένειν
581 4095 802 4166 ἠπείλει
845 4095 939 4148 τὸν
987 4097 1283 4159 οἴκτιστον,
1327 4096 1376 4148 εί
1421 4095 1496 4166 μὴ
1553 4092 1877 4164 προφθάσας
1910 4089 1940 4146 ὀ

353 4189 531 4261 μέγας
561 4188 864 4250 Πατάπιος,
906 4187 1007 4258 τὴν
1057 4186 1358 4258 θεραπείαν
1400 4185 1650 4256 παρέσχε
1709 4183 1788 4253 τῷ
1838 4183 1940 4236 κά-

353 4295 544 4350 μνοντι
577 4280 644 4348 τῇ
673 4277 770 4332 τοῦ
812 4275 1137 4346 Πνεύματος
1183 4275 1389 4346 χάριτι.
1415 4275 1458 4326 Τ
1466 4274 1482 4326 ί
1513 4275 1620 4344 γάρ
1645 4290 1662 4340 ;
1693 4273 1787 4338 Ἐξ
1815 4273 1938 4326 ἀδο-

352 4371 525 4440 κήτου
567 4368 648 4440 τῷ
697 4367 896 4439 δικαίῳ
957 4368 1304 4437 συναντήσας
1363 4369 1392 4420 ὀ
1435 4365 1746 4436 ἄνθρωπος,
1799 4367 1830 4418 ὁ
1878 4366 1940 4420 τὺ

352 4459 579 4531 πνεῦμα
627 4460 972 4530 κεκτημένος
1013 4459 1111 4512 τοῦ
1159 4457 1440 4528 δαίμονος,
1489 4457 1697 4528 ήρξατο
1735 4457 1936 4528 πηδᾷν,

351 4552 454 4607 καὶ
481 4552 774 4623 ταράττειν
821 4550 1246 4620 εὑπεριδρόμοις
1283 4549 1576 4616 ἐξάλμασι,
1620 4549 1718 4602 καὶ
1763 4547 1938 4618 ἀφρὸν

2473 3333 2555 3393 De
2595 3341 2926 3399 dwmoniaco
2962 3358 3175 3402 sanato.

2105 3448 2342 3516 Quidam
2389 3448 2612 3520 juvenis
2639 3469 2671 3510 a
2700 3469 2846 3511 saevo
2895 3466 3058 3515 actus
3089 3460 3356 3528 daemone,
3411 3481 3618 3536 perque

2036 3549 2254 3612 tempus
2292 3543 2436 3600 haud
2473 3547 2734 3617 exiguum
2759 3555 2971 3615 tentus,
3009 3567 3156 3608 nunc
3185 3557 3404 3624 quidem
3435 3559 3617 3615 nudus

2038 3635 2308 3705 paunisve
2333 3637 2549 3693 obsitus
2586 3639 2976 3698 inveniebatur
3010 3660 3026 3699 :
3084 3661 3236 3702 nunc
3285 3657 3468 3703 autem
3505 3666 3615 3704 una

2038 3726 2270 3784 indutus
2296 3729 2504 3794 tunica,
2549 3746 2647 3801 per
2673 3732 2797 3788 loca
2826 3746 3102 3806 praerupta
3139 3738 3433 3812 foveasque
3475 3757 3614 3813 prae-

2039 3834 2168 3890 ceps
2201 3820 2472 3889 agebatur
2501 3839 2516 3874 :
2549 3823 2888 3894 quandoque
2918 3828 2986 3882 ad
3015 3829 3268 3896 montes,‘
3282 3830 3614 3905 desertaque

2037 3919 2093 3967 et
2128 3911 2348 3965 haratra
2381 3912 2598 3981 pulsus,
2621 3916 2823 3970 misere
2857 3919 3191 3987 vapulabat:
3225 3937 3616 3996 nonnunquam

2039 4017 2136 4071 per
2167 4015 2337 4070 aquas
2361 4009 2416 4056 et
2446 4002 2621 4057 maria
2657 4013 2890 4072 tractus,
2923 4009 3260 4068 miserabilis
3291 4015 3490 4070 mortis
3521 4031 3619 4085 pe—

2039 4089 2280 4146 riculum
2340 4091 2645 4162 ingerebat,
2685 4094 2796 4150 nisi
2831 4109 3112 4165 occupans
3161 4115 3398 4170 magnus
3457 4103 3620 4159 Pata-

2005 4243 2008 4248 _
2040 4183 2186 4252 pius,
2221 4181 2398 4252 gratia
2431 4182 2680 4253 Spiritus
2709 4186 2914 4264 sancti,
2948 4191 3238 4258 aegrotanti
3271 4192 3617 4250 curationem

2041 4274 2414 4344 praestitisset.
2451 4274 2595 4341 Quid
2627 4275 2810 4331 enim?
2835 4275 2972 4332 Cum
3003 4293 3069 4334 ex
3120 4280 3424 4352 improviso
3455 4284 3621 4341 homo

2041 4366 2132 4421 ille
2165 4365 2376 4423 habens
2424 4365 2694 4423 dammis
2742 4369 3001 4438 spiritum
3053 4370 3208 4441 justo
3256 4377 3618 4442 occurrisset,

2040 4472 2167 4511 mox
2215 4457 2456 4514 exsilire.
2493 4458 2683 4528 ccepit,
2720 4461 3070 4532 saltibusque
3125 4480 3260 4535 gyro
3291 4482 3616 4531 excurrens,
3709 4471 3714 4476 ’

2043 4548 2325 4614 territare,
2373 4563 2440 4603 ac
2491 4563 2589 4605 ore
2641 4565 2896 4620 spumam
2951 4554 3245 4624 despuere,
3298 4565 3354 4611 et
3398 4572 3621 4613 versare

348 4640 616 4695 ἐκπτύειν
655 4641 748 4694 τοῦ
791 4641 1082 4712 στόματος,
1123 4642 1222 4694 καὶ
1267 4641 1398 4704 τοὺς
1447 4640 1767 4710 ὀφθαλμοὺς
1798 4639 1928 4692 ὑπο-

2038 4641 2251 4702 oculos,
2293 4649 2664 4710 sanctumque
2705 4645 3022 4712 percellere.
3075 4647 3152 4701 Ac
3182 4662 3314 4701 vero
3353 4649 3618 4718 paulatim

353 4733 634 4804 στρέφειν,
663 4735 760 4786 καὶ
789 4733 1192 4802 καταπλήττειν
1231 4732 1324 4786 τὸν
1351 4734 1522 4788 ὅσιον.
1559 4733 1670 4788 Καὶ
1697 4732 1762 4803 δὴ
1795 4732 1940 4786 κατὰ

354 4825 556 4896 μικρὸν
599 4825 942 4903 πλησιάζων,
981 4825 1132 4896 αὐτῷ
1159 4827 1576 4897 κατεπήρχετοι·
1612 4826 1689 4890 ὡς
1723 4826 1819 4879 καὶ
1869 4825 1940 4880 δι’

347 4915 522 4970 αὐτοῦ
553 4913 868 4988 τδλπνεῦμα
897 4917 1092 4988 βοῆσαι
1125 4919 1223 4972 καὶ
1250 4919 1430 4971 εἰπεῖν
1455 4917 1592 4988 πρὸς
1621 4919 1712 4971 τὸν
1753 4919 1902 4972 ὅσιον
1924 4935 1939 4950 ο

347 5005 424 5060 Ὦ
471 5005 724 5062 Πατάπιε
753 5009 929 5062 δίκαιε
958 5010 971 5062 l
1019 5009 1106 5070 Τί,
1139 5011 1241 5073 τὰς
1275 5009 1462 5080 Θήϐας
1492 5007 1827 5073 καταλιπὼν,
1856 5011 1942 5061 ὲν-

294 5153 304 5161 ,
348 5098 480 5152 θάδε
507 5097 603 5151 νῦν
630 5099 1052 5169 παραγέγοναςς
1085 5099 1288 5168 Ὶ’ί,τήν
1315 5100 1592 5166 Αἴγυπτον
1625 5099 1813 5161 ἐάσας,
1840 5099 1940 5169 τὴν

349 5188 608 5260 βασιλίδα
645 5191 948 5254 κατέλασες
974 5207 992 5256 ;
1017 5190 1104 5255 Τί,
1131 5189 1231 5261 τὴν
1265 5191 1476 5262 ἔρημον
1515 5190 1697 5260 ἀφεὶς,
1725 5191 1807 5254 εἰς
1840 5191 1938 5261 τὴν

2038 4731 2444 4800 propinquans,
2487 4732 2536 4786 ei
2569 4732 2820 4788 infensus
2856 4734 3168 4806 ingruebat,
3199 4749 3258 4792 ttt
3287 4739 3452 4794 etiam
3510 4745 3624 4812 spi-

2038 4822 2180 4879 ritus
2222 4822 2486 4876 clamaret
2513 4839 2610 4893 per
2643 4824 2946 4890 hominem,
2981 4827 3300 4898 diceretque
3341 4831 3406 4884 atl
3441 4831 3620 4884 virum

2038 4926 2290 4970 sanctum
2322 4933 2336 4968 :
2366 4913 2411 4970 0
2436 4915 2586 4986 juste
2636 4913 2845 4986 Patapi,
2949 4921 3146 4989 utquid
3224 4923 3432 4978 relictis
3472 4922 3620 4978 Tlte-

2039 5007 2147 5072 bis,
2177 5006 2285 5061 huc
2324 5007 2488 5062 modo
2526 5007 2842 5064 advenisti?
2875 5070 2882 5076 ,
2909 5007 3137 5079 υιιμιίιι,
3167 5011 3405 5086 Egypto
3431 5015 3621 5069 valere

2043 5097 2220 5168 jussa,
2240 5099 2292 5152 in
2319 5099 2510 5154 urbem
2534 5109 2586 5155 te
2613 5101 2820 5170 regiam
2850 5104 3173 5157 contulisti?
3199 5107 3412 5176 utquid,
3447 5107 3620 5163 missa

2046 5189 2191 5244 facta
2221 5205 2429 5254 eremo,
2475 5192 2530 5245 in
2583 5192 2849 5248 mundum
2901 5196 3236 5263 prosiliisti?
3267 5201 3376 5252 Aut
3427 5215 3513 5254 me
3561 5199 3619 5254 in

1588 5349 1974 5405 COMBEFISII
2015 5349 2255 5406 NOTIE.

425 5444 538 5513 (85)
585 5443 649 5516 Et
693 5445 895 5516 medici
945 5445 1042 5498 alii
1104 5446 1464 5500 adhibuerim.
1517 5447 1930 5516 Κατάγρηνται.

344 5513 513 5568 Vu-Iut
548 5515 718 5586 abusi
757 5515 963 5567 I‘ueriut
1030 5517 1226 5586 [rigide
1287 5516 1644 5570 consolandis
1681 5513 1929 5586 aegrotis,

345 5586 504 5639 nullo
543 5585 1000 5655 stepelcvamine.
1059 5585 1189 5639 Erat
1235 5587 1288 5638 in
1325 5587 1494 5655 Hegio
1546 5584 1934 5640 codice—nard-

2044 5445 2228 5508 litura,
2254 5453 2312 5498 ut
2340 5444 2588 5496 videatur
2621 5444 2765 5512 quod
2799 5443 3140 5499 restituimus
3172 5445 3221 5514 χ’
3259 5462 3423 5500 manu
3453 5447 3616 5502 scioli

2040 5531 2260 5570 erasum
2287 5529 2407 5568 esse
2436 5524 2663 5582 excepto
2698 5525 2993 5582 augmento
3029 5533 3113 5570 κε.
3140 5515 3264 5570 Fuit
3293 5525 3440 5571 certe
3457 5534 3618 5573 erasa

2042 5586 2225 5656 littera
2279 5585 2463 5656 aliqua
2500 5585 2686 5639 animo
2718 5585 3082 5648 restituenda,
3110 5603 3218 5656 qua
3261 5590 3420 5656 plane
3468 5591 3617 5644 nulla

349 5671 580 5734 ρηνται,
609 5654 702 5709 sed
737 5654 1079 5722 interpolata
1124 5654 1715 5726 dictione,hiatuque
1743 5657 1926 5710 medio
1953 5657 2128 5714 etalia
2160 5654 2381 5742 fuerit.”

681 5745 952 5804 PATROL.
997 5746 1112 5805 Gn.
1157 5746 1366 5808 XCVII

3149 5745 3222 5806 39
