3978 6140
440 193 617 303 11227
1569 194 1573 201 ‘
1673 206 2097 270 S.ANDRE/E
2125 207 2552 302 CRETENSlS
2951 211 2974 295 '_
3024 272 3065 276 ..
3139 294 3142 298 .
3200 224 3208 232 ·
3566 217 3670 279 me

470 312 776 386 mgyptum
826 314 984 387 fuga,
1017 315 1164 372 unde
1207 315 1326 385 ipse
1365 313 1576 387 fugisti,
1603 326 1696 373 aut
1724 320 1848 373 sine
1874 328 1932 372 ut
1961 318 2028 372 1ιὶ‹

2153 317 2483 387 οἰκουμένην
2514 315 2861 384 ἀνέδραμεςς
2905 318 2977 370 Ἢ
3018 315 3210 382 δίωξον
3234 320 3326 389 ἐμὲ
3358 320 3468 375 ὅθεν
3496 326 3551 379 σὺ
3586 330 3668 383 ἀπ.

470 408 746 464 habitem.
770 403 866 463 Vae
925 408 1057 463 mihi
1123 422 1152 462 a
1185 416 1261 471 te,
1287 405 1617 463 Nazaraenei
1651 408 1910 476 Quaudin
1947 424 2028 463 ιιοι

2163 408 2421 479 ἔδρασας,
2457 409 2489 478 ἦ
2529 408 2694 462 ἔασόν
2716 425 2781 478 με
2823 410 3044 477 οἰκῆσαι
3098 408 3342 467 ἐνταῦθα.
3375 413 3435 465 Ὠ
3450 415 3545 469 ἀπὸ
3578 417 3671 485 σοῦ,

470 500 719 567 quiescis
745 515 773 556 a
805 499 965 555 nobis
991 497 1433 568 persequendis?
1453 498 1709 564 Quandiu
1734 501 2027 572 impugnar

2158 499 2457 587 Ναζωραϊε
2489 500 2501 552 i
2537 501 2682 562 Ἕως
2723 501 2855 552 πότε
2883 501 2986 553 οὐκ
3016 500 3247 570 ηρεμεῖς
3274 502 3360 571 ἀφ’
3390 506 3564 574 ἡμῶνς
3587 509 3672 562 Μί-

468 607 584 647 non
637 591 885 647 desinis?
931 589 1063 647 Sine
1105 600 1166 644 ut
1219 591 1586 646 tabernaculo
1634 607 1759 647 meo
1790 594 2018 648 delicier

2158 608 2250 662 χρι
2273 591 2420 654 τίνος
2452 590 2732 661 πολεμοῦν
2783 591 2888 643 οὐκ
2937 590 3267 659 ἀφίστασαις
3298 594 3412 656 Ἔα,
3449 613 3673 670 κατατρυ-

471 685 559 736 sin
588 692 770 737 autem
799 681 963 737 abibo
988 682 1044 735 in
1074 690 1353 747 montem;
1397 695 1506 736 non
1547 681 1695 736 enim
1734 683 1880 737 ultra
1928 697 2028 751 per

2158 680 2323 750 φήσω
2355 698 2458 750 μου
2504 681 2600 734 τοῦ
2637 679 3003 751 σκηνώματος
3035 698 3047 710 ·
3083 684 3135 736 εί
3163 682 3219 737 δὲ
3268 685 3359 754 μὴ,
3396 688 3469 749 εἰς
3488 688 3543 740 τὸ
3575 689 3672 755 ὅρος

462 782 792 844 sequentem
830 773 981 839 fero;
1019 788 1355 843 quocunque
1386 772 1661 844 siquidem
1694 774 1904 837 abiero,
1941 772 2028 828 illi<

2161 772 2509 843 πορεύσομαι
2541 789 2553 805 ³
2576 774 2643 827 οὐ
2672 773 2781 844 γὰρ
2815 777 3002 842 στέγω
3030 773 3112 827 ἔτι
3135 775 3241 829 ὑπὸ
3264 772 3351 830 σού
3377 777 3670 848 διωκόμενος.

470 878 526 923 te
560 868 802 939 priorem
846 868 1101 933 invenio;
1130 882 1241 922 non
1278 869 1531 924 sustineo
1569 876 1717 923 tuam
1745 908 1778 947 ,ε
1802 866 2027 925 Christe

2158 863 2334 918 Ἔνθα
2365 865 2479 936 γὰρ
2516 864 2582 918 ἂν
2624 863 3011 939 πορεύσωμαι,
3037 868 3160 935 ἐκεῖ
3192 883 3248 919 σε
3262 867 3581 937 προλαϐόντα
3605 872 3676 924 εύ-

470 961 767 1024 virtutem;
801 974 909 1026 non
939 960 1093 1013 valeo
1117 960 1379 1014 resistere
1411 960 1587 1016 servis
1616 959 1727 1014 tuis
1752 959 2005 1030 :Quippe

2156 955 2354 1024 ρίσκω.
2402 957 2477 1010 Οὐ
2518 956 2672 1027 φέρω
2713 972 2832 1022 σου,
2880 949 3550 1031 Χριστδ.,’ίτῆν·δύναμιν·
3593 964 3672 1016 οὐκ

470 1066 581 1106 uno
618 1064 705 1104 me
738 1048 1070 1102 confodiunt
1115 1049 1341 1118 iaculo;
1392 1063 1457 1103 ac
1503 1063 1605 1104 ceu
1653 1050 1880 1112 nubem,
1936 1064 2028 1103 unt

2159 1035 2353 1117 ἰσχύω
2377 1049 2489 1110 τοῖς
2516 1047 2647 1111 σοῖς
2686 1049 3073 1103 ἀντιπαλαίειν
3121 1049 3462 1120 θεράπουσιν.
3505 1036 3598 1106 Ἐνί
3623 1072 3675 1123 με

468 1140 700 1210 abigunt
741 1139 997 1192 invocato
1052 1138 1297 1192 nomine.
1331 1136 1450 1191 Non
1477 1137 1589 1206 jam
1627 1135 1748 1190 fero
1798 1139 2028 1192 vexatioe

2146 1138 2259 1206 γὰρ
2285 1137 2437 1207 ὅπλῳ
2466 1140 2855 1208 τιτρώσκουσι,
2888 1140 2987 1195 καὶ
3035 1141 3117 1193 ἑνί
3169 1158 3236 1209 με
3284 1142 3512 1211 ὀνόματι,
3551 1146 3675 1214 δίκην

468 1248 590 1287 nem
618 1249 633 1297 ;
659 1234 840 1285 victus
869 1245 1027 1293 sum;
1069 1227 1146 1283 fui
1166 1233 1498 1298 superatus;
1533 1228 1796 1296 deinceps
1816 1228 2028 1288 recedo,

2148 1229 2325 1297 νεφῶν
2365 1229 2790 1287 ἀπελαύνουσιν.
2845 1232 3055 1286 Οὐκέτι
3103 1236 3277 1301 στέγω
3310 1235 3407 1304 τὴν
3451 1236 3676 1302 κάκωσιν,
3768 1274 3771 1277 -

464 1334 517 1376 et
573 1323 631 1377 in
680 1324 966 1377 desertum
1008 1334 1200 1389 pergo.
1260 1318 1532 1391 Lassatus
1580 1333 1702 1373 sum
1744 1318 2028 1388 quarendt

2145 1320 2442 1390 νενίκημαι
2467 1337 2482 1351 ο
2518 1321 2766 1392 ἧττημαι
2793 1337 2808 1351 ·
2858 1322 3133 1395 ὑποχωρῶ
3161 1324 3224 1377 τὸ
3254 1324 3450 1387 λοιπὸν,
3498 1327 3580 1379 καὶ
3614 1328 3678 1390 είς

459 1414 832 1477 domicilium,
870 1414 1232 1480 inventoque,
1282 1411 1434 1465 velut
1480 1410 1791 1478 inquilinus
1851 1411 2037 1465 detur<

462 1508 586 1561 hor.
623 1504 734 1569 νίν,
790 1520 891 1568 vae,
944 1503 1283 1559 Nazaraanei
1340 1501 1510 1556 Multa
1560 1509 1649 1557 est
1696 1509 1788 1556 tua
1826 1502 2037 1575 virtus,

398 1593 977 1662 v-inenarrabilisque’
1029 1591 1299 1661 potentia.
1351 1588 1460 1643 Fac
1501 1591 1647 1658 quod
1694 1590 1852 1661 velis.
1906 1589 2037 1644 Mihi

461 1686 734 1755 siquidem
765 1686 852 1739 hic
876 1684 983 1737 loci
1020 1682 1335 1737 consistere
1365 1694 1478 1735 non
1508 1680 1659 1737 licet.

528 1864 677 1928 llaec,
713 1864 892 1932 iisque
915 1862 1085 1932 plura
1132 1860 1405 1931 malignus
1450 1859 1683 1929 spiritus
1715 1858 1783 1914 ad
1816 1862 2038 1916 beatum

457 1960 625 2024 dixit,
674 1955 1035 2012 validissimis
1064 1953 1403 2010 tremoribus
1432 1952 1837 2008 subsultantem
1858 1953 2037 2007 virum
2062 1989 2067 1993 -

457 2049 780 2105 ostendens.
815 2049 886 2102 At
917 2046 1015 2103 Dei
1060 2045 1304 2103 famulus
1326 2044 1599 2116 Patapius
1628 2045 1801 2116 digito
1827 2044 1883 2099 in
1913 2060 2039 2101 aere

456 2140 640 2196 crucis
669 2140 902 2210 figuram
938 2128 1288 2210 exprimens,
1321 2137 1522 2194 leniori
1568 2137 1637 2191 ad
1691 2152 1817 2192 eum
1845 2151 1979 2193 voce
2021 2154 2063 2197 :,

456 2231 709 2303 Spiritus
749 2246 985 2301 nequam
1028 2239 1082 2285 et
1131 2229 1449 2294 immuude,
1487 2228 1577 2283 cxi
1611 2228 1682 2283 ab
1710 2242 1776 2283 eo
1822 2228 1917 2297 qui
1952 2235 2039 2283 est

454 2333 677 2379 creatus
699 2323 770 2379 ad
810 2323 1091 2379 Creatoris
1125 2323 1447 2393 imaginem.
1482 2320 1607 2386 Exi,
1639 2336 1708 2375 ac
1736 2319 2036 2399 fuge,.quo

453 2427 505 2471 te
535 2417 802 2473 Christus
834 2432 960 2474 cum
998 2415 1368 2487 complicibus
1420 2414 1780 2484 relegandum
1825 2416 2032 2485 sanxit.

452 2508 553 2564 ilic
585 2508 1084 2579 Naxaraeus,quem
1116 2507 1261 2564 haud
1293 2507 1474 2563 libens
1494 2505 1789 2561 Christum
1817 2505 2035 2563 confes.

453 2615 641 2664 suses,
664 2600 806 2670 ipse,
828 2600 1075 2671 inquam,
1105 2597 1197 2666 qui
1226 2612 1323 2668 per
1354 2610 1444 2651 me
1514 2592 1683 2650 cruce
1718 2604 2035 2666 te'percus-

453 2693 547 2754 sit,
576 2699 851 2748 extorrem
881 2682 1146 2760 praecepit
1183 2703 1333 2743 esse.
1367 2686 1492 2757 Ipse
1517 2697 1567 2743 te
1598 2688 2033 2759 Persequitur,o

450 2784 616 2855 plane
648 2783 837 2845 miser,
869 2782 1218 2850 invitumque
1248 2782 1497 2861 expellit.
1554 2782 1659 2838 Ubi
1694 2782 1812 2837 haec
1841 2782 2030 2852 justus

451 2874 715 2941 dixisset,
752 2888 988 2944 nequam
1029 2873 1262 2943 spiritus
1294 2888 1530 2943 puerum
1572 2874 1891 2941 discerpsit,
1919 2874 2030 2948 illi-

449 2970 656 3038 sitque,
689 2974 855 3037 atque
877 2963 946 3021 ab
974 2962 1099 3035 ejus
1124 2980 1220 3019 ore
1251 2964 1386 3019 fumi
1421 2965 1601 3021 instar
1624 2966 1815 3032 exivit,
1842 2982 1906 3022 ac
1929 2982 2047 3025 ceu.

2143 1408 2243 1471 τάς
2267 1409 2511 1480 ἐρήμους
2539 1411 2907 1481 πορεύσομαι.
2953 1414 3266 1485 Ἀ-πέκαμον
3294 1402 3463 1485 ζητῶν
3492 1418 3680 1487 οἰκητήρ-

2146 1516 2280 1570 ριον,
2316 1502 2413 1573 καὶ
2456 1502 2657 1579 εὑρὼν,
2686 1503 2779 1567 ’ὡς
2806 1505 3074 1576 πάροικος
3115 1504 3283 1560 αὐτοῦ
3327 1506 3676 1577 ἀπελαύνομαι.

2144 1592 2228 1655 Ὢ,
2261 1589 2306 1644 ὣ
2333 1592 2630 1665 Ναζωραίε
2668 1596 2681 1647 l
2716 1594 2888 1665 Πολλή
2919 1613 3016 1649 σου
3045 1596 3079 1666 ἡ
3109 1596 3360 1668 δύναμις,
3387 1599 3476 1651 καὶ
3508 1598 3679 1665 dua-co;

2032 1696 2036 1700 ‘
2072 1660 2115 1718 Β
2144 1681 2177 1750 ἡ
2206 1679 2447 1745 ἐξουσία.
2479 1660 2683 1737 dolet-6
2706 1660 2905 1750 θέλεις.
2945 1660 3101 1756 Ἐμοὶ
3128 1660 3483 1759 γὰρ-ἐνταῦθα
3510 1660 3677 1758 μένειν,
3764 1722 3769 1730 ι

2143 1772 2242 1841 οὐχ
2265 1766 2381 1826 οἷόν
2414 1791 2498 1828 τε.

2213 1860 2400 1916 Ταῦτα
2422 1863 2520 1918 καὶ
2542 1862 2769 1919 πλείονα
2792 1864 3004 1919 τούτων
3035 1866 3097 1919 τὸ
3126 1847 3349 1936 πνεῦμα
3375 1867 3434 1919 τὸ
3461 1868 3679 1937 πονηρὸν,

2145 1951 2539 2021 σφοδροτάτοις
2577 1953 2817 2025 παλμοῖς
2867 1953 3230 2026 ἐξαλλόμενον
3274 1955 3363 2008 τὸν
3398 1955 3553 2024 ἀνδρα
3592 1955 3680 2006 δει-

2138 2044 2294 2110 κνὺς,
2325 2044 2463 2114 πρὸς
2487 2045 2580 2098 τὸν
2613 2045 2886 2117 μακάριον
2914 2043 3128 2113 ἔλεγεν.
3183 2045 3242 2099 '0
3269 2044 3436 2098 δέτοῦ
3463 2043 3579 2096 Θεοῦ
3612 2042 3684 2095 Oe-

2143 2134 2335 2206 ράπων
2371 2136 2676 2205 Πατάπιος,
2721 2136 2802 2206 τῷ
2833 2136 3086 2209 δακτύλῳ
3112 2137 3213 2192 τοῦ
3245 2136 3472 2207 σταυροῦ
3494 2136 3574 2188 τὸν
3607 2133 3677 2188 τύ-

2139 2244 2242 2282 πον
2273 2228 2653 2300 ἀερόγραπτον
2701 2229 3098 2300 ποιησάμενος,
3154 2232 3308 2300 φωνῇ
3359 2229 3546 2300 πραείᾳ
3573 2225 3685 2292 πρὸς

2138 2319 2305 2373 αὑτὸν
2357 2319 2673 2388 διελέγετο·
2721 2309 2954 2391 Πνεῦμα
2990 2320 3240 2392 πονηρὸν
3275 2319 3372 2372 καὶ
3395 2318 3679 2388 ἀκάθαρτον,

2135 2406 2322 2473 ἔξελθε
2352 2409 2418 2461 ὲκ
2461 2408 2559 2464 τοῦ
2605 2410 2728 2464 κατ’
2767 2410 2959 2464 εἰκόνα
2988 2411 3316 2474 κτισθέντος
3346 2410 3437 2464 τοῦ
3483 2410 3685 2465 Κτίσανο

2134 2514 2246 2562 τος.
2286 2494 2469 2564 Ἐξιθι
2492 2501 2589 2554 καὶ
2621 2499 2895 2571 ἀπόδραοι
2924 2501 3057 2556 ἔνθα
3095 2519 3162 2557 σε
3192 2503 3426 2573 Χριστὸς
3448 2484 3571 2571 μετά
3596 2498 3683 2552 τῶν

2133 2589 2341 2658 ὁμοίων
2371 2591 2722 2661 κατέκρινεν.
2759 2592 2938 2656 Αὐτὸς
2966 2594 2996 2646 6
3030 2592 3381 2664 Ναζωραῖος,
3412 2592 3469 2646 ὃν
3494 2595 3551 2645 σὺ
3576 2592 3679 2660 Χρι-

2134 2679 2260 2733 στὸν
2288 2681 2389 2752 οὐχ
2428 2680 2574 2737 ἐκὼν
2615 2675 3111 2757 καθωμολόγησας,
3167 2685 3333 2748 αὐτός
3362 2700 3420 2737 σε
3469 2682 3531 2736 δι’
3570 2678 3679 2751 ἐμοῦ

2131 2769 2211 2839 τῷ
2239 2772 2460 2844 σταυρῷ
2488 2775 2763 2845 τυπήσας,
2813 2775 3093 2847 ἐξόριστον
3126 2777 3389 2848 γενέσθαι
3426 2777 3686 2848 προστέτα-

2131 2878 2244 2932 χεν.
2271 2863 2451 2927 Αὐτός
2490 2880 2552 2917 σε
2579 2864 2789 2931 διώκει,
2827 2867 3116 2933 πανάθλιε,
3168 2869 3270 2924 καὶ
3304 2867 3582 2923 ἀπελαύνει
3624 2863 3686 2934 μὴ

2133 2952 2384 3013 θέλοντα.
2420 2954 2592 3009 Τοῦτο
2613 2957 2891 3026 φήσαντος
2921 2957 3020 3012 τοῦ
3046 2958 3296 3024 δικαίου,
3325 2958 3584 3031 ἐσπάραξε
3611 2955 3688 3007 τδν

449 3059 592 3114 furia
626 3060 682 3114 in
716 3074 897 3115 aerem
931 3074 993 3113 se
1035 3057 1339 3114 vorticibus
1391 3056 1738 3139 attollentem
1757 3053 2021 3129 aufugit;

2134 3043 2351 3099 νεανίαν
2396 3044 2458 3098 τὸ
2496 3048 2737 3116 πνεῦμα,
2781 3048 2882 3101 καὶ
2927 3046 3162 3119 ἔρρηξε,
3213 3050 3312 3102 καὶ⁵
3343 3047 3552 3118 ἐξῆλθεν
3577 3046 3687 3097 ὡσεὶ

446 3145 723 3223 coepitque
774 3151 938 3205 verba
976 3150 1323 3220 'ejuscemodi
1370 3150 1616 3205 clamore
1662 3151 1718 3205 in
1772 3159 2026 3207 sanctum

441 3248 655 3313 jactare
687 3240 882 3296 :Haud
910 3241 1070 3311 plane
1101 3256 1188 3296 me
1212 3241 1450 3305 latuisti,
1483 3239 1700 3311 Patapi.
1732 3239 1851 3296 No‘n
1875 3242 2024 3296 enim

446 3343 499 3388 te
534 3333 762 3402 fugante
836 3331 1019 3398 abeo,
1076 3330 1175 3387 sed
1226 3330 1453 3386 Christo
1499 3332 1659 3403 cujus
1709 3334 2024 3389 ministrum

445 3422 585 3490 agis.
621 3421 715 3475 llle
752 3437 838 3476 me
877 3421 1104 3475 humilis
1154 3420 1335 3476 factus
1381 3422 1647 3486 nudavit;
1673 3423 1856 3493 ipsum
1880 3426 2027 3479 veri-

333 3537 336 3541 ~
447 3526 535 3567 tus
574 3512 789 3568 recedo.
816 3512 991 3567 Porro
1012 3512 1446 3577 adolescentior,
1477 3514 1624 3568 velut
1659 3515 1715 3568 in
1750 3530 1810 3571 se
1837 3531 2026 3572 rever-

443 3620 572 3666 sus,
627 3604 928 3659 confestim
986 3605 1267 3668 surrexit,
1332 3604 1737 3672 advolutusque
1794 3607 1859 3660 ad
1922 3608 2026 3662 viri

443 3695 620 3751 sancti
654 3695 837 3763 pedes,
892 3694 1019 3747 fletu
1056 3696 1264 3765 gratias
1298 3696 1432 3765 egit,
1471 3695 1725 3766 dixitque
1758 3714 1771 3751 :
1806 3696 2024 3755 Gratias

444 3788 563 3854 tibi,
583 3801 743 3842 serve
768 3786 869 3841 Dei
897 3788 1177 3853 altissimi,
1210 3787 1425 3859 Patapi,
1450 3788 1596 3858 quod
1627 3805 1714 3845 me
1744 3790 2022 3857 Christus,

442 3879 695 3939 medicus
720 3880 815 3936 ille
832 3874 1213 3945 infirmorum,
1243 3895 1341 3950 per
1364 3887 1418 3936 te
1440 3882 1741 3937 curaverit.
1766 3881 1870 3939 Ubi
1892 3899 2024 3956 ergo

441 3975 638 4033 beatus
683 3975 769 4028 vir
813 3972 939 4044 ejus
985 3973 1224 4026 frontem
1269 3972 1442 4041 digito
1499 3974 1904 4045 consignasset,
1956 3974 2024 4030 ad

440 4069 664 4137 propria
710 4066 928 4120 dimisit
992 4064 1323 4136 gaudentem
1359 4079 1425 4119 ac
1469 4064 1786 4120 laudantem
1824 4065 2020 4134 Deum,

438 4175 673 4229 sinitque
700 4157 1130 4226 glorificantem,
1188 4157 1283 4226 qui
1335 4157 1597 4213 omnibus
1629 4157 1838 4215 sanctis
1877 4158 2019 4222 suis,

438 4251 583 4320 large
619 4253 806 4305 tribuit
834 4266 948 4320 quo
978 4250 1188 4307 morbis
1223 4249 1571 4304 medeantur.

608 4520 680 4576 De
707 4531 905 4576 sanata
937 4519 1137 4588 femina
1162 4536 1278 4591 qua:
1312 4535 1549 4573 inanima
1570 4515 1876 4573 laborabat.

505 4637 678 4692 Nobis
723 4638 909 4707 itaque
955 4636 1010 4688 in
1067 4633 1306 4689 medium
1352 4630 1616 4703 procedat
1647 4631 1852 4686 mulier
1884 4631 2014 4685 olim

436 4729 629 4785 aﬂ‘ecta
666 4741 944 4791 mamma;
990 4734 1213 4795 qum‘se
1260 4722 1490 4778 medicis
1539 4721 1723 4777 ubivis
1765 4722 2012 4791 gentiqu

435 4822 838 4879 occurrissent,
900 4816 1290 4887 recuperandae
1338 4814 1595 4869 sanitatis
1647 4814 1843 4884 gratia,
1899 4823 2013 4866 tra-

434 4917 592 4982 dens,
634 4915 751 4971 suis
788 4914 963 4984 ipsius
1008 4911 1370 4966 facultatibus
1402 4909 1702 4978 insumptis
1732 4909 1867 4963 nihil
1891 4909 2016 4963 inde

433 5010 501 5065 ad
562 5006 737 5062 morbi
803 5006 1050 5060 levamen
1112 5008 1520 5074 comparasset.
1567 5000 1695 5055 llaec
1736 5017 2012 5077 mammae,

433 5108 597 5155 enato
628 5099 693 5152 ad
727 5098 989 5168 papillam
1030 5111 1256 5159 cancro,
1292 5109 1357 5149 ac
1380 5095 1495 5164 jam
1533 5095 1648 5150 fere
1697 5104 1812 5149 toto
1845 5110 2014 5151 exeso

435 5192 701 5253 membro,
721 5189 1097 5245 acerbissimis
1114 5184 1396 5242 doloribus
1421 5187 1762 5256 implicatur.
1782 5187 2011 5241 Multum

432 5298 567 5354 ergo
588 5282 951 5337 excruciante
984 5282 1198 5347 morbo,
1225 5280 1456 5349 direqne
1491 5280 1846 5343 absumentc,
1873 5282 2014 5335 nihil

435 5377 762 5432 occurrebat
817 5376 964 5447 quod
1019 5376 1282 5432 solatiqu
1335 5375 1578 5430 afferret.
1634 5375 1863 5429 Dmuum
1922 5376 2013 5430 ubi

2128 3134 2336 3198 καπνὸς
2363 3136 2429 3188 ἐκ
2460 3135 2559 3189 τοῦ
2587 3137 2888 3209 στόματος,
2924 3139 3022 3193 καὶ
3066 3138 3270 3212 ὥσπερ
3296 3156 3380 3203 τις
3403 3139 3596 3210 ὲριννὺς
3623 3136 3687 3197 εἱς

2126 3225 2216 3278 τὸν
2249 3226 2390 3296 ἀέρα
2438 3228 2853 3300 κορυφούμενον
2889 3230 3274 3302 ἀπεδίδρασκε
3298 3270 3313 3295 ,
3367 3231 3458 3283 καὶ
3499 3228 3687 3283 τοιαῦτα

2128 3313 2259 3385 βοᾷν
2291 3316 2429 3387 πρὸς
2454 3317 2547 3371 τὸν
2579 3318 2728 3373 ὅσιον
2761 3319 2999 3390 ἧρξατοο
3037 3320 3259 3384 Ὄντως
3281 3321 3381 3373 οὐκ
3403 3316 3579 3381 ἔλαθές
3613 3329 3684 3386 με,

2127 3406 2400 3462 Πατάπιε.
2436 3409 2512 3461 Οὐ
2547 3409 2659 3480 γὰρ
2694 3406 2750 3465 εἷ
2781 3413 2848 3464 σὺ
2877 3412 2907 3463 6
2929 3409 3152 3465 διώκων
3184 3428 3276 3482 με,
3303 3411 3420 3465 ἀλλ’
3445 3412 3472 3462 ό
3493 3408 3589 3461 ὑπὸ
3614 3403 3687 3458 σοῦ

2126 3495 2621 3569 λειτουργούμενος
2670 3502 2925 3572 Χριστός.
2970 3503 3222 3567 Ἐκεῖνός
3260 3519 3330 3573 με
3379 3497 3688 3556 ταπεινώσας

2125 3587 2438 3659 ἐγύμνωσε,
2471 3592 2729 3647 κάκεῖνον
2792 3594 3065 3665 ὑποχωρῶ
3115 3596 3515 3665 δεδιττόμενος.
3556 3593 3608 3644 '0
3646 3589 3689 3640 δέ

2124 3679 2414 3753 νεώτερος,
2439 3681 2589 3736 ὥσπε
2599 3700 2631 3754 ρ
2658 3685 2738 3750 είς
2761 3672 2956 3740 ἑαυτὸν
2982 3685 3185 3751 ἐλθὼν,
3210 3688 3411 3757 ἀνέστη
3430 3681 3687 3756 δρομαιως,

2127 3774 2224 3827 καὶ
2252 3775 2381 3828 ποσὶ
2407 3775 2502 3828 τοῦ
2548 3777 2698 3830 ὁσίου
2747 3778 3098 3848 προσέπιπτε
3128 3796 3144 3811 ·
3188 3780 3290 3834 καὶ
3333 3778 3529 3832 κλαίων
3552 3775 3691 3844 ηὐχα-

2126 3864 2321 3934 ρίστει,
2355 3868 2452 3920 καὶ
2480 3866 2671 3937 ἔλεγεν
2694 3884 2710 3900 °
2752 3870 3080 3940 Εὑχαριστῶ
3115 3887 3227 3936 σοι,
3267 3869 3423 3941 δοῦλε
3457 3865 3547 3920 τοῦ
3574 3859 3688 3915 Θεοῦ

2124 3956 2220 4010 τοῦ
2255 3956 2485 4027 ὑψίστου
2519 3960 2791 4025 Πατάπιε,
2827 3961 2911 4015 ὅτι
2941 3979 3008 4032 με
3042 3965 3072 4016 6
3103 3963 3351 4035 Χριστὸς
3380 3964 3409 4015 ό
3438 3960 3542 4013 τῶν
3564 3953 3690 4009 ἀσθε-

2124 4044 2392 4102 νούντων
2422 4050 2628 4121 ἰατρὸς,
2668 4051 2769 4121 διὰ
2833 4051 2928 4105 σοῦ
2985 4053 3361 4126 ἐθεράπευσε.
3412 4045 3690 4120 Σφραγὶσας

2124 4135 2218 4194 οὖν
2271 4140 2440 4195 αὑτοῦ
2493 4146 2522 4197 6
2564 4144 2839 4215 μακάριος
2889 4143 2970 4215 τῷ
3023 4145 3292 4217 δακτύλῳ
3337 4145 3399 4199 τὸ
3449 4144 3688 4213 μέτωπον,

2124 4231 2402 4286 ἀπέλυσεν
2447 4234 2528 4298 εἰς
2572 4233 2641 4287 τὰ
2683 4234 2812 4300 ἴδια,
2873 4234 3147 4306 χαίροντα
3201 4237 3304 4291 καὶ
3340 4233 3577 4288 αίνοῦντα
3616 4227 3690 4279 τὸν

2125 4321 2282 4387 Θεὸν,
2317 4325 2413 4376 καὶ
2446 4323 2762 4392 δοξάζοντα,
2793 4325 2887 4380 τὸν
2918 4327 3089 4380 πᾶσιν
3122 4327 3386 4398 ἀφθόνως
3407 4326 3516 4388 τοῖς
3545 4319 3690 4389 ἁγίοις

2125 4414 2292 4469 αὐτοῦ
2317 4416 2632 4488 παρέχοντα
2658 4416 2771 4471 τῶν
2795 4417 2988 4474 παθῶν
3021 4419 3264 4489 ἰάματα.
3506 4434 3519 4445 '

2219 4530 2365 4598 Περὶ
2401 4530 2513 4600 τῆς
2542 4529 2761 4598 ἰάσεως
2788 4531 2902 4603 τῆς
2939 4533 3047 4587 τὸν
3077 4531 3283 4603 μαζὸν
3309 4530 3622 4603 (Urode

2204 4641 2451 4710 ’Δγέσθω
2493 4641 2675 4698 τοίνυν
2712 4646 2796 4709 είς
2827 4644 2996 4715 μέσον
3033 4645 3196 4715 ἡμῖν,
3230 4646 3267 4716 ἡ
3311 4645 3406 4697 τὸν
3456 4635 3612 4710 μαζὸν
3638 4632 3689 4683 ὲκ

2119 4732 2330 4802 χρόνων
2356 4732 2670 4805 ἀλγήσασα,
2707 4737 2805 4789 καὶ
2831 4736 3087 4806 πανταχῆ
3134 4738 3339 4805 παισὶν
3366 4732 3560 4804 ίατρῶν
3586 4730 3691 4783 tau-

2119 4823 2219 4894 τὴν
2246 4824 2479 4879 ἐκδοῦσα
2507 4826 2576 4879 δι’
2604 4827 2819 4895 ἄκεσιν,
2869 4828 3073 4883 καὶτὰ
3112 4829 3325 4896 ἑαυτῆς
3371 4823 3690 4879 ἀναλώσασα.

2126 4914 2297 4986 μηδὲν
2326 4916 2385 4969 δὲ
2412 4919 2511 4988 τῆς
2559 4918 2717 4971 νόσου
2749 4919 3101 4990 πορισαμένη
3144 4919 3291 4991 πρὸς
3336 4918 3540 4987 ὄνησιν.
3570 4906 3690 4965 Tati-

2119 5024 2221 5078 της
2258 5009 2524 5080 καρκίνου
2553 5010 2633 5080 τῷ
2657 5009 2814 5081 μαζῷ
2844 5011 2990 5067 κατά
3016 5011 3121 5083 τῆς
3158 5012 3341 5082 θηλῆς
3366 5007 3689 5076 ἐκφύσαντοςν

2120 5102 2216 5155 καὶ
2256 5103 2401 5157 ἆπαν
2458 5104 2557 5175 ἤδη
2609 5105 2671 5157 τὸ
2724 5104 2914 5174 μόριον
2963 5102 3158 5174 σχεδὸν
3219 5088 3691 5170 καταδάψαντος’³ν

2118 5197 2483 5267 δριμυτάταις
2508 5197 2804 5269 ἀλγηδόσιν
2854 5196 3128 5266 ἐμπίπτει
3183 5195 3248 5249 τὸ
3310 5194 3544 5262 γύναιον.
3590 5178 3687 5235 Ἐπῖ

2124 5285 2258 5341 πολὺ
2286 5283 2380 5340 οὖν
2411 5288 2517 5341 ὑπὸ
2545 5287 2642 5341 τοῦ
2684 5287 2895 5351 πάθους
2933 5287 3297 5358 σμυχόμενον
3333 5285 3424 5339 καὶ
3473 5270 3690 5353 χαλεπῶς

2122 5380 2504 5452 ἁλισκόμενον,
2534 5381 2699 5441 τόπον
2724 5382 3075 5453 παρηγορίας
3113 5381 3220 5451 οὐχ
3254 5380 3500 5449 εὕρισκε.
3530 5369 3686 5428 Τέὶαςι

1724 5536 1954 5591 νΑῐῖΙιῖἶ
1990 5539 2389 5595 LECTIOXECS.

513 5628 552 5655 ”
583 5628 667 5678 ἵσ.
708 5645 774 5679 κα
790 5629 1123 5699 τιεὸἠξαντος.
