3978 6140
379 253 512 318 1229

1669 251 1748 312 IN
1791 253 1850 312 S.
1893 249 2304 312 PATAPIUM.

3493 255 3623 324 1230

373 365 505 435 περὶ
530 362 624 417 τοῦ
660 361 934 432 μακαρίου
967 361 1272 428 ἀκούσασα,
1311 353 1596 432 δρομαίως
1617 365 1754 434 πρὸς
1784 365 1947 418 αὑτὸν

2069 365 2116 420 Id
2149 379 2269 420 eam
2299 365 2402 420 viri
2446 366 2596 421 beati
2646 367 2792 424 fama
2825 368 3276 440 'percrebuisset,
3319 368 3518 426 festina
3555 377 3626 429 ad

373 453 758 525 παραγίνεται,
807 452 902 505 καὶ
947 453 1064 515 τοῖς
1117 451 1244 505 ποσὶ
1289 452 1390 523 τὴν
1447 453 1692 523 κεφαλὴν
1739 453 1946 507 ὑποκύ-

373 561 606 608 πτουσα,
643 542 752 596 τῶν
779 544 1020 610 γονάτων
1048 543 1346 612 ἐφήπτετο,
1393 537 1488 614 καὶ
1511 544 1692 612 τοιάδε
1739 545 1948 614 γοερῶς

375 634 756 700 ἁντιϐολοῢσα,
803 635 1090 705 ἐδυσφόρει
1126 635 1221 688 xa‘t
1251 633 1410 701 ἔλεγε
1433 647 1448 662 ⁸
1500 634 1666 688 Δοῦλε
1695 636 1790 688 τοῦ
1813 633 1948 688 Θεοῦ

373 727 484 780 τῶν
511 726 670 790 ὅλων,
703 725 976 786 ﬂorente,
1005 725 1154 778 ῐασαί
1187 741 1254 794 με
1274 725 1373 796 τὴν
1399 726 1684 793 δύστηνον,
1713 727 1811 797 τὴν
1849 727 1952 780 πά-

377 833 476 886 σης
533 817 740 887 ἔρημον
778 816 1052 886 βοηθείας.
1101 817 1254 870 Δίδου
1309 816 1484 888 δῶρον
1528 819 1590 870 τὸ
1636 817 1947 886 φάρμακον.

377 909 546 962 Οὐδέν
567 925 656 978 μοι
683 909 794 977 γάρ
819 908 1231 964 ὑπολέλειπται.
1253 910 1438 962 Πάντα
1464 913 1543 973 είς
1573 911 1792 978 ἰατροὺς
1813 891 1970 962 κατέ

375 1001 651 1071 ηνάλωσα,
681 1000 846 1066 άλγος
887 999 1086 1069 μᾶλλον
1115 1000 1149 1068 ἢ
1185 988 1477 1071 φάρμακον
1529 999 1948 1068 ὲγκολπὼσασα.

376 1089 738 1160 Μεμνημένος
757 1085 850 1143 οὗν
877 1089 974 1142 τοῦ
999 1091 1206 1160 Κυρίου
1235 1091 1506 1158 λέγοντοςο
1545 1109 1564 1142 ι
1591 1091 1810 1160 Δωρεὰν
1831 1090 1954 1150 ὲλά-

381 1181 528 1246 ϐετε,
555 1171 766 1251 δωρεάν
786 1165 942 1246 δότε,
981 1199 1002 1232 ι
1055 1181 1206 1234 ίασαί
1239 1199 1329 1252 με,
1352 1183 1453 1252 τὴν
1475 1183 1674 1244 διττοίς
1728 1181 1951 1234 ὑποκει-
1993 1173 1995 1176 ⁴

307 1267 314 1274 ’
383 1273 556 1344 μένην
584 1273 800 1326 ῑλκεσιν
821 1289 836 1304 ·
870 1272 1154 1343 ἀρρωστίᾳ
1189 1273 1284 1326 καὶ
1313 1273 1501 1343 πενίᾳ.
1533 1273 1624 1325 Διὸ
1649 1271 1846 1341 διπλῆν
1873 1273 1957 1325 αί-

379 1363 458 1418 τῶ
485 1364 586 1432 τὴν
615 1363 886 1416 ἀντίδοσιν
909 1378 926 1394 ο
961 1361 1408 1432 ἀλεξιφάρμακον
1451 1365 1596 1416 ἴασιν
1618 1401 1633 1426 ,
1681 1362 1775 1414 καὶ
1811 1361 1956 1414 δόσιν

382 1457 714 1527 άνάργυρον.
763 1453 920 1508 Οὕτω
961 1454 1070 1523 γάρ
1095 1471 1188 1507 σοι
1229 1455 1440 1508 κελεύει
1467 1455 1668 1508 διδόναι
1693 1455 1753 1507 τὸ
1795 1455 1956 1524 χάρι-

383 1566 520 1620 σμα,
555 1547 652 1600 καὶ
677 1545 820 1598 οὓτω
869 1561 936 1616 με
967 1545 1266 1614 λαμϐάνειν
1301 1545 1765 1614 παρακελεύεται.
1811 1543 1872 1596 '0
1900 1543 1957 1594 δὲ

385 1641 678 1709 μακάριος,
708 1637 900 1707 ὥσπερ
948 1637 1286 1706 κατελεήσας
1338 1635 1527 1706 αὐτὴν,
1577 1634 1912 1706 ἀπεκρίνατο
1941 1650 1982 1700 ·,

2055 471 2182 520 eum
2207 457 2376 522 venit,
2398 467 2676 528 caputque
2707 460 2982 526 inclinans
3013 461 3135 531 ejus
3167 461 3424 532 pedibus,
3449 479 3626 532 genua

2055 549 2438 617 apprehendit,
2469 565 2533 603 ac
2568 551 3000 607 iamentabiliter
3019 554 3362 626 supplicans,
3391 551 3446 607 in
3481 555 3630 610 hunc

2057 639 2274 702 modum
2309 638 2568 707 quiritari
2603 643 2790 712 cmpit,
2826 655 2890 696 ac
2917 643 3157 698 dicere:
3188 643 3281 699 Dei
3337 637 3626 702 universo-

2059 743 2180 782 rum
2215 745 2396 795 serve,
2418 731 2630 802 Patapi,
2667 747 2801 788 sana
2839 747 2925 790 me
2955 735 3210 790 miseram
3235 777 3249 801 ,
3282 739 3430 790 omni
3473 737 3638 806 plant:
3669 751 3672 754 '

2058 822 2268 876 auxilio
2299 819 2644 877 destitutam.
2685 823 2874 880 Gratis
2906 826 3088 894 praebe
3120 828 3448 881 remedium.
3489 828 3632 882 Nihil

2057 911 2334 981 siquidem
2371 913 2646 984 reliquum
2681 925 2786 971 est.
2819 913 3016 972 Omnia
3059 917 3328 987 insumpsi
3371 919 3424 974 in
3462 921 3636 974 medi-

2057 1015 2178 1072 cos,
2213 1001 2404 1057 dolore
2433 1003 2620 1072 potius
2669 1005 2796 1060 sinu
2829 1007 3063 1060 collecto
3090 1047 3105 1072 ,
3159 1025 3319 1076 quam
3373 1009 3632 1066 remedio.

2060 1089 2268 1147 Hemor
2325 1091 2502 1162 igitur
2537 1093 2756 1148 Domini
2788 1091 3072 1150 dicentis:
3126 1115 3144 1148 ι
3183 1098 3368 1153 Gratis
3418 1101 3640 1170 accepi-

2059 1181 2183 1246 stis,
2211 1183 2382 1253 gratis
2405 1185 2611 1250 datei;
2643 1203 2662 1236 ι
2689 1187 2823 1240 εοηε
2869 1181 3072 1256 duplici
3103 1189 3274 1243 ulceri
3301 1190 3591 1244 obnoxiam
3615 1230 3630 1254 ,

2060 1273 2401 1341 aegritudini,
2469 1275 2718 1344 inquam,
2773 1283 2827 1330 et
2883 1281 3223 1349 paupertati.
3261 1279 3637 1346 Quamobrem

2061 1377 2194 1432 rogo
2246 1363 2522 1432 duplicem
2585 1367 3030 1431 retributionem,
3081 1369 3344 1424 nimirum
3397 1369 3640 1428 mediea-

2064 1464 2310 1508 mentum
2348 1455 2494 1523 quod
2529 1457 2780 1510 morbum
2811 1457 3070 1526 depellat,
3103 1460 3492 1530 dationemque
3517 1475 3642 1532 pre-

2065 1544 2144 1598 tio
2177 1545 2426 1598 liberam.
2469 1544 2560 1600 Sic
2591 1547 2738 1600 enim
2773 1547 2863 1602 ille
2905 1550 3157 1619 praecipit
3190 1557 3247 1604 ut
3275 1551 3371 1606 des
3415 1565 3638 1616 munus,

2066 1635 2527 1704 hortaturque‘et
2559 1645 2750 1692 monet
2783 1649 2840 1691 ut
2883 1653 2950 1693 eo
2997 1641 3160 1694 modo
3195 1642 3314 1710 ipsa
3348 1645 3638 1712 accipiam.

385 1732 448 1784 Εί
473 1729 755 1791 πιστεύεις
789 1728 870 1797 τῷ
909 1729 1014 1796 τὴν
1040 1725 1290 1792 ἐξουσίαν
1331 1727 1530 1798 ἔχοντι,
1563 1726 1704 1790 ἕξεις
1735 1725 1829 1779 τοῦ
1866 1725 1964 1778 πό-

2069 1723 2138 1777 Αι
2184 1723 2270 1778 vir
2313 1723 2533 1788 beatus,
2577 1727 2891 1798 miserantis
2919 1731 3110 1798 specie
3147 1749 3160 1784 :
3203 1729 3261 1783 Si
3309 1731 3512 1798 credis,
3563 1735 3644 1787 in-

383 1821 478 1874 θου
508 1821 570 1873 τὺ
593 1819 788 1889 πέρας.
817 1819 878 1870 Ei
911 1819 1094 1872 πίστιν
1115 1817 1262 1888 ἔχεις
1289 1818 1561 1887 εἰλικρινῆ
1590 1818 1684 1870 καὶ
1698 1815 1962 1882 διάθεσιν,

382 1911 482 1983 ἔσῃ
512 1913 677 1983 ὑγιὴς
705 1912 800 1965 καὶ
825 1911 1150 1980 ἀνάλγητος.
1195 1911 1259 1964 Ἦ
1296 1909 1354 1962 δὲ
1377 1909 1650 1979 ταυρηδὸν
1689 1909 1840 1974 ἐϐόα,
1870 1910 1966 1963 καὶ

379 2003 574 2072 ἔλεγε·
631 2003 818 2056 Πίστει
877 2005 1284 2073 προσέρχομαι,
1313 2002 1590 2055 δέσποτα*
1645 2003 1826 2055 πίστει
1863 2001 1966 2072 τὴν

385 2093 530 2146 ξασιν
568 2092 869 2161 κομίσομαι
895 2107 909 2122 ’
957 2091 1032 2162 μὴ
1074 2088 1170 2146 οὖν
1213 2092 1628 2164 άποστραφείην
1662 2095 1696 2162 ἡ
1735 2093 1966 2147 τάλαινα

385 2183 463 2254 μὴ
493 2183 734 2242 λαϐοῦσα
763 2181 860 2238 τοῦ
891 2181 1086 2246 ἕλκους
1116 2184 1216 2254 τὴν
1249 2185 1394 2238 ῐασιν
1419 2202 1434 2216 ·
1470 2186 1547 2255 μὴ
1583 2184 1746 2239 πάλιν
1781 2185 1966 2240 οἴκαδε

381 2279 474 2332 τὸν
505 2279 765 2346 καρκίνον
793 2275 1108 2348 κεκτημένη
1139 2275 1482 2350 πορεύσομαι
1507 2293 1520 2306 ·
1557 2277 1618 2330 οὺ
1661 2279 1771 2348 γὰρ
1805 2279 1963 2348 φέρω

383 2369 484 2432 τὰς
528 2367 851 2436 ἀλγηδόνας.
903 2367 982 2420 Οὐ
1029 2368 1208 2435 στέγω
1245 2368 1374 2430 τοὺς
1424 2368 1752 2438 αίκισμούςο
1803 2368 1966 2440 μέχρι

385 2460 582 2533 βάθους
611 2459 840 2531 καρδίας
868 2459 1174 2530 σπαράττει
1203 2476 1270 2530 με
1293 2475 1310 2492 ·
1337 2459 1512 2530 αὐτήν
1539 2477 1641 2530 μου
1669 2462 1770 2531 τὴν
1787 2461 1967 2532 ψυχὴν

383 2555 608 2626 ἐκτήκει
633 2555 696 2607 τὸ
717 2553 934 2623 νόσημα
957 2565 972 2582 ο
1001 2551 1138 2605 ἀλλὰ
1161 2551 1354 2622 δέομαί
1379 2567 1498 2618 σου,
1521 2552 1744 2622 ἐλέησόν
1774 2568 1842 2622 με
1867 2553 1968 2623 τὴν

385 2647 616 2702 ἀθλίαν.
639 2645 700 2697 '0
717 2639 776 2696 δὲ
807 2641 1084 2713 ῥαγδαίως
1107 2640 1280 2712 αὐτὴν
1312 2641 1420 2696 ὑπὸ
1441 2641 1776 2710 τοῦλπάθους
1803 2641 1969 2711 ἀλγυ-

385 2737 623 2806 νομένην
671 2731 956 2802 ἑωρακὼς,
1002 2732 1311 2803 ἐπέτρεπεν
1344 2713 1708 2786 ἐπιδεικνύειν
1737 2735 1834 2786 τὸν
1874 2733 1968 2787 τό·

307 2873 310 2878 .
386 2810 488 2882 πον
521 2824 620 2878 τοῦ
649 2824 976 2894 νοσήματος.
1018 2823 1134 2878 Καὶ
1167 2822 1234 2894 δὴ
1279 2823 1380 2893 τὴν
1417 2824 1584 2893 ἁγίαν
1612 2823 1778 2878 αὑτοῦ
1807 2827 1968 2896 χεῖρα

386 2917 596 2979 ἐπιθεὶς
623 2915 702 2983 τῷ
732 2913 911 2984 μαζῷ,
957 2912 1052 2967 καὶ
1105 2913 1206 2983 τὴν
1252 2913 1528 2983 σφραγίδα
1571 2912 1668 2966 τοῦ
1725 2911 1966 2983 σταυροῦ

388 3008 781 3077 ποιησάμενος,
807 2995 940 3059 ενθὰ
972 3002 1072 3057 τοῦ
1105 3003 1368 3075 καρκίνου
1391 3005 1454 3058 τὸ
1479 3003 1656 3067 πάθος
1680 3005 1964 3076 ἐτύγχανε,

387 3103 523 3172 φησι
569 3099 706 3169 πρὸς
748 3097 920 3167 αὑτήν
943 3112 958 3125 ·
1001 3096 1060 3148 '0
1083 3095 1239 3159 Θεὸς,
1278 3089 1326 3150 ὦ
1375 3094 1562 3164 γύναι,
1587 3097 1668 3160 είς
1701 3097 1760 3150 ὃν
1787 3099 1854 3150 σὺ
1879 3115 1972 3150 πι-

389 3191 666 3244 στεύσασα
715 3189 853 3259 πρὸς
897 3189 1048 3258 ἡμᾶς
1083 3187 1491 3258 παραγέγονας,
1521 3188 1690 3250 αὐτός
1738 3205 1832 3240 σου
1871 3189 1970 3259 τὴν

389 3287 578 3340 πίστιν
629 3281 964 3354 δεξάμενος,
1013 3281 1414 3352 ἀνταμείψεται
1463 3281 1562 3336 τοῦ
1615 3283 1822 3345 πάθους
1869 3283 1970 3352 τὴν

392 3377 540 3432 ῐασιν
567 3391 581 3405 ο
615 3378 650 3446 ἡ
702 3377 802 3445 μὲν
829 3375 940 3445 γὰρ
973 3374 1160 3436 πίστις
1186 3390 1304 3438 σου,
1329 3372 1580 3444 τολμηρά
1605 3390 1665 3426 τε
1699 3375 1794 3428 καὶ
1819 3374 1972 3437 ζέου-

392 3483 480 3521 σα·
497 3467 558 3519 τὸ
587 3465 644 3518 δὲ
671 3463 864 3530 πάθος,
897 3463 1140 3534 χαλεπόν
1164 3477 1226 3515 τε
1241 3462 1344 3516 καὶ
1369 3461 1642 3516 δυσίατον.
1685 3463 1828 3514 Ἀλλ’
1861 3479 1878 3512 ι
1905 3463 1968 3514 Ἦ

331 3591 354 3628 -_
389 3559 577 3620 πίστις
607 3573 704 3609 σου
737 3555 947 3609 σέσωκέ
979 3571 1063 3618 σε,
1109 3554 1350 3626 πορεύου
1382 3555 1464 3617 είς
1507 3554 1753 3624 εἰρήνην.
1787 3573 1805 3604 ι
1859 3554 1970 3606 Καὶ

389 3647 700 3720 άπῆλθενὴ
728 3647 890 3716 γυνὴ,
916 3647 1048 3716 ὑγιῆ
1079 3646 1319 3700 λαϐοῦσα
1339 3646 1433 3700 τὸν
1471 3645 1642 3716 μαζὸν
1681 3645 1776 3697 καὶ
1806 3645 1969 3699 ἀνάλ-

389 3758 580 3814 γητον,
617 3737 918 3806 δοξάζουσα
953 3739 1048 3793 τον
1077 3737 1236 3804 Θεὸν,
1264 3738 1358 3794 τὸν
1399 3739 1487 3793 ἀεὶ
1511 3737 1829 3809 παρέχοντα
1857 3740 1968 3800 τοῖς

391 3831 570 3900 ἁγίοις
595 3830 706 3884 τῶν
731 3831 978 3901 ἰαμάτων
1003 3831 1104 3899 τὴν
1133 3831 1392 3901 δύναμιν.
1813 3823 1820 3830 ’

462 4006 652 4062 Ταῦτα
676 4003 774 4060 τοῦ
817 4004 974 4074 ἁγίου
1020 4003 1302 4059 [ιαταπίου
1355 4002 1424 4056 τά
1470 4003 1748 4072 θαύματα.
1783 4001 1970 4056 Ταῦτα

393 4097 506 4152 τῶν
535 4099 750 4152 ἑκείνου
781 4097 964 4150 πόνων
995 4096 1064 4150 τὰ
1101 4095 1339 4166 ἔπαθλα·
1374 4094 1512 4163 αὕτη
1550 4095 1582 4165 ἡ
1633 4095 1832 4165 μερικὴ
1859 4093 1970 4148 τῶν

393 4193 500 4246 ὕειτί
520 4189 684 4244 αὐτοῦ
709 4173 1016 4259 γενομένων
1047 4188 1350 4259 τεραστίων
1373 4187 1648 4256 διήγησις.
1677 4187 1970 4249 Τοιαύταις

392 4281 654 4351 ἀμοιϐαῖς
681 4281 808 4343 τοὺς
845 4277 1042 4334 ἑαυτοῦ
1073 4276 1414 4348 θεράποντας
1441 4279 1472 4330 ό
1509 4276 1785 4345 Δεσπότης
1820 4276 1969 4345 φιλο-

2065 1816 2208 1885 quit,
2233 1817 2285 1872 ei
2317 1816 2408 1884 qui
2451 1817 2620 1874 habet
2654 1827 3010 1890 potestatem,
3053 1823 3328 1878 intentum
3371 1825 3645 1880 desiderio

2066 1909 2228 1962 linem
2261 1911 2645 1978 consequeris.
2679 1913 2734 1966 Si
2769 1911 3032 1969 habueris
3067 1915 3340 1970 sinceram
3382 1915 3544 1972 ﬁdem
3577 1931 3644 1973 ac

2066 1997 2404 2054 aﬂectionem
2431 2041 2447 2066 ,
2481 2015 2616 2055 sana
2669 2003 2781 2059 eris
2818 2015 2872 2058 et
2907 2020 2935 2056 a
2968 2005 3161 2060 dolore
3208 2007 3491 2062 immunis.
3547 2009 3644 2063 illa

2064 2104 2197 2144 vero
2245 2091 2398 2146 velut
2448 2092 2592 2146 tauri
2643 2093 2864 2148 sublato
2907 2098 3120 2164 mugitu
3159 2097 3330 2150 altum
3373 2099 3640 2165 clamans,

2066 2181 2184 2235 ait:
2213 2181 2460 2239 Credens
2505 2185 2727 2249 accedo,
2773 2185 3032 2254 domine;
3067 2189 3172 2244 ﬁde
3224 2189 3514 2244 sanitatem
3557 2205 3640 2246 re-

2065 2273 2336 2343 portabo;
2369 2289 2437 2329 ne
2475 2289 2608 2344 ergo
2643 2277 2844 2332 misera
2866 2319 2882 2343 ,
2913 2293 3024 2332 non
3049 2287 3247 2335 curato
3277 2277 3510 2336 vulnere
3558 2297 3644 2338 re-

2066 2365 2247 2432 diero;
2279 2381 2348 2420 ne
2373 2367 2578 2420 iterum
2612 2381 2822 2422 cancro
2851 2368 3113 2424 laborans
3145 2369 3374 2426 domum
3405 2373 3598 2428 abiero
3625 2391 3640 2442 ;

2067 2471 2178 2510 non
2204 2457 2354 2512 enim
2391 2457 2512 2513 fero
2545 2460 2867 2524 cruciatus;
2923 2474 3038 2515 non
3096 2463 3353 2518 sustineo
3379 2477 3644 2536 pernam;

2067 2547 2136 2622 ad
2166 2563 2339 2619 usque
2373 2549 2544 2605 imum
2575 2565 2676 2606 cor
2702 2551 3007 2621 discerpit;
3037 2553 3212 2624 ipsam
3240 2557 3479 2612 animam
3497 2571 3648 2612 mor-

2067 2637 2122 2693 bi
2180 2639 2262 2694 vis
2293 2637 2556 2696 tabeiacit
2589 2657 2603 2695 :
2639 2643 2740 2696 sed
2771 2657 2904 2713 rogo
2959 2651 3016 2699 te
3051 2653 3112 2699 ut
3165 2647 3489 2704 miserearis
3538 2652 3648 2707 mei

2069 2731 2302 2786 miseras.
2332 2731 2382 2786 ls
2411 2746 2598 2802 porro,
2657 2733 2748 2788 ubi
2796 2735 3118 2792 horribilius
3166 2739 3397 2796 vidisset
3451 2739 3648 2798 dolore

2066 2819 2392 2888 cruciatam,
2439 2821 2608 2890 jussit
2649 2832 2707 2876 ut
2743 2823 2923 2878 morbi
2973 2825 3152 2882 locum
3188 2829 3531 2888 ostenderet.
3565 2835 3651 2886 Αιι

2066 2924 2198 2964 vero
2239 2925 2394 2966 sacra
2425 2927 2591 2966 manu
2644 2929 2896 2970 mamma:
2928 2917 3207 2986 imposita,
3243 2923 3540 2992 crucisque
3573 2925 3650 2979 si-

2070 3001 2340 3072 gnaculo,
2399 3017 2505 3072 qua
2565 3013 2718 3074 parte
2764 3019 2968 3062 cancer
3011 3009 3300 3077 exedebat,
3356 3027 3648 3084 expresso,

2071 3095 2148 3147 ait
2174 3095 2241 3149 ad
2265 3109 2384 3148 eam
2409 3094 2628 3162 :“Deus,
2687 3112 2720 3151 ο
2773 3098 2993 3165 mulier,
3037 3101 3094 3154 in
3129 3117 3290 3171 quem
3316 3105 3552 3161 credens
3580 3107 3649 3160 ad

2071 3199 2174 3240 nos
2219 3185 2456 3250 venisti,
2499 3187 2614 3256 ipse
2665 3197 2758 3242 tua
2798 3199 3055 3261 suscepta
3107 3191 3212 3249 lide
3269 3197 3648 3266 probataque,

2071 3291 2261 3330 sanam
2288 3279 2666 3348 sospitemque
2697 3295 2726 3332 a
2755 3283 2946 3336 morbo
2975 3283 3192 3340 eﬂiciet.
3219 3285 3365 3343 Sane
3398 3289 3648 3358 quidam,

2069 3379 2158 3422 est
2197 3369 2332 3423 ﬁdes
2375 3379 2646 3438 praestans
2675 3385 3051 3442 accensaque,
3080 3385 3135 3429 at
3181 3379 3410 3434 morbus
3441 3384 3650 3450 gravis,

2070 3471 2126 3518 et
2151 3463 2388 3517 diiiicilis
2440 3472 2634 3516 curatu
2665 3481 2680 3528 ;
2723 3463 3028 3528 enimvero,
3061 3485 3080 3517 ί
3117 3465 3282 3525 Fides
3315 3477 3408 3524 tua
3455 3483 3508 3527 te
3541 3475 3650 3528 sal-

2069 3569 2194 3609 vam
2237 3553 2403 3620 fecit;
2441 3553 2578 3610 vade
2613 3557 2668 3610 in
2700 3569 2834 3623 pace
2865 3565 2910 3609 ι.
2961 3575 2979 3608 ι
3019 3557 3280 3628 Abiitque
3321 3563 3522 3618 mulier
3563 3579 3650 3616 rc-

2069 3653 2231 3713 cepto
2271 3657 2414 3698 sano
2439 3645 2611 3700 ubere
2641 3659 2708 3698 ac
2739 3645 2930 3700 dolore
2981 3659 3180 3712 vacuo,
3223 3647 3392 3703 Deum
3434 3651 3650 3720 glorifi-

2069 3749 2228 3802 cans,
2271 3737 2368 3805 qui
2417 3751 2635 3806 semper
2690 3737 3047 3793 sanationum
3111 3740 3380 3797 virtutem
3445 3743 3651 3812 praebet

1999 3845 2008 3850 “
2071 3828 2280 3884 sanctis
2309 3828 2454 3883 suis.

2143 4002 2220 4056 Ea
2251 4009 2380 4056 sunt
2405 4001 2585 4056 sancti
2617 3999 2834 4074 Patapii
2869 3955 3138 4060 miracula
3175 4023 3188 4060 :
3241 4007 3358 4062 hac
3397 4009 3648 4064 laborum

2071 4093 2194 4162 ejus
2232 4094 2478 4162 praemia.
2513 4091 2638 4147 Haec
2677 4095 2746 4148 ab
2778 4109 2846 4148 eo
2893 4105 3236 4164 patratorum
3273 4098 3650 4168 prodigiorum

2072 4182 2431 4250 particularis
2489 4183 2762 4237 narratio.
2825 4183 2919 4239 Sic
2975 4181 3241 4241 Dominus
3303 4188 3480 4241 servis
3534 4189 3651 4245 suis

2071 4273 2366 4342 magniﬁce
2415 4274 2695 4329 retribuit.
2741 4293 2760 4326 ι
2801 4274 2859 4330 Si
2903 4275 3040 4343 quid
3086 4277 3258 4342 enim,
3313 4277 3514 4347 inquit,
3555 4293 3652 4348 pe-

395 4375 654 4444 τιμεῖται.
701 4388 721 4422 ι
755 4369 846 4424 Ἐν
891 4368 1003 4438 γὰρ
1047 4367 1126 4439 τῷ
1168 4367 1396 4437 ὀνόματί
1426 4385 1552 4438 μου,
1601 4367 1787 4437 φησιν,
1819 4367 1848 4419 ὃ
1873 4367 1966 4420 ἐὰν

2077 4363 2280 4420 tieritis
2309 4365 2524 4420 Patrem
2576 4366 2632 4420 in
2677 4366 2902 4422 nomine
2940 4381 3099 4432 meo,
3144 4367 3300 4423 dabit
3342 4368 3504 4426 vobis
3537 4381 3584 4433 ⁸.
3627 4388 3646 4423 ι

393 4463 660 4534 αίτήσητε
696 4462 848 4531 παρὰ
883 4459 979 4514 τοῦ
1006 4461 1222 4528 Πατρός
1256 4475 1378 4528 μου,
1422 4459 1586 4512 δώσει
1636 4459 1786 4528 ὑμῖν.
1809 4476 1828 4509 ι
1861 4459 1972 4510 Καὶ

393 4555 464 4611 τά
496 4555 596 4625 μὲν
629 4553 776 4606 κατὰ
810 4551 910 4622 τὴν
939 4549 1224 4620 παροῦσαν
1263 4551 1408 4620 ζωὴν
1440 4550 1591 4620 παρὰ
1624 4549 1760 4602 Θεοῦ
1786 4547 1862 4618 τῷ
1889 4549 1973 4602 δι-

395 4647 536 4714 καίῳ
573 4644 950 4714 δεδωρημένα,
981 4641 1244 4696 τοιαῦτα·
1267 4643 1338 4696 τὰ
1367 4642 1422 4695 δὲ
1465 4640 1604 4712 μετὰ
1633 4641 1732 4713 τὴν
1759 4639 1972 4694 ἐνθένδε

400 4737 754 4807 μετάστασιν,
788 4730 876 4788 οἷα
906 4735 1000 4788 καὶ
1032 4735 1132 4787 ὅσα
1159 4751 1173 4765 ο
1207 4733 1242 4786 ἃ
1267 4734 1363 4786 καὶ
1412 4734 1574 4802 μέχρι
1601 4734 1696 4785 τοῦ
1731 4733 1828 4784 νῦν
1853 4732 1976 4803 ᾄδε-

319 4845 322 4848 ·
396 4845 487 4880 ται
517 4825 946 4898 τραγῳδούμενα
981 4841 994 4853 ·
1025 4824 1060 4878 ἃ
1085 4823 1176 4878 διὰ
1199 4825 1298 4904 τὴν
1329 4825 1428 4877 τοῦ
1446 4826 1603 4892 λόγου
1638 4825 1970 4894 παράτασιν,

396 4917 602 4989 ἀρτίως
631 4915 1034 4987 ἐπιμνησθῆναι
1063 4917 1164 4968 οὐκ
1207 4915 1428 4986 ἔκρινα,
1469 4917 1542 4985 μή
1583 4931 1702 4978 πως
1728 4915 1806 4985 τῷ
1839 4915 1974 4986 πλή-

396 5011 480 5078 θει
506 5011 614 5064 τῶν
647 5010 944 5080 θαυμάτων
970 5010 1050 5070 είς
1079 5009 1338 5061 ἀπιστίαν
1391 5007 1597 5062 ἐλθοιέν
1641 5025 1806 5072 τινες,
1835 5007 1972 5078 ὅπερ

395 5103 496 5154 οὐκ
527 5101 772 5170 ἄμεινον.
822 5099 962 5152 Ἀλλ’
1003 5101 1187 5152 ἐκεῖνα
1233 5098 1469 5170 στόμασι
1521 5100 1620 5168 μὲν
1667 5097 1972 5169 ἀνθρώπων

393 5193 624 5262 ἀφέντες
654 5192 916 5264 ᾀδόμενα,
944 5191 1064 5262 Θεῷ
1097 5191 1154 5244 δὲ
1190 5192 1356 5262 μόνῳ,
1401 5191 1480 5262 τῷ
1524 5191 1590 5244 δι’
1622 5185 1684 5246 οὗ
1713 5192 1972 5261 γεγόνασι

393 5285 804 5356 γινωσκόμενα,
856 5283 1088 5336 ἐνταῦθα
1134 5283 1225 5338 τὸν
1283 5283 1442 5351 λόγον
1498 5284 1970 5354 καταπαύσωμεν,

399 5379 572 5449 μικρά
601 5377 870 5448 πρότερον
917 5377 1047 5446 περὶ
1079 5376 1180 5446 τῆς
1213 5375 1380 5430 αὐτοῦ
1421 5375 1797 5447 διαλεχθέντες
1831 5377 1972 5443 πρὸς

396 5472 530 5523 Θεὸν
556 5468 968 5531 μεταστάσεως.
1787 5465 1789 5468 ⁴

475 5659 502 5699 1
533 5650 726 5704 Matth.
759 5669 812 5719 ιι,
841 5653 894 5707 8.
976 5663 996 5690 τ
1025 5652 1160 5710 Luc.
1214 5665 1304 5712 vn,
1345 5649 1434 5704 50.
1509 5661 1536 5690 ι
1568 5648 1730 5706 Joan.
1776 5665 1884 5712 3m,
1914 5649 2005 5703 25.

2079 4457 2158 4512 Ac
2191 4457 2414 4528 quidem
2445 4458 2617 4527 justo,
2673 4459 2804 4514 dum
2858 4469 3005 4514 esset
3053 4459 3108 4512 in
3169 4461 3448 4526 humanis,
3477 4475 3506 4515 ε
3543 4459 3653 4517 1)εο

2073 4547 2304 4612 donata,
2351 4550 2424 4602 ita
2483 4549 2730 4607 habent;
2781 4535 2874 4603 ubi
2939 4557 3123 4604 autem
3183 4551 3480 4621 migrasset
3513 4565 3652 4606 con-
3735 4539 3738 4542 Α

2073 4651 2254 4705 cessa,
2313 4645 2478 4708 atque
2541 4637 2812 4694 hactenus
2871 4639 3118 4693 omnium
3173 4639 3466 4693 decantata
3529 4655 3648 4706 ore,

2073 4734 2256 4802 qualia
2291 4741 2426 4788 sunt
2473 4747 2536 4788 ac
2587 4733 2835 4804 quanta?
2877 4733 3048 4787 Porro
3103 4733 3282 4788 visum
3333 4742 3420 4790 est
3471 4745 3532 4789 ut
3582 4751 3654 4790 ne

2075 4826 2241 4880 modo
2271 4825 2534 4880 cavendae
2569 4827 2908 4897 prolixitatis
2959 4827 3154 4895 gratia,
3188 4827 3378 4880 eorum
3415 4831 3652 4881 mentio-

2077 4931 2202 4970 nem
2236 4915 2492 4978 inferam,
2529 4931 2592 4970 ac
2627 4932 2696 4970 ne
2727 4916 3129 4970 miraculorum
3157 4915 3322 4984 capia
3356 4915 3650 4970 nonnullos

2077 5011 2134 5066 in
2191 5010 2637 5065 incredulitatem
2692 5009 2964 5079 impellat.
3008 5007 3158 5079 quod
3201 5022 3310 5062 non
3353 5001 3690 5062 admodnm'

2075 5103 2318 5172 expedit.
2345 5100 2748 5170 Relinquentes
2769 5115 2901 5170 ergo
2927 5100 3214 5154 hominum
3237 5099 3514 5153 celebrata
3531 5113 3650 5163 ore,

2078 5191 2300 5263 Deoque
2338 5193 2464 5258 soli,
2503 5191 2666 5258 cujus
2701 5199 2834 5245 sunt
2868 5195 3082 5261 patrata
3123 5191 3328 5244 virtute
3355 5229 3370 5254 ,
3405 5188 3650 5257 cognita,

2078 5283 2242 5340 ﬁnem
2299 5283 2390 5338 hic
2422 5282 2640 5338 dicendi
2695 5281 2990 5346 faciamus,
3026 5281 3120 5336 ubi
3155 5281 3424 5334 duntaxat
3477 5293 3650 5348 pauca

2078 5377 2328 5448 quaedam
2389 5375 2456 5431 de
2519 5375 2644 5442 ejus
2703 5373 2774 5429 ad
2837 5372 3008 5428 Deum
3069 5372 3308 5427 transitu
3367 5369 3654 5424 disserue-

2081 5483 2276 5524 rimus.
