3978 6140
432 208 561 273 1231

502 322 575 370 De
609 316 705 369 viri
738 313 874 383 justi
900 312 963 365 ab
997 311 1242 365 Immanis
1279 310 1346 363 ad
1390 310 1557 365 Deum
1588 314 1925 382 migratione.

499 498 605 551 Hic
667 495 977 565 itaque-vir
1028 494 1265 561 beatus,
1321 494 1412 549 ubi
1465 494 1741 565 sapienter
1789 495 1997 560 omnia,

431 603 593 660 atque
635 595 693 641 ut
730 587 837 639 Deo
888 583 1151 654 placitum
1201 593 1390 649 esset,
1436 586 1492 639 in
1542 587 1656 640 vita
1705 586 1998 658 gessisset,

430 696 598 751 seque
652 676 973 748 prudentem
1026 676 1485 747 patremfamilias
1518 678 2003 745 exbibuisset,to-

430 781 542 823 tum
567 782 625 823 sc
658 766 749 819 Dei
777 765 1061 819 vasculum
1093 773 1262 833 atque
1291 766 1359 817 ad
1384 780 1509 820 eum
1543 766 1833 822 transitum
1851 781 2003 822 com-

431 867 679 930 paratum
724 857 879 911 fecit.
907 856 1278 924 Quapropter,
1315 856 1764 912 immarcescibili
1816 871 1845 911 a
1889 855 2003 913 Deo

427 958 650 1019 accepta
675 963 908 1012 corona,
934 950 989 1000 in
1022 959 1230 1000 aeterna
1261 946 1648 1011 tabernacula,
1680 947 2001 1016 angelorum

427 1038 850 1096 contubernalis
878 1035 1143 1101 effectus,
1177 1036 1671 1105 apostolorumque
1706 1047 2003 1091 consertus

427 1133 615 1187 eboris
641 1138 697 1185 et
726 1128 979 1192 sedibus,
1013 1142 1078 1181 ac
1104 1137 1427 1181 sanctorum
1465 1141 1675 1192 comes,
1712 1127 2002 1197 recipitur.

428 1220 585 1274 Haud
615 1226 799 1273 tamen
829 1232 893 1272 ea
928 1216 1084 1286 prius
1121 1216 1432 1284 contigere,
1456 1228 1622 1283 quam
1648 1216 1734 1269 vir
1764 1215 2003 1270 admira-

426 1312 576 1374 bilis,
616 1310 885 1380 patribus
928 1306 1023 1372 qui
1077 1304 1483 1359 monasterium
1539 1303 1675 1357 illud
1733 1304 2002 1369 colerent,

428 1400 699 1456 fratribus
726 1397 946 1468 pariter
981 1404 1149 1464 atque
1178 1394 1409 1451 senibus
1431 1436 1447 1461 ,
1488 1412 1507 1444 ι
1557 1395 1788 1449 meliora
1819 1410 1881 1449 ac
1913 1410 2005 1449 sa-

430 1492 628 1548 lutaria
666 1510 686 1544 »
736 1499 1080 1545 enarrasset.
1118 1488 1336 1557 Quippe
1381 1495 1544 1541 erant
1602 1488 1654 1541 id
1714 1486 2002 1556 temporis,

429 1584 617 1639 maesti
653 1597 870 1645 omnes,
902 1580 1055 1633 vultu
1091 1578 1374 1640 demisso,
1411 1580 1599 1631 tristes
1666 1579 1882 1639 ceruui,
1939 1591 2006 1629 ac

425 1677 632 1748 quibus
669 1676 783 1728 vita
813 1671 975 1727 taedio
1001 1677 1173 1726 esset.
1205 1668 1401 1736 Qualia
1430 1668 1577 1723 enim
1611 1677 1888 1738 quantave
1916 1668 2000 1720 lu-
2036 1655 2074 1708 Β

425 1769 674 1840 gubriter
705 1765 777 1819 ab
801 1764 884 1819 eis
907 1760 1241 1816 decantata?
1267 1757 1379 1814 Cur
1408 1759 1578 1824 enim,
1634 1759 1813 1828 inquit
1837 1797 1853 1820 ,
1906 1772 2004 1826 pa-

426 1872 535 1924 ter,
572 1856 829 1913 omnibus
872 1852 1109 1917 relictis,
1155 1850 1215 1905 in
1256 1850 1494 1904 alienam
1547 1847 2007 1918 peregrinamque

427 1950 707 2021 regionem
746 1944 997 2016 migras?
1031 1941 1235 2009 Quidni
1271 1955 1424 2004 vero,
1480 1939 1636 2009 prius
1667 1938 1770 2020 ipsi
1802 1939 2007 2007 migra-

428 2018 629 2102 vimus,
666 2053 732 2092 ac
761 2046 820 2091 tu
854 2036 1120 2104 deinceps
1159 2032 1404 2087 filiorum
1452 2018 1684 2086 amans?
1712 2029 2008 2084 Enimvero

428 2131 574 2185 furto
598 2128 761 2185 nobis
788 2127 1042 2183 sublatus
1064 2139 1145 2190 es,
1178 2137 1287 2194 qua
1313 2122 1597 2179 nescimus
1628 2120 1865 2176 ratione.
1906 2119 2007 2176 De—

428 2223 766 2293 prandatione
800 2219 1090 2275 amisimus
1126 2217 1452 2272 thesaurum
1504 2196 1834 2286 pretiosum.
1872 2214 2008 2281 Quis

426 2317 690 2384 deinceps
729 2327 831 2367 nos
870 2311 1152 2367 ditaturus
1180 2320 1286 2372 est,
1323 2307 1621 2362 morbosve
1652 2314 1878 2362 nostros
1909 2322 2008 2360 cu-

427 2404 693 2461 raturus?
723 2403 851 2457 flatc
877 2400 971 2455 alii
1020 2400 1377 2465 clamabant,
1425 2397 1520 2452 alii
1580 2412 1640 2454 se
1699 2398 2009 2452 lacerantes

424 2495 895 2559 lamentabantur,
947 2493 1159 2562 aliique
1211 2489 1390 2546 modis
1453 2489 1580 2545 aliis
1628 2489 2005 2545 calamitatem

409 2592 648 2644 -funeste
671 2585 1059 2656 deplorabant,
1087 2581 1382 2654 omnisque
1416 2581 1822 2637 consolationis
1852 2581 2008 2635 locus

426 2682 717 2737 submotus
745 2686 886 2732 erat.

498 2772 642 2838 Quid
674 2784 805 2825 vero
847 2769 933 2821 vir
961 2766 1053 2820 ille
1076 2779 1210 2821 vere
1237 2762 1472 2819 beatus?
1502 2763 1639 2819 Cum
1677 2777 1738 2818 se
1782 2761 2007 2832 quidem

424 2866 536 2934 jam
571 2859 848 2916 defectum
878 2856 1135 2920 vidisset,
1180 2855 1544 2925 proximeque
1571 2853 1640 2931 ad
1672 2853 1836 2907 Deum
1877 2869 2008 2922 pro-

428 2958 727 3015 fecturum,
762 2951 870 3004 huc
907 2948 1156 3017 illucque
1201 2944 1403 3001 blande
1434 2945 1665 3000 intuens
1692 2984 1708 3009 ,
1740 2944 1855 2998 ait:
1890 2943 1968 2998 Ne
1989 2985 2003 3010 ,

431 3043 527 3096 tilii
562 3038 897 3102 dulcissimi,
929 3051 1102 3107 super
1148 3050 1237 3090 me
1285 3034 1568 3100 ﬂeveritis,
1601 3049 1703 3090 nec
1757 3041 2005 3090 vestrum

432 3143 644 3204 patrem
710 3130 976 3186 lamentis
1045 3128 1486 3198 pratmiseritis:
1544 3127 1656 3182 imo
1721 3129 2005 3198 precibus,

428 3243 569 3296 quas
608 3222 871 3278 eructetis
921 3237 988 3277 ex
1033 3225 1146 3275 imo
1187 3220 1375 3285 corde,
1428 3234 1540 3290 quo
1580 3234 1828 3274 meorum
1867 3220 2007 3276 deli-

429 3328 644 3373 ctorum
693 3314 1099 3369 absolutionem
1152 3313 1456 3379 inveniam,
1515 3311 1887 3382 fiduciamque
1940 3314 2007 3367 ad

428 3412 759 3465 immensum
802 3406 986 3462 lumen
1018 3404 1152 3460 illud
1179 3404 1396 3461 decoris
1430 3404 1857 3467 inaccessibilis,
1881 3419 2007 3459 cum

432 3502 716 3557 tremendo
754 3500 877 3570 ejus
920 3497 1185 3554 tribunali
1228 3497 1354 3552 sisti
1385 3496 1700 3552 habuerim.
1752 3494 1831 3551 Ne
1852 3511 2007 3566 ergo,

432 3593 554 3658 lilii,
588 3592 846 3663 lugeatis.
885 3588 1059 3643 Plane
1087 3588 1237 3642 enim
1275 3586 1345 3641 ad
1374 3602 1501 3642 eum
1544 3588 1743 3656 migro,
1784 3588 1880 3657 qui
1912 3604 2009 3642 vo-

431 3696 677 3743 cat:vos
718 3694 929 3749 autem,
973 3680 1178 3738 fratres
1224 3692 1542 3752 patresque,
1586 3697 1607 3730 ς
1643 3681 1800 3737 vobis
1831 3689 2012 3737 atten-

431 3779 543 3832 dite
571 3785 627 3830 et
669 3768 932 3829 universo
967 3773 1121 3843 gregi
1167 3760 1355 3828 vestro
1391 3773 1441 3826 ι’.
1485 3792 1504 3825 ι
1573 3773 1743 3828 Scitis
1795 3782 1858 3828 ut
1906 3774 2009 3828 sim

431 3868 717 3924 vobiscum
744 3872 1146 3930 conversatus,
1207 3870 1375 3929 utque
1427 3864 1717 3922 vobiscum
1776 3863 2010 3919 vixerim

431 3972 497 4012 ac
546 3954 1006 4010 ministraverim.
1064 3951 1270 4010 Omnes
1336 3962 1394 4008 ut
1460 3955 1732 4023 meipsutn
1801 3954 2009 4022 dilexi;

433 4063 628 4103 omnes
698 4056 927 4117 paterne
976 4045 1161 4099 amavi
1217 4045 1482 4116 fovique;
1553 4060 1716 4104 nemo
1771 4056 1857 4102 est
1925 4045 2013 4102 cui

433 4157 519 4195 me
578 4154 799 4195 servum
861 4153 968 4192 non
1036 4137 1342 4205 addixerim
1378 4177 1393 4201 ,
1452 4146 1678 4209 propter
1731 4155 1857 4195 eum
1918 4138 2012 4209 qui

433 4234 510 4287 ita
570 4232 860 4300 jussisset.
912 4227 1015 4285 Ubi
1062 4229 1148 4285 vir
1204 4229 1405 4286 beatus
1483 4232 1599 4286 haec
1655 4231 2014 4287 disseruisset

433 4337 500 4376 ac
570 4322 639 4376 iis
703 4321 957 4385 similia,
1016 4319 1302 4388 simulque
1353 4320 1604 4390 singulos
1665 4336 1768 4391 pro
1833 4311 2087 4377 aetatis”

436 4413 710 4483 cujusque
761 4426 827 4467 ac
884 4411 1171 4481 dignitatis
1201 4413 1387 4478 modo,
1443 4413 1770 4468 adhortatus
1833 4420 2008 4480 esset,

439 4520 600 4561 senes
624 4504 844 4575 quidem
882 4513 941 4557 ut
970 4513 1158 4573 patres
1190 4502 1326 4575 (86),
1361 4503 1592 4573 juvenes
1631 4513 1812 4559 autem
1850 4505 2011 4575 juxta

439 4598 586 4671 quod
625 4600 707 4653 eis
734 4595 1084 4653 conducibile
1114 4603 1233 4650 erat
1258 4633 1272 4659 ,
1314 4595 1691 4664 omnibusque
1721 4596 1868 4665 quod
1897 4596 2017 4650 cui-

440 4707 547 4760 que
575 4699 723 4745 esset
751 4703 1058 4759 congruum
1090 4687 1558 4757 praescripsisset,
1606 4701 1671 4742 ac
1727 4704 1922 4758 preces
1952 4688 2018 4742 ad

443 4782 610 4836 Deum
652 4787 1132 4846 consummasset,
1199 4778 1542 4833 obdormivit
1591 4780 1645 4833 in
1704 4796 1860 4850 pace,
1904 4789 2020 4834 tra-

443 4873 579 4929 dens
606 4873 854 4927 animam
877 4870 932 4925 in
963 4885 1162 4926 manus
1184 4872 1537 4943 angelorum,
1566 4871 1620 4925 in
1635 4874 1767 4946 ejus
1788 4874 2019 4944 gloriam

518 5057 543 5094 ι’
571 5056 694 5108 Act.
731 5069 820 5118 xx,
862 5052 956 5108 28.

1612 208 1673 268 S.
1705 207 2032 269 ANDREIE
2068 203 2488 266 CRETENSIS

2029 324 2073 379 Λ
2104 314 2243 381 Περί
2286 309 2394 379 τῆς
2433 310 2502 363 ἐκ
2540 306 2657 361 τῶν
2700 308 2871 381 ἕνςθεγ
2928 304 3074 381 πρὸς
3117 305 3259 359 Θεὸν
3295 307 3390 361 τοῦ
3420 306 3619 367 δικαίου

3500 199 3614 264 1232

2742 376 3056 444 ἐκδημίας.

2126 510 2130 513 .
2176 484 2667 561 Οὖξοςτοιγαροῡν
2698 489 2726 542 ὁ
2778 488 3050 559 μακάριος
3101 487 3312 541 ἅπαντα
3346 489 3512 558 σοφῶς
3547 492 3624 547 καὶ

2103 588 2413 659 θεαρέστως
2465 587 2611 638 κατὰ
2663 585 2755 637 τὸν
2803 580 3003 635 ἑαυτοῦ
3049 580 3464 652 διαπραξάμενος
3507 583 3620 653 βίον,

2101 682 2195 736 καί
2252 698 2333 743 τις
2387 681 2652 751 φρόνιμος
2703 676 3094 746 οἰκοδεσπότης
3143 675 3478 747 ἀναδειχθεὶς,
3526 678 3625 733 ὅλον

2101 773 2294 827 ἑαυτὸν
2323 771 2461 825 Θεοῦ
2489 771 2693 841 δοχεῖον
2718 768 3044 839 εἰργάσατο,
3074 768 3169 821 καὶ
3214 768 3343 839 πρὸς
3383 768 3475 839 τὴν
3498 767 3625 825 ἔνθεν

2102 866 2221 917 ἐκεῖ
2275 849 2591 933 μετάϐασιν
2639 861 2879 929 ἕτοιμον.
2954 857 3236 912 Ἐντεῦθεν
3290 858 3529 927 στέφανον
3575 861 3628 915 ἐκ

2100 954 2236 1007 θεοῦ
2267 954 2558 1023 δεξάμενος
2588 952 2981 1023 ἀμαράντινον,
3017 952 3098 1012 εἰς
3123 950 3223 1012 τὰς
3259 950 3491 1014 αἰωνίους
3515 966 3627 1020 σκη-

2102 1045 2195 1109 νὰς
2224 1043 2603 1108 εἰσοικίζεται,
2633 1044 2732 1095 καὶ
2777 1043 2991 1111 γίνεται
3023 1041 3133 1093 τῶν
3174 1040 3410 1109 ἀγγέλων
3437 1042 3626 1112 συνύμι-

2101 1136 2218 1198 λος·
2261 1134 2370 1188 τῶν
2401 1134 2718 1188 ἀποστόλων
2765 1131 3137 1203 συγχορευτὴς
3165 1132 3259 1185 καὶ
3288 1132 3626 1204 συγκάθεδρος,

2103 1227 2199 1280 καὶ
2224 1227 2332 1278 τῶν
2357 1224 2529 1292 ἁγίων
2561 1224 2920 1293 συνέκδημος.
2966 1222 3106 1276 Ἀλλ’
3152 1223 3213 1275 οὐ
3240 1224 3483 1295 πρότερον
3508 1224 3630 1277 ὲκεί-

2104 1334 2179 1385 νῳ
2203 1314 2374 1368 ταῦτα
2408 1312 2694 1366 συνέϐαινε
2741 1313 2872 1382 πρὶν
2911 1309 2977 1364 ἂν
3003 1312 3032 1364 6
3081 1309 3363 1373 θεσπέσιος
3407 1310 3510 1371 τοῖς
3550 1308 3631 1378 τὴν

2106 1406 2275 1476 μονὴν
2303 1402 2518 1459 οἰκοῦσι
2566 1402 2840 1473 Πατράσι,
2873 1400 3130 1471 ἀδελφοῖς
3174 1417 3235 1453 τε
3279 1399 3371 1454 καί⁵
3412 1399 3631 1470 γέρουσιν

2106 1500 2416 1568 ἐξηγήσατο
2445 1495 2513 1548 τὰ
2543 1513 2561 1546 ι
2596 1493 2888 1562 κρείττονα
2918 1493 3014 1544 καὶ
3054 1491 3325 1561 σωτηρίας
3355 1488 3584 1560 ἐχόμενα.
3612 1507 3628 1540 ι

2108 1587 2288 1643 Ἦσαν
2312 1588 2420 1657 γὰρ
2451 1586 2691 1646 ἅπαντες
2716 1583 2779 1637 τὸ
2807 1582 3113 1651 τηνικαῦτα
3152 1582 3475 1651 σκυθρωποὶ,
3521 1598 3632 1635 κατ-

2107 1684 2285 1749 ηφεῖς,
2308 1680 2698 1748 λελυπημένοι,
2720 1677 2873 1730 κάτω
2893 1673 3168 1740 νεύοντες,
3194 1672 3393 1727 καὶτοῦ
3415 1673 3504 1745 ζῇν
3529 1675 3634 1727 ἑαυ-

2106 1772 2229 1832 τοὺς
2263 1766 2716 1838 ἀποστεροῦντες.
2749 1759 2853 1818 Οἷα
2885 1765 2996 1832 γὰρ
3027 1764 3122 1816 καὶ
3154 1763 3254 1815 ὅσα
3281 1761 3349 1815 τὰ
3375 1763 3494 1832 παρ’
3514 1760 3634 1814 ὲκεί-

2106 1880 2211 1915 νων
2241 1859 2451 1929 γοερῶς
2485 1857 2833 1929 έπᾳδόμενας
2878 1855 2999 1909 Ἵνα
3032 1854 3085 1907 τί
3125 1854 3255 1925 γὰρ,
3289 1854 3481 1922 Πάτερ,
3506 1850 3634 1920 φησὶ,

2108 1954 2315 2015 πάντας
2348 1948 2688 2012 καταλιπὼν,
2731 1950 2810 2011 εἰς
2850 1945 3162 2016 ἀλλοδαπὴν
3193 1944 3282 1998 καὶ
3309 1943 3455 2010 ξένην
3481 1942 3635 2011 χώραν

2110 2045 2475 2116 μεθίστασαι;
2505 2045 2548 2096 Τ
2557 2044 2573 2098 ἰ
2625 2043 2702 2113 μὴ
2735 2042 3003 2113 πρότερον
3034 2040 3201 2110 ήμεῖς
3241 2033 3636 2107 μετῳκίσθημεν,

2107 2139 2203 2191 καὶ
2236 2134 2336 2190 εἷθ’
2369 2135 2514 2190 οὕτω
2546 2134 2635 2198 σὺ,
2668 2133 2715 2189 ὦ
2758 2133 3043 2203 φιλότεκνε
3070 2147 3085 2196 ;
3134 2129 3278 2183 Ἀλλ’
3315 2127 3537 2196 έκλάπης
3562 2123 3637 2192 ἀφ’

2105 2228 2265 2297 ὴμῶν
2294 2227 2369 2290 ὼς
2396 2228 2499 2280 οὐκ
2529 2225 2799 2295 ἔγνωμεν.
2847 2220 3151 2292 Ἐσυλήθης
3180 2221 3208 2273 6
3234 2216 3489 2289 θησαυρὸς
3511 2216 3537 2268 6
3562 2230 3640 2267 πο-

2107 2320 2352 2390 λύτιμος.
2396 2320 2493 2382 Τίς
2544 2317 2700 2370 ἔσται
2745 2300 2932 2376 λοιπὸν
2970 2317 2999 2368 6
3049 2311 3354 2365 πλουτίσων
3385 2309 3536 2379 ήμᾶς,
3565 2306 3641 2376 ἢὸ

2108 2412 2467 2485 θεραπεύσων
2491 2408 2592 2472 τὰς
2614 2409 2840 2475 νόσους;
2872 2405 3063 2459 Ταῦτα
3089 2406 3141 2458 οἰ
3180 2403 3280 2473 μὲν
3309 2400 3466 2454 ὲὸόων
3488 2440 3502 2466 ,
3532 2398 3575 2451 οἰ
3597 2397 3642 2449 δὲ

2109 2502 2373 2573 ἐθρήνουν
2412 2499 2798 2569 σφαδάζοντες,
2823 2497 2920 2551 καὶ
2957 2494 3107 2548 ἄλλοι
3154 2491 3325 2555 ἄλλως
3351 2490 3443 2561 τὴν
3470 2500 3643 2556 συμφο-

2111 2593 2210 2663 ρὰν
2250 2589 2726 2661 ἐκτραγῳδοῦντες
2766 2584 3060 2656 ἠλάλαζον,
3090 2582 3192 2636 καὶ
3212 2581 3371 2645 τόπος
3400 2578 3528 2643 ἅπας
3553 2592 3641 2629 πα-

2112 2688 2377 2761 ρηγορίας
2413 2685 2716 2755 ἀπῴκιστο.
3437 2674 3441 2677 .

2181 2755 2332 2831 Τίδὲ
2359 2779 2387 2831 6
2419 2775 2696 2847 μακάριος
2733 2773 2946 2834 ἐκεῖνος
3001 2769 3179 2834 ὅντως
3203 2768 3375 2838 ἀνήρ;
3417 2761 3542 2830 Ἤδη
3565 2755 3642 2847 μὲν

2112 2845 2472 2921 ἐκλελοιπότα
2503 2865 2695 2918 ἑαυτζν
2747 2860 3111 2930 θεασάμενος,
3163 2857 3266 2927 τῆς
3308 2856 3362 2909 δὲ
3395 2851 3517 2924 πρὸς
3538 2845 3644 2900 Θεὸν

2033 2985 2074 3041 c
2112 2959 2331 3027 ἓτοιμον
2358 2955 2646 3025 ὲκδημιιιις,
2679 2953 2806 3023 τῇδε
2833 2950 3062 3005 κάκεῖσε
3107 2947 3174 3000 τὸ
3201 2944 3370 3014 γλυκὺ
3402 2933 3645 3041 emant-

2109 3065 2203 3110 νας
2229 3047 2400 3116 ὄμμα,
2435 3044 2655 3113 ἔλεγεν·
2688 3043 2781 3113 Μή
2830 3039 3045 3094 κλαίετε
3081 3037 3173 3091 ἐπ’
3206 3036 3353 3107 ἐμοὶ,
3378 3029 3650 3102 γλυκύτατα

2107 3139 2293 3203 τέκνα,
2329 3136 2465 3207 μηδὲ
2495 3135 2718 3206 θρήνοις
2768 3129 3136 3203 προπέμψητε
3169 3128 3261 3181 τὸν
3286 3125 3533 3197 ἡμέτερον
3558 3120 3649 3172 Πα-

2109 3232 2264 3301 τέρα.
2282 3227 2422 3282 Ἀλλ’
2453 3227 2641 3298 εὐχαῖς
2667 3227 2731 3278 ὲκ
2762 3224 2960 3294 βάθους
3011 3220 3407 3292 ἐρευγομέναις
3437 3211 3648 3282 καρδίας.

2112 3323 2199 3375 ἵνα
2237 3320 2384 3392 εῦρω
2417 3318 2572 3372 λύσιν
2602 3318 2710 3371 τῶν
2755 3313 3141 3385 ὲπταισμένων
3190 3329 3302 3382 μοι,
3337 3310 3427 3363 καλ⁵
3469 3302 3652 3392 παρρη-

2113 3415 2232 3467 σίαν
2257 3391 2357 3483 τήν
2387 3412 2525 3482 πρὸς
2559 3410 2620 3463 τὸ
2652 3410 2934 3480 ἀμήχανον
2965 3405 3082 3476 φῶς
3113 3404 3215 3459 τοῦ
3243 3400 3524 3474 ἀπροσίτου
3549 3391 3657 3483 uti}:

2112 3507 2256 3570 λους,
2292 3481 2458 3576 ήνίκα
2484 3520 2552 3572 με
2582 3502 2930 3572 παραστῆναι
2958 3498 3147 3567 δεήσει
3179 3495 3260 3567 τῷ
3282 3490 3488 3564 φοϐερῷ
3512 3481 3654 3541 αὑτοῦ

2115 3599 2344 3668 βήματι.
2369 3593 2463 3664 Μὴ
2494 3587 2589 3646 οὖν
2640 3590 2878 3655 κλαίετε,
2918 3589 3115 3642 τέκνα·
3172 3584 3287 3655 ἐγὼ
3338 3581 3444 3652 γὰρ
3472 3578 3657 3668 ﬁam”?-

2113 3666 2251 3760 πρὸς
2286 3687 2380 3741 τὸν
2407 3684 2678 3740 καλοῦντα
2718 3682 3078 3754 μεθίσταμαι.
3122 3680 3313 3750 Ὑμεῖς
3351 3675 3428 3739 δὲ,
3471 3666 3658 3760 ἀδελφοὶ

2114 3754 2212 3836 καὶ
2240 3778 2502 3850 πατέρες,
2539 3795 2558 3828 ι
2585 3776 2887 3846 προσέχετε
2920 3774 3162 3839 ἑαυτοῖς,
3193 3771 3290 3824 καὶ
3320 3754 3659 3850 σύμπαντι

2115 3871 2353 3941 ποιμνίῳ
2386 3844 2567 3939 ῦμῶν.
2598 3844 2781 3937 »ν’Τὴν
2834 3863 2951 3934 μεθ’
3007 3861 3165 3931 ὑμῶν
3203 3876 3305 3930 μου
3352 3844 3659 3941 ἀναστροφὴν

2119 3935 2476 4034 μεμαθήκατε
2499 3976 2513 3991 ⁸
2543 3959 2663 4021 πῶς
2675 3935 2746 4011 τε
2765 3957 2895 4026 ὑμῖν
2935 3952 3223 4022 συνδιῆξα,
3243 3949 3339 4005 καὶ
3367 3946 3478 4009 πῶς
3502 3935 3657 4034 διηκό·

2115 4032 2275 4124 νησα.
2325 4052 2542 4114 Πάντας
2580 4050 2657 4112 ὼς
2694 4048 2933 4118 ἐμαυτὸν
2957 4045 3228 4115 ἠγάπησα
3249 4057 3263 4072 ·
3286 4040 3486 4098 πάντας
3502 4032 3659 4097 ἑστερ·

2119 4148 2186 4213 ξα
2206 4162 2219 4175 ⁸
2240 4146 2406 4200 παντὶ
2431 4143 2674 4215 ἐμαυτὸν
2701 4138 3108 4200 κατεδούλωσα,
3137 4134 3230 4189 διὰ
3250 4134 3343 4188 τὸν
3364 4129 3500 4184 οὕτω
3529 4134 3658 4215 ’τρυσ-

2123 4239 2383 4306 τάεαντα.
2438 4236 2627 4290 Ταῦτα
2675 4235 2771 4287 καὶ
2821 4231 3031 4294 τούτοις
3105 4226 3465 4300 παραπλήσια
3506 4214 3656 4306 διελεῖ

2117 4300 2266 4404 χθεὶς
2290 4333 2319 4384 6
2349 4327 2774 4401 μακάριος,ἆμα
2818 4324 2875 4377 δὲ
2916 4324 3011 4376 καὶ
3038 4318 3381 4391 παραινέσας
3410 4300 3656 4404 αῆτοξξιω

2118 4393 2519 4493 ἕκάάτῳὶιατδί
2553 4417 2616 4470 τδ
2666 4393 2863 4487 μέτρον
2914 4414 3015 4482 τῆς
3050 4427 3111 4463 τε
3142 4406 3363 4480 ἡλικίας
3395 4402 3485 4455 καὶ
3527 4393 3661 4493 oft—Eia:

2117 4514 2281 4569 αὑτοῦ
2309 4481 2328 4548 ί
2354 4514 2466 4574 τοῖς
2494 4509 2594 4581 μὲν
2623 4481 2984 4579 πρεσθύταις,
3011 4503 3086 4566 ὡς
3119 4502 3351 4572 γέρουσι
3379 4495 3421 4527 ¹δ
3442 4511 3456 4525 ο
3491 4491 3590 4581 τοῖς

2114 4607 2277 4670 νέοις,
2305 4572 2568 4663 (immitto;
2596 4572 2885 4670 πρόσφορα
2909 4610 2924 4626 ο
2954 4594 3050 4648 καὶ
3088 4594 3227 4646 πᾶσι
3263 4587 3407 4643 κατὰ
3431 4583 3516 4637 τὸν
3540 4572 3662 4670 εἰκο-

2116 4714 2183 4751 τα
2230 4663 2388 4765 λύγον
2429 4663 2847 4760 διαταξάμενος,
2901 4685 2998 4739 καλ⁸
3034 4684 3135 4755 τὴν
3180 4681 3319 4751 πρὸς
3361 4676 3504 4765 Θεὸν
3527 4663 3664 4765 εὐχὴν

2116 4758 2461 4849 ἐπιτελέσας,
2497 4758 2770 4852 ἐκοιμήθη
2806 4781 2863 4832 ὲν
2887 4779 3099 4847 εἰρήνῃ,
3137 4772 3422 4843 παραδοὺς
3459 4763 3549 4833 τὴν
3575 4758 3664 4847 tiu:

2118 4876 2221 4947 κῆν
2253 4877 2332 4938 εἷς
2364 4873 2552 4943 χεῖρας
2577 4866 2849 4938 ἀγγέλων,
2884 4865 2964 4928 εἰς
2999 4863 3161 4928 δόξαν
3194 4860 3292 4913 καὶ
3336 4857 3544 4909 ἔπαινον
3588 4853 3667 4894 του

1718 5164 1949 5219 VARIAS
1981 5164 2358 5221 LECTiONES

520 5263 581 5295 ‘3‘
597 5261 765 5333 αὐτῷ.
845 5260 889 5292 ¹⁵
921 5258 1184 5328 πατράσι.

1711 5346 2101 5403 COMBEFISII
2125 5346 2357 5402 ΝΟΤᾸΞ.

521 5450 630 5520 (86)
668 5448 826 5503 Senes
854 5447 1061 5520 quidem
1114 5445 1417 5520 ut_i_p_atres.
1466 5439 1759 5494 Manifesta
1820 5440 2019 5520 allusio

450 5510 625 5573 estad
650 5521 799 5572 Pauli
820 5510 1129 5573 doctrinam
1158 5514 1437 5568 lTimoth.
1467 5528 1517 5576 ν,
1558 5528 1622 5566 ex
1648 5529 1757 5579 quo
1787 5510 2020 5580 margini

454 5590 827 5656 ascripsimus,
857 5587 976 5640 ἀντὶ
998 5584 1113 5647 τοῦ,
1146 5585 1390 5653 γέρουσι,
1433 5582 1513 5648 τὸ,
1570 5583 1828 5651 πατράσι.
1856 5579 2022 5635 Planc

2128 5455 2279 5505 vero,
2322 5453 2430 5492 non
2461 5434 2652 5492 eadem
2682 5438 2939 5494 omnibus
2970 5442 3318 5506 congruunt;
3348 5445 3412 5486 ac
3448 5432 3672 5496 magnum

2129 5520 2211 5565 est
2244 5519 2431 5565 tenere
2455 5509 2507 5562 in
2543 5506 2630 5562 his
2663 5510 2906 5563 modum.
3397 5525 3402 5529 ·

3871 1238 3873 1335 l
