3978 6140
343 283 478 350 12³39
1524 290 1584 352 S.
1617 286 1910 350 ANDRE};

2015 286 2405 348 IRETENSIS
3459 275 3580 339 12·ιο

339 402 449 449 cat.
489 391 646 450 Justa
685 409 852 464 porro
882 394 1253 451 damnationis
1281 409 1453 451 causa
1481 410 1544 452 ea
1563 405 1686 452 crat
1716 395 1910 459 :Ecce,

2021 394 2281 461 εὐλόγως.
2311 393 2385 446 Τὸ
2413 393 2470 446 δὲ
2500 391 2600 461 τῆς
2628 387 3010 460 κατακρίσεως
3055 383 3282 452 εὔλογον
3315 379 3470 437 τοῦτο
3490 378 3578 454 ἦν’

341 484 542 556 inquit,
581 484 786 542 fratres
806 527 822 550 ,
866 487 1022 542 vobis
1053 488 1333 550 omnibus,
1369 487 1450 544 sic
1473 489 1636 558 plane
1669 488 1782 544 Deo
1811 505 1914 544 vo.

339 579 510 639 lente,
566 577 747 634 factus
778 593 902 634 sum
939 579 1199 635 amicus:
1248 580 1380 635 huic
1433 590 1617 637 autem
1676 581 1911 644 homini,

337 665 491 720 velut
516 665 798 722 abortivus
826 666 1089 722 inventus
1118 683 1240 723 sum
1261 707 1278 735 ,
1317 669 1392 724 ita
1430 671 1768 728 contumelia
1799 670 1916 726 alli-

336 757 414 809 cit
451 772 466 810 :
499 756 616 811 sive
640 757 867 812 omnino
893 772 957 812 ea
991 773 1051 814 se
1079 773 1138 813 re
1172 761 1329 816 vobis
1359 763 1522 832 plane
1565 765 1912 833 superiorem

335 843 458 897 vult
521 845 834 912 ostendere,
890 861 1101 918 vosque
1164 850 1546 908 calumniatur
1597 868 1803 910 novum
1852 870 1913 911 se

335 933 676 991 Phariszeum
708 937 1006 1002 exhibens,
1033 940 1148 996 sive
1175 955 1309 998 sane
1346 943 1399 998 id
1433 959 1500 999 ex
1533 945 1736 1000 invidia
1773 947 1827 1000 in
1854 962 1914 1002 se

335 1025 454 1095 ipse
483 1035 719 1098 peccat:
763 1045 875 1084 non
909 1032 1187 1090 reveritus
1216 1051 1356 1105 quas
1391 1036 1498 1090 mei
1542 1037 1781 1094 studiosi
1811 1053 1914 1108 pro

333 1134 424 1174 me
457 1120 730 1176 adhibent
760 1122 1222 1192 supplicationes,
1263 1127 1484 1182 ut'mihi
1518 1129 1732 1199 scripto
1761 1130 1914 1184 testi-

332 1209 581 1264 monium
633 1210 870 1278 deferat,
920 1213 1144 1287 Deoque
1190 1216 1406 1284 offerat,
1439 1222 1596 1290 juxta
1625 1221 1746 1290 ejus
1779 1221 1914 1276 viri-

332 1301 442 1356 lem
466 1303 703 1359 maxime
725 1305 1052 1375 sapientiam
1077 1309 1429 1380 nominisque
1453 1313 1909 1382 appellationem:

331 1401 620 1464 tanquam,
651 1395 904 1466 inquam,
935 1399 1026 1474 cui
1059 1414 1216 1456 mens
1245 1401 1321 1457 sit
1371 1401 1668 1466 instructa,
1707 1419 1912 1475 suppe-

329 1491 526 1556 tatque
558 1487 834 1544 orationis
868 1487 1109 1547 facultas
1155 1491 1222 1546 ad
1277 1500 1598 1548 accuratam
1633 1495 1912 1551 laudatio-

329 1591 458 1632 nem
485 1597 499 1634 :
529 1594 704 1650 quare
727 1581 898 1636 etiam
922 1583 1138 1655 dignus
1174 1583 1352 1640 Cretae
1379 1587 1680 1658 episcopus
1729 1587 1912 1646 factus

331 1679 436 1736 est,
474 1671 831 1728 rationalium
870 1675 922 1730 el
956 1677 1142 1731 ovium
1184 1677 1424 1748 spiritali
1468 1679 1611 1750 pedo
1639 1681 1911 1738 divinitus

2032 485 2186 548 Ἰδοὺ,
2215 484 2402 554 φησὶν,
2445 481 2664 549 ἀδελφοί
2696 497 2824 551 μου,
2844 479 3015 531 πᾶσιν
3055 477 3189 546 ὑμῖν
3235 473 3468 546 ἐραστὴς
3489 476 3583 526 ἀπ-

2020 577 2291 647 εδείχθην,
2308 577 2446 630 Θεοῦ
2480 576 2703 636 πάντως
2731 573 3133 642 εύδοκήσαντος
3157 584 3174 600 ·
3207 567 3288 637 τῷ
3314 567 3371 621 δὲ
3392 566 3586 638 ἀνθρώ.

2020 679 2108 740 πῷ
2135 669 2334 740 τούτῳ,
2390 669 2586 738 ὥσπερ
2623 667 2892 736 ἐκτρωμα
2923 661 3160 733 εύρέθην
3189 659 3585 730 λοιδορούμενος

2020 759 2080 826 ἐξ
2105 759 2274 813 αὑτοῦ
2301 776 2314 790 ο
2352 761 2463 812 εἴτε
2491 759 2585 812 οὖν
2631 756 2796 820 αὐτὸς
2829 755 3074 820 πάντως,
3097 752 3178 814 ὡς
3205 751 3424 813 πάντως
3446 749 3586 819 ὑμῶν

2021 852 2285 924 ὑπάρχων
2301 851 2474 904 ἀνώτε
2483 867 2576 921 ρος
2603 847 2767 902 τοῦτο
2794 845 3075 916 σημαίνει,
3093 845 3194 898 καὶ
3215 843 3366 914 ὑμᾶς
3387 840 3586 894 διαϐάλο

2019 945 2152 1008 λων,
2193 944 2314 1008 νέος
2353 942 2546 1012 φανεὶς
2567 943 2865 1012 Φαρισαῖος
2888 977 2903 1001 ,
2939 938 3052 990 εἴτε
3080 937 3160 1007 μὴ
3189 933 3269 988 ὢν
3288 935 3377 988 διά
3390 935 3434 966 ⁸³
3465 931 3582 1000 φθόο
3675 1003 3688 1012 ι

2019 1053 2131 1100 νον,
2175 1034 2339 1088 τοῦτο
2385 1036 2466 1098 εἰς
2496 1033 2690 1086 ἐαυτὸν
2727 1029 3160 1100 κατεργάζεται,
3208 1027 3286 1098 μὴ
3313 1027 3582 1096 ἐντραπείς

2018 1125 2119 1188 τὰς
2158 1125 2301 1195 ὑπὲρ
2347 1127 2484 1196 ἐμοῦ
2529 1121 2681 1194 αὐτῷ
2742 1119 3169 1194 προσαγομένας
3207 1117 3318 1171 ὑπὸ
3339 1116 3444 1171 τῶν
3493 1116 3584 1184 ἐμὲ

2020 1215 2332 1270 ποθούντων
2375 1216 2690 1283 ἱκετηρίας,
2732 1212 2868 1284 πρὸς
2907 1211 2974 1264 τὸ
3009 1209 3311 1280 ἐγγράφως
3341 1223 3428 1276 μοι
3460 1221 3584 1275 μαρ-

2017 1311 2286 1380 τυρῆσαι,
2331 1308 2430 1360 καὶ
2489 1305 2608 1376 Θεῷ
2662 1303 3054 1376 προσενέγκαι,
3101 1299 3250 1354 κατά
3287 1297 3385 1367 τὴν
3433 1295 3581 1348 αύτοῦ

2018 1397 2404 1468 ἀνδρειοτάτην
2434 1394 2698 1467 φρόνησιν
2719 1410 2778 1447 τε
2810 1393 2908 1445 καὶ
2929 1389 3273 1460 ἐπωνυμίαν·
3297 1386 3410 1450 νοῦ,
3430 1385 3580 1456 φημί,

2018 1493 2463 1567 ηὐτρεπισμένου
2493 1493 2552 1543 ἐν
2593 1488 2742 1560 αύτῷ
2789 1489 3087 1558 ἀμέμπτου
3157 1483 3463 1581 αἰνέσεως
3509 1478 3580 1580 διὸ

2019 1585 2115 1638 καὶ
2135 1585 2363 1654 Κρήτης
2397 1581 2546 1646 ἄξιος
2580 1581 2883 1642 ἐπίσκοπος
2910 1577 3132 1645 γέγονε,
3167 1571 3323 1643 παρά
3353 1571 3468 1639 Θεῷ
3491 1571 3578 1638 τῆς

2019 1675 2390 1746 ποιμαντικῆς
2475 1671 2784 1744 βακτηρίας
2839 1669 2951 1722 τῶν
3008 1665 3252 1735 λογικῶν
3309 1661 3578 1733 προϐάτων

330 1761 536 1818 tradito
573 1771 743 1834 atque
775 1773 985 1836 aptato.
1017 1747 1289 1823 Caeterum
1317 1783 1436 1824 eam
1470 1747 1586 1826 rem
1617 1773 1910 1828 moliturus

2020 1765 2480 1840 κατηρτισμένος.
2543 1761 3002 1834 Ἐπιχειρήσειδὲ
3049 1759 3214 1812 τοῦτο
3255 1759 3320 1826 τῇ
3368 1753 3574 1821 δυνάμει

331 1859 419 1906 est
441 1853 789 1910 sanctissimi
823 1854 1070 1926 Spiritus
1099 1858 1326 1915 virtute.
1361 1858 1683 1929 Enimvero,
1721 1876 1756 1917 ο
1785 1862 1912 1928 viri,

333 1958 469 1998 sana
503 1943 618 2001 haec
641 1954 830 2002 mente
857 1948 1111 2015 audiens,
1156 1957 1396 2006 tremore
1421 1967 1488 2006 ac
1523 1954 1722 2010 timore
1741 1957 1916 2012 multo

331 2053 361 2089 a
395 2051 591 2092 somno
632 2038 908 2094 excitatus
945 2055 1106 2107 sum;
1146 2052 1311 2111 atque
1350 2042 1405 2098 in
1442 2057 1530 2100 me
1564 2044 1769 2101 iterum
1825 2063 1915 2104 re-

331 2141 553 2194 versus,
585 2127 826 2186 decusso
857 2144 1078 2197 somno,
1107 2131 1322 2188 laudem
1351 2132 1527 2189 obtuli
1581 2134 1712 2191 Deo.
1749 2135 1914 2209 Cogi-

330 2218 516 2274 tabam
556 2226 739 2276 autem
793 2223 940 2292 apud
972 2239 1058 2279 me
1089 2238 1340 2294 quaenam
1387 2236 1538 2282 esset
1579 2227 1684 2285 ista
1714 2229 1860 2284 visio
1895 2249 1908 2285 :

329 2310 493 2380 plane
515 2311 793 2382 siquidem
829 2313 1068 2371 habebat
1121 2315 1374 2373 timorem
1406 2321 1693 2376 comitem.
1734 2319 1907 2388 Quid-

330 2415 456 2455 nam
492 2416 624 2458 vero
649 2403 756 2458 viri
786 2405 841 2460 in
875 2421 962 2462 me
991 2407 1152 2462 vellet
1186 2408 1466 2464 infensum
1500 2412 1732 2468 verbum
1758 2453 1773 2475 ,
1801 2415 1910 2470 nisi

328 2490 578 2557 omnino,
633 2493 762 2564 quia
808 2494 933 2564 ejus
994 2495 1121 2552 vita:
1173 2497 1449 2554 rationem
1487 2501 1638 2555 velut
1675 2503 1910 2558 nihilum

331 2582 678 2639 habuissem.
705 2583 919 2656 Quippe
944 2595 1106 2642 erant
1139 2603 1273 2644 meae
1301 2603 1465 2644 aures
1493 2591 1672 2660 plenae
1723 2593 1912 2648 incre-

329 2672 588 2738 dulitate,
619 2675 1006 2732 existimantis
1057 2677 1261 2732 deliria
1315 2693 1440 2748 quae
1488 2695 1518 2732 a
1562 2679 1785 2738 feminis
1829 2683 1912 2738 di-

329 2765 503 2820 cenda
543 2765 756 2821 forent.
811 2765 1080 2838 Cogitans
1132 2785 1266 2840 ergo
1307 2786 1436 2827 esse
1481 2773 1710 2830 omnino
1737 2790 1765 2828 a
1801 2774 1911 2831 Deo

327 2855 600 2910 visionem
636 2856 782 2911 hanc
811 2857 1150 2927 spiritalem,
1178 2875 1243 2916 ac
1263 2875 1388 2916 esse
1417 2863 1648 2920 caeleste
1675 2864 1907 2933 donum,

329 2962 418 3002 me
447 2947 568 3018 ipse
605 2947 888 3004 desiderio
923 2953 1249 3020 provocavi,
1301 2963 1469 3024 atque
1507 2954 1577 3009 ad
1625 2971 1766 3026 opus
1813 2973 1911 3014 ac-

2017 1861 2117 1916 τοῦ
2150 1857 2422 1926 παναγίου
2453 1853 2979 1928 Πνεύματος.Ἐμοῦ
2998 1851 3078 1917 δὲ,
3109 1845 3156 1904 ὧ
3179 1849 3390 1919 ἄνδρες,
3421 1843 3578 1898 ταῦτα

2017 1953 2144 2026 σώῳ
2173 1953 2252 2024 τῷ
2273 1952 2523 2025 λογισμῷ
2553 1947 2932 2019 ἀκροωμένου,
2959 1947 3056 1998 σὺν
3088 1943 3282 2014 τρόμῳ
3323 1939 3576 2008 ἐξύπνησα

2015 2047 2075 2100 ἐν
2093 2045 2246 2116 φόϐῳ
2273 2042 2454 2112 πολλῷ
2479 2057 2492 2071 ·
2533 2041 2629 2096 καὶ
2661 2041 2742 2103 είς
2781 2035 2976 2092 ἐαυτδν
3008 2032 3348 2098 ἐπανελθὼν,
3374 2030 3460 2084 τὸν
3490 2027 3576 2098 μὲν

2011 2137 2181 2192 ὕπνον
2203 2134 2701 2206 άποτιναξάμενος,
2735 2128 2890 2184 αἶνον
2917 2128 2998 2200 τῷ
3025 2127 3154 2198 Θεῷ
3216 2125 3572 2198 προσήνεγκα.

2025 2227 2298 2281 Ἐνενόουν
2335 2224 2390 2278 δέ
2414 2225 2465 2278 τί
2481 2223 2542 2277 τὸ
2557 2223 2744 2294 ὅραμα
2759 2220 2947 2275 τοῦτο’
2987 2219 3072 2272 ὅτι
3133 2217 3235 2287 μὲν
3252 2215 3344 2269 καὶ
3367 2216 3399 2284 ἡ
3424 2214 3574 2265 ὀπτα-

2015 2319 2106 2373 σία
2153 2316 2516 2386 συνέκφοϐος,·
2537 2315 2665 2368 τὸδὲ
2678 2312 2772 2366 τοῦ
2800 2311 2995 2384 ἀνδρδς
3017 2310 3160 2380 πρὸς
3179 2309 3280 2378 ἐμὲ
3301 2305 3573 2358 ἀντιτεῖνον

2017 2408 2191 2480 ῥῆμα,
2223 2407 2274 2460 τί
2309 2405 2419 2476 ἄρα
2475 2405 2646 2458 ἐστίν.
2681 2403 2739 2456 Ei
2771 2401 2848 2473 μὴ
2889 2401 3140 2462 πάντως,
3200 2399 3284 2451 ὅτι
3341 2393 3573 2458 genset

2012 2497 2347 2568 ἐλογισάμην
2401 2493 2500 2565 τὴν
2557 2491 2654 2562 τρῦ
2715 2491 2910 2562 ἀνδρὸς
2960 2488 3271 2542 πολιτείαν.
3317 2482 3571 2541 Ἀπιστίας

2013 2592 2122 2664 γὰρ
2143 2587 2285 2663 ἦσαν
2317 2589 2386 2642 τὰ
2415 2585 2532 2641 ὦτά
2579 2603 2682 2657 μου
2711 2583 2978 2655 γέμοντα,
3011 2581 3085 2633 τὰ
3114 2578 3454 2680 ῥηθησόμενα
3479 2574 3570 2680 τξὸν

2013 2682 2294 2755 γυναικῶν
2344 2683 2565 2753 ῥήματα
2595 2719 2609 2733 .
2642 2719 2656 2733 .
2694 2716 2709 2730 .
2747 2717 2760 2731 .
2793 2675 3178 2744 Λογισάμενος
3231 2671 3326 2724 οὖν
3365 2667 3468 2736 ἐγὼ
3498 2667 3568 2718 ὅτι

2011 2779 2078 2831 ἐκ
2093 2775 2231 2830 Θεοῦ
2274 2775 2494 2836 πάντως
2525 2770 2674 2824 ἐστὶν
2716 2767 2858 2838 αὕτη
2887 2768 2922 2837 ἡ
2949 2763 3304 2836 πνευματικὴ
3338 2757 3566 2818 όπτασία,

2014 2868 2206 2924 καὶὸτι
2239 2864 2409 2920 αὐτοῦ
2451 2860 2660 2918 ἄνωθέν
2713 2861 2831 2913 ἐστι
2847 2857 2910 2910 τὸ
2937 2856 3145 2928 δῶρον,
3193 2850 3569 2922 ἀνεζωπύρησα

2011 2960 2091 3033 τῷ
2121 2959 2290 3030 πόθῳ,
2323 2957 2419 3010 καὶ
2444 2955 2581 3025 πρὸς
2605 2953 2668 3006 τὸ
2702 2952 2889 3023 δρᾶμα
2949 2947 3410 3022 ἐξηυτρεπίσθην,
3441 2943 3566 3033 eam;

329 3040 500 3104 cinxi,
532 3054 643 3110 quo
673 3039 775 3094 viri
833 3041 983 3098 senis
1021 3050 1146 3098 acta
1178 3043 1488 3100 litterarum
1513 3051 1906 3116 monumentis,

2015 3031 2329 3122 συγγραφῇ,
2365 3046 2434 3100 τὰ
2462 3042 2559 3118 τού
2589 3042 2850 3113 γέροντος
2874 3040 2990 3102 τοῖς
3010 3039 3234 3100 πιστοῖς
3253 3031 3564 3146 παραδιξισωσ

330 3129 588 3186 fidelibus
621 3129 896 3188 traderem
935 3149 948 3187 :
987 3131 1042 3187 id
1081 3134 1225 3204 apud
1261 3151 1346 3190 me
1381 3145 1656 3204 statuens,
1689 3150 1750 3194 ut
1793 3141 1907 3210 pri-

329 3237 480 3276 mum
517 3237 699 3280 meam
741 3223 985 3280 dicerem
1031 3223 1515 3297 incredulitatem,
1551 3231 1905 3301 postmodum

329 3318 538 3378 autem,
572 3327 696 3382 qua:
726 3313 860 3366 mihi
899 3328 1098 3385 magna
1126 3331 1157 3371 a
1193 3316 1304 3374 Deo
1331 3318 1730 3377 innotuissent.

404 3399 665 3472 Adeoque
707 3403 974 3460 accersita
1025 3408 1346 3464 monasterii
1388 3411 1667 3480 praelecta,
1717 3417 1908 3470 omni-

329 3489 548 3558 busque
591 3491 798 3562 pariter
853 3495 960 3550 sub
993 3499 1232 3566 regulari
1279 3508 1335 3554 et
1369 3503 1676 3557 monastica
1709 3505 1908 3562 obser-

330 3583 516 3638 vantia
573 3585 963 3652 militantibus,
1019 3587 1319 3658 diligenter
1372 3593 1442 3648 ab
1471 3593 1554 3648 eis
1612 3610 1777 3664 quam
1822 3599 1910 3652 vir

333 3689 560 3732 sanctus
595 3677 722 3732 vitae
744 3678 1016 3733 rationem
1059 3681 1332 3738 tenuisset
1374 3693 1732 3754 percontatus
1761 3703 1908 3757 sum,

334 3769 709 3841 ntdeinceps,
767 3778 1032 3840 quantum
1087 3776 1303 3845 assequi
1371 3779 1645 3845 licuisset,
1679 3797 1912 3839 narrare

331 3862 677 3931 inciperem:
724 3861 830 3917 hoc
892 3873 1154 3932 reputans
1211 3865 1330 3924 fore
1413 3877 1472 3924 nt
1527 3871 1910 3929 universoruin

335 3955 480 4008 Deus
525 3955 580 4008 in
615 3954 758 4009 cmlo
797 3955 1075 4025 habitans,
1117 3958 1186 4014 iis
1225 3961 1321 4031 qui
1363 3961 1564 4017 bonum
1603 3975 1912 4034 operantur

331 4045 474 4100 bona
504 4060 612 4101 non
645 4045 897 4119 deneget.
939 4046 1162 4115 Verum,
1201 4056 1545 4111 monachalis
1587 4058 1711 4126 ejus
1737 4073 1903 4114 exer-

331 4137 620 4194 citationis
657 4139 1106 4196 consideratione
1137 4143 1346 4201 omissa
1377 4147 1675 4218 tacitaque,
1723 4150 1794 4205 ad
1846 4165 1909 4205 ea

333 4227 519 4282 statim
552 4228 763 4284 alacres
789 4233 1250 4299 processerimus,
1273 4234 1480 4304 quibus
1507 4237 1748 4294 evaserit
1785 4253 1908 4294 ma-

333 4320 419 4388 gis
455 4321 823 4391 conspicuus;
857 4337 924 4377 ex
964 4317 1308 4391 novissimis,
1340 4338 1666 4385 enarrantcs
1698 4329 1909 4400 priora.

2011 3145 2082 3198 τὰ
2107 3141 2238 3211 παρ’
2271 3140 2394 3210 ἐμοὶ⁵
2424 3136 2642 3207 πρῶτον
2674 3131 2810 3204 πρὸς
2841 3133 3112 3187 ἀπιστίαν
3146 3132 3323 3186 εἰπεῖν
3379 3127 3564 3192 λελογι-

2013 3235 2228 3308 σμένος,
2297 3231 2526 3304 ὕστερον
2551 3231 2633 3296 δὲ,
2673 3231 2743 3283 τὰ
2761 3227 2852 3283 διὰ
2889 3226 3028 3282 Θεοῦ
3061 3225 3221 3297 αὐτῷ
3257 3221 3458 3296 μεγάλα
3477 3234 3566 3288 φαο

2010 3327 2190 3382 νέντα.

2083 3419 2218 3472 Τότε
2245 3413 2761 3487 προσκαλεσάμενος
2791 3409 2890 3464 σὺν
2917 3411 2985 3480 τῇ
3014 3405 3238 3481 πρώτῃ,
3287 3403 3456 3463 πάσας
3485 3397 3568 3458 τὰς

2013 3510 2113 3564 σὺν
2163 3509 2298 3578 αὐτῇ
2353 3505 2520 3569 ούσας
2553 3506 2612 3557 ἐν
2649 3504 2716 3574 τῇ
2751 3501 2987 3571 ἀσκήσει
3013 3538 3030 3563 ,
3093 3494 3470 3564 ἐπυνθανόμην
3517 3488 3568 3539 ὲν

2012 3598 2272 3670 ἀκριϐείᾳ
2297 3595 2427 3667 παρ’
2456 3593 2636 3650 αὐτῶν
2658 3593 2756 3665 τὴν
2794 3591 2890 3647 τοῦ
2914 3588 3114 3660 ἀνδρὸς
3135 3585 3422 3642 πολιτείαν·
3439 3582 3567 3638 ὅπως

2009 3691 2208 3746 λοιπὸν
2258 3689 2566 3760 ἀρξάμενος
2621 3684 2972 3755 διηγήσωμαι
3031 3678 3224 3744 καθὼς
3275 3670 3562 3734 κατέλαϐον,

2012 3782 2170 3837 τοῦτο
2200 3781 2570 3853 ἡγησάμενος,
2601 3777 2683 3831 ὅτι
2706 3779 2820 3840 τοῖς
2848 3772 3246 3847 ἐργαζομένοις
3278 3769 3339 3864 τό
3363 3763 3564 3864 quos?

2011 3875 2110 3944 οὐχ
2153 3873 2447 3943 ὑστερήσει
2478 3871 2548 3922 τὰ
2577 3867 2760 3937 ἀγαθά
2783 3909 2798 3929 ,
2829 3871 2858 3920 ὁ
2885 3865 3165 3920 κατοικῶν
3193 3867 3250 3918 ἐν
3270 3861 3349 3932 τῷ
3374 3859 3566 3953 etiam“?

2011 3965 2142 4030 Θεὸς
2166 3964 2262 4018 τοῦ
2296 3962 2516 4026 παντός.
2535 3959 2718 4026 Ἀλλά,
2745 3959 2844 4030 τὴν
2869 3959 2968 4029 μὲν
2991 3957 3094 4048 τῆς
3116 3955 3396 4048 dantque—dif
3416 3948 3562 4048 αὐτοῦ

2012 4054 2246 4126 θεωρίαν
2269 4053 2357 4107 διὰ
2385 4052 2479 4105 τοῦ
2513 4051 2672 4119 λόγου
2722 4049 2974 4118 ἀφέντες,
3043 4047 3140 4100 ἐπὶ
3161 4044 3231 4142 τά
3265 4041 3453 4142 μάλλον
3494 4041 3564 4142 είς

2012 4147 2136 4219 δψιν
2183 4145 2421 4217 φέροντα
2471 4143 2768 4212 προθύμως
2799 4141 3165 4212 χωρήσωμεν,
3199 4137 3264 4190 ἐκ
3286 4135 3390 4187 τῶν
3420 4133 3561 4197 ἐσχά-

2013 4251 2144 4302 των,
2177 4237 2246 4290 τὰ
2273 4235 2466 4306 πρῶτα
2515 4233 2888 4304 διηγούμενοι.
2931 4250 2952 4283 ι
2994 4231 3203 4300 Ἀγαθὴ
3234 4228 3342 4298 γάρ
3381 4222 3559 4294 ἐσχάτη

2013 4329 2172 4398 λόγου
2185 4326 2254 4392 ’³,
2279 4327 2420 4397 ὑπὲρ
2467 4325 2644 4396 ἀρχὴν
2699 4321 2888 4378 αὐτοῦ.
2919 4343 2936 4376 ι
2971 4323 3242 4393 Γνοίημεν
3262 4320 3318 4372 δὲ
3341 4318 3418 4370 ὅτι
3462 4311 3562 4383 βίου

333 4410 547 4481 Quippe
595 4429 616 4463 ι
676 4412 869 4482 melior
922 4420 1008 4469 est
1054 4413 1180 4470 ﬁnis
1234 4417 1522 4483 orationis,
1569 4434 1735 4488 quam
1783 4423 1907 4490 ejus

2015 4417 2276 4482 εὐσεϐοῦς
2305 4416 2781 4486 ἀναδεικνυμένου,
2811 4414 2916 4484 πρὸ
2953 4414 3262 4484 διηγήσεως
3283 4406 3562 4477 ἐγγράφου»

332 4501 550 4557 initium
581 4502 625 4556 i.
661 4521 680 4556 ι
753 4503 812 4559 Id
859 4519 1025 4576 porro
1061 4507 1380 4564 noverimus
1411 4525 1426 4564 :
1460 4524 1656 4579 nempe
1691 4526 1789 4568 eos
1818 4513 1910 4584 qui

333 4610 400 4651 ex
452 4595 672 4668 pietatis
706 4595 922 4653 ratione
965 4599 1131 4656 vitam
1159 4598 1412 4668 exigunt,
1451 4600 1507 4654 in
1532 4603 1738 4657 aesculo
1765 4618 1905 4658 con-

332 4687 684 4743 versantibus
716 4687 877 4744 nobis
911 4689 1084 4760 magis
1113 4689 1396 4746 illustrare
1437 4692 1706 4762 animum,
1743 4711 1904 4766 quam

334 4777 428 4846 qui
475 4779 682 4847 scripto
738 4786 1018 4834 enarrant.
1058 4778 1122 4832 Et
1154 4780 1260 4834 hoc
1313 4795 1442 4836 vero
1472 4783 1690 4841 animos
1735 4787 1899 4842 nobis

335 4869 618 4938 roburque
637 4869 704 4922 ad
733 4869 1098 4940 eloquendum
1139 4872 1364 4942 adjecit,
1413 4890 1728 4946 quanquam
1765 4879 1906 4936 forte

337 4961 522 5018 minus
593 4959 898 5017 sulIicimus
949 4971 1008 5018 ut
1060 4963 1321 5035 pleraque
1341 4965 1444 5021 viri
1485 4967 1624 5038 justi
1661 4967 1912 5028 facinora

335 5063 682 5104 cnarremus.
711 5047 943 5115 Quando
967 5060 1147 5108 autem
1171 5053 1349 5110 honos
1379 5055 1503 5126 ejus
1537 5057 1761 5116 labores
1787 5076 1909 5118 ser-

337 5155 428 5196 mo
463 5142 792 5210 prazcurrit,
835 5143 1301 5213 quemadmodum
1357 5151 1520 5217 juxta
1569 5151 1914 5209 Dominicam

336 5247 528 5290 vocem
563 5234 581 5283 1
621 5235 810 5304 nequit
869 5235 1006 5301 ﬁeri,
1051 5252 1154 5292 nec
1189 5253 1322 5294 vero
1348 5251 1432 5304 est
1489 5251 1699 5298 rectum
1729 5255 1788 5298 ut
1833 5247 1916 5300 lu-

338 5339 504 5378 cerna
547 5325 744 5380 ardens
787 5327 890 5382 sub
937 5327 1079 5383 lecto
1124 5339 1383 5400 ponatur,
1428 5335 1522 5388 sed
1567 5344 1626 5389 ut
1652 5336 1754 5406 ipsi
1788 5337 1912 5392 basi

421 5503 438 5543 ἱ
493 5501 672 5557 Ecclc.
706 5520 795 5570 vn,
833 5506 886 5559 9.
967 5508 982 5556 Ι
1023 5507 1217 5569 Matth.
1248 5525 1315 5574 v,
1354 5510 1418 5563 15
1451 5521 1603 5576 seqq.

2018 4513 2131 4574 τοῖς
2157 4513 2215 4564 ἐν
2239 4509 2318 4580 τῷ
2352 4508 2451 4579 βίῳ
2479 4506 2981 4577 ἀναστρεφομένοις
3010 4506 3166 4574 ἡμῖν,
3195 4503 3458 4572 λάμπουσι
3483 4493 3563 4547 καὶ

2019 4593 2313 4674 φωτίζουσι
2359 4601 2456 4672 τὴν
2484 4601 2747 4654 διάνοιαν.
2782 4597 2990 4667 Συνέϐη
3021 4599 3076 4650 δὲ
3105 4603 3204 4650 καὶ
3253 4591 3404 4646 τούτο
3449 4587 3562 4656 ἡμῖν

2019 4696 2274 4768 γενέσθαι
2297 4695 2570 4764 τοῦλόγου
2597 4693 2660 4747 τδ
2693 4692 2910 4746 εὔτονον
2927 4732 2942 4755 ,
2979 4691 3110 4755 ἴσως
3170 4686 3483 4760 ἀποροῦντες
3503 4678 3561 4730 τὰ

2021 4791 2250 4844 πλεῖστα
2275 4788 2368 4842 τοῦ
2399 4786 2608 4842 δικαίου
2629 4786 2832 4860 ⁴ἀνδρὸς
2861 4784 3306 4855 κατορθωμάτων
3325 4775 3561 4870 duini)“.-

2011 4880 2157 4934 σθαι.
2223 4880 2334 4933 Καὶ
2371 4878 2560 4950 ἐπειδὴ
2589 4879 2617 4931 ὀ
2645 4877 2801 4945 λόγος
2846 4877 2943 4928 ἐπὶ
2991 4879 3108 4938 τοϊς
3153 4871 3374 4942 ἀγαθοῖς
3414 4865 3560 4919 αὑτοῦ

2011 4969 2304 5044 προτρέχει
2333 4971 2540 5033 πόνοις,
2561 4967 2751 5037 ὥσπερ
2775 4967 2969 5038 λύχνον
2991 4967 3298 5034 καιόμενον,
3327 4957 3561 5060 ἀδύνατον

2013 5065 2109 5118 καὶ
2149 5063 2249 5116 ούκ
2281 5062 2440 5124 εὐθές
2473 5064 2615 5127 ἐστι,
2666 5065 2810 5118 κατά
2859 5063 2960 5134 τὴν
2985 5056 3321 5126 Δεσποτικὴν
3378 5056 3558 5134 φωνην,

2015 5153 2274 5208 ὑποκάτω
2327 5153 2514 5223 κλίνης
2546 5153 2795 5223 τεθῆναι,
2833 5133 2956 5206 ἀλλ’
2995 5151 3083 5205 ἐπ’
3113 5147 3280 5216 αὐτὴν
3312 5133 3558 5236 βάσιντδν

2018 5245 2254 5312 Χριστὸν
2299 5244 2646 5315 ἐπιτεθῆναι,
2679 5244 2766 5298 ἵνα
2810 5245 2922 5308 πᾶς
2955 5245 2984 5298 ὁ
3010 5239 3278 5296 πιστεύων
3305 5235 3383 5296 είς
3418 5229 3560 5330 alii”

2021 5339 2198 5411 βλέπῃ
2222 5339 2284 5392 τὸ
2309 5338 2456 5409 φῶς,
2481 5337 2626 5392 οὕτω
2647 5337 2715 5393 τὰ
2739 5336 2832 5390 τοῦ
2862 5336 2979 5406 βίου
3015 5333 3178 5389 αὑτοῦ
3206 5332 3330 5385 ἐστι’
3367 5329 3556 5394 πρωτον

1637 5617 1858 5675 ΥΛΒΙίΕ
1892 5621 2296 5688 LECTIONES.

449 5704 495 5739 "
527 5703 614 5754 ῖσ.
643 5703 746 5773 μὴν
775 5706 881 5759 διά.
992 5710 1036 5740 ’³
1065 5709 1217 5779 Apud
1245 5710 1497 5783 Scptuag.
1531 5712 1708 5781 λόγον.
