3978 6140
159 372 294 438 1241

1457 384 1536 446 IN
1578 386 1640 447 S.
1680 385 2089 449 PATAPIUM.

3270 377 3409 445 1242

154 474 553 552 ἔγκαταλιπεῖν
569 483 638 550 ’⁵,
654 482 751 538 καὶ
799 482 974 550 οὕτως
1003 486 1099 541 ἐπὶ
1124 488 1193 542 τὰ
1223 493 1609 564 μαρτυροῦντα
1636 494 1703 547 τὸ

1828 491 2051 548 Christo
2089 490 2516 563 superimposita
2570 489 2774 556 luceat,
2815 497 2875 546 ut
2907 490 3088 548 omnis
3116 490 3207 562 qui
3229 492 3406 548 credit

154 574 272 646 βίον
296 575 463 628 αὐτοῦ
484 578 541 630 ὲν
558 576 868 650 εὐφροσύνῃ
897 579 1044 650 ἡμᾶς
1073 580 1331 650 βαδίζειν.
1365 584 1591 648 Πάντως
1616 585 1725 656 γὰρ

150 665 306 720 ἔνθεν
324 666 609 721 καὶταῦτα
632 667 1030 740 δειχθήσονται,
1044 671 1234 744 ῶσπερ
1255 675 1314 728 ἐν
1341 674 1462 744 ὄψει
1481 675 1726 749 ἐμπροσ-

149 757 247 812 θεν
290 758 678 829 εὑρισκόμενα.
716 760 908 824 Οὐδεὶς
956 762 1065 833 γάρ
1124 763 1295 829 ἐστιν,
1332 766 1361 818 ό
1392 764 1468 837 μὴ
1494 768 1724 822 ἐπιστά-

148 865 315 919 μενος
342 850 410 902 ὲκ
434 848 542 902 τῶν
592 848 894 918 μελλόντων
942 850 1237 906 ἀκούεσθαι
1263 852 1325 907 τὺ
1347 895 1361 919 ,
1389 852 1492 907 ποῦ
1513 855 1684 910 ταῦτα
1703 897 1719 923 ,

144 942 246 994 καὶ
292 939 477 1004 πόθεν,
529 939 771 1004 καὶπῶς
824 941 1186 1013 προέρχονται
1215 944 1354 1014 πρὸς
1383 945 1717 1017 φανέρωσιν.

143 1032 224 1085 0.3
258 1030 368 1102 γὰρ
394 1030 613 1085 δύναται
643 1030 764 1101 φῶς
783 1031 965 1085 σκότει
1003 1036 1390 1101 ωγκοινωνεῖν
1418 1050 1433 1065 '
1464 1036 1585 1090 οὐδὲ
1616 1037 1722 1091 πά-

141 1124 232 1176 λιν
268 1123 434 1192 μέρος
456 1121 633 1193 πιστῷ
658 1121 798 1192 μετὰ
827 1122 1059 1177 ἀπίστου
1090 1138 1103 1151 ⁶
1137 1122 1263 1177 οὔτε
1321 1127 1723 1194 συγκατάθεσις

139 1212 263 1283 ναῷ
307 1213 445 1267 Θεοῦ
496 1213 637 1282 μετὰ
693 1211 929 1267 εἰδώλων
953 1231 967 1246 ο
993 1212 1122 1268 οὔτε
1174 1215 1446 1287 συλλήϐην
1502 1218 1717 1285 εἰπεῖν,

138 1301 554 1375 [συμφώνησις]
599 1302 719 1375 Θεῷ
761 1303 900 1376 πρὸς
936 1304 1156 1373 Βελίαρ.
1214 1308 1570 1379 Συντρίϐεται
1611 1311 1721 1383 γάρ

134 1392 220 1457 ὡς
251 1393 562 1464 γέγραπται
586 1393 647 1447 τὸ
696 1395 916 1465 σαθρὸν,
979 1396 1086 1449 ὑπὸ
1113 1397 1210 1450 τοῦ
1242 1400 1491 1470 ἰσχυροῦ.
1521 1403 1614 1455 καὶ
1636 1404 1718 1466 είς

131 1483 453 1552 ἀφανισμὸν
477 1483 540 1536 τὸ
568 1485 760 1537 τούτου
802 1485 957 1550 τέλος
993 1486 1409 1544 ἀποδείκνυται.
1447 1492 1561 1547 Καὶ
1608 1494 1718 1566 γάρ

129 1573 209 1626 τὰ
240 1573 351 1627 τῶν
401 1575 612 1645 ἀρετῶν
662 1574 856 1645 βέϐαια
895 1579 987 1635 καὶ
1015 1579 1187 1647 πάγια
1217 1580 1311 1633 καὶ
1343 1582 1715 1655 ἐρηρεισμένα

95 1721 104 1728 ,
127 1666 375 1719 πάντοτε
402 1665 748 1735 διαμένοντα,
776 1669 961 1732 καθὼς
990 1670 1019 1722 ὁ
1046 1671 1190 1734 θεῖος
1247 1672 1590 1728 ἀποδεικνύει
1623 1676 1717 1729 λό-

123 1774 256 1826 γος,
287 1760 352 1811 ὲκ
378 1756 583 1810 τούτων
615 1758 690 1829 μὴ
720 1759 1139 1831 συντριϐόμενα,
1189 1764 1577 1832 ἀναφαίνονται
1610 1768 1714 1821 ὑπὸ

120 1846 231 1899 τοῦ
256 1845 417 1914 λόγου
449 1846 847 1918 φυλαττόμενα.
872 1850 952 1904 Τὰ
967 1851 1024 1904 δὲ
1045 1853 1143 1919 τῆς
1176 1852 1375 1916 κακίας
1399 1854 1506 1908 ίδια
1531 1874 1547 1907 ι
1579 1856 1713 1910 ὡσεὶ

118 1934 346 1998 καπνὸς
393 1934 737 2002 ἐκλείπουσι,
778 1957 796 1988 ι
830 1941 1009 2018 ,κατά
1035 1942 1096 1996 τὸ
1130 1946 1552 2015 γεγραμμένον,
1606 1950 1712 2004 ’καὶ

116 2027 325 2097 ὥσπερ
375 2028 637 2097 ὁμοούσια
667 2030 761 2083 τοῦ
814 2032 1084 2097 ἀσϐέστου
1124 2039 1296 2107 πυρὸς
1323 2042 1711 2111 φανεροῦνται.

122 2134 145 2169 ι
176 2116 493 2186 Πορεύεσθε
525 2136 545 2169 ι
570 2117 698 2188 γὰρ,
737 2121 876 2191 πρὸς
926 2124 1054 2187 τοὺς
1107 2130 1447 2197 πράττοντας
1489 2130 1558 2184 τὰ
1596 2148 1711 2185 τοι-

113 2205 300 2270 αῦτα,
338 2226 355 2258 ι
376 2207 453 2277 τῷ
489 2210 648 2278 φωτὶ,
671 2213 827 2282 φησὶ,
847 2214 941 2266 τοῦ
971 2216 1143 2286 πυρὸς
1163 2219 1319 2288 ὑμῶν
1348 2223 1441 2275 καὶ
1459 2224 1524 2293 τῇ
1549 2223 1710 2293 φλογὶ⁸

111 2293 152 2372 ᾗ
191 2297 552 2363 ἑξεκαύσατε.
580 2318 597 2351 ι
648 2301 928 2354 Ἐντεῦθεν
958 2304 1167 2371 λοιπὸν,
1221 2309 1485 2380 ἀδελφοὶ,
1516 2311 1708 2382 ῶσπερ

111 2386 243 2441 ἀπὸ
270 2388 444 2459 πυρὸς
473 2388 820 2461 λυτρωθῆναι
861 2392 1175 2464 βουλόμενοι
1203 2397 1293 2452 διά
1353 2401 1456 2469 τῆς
1503 2404 1709 2473 ἀκροά-

110 2497 290 2546 σεως,
347 2479 440 2536 ἐπὶ
471 2481 538 2535 τέι
568 2481 660 2534 τοῦ
714 2484 906 2552 ἀνδρδς
967 2487 1342 2560 ύπέρλαμπρα
1397 2492 1573 2563 ἔργα,
1604 2496 1709 2558 τὰς

106 2571 303 2633 ἀκοάς
329 2570 433 2642 τῆς
488 2572 725 2637 διανοίας
769 2576 1164 2645 συντείναντες,
1192 2581 1286 2634 καὶ
1310 2583 1391 2646 είς
1421 2584 1539 2654 φῶς
1566 2585 1706 2652 γνὼ-

109 2681 274 2727 σεως
301 2666 771 2736 καταντήσαντες,
820 2666 1004 2730 καθὼς
1036 2671 1133 2723 καὶ
1162 2675 1190 2725 ὁ
1224 2674 1464 2743 Χριστὸς
1495 2677 1706 2731 ὲκδιδάυ

1826 584 1884 639 in
1930 598 2056 638 eum
2104 583 2295 639 lumen
2358 582 2539 637 videat
2573 583 2698 639 :sic
2728 581 2972 654 primum
3000 581 3206 639 fuerint
3235 585 3403 639 omit-

1827 674 1990 730 tentia
2024 688 2121 743 per
2180 675 2352 729 vitam
2384 674 2454 729 ab
2500 688 2570 729 eo
2598 681 2773 743 gesta,
2823 676 3054 743 tumque
3086 675 3193 729 l:eti
3234 674 3401 757 adea

1823 764 2264 835 processerimus
2324 780 2449 835 quae
2517 766 2689 820 vitam
2741 765 3015 834 ejusmodi
3078 765 3404 821 testimonio

1824 857 2126 911 illustrant.
2163 856 2331 912 Plane
2362 856 2508 911 enim
2548 854 2801 910 futurum
2833 863 2917 911 est
2950 865 3008 910 ut
3032 865 3085 910 et
3121 857 3213 910 illa
3268 856 3401 912 hinc
3476 868 3485 873 ‘

1822 943 2200 1010 innotescant,
2235 958 2300 998 ac
2331 943 2480 998 velut
2523 943 2594 997 ob
2622 943 2816 998 oculos
2846 958 3036 997 coram
3078 951 3398 998 occurrant.

1822 1034 1992 1089 Nemo
2020 1034 2170 1089 enim
2204 1041 2311 1099 est,
2342 1034 2437 1104 qui
2470 1048 2581 1088 non
2611 1035 2798 1089 statim
2839 1049 2908 1089 ex
2960 1035 3253 1090 audiendis
3311 1035 3398 1090 in-

1818 1123 2030 1195 telligat
2051 1138 2163 1193 quo
2197 1138 2289 1179 res
2329 1123 2628 1194 ejusmodi,
2656 1133 2711 1180 et
2762 1124 2915 1181 unde
2944 1140 3009 1180 ac
3041 1141 3150 1195 qua
3185 1127 3401 1181 ratione

1819 1216 1876 1270 in
1938 1216 2115 1271 lucem
2165 1215 2513 1271 declaranda:
2540 1216 2869 1285 procedant.
2907 1217 3020 1273 Nec
3052 1218 3198 1272 enim
3233 1232 3401 1272 com-

1818 1307 2008 1361 munio
2047 1306 2235 1375 aliqua
2265 1322 2389 1363 esse
2421 1316 2600 1376 potest
2621 1307 2748 1371 ,luci
2780 1308 2851 1363 ad
2884 1310 3164 1374 tenebras,
3196 1324 3379 1378 neque

1818 1397 2015 1453 iterum
2038 1413 2169 1469 pars
2191 1398 2374 1468 aliqua
2410 1398 2554 1453 lideli
2585 1413 2715 1454 cum
2740 1399 2976 1464 inﬁdeli,
3006 1414 3391 1456 conscnsusve

1818 1487 2023 1556 templo
2050 1485 2144 1541 Dei
2187 1501 2313 1541 cum
2352 1486 2540 1552 idolis,
2572 1494 2667 1542 aut
2696 1488 2935 1558 denique
2966 1489 3261 1543 conventio
3297 1487 3393 1544 Dei

1815 1577 1882 1631 ad
1949 1575 2119 1632 Belial
2146 1577 2196 1631 ι.
2246 1575 2463 1649 Quippe
2525 1586 2868 1644 conteretur,
2921 1579 3084 1649 juxta
3124 1579 3273 1650 quod
3309 1587 3397 1634 est

1816 1671 2083 1740 scriptum
2115 1669 2159 1735 ι,
2211 1671 2359 1741 quod
2389 1677 2479 1727 est
2504 1669 2689 1725 debile
2713 1670 3119 1740 detritumque,
3149 1686 3179 1723 a
3214 1669 3348 1723 forti
3377 1684 3391 1722 :

1815 1761 2045 1833 ejusque
2072 1762 2202 1819 ﬁnis
2228 1762 2456 1818 abolitio
2488 1770 2593 1818 est.
2642 1760 2779 1836 Cum
2812 1761 2957 1815 enim
3009 1775 3073 1816 ea
3108 1777 3232 1830 quae
3264 1768 3394 1815 sunt

1803 1854 2053 1918 virtutis,
2110 1855 2288 1914 ﬁrma.
2338 1853 2515 1909 solida
2578 1852 2911 1922 stabiliaque
2976 1859 3242 1922 perpetuo
3280 1864 3395 1905 ma-

1811 1956 1998 2014 neant,
2050 1944 2513 2016 quemadmodum
2565 1942 2788 1997 divinus
2819 1940 3065 1997 ostendit
3090 1955 3295 2003 sermo,
3322 1939 3393 1993 iis

1811 2054 1922 2094 non
1980 2037 2402 2093 conterentibus
2450 2049 2515 2090 ac
2558 2033 2946 2104 perdentibus,
3006 2033 3180 2102 liquet
3208 2046 3238 2085 a
3276 2045 3393 2086 ser-

1810 2146 1972 2186 mone
1994 2128 2336 2184 conservari.
2362 2127 2495 2193 Quae
2525 2137 2708 2180 autem
2741 2132 2874 2181 sunt
2905 2124 3191 2186 vitiorum,
3220 2139 3240 2173 ι
3270 2129 3392 2175 tan-

1808 2237 1972 2294 quam
2036 2220 2224 2275 fumus
2278 2218 2564 2283 deﬁciunt,
2606 2236 2623 2268 ι
2679 2217 2834 2287 juxta
2884 2216 3030 2286 quod
3096 2223 3182 2270 est
3247 2214 3392 2269 scri-

1808 2321 1966 2383 ptum
2001 2319 2082 2375 IIII;
2174 2324 2241 2364 ac
2305 2307 2453 2362 velut
2500 2306 2745 2376 ejusdem
2818 2305 3053 2360 rationis
3102 2319 3226 2358 cum
3275 2303 3388 2375 igni

1806 2399 2244 2473 inexstinguibili
2276 2396 2669 2453 ostenduntur.
2730 2396 2822 2451 Ait
2870 2411 3020 2450 enim
3066 2395 3134 2450 ad
3166 2411 3263 2450 eos
3293 2396 3390 2465 qui
3428 2471 3438 2476 _

1806 2496 1935 2550 talia
1989 2499 2163 2562 agunt
2194 2508 2208 2544 :
2242 2508 2260 2539 ι
2296 2488 2590 2544 Ambulate
2651 2488 2706 2541 in
2737 2488 2950 2543 lumine
3011 2486 3157 2556 ignis
3187 2487 3387 2546 vestri,

1803 2596 1858 2643 et
1892 2586 1948 2639 in
1977 2586 2199 2638 ﬂamma
2232 2596 2398 2649 quam
2449 2578 2813 2635 succendistis
2832 2585 2885 2631 It.
2920 2596 2940 2629 ι
2988 2575 3385 2642 Quamobrem,

1804 2677 2012 2740 dilecti,
2066 2674 2211 2728 velut
2236 2673 2329 2743 qui
2367 2670 2653 2725 auditione
2704 2667 3030 2723 Studeamus
3066 2666 3135 2720 ab
3172 2666 3298 2735 igne
3324 2664 3388 2718 li-

107 2769 274 2819 σκει,
326 2753 694 2826 ἀκουσὼμεθα
720 2757 773 2809 τί
795 2756 1026 2827 λαλήσει
1063 2762 1121 2813 ὲν
1150 2761 1278 2832 ὑμῖν
1306 2764 1366 2816 τὸ
1393 2764 1616 2837 Πνεῦμα
1642 2767 1703 2820 τὸ

1806 2768 2008 2832 berari,
2066 2765 2267 2821 mentis
2298 2777 2462 2818 aures
2511 2761 2725 2831 pariter
2769 2759 3124 2814 intendentes
3158 2757 3214 2811 in
3241 2770 3386 2826 prae-

104 2842 304 2909 ἆγιον.
328 2841 503 2895 Αὐτοῦ
532 2842 642 2914 γὰρ
673 2844 770 2898 καὶ
795 2846 901 2899 εἰσὶ
943 2848 1039 2902 καὶ
1095 2849 1404 2918 λαλοῦνται,
1441 2856 1537 2909 καὶ
1566 2857 1703 2927 πρὸς

1806 2861 1949 2916 clara
1973 2858 2075 2912 viri
2096 2872 2287 2927 opera,
2315 2869 2380 2909 ac
2412 2860 2773 2908 occurrentes
2803 2850 2869 2905 ad
2897 2849 3143 2905 scientia:
3174 2849 3383 2911 lumen,

102 2933 176 2986 τὸ
212 2931 401 3001 λέγειν
433 2933 733 3003 φαίνονται,
761 2935 836 2999 ὡς
862 2937 924 2990 τὺ
949 2939 1306 2996 ἀποστολικὸν
1345 2945 1581 3017 γράμμα
1619 2948 1701 3001 δι-

1806 2953 1956 3023 juxta
2015 2949 2161 3021 quod
2192 2947 2448 3003 Christus
2474 2945 2654 3005 docet,
2702 2942 2996 2996 audiamus
3026 2940 3157 3010 quid
3192 2940 3387 3008 loqua--

103 3025 338 3089 δάσκει,
371 3025 522 3087 ὅπως
548 3024 864 3098 δοξάζωμεν
890 3029 1130 3095 ἐκτενῶς
1144 3034 1238 3087 τὸν
1258 3036 1418 3091 δόντα
1449 3039 1545 3093 καὶ
1569 3039 1700 3094 πάν-

1806 3051 1890 3099 tur
1920 3043 1975 3097 in
2013 3040 2176 3096 nobis
2214 3038 2456 3109 Spiritus
2486 3043 2738 3091 sanctus.
2770 3032 2957 3103 Ipsius
2989 3032 3137 3087 enim
3162 3045 3229 3084 ea
3257 3035 3387 3084 sunt

98 3135 244 3172 τοτε
295 3115 542 3213 διδοῦντα
591 3119 844 3186 ἐξουσίαν
890 3124 1177 3196 τοιαύτην,
1233 3129 1700 3202 συνφθεγγόμενοι

1806 3139 1857 3188 et
1891 3138 2162 3186 vocantur
2194 3137 2361 3198 atque
2386 3133 2445 3181 ut
2468 3126 2706 3181 habeant
2742 3123 2851 3179 dici
2888 3121 3180 3177 manifesta
3215 3119 3376 3180 ﬁunt,

101 3209 214 3263 καὶ
246 3200 415 3278 ἡμεῖς
444 3209 521 3279 τῷ
538 3210 858 3284 Εὐαγγελίῳ
890 3216 987 3268 σὺν
1007 3215 1128 3287 Θεῷ
1148 3220 1264 3282 τοῖς
1292 3200 1618 3291 ἀνθρώποις.

1797 3222 1948 3280 velut
2008 3218 2171 3274 docet
2217 3218 2541 3287 Apostolus,
2587 3223 2649 3269 ut
2694 3228 2822 3270 eum
2866 3212 3075 3283 jugiter
3124 3209 3383 3263 laudibus

99 3298 493 3364 celebremus,
546 3301 642 3370 qui
703 3304 869 3359 talem
930 3305 1082 3362 dedit
1161 3318 1518 3378 petestatem,
1566 3321 1623 3369 et
1675 3324 1763 3372 est
1824 3325 2044 3382 semper
2111 3309 2365 3371 daturus,
2421 3307 2711 3375 loquentes
2766 3313 2821 3359 et
2865 3303 2973 3373 ipsi
3036 3301 3405 3363 sermonibus

98 3389 457 3457 cvangelicis
486 3402 611 3443 cum
649 3390 987 3448 hominibus.

183 3505 412 3568 Ταύτας
447 3504 628 3559 τοίνυν
660 3505 771 3559 τῶν
792 3508 1086 3578 ἐγκωμίων
1120 3510 1393 3576 συλλαϐὰς
1428 3515 1458 3567 ό
1479 3515 1697 3585 λεχθεὶς

98 3597 427 3667 άγιώτατος
446 3594 747 3660 ἐπίσκοπος
766 3595 840 3661 ὥς
863 3598 1199 3669 εὐπρεπείας
1215 3601 1408 3669 λόγους
1434 3604 1695 3676 ἐπήξατο,

98 3686 370 3760 φοϐερῶς
420 3686 519 3756 τὴν
564 3686 721 3752 τάξιν
772 3686 1006 3757 ἐχούσας
1057 3689 1194 3761 πρὸς
1248 3691 1538 3761 διόρθωσιν
1585 3695 1697 3749 τῶν

99 3778 323 3853 ζηλοῦν
371 3777 665 3831 ἐθελόντων
697 3778 789 3833 τὸν
818 3780 1114 3846 ἀγγελικὸν
1140 3780 1255 3851 βίον
1283 3782 1379 3836 τοῦ
1416 3784 1567 3839 όσίου
1594 3788 1699 3840 Πα-

95 3869 246 3941 τρὺς
299 3866 460 3937 ἡμῶν
499 3867 807 3922 Παταπίου.
852 3869 997 3922 Ἀλλ’
1048 3870 1132 3924 ὅτι
1180 3872 1348 3938 δόξαν
1403 3876 1500 3929 καὶ
1527 3877 1698 3947 τιμὴν

94 3956 398 4030 ἀμφιάσαι
434 3955 645 4021 τοῦτον,
676 3959 704 4010 ό
733 3955 1001 4010 διδάσκων
1052 3956 1253 4026 γνῶσιν
1300 3962 1413 4023 τοῖς
1433 3963 1499 4032 τῇ
1532 3958 1696 4031 σοφίᾳ

97 4045 546 4122 προσεδρεύουσι
595 4046 755 4116 μόνος
790 4046 1046 4117 ἠθέλησε.
1089 4066 1108 4101 ‹
1160 4049 1378 4120 Κράτος
1439 4049 1550 4121 γάρ
1592 4054 1693 4121 τῆς

101 4136 496 4213 μεγαλοσύνης
545 4136 711 4190 αὐτοῦ
746 4138 833 4200 τίς
870 4137 1265 4210 ὲξαριθμήσει;
1301 4159 1322 4193 ι
1353 4140 1527 4203 Αὐτὸς
1577 4140 1690 4210 δῴη

98 4230 210 4284 καὶ
238 4227 375 4296 ἡμῖν
405 4223 563 4292 λόγον
591 4227 650 4278 ἐν
677 4224 880 4289 ἀνοίξει
922 4224 1017 4279 τοῦ
1081 4226 1371 4296 στόματος,
1402 4228 1571 4293 όηζῶν
1611 4230 1690 4293 είς

97 4321 204 4373 τὸν
236 4315 433 4378 αἰῶνα,
462 4316 612 4377 ὅπως
655 4316 752 4369 καὶ
776 4318 939 4386 ἡμεῖς
977 4316 1116 4381 μετά
1142 4317 1452 4384 πόθου-τοῖς
1472 4322 1689 4383 πιστοῖς

100 4405 537 4478 παραδώσωμεν
557 4405 626 4459 τὰ
648 4402 789 4474 μετᾶ
828 4406 1059 4461 θάνατον
1114 4409 1281 4463 αὐτοῦ
1306 4410 1565 4477 γεγονότα
1591 4428 1686 4480 χα-

104 4468 380 4574 ρίσματα.
407 4468 570 4567 Ᾰέγει
590 4468 683 4552 οὖν
702 4500 731 4552 ὁ
773 4499 1205 4571 Ἐκκλησιαστὴς
1230 4468 1483 4571 Σολομὼν
1502 4516 1517 4531 ο
1550 4519 1569 4552 ι
1592 4468 1687 4553 λί-
1720 4468 1762 4521 D

102 4607 294 4654 καιος,
326 4590 421 4643 ἐὰν
455 4590 635 4661 φθάσῃ
667 4589 1010 4661 τελευτῆσαι,
1030 4592 1090 4643 ὲν
1124 4591 1431 4645 ἀναπαύσει
1458 4591 1634 4644 ἔσται.
1665 4610 1685 4643 ι

104 4680 224 4736 Καὶ
252 4681 417 4734 πάλιν
443 4681 613 4751 φησί·
648 4699 666 4732 ι
691 4683 927 4736 Δικαίων
954 4682 1128 4752 ψυχαὶ
1152 4683 1211 4734 ὲν
1239 4682 1389 4753 χειρὶ
1409 4683 1639 4753 Κυρίου.
1663 4702 1682 4734 ι

103 4776 225 4829 Καὶ
286 4775 405 4843 μετ’
435 4772 592 4842 ὀλίγα
628 4788 643 4803 ⁸
681 4791 702 4825 ι
738 4774 804 4826 Ἠ
822 4774 983 4836 ἐλπὶς
1004 4772 1185 4826 αὐτῶν
1215 4773 1518 4834 ἀθανασίας
1547 4775 1688 4844 πλή-

104 4882 234 4937 ρης.
270 4883 291 4915 ι
329 4864 420 4917 Διό
448 4881 615 4935 φημι,
646 4865 942 4935 ἀγαπητοὶ,
966 4865 1049 4917 ὅτι
1074 4866 1107 4931 ἡ
1138 4863 1247 4917 τῶν
1273 4864 1523 4918 ἐντεῦθεν
1549 4866 1687 4937 πρὸς

99 4959 176 5011 τά
209 4958 332 5009 ἐκεῖ
364 4956 778 5025 μεταφοίτησις,
833 4958 949 5018 τοῖς
965 4957 1145 5024 ἁγίοις
1176 4955 1411 5019 πλοῦτος
1443 4956 1536 5008 καὶ
1555 4956 1682 5020 δόξα

100 5046 450 5119 εὑρίσκεται.
485 5047 549 5100 El
578 5046 689 5117 γὰρ
721 5048 817 5101 καὶ
845 5048 906 5101 τὺ
926 5048 1126 5116 γεῶδες
1163 5046 1362 5117 σκῆνος
1394 5045 1453 5111 ἐξ
1478 5042 1547 5118 ἧς
1574 5046 1682 5116 γῆς

97 5136 411 5205 διεπλάσθη
437 5137 839 5204 ἐναποτίθεται,
862 5139 979 5195 ἀλλ’
1008 5138 1108 5193 οὐκ
1141 5138 1543 5208 ἀπεσχισμένον
1573 5137 1686 5209 ἔχει

101 5227 320 5299 νοητῶς
349 5228 412 5279 τὸ
439 5228 729 5297 ὁμόφυλον.
762 5228 997 5293 Σώζοιτο
1018 5229 1130 5298 γὰρ
1154 5225 1215 5279 τὸ
1241 5226 1362 5280 κατ’
1387 5227 1570 5282 εἰκόνα
1592 5229 1686 5281 καὶ

177 5424 212 5512 ξι·
237 5423 285 5512 Ill
309 5425 458 5512 Cor.
480 5426 647 5512 “$16
667 5466 704 5512 ._
804 5429 991 5483 Matth.
1012 5446 1092 5512 ιιι,
1126 5429 1238 5512 HE.“
1291 5440 1328 5467 In
1351 5428 1492 5512 Pisal:
1520 5431 1779 5512 ιξιῃιθβη

1166 5492 1331 5565 'Sap.
1364 5511 1444 5559 ιιι,
1470 5498 1520 5552 1.
1556 5501 1574 5535 ι
1610 5492 1816 5554 ibid.4.

99 5505 130 5544 ιι
175 5494 377 5565 Ephes.
410 5511 481 5559 vr,
516 5496 603 5551 19.
684 5506 705 5534 ι’
742 5496 870 5567 Sap.
906 5513 980 5561 tv,
1012 5498 1062 5553 7.

1868 3505 1979 3561 Has
2016 3503 2205 3573 itaque
2238 3501 2513 3557 sermonis
2548 3497 2844 3554 laudatorii
2907 3498 3154 3568 syllabas
3183 3499 3382 3569 praefa-

1797 3608 1889 3655 tus
1947 3593 2336 3653 sanctissimus
2382 3591 2718 3661 episcopus,
2771 3590 2923 3643 velut
2954 3589 3173 3644 decoris
3213 3590 3379 3644 verba

1797 3687 2151 3758 composuit,.
2191 3698 2426 3751 quarum
2477 3689 2565 3736 est
2611 3680 2879 3736 terribilis
2920 3680 3059 3736 ordo
3087 3679 3153 3735 ad
3183 3694 3376 3735 eorum

1786 3776 2252 3838 emendationem,
2292 3773 2384 3843 qui
2407 3771 2712 3842 angelicam
2745 3771 2926 3825 sancti
2964 3769 3145 3825 Patris
3186 3770 3367 3825 nostri

1797 3866 2014 3938 Patapii
2037 3867 2236 3928 vitam,
2262 3863 2496 3933 cupiunt
2525 3860 2798 3915 aemulari.
2829 3861 2970 3926 Quia
3010 3860 3376 3915 nihilominus

1794 3958 1972 4013 voluit
2004 3956 2098 4025 qui
2132 3955 2288 4021 solus
2311 3952 2600 4007 scientiam
2635 3949 2839 4005 docet°
2874 3951 3160 4020 sapientiae
3187 3950 3376 4007 studio

1796 4051 2071 4115 assiduos,
2140 4055 2203 4100 ut
2245 4046 2291 4101 is
2350 4044 2582 4116 gloriam
2647 4052 2703 4098 et
2744 4044 3009 4097 honorem
3060 4043 3316 4099 indueret
3357 4062 3373 4098 :

1795 4139 1956 4204 Nam,
1991 4156 2010 4189 ι
2078 4136 2336 4189 virtutem
2408 4131 2804 4202 magnitudinis
2842 4131 2969 4200 ejus
3000 4132 3128 4201 quis
3150 4147 3377 4186 enume-
3406 4192 3407 4195 η

1791 4229 1936 4283 rabit
1964 4227 2037 4280 P?
2074 4246 2093 4277 ι
2127 4225 2244 4291 Ipse
2275 4223 2441 4278 etiam
2467 4236 2776 4277 sermonem
2800 4222 2960 4277 nobis
2991 4223 3046 4275 in
3074 4222 3189 4276 oris
3212 4236 3373 4291 aper-

1793 4308 1947 4373 tl’oue
1974 4315 2216 4371 .dederit
2243 4324 2294 4378 ιι,
2334 4313 2427 4382 qtti
2466 4312 2521 4366 in
2557 4320 2822 4367 asternum
2879 4312 3016 4367 vivit
3046 4329 3061 4373 ;
3093 4319 3154 4366 ut
3181 4320 3235 4367 et
3270 4312 3375 4382 ipsi

1794 4426 1915 4481 quae
1988 4415 2110 4476 post
2145 4407 2266 4475 ejus
2301 4415 2532 4460 mortem
2582 4404 2836 4459 exhibita
2863 4412 2993 4459 sunt
3029 4404 3220 4459 divina
3250 4419 3374 4458 mu-

1790 4520 1947 4566 nera,
2008 4500 2283 4556 desiderio
2355 4497 2611 4553 ﬁdelibus
2693 4498 3000 4552 tradamus.
3056 4497 3147 4551 Ait
3206 4497 3373 4568 igitur

1793 4596 2158 4650 Ecclesiastes
2207 4592 2466 4647 Salomon
2497 4608 2512 4644 :
2550 4607 2570 4641 ι
2604 4588 2799 4644 Justus
2848 4598 3067 4656 autem,
3102 4590 3148 4645 si
3192 4599 3372 4645 morte

1792 4693 2211 4758 praeoccupatus
2234 4684 2423 4744 fuerit,
2463 4684 2516 4735 in
2542 4682 2836 4752 refrigerio
2856 4683 2962 4737 erit
2998 4693 3044 4736 ι’.
3086 4702 3105 4734 ι
3133 4682 3371 4737 lterum-

1791 4794 1897 4847 que
1925 4779 1999 4831 ait
2030 4795 2043 4831 :
2084 4797 2103 4828 ι
2140 4776 2423 4830 .lustorum
2459 4774 2656 4828 animae
2682 4774 2735 4826 in
2770 4789 2938 4828 manu
2967 4774 3061 4829 Dei
3096 4781 3229 4830 sunt
3258 4781 3304 4827 ³.
3341 4794 3361 4826 ι

1793 4869 1853 4922 Et
1889 4877 2011 4937 post
2036 4883 2206 4938 pauca
2252 4884 2265 4920 :
2310 4885 2329 4918 ι
2366 4865 2501 4934 Spes
2526 4880 2717 4920 eorum
2753 4867 2912 4935 plena
2946 4875 3032 4921 est
3075 4867 3365 4920 immorta-

1792 4962 1945 5028 litate
1977 4962 2021 5013 ι.
2068 4980 2087 5012 ι
2147 4945 2515 5025 Quamobrem
2542 4956 2688 5021 dico,
2721 4957 2929 5024 dilecti,
2979 4958 3364 5023 migrationem

1793 5052 1862 5106 ab
1893 5052 1994 5105 hac
2045 5051 2109 5104 ad
2144 5052 2369 5103 alteram
2420 5049 2611 5112 vitam,
2637 5050 2861 5104 divitias
2890 5049 3100 5103 sanctis
3123 5050 3364 5104 inveniri

1792 5150 1847 5197 et
1896 5143 2128 5212 gratiam
2162 5158 2178 5208 ;
2210 5154 2529 5211 quanquam
2560 5140 2706 5195 enim
2774 5141 3187 5195 tabernaculum
3259 5140 3365 5194 hoc

1791 5242 2070 5288 terrenum
2110 5233 2163 5287 iu
2198 5239 2400 5287 terram
2433 5231 2745 5302 deponatur
2770 5246 2839 5286 ex
2880 5246 2990 5301 qua
3027 5232 3216 5286 ﬁctqu
3254 5237 3361 5293 est,

1855 5442 1880 5470 η
1909 5431 2014 5488 lsa.
2048 5449 2099 5499 L,
2122 5433 2205 5486 Η.
2286 5434 2313 5468 ο⁴
2350 5432 2494 5489 Psal.
2533 5447 2682 5499 xcm,
2712 5431 2799 5487 10.
2893 5443 2922 5484 P
2947 5432 3356 5494 Eccli.xvut,£.

1378 5683 1608 5742 VARI/['3
1636 5686 2020 5744 LECTIONES
2043 5731 2054 5743 .

176 5772 226 5804 ’⁵
262 5768 353 5824 τσ.
384 5770 793 5840 ὲγκαταλαϐεῖν.
