  <div class='ocr_page' id='page_1' title='image "/cluster/home/n/w/nwhite01/storage/ocr_20150623/97/mdp.39015041892756/634.png"; bbox 0 0 3978 6140; ppageno 0'>
   <div class='ocr_carea' id='block_1_1' title="bbox 1388 61 1417 73">
    <p class='ocr_par' dir='ltr' id='par_1_1' title="bbox 1388 61 1417 73">
     <span class='ocr_line' id='line_1_1' title="bbox 1388 61 1417 73; baseline 0 -4"><span class='ocrx_word' id='word_1_1' title='bbox 1388 61 1417 73; x_wconf 69' lang='grc' dir='ltr'><strong>ο.</strong></span> 
     </span>
    </p>
   </div>
   <div class='ocr_carea' id='block_1_2' title="bbox 166 166 299 231">
    <p class='ocr_par' dir='ltr' id='par_1_2' title="bbox 166 166 299 231">
     <span class='ocr_line' id='line_1_2' title="bbox 166 166 299 231; baseline 0.008 -1"><span class='ocrx_word' id='word_1_2' title='bbox 166 166 299 231; x_wconf 69' lang='grc' dir='ltr'>12ί9</span> 
     </span>
    </p>
   </div>
   <div class='ocr_carea' id='block_1_3' title="bbox 1468 175 2085 236">
    <p class='ocr_par' dir='ltr' id='par_1_3' title="bbox 1468 175 2085 236">
     <span class='ocr_line' id='line_1_3' title="bbox 1468 175 2085 236; baseline 0.003 -3"><span class='ocrx_word' id='word_1_3' title='bbox 1468 176 1549 235; x_wconf 83' lang='lat' dir='ltr'><strong>IN</strong></span> <span class='ocrx_word' id='word_1_4' title='bbox 1583 175 1644 235; x_wconf 88' lang='lat' dir='ltr'><strong>S.</strong></span> <span class='ocrx_word' id='word_1_5' title='bbox 1676 175 1939 234; x_wconf 76' lang='lat' dir='ltr'><strong>PATAP]</strong></span> <span class='ocrx_word' id='word_1_6' title='bbox 1953 176 2085 236; x_wconf 89' lang='lat' dir='ltr'><strong>UM.</strong></span> 
     </span>
    </p>
   </div>
   <div class='ocr_carea' id='block_1_4' title="bbox 3299 178 3433 244">
    <p class='ocr_par' dir='ltr' id='par_1_4' title="bbox 3299 178 3433 244">
     <span class='ocr_line' id='line_1_4' title="bbox 3299 178 3433 244; baseline 0.015 -2"><span class='ocrx_word' id='word_1_7' title='bbox 3299 178 3433 244; x_wconf 68' lang='lat'><strong>1950</strong></span> 
     </span>
    </p>
   </div>
   <div class='ocr_carea' id='block_1_5' title="bbox 164 282 1744 360">
    <p class='ocr_par' dir='ltr' id='par_1_5' title="bbox 164 282 1744 359">
     <span class='ocr_line' id='line_1_5' title="bbox 164 282 1744 359; baseline 0.001 -20"><span class='ocrx_word' id='word_1_8' title='bbox 164 282 415 356; x_wconf 72' lang='grc' dir='ltr'>βοηθείας</span> <span class='ocrx_word' id='word_1_9' title='bbox 446 284 778 353; x_wconf 79' lang='grc' dir='ltr'>τετυχηκυῖα</span> <span class='ocrx_word' id='word_1_10' title='bbox 809 284 841 353; x_wconf 85' lang='grc' dir='ltr'><strong>ή</strong></span> <span class='ocrx_word' id='word_1_11' title='bbox 888 285 1279 356; x_wconf 80' lang='grc' dir='ltr'>προλεχθεῖσα,</span> <span class='ocrx_word' id='word_1_12' title='bbox 1305 285 1364 339; x_wconf 80' lang='grc' dir='ltr'>ὲν</span> <span class='ocrx_word' id='word_1_13' title='bbox 1418 290 1518 359; x_wconf 78' lang='grc' dir='ltr'>μιᾷ</span> <span class='ocrx_word' id='word_1_14' title='bbox 1560 306 1744 342; x_wconf 86' lang='grc' dir='ltr'>νυκτε-</span> 
     </span>
    </p>
   </div>
   <div class='ocr_carea' id='block_1_6' title="bbox 1848 282 3433 360">
    <p class='ocr_par' dir='ltr' id='par_1_6' title="bbox 1857 284 3433 360">
     <span class='ocr_line' id='line_1_6' title="bbox 1857 284 3433 360; baseline 0.003 -20"><span class='ocrx_word' id='word_1_15' title='bbox 1857 305 1964 357; x_wconf 86' lang='lat' dir='ltr'><strong>que</strong></span> <span class='ocrx_word' id='word_1_16' title='bbox 2000 288 2178 358; x_wconf 88' lang='lat' dir='ltr'><strong>puella</strong></span> <span class='ocrx_word' id='word_1_17' title='bbox 2232 284 2458 357; x_wconf 67' lang='lat' dir='ltr'><strong>praefata</strong></span> <span class='ocrx_word' id='word_1_18' title='bbox 2509 300 2665 342; x_wconf 74' lang='lat' dir='ltr'><strong>nacta</strong></span> <span class='ocrx_word' id='word_1_19' title='bbox 2710 287 2998 350; x_wconf 79' lang='lat' dir='ltr'><strong>auxilium,</strong></span> <span class='ocrx_word' id='word_1_20' title='bbox 3035 289 3212 344; x_wconf 84' lang='lat' dir='ltr'><strong>noctis</strong></span> <span class='ocrx_word' id='word_1_21' title='bbox 3250 294 3433 360; x_wconf 87' lang='lat' dir='ltr'><strong>cujus-</strong></span> 
     </span>
    </p>
   </div>
   <div class='ocr_carea' id='block_1_7' title="bbox 166 374 1751 451">
    <p class='ocr_par' dir='ltr' id='par_1_7' title="bbox 166 374 1751 451">
     <span class='ocr_line' id='line_1_7' title="bbox 166 374 1751 451; baseline 0.002 -21"><span class='ocrx_word' id='word_1_22' title='bbox 166 379 285 447; x_wconf 78' lang='grc' dir='ltr'>ρινῇ</span> <span class='ocrx_word' id='word_1_23' title='bbox 330 374 534 446; x_wconf 74' lang='grc' dir='ltr'>ἠσυχίᾳ</span> <span class='ocrx_word' id='word_1_24' title='bbox 577 376 750 446; x_wconf 81' lang='grc' dir='ltr'>ἐφάνη</span> <span class='ocrx_word' id='word_1_25' title='bbox 781 376 922 448; x_wconf 79' lang='grc' dir='ltr'>αὐτῇ</span> <span class='ocrx_word' id='word_1_26' title='bbox 972 377 1355 451; x_wconf 79' lang='grc' dir='ltr'><strong>ἡτοιμασμένη</strong></span> <span class='ocrx_word' id='word_1_27' title='bbox 1387 380 1636 450; x_wconf 74' lang='grc' dir='ltr'>τράπεζα</span> <span class='ocrx_word' id='word_1_28' title='bbox 1690 380 1751 446; x_wconf 79' lang='grc' dir='ltr'><strong>ἐξ</strong></span> 
     </span>
    </p>
   </div>
   <div class='ocr_carea' id='block_1_8' title="bbox 160 466 1753 543">
    <p class='ocr_par' dir='ltr' id='par_1_8' title="bbox 160 466 1753 543">
     <span class='ocr_line' id='line_1_8' title="bbox 160 466 1753 543; baseline 0.004 -21"><span class='ocrx_word' id='word_1_29' title='bbox 160 468 410 534; x_wconf 72' lang='grc' dir='ltr'>ἐναντίας</span> <span class='ocrx_word' id='word_1_30' title='bbox 435 467 668 538; x_wconf 79' lang='grc' dir='ltr'>κειμένη</span> <span class='ocrx_word' id='word_1_31' title='bbox 690 486 705 501; x_wconf 88' lang='grc'><strong>·</strong></span> <span class='ocrx_word' id='word_1_32' title='bbox 744 469 834 522; x_wconf 87' lang='grc' dir='ltr'><strong>καί</strong></span> <span class='ocrx_word' id='word_1_33' title='bbox 861 488 994 540; x_wconf 84' lang='grc' dir='ltr'>φησι</span> <span class='ocrx_word' id='word_1_34' title='bbox 1016 472 1154 543; x_wconf 85' lang='grc' dir='ltr'>πρὸς</span> <span class='ocrx_word' id='word_1_35' title='bbox 1182 469 1359 542; x_wconf 80' lang='grc' dir='ltr'>αὐτὴν</span> <span class='ocrx_word' id='word_1_36' title='bbox 1391 466 1470 534; x_wconf 76' lang='grc' dir='ltr'>εἷς</span> <span class='ocrx_word' id='word_1_37' title='bbox 1493 472 1601 525; x_wconf 88' lang='grc' dir='ltr'><strong>τῶν</strong></span> <span class='ocrx_word' id='word_1_38' title='bbox 1628 473 1753 528; x_wconf 82' lang='grc' dir='ltr'><strong>ἀνα·</strong></span> 
     </span>
    </p>
   </div>
   <div class='ocr_carea' id='block_1_9' title="bbox 162 560 1748 635">
    <p class='ocr_par' dir='ltr' id='par_1_9' title="bbox 162 560 1748 635">
     <span class='ocr_line' id='line_1_9' title="bbox 162 560 1748 635; baseline 0.001 -19"><span class='ocrx_word' id='word_1_39' title='bbox 162 563 430 633; x_wconf 76' lang='grc' dir='ltr'><strong>κειμένων</strong></span> <span class='ocrx_word' id='word_1_40' title='bbox 455 577 469 590; x_wconf 88' lang='grc'><strong>·</strong></span> <span class='ocrx_word' id='word_1_41' title='bbox 504 560 618 614; x_wconf 86' lang='grc' dir='ltr'>Οὐκ</span> <span class='ocrx_word' id='word_1_42' title='bbox 650 560 798 614; x_wconf 83' lang='grc' dir='ltr'>ἔστιν</span> <span class='ocrx_word' id='word_1_43' title='bbox 841 560 983 627; x_wconf 82' lang='grc' dir='ltr'>ἀξία-</span> <span class='ocrx_word' id='word_1_44' title='bbox 1009 562 1103 617; x_wconf 85' lang='grc' dir='ltr'>τοῦ</span> <span class='ocrx_word' id='word_1_45' title='bbox 1131 562 1459 631; x_wconf 82' lang='grc' dir='ltr'>γεύσασθαι.</span> <span class='ocrx_word' id='word_1_46' title='bbox 1490 560 1600 617; x_wconf 85' lang='grc' dir='ltr'><strong>Ἦν</strong></span> <span class='ocrx_word' id='word_1_47' title='bbox 1632 564 1689 618; x_wconf 85' lang='grc' dir='ltr'><strong>δέ</strong></span> <span class='ocrx_word' id='word_1_48' title='bbox 1714 567 1748 635; x_wconf 83' lang='grc' dir='ltr'><strong>ή</strong></span> 
     </span>
    </p>
   </div>
   <div class='ocr_carea' id='block_1_10' title="bbox 161 652 1750 727">
    <p class='ocr_par' dir='ltr' id='par_1_10' title="bbox 161 652 1750 727">
     <span class='ocr_line' id='line_1_10' title="bbox 161 652 1750 727; baseline 0.002 -22"><span class='ocrx_word' id='word_1_49' title='bbox 161 653 314 723; x_wconf 84' lang='grc' dir='ltr'>φωνὴ</span> <span class='ocrx_word' id='word_1_50' title='bbox 354 652 422 723; x_wconf 73' lang='grc' dir='ltr'><strong>ἦν</strong></span> <span class='ocrx_word' id='word_1_51' title='bbox 451 652 654 722; x_wconf 73' lang='grc' dir='ltr'>ἤκουσε</span> <span class='ocrx_word' id='word_1_52' title='bbox 684 653 1052 724; x_wconf 88' lang='grc' dir='ltr'>γνωρισθείσα</span> <span class='ocrx_word' id='word_1_53' title='bbox 1079 655 1240 727; x_wconf 81' lang='grc' dir='ltr'>αὐτῇ,</span> <span class='ocrx_word' id='word_1_54' title='bbox 1287 655 1369 719; x_wconf 76' lang='grc' dir='ltr'><strong>ὡς</strong></span> <span class='ocrx_word' id='word_1_55' title='bbox 1407 657 1540 724; x_wconf 64' lang='grc' dir='ltr'>πρὶν</span> <span class='ocrx_word' id='word_1_56' title='bbox 1577 656 1750 727; x_wconf 75' lang='grc' dir='ltr'>ταύτῃ</span> 
     </span>
    </p>
   </div>
   <div class='ocr_carea' id='block_1_11' title="bbox 55 738 1752 815">
    <p class='ocr_par' dir='ltr' id='par_1_11' title="bbox 55 738 1752 815">
     <span class='ocr_line' id='line_1_11' title="bbox 55 738 1752 815; baseline 0.004 -21"><span class='ocrx_word' id='word_1_57' title='bbox 55 738 68 747; x_wconf 81' lang='grc'><em>’</em></span> <span class='ocrx_word' id='word_1_58' title='bbox 163 742 443 797; x_wconf 83' lang='grc' dir='ltr'>συνελάλει</span> <span class='ocrx_word' id='word_1_59' title='bbox 472 744 608 813; x_wconf 69' lang='grc' dir='ltr'>αὐτῇ</span> <span class='ocrx_word' id='word_1_60' title='bbox 645 745 675 795; x_wconf 86' lang='grc' dir='ltr'>ὁ</span> <span class='ocrx_word' id='word_1_61' title='bbox 724 743 881 811; x_wconf 73' lang='grc' dir='ltr'>ἅγιος</span> <span class='ocrx_word' id='word_1_62' title='bbox 912 745 1217 808; x_wconf 80' lang='grc' dir='ltr'>Πατάπιος.</span> <span class='ocrx_word' id='word_1_63' title='bbox 1260 745 1487 815; x_wconf 79' lang='grc' dir='ltr'>Ταύτης</span> <span class='ocrx_word' id='word_1_64' title='bbox 1511 742 1604 801; x_wconf 80' lang='grc' dir='ltr'>οὖν</span> <span class='ocrx_word' id='word_1_65' title='bbox 1654 748 1752 815; x_wconf 81' lang='grc' dir='ltr'>τῆς</span> 
     </span>
    </p>
   </div>
   <div class='ocr_carea' id='block_1_12' title="bbox 160 834 1747 908">
    <p class='ocr_par' dir='ltr' id='par_1_12' title="bbox 160 834 1747 908">
     <span class='ocr_line' id='line_1_12' title="bbox 160 834 1747 908; baseline 0.003 -20"><span class='ocrx_word' id='word_1_66' title='bbox 160 836 344 905; x_wconf 80' lang='grc' dir='ltr'>φωνῆς</span> <span class='ocrx_word' id='word_1_67' title='bbox 379 834 709 904; x_wconf 82' lang='grc' dir='ltr'><strong>γενομένης,</strong></span> <span class='ocrx_word' id='word_1_68' title='bbox 742 836 905 890; x_wconf 78' lang='grc' dir='ltr'>πάλιν</span> <span class='ocrx_word' id='word_1_69' title='bbox 936 837 1089 908; x_wconf 82' lang='grc' dir='ltr'>φωνὴ</span> <span class='ocrx_word' id='word_1_70' title='bbox 1124 839 1189 891; x_wconf 85' lang='grc' dir='ltr'><strong>ἐκ</strong></span> <span class='ocrx_word' id='word_1_71' title='bbox 1214 839 1472 908; x_wconf 81' lang='grc' dir='ltr'><strong>δευτέρου</strong></span> <span class='ocrx_word' id='word_1_72' title='bbox 1510 839 1747 908; x_wconf 85' lang='grc' dir='ltr'>ἐγένετο,</span> 
     </span>
    </p>
   </div>
   <div class='ocr_carea' id='block_1_13' title="bbox 157 924 1749 998">
    <p class='ocr_par' dir='ltr' id='par_1_13' title="bbox 157 924 1749 998">
     <span class='ocr_line' id='line_1_13' title="bbox 157 924 1749 998; baseline 0.004 -19"><span class='ocrx_word' id='word_1_73' title='bbox 157 929 229 979; x_wconf 84' lang='grc' dir='ltr'><strong>ἐκ</strong></span> <span class='ocrx_word' id='word_1_74' title='bbox 271 924 381 979; x_wconf 89' lang='grc' dir='ltr'><strong>τῶν</strong></span> <span class='ocrx_word' id='word_1_75' title='bbox 415 925 716 981; x_wconf 86' lang='grc' dir='ltr'>ὲσθιουσῶν</span> <span class='ocrx_word' id='word_1_76' title='bbox 752 928 1032 994; x_wconf 88' lang='grc' dir='ltr'>γυναικῶν</span> <span class='ocrx_word' id='word_1_77' title='bbox 1079 932 1212 998; x_wconf 84' lang='grc' dir='ltr'>μιᾶς</span> <span class='ocrx_word' id='word_1_78' title='bbox 1252 947 1435 993; x_wconf 79' lang='grc' dir='ltr'>τινοςο</span> <span class='ocrx_word' id='word_1_79' title='bbox 1465 931 1593 998; x_wconf 73' lang='grc' dir='ltr'>Ναὶ,</span> <span class='ocrx_word' id='word_1_80' title='bbox 1623 932 1749 997; x_wconf 81' lang='grc' dir='ltr'>ἀξία</span> 
     </span>
    </p>
   </div>
   <div class='ocr_carea' id='block_1_14' title="bbox 158 1017 1751 1090">
    <p class='ocr_par' dir='ltr' id='par_1_14' title="bbox 158 1017 1751 1090">
     <span class='ocr_line' id='line_1_14' title="bbox 158 1017 1751 1090; baseline 0.004 -22"><span class='ocrx_word' id='word_1_81' title='bbox 158 1017 453 1087; x_wconf 81' lang='grc' dir='ltr'>γενήσεται</span> <span class='ocrx_word' id='word_1_82' title='bbox 484 1018 549 1068; x_wconf 84' lang='grc' dir='ltr'><strong>ἐκ</strong></span> <span class='ocrx_word' id='word_1_83' title='bbox 584 1017 685 1085; x_wconf 86' lang='grc' dir='ltr'>τῆς</span> <span class='ocrx_word' id='word_1_84' title='bbox 730 1018 1013 1088; x_wconf 79' lang='grc' dir='ltr'><strong>τραπέζης</strong></span> <span class='ocrx_word' id='word_1_85' title='bbox 1044 1019 1249 1086; x_wconf 81' lang='grc' dir='ltr'>ταύτης</span> <span class='ocrx_word' id='word_1_86' title='bbox 1274 1021 1579 1090; x_wconf 86' lang='grc' dir='ltr'>γεύσασθαι</span> <span class='ocrx_word' id='word_1_87' title='bbox 1604 1039 1618 1053; x_wconf 91' lang='grc'><strong>·</strong></span> <span class='ocrx_word' id='word_1_88' title='bbox 1656 1023 1751 1076; x_wconf 78' lang='grc' dir='ltr'><strong>καὶ</strong></span> 
     </span>
    </p>
   </div>
   <div class='ocr_carea' id='block_1_15' title="bbox 160 1107 1750 1182">
    <p class='ocr_par' dir='ltr' id='par_1_15' title="bbox 160 1107 1750 1182">
     <span class='ocr_line' id='line_1_15' title="bbox 160 1107 1750 1182; baseline 0.002 -20"><span class='ocrx_word' id='word_1_89' title='bbox 160 1109 399 1181; x_wconf 71' lang='grc' dir='ltr'>ἤκουσεν</span> <span class='ocrx_word' id='word_1_90' title='bbox 422 1107 596 1177; x_wconf 82' lang='grc' dir='ltr'>αὐτῆς</span> <span class='ocrx_word' id='word_1_91' title='bbox 623 1107 785 1162; x_wconf 79' lang='grc' dir='ltr'>τοῦτο</span> <span class='ocrx_word' id='word_1_92' title='bbox 811 1109 1092 1181; x_wconf 80' lang='grc' dir='ltr'>εἰπούσης.</span> <span class='ocrx_word' id='word_1_93' title='bbox 1139 1108 1407 1174; x_wconf 83' lang='grc' dir='ltr'>Ἔξυπνος</span> <span class='ocrx_word' id='word_1_94' title='bbox 1438 1111 1494 1164; x_wconf 78' lang='grc' dir='ltr'>δὲ</span> <span class='ocrx_word' id='word_1_95' title='bbox 1523 1113 1750 1182; x_wconf 87' lang='grc' dir='ltr'>γενομέ-</span> 
     </span>
    </p>
   </div>
   <div class='ocr_carea' id='block_1_16' title="bbox 160 1198 1751 1274">
    <p class='ocr_par' dir='ltr' id='par_1_16' title="bbox 160 1198 1751 1274">
     <span class='ocr_line' id='line_1_16' title="bbox 160 1198 1751 1274; baseline 0.003 -22"><span class='ocrx_word' id='word_1_96' title='bbox 160 1218 252 1270; x_wconf 91' lang='grc' dir='ltr'><strong>νη,</strong></span> <span class='ocrx_word' id='word_1_97' title='bbox 287 1198 585 1269; x_wconf 86' lang='grc' dir='ltr'>κατενόησε</span> <span class='ocrx_word' id='word_1_98' title='bbox 632 1198 728 1252; x_wconf 84' lang='grc' dir='ltr'>τοῦ</span> <span class='ocrx_word' id='word_1_99' title='bbox 761 1198 931 1253; x_wconf 83' lang='grc' dir='ltr'>καλοῦ</span> <span class='ocrx_word' id='word_1_100' title='bbox 959 1200 1279 1255; x_wconf 81' lang='grc' dir='ltr'><strong>διδασκάλου</strong></span> <span class='ocrx_word' id='word_1_101' title='bbox 1310 1201 1411 1272; x_wconf 83' lang='grc' dir='ltr'><strong>τὴν</strong></span> <span class='ocrx_word' id='word_1_102' title='bbox 1440 1201 1621 1273; x_wconf 79' lang='grc' dir='ltr'>φωνὴν</span> <span class='ocrx_word' id='word_1_103' title='bbox 1649 1202 1751 1274; x_wconf 79' lang='grc' dir='ltr'><strong>τὴν</strong></span> 
     </span>
    </p>
   </div>
   <div class='ocr_carea' id='block_1_17' title="bbox 161 1283 1751 1362">
    <p class='ocr_par' dir='ltr' id='par_1_17' title="bbox 161 1283 1751 1362">
     <span class='ocr_line' id='line_1_17' title="bbox 161 1283 1751 1362; baseline 0.004 -22"><span class='ocrx_word' id='word_1_104' title='bbox 161 1288 391 1360; x_wconf 87' lang='grc' dir='ltr'>πρώτην</span> <span class='ocrx_word' id='word_1_105' title='bbox 419 1283 579 1343; x_wconf 75' lang='grc' dir='ltr'>εἶναι.</span> <span class='ocrx_word' id='word_1_106' title='bbox 611 1289 723 1343; x_wconf 74' lang='grc' dir='ltr'><strong>Καὶ</strong></span> <span class='ocrx_word' id='word_1_107' title='bbox 758 1290 1000 1360; x_wconf 66' lang='grc' dir='ltr'><strong>⁴ᾐτήσατο</strong></span> <span class='ocrx_word' id='word_1_108' title='bbox 1041 1290 1204 1345; x_wconf 88' lang='grc' dir='ltr'>πάλιν</span> <span class='ocrx_word' id='word_1_109' title='bbox 1232 1291 1505 1361; x_wconf 78' lang='grc' dir='ltr'>ἐσώτερον</span> <span class='ocrx_word' id='word_1_110' title='bbox 1537 1293 1751 1362; x_wconf 88' lang='grc' dir='ltr'>ἐγκλει-</span> 
     </span>
    </p>
   </div>
   <div class='ocr_carea' id='block_1_18' title="bbox 164 1379 1750 1453">
    <p class='ocr_par' dir='ltr' id='par_1_18' title="bbox 164 1379 1750 1453">
     <span class='ocr_line' id='line_1_18' title="bbox 164 1379 1750 1453; baseline 0.003 -20"><span class='ocrx_word' id='word_1_111' title='bbox 164 1379 359 1449; x_wconf 82' lang='grc' dir='ltr'>σθῆναι</span> <span class='ocrx_word' id='word_1_112' title='bbox 386 1379 480 1435; x_wconf 71' lang='grc' dir='ltr'>καὶ</span> <span class='ocrx_word' id='word_1_113' title='bbox 504 1379 807 1433; x_wconf 86' lang='grc' dir='ltr'>κατωτάτω</span> <span class='ocrx_word' id='word_1_114' title='bbox 827 1421 843 1447; x_wconf 91' lang='grc'><strong>,</strong></span> <span class='ocrx_word' id='word_1_115' title='bbox 874 1380 1016 1435; x_wconf 85' lang='grc' dir='ltr'>ὥστε</span> <span class='ocrx_word' id='word_1_116' title='bbox 1059 1381 1136 1453; x_wconf 83' lang='grc' dir='ltr'>μὴ</span> <span class='ocrx_word' id='word_1_117' title='bbox 1165 1381 1313 1453; x_wconf 73' lang='grc' dir='ltr'>ἔχειν</span> <span class='ocrx_word' id='word_1_118' title='bbox 1355 1384 1531 1452; x_wconf 82' lang='grc' dir='ltr'>αὐτὴν</span> <span class='ocrx_word' id='word_1_119' title='bbox 1565 1384 1750 1439; x_wconf 79' lang='grc' dir='ltr'>ἄδειαν</span> 
     </span>
    </p>
   </div>
   <div class='ocr_carea' id='block_1_19' title="bbox 164 1469 1750 1544">
    <p class='ocr_par' dir='ltr' id='par_1_19' title="bbox 164 1469 1750 1544">
     <span class='ocr_line' id='line_1_19' title="bbox 164 1469 1750 1544; baseline 0.002 -20"><span class='ocrx_word' id='word_1_120' title='bbox 164 1469 439 1542; x_wconf 77' lang='grc' dir='ltr'><strong>ἑτέρωθεν</strong></span> <span class='ocrx_word' id='word_1_121' title='bbox 496 1470 795 1540; x_wconf 87' lang='grc' dir='ltr'>λαμϐάνειν</span> <span class='ocrx_word' id='word_1_122' title='bbox 841 1470 902 1524; x_wconf 81' lang='grc' dir='ltr'><strong>τὸ</strong></span> <span class='ocrx_word' id='word_1_123' title='bbox 952 1472 1089 1540; x_wconf 81' lang='grc' dir='ltr'>πρὸς</span> <span class='ocrx_word' id='word_1_124' title='bbox 1151 1471 1247 1542; x_wconf 82' lang='grc' dir='ltr'><strong>τὴν</strong></span> <span class='ocrx_word' id='word_1_125' title='bbox 1295 1476 1507 1543; x_wconf 83' lang='grc' dir='ltr'>χρείαν.</span> <span class='ocrx_word' id='word_1_126' title='bbox 1558 1474 1593 1544; x_wconf 75' lang='grc' dir='ltr'><strong>ἦ</strong></span> <span class='ocrx_word' id='word_1_127' title='bbox 1642 1491 1750 1527; x_wconf 90' lang='grc' dir='ltr'>τινι</span> 
     </span>
    </p>
   </div>
   <div class='ocr_carea' id='block_1_20' title="bbox 161 1559 1744 1638">
    <p class='ocr_par' dir='ltr' id='par_1_20' title="bbox 161 1559 1744 1638">
     <span class='ocr_line' id='line_1_20' title="bbox 161 1559 1744 1638; baseline 0.003 -22"><span class='ocrx_word' id='word_1_128' title='bbox 161 1559 507 1632; x_wconf 77' lang='grc' dir='ltr'><strong>ἐμφανίζειν,</strong></span> <span class='ocrx_word' id='word_1_129' title='bbox 542 1562 576 1633; x_wconf 78' lang='grc' dir='ltr'>ἢ</span> <span class='ocrx_word' id='word_1_130' title='bbox 619 1562 781 1632; x_wconf 88' lang='grc' dir='ltr'>μόνον</span> <span class='ocrx_word' id='word_1_131' title='bbox 832 1562 938 1615; x_wconf 83' lang='grc' dir='ltr'><strong>ὑπὸ</strong></span> <span class='ocrx_word' id='word_1_132' title='bbox 980 1564 1079 1634; x_wconf 85' lang='grc' dir='ltr'>τῆς</span> <span class='ocrx_word' id='word_1_133' title='bbox 1115 1564 1294 1617; x_wconf 79' lang='grc' dir='ltr'>ἐκεῖσε</span> <span class='ocrx_word' id='word_1_134' title='bbox 1340 1564 1597 1638; x_wconf 81' lang='grc' dir='ltr'>οἰκούσης</span> <span class='ocrx_word' id='word_1_135' title='bbox 1646 1568 1744 1621; x_wconf 86' lang='grc' dir='ltr'><strong>σὺν</strong></span> 
     </span>
    </p>
   </div>
   <div class='ocr_carea' id='block_1_21' title="bbox 159 1629 1820 1727">
    <p class='ocr_par' dir='ltr' id='par_1_21' title="bbox 159 1629 1820 1727">
     <span class='ocr_line' id='line_1_21' title="bbox 159 1629 1820 1727; baseline 0.004 -22"><span class='ocrx_word' id='word_1_136' title='bbox 159 1629 304 1723; x_wconf 65' lang='grc' dir='ltr'>αυτῇ</span> <span class='ocrx_word' id='word_1_137' title='bbox 331 1629 652 1723; x_wconf 78' lang='grc' dir='ltr'>ἐγκλειστῆς</span> <span class='ocrx_word' id='word_1_138' title='bbox 674 1694 690 1719; x_wconf 95' lang='grc'><strong>,</strong></span> <span class='ocrx_word' id='word_1_139' title='bbox 734 1653 894 1708; x_wconf 83' lang='grc' dir='ltr'>τοῦτο</span> <span class='ocrx_word' id='word_1_140' title='bbox 936 1629 1117 1720; x_wconf 76' lang='grc' dir='ltr'>καλῶς</span> <span class='ocrx_word' id='word_1_141' title='bbox 1149 1655 1255 1710; x_wconf 79' lang='grc' dir='ltr'>ὑπὸ</span> <span class='ocrx_word' id='word_1_142' title='bbox 1296 1655 1388 1710; x_wconf 83' lang='grc' dir='ltr'><strong>τοῦ</strong></span> <span class='ocrx_word' id='word_1_143' title='bbox 1419 1629 1580 1727; x_wconf 77' lang='grc' dir='ltr'>λόγου</span> <span class='ocrx_word' id='word_1_144' title='bbox 1611 1659 1742 1712; x_wconf 82' lang='grc' dir='ltr'>ἐαυ-</span> <span class='ocrx_word' id='word_1_145' title='bbox 1773 1629 1820 1689; x_wconf 71' lang='grc' dir='ltr'><em>Β</em></span> 
     </span>
    </p>
   </div>
   <div class='ocr_carea' id='block_1_22' title="bbox 160 1744 697 1815">
    <p class='ocr_par' dir='ltr' id='par_1_22' title="bbox 160 1744 697 1815">
     <span class='ocr_line' id='line_1_22' title="bbox 160 1744 697 1815; baseline 0 -18"><span class='ocrx_word' id='word_1_146' title='bbox 160 1744 263 1815; x_wconf 84' lang='grc' dir='ltr'>τὴν</span> <span class='ocrx_word' id='word_1_147' title='bbox 298 1745 697 1815; x_wconf 88' lang='grc' dir='ltr'>κατακρίνασα.</span> 
     </span>
    </p>
   </div>
   <div class='ocr_carea' id='block_1_23' title="bbox 235 1830 1743 1913">
    <p class='ocr_par' dir='ltr' id='par_1_23' title="bbox 235 1830 1743 1913">
     <span class='ocr_line' id='line_1_23' title="bbox 235 1830 1743 1913; baseline 0.006 -26"><span class='ocrx_word' id='word_1_148' title='bbox 235 1835 335 1889; x_wconf 82' lang='grc' dir='ltr'><strong>Διὰ</strong></span> <span class='ocrx_word' id='word_1_149' title='bbox 363 1835 524 1889; x_wconf 82' lang='grc' dir='ltr'>τοῦτο</span> <span class='ocrx_word' id='word_1_150' title='bbox 551 1830 668 1900; x_wconf 80' lang='grc' dir='ltr'>οὖν,</span> <span class='ocrx_word' id='word_1_151' title='bbox 702 1837 1001 1908; x_wconf 70' lang='grc' dir='ltr'>ἀγαπητοὶ,</span> <span class='ocrx_word' id='word_1_152' title='bbox 1034 1841 1085 1892; x_wconf 74' lang='grc' dir='ltr'>οἱ</span> <span class='ocrx_word' id='word_1_153' title='bbox 1111 1840 1439 1913; x_wconf 87' lang='grc' dir='ltr'>φοϐούμενοι</span> <span class='ocrx_word' id='word_1_154' title='bbox 1464 1842 1559 1895; x_wconf 83' lang='grc' dir='ltr'><strong>τὸν</strong></span> <span class='ocrx_word' id='word_1_155' title='bbox 1588 1842 1743 1907; x_wconf 82' lang='grc' dir='ltr'>Θεὸν,</span> 
     </span>
    </p>
   </div>
   <div class='ocr_carea' id='block_1_24' title="bbox 161 1928 1747 2004">
    <p class='ocr_par' dir='ltr' id='par_1_24' title="bbox 161 1928 1747 2004">
     <span class='ocr_line' id='line_1_24' title="bbox 161 1928 1747 2004; baseline 0.007 -24"><span class='ocrx_word' id='word_1_156' title='bbox 161 1929 459 1999; x_wconf 81' lang='grc' dir='ltr'>εὑρήσουσι</span> <span class='ocrx_word' id='word_1_157' title='bbox 499 1928 683 2000; x_wconf 82' lang='grc' dir='ltr'>χάριν,</span> <span class='ocrx_word' id='word_1_158' title='bbox 716 1931 809 1984; x_wconf 82' lang='grc' dir='ltr'>καὶ</span> <span class='ocrx_word' id='word_1_159' title='bbox 837 1933 895 1985; x_wconf 91' lang='grc' dir='ltr'><strong>ἐν</strong></span> <span class='ocrx_word' id='word_1_160' title='bbox 926 1932 1101 2000; x_wconf 84' lang='grc' dir='ltr'>ἁγίοις</span> <span class='ocrx_word' id='word_1_161' title='bbox 1130 1934 1160 1987; x_wconf 86' lang='grc' dir='ltr'>ὁ</span> <span class='ocrx_word' id='word_1_162' title='bbox 1188 1933 1392 2004; x_wconf 82' lang='grc' dir='ltr'>κλῆρος</span> <span class='ocrx_word' id='word_1_163' title='bbox 1420 1934 1621 1999; x_wconf 82' lang='grc' dir='ltr'>αὐτῶν,</span> <span class='ocrx_word' id='word_1_164' title='bbox 1650 1937 1747 1991; x_wconf 80' lang='grc' dir='ltr'><strong>καὶ</strong></span> 
     </span>
    </p>
   </div>
   <div class='ocr_carea' id='block_1_25' title="bbox 160 2020 1745 2098">
    <p class='ocr_par' dir='ltr' id='par_1_25' title="bbox 160 2020 1745 2098">
     <span class='ocr_line' id='line_1_25' title="bbox 160 2020 1745 2098; baseline 0.006 -25"><span class='ocrx_word' id='word_1_165' title='bbox 160 2021 222 2073; x_wconf 89' lang='grc' dir='ltr'><strong>ἐν</strong></span> <span class='ocrx_word' id='word_1_166' title='bbox 250 2020 443 2093; x_wconf 81' lang='grc' dir='ltr'>Κυρίῳ</span> <span class='ocrx_word' id='word_1_167' title='bbox 492 2023 521 2074; x_wconf 84' lang='grc' dir='ltr'>ὁ</span> <span class='ocrx_word' id='word_1_168' title='bbox 558 2022 753 2092; x_wconf 72' lang='grc' dir='ltr'>μισθὸς</span> <span class='ocrx_word' id='word_1_169' title='bbox 799 2024 1002 2090; x_wconf 83' lang='grc' dir='ltr'>αὐτῶν,</span> <span class='ocrx_word' id='word_1_170' title='bbox 1053 2027 1184 2096; x_wconf 87' lang='grc' dir='ltr'>παρ’</span> <span class='ocrx_word' id='word_1_171' title='bbox 1229 2020 1274 2093; x_wconf 78' lang='grc' dir='ltr'>ᾧ</span> <span class='ocrx_word' id='word_1_172' title='bbox 1325 2029 1383 2080; x_wconf 86' lang='grc' dir='ltr'><strong>ἐν</strong></span> <span class='ocrx_word' id='word_1_173' title='bbox 1440 2026 1745 2098; x_wconf 80' lang='grc' dir='ltr'>ὀφθαλμοῖς</span> 
     </span>
    </p>
   </div>
   <div class='ocr_carea' id='block_1_26' title="bbox 158 2111 1746 2190">
    <p class='ocr_par' dir='ltr' id='par_1_26' title="bbox 158 2111 1746 2190">
     <span class='ocr_line' id='line_1_26' title="bbox 158 2111 1746 2190; baseline 0.005 -25"><span class='ocrx_word' id='word_1_174' title='bbox 158 2111 420 2183; x_wconf 74' lang='grc' dir='ltr'>εὕρωσιν,</span> <span class='ocrx_word' id='word_1_175' title='bbox 459 2115 510 2168; x_wconf 77' lang='lat' dir='ltr'><strong>0i</strong></span> <span class='ocrx_word' id='word_1_176' title='bbox 552 2117 674 2178; x_wconf 81' lang='grc' dir='ltr'>ταῖς</span> <span class='ocrx_word' id='word_1_177' title='bbox 724 2116 939 2185; x_wconf 85' lang='grc' dir='ltr'>μνείαις</span> <span class='ocrx_word' id='word_1_178' title='bbox 982 2116 1164 2170; x_wconf 83' lang='grc' dir='ltr'>αὐτῶν</span> <span class='ocrx_word' id='word_1_179' title='bbox 1191 2117 1596 2183; x_wconf 83' lang='grc' dir='ltr'>κοινωνοῦντες.</span> <span class='ocrx_word' id='word_1_180' title='bbox 1631 2118 1746 2190; x_wconf 82' lang='grc' dir='ltr'><strong>Τῆς</strong></span> 
     </span>
    </p>
   </div>
   <div class='ocr_carea' id='block_1_27' title="bbox 158 2205 1746 2280">
    <p class='ocr_par' dir='ltr' id='par_1_27' title="bbox 158 2205 1746 2280">
     <span class='ocr_line' id='line_1_27' title="bbox 158 2205 1746 2280; baseline 0.004 -22"><span class='ocrx_word' id='word_1_181' title='bbox 158 2205 273 2273; x_wconf 77' lang='grc' dir='ltr'>γὰρ</span> <span class='ocrx_word' id='word_1_182' title='bbox 301 2205 418 2258; x_wconf 84' lang='grc' dir='ltr'>νυνὶ</span> <span class='ocrx_word' id='word_1_183' title='bbox 454 2205 781 2276; x_wconf 80' lang='grc' dir='ltr'>τελουμένης</span> <span class='ocrx_word' id='word_1_184' title='bbox 809 2205 907 2259; x_wconf 82' lang='grc' dir='ltr'><strong>τοῦ</strong></span> <span class='ocrx_word' id='word_1_185' title='bbox 953 2207 1101 2260; x_wconf 82' lang='grc' dir='ltr'>ὁσίου</span> <span class='ocrx_word' id='word_1_186' title='bbox 1132 2209 1353 2280; x_wconf 88' lang='grc' dir='ltr'>μνήμης</span> <span class='ocrx_word' id='word_1_187' title='bbox 1383 2209 1488 2263; x_wconf 79' lang='grc' dir='ltr'><strong>ὑπὸ</strong></span> <span class='ocrx_word' id='word_1_188' title='bbox 1518 2210 1626 2264; x_wconf 86' lang='grc' dir='ltr'><strong>τῶν</strong></span> <span class='ocrx_word' id='word_1_189' title='bbox 1656 2211 1746 2264; x_wconf 89' lang='grc' dir='ltr'>πί-</span> 
     </span>
    </p>
   </div>
   <div class='ocr_carea' id='block_1_28' title="bbox 162 2296 1747 2373">
    <p class='ocr_par' dir='ltr' id='par_1_28' title="bbox 162 2296 1747 2373">
     <span class='ocr_line' id='line_1_28' title="bbox 162 2296 1747 2373; baseline 0.005 -24"><span class='ocrx_word' id='word_1_190' title='bbox 162 2313 283 2350; x_wconf 90' lang='grc' dir='ltr'>στει</span> <span class='ocrx_word' id='word_1_191' title='bbox 308 2296 704 2369; x_wconf 77' lang='grc' dir='ltr'>ἐκδεξαμένων,</span> <span class='ocrx_word' id='word_1_192' title='bbox 737 2299 831 2352; x_wconf 82' lang='grc' dir='ltr'>καὶ</span> <span class='ocrx_word' id='word_1_193' title='bbox 877 2299 970 2352; x_wconf 84' lang='grc' dir='ltr'><strong>τὸν</strong></span> <span class='ocrx_word' id='word_1_194' title='bbox 1015 2298 1182 2368; x_wconf 89' lang='grc' dir='ltr'>φόϐον</span> <span class='ocrx_word' id='word_1_195' title='bbox 1212 2303 1259 2334; x_wconf 76' lang='lat'><strong><em>”</em></strong></span> <span class='ocrx_word' id='word_1_196' title='bbox 1313 2303 1411 2373; x_wconf 88' lang='grc' dir='ltr'><strong>τῆς</strong></span> <span class='ocrx_word' id='word_1_197' title='bbox 1444 2303 1594 2367; x_wconf 84' lang='grc' dir='ltr'>θείας</span> <span class='ocrx_word' id='word_1_198' title='bbox 1637 2303 1747 2357; x_wconf 83' lang='grc' dir='ltr'>λει-</span> 
     </span>
    </p>
   </div>
   <div class='ocr_carea' id='block_1_29' title="bbox 156 2387 1746 2466">
    <p class='ocr_par' dir='ltr' id='par_1_29' title="bbox 156 2387 1746 2466">
     <span class='ocr_line' id='line_1_29' title="bbox 156 2387 1746 2466; baseline 0.006 -26"><span class='ocrx_word' id='word_1_199' title='bbox 156 2387 421 2458; x_wconf 78' lang='grc' dir='ltr'>τουργίας</span> <span class='ocrx_word' id='word_1_200' title='bbox 443 2390 503 2442; x_wconf 87' lang='grc' dir='ltr'><strong>ἐν</strong></span> <span class='ocrx_word' id='word_1_201' title='bbox 548 2389 765 2462; x_wconf 78' lang='grc' dir='ltr'>καθαρᾷ</span> <span class='ocrx_word' id='word_1_202' title='bbox 806 2390 1005 2463; x_wconf 80' lang='grc' dir='ltr'>καρδίᾳ</span> <span class='ocrx_word' id='word_1_203' title='bbox 1049 2392 1450 2463; x_wconf 82' lang='grc' dir='ltr'>ἀναμενόντων,</span> <span class='ocrx_word' id='word_1_204' title='bbox 1484 2394 1626 2465; x_wconf 87' lang='grc' dir='ltr'>μετὰ</span> <span class='ocrx_word' id='word_1_205' title='bbox 1646 2395 1746 2466; x_wconf 84' lang='grc' dir='ltr'><strong>τὴν</strong></span> 
     </span>
    </p>
   </div>
   <div class='ocr_carea' id='block_1_30' title="bbox 159 2478 1745 2556">
    <p class='ocr_par' dir='ltr' id='par_1_30' title="bbox 159 2478 1745 2556">
     <span class='ocr_line' id='line_1_30' title="bbox 159 2478 1745 2556; baseline 0.006 -25"><span class='ocrx_word' id='word_1_206' title='bbox 159 2479 465 2549; x_wconf 76' lang='grc' dir='ltr'>παννυχίδα</span> <span class='ocrx_word' id='word_1_207' title='bbox 491 2482 558 2550; x_wconf 78' lang='grc' dir='ltr'>τῇ</span> <span class='ocrx_word' id='word_1_208' title='bbox 590 2481 747 2533; x_wconf 81' lang='grc' dir='ltr'>νυκτὶ</span> <span class='ocrx_word' id='word_1_209' title='bbox 797 2481 1006 2554; x_wconf 80' lang='grc' dir='ltr'>ἐκείνῃ,</span> <span class='ocrx_word' id='word_1_210' title='bbox 1038 2478 1179 2537; x_wconf 70' lang='grc' dir='ltr'>εἶδον</span> <span class='ocrx_word' id='word_1_211' title='bbox 1228 2484 1384 2538; x_wconf 79' lang='grc' dir='ltr'>αὐτοὶ</span> <span class='ocrx_word' id='word_1_212' title='bbox 1401 2485 1445 2517; x_wconf 79' lang='grc'><strong><em>³⁸</em></strong></span> <span class='ocrx_word' id='word_1_213' title='bbox 1482 2487 1745 2556; x_wconf 88' lang='grc' dir='ltr'>μεγαλεῖα</span> 
     </span>
    </p>
   </div>
   <div class='ocr_carea' id='block_1_31' title="bbox 159 2570 1747 2646">
    <p class='ocr_par' dir='ltr' id='par_1_31' title="bbox 159 2570 1747 2646">
     <span class='ocr_line' id='line_1_31' title="bbox 159 2570 1747 2646; baseline 0.006 -24"><span class='ocrx_word' id='word_1_214' title='bbox 159 2570 321 2641; x_wconf 78' lang='grc' dir='ltr'>δόξης</span> <span class='ocrx_word' id='word_1_215' title='bbox 350 2571 580 2642; x_wconf 84' lang='grc' dir='ltr'>Κυρίου.</span> <span class='ocrx_word' id='word_1_216' title='bbox 634 2570 825 2625; x_wconf 77' lang='grc' dir='ltr'>Αὐτῶν</span> <span class='ocrx_word' id='word_1_217' title='bbox 858 2572 964 2643; x_wconf 87' lang='grc' dir='ltr'>γὰρ</span> <span class='ocrx_word' id='word_1_218' title='bbox 1009 2571 1179 2628; x_wconf 73' lang='grc' dir='ltr'>ὕπνου</span> <span class='ocrx_word' id='word_1_219' title='bbox 1215 2575 1544 2644; x_wconf 81' lang='grc' dir='ltr'>μεταλαϐεῖν</span> <span class='ocrx_word' id='word_1_220' title='bbox 1591 2594 1747 2646; x_wconf 86' lang='grc' dir='ltr'>γενο-</span> 
     </span>
    </p>
   </div>
   <div class='ocr_carea' id='block_1_32' title="bbox 162 2661 1745 2738">
    <p class='ocr_par' dir='ltr' id='par_1_32' title="bbox 162 2661 1745 2738">
     <span class='ocr_line' id='line_1_32' title="bbox 162 2661 1745 2738; baseline 0.006 -26"><span class='ocrx_word' id='word_1_221' title='bbox 162 2662 366 2731; x_wconf 84' lang='grc' dir='ltr'>μένων,</span> <span class='ocrx_word' id='word_1_222' title='bbox 408 2661 486 2725; x_wconf 83' lang='grc' dir='ltr'>ὡς</span> <span class='ocrx_word' id='word_1_223' title='bbox 529 2661 735 2733; x_wconf 81' lang='grc' dir='ltr'>πρώτῳ</span> <span class='ocrx_word' id='word_1_224' title='bbox 778 2664 875 2717; x_wconf 74' lang='grc' dir='ltr'>καὶ</span> <span class='ocrx_word' id='word_1_225' title='bbox 921 2662 1051 2736; x_wconf 85' lang='grc' dir='ltr'>θείῳ</span> <span class='ocrx_word' id='word_1_226' title='bbox 1092 2665 1251 2737; x_wconf 84' lang='grc' dir='ltr'>δώρῳ</span> <span class='ocrx_word' id='word_1_227' title='bbox 1272 2667 1339 2733; x_wconf 76' lang='grc'>³⁸,</span> <span class='ocrx_word' id='word_1_228' title='bbox 1373 2669 1624 2738; x_wconf 87' lang='grc' dir='ltr'>φαίνεται</span> <span class='ocrx_word' id='word_1_229' title='bbox 1675 2670 1745 2722; x_wconf 90' lang='grc' dir='ltr'>δι’</span> 
     </span>
    </p>
   </div>
   <div class='ocr_carea' id='block_1_33' title="bbox 159 2753 1745 2829">
    <p class='ocr_par' dir='ltr' id='par_1_33' title="bbox 159 2753 1745 2829">
     <span class='ocr_line' id='line_1_33' title="bbox 159 2753 1745 2829; baseline 0.004 -23"><span class='ocrx_word' id='word_1_230' title='bbox 159 2753 430 2817; x_wconf 82' lang='grc' dir='ltr'>ὀπτασίας</span> <span class='ocrx_word' id='word_1_231' title='bbox 474 2753 552 2825; x_wconf 82' lang='grc' dir='ltr'>τῷ</span> <span class='ocrx_word' id='word_1_232' title='bbox 604 2755 867 2826; x_wconf 86' lang='grc' dir='ltr'>Στοιχείῳ</span> <span class='ocrx_word' id='word_1_233' title='bbox 917 2757 1153 2827; x_wconf 79' lang='grc' dir='ltr'>ἐχούσης</span> <span class='ocrx_word' id='word_1_234' title='bbox 1174 2759 1219 2790; x_wconf 83' lang='grc'><em>³³</em></span> <span class='ocrx_word' id='word_1_235' title='bbox 1284 2759 1349 2812; x_wconf 86' lang='grc' dir='ltr'><strong>τὸ</strong></span> <span class='ocrx_word' id='word_1_236' title='bbox 1404 2758 1597 2829; x_wconf 76' lang='grc' dir='ltr'>ὄνομα,</span> <span class='ocrx_word' id='word_1_237' title='bbox 1649 2762 1745 2815; x_wconf 76' lang='grc' dir='ltr'><strong>καὶ</strong></span> 
     </span>
    </p>
   </div>
   <div class='ocr_carea' id='block_1_34' title="bbox 150 2842 1742 2920">
    <p class='ocr_par' dir='ltr' id='par_1_34' title="bbox 150 2842 1742 2920">
     <span class='ocr_line' id='line_1_34' title="bbox 150 2842 1742 2920; baseline 0.003 -23"><span class='ocrx_word' id='word_1_238' title='bbox 150 2842 508 2915; x_wconf 80' lang='grc' dir='ltr'>προσομιλῶν</span> <span class='ocrx_word' id='word_1_239' title='bbox 538 2845 604 2915; x_wconf 81' lang='grc' dir='ltr'>τῇ</span> <span class='ocrx_word' id='word_1_240' title='bbox 636 2847 809 2915; x_wconf 80' lang='grc' dir='ltr'>σεμνῇ</span> <span class='ocrx_word' id='word_1_241' title='bbox 840 2844 1016 2916; x_wconf 82' lang='grc' dir='ltr'>ταύτῃ</span> <span class='ocrx_word' id='word_1_242' title='bbox 1037 2846 1198 2918; x_wconf 85' lang='grc' dir='ltr'>κόρῃ,</span> <span class='ocrx_word' id='word_1_243' title='bbox 1228 2848 1545 2920; x_wconf 86' lang='grc' dir='ltr'>μειδιῶντῷ</span> <span class='ocrx_word' id='word_1_244' title='bbox 1571 2866 1742 2919; x_wconf 87' lang='grc' dir='ltr'>προσ-</span> 
     </span>
    </p>
   </div>
   <div class='ocr_carea' id='block_1_35' title="bbox 158 2933 1815 3025">
    <p class='ocr_par' dir='ltr' id='par_1_35' title="bbox 158 2933 1815 3025">
     <span class='ocr_line' id='line_1_35' title="bbox 158 2933 1815 3025; baseline 0.005 -36"><span class='ocrx_word' id='word_1_245' title='bbox 158 2935 298 3006; x_wconf 84' lang='grc' dir='ltr'>ώπῳ</span> <span class='ocrx_word' id='word_1_246' title='bbox 337 2933 526 3025; x_wconf 75' lang='grc' dir='ltr'>ἠρώτα</span> <span class='ocrx_word' id='word_1_247' title='bbox 552 2952 567 2970; x_wconf 87' lang='grc'><strong>·</strong></span> <span class='ocrx_word' id='word_1_248' title='bbox 618 2935 729 2989; x_wconf 82' lang='grc' dir='ltr'><strong>Ποῦ</strong></span> <span class='ocrx_word' id='word_1_249' title='bbox 787 2938 935 2992; x_wconf 81' lang='grc' dir='ltr'>ἐστιν</span> <span class='ocrx_word' id='word_1_250' title='bbox 974 2939 1007 3010; x_wconf 80' lang='grc' dir='ltr'><strong>ή</strong></span> <span class='ocrx_word' id='word_1_251' title='bbox 1043 2938 1109 3010; x_wconf 81' lang='grc' dir='ltr'>σὴ</span> <span class='ocrx_word' id='word_1_252' title='bbox 1149 2941 1310 3010; x_wconf 75' lang='grc' dir='ltr'>μερὶς</span> <span class='ocrx_word' id='word_1_253' title='bbox 1344 2938 1584 3013; x_wconf 78' lang='grc' dir='ltr'>σήμερον</span> <span class='ocrx_word' id='word_1_254' title='bbox 1624 2943 1743 3015; x_wconf 84' lang='grc' dir='ltr'>μεθ’</span> <span class='ocrx_word' id='word_1_255' title='bbox 1773 2967 1815 3025; x_wconf 74' lang='lat' dir='ltr'><strong><em>C</em></strong></span> 
     </span>
    </p>
   </div>
   <div class='ocr_carea' id='block_1_36' title="bbox 157 3024 1742 3102">
    <p class='ocr_par' dir='ltr' id='par_1_36' title="bbox 157 3024 1742 3102">
     <span class='ocr_line' id='line_1_36' title="bbox 157 3024 1742 3102; baseline 0.006 -25"><span class='ocrx_word' id='word_1_256' title='bbox 157 3026 321 3095; x_wconf 87' lang='grc' dir='ltr'>ήμῶν</span> <span class='ocrx_word' id='word_1_257' title='bbox 348 3024 588 3079; x_wconf 88' lang='grc' dir='ltr'>ἐναντίον</span> <span class='ocrx_word' id='word_1_258' title='bbox 626 3025 835 3096; x_wconf 86' lang='grc' dir='ltr'>Κυρίου</span> <span class='ocrx_word' id='word_1_259' title='bbox 856 3043 871 3092; x_wconf 88' lang='grc'><strong>;</strong></span> <span class='ocrx_word' id='word_1_260' title='bbox 894 3027 1074 3098; x_wconf 83' lang='grc' dir='ltr'>Αὐτῆς</span> <span class='ocrx_word' id='word_1_261' title='bbox 1110 3028 1168 3081; x_wconf 83' lang='grc' dir='ltr'>δὲ</span> <span class='ocrx_word' id='word_1_262' title='bbox 1205 3031 1601 3102; x_wconf 86' lang='grc' dir='ltr'>προσεχούσης,</span> <span class='ocrx_word' id='word_1_263' title='bbox 1634 3028 1742 3088; x_wconf 83' lang='grc' dir='ltr'>εἶδε</span> 
     </span>
    </p>
   </div>
   <div class='ocr_carea' id='block_1_37' title="bbox 161 3114 1743 3195">
    <p class='ocr_par' dir='ltr' id='par_1_37' title="bbox 161 3114 1743 3195">
     <span class='ocr_line' id='line_1_37' title="bbox 161 3114 1743 3195; baseline 0.008 -29"><span class='ocrx_word' id='word_1_264' title='bbox 161 3116 286 3185; x_wconf 87' lang='grc' dir='ltr'>μετ’</span> <span class='ocrx_word' id='word_1_265' title='bbox 314 3114 481 3168; x_wconf 82' lang='grc' dir='ltr'>αὐτοῦ</span> <span class='ocrx_word' id='word_1_266' title='bbox 506 3115 601 3169; x_wconf 78' lang='grc' dir='ltr'><strong>καὶ</strong></span> <span class='ocrx_word' id='word_1_267' title='bbox 623 3114 809 3187; x_wconf 74' lang='grc' dir='ltr'>ἔτερόν</span> <span class='ocrx_word' id='word_1_268' title='bbox 837 3134 960 3171; x_wconf 88' lang='grc' dir='ltr'>τινα</span> <span class='ocrx_word' id='word_1_269' title='bbox 980 3135 994 3148; x_wconf 75' lang='grc' dir='ltr'>ο</span> <span class='ocrx_word' id='word_1_270' title='bbox 1038 3119 1164 3184; x_wconf 83' lang='grc' dir='ltr'>τοὺς</span> <span class='ocrx_word' id='word_1_271' title='bbox 1186 3119 1244 3173; x_wconf 84' lang='grc' dir='ltr'>δὲ</span> <span class='ocrx_word' id='word_1_272' title='bbox 1285 3122 1633 3194; x_wconf 79' lang='grc' dir='ltr'>ἀμφοτέρους</span> <span class='ocrx_word' id='word_1_273' title='bbox 1665 3124 1743 3195; x_wconf 84' lang='grc' dir='ltr'>τῷ</span> 
     </span>
    </p>
   </div>
   <div class='ocr_carea' id='block_1_38' title="bbox 161 3205 1743 3286">
    <p class='ocr_par' dir='ltr' id='par_1_38' title="bbox 161 3205 1743 3286">
     <span class='ocr_line' id='line_1_38' title="bbox 161 3205 1743 3286; baseline 0.008 -28"><span class='ocrx_word' id='word_1_274' title='bbox 161 3205 446 3277; x_wconf 84' lang='grc' dir='ltr'>μοναχικῷ</span> <span class='ocrx_word' id='word_1_275' title='bbox 468 3207 712 3277; x_wconf 87' lang='grc' dir='ltr'>σχήματι</span> <span class='ocrx_word' id='word_1_276' title='bbox 743 3210 1238 3281; x_wconf 87' lang='grc' dir='ltr'>κατεστεμμένους.</span> <span class='ocrx_word' id='word_1_277' title='bbox 1276 3214 1385 3268; x_wconf 77' lang='grc' dir='ltr'><strong>Καὶ</strong></span> <span class='ocrx_word' id='word_1_278' title='bbox 1417 3216 1446 3267; x_wconf 86' lang='grc' dir='ltr'><strong>ὁ</strong></span> <span class='ocrx_word' id='word_1_279' title='bbox 1478 3215 1578 3285; x_wconf 84' lang='grc' dir='ltr'>μὲν</span> <span class='ocrx_word' id='word_1_280' title='bbox 1608 3234 1743 3286; x_wconf 88' lang='grc' dir='ltr'>προ-</span> 
     </span>
    </p>
   </div>
   <div class='ocr_carea' id='block_1_39' title="bbox 159 3299 1743 3375">
    <p class='ocr_par' dir='ltr' id='par_1_39' title="bbox 159 3299 1743 3375">
     <span class='ocr_line' id='line_1_39' title="bbox 159 3299 1743 3375; baseline 0.006 -22"><span class='ocrx_word' id='word_1_281' title='bbox 159 3300 415 3366; x_wconf 78' lang='grc' dir='ltr'>ϐαδίζων,</span> <span class='ocrx_word' id='word_1_282' title='bbox 444 3300 622 3368; x_wconf 82' lang='grc' dir='ltr'>φωτὸς</span> <span class='ocrx_word' id='word_1_283' title='bbox 650 3299 958 3370; x_wconf 80' lang='grc' dir='ltr'>λαμπάδιον</span> <span class='ocrx_word' id='word_1_284' title='bbox 985 3305 1230 3374; x_wconf 81' lang='grc' dir='ltr'>κατεῖχε,</span> <span class='ocrx_word' id='word_1_285' title='bbox 1258 3306 1397 3375; x_wconf 80' lang='grc' dir='ltr'>πρὸς</span> <span class='ocrx_word' id='word_1_286' title='bbox 1430 3308 1526 3360; x_wconf 82' lang='grc' dir='ltr'>τοῦ</span> <span class='ocrx_word' id='word_1_287' title='bbox 1559 3309 1743 3361; x_wconf 88' lang='grc' dir='ltr'>δευτέ-</span> 
     </span>
    </p>
   </div>
   <div class='ocr_carea' id='block_1_40' title="bbox 160 3389 1741 3468">
    <p class='ocr_par' dir='ltr' id='par_1_40' title="bbox 160 3389 1741 3468">
     <span class='ocr_line' id='line_1_40' title="bbox 160 3389 1741 3468; baseline 0.006 -26"><span class='ocrx_word' id='word_1_288' title='bbox 160 3406 260 3460; x_wconf 92' lang='grc' dir='ltr'><strong>ρου</strong></span> <span class='ocrx_word' id='word_1_289' title='bbox 292 3389 620 3460; x_wconf 87' lang='grc' dir='ltr'>ὑπηρεσίαν.</span> <span class='ocrx_word' id='word_1_290' title='bbox 658 3392 1069 3464; x_wconf 88' lang='grc' dir='ltr'>Ἐρωτήσαντος</span> <span class='ocrx_word' id='word_1_291' title='bbox 1112 3395 1170 3448; x_wconf 82' lang='grc' dir='ltr'>δὲ</span> <span class='ocrx_word' id='word_1_292' title='bbox 1198 3395 1297 3466; x_wconf 82' lang='grc' dir='ltr'>τὴν</span> <span class='ocrx_word' id='word_1_293' title='bbox 1335 3399 1741 3468; x_wconf 73' lang='grc' dir='ltr'>προρρηθεῖσαν</span> 
     </span>
    </p>
   </div>
   <div class='ocr_carea' id='block_1_41' title="bbox 160 3482 1741 3559">
    <p class='ocr_par' dir='ltr' id='par_1_41' title="bbox 160 3482 1741 3559">
     <span class='ocr_line' id='line_1_41' title="bbox 160 3482 1741 3559; baseline 0.006 -26"><span class='ocrx_word' id='word_1_294' title='bbox 160 3482 372 3553; x_wconf 77' lang='grc' dir='ltr'>σεμνὴν</span> <span class='ocrx_word' id='word_1_295' title='bbox 396 3484 490 3537; x_wconf 83' lang='grc' dir='ltr'>καὶ</span> <span class='ocrx_word' id='word_1_296' title='bbox 530 3484 749 3537; x_wconf 82' lang='grc' dir='ltr'>ἀστεῖον</span> <span class='ocrx_word' id='word_1_297' title='bbox 777 3484 971 3556; x_wconf 88' lang='grc' dir='ltr'>κόρην.</span> <span class='ocrx_word' id='word_1_298' title='bbox 1024 3486 1239 3540; x_wconf 82' lang='grc' dir='ltr'>συνέσει</span> <span class='ocrx_word' id='word_1_299' title='bbox 1262 3486 1431 3559; x_wconf 82' lang='grc' dir='ltr'>πολλῇ</span> <span class='ocrx_word' id='word_1_300' title='bbox 1481 3489 1741 3543; x_wconf 80' lang='grc' dir='ltr'>εὐλαϐου-</span> 
     </span>
    </p>
   </div>
   <div class='ocr_carea' id='block_1_42' title="bbox 160 3571 1739 3653">
    <p class='ocr_par' dir='ltr' id='par_1_42' title="bbox 160 3571 1739 3653">
     <span class='ocr_line' id='line_1_42' title="bbox 160 3571 1739 3653; baseline 0.006 -28"><span class='ocrx_word' id='word_1_301' title='bbox 160 3571 301 3643; x_wconf 85' lang='grc' dir='ltr'>μένη</span> <span class='ocrx_word' id='word_1_302' title='bbox 340 3572 434 3626; x_wconf 83' lang='grc' dir='ltr'>τὸν</span> <span class='ocrx_word' id='word_1_303' title='bbox 474 3573 665 3644; x_wconf 71' lang='grc' dir='ltr'>ἄνδρα,</span> <span class='ocrx_word' id='word_1_304' title='bbox 695 3574 927 3641; x_wconf 65' lang='grc' dir='ltr'>ἔξυπνος</span> <span class='ocrx_word' id='word_1_305' title='bbox 946 3577 1199 3644; x_wconf 67' lang='grc' dir='ltr'>ἐγεγόνει</span> <span class='ocrx_word' id='word_1_306' title='bbox 1219 3593 1233 3608; x_wconf 79' lang='grc' dir='ltr'>ο</span> <span class='ocrx_word' id='word_1_307' title='bbox 1275 3580 1367 3633; x_wconf 83' lang='grc' dir='ltr'>καὶ</span> <span class='ocrx_word' id='word_1_308' title='bbox 1397 3584 1739 3653; x_wconf 75' lang='grc' dir='ltr'>παραχρῆμα</span> 
     </span>
    </p>
   </div>
   <div class='ocr_carea' id='block_1_43' title="bbox 156 3663 1736 3743">
    <p class='ocr_par' dir='ltr' id='par_1_43' title="bbox 156 3663 1736 3743">
     <span class='ocr_line' id='line_1_43' title="bbox 156 3663 1736 3743; baseline 0.008 -27"><span class='ocrx_word' id='word_1_309' title='bbox 156 3663 415 3734; x_wconf 84' lang='grc' dir='ltr'>διανέστη</span> <span class='ocrx_word' id='word_1_310' title='bbox 435 3663 536 3735; x_wconf 86' lang='grc' dir='ltr'>τῆς</span> <span class='ocrx_word' id='word_1_311' title='bbox 563 3664 772 3736; x_wconf 84' lang='grc' dir='ltr'>κλίνης,</span> <span class='ocrx_word' id='word_1_312' title='bbox 807 3667 900 3720; x_wconf 80' lang='grc' dir='ltr'><strong>καὶ</strong></span> <span class='ocrx_word' id='word_1_313' title='bbox 923 3666 961 3721; x_wconf 80' lang='grc' dir='ltr'>ἃ</span> <span class='ocrx_word' id='word_1_314' title='bbox 988 3663 1154 3734; x_wconf 72' lang='grc' dir='ltr'>εἶδεν,</span> <span class='ocrx_word' id='word_1_315' title='bbox 1198 3669 1378 3735; x_wconf 81' lang='grc' dir='ltr'>ἐξεῖπε</span> <span class='ocrx_word' id='word_1_316' title='bbox 1400 3675 1465 3743; x_wconf 80' lang='grc' dir='ltr'>τῇ</span> <span class='ocrx_word' id='word_1_317' title='bbox 1498 3674 1603 3728; x_wconf 83' lang='grc' dir='ltr'>ὑπὸ</span> <span class='ocrx_word' id='word_1_318' title='bbox 1640 3674 1736 3728; x_wconf 86' lang='grc' dir='ltr'>τοῦ</span> 
     </span>
    </p>
   </div>
   <div class='ocr_carea' id='block_1_44' title="bbox 154 3754 1740 3837">
    <p class='ocr_par' dir='ltr' id='par_1_44' title="bbox 154 3754 1740 3837">
     <span class='ocr_line' id='line_1_44' title="bbox 154 3754 1740 3837; baseline 0.008 -28"><span class='ocrx_word' id='word_1_319' title='bbox 154 3754 307 3810; x_wconf 87' lang='grc' dir='ltr'>ὁσίου</span> <span class='ocrx_word' id='word_1_320' title='bbox 341 3756 555 3827; x_wconf 82' lang='grc' dir='ltr'>Πατρὺς</span> <span class='ocrx_word' id='word_1_321' title='bbox 603 3757 855 3825; x_wconf 85' lang='grc' dir='ltr'>θεόφρονι</span> <span class='ocrx_word' id='word_1_322' title='bbox 892 3762 1117 3826; x_wconf 78' lang='grc' dir='ltr'>γυναικὶ</span> <span class='ocrx_word' id='word_1_323' title='bbox 1153 3755 1581 3837; x_wconf 74' lang='grc' dir='ltr'>ἐπιζητουμένῃ.</span> <span class='ocrx_word' id='word_1_324' title='bbox 1620 3767 1740 3821; x_wconf 81' lang='grc' dir='ltr'><strong>Μα-</strong></span> 
     </span>
    </p>
   </div>
   <div class='ocr_carea' id='block_1_45' title="bbox 151 3845 1733 3930">
    <p class='ocr_par' dir='ltr' id='par_1_45' title="bbox 151 3845 1733 3930">
     <span class='ocr_line' id='line_1_45' title="bbox 151 3845 1733 3930; baseline 0.006 -30"><span class='ocrx_word' id='word_1_325' title='bbox 151 3845 328 3900; x_wconf 85' lang='grc' dir='ltr'>θοῦσα</span> <span class='ocrx_word' id='word_1_326' title='bbox 351 3845 410 3900; x_wconf 85' lang='grc' dir='ltr'>δὲ</span> <span class='ocrx_word' id='word_1_327' title='bbox 449 3846 671 3905; x_wconf 77' lang='grc' dir='ltr'>ἐδόξασε</span> <span class='ocrx_word' id='word_1_328' title='bbox 699 3850 792 3900; x_wconf 81' lang='grc' dir='ltr'><strong>τὸν</strong></span> <span class='ocrx_word' id='word_1_329' title='bbox 824 3849 980 3913; x_wconf 82' lang='grc' dir='ltr'>Θεὸν,</span> <span class='ocrx_word' id='word_1_330' title='bbox 1012 3851 1107 3904; x_wconf 84' lang='grc' dir='ltr'>καὶ</span> <span class='ocrx_word' id='word_1_331' title='bbox 1147 3852 1240 3906; x_wconf 81' lang='grc' dir='ltr'>ἐπὶ</span> <span class='ocrx_word' id='word_1_332' title='bbox 1266 3852 1432 3907; x_wconf 86' lang='grc' dir='ltr'>πλέον</span> <span class='ocrx_word' id='word_1_333' title='bbox 1457 3855 1733 3930; x_wconf 81' lang='grc' dir='ltr'>ἐπεκτᾴθη</span> 
     </span>
    </p>
   </div>
   <div class='ocr_carea' id='block_1_46' title="bbox 146 3933 1736 4013">
    <p class='ocr_par' dir='ltr' id='par_1_46' title="bbox 146 3933 1736 4013">
     <span class='ocr_line' id='line_1_46' title="bbox 146 3933 1736 4013; baseline 0.005 -23"><span class='ocrx_word' id='word_1_334' title='bbox 146 3940 217 4006; x_wconf 82' lang='grc' dir='ltr'>τῇ</span> <span class='ocrx_word' id='word_1_335' title='bbox 266 3934 472 3989; x_wconf 89' lang='grc' dir='ltr'>πίστει.</span> <span class='ocrx_word' id='word_1_336' title='bbox 516 3934 595 3990; x_wconf 90' lang='grc' dir='ltr'>Τί.</span> <span class='ocrx_word' id='word_1_337' title='bbox 618 3936 677 3990; x_wconf 83' lang='grc' dir='ltr'>δὲ</span> <span class='ocrx_word' id='word_1_338' title='bbox 719 3933 832 4010; x_wconf 86' lang='grc' dir='ltr'>ἆρα</span> <span class='ocrx_word' id='word_1_339' title='bbox 883 3938 1339 4011; x_wconf 86' lang='grc' dir='ltr'>φιλακροάμονες,</span> <span class='ocrx_word' id='word_1_340' title='bbox 1374 3942 1455 3996; x_wconf 82' lang='grc' dir='ltr'>ὅτι</span> <span class='ocrx_word' id='word_1_341' title='bbox 1505 3944 1562 3996; x_wconf 89' lang='grc' dir='ltr'>ἐν</span> <span class='ocrx_word' id='word_1_342' title='bbox 1596 3944 1736 4013; x_wconf 80' lang='grc' dir='ltr'>φωτὶ</span> 
     </span>
    </p>
   </div>
   <div class='ocr_carea' id='block_1_47' title="bbox 145 4027 1735 4106">
    <p class='ocr_par' dir='ltr' id='par_1_47' title="bbox 145 4027 1735 4106">
     <span class='ocr_line' id='line_1_47' title="bbox 145 4027 1735 4106; baseline 0.005 -25"><span class='ocrx_word' id='word_1_343' title='bbox 145 4027 511 4096; x_wconf 75' lang='grc' dir='ltr'>ἐπιφοιτῶσιν</span> <span class='ocrx_word' id='word_1_344' title='bbox 537 4029 585 4081; x_wconf 84' lang='grc' dir='ltr'><strong>οί</strong></span> <span class='ocrx_word' id='word_1_345' title='bbox 614 4028 798 4106; x_wconf 57' lang='grc' dir='ltr'>ἂγιομ</span> <span class='ocrx_word' id='word_1_346' title='bbox 843 4046 863 4080; x_wconf 77' lang='grc' dir='ltr'><strong>ι</strong></span> <span class='ocrx_word' id='word_1_347' title='bbox 902 4030 1123 4102; x_wconf 78' lang='grc' dir='ltr'>Ἐπειδὴ</span> <span class='ocrx_word' id='word_1_348' title='bbox 1165 4033 1301 4101; x_wconf 85' lang='grc' dir='ltr'>φῶς,</span> <span class='ocrx_word' id='word_1_349' title='bbox 1329 4035 1485 4106; x_wconf 78' lang='grc' dir='ltr'>φησὶ,</span> <span class='ocrx_word' id='word_1_350' title='bbox 1519 4037 1629 4100; x_wconf 78' lang='grc' dir='ltr'>τοῖς</span> <span class='ocrx_word' id='word_1_351' title='bbox 1654 4037 1735 4090; x_wconf 84' lang='grc' dir='ltr'>δι-</span> 
     </span>
    </p>
   </div>
   <div class='ocr_carea' id='block_1_48' title="bbox 141 4095 1733 4196">
    <p class='ocr_par' dir='ltr' id='par_1_48' title="bbox 141 4095 1733 4196">
     <span class='ocr_line' id='line_1_48' title="bbox 141 4095 1733 4196; baseline 0.006 -25"><span class='ocrx_word' id='word_1_352' title='bbox 141 4095 331 4178; x_wconf 83' lang='grc' dir='ltr'>καίοις</span> <span class='ocrx_word' id='word_1_353' title='bbox 358 4095 672 4182; x_wconf 58' lang='grc' dir='ltr'>διαπαντόςξ</span> <span class='ocrx_word' id='word_1_354' title='bbox 701 4095 913 4181; x_wconf 36' lang='lat' dir='ltr'><strong>{Galae</strong></span> <span class='ocrx_word' id='word_1_355' title='bbox 942 4116 1038 4174; x_wconf 76' lang='grc' dir='ltr'>οὖν</span> <span class='ocrx_word' id='word_1_356' title='bbox 1062 4095 1625 4196; x_wconf 21' lang='grc' dir='ltr'>*υπέρϐολὴνν</span> <span class='ocrx_word' id='word_1_357' title='bbox 1642 4126 1733 4180; x_wconf 85' lang='grc' dir='ltr'>λο-</span> 
     </span>
    </p>
   </div>
   <div class='ocr_carea' id='block_1_49' title="bbox 140 4208 1733 4285">
    <p class='ocr_par' dir='ltr' id='par_1_49' title="bbox 140 4208 1733 4285">
     <span class='ocr_line' id='line_1_49' title="bbox 140 4208 1733 4285; baseline 0.005 -21"><span class='ocrx_word' id='word_1_358' title='bbox 140 4208 390 4277; x_wconf 88' lang='grc' dir='ltr'>γιστέον,</span> <span class='ocrx_word' id='word_1_359' title='bbox 425 4208 520 4262; x_wconf 79' lang='grc' dir='ltr'>καὶ</span> <span class='ocrx_word' id='word_1_360' title='bbox 548 4208 824 4279; x_wconf 84' lang='grc' dir='ltr'>εὐθηνίας,</span> <span class='ocrx_word' id='word_1_361' title='bbox 858 4211 1153 4281; x_wconf 79' lang='grc' dir='ltr'>ἀγαπητοὶ,</span> <span class='ocrx_word' id='word_1_362' title='bbox 1181 4212 1371 4284; x_wconf 84' lang='grc' dir='ltr'>ὁδηγία</span> <span class='ocrx_word' id='word_1_363' title='bbox 1402 4216 1733 4285; x_wconf 80' lang='grc' dir='ltr'>ἐμφανίζου-</span> 
     </span>
    </p>
   </div>
   <div class='ocr_carea' id='block_1_50' title="bbox 1856 380 3430 453">
    <p class='ocr_par' dir='ltr' id='par_1_50' title="bbox 1856 380 3430 453">
     <span class='ocr_line' id='line_1_50' title="bbox 1856 380 3430 453; baseline 0 -17"><span class='ocrx_word' id='word_1_364' title='bbox 1856 380 1981 436; x_wconf 93' lang='lat' dir='ltr'><strong>dam</strong></span> <span class='ocrx_word' id='word_1_365' title='bbox 2019 380 2264 447; x_wconf 87' lang='lat' dir='ltr'><strong>silentio,</strong></span> <span class='ocrx_word' id='word_1_366' title='bbox 2296 388 2546 451; x_wconf 88' lang='lat' dir='ltr'><strong>paratam</strong></span> <span class='ocrx_word' id='word_1_367' title='bbox 2589 394 2833 435; x_wconf 79' lang='lat' dir='ltr'><strong>mensam</strong></span> <span class='ocrx_word' id='word_1_368' title='bbox 2875 396 2906 434; x_wconf 92' lang='lat' dir='ltr'><strong>e</strong></span> <span class='ocrx_word' id='word_1_369' title='bbox 2934 382 3158 453; x_wconf 76' lang='lat' dir='ltr'><strong>regione</strong></span> <span class='ocrx_word' id='word_1_370' title='bbox 3198 384 3430 451; x_wconf 75' lang='lat' dir='ltr'><strong>positam</strong></span> 
     </span>
    </p>
   </div>
   <div class='ocr_carea' id='block_1_51' title="bbox 1855 473 3433 544">
    <p class='ocr_par' dir='ltr' id='par_1_51' title="bbox 1855 473 3433 544">
     <span class='ocr_line' id='line_1_51' title="bbox 1855 473 3433 544; baseline 0.001 -19"><span class='ocrx_word' id='word_1_371' title='bbox 1855 474 2044 541; x_wconf 88' lang='lat' dir='ltr'><strong>videt;</strong></span> <span class='ocrx_word' id='word_1_372' title='bbox 2094 474 2281 544; x_wconf 80' lang='lat' dir='ltr'><strong>aitque</strong></span> <span class='ocrx_word' id='word_1_373' title='bbox 2315 474 2381 529; x_wconf 89' lang='lat' dir='ltr'><strong>ad</strong></span> <span class='ocrx_word' id='word_1_374' title='bbox 2411 488 2531 529; x_wconf 90' lang='lat' dir='ltr'><strong>cam</strong></span> <span class='ocrx_word' id='word_1_375' title='bbox 2576 473 3016 528; x_wconf 89' lang='lat' dir='ltr'><strong>recumbentium</strong></span> <span class='ocrx_word' id='word_1_376' title='bbox 3051 490 3194 529; x_wconf 87' lang='lat' dir='ltr'><strong>unus</strong></span> <span class='ocrx_word' id='word_1_377' title='bbox 3230 493 3243 529; x_wconf 90' lang='lat'>:</span> <span class='ocrx_word' id='word_1_378' title='bbox 3288 475 3433 528; x_wconf 70' lang='lat' dir='ltr'><strong>indi-</strong></span> 
     </span>
    </p>
   </div>
   <div class='ocr_carea' id='block_1_52' title="bbox 1852 564 3430 637">
    <p class='ocr_par' dir='ltr' id='par_1_52' title="bbox 1852 564 3430 637">
     <span class='ocr_line' id='line_1_52' title="bbox 1852 564 3430 637; baseline 0.001 -19"><span class='ocrx_word' id='word_1_379' title='bbox 1852 580 1956 636; x_wconf 88' lang='lat' dir='ltr'><strong>gna</strong></span> <span class='ocrx_word' id='word_1_380' title='bbox 1985 573 2072 621; x_wconf 91' lang='lat' dir='ltr'><strong>est</strong></span> <span class='ocrx_word' id='word_1_381' title='bbox 2113 580 2235 635; x_wconf 73' lang='lat' dir='ltr'><strong>quae</strong></span> <span class='ocrx_word' id='word_1_382' title='bbox 2274 565 2601 637; x_wconf 81' lang='lat' dir='ltr'><strong>gustaverit.</strong></span> <span class='ocrx_word' id='word_1_383' title='bbox 2648 564 2825 619; x_wconf 90' lang='lat' dir='ltr'><strong>Porro</strong></span> <span class='ocrx_word' id='word_1_384' title='bbox 2874 564 3110 619; x_wconf 89' lang='lat' dir='ltr'><strong>habebat</strong></span> <span class='ocrx_word' id='word_1_385' title='bbox 3157 567 3430 636; x_wconf 78' lang='lat' dir='ltr'><strong>cognitam</strong></span> 
     </span>
    </p>
   </div>
   <div class='ocr_carea' id='block_1_53' title="bbox 1826 656 3431 726">
    <p class='ocr_par' dir='ltr' id='par_1_53' title="bbox 1826 656 3431 726">
     <span class='ocr_line' id='line_1_53' title="bbox 1826 656 3431 726; baseline 0.001 -16"><span class='ocrx_word' id='word_1_386' title='bbox 1826 670 2041 712; x_wconf 50' lang='lat' dir='ltr'><strong>tvocem</strong></span> <span class='ocrx_word' id='word_1_387' title='bbox 2081 671 2248 725; x_wconf 87' lang='lat' dir='ltr'><strong>quam</strong></span> <span class='ocrx_word' id='word_1_388' title='bbox 2297 657 2529 719; x_wconf 81' lang='lat' dir='ltr'><strong>audivit,</strong></span> <span class='ocrx_word' id='word_1_389' title='bbox 2578 656 2726 711; x_wconf 91' lang='lat' dir='ltr'><strong>velut</strong></span> <span class='ocrx_word' id='word_1_390' title='bbox 2779 670 2846 711; x_wconf 90' lang='lat' dir='ltr'><strong>ea</strong></span> <span class='ocrx_word' id='word_1_391' title='bbox 2904 656 3008 711; x_wconf 89' lang='lat' dir='ltr'><strong>sibi</strong></span> <span class='ocrx_word' id='word_1_392' title='bbox 3040 658 3194 726; x_wconf 86' lang='lat' dir='ltr'><strong>prius</strong></span> <span class='ocrx_word' id='word_1_393' title='bbox 3247 658 3431 711; x_wconf 77' lang='lat' dir='ltr'><strong>locuto</strong></span> 
     </span>
    </p>
   </div>
   <div class='ocr_carea' id='block_1_54' title="bbox 1852 747 3430 820">
    <p class='ocr_par' dir='ltr' id='par_1_54' title="bbox 1852 747 3430 820">
     <span class='ocr_line' id='line_1_54' title="bbox 1852 747 3430 820; baseline 0 -18"><span class='ocrx_word' id='word_1_394' title='bbox 1852 756 2052 803; x_wconf 90' lang='lat' dir='ltr'><strong>sancto</strong></span> <span class='ocrx_word' id='word_1_395' title='bbox 2096 747 2348 819; x_wconf 72' lang='lat' dir='ltr'><strong>Patapio.</strong></span> <span class='ocrx_word' id='word_1_396' title='bbox 2412 747 2527 803; x_wconf 87' lang='lat' dir='ltr'><strong>Hac</strong></span> <span class='ocrx_word' id='word_1_397' title='bbox 2577 748 2745 820; x_wconf 82' lang='lat' dir='ltr'><strong>igitur</strong></span> <span class='ocrx_word' id='word_1_398' title='bbox 2793 762 2933 803; x_wconf 86' lang='lat' dir='ltr'><strong>voce</strong></span> <span class='ocrx_word' id='word_1_399' title='bbox 2970 747 3134 813; x_wconf 85' lang='lat' dir='ltr'><strong>facta,</strong></span> <span class='ocrx_word' id='word_1_400' title='bbox 3186 749 3430 803; x_wconf 89' lang='lat' dir='ltr'><strong>secundo</strong></span> 
     </span>
    </p>
   </div>
   <div class='ocr_carea' id='block_1_55' title="bbox 1853 839 3430 910">
    <p class='ocr_par' dir='ltr' id='par_1_55' title="bbox 1853 839 3430 910">
     <span class='ocr_line' id='line_1_55' title="bbox 1853 839 3430 910; baseline 0.001 -16"><span class='ocrx_word' id='word_1_401' title='bbox 1853 839 2053 896; x_wconf 88' lang='lat' dir='ltr'><strong>iterum</strong></span> <span class='ocrx_word' id='word_1_402' title='bbox 2106 856 2214 897; x_wconf 79' lang='lat' dir='ltr'><strong>vox</strong></span> <span class='ocrx_word' id='word_1_403' title='bbox 2271 839 2414 896; x_wconf 88' lang='lat' dir='ltr'><strong>facta</strong></span> <span class='ocrx_word' id='word_1_404' title='bbox 2466 849 2572 905; x_wconf 90' lang='lat' dir='ltr'><strong>est,</strong></span> <span class='ocrx_word' id='word_1_405' title='bbox 2631 839 2870 910; x_wconf 89' lang='lat' dir='ltr'><strong>quadam</strong></span> <span class='ocrx_word' id='word_1_406' title='bbox 2909 855 2975 894; x_wconf 81' lang='lat' dir='ltr'><strong>ex</strong></span> <span class='ocrx_word' id='word_1_407' title='bbox 3010 840 3430 896; x_wconf 84' lang='lat' dir='ltr'><strong>corncdentibus</strong></span> 
     </span>
    </p>
   </div>
   <div class='ocr_carea' id='block_1_56' title="bbox 1854 929 3431 1001">
    <p class='ocr_par' dir='ltr' id='par_1_56' title="bbox 1854 929 3431 1001">
     <span class='ocr_line' id='line_1_56' title="bbox 1854 929 3431 1001; baseline 0.003 -17"><span class='ocrx_word' id='word_1_408' title='bbox 1854 930 2074 987; x_wconf 82' lang='lat' dir='ltr'><strong>feminis</strong></span> <span class='ocrx_word' id='word_1_409' title='bbox 2100 932 2385 986; x_wconf 84' lang='lat' dir='ltr'><strong>emittente</strong></span> <span class='ocrx_word' id='word_1_410' title='bbox 2420 950 2433 985; x_wconf 93' lang='lat'><strong>:</strong></span> <span class='ocrx_word' id='word_1_411' title='bbox 2465 930 2663 1000; x_wconf 86' lang='lat' dir='ltr'><strong>Utique</strong></span> <span class='ocrx_word' id='word_1_412' title='bbox 2695 930 2860 1001; x_wconf 84' lang='lat' dir='ltr'><strong>digna</strong></span> <span class='ocrx_word' id='word_1_413' title='bbox 2890 929 3177 996; x_wconf 75' lang='lat' dir='ltr'><strong>efﬁcietur,</strong></span> <span class='ocrx_word' id='word_1_414' title='bbox 3211 946 3331 1000; x_wconf 70' lang='lat' dir='ltr'><strong>qua:</strong></span> <span class='ocrx_word' id='word_1_415' title='bbox 3362 932 3431 988; x_wconf 87' lang='lat' dir='ltr'><strong>de</strong></span> 
     </span>
    </p>
   </div>
   <div class='ocr_carea' id='block_1_57' title="bbox 1853 1019 3434 1090">
    <p class='ocr_par' dir='ltr' id='par_1_57' title="bbox 1853 1019 3434 1090">
     <span class='ocr_line' id='line_1_57' title="bbox 1853 1019 3434 1090; baseline 0.001 -17"><span class='ocrx_word' id='word_1_416' title='bbox 1853 1034 2040 1076; x_wconf 89' lang='lat' dir='ltr'><strong>mensa</strong></span> <span class='ocrx_word' id='word_1_417' title='bbox 2070 1019 2175 1075; x_wconf 87' lang='lat' dir='ltr'><strong>hac</strong></span> <span class='ocrx_word' id='word_1_418' title='bbox 2204 1019 2527 1090; x_wconf 89' lang='lat' dir='ltr'><strong>gustaverit.</strong></span> <span class='ocrx_word' id='word_1_419' title='bbox 2585 1022 2765 1089; x_wconf 82' lang='lat' dir='ltr'><strong>Atque</strong></span> <span class='ocrx_word' id='word_1_420' title='bbox 2810 1021 2866 1074; x_wconf 92' lang='lat' dir='ltr'><strong>in</strong></span> <span class='ocrx_word' id='word_1_421' title='bbox 2912 1021 3058 1075; x_wconf 92' lang='lat' dir='ltr'><strong>hunc</strong></span> <span class='ocrx_word' id='word_1_422' title='bbox 3093 1021 3315 1074; x_wconf 90' lang='lat' dir='ltr'><strong>modum</strong></span> <span class='ocrx_word' id='word_1_423' title='bbox 3348 1021 3434 1075; x_wconf 85' lang='lat' dir='ltr'><strong>di-</strong></span> 
     </span>
    </p>
   </div>
   <div class='ocr_carea' id='block_1_58' title="bbox 1851 1109 3430 1180">
    <p class='ocr_par' dir='ltr' id='par_1_58' title="bbox 1851 1109 3430 1180">
     <span class='ocr_line' id='line_1_58' title="bbox 1851 1109 3430 1180; baseline 0 -16"><span class='ocrx_word' id='word_1_424' title='bbox 1851 1119 2067 1164; x_wconf 89' lang='lat' dir='ltr'><strong>centem</strong></span> <span class='ocrx_word' id='word_1_425' title='bbox 2123 1109 2358 1164; x_wconf 85' lang='lat' dir='ltr'><strong>audivit.</strong></span> <span class='ocrx_word' id='word_1_426' title='bbox 2415 1109 2462 1161; x_wconf 88' lang='lat' dir='ltr'><strong>A</strong></span> <span class='ocrx_word' id='word_1_427' title='bbox 2524 1123 2721 1163; x_wconf 86' lang='lat' dir='ltr'><strong>somno</strong></span> <span class='ocrx_word' id='word_1_428' title='bbox 2777 1117 2960 1162; x_wconf 89' lang='lat' dir='ltr'><strong>autem</strong></span> <span class='ocrx_word' id='word_1_429' title='bbox 3024 1110 3430 1180; x_wconf 74' lang='lat' dir='ltr'><strong>expergefacta,</strong></span> 
     </span>
    </p>
   </div>
   <div class='ocr_carea' id='block_1_59' title="bbox 1851 1199 3432 1271">
    <p class='ocr_par' dir='ltr' id='par_1_59' title="bbox 1851 1199 3432 1271">
     <span class='ocr_line' id='line_1_59' title="bbox 1851 1199 3432 1271; baseline 0.001 -16"><span class='ocrx_word' id='word_1_430' title='bbox 1851 1200 2133 1271; x_wconf 81' lang='lat' dir='ltr'><strong>perspexit</strong></span> <span class='ocrx_word' id='word_1_431' title='bbox 2164 1214 2289 1255; x_wconf 83' lang='lat' dir='ltr'><strong>esse</strong></span> <span class='ocrx_word' id='word_1_432' title='bbox 2323 1199 2452 1254; x_wconf 90' lang='lat' dir='ltr'><strong>boni</strong></span> <span class='ocrx_word' id='word_1_433' title='bbox 2483 1199 2734 1254; x_wconf 88' lang='lat' dir='ltr'><strong>doctoris</strong></span> <span class='ocrx_word' id='word_1_434' title='bbox 2766 1214 2959 1253; x_wconf 88' lang='lat' dir='ltr'><strong>vocem</strong></span> <span class='ocrx_word' id='word_1_435' title='bbox 2988 1215 3156 1269; x_wconf 89' lang='lat' dir='ltr'><strong>quam</strong></span> <span class='ocrx_word' id='word_1_436' title='bbox 3193 1201 3432 1270; x_wconf 88' lang='lat' dir='ltr'><strong>primam</strong></span> 
     </span>
    </p>
   </div>
   <div class='ocr_carea' id='block_1_60' title="bbox 1851 1289 3431 1359">
    <p class='ocr_par' dir='ltr' id='par_1_60' title="bbox 1851 1289 3431 1359">
     <span class='ocr_line' id='line_1_60' title="bbox 1851 1289 3431 1359; baseline 0.001 -16"><span class='ocrx_word' id='word_1_437' title='bbox 1851 1289 2124 1352; x_wconf 88' lang='lat' dir='ltr'><strong>audisset,</strong></span> <span class='ocrx_word' id='word_1_438' title='bbox 2178 1289 2499 1358; x_wconf 81' lang='lat' dir='ltr'><strong>rogavitque</strong></span> <span class='ocrx_word' id='word_1_439' title='bbox 2552 1295 2613 1342; x_wconf 90' lang='lat' dir='ltr'><strong>ut</strong></span> <span class='ocrx_word' id='word_1_440' title='bbox 2662 1289 2863 1343; x_wconf 90' lang='lat' dir='ltr'><strong>iterum</strong></span> <span class='ocrx_word' id='word_1_441' title='bbox 2917 1289 3158 1359; x_wconf 87' lang='lat' dir='ltr'><strong>penitius</strong></span> <span class='ocrx_word' id='word_1_442' title='bbox 3209 1305 3274 1345; x_wconf 93' lang='lat' dir='ltr'><strong>ac</strong></span> <span class='ocrx_word' id='word_1_443' title='bbox 3310 1294 3431 1345; x_wconf 85' lang='lat' dir='ltr'><strong>loco</strong></span> 
     </span>
    </p>
   </div>
   <div class='ocr_carea' id='block_1_61' title="bbox 1853 1380 3429 1451">
    <p class='ocr_par' dir='ltr' id='par_1_61' title="bbox 1853 1380 3429 1451">
     <span class='ocr_line' id='line_1_61' title="bbox 1853 1380 3429 1451; baseline 0.001 -15"><span class='ocrx_word' id='word_1_444' title='bbox 1853 1382 1962 1436; x_wconf 90' lang='lat' dir='ltr'><strong>imo</strong></span> <span class='ocrx_word' id='word_1_445' title='bbox 2004 1380 2401 1447; x_wconf 80' lang='lat' dir='ltr'><strong>includeretur,</strong></span> <span class='ocrx_word' id='word_1_446' title='bbox 2435 1388 2495 1434; x_wconf 93' lang='lat' dir='ltr'><strong>ut</strong></span> <span class='ocrx_word' id='word_1_447' title='bbox 2531 1395 2637 1435; x_wconf 91' lang='lat' dir='ltr'><strong>non</strong></span> <span class='ocrx_word' id='word_1_448' title='bbox 2672 1380 2898 1435; x_wconf 87' lang='lat' dir='ltr'><strong>aliunde</strong></span> <span class='ocrx_word' id='word_1_449' title='bbox 2950 1381 3147 1435; x_wconf 86' lang='lat' dir='ltr'><strong>liceret</strong></span> <span class='ocrx_word' id='word_1_450' title='bbox 3174 1396 3297 1451; x_wconf 65' lang='lat' dir='ltr'><strong>qua:</strong></span> <span class='ocrx_word' id='word_1_451' title='bbox 3336 1396 3429 1437; x_wconf 91' lang='lat' dir='ltr'><strong>es-</strong></span> 
     </span>
    </p>
   </div>
   <div class='ocr_carea' id='block_1_62' title="bbox 1850 1471 3430 1543">
    <p class='ocr_par' dir='ltr' id='par_1_62' title="bbox 1850 1471 3430 1543">
     <span class='ocr_line' id='line_1_62' title="bbox 1850 1471 3430 1543; baseline 0.001 -16"><span class='ocrx_word' id='word_1_452' title='bbox 1850 1483 1973 1527; x_wconf 88' lang='lat' dir='ltr'><strong>sent</strong></span> <span class='ocrx_word' id='word_1_453' title='bbox 2001 1471 2069 1526; x_wconf 89' lang='lat' dir='ltr'><strong>ad</strong></span> <span class='ocrx_word' id='word_1_454' title='bbox 2106 1486 2266 1526; x_wconf 86' lang='lat' dir='ltr'><strong>usum</strong></span> <span class='ocrx_word' id='word_1_455' title='bbox 2301 1473 2578 1541; x_wconf 87' lang='lat' dir='ltr'><strong>accipere,</strong></span> <span class='ocrx_word' id='word_1_456' title='bbox 2609 1479 2774 1526; x_wconf 88' lang='lat' dir='ltr'><strong>autve</strong></span> <span class='ocrx_word' id='word_1_457' title='bbox 2814 1472 2912 1528; x_wconf 91' lang='lat' dir='ltr'><strong>ulli</strong></span> <span class='ocrx_word' id='word_1_458' title='bbox 2962 1488 3022 1527; x_wconf 90' lang='lat' dir='ltr'><strong>se</strong></span> <span class='ocrx_word' id='word_1_459' title='bbox 3066 1474 3430 1543; x_wconf 87' lang='lat' dir='ltr'><strong>conspicuam</strong></span> 
     </span>
    </p>
   </div>
   <div class='ocr_carea' id='block_1_63' title="bbox 1853 1562 3431 1636">
    <p class='ocr_par' dir='ltr' id='par_1_63' title="bbox 1853 1562 3431 1636">
     <span class='ocr_line' id='line_1_63' title="bbox 1853 1562 3431 1636; baseline 0.002 -20"><span class='ocrx_word' id='word_1_460' title='bbox 1853 1562 2116 1632; x_wconf 67' lang='lat' dir='ltr'><strong>prazbere,</strong></span> <span class='ocrx_word' id='word_1_461' title='bbox 2141 1562 2248 1617; x_wconf 89' lang='lat' dir='ltr'><strong>nisi</strong></span> <span class='ocrx_word' id='word_1_462' title='bbox 2279 1569 2492 1616; x_wconf 78' lang='lat' dir='ltr'><strong>tantum</strong></span> <span class='ocrx_word' id='word_1_463' title='bbox 2526 1563 2594 1617; x_wconf 89' lang='lat' dir='ltr'><strong>ab</strong></span> <span class='ocrx_word' id='word_1_464' title='bbox 2636 1578 2701 1619; x_wconf 90' lang='lat' dir='ltr'><strong>ea</strong></span> <span class='ocrx_word' id='word_1_465' title='bbox 2735 1578 2857 1634; x_wconf 67' lang='lat' dir='ltr'><strong>quae</strong></span> <span class='ocrx_word' id='word_1_466' title='bbox 2904 1564 3016 1618; x_wconf 89' lang='lat' dir='ltr'><strong>illic</strong></span> <span class='ocrx_word' id='word_1_467' title='bbox 3060 1565 3165 1620; x_wconf 89' lang='lat' dir='ltr'><strong>loci</strong></span> <span class='ocrx_word' id='word_1_468' title='bbox 3209 1566 3431 1636; x_wconf 79' lang='lat' dir='ltr'><strong>degeret</strong></span> 
     </span>
    </p>
   </div>
   <div class='ocr_carea' id='block_1_64' title="bbox 1848 1654 3431 1726">
    <p class='ocr_par' dir='ltr' id='par_1_64' title="bbox 1848 1654 3431 1726">
     <span class='ocr_line' id='line_1_64' title="bbox 1848 1654 3431 1726; baseline 0.003 -19"><span class='ocrx_word' id='word_1_469' title='bbox 1848 1654 2059 1726; x_wconf 88' lang='lat' dir='ltr'><strong>pariter</strong></span> <span class='ocrx_word' id='word_1_470' title='bbox 2096 1654 2309 1709; x_wconf 87' lang='lat' dir='ltr'><strong>inclusa</strong></span> <span class='ocrx_word' id='word_1_471' title='bbox 2344 1670 2357 1707; x_wconf 90' lang='lat'><strong>:</strong></span> <span class='ocrx_word' id='word_1_472' title='bbox 2397 1654 2500 1707; x_wconf 88' lang='lat' dir='ltr'><strong>hac</strong></span> <span class='ocrx_word' id='word_1_473' title='bbox 2540 1654 2646 1709; x_wconf 87' lang='lat' dir='ltr'><strong>sibi</strong></span> <span class='ocrx_word' id='word_1_474' title='bbox 2692 1655 2890 1710; x_wconf 90' lang='lat' dir='ltr'><strong>merito</strong></span> <span class='ocrx_word' id='word_1_475' title='bbox 2935 1670 2968 1710; x_wconf 84' lang='lat' dir='ltr'><strong>a</strong></span> <span class='ocrx_word' id='word_1_476' title='bbox 3008 1670 3284 1724; x_wconf 88' lang='lat' dir='ltr'><strong>sermone,</strong></span> <span class='ocrx_word' id='word_1_477' title='bbox 3327 1672 3431 1712; x_wconf 89' lang='lat' dir='ltr'><strong>ceu</strong></span> 
     </span>
    </p>
   </div>
   <div class='ocr_carea' id='block_1_65' title="bbox 1847 1744 2685 1816">
    <p class='ocr_par' dir='ltr' id='par_1_65' title="bbox 1847 1744 2685 1816">
     <span class='ocr_line' id='line_1_65' title="bbox 1847 1744 2685 1816; baseline -0.005 -15"><span class='ocrx_word' id='word_1_478' title='bbox 1847 1759 2009 1816; x_wconf 71' lang='lat' dir='ltr'><strong>pmna</strong></span> <span class='ocrx_word' id='word_1_479' title='bbox 2049 1760 2115 1799; x_wconf 90' lang='lat' dir='ltr'><strong>ac</strong></span> <span class='ocrx_word' id='word_1_480' title='bbox 2161 1746 2420 1800; x_wconf 89' lang='lat' dir='ltr'><strong>cautione</strong></span> <span class='ocrx_word' id='word_1_481' title='bbox 2451 1744 2685 1800; x_wconf 89' lang='lat' dir='ltr'><strong>indicta.</strong></span> 
     </span>
    </p>
   </div>
   <div class='ocr_carea' id='block_1_66' title="bbox 1915 1836 3429 1909">
    <p class='ocr_par' dir='ltr' id='par_1_66' title="bbox 1915 1836 3429 1909">
     <span class='ocr_line' id='line_1_66' title="bbox 1915 1836 3429 1909; baseline 0 -17"><span class='ocrx_word' id='word_1_482' title='bbox 1915 1836 2385 1902; x_wconf 87' lang='lat' dir='ltr'><strong>ldeirco,dilecti,</strong></span> <span class='ocrx_word' id='word_1_483' title='bbox 2434 1837 2529 1907; x_wconf 90' lang='lat' dir='ltr'><strong>qui</strong></span> <span class='ocrx_word' id='word_1_484' title='bbox 2584 1837 2784 1893; x_wconf 88' lang='lat' dir='ltr'><strong>timent</strong></span> <span class='ocrx_word' id='word_1_485' title='bbox 2836 1836 3034 1904; x_wconf 89' lang='lat' dir='ltr'><strong>Deum,</strong></span> <span class='ocrx_word' id='word_1_486' title='bbox 3062 1838 3293 1909; x_wconf 89' lang='lat' dir='ltr'><strong>gratiam</strong></span> <span class='ocrx_word' id='word_1_487' title='bbox 3341 1838 3429 1892; x_wconf 84' lang='lat' dir='ltr'><strong>in-</strong></span> 
     </span>
    </p>
   </div>
   <div class='ocr_carea' id='block_1_67' title="bbox 1845 1928 3431 1998">
    <p class='ocr_par' dir='ltr' id='par_1_67' title="bbox 1845 1928 3431 1998">
     <span class='ocr_line' id='line_1_67' title="bbox 1845 1928 3431 1998; baseline 0.001 -14"><span class='ocrx_word' id='word_1_488' title='bbox 1845 1928 2065 1984; x_wconf 78' lang='lat' dir='ltr'><strong>venturi</strong></span> <span class='ocrx_word' id='word_1_489' title='bbox 2097 1935 2262 1994; x_wconf 90' lang='lat' dir='ltr'><strong>sunt;</strong></span> <span class='ocrx_word' id='word_1_490' title='bbox 2290 1928 2508 1998; x_wconf 88' lang='lat' dir='ltr'><strong>eritque</strong></span> <span class='ocrx_word' id='word_1_491' title='bbox 2554 1928 2608 1983; x_wconf 92' lang='lat' dir='ltr'><strong>in</strong></span> <span class='ocrx_word' id='word_1_492' title='bbox 2655 1928 2867 1986; x_wconf 87' lang='lat' dir='ltr'><strong>sanctis</strong></span> <span class='ocrx_word' id='word_1_493' title='bbox 2900 1944 3022 1985; x_wconf 90' lang='lat' dir='ltr'><strong>sors</strong></span> <span class='ocrx_word' id='word_1_494' title='bbox 3076 1930 3318 1997; x_wconf 90' lang='lat' dir='ltr'><strong>illorum,</strong></span> <span class='ocrx_word' id='word_1_495' title='bbox 3374 1937 3431 1985; x_wconf 87' lang='lat' dir='ltr'><strong>et</strong></span> 
     </span>
    </p>
   </div>
   <div class='ocr_carea' id='block_1_68' title="bbox 1846 2019 3425 2091">
    <p class='ocr_par' dir='ltr' id='par_1_68' title="bbox 1846 2019 3425 2091">
     <span class='ocr_line' id='line_1_68' title="bbox 1846 2019 3425 2091; baseline -0.001 -16"><span class='ocrx_word' id='word_1_496' title='bbox 1846 2035 2060 2076; x_wconf 89' lang='lat' dir='ltr'><strong>merces</strong></span> <span class='ocrx_word' id='word_1_497' title='bbox 2093 2019 2149 2073; x_wconf 94' lang='lat' dir='ltr'><strong>in</strong></span> <span class='ocrx_word' id='word_1_498' title='bbox 2185 2020 2465 2077; x_wconf 89' lang='lat' dir='ltr'><strong>Domino:</strong></span> <span class='ocrx_word' id='word_1_499' title='bbox 2520 2023 2575 2076; x_wconf 90' lang='lat' dir='ltr'><strong>in</strong></span> <span class='ocrx_word' id='word_1_500' title='bbox 2617 2022 2779 2091; x_wconf 84' lang='lat' dir='ltr'><strong>cujus</strong></span> <span class='ocrx_word' id='word_1_501' title='bbox 2822 2023 3003 2077; x_wconf 92' lang='lat' dir='ltr'><strong>oculis</strong></span> <span class='ocrx_word' id='word_1_502' title='bbox 3045 2023 3425 2086; x_wconf 86' lang='lat' dir='ltr'><strong>inveniantur,</strong></span> 
     </span>
    </p>
   </div>
   <div class='ocr_carea' id='block_1_69' title="bbox 1846 2112 3429 2189">
    <p class='ocr_par' dir='ltr' id='par_1_69' title="bbox 1846 2112 3429 2189">
     <span class='ocr_line' id='line_1_69' title="bbox 1846 2112 3429 2189; baseline 0.002 -22"><span class='ocrx_word' id='word_1_503' title='bbox 1846 2114 1940 2183; x_wconf 87' lang='lat' dir='ltr'><strong>qui</strong></span> <span class='ocrx_word' id='word_1_504' title='bbox 1988 2115 2408 2171; x_wconf 88' lang='lat' dir='ltr'><strong>communicant</strong></span> <span class='ocrx_word' id='word_1_505' title='bbox 2440 2129 2632 2169; x_wconf 89' lang='lat' dir='ltr'><strong>eorum</strong></span> <span class='ocrx_word' id='word_1_506' title='bbox 2681 2113 2988 2169; x_wconf 89' lang='lat' dir='ltr'><strong>memoriis.</strong></span> <span class='ocrx_word' id='word_1_507' title='bbox 3015 2112 3176 2179; x_wconf 87' lang='lat' dir='ltr'><strong>Nam,</strong></span> <span class='ocrx_word' id='word_1_508' title='bbox 3223 2114 3429 2189; x_wconf 84' lang='lat' dir='ltr'><strong>celebri</strong></span> 
     </span>
    </p>
   </div>
   <div class='ocr_carea' id='block_1_70' title="bbox 1848 2203 3428 2275">
    <p class='ocr_par' dir='ltr' id='par_1_70' title="bbox 1848 2203 3428 2275">
     <span class='ocr_line' id='line_1_70' title="bbox 1848 2203 3428 2275; baseline 0.003 -18"><span class='ocrx_word' id='word_1_509' title='bbox 1848 2203 2011 2260; x_wconf 87' lang='lat' dir='ltr'><strong>hodie</strong></span> <span class='ocrx_word' id='word_1_510' title='bbox 2076 2207 2253 2261; x_wconf 87' lang='lat' dir='ltr'><strong>sancti</strong></span> <span class='ocrx_word' id='word_1_511' title='bbox 2310 2204 2577 2260; x_wconf 88' lang='lat' dir='ltr'><strong>memoria</strong></span> <span class='ocrx_word' id='word_1_512' title='bbox 2617 2244 2632 2268; x_wconf 91' lang='lat'><strong>,</strong></span> <span class='ocrx_word' id='word_1_513' title='bbox 2687 2204 2799 2259; x_wconf 91' lang='lat' dir='ltr'><strong>illis</strong></span> <span class='ocrx_word' id='word_1_514' title='bbox 2861 2203 2967 2259; x_wconf 84' lang='lat' dir='ltr'><strong>fide</strong></span> <span class='ocrx_word' id='word_1_515' title='bbox 3019 2206 3428 2275; x_wconf 80' lang='lat' dir='ltr'><strong>excipientibus</strong></span> 
     </span>
    </p>
   </div>
   <div class='ocr_carea' id='block_1_71' title="bbox 1847 2288 3493 2367">
    <p class='ocr_par' dir='ltr' id='par_1_71' title="bbox 1847 2288 3493 2367">
     <span class='ocr_line' id='line_1_71' title="bbox 1847 2288 3493 2367; baseline 0.002 -18"><span class='ocrx_word' id='word_1_516' title='bbox 1847 2288 2174 2367; x_wconf 87' lang='lat' dir='ltr'><strong>tempusque</strong></span> <span class='ocrx_word' id='word_1_517' title='bbox 2224 2295 2548 2367; x_wconf 62' lang='lat' dir='ltr'><strong>peragendae</strong></span> <span class='ocrx_word' id='word_1_518' title='bbox 2605 2295 2684 2351; x_wconf 91' lang='lat' dir='ltr'><strong>rei</strong></span> <span class='ocrx_word' id='word_1_519' title='bbox 2716 2294 2939 2360; x_wconf 66' lang='lat' dir='ltr'><strong>divinae,</strong></span> <span class='ocrx_word' id='word_1_520' title='bbox 2993 2298 3202 2351; x_wconf 89' lang='lat' dir='ltr'><strong>mundo</strong></span> <span class='ocrx_word' id='word_1_521' title='bbox 3259 2298 3429 2353; x_wconf 90' lang='lat' dir='ltr'><strong>corde</strong></span> <span class='ocrx_word' id='word_1_522' title='bbox 3488 2330 3493 2333; x_wconf 98' lang='lat'><em>-</em></span> 
     </span>
    </p>
   </div>
   <div class='ocr_carea' id='block_1_72' title="bbox 1845 2388 3428 2460">
    <p class='ocr_par' dir='ltr' id='par_1_72' title="bbox 1845 2388 3428 2460">
     <span class='ocr_line' id='line_1_72' title="bbox 1845 2388 3428 2460; baseline 0.001 -17"><span class='ocrx_word' id='word_1_523' title='bbox 1845 2389 2319 2458; x_wconf 79' lang='lat' dir='ltr'><strong>exspectantibus,</strong></span> <span class='ocrx_word' id='word_1_524' title='bbox 2351 2400 2513 2443; x_wconf 91' lang='lat' dir='ltr'><strong>nocte</strong></span> <span class='ocrx_word' id='word_1_525' title='bbox 2538 2388 2656 2455; x_wconf 90' lang='lat' dir='ltr'><strong>illa,</strong></span> <span class='ocrx_word' id='word_1_526' title='bbox 2697 2396 2822 2458; x_wconf 93' lang='lat' dir='ltr'><strong>post</strong></span> <span class='ocrx_word' id='word_1_527' title='bbox 2854 2402 3043 2444; x_wconf 90' lang='lat' dir='ltr'><strong>sacras</strong></span> <span class='ocrx_word' id='word_1_528' title='bbox 3060 2390 3296 2460; x_wconf 76' lang='lat' dir='ltr'><strong>vigilias,</strong></span> <span class='ocrx_word' id='word_1_529' title='bbox 3318 2389 3428 2445; x_wconf 91' lang='lat' dir='ltr'><strong>Do-</strong></span> 
     </span>
    </p>
   </div>
   <div class='ocr_carea' id='block_1_73' title="bbox 1848 2479 3428 2550">
    <p class='ocr_par' dir='ltr' id='par_1_73' title="bbox 1848 2479 3428 2550">
     <span class='ocr_line' id='line_1_73' title="bbox 1848 2479 3428 2550; baseline 0.004 -19"><span class='ocrx_word' id='word_1_530' title='bbox 1848 2480 2070 2534; x_wconf 76' lang='lat' dir='ltr'><strong>minica:</strong></span> <span class='ocrx_word' id='word_1_531' title='bbox 2090 2480 2278 2550; x_wconf 77' lang='lat' dir='ltr'><strong>gloriae</strong></span> <span class='ocrx_word' id='word_1_532' title='bbox 2310 2479 2587 2550; x_wconf 86' lang='lat' dir='ltr'><strong>magnalia</strong></span> <span class='ocrx_word' id='word_1_533' title='bbox 2607 2479 2766 2533; x_wconf 90' lang='lat' dir='ltr'><strong>vidit.</strong></span> <span class='ocrx_word' id='word_1_534' title='bbox 2800 2479 2938 2535; x_wconf 86' lang='lat' dir='ltr'><strong>Cum</strong></span> <span class='ocrx_word' id='word_1_535' title='bbox 2965 2481 3113 2535; x_wconf 91' lang='lat' dir='ltr'><strong>enim</strong></span> <span class='ocrx_word' id='word_1_536' title='bbox 3145 2495 3340 2536; x_wconf 89' lang='lat' dir='ltr'><strong>somno</strong></span> <span class='ocrx_word' id='word_1_537' title='bbox 3367 2497 3428 2537; x_wconf 88' lang='lat' dir='ltr'><strong>se</strong></span> 
     </span>
    </p>
   </div>
   <div class='ocr_carea' id='block_1_74' title="bbox 1847 2568 3428 2641">
    <p class='ocr_par' dir='ltr' id='par_1_74' title="bbox 1847 2568 3428 2641">
     <span class='ocr_line' id='line_1_74' title="bbox 1847 2568 3428 2641; baseline 0.003 -19"><span class='ocrx_word' id='word_1_538' title='bbox 1847 2568 2147 2633; x_wconf 87' lang='lat' dir='ltr'><strong>dedissent,</strong></span> <span class='ocrx_word' id='word_1_539' title='bbox 2189 2584 2288 2624; x_wconf 92' lang='lat' dir='ltr'><strong>ceu</strong></span> <span class='ocrx_word' id='word_1_540' title='bbox 2323 2570 2560 2639; x_wconf 88' lang='lat' dir='ltr'><strong>primum</strong></span> <span class='ocrx_word' id='word_1_541' title='bbox 2590 2568 2726 2622; x_wconf 90' lang='lat' dir='ltr'><strong>illud</strong></span> <span class='ocrx_word' id='word_1_542' title='bbox 2768 2568 3207 2641; x_wconf 87' lang='lat' dir='ltr'><strong>admirabileque</strong></span> <span class='ocrx_word' id='word_1_543' title='bbox 3236 2587 3428 2641; x_wconf 86' lang='lat' dir='ltr'><strong>perce-</strong></span> 
     </span>
    </p>
   </div>
   <div class='ocr_carea' id='block_1_75' title="bbox 1847 2662 3427 2733">
    <p class='ocr_par' dir='ltr' id='par_1_75' title="bbox 1847 2662 3427 2733">
     <span class='ocr_line' id='line_1_75' title="bbox 1847 2662 3427 2733; baseline 0.003 -18"><span class='ocrx_word' id='word_1_544' title='bbox 1847 2670 2022 2731; x_wconf 73' lang='lat' dir='ltr'><strong>pturae</strong></span> <span class='ocrx_word' id='word_1_545' title='bbox 2057 2662 2285 2725; x_wconf 86' lang='lat' dir='ltr'><strong>donum,</strong></span> <span class='ocrx_word' id='word_1_546' title='bbox 2337 2668 2566 2733; x_wconf 87' lang='lat' dir='ltr'><strong>apparet</strong></span> <span class='ocrx_word' id='word_1_547' title='bbox 2623 2676 2719 2731; x_wconf 92' lang='lat' dir='ltr'><strong>per</strong></span> <span class='ocrx_word' id='word_1_548' title='bbox 2766 2662 2966 2728; x_wconf 90' lang='lat' dir='ltr'><strong>visum,</strong></span> <span class='ocrx_word' id='word_1_549' title='bbox 3017 2664 3240 2718; x_wconf 89' lang='lat' dir='ltr'><strong>cuidam</strong></span> <span class='ocrx_word' id='word_1_550' title='bbox 3283 2665 3427 2719; x_wconf 65' lang='lat' dir='ltr'><strong>Stat-</strong></span> 
     </span>
    </p>
   </div>
   <div class='ocr_carea' id='block_1_76' title="bbox 1848 2752 3424 2824">
    <p class='ocr_par' dir='ltr' id='par_1_76' title="bbox 1848 2752 3424 2824">
     <span class='ocr_line' id='line_1_76' title="bbox 1848 2752 3424 2824; baseline 0.004 -20"><span class='ocrx_word' id='word_1_551' title='bbox 1848 2752 1984 2806; x_wconf 65' lang='lat' dir='ltr'><strong>chite</strong></span> <span class='ocrx_word' id='word_1_552' title='bbox 2010 2754 2233 2807; x_wconf 89' lang='lat' dir='ltr'><strong>nomine</strong></span> <span class='ocrx_word' id='word_1_553' title='bbox 2281 2752 2419 2824; x_wconf 76' lang='lat'><strong>(99),</strong></span> <span class='ocrx_word' id='word_1_554' title='bbox 2470 2754 2822 2824; x_wconf 90' lang='lat' dir='ltr'><strong>puellamque</strong></span> <span class='ocrx_word' id='word_1_555' title='bbox 2857 2755 3150 2810; x_wconf 87' lang='lat' dir='ltr'><strong>honestate</strong></span> <span class='ocrx_word' id='word_1_556' title='bbox 3209 2771 3424 2811; x_wconf 89' lang='lat' dir='ltr'><strong>morum</strong></span> 
     </span>
    </p>
   </div>
   <div class='ocr_carea' id='block_1_77' title="bbox 1847 2846 3425 2919">
    <p class='ocr_par' dir='ltr' id='par_1_77' title="bbox 1847 2846 3425 2919">
     <span class='ocr_line' id='line_1_77' title="bbox 1847 2846 3425 2919; baseline 0.006 -23"><span class='ocrx_word' id='word_1_557' title='bbox 1847 2859 2091 2913; x_wconf 78' lang='lat' dir='ltr'><strong>gravem,</strong></span> <span class='ocrx_word' id='word_1_558' title='bbox 2127 2846 2279 2899; x_wconf 90' lang='lat' dir='ltr'><strong>vultu</strong></span> <span class='ocrx_word' id='word_1_559' title='bbox 2329 2846 2452 2900; x_wconf 88' lang='lat' dir='ltr'><strong>lene</strong></span> <span class='ocrx_word' id='word_1_560' title='bbox 2499 2846 2696 2901; x_wconf 89' lang='lat' dir='ltr'><strong>ridenti</strong></span> <span class='ocrx_word' id='word_1_561' title='bbox 2746 2847 2912 2902; x_wconf 90' lang='lat' dir='ltr'><strong>simili</strong></span> <span class='ocrx_word' id='word_1_562' title='bbox 2953 2848 3264 2917; x_wconf 87' lang='lat' dir='ltr'><strong>alloquens,</strong></span> <span class='ocrx_word' id='word_1_563' title='bbox 3297 2865 3425 2919; x_wconf 82' lang='lat' dir='ltr'><strong>per-</strong></span> 
     </span>
    </p>
   </div>
   <div class='ocr_carea' id='block_1_78' title="bbox 1849 2934 3425 3010">
    <p class='ocr_par' dir='ltr' id='par_1_78' title="bbox 1849 2934 3425 3010">
     <span class='ocr_line' id='line_1_78' title="bbox 1849 2934 3425 3010; baseline 0.006 -23"><span class='ocrx_word' id='word_1_564' title='bbox 1849 2934 2177 2988; x_wconf 88' lang='lat' dir='ltr'><strong>contabatur</strong></span> <span class='ocrx_word' id='word_1_565' title='bbox 2205 2952 2217 2987; x_wconf 89' lang='lat'><strong>:</strong></span> <span class='ocrx_word' id='word_1_566' title='bbox 2263 2935 2363 2991; x_wconf 86' lang='lat' dir='ltr'><strong>Ubi</strong></span> <span class='ocrx_word' id='word_1_567' title='bbox 2396 2935 2559 2989; x_wconf 84' lang='lat' dir='ltr'><strong>hodie</strong></span> <span class='ocrx_word' id='word_1_568' title='bbox 2591 2946 2684 2991; x_wconf 89' lang='lat' dir='ltr'><strong>tua</strong></span> <span class='ocrx_word' id='word_1_569' title='bbox 2716 2938 3008 2993; x_wconf 88' lang='lat' dir='ltr'><strong>nobiscum</strong></span> <span class='ocrx_word' id='word_1_570' title='bbox 3037 2954 3172 3010; x_wconf 85' lang='lat' dir='ltr'><strong>pars</strong></span> <span class='ocrx_word' id='word_1_571' title='bbox 3197 2941 3251 2995; x_wconf 92' lang='lat' dir='ltr'><strong>in</strong></span> <span class='ocrx_word' id='word_1_572' title='bbox 3286 2957 3425 2997; x_wconf 85' lang='lat' dir='ltr'><strong>con-</strong></span> 
     </span>
    </p>
   </div>
   <div class='ocr_carea' id='block_1_79' title="bbox 1852 3021 3425 3094">
    <p class='ocr_par' dir='ltr' id='par_1_79' title="bbox 1852 3021 3425 3094">
     <span class='ocr_line' id='line_1_79' title="bbox 1852 3021 3425 3094; baseline 0.006 -16"><span class='ocrx_word' id='word_1_573' title='bbox 1852 3033 2047 3094; x_wconf 90' lang='lat' dir='ltr'><strong>spectu</strong></span> <span class='ocrx_word' id='word_1_574' title='bbox 2081 3025 2337 3079; x_wconf 82' lang='lat' dir='ltr'><strong>Domini?</strong></span> <span class='ocrx_word' id='word_1_575' title='bbox 2364 3021 2535 3081; x_wconf 54' lang='lat' dir='ltr'><strong>Por’ro</strong></span> <span class='ocrx_word' id='word_1_576' title='bbox 2576 3028 2871 3084; x_wconf 87' lang='lat' dir='ltr'><strong>attendens</strong></span> <span class='ocrx_word' id='word_1_577' title='bbox 2899 3028 3016 3093; x_wconf 89' lang='lat' dir='ltr'><strong>illa,</strong></span> <span class='ocrx_word' id='word_1_578' title='bbox 3056 3031 3222 3086; x_wconf 88' lang='lat' dir='ltr'><strong>etiam</strong></span> <span class='ocrx_word' id='word_1_579' title='bbox 3255 3033 3425 3087; x_wconf 87' lang='lat' dir='ltr'><strong>alium</strong></span> 
     </span>
    </p>
   </div>
   <div class='ocr_carea' id='block_1_80' title="bbox 1850 3104 3501 3192">
    <p class='ocr_par' dir='ltr' id='par_1_80' title="bbox 1850 3104 3501 3192">
     <span class='ocr_line' id='line_1_80' title="bbox 1850 3104 3501 3192; baseline 0.005 -21"><span class='ocrx_word' id='word_1_580' title='bbox 1850 3117 2163 3187; x_wconf 87' lang='lat' dir='ltr'><strong>quempiam</strong></span> <span class='ocrx_word' id='word_1_581' title='bbox 2218 3117 2353 3172; x_wconf 90' lang='lat' dir='ltr'><strong>vidit</strong></span> <span class='ocrx_word' id='word_1_582' title='bbox 2407 3120 2702 3185; x_wconf 89' lang='lat' dir='ltr'><strong>comitem,</strong></span> <span class='ocrx_word' id='word_1_583' title='bbox 2757 3122 3064 3192; x_wconf 88' lang='lat' dir='ltr'><strong>ambosque</strong></span> <span class='ocrx_word' id='word_1_584' title='bbox 3114 3125 3425 3179; x_wconf 89' lang='lat' dir='ltr'><strong>monachali</strong></span> <span class='ocrx_word' id='word_1_585' title='bbox 3494 3104 3501 3111; x_wconf 17' lang='grc' dir='ltr'><strong>κ</strong></span> 
     </span>
    </p>
   </div>
   <div class='ocr_carea' id='block_1_81' title="bbox 1853 3207 3425 3283">
    <p class='ocr_par' dir='ltr' id='par_1_81' title="bbox 1853 3207 3425 3283">
     <span class='ocr_line' id='line_1_81' title="bbox 1853 3207 3425 3283; baseline 0.008 -23"><span class='ocrx_word' id='word_1_586' title='bbox 1853 3207 2041 3261; x_wconf 89' lang='lat' dir='ltr'><strong>habitu</strong></span> <span class='ocrx_word' id='word_1_587' title='bbox 2074 3216 2336 3273; x_wconf 88' lang='lat' dir='ltr'><strong>ornatos;</strong></span> <span class='ocrx_word' id='word_1_588' title='bbox 2372 3216 2430 3263; x_wconf 92' lang='lat' dir='ltr'><strong>ut</strong></span> <span class='ocrx_word' id='word_1_589' title='bbox 2473 3210 2615 3265; x_wconf 90' lang='lat' dir='ltr'><strong>alter</strong></span> <span class='ocrx_word' id='word_1_590' title='bbox 2649 3212 2872 3282; x_wconf 91' lang='lat' dir='ltr'><strong>quidem</strong></span> <span class='ocrx_word' id='word_1_591' title='bbox 2909 3214 3148 3283; x_wconf 74' lang='lat' dir='ltr'><strong>praeiret,</strong></span> <span class='ocrx_word' id='word_1_592' title='bbox 3192 3218 3425 3272; x_wconf 90' lang='lat' dir='ltr'><strong>secundi</strong></span> 
     </span>
    </p>
   </div>
   <div class='ocr_carea' id='block_1_82' title="bbox 1849 3298 3422 3378">
    <p class='ocr_par' dir='ltr' id='par_1_82' title="bbox 1849 3298 3422 3378">
     <span class='ocr_line' id='line_1_82' title="bbox 1849 3298 3422 3378; baseline 0.006 -24"><span class='ocrx_word' id='word_1_593' title='bbox 1849 3298 2117 3369; x_wconf 90' lang='lat' dir='ltr'><strong>obsequio</strong></span> <span class='ocrx_word' id='word_1_594' title='bbox 2144 3308 2338 3355; x_wconf 91' lang='lat' dir='ltr'><strong>tenens</strong></span> <span class='ocrx_word' id='word_1_595' title='bbox 2357 3315 2420 3356; x_wconf 90' lang='lat' dir='ltr'><strong>ac</strong></span> <span class='ocrx_word' id='word_1_596' title='bbox 2446 3302 2745 3369; x_wconf 67' lang='lat' dir='ltr'><strong>praeferens</strong></span> <span class='ocrx_word' id='word_1_597' title='bbox 2775 3318 3065 3360; x_wconf 90' lang='lat' dir='ltr'><strong>accensam</strong></span> <span class='ocrx_word' id='word_1_598' title='bbox 3091 3306 3422 3378; x_wconf 87' lang='lat' dir='ltr'><strong>lampadem.</strong></span> 
     </span>
    </p>
   </div>
   <div class='ocr_carea' id='block_1_83' title="bbox 1850 3390 3423 3470">
    <p class='ocr_par' dir='ltr' id='par_1_83' title="bbox 1850 3390 3423 3470">
     <span class='ocr_line' id='line_1_83' title="bbox 1850 3390 3423 3470; baseline 0.008 -27"><span class='ocrx_word' id='word_1_599' title='bbox 1850 3390 2074 3445; x_wconf 82' lang='lat' dir='ltr'><strong>Interim</strong></span> <span class='ocrx_word' id='word_1_600' title='bbox 2111 3399 2317 3456; x_wconf 89' lang='lat' dir='ltr'><strong>autem,</strong></span> <span class='ocrx_word' id='word_1_601' title='bbox 2355 3390 2486 3446; x_wconf 90' lang='lat' dir='ltr'><strong>dum</strong></span> <span class='ocrx_word' id='word_1_602' title='bbox 2536 3394 2606 3456; x_wconf 88' lang='lat' dir='ltr'><strong>is,</strong></span> <span class='ocrx_word' id='word_1_603' title='bbox 2642 3394 2927 3463; x_wconf 70' lang='lat' dir='ltr'><strong>praefatam</strong></span> <span class='ocrx_word' id='word_1_604' title='bbox 2966 3397 3255 3455; x_wconf 86' lang='lat' dir='ltr'><strong>honestate</strong></span> <span class='ocrx_word' id='word_1_605' title='bbox 3293 3416 3423 3470; x_wconf 84' lang='lat' dir='ltr'><strong>gra-</strong></span> 
     </span>
    </p>
   </div>
   <div class='ocr_carea' id='block_1_84' title="bbox 1850 3474 3419 3558">
    <p class='ocr_par' dir='ltr' id='par_1_84' title="bbox 1850 3474 3419 3558">
     <span class='ocr_line' id='line_1_84' title="bbox 1850 3474 3419 3558; baseline 0.01 -26"><span class='ocrx_word' id='word_1_606' title='bbox 1850 3496 1970 3535; x_wconf 85' lang='lat' dir='ltr'><strong>vem</strong></span> <span class='ocrx_word' id='word_1_607' title='bbox 2033 3474 2446 3552; x_wconf 87' lang='lat' dir='ltr'><strong>gratiosamque</strong></span> <span class='ocrx_word' id='word_1_608' title='bbox 2514 3484 2751 3553; x_wconf 90' lang='lat' dir='ltr'><strong>puellam</strong></span> <span class='ocrx_word' id='word_1_609' title='bbox 2816 3486 3226 3558; x_wconf 77' lang='lat' dir='ltr'><strong>interrogaret;</strong></span> <span class='ocrx_word' id='word_1_610' title='bbox 3290 3493 3419 3554; x_wconf 85' lang='lat' dir='ltr'><strong>illa.</strong></span> 
     </span>
    </p>
   </div>
   <div class='ocr_carea' id='block_1_85' title="bbox 1847 3572 3421 3641">
    <p class='ocr_par' dir='ltr' id='par_1_85' title="bbox 1847 3572 3421 3641">
     <span class='ocr_line' id='line_1_85' title="bbox 1847 3572 3421 3641; baseline 0.008 -16"><span class='ocrx_word' id='word_1_611' title='bbox 1847 3572 2149 3641; x_wconf 88' lang='lat' dir='ltr'><strong>prudenter</strong></span> <span class='ocrx_word' id='word_1_612' title='bbox 2183 3573 2477 3628; x_wconf 89' lang='lat' dir='ltr'><strong>admodum</strong></span> <span class='ocrx_word' id='word_1_613' title='bbox 2508 3576 2684 3631; x_wconf 89' lang='lat' dir='ltr'><strong>virum</strong></span> <span class='ocrx_word' id='word_1_614' title='bbox 2726 3579 2982 3639; x_wconf 87' lang='lat' dir='ltr'><strong>reverita.</strong></span> <span class='ocrx_word' id='word_1_615' title='bbox 3030 3594 3060 3633; x_wconf 86' lang='lat' dir='ltr'><strong>a</strong></span> <span class='ocrx_word' id='word_1_616' title='bbox 3097 3595 3297 3636; x_wconf 90' lang='lat' dir='ltr'><strong>somno</strong></span> <span class='ocrx_word' id='word_1_617' title='bbox 3322 3599 3421 3638; x_wconf 79' lang='lat' dir='ltr'><strong>ex-</strong></span> 
     </span>
    </p>
   </div>
   <div class='ocr_carea' id='block_1_86' title="bbox 1846 3664 3421 3740">
    <p class='ocr_par' dir='ltr' id='par_1_86' title="bbox 1846 3664 3421 3740">
     <span class='ocr_line' id='line_1_86' title="bbox 1846 3664 3421 3740; baseline 0.009 -23"><span class='ocrx_word' id='word_1_618' title='bbox 1846 3665 2069 3728; x_wconf 84' lang='lat' dir='ltr'><strong>citatur,</strong></span> <span class='ocrx_word' id='word_1_619' title='bbox 2094 3664 2507 3735; x_wconf 68' lang='lat' dir='ltr'><strong>confestimque</strong></span> <span class='ocrx_word' id='word_1_620' title='bbox 2532 3682 2563 3722; x_wconf 91' lang='lat' dir='ltr'><strong>e</strong></span> <span class='ocrx_word' id='word_1_621' title='bbox 2588 3667 2730 3723; x_wconf 90' lang='lat' dir='ltr'><strong>lecto</strong></span> <span class='ocrx_word' id='word_1_622' title='bbox 2756 3684 3009 3740; x_wconf 87' lang='lat' dir='ltr'><strong>surgens,</strong></span> <span class='ocrx_word' id='word_1_623' title='bbox 3036 3673 3221 3729; x_wconf 90' lang='lat' dir='ltr'><strong>omnia</strong></span> <span class='ocrx_word' id='word_1_624' title='bbox 3253 3674 3421 3731; x_wconf 81' lang='lat' dir='ltr'><strong>refert</strong></span> 
     </span>
    </p>
   </div>
   <div class='ocr_carea' id='block_1_87' title="bbox 1844 3756 3487 3832">
    <p class='ocr_par' dir='ltr' id='par_1_87' title="bbox 1844 3756 3487 3832">
     <span class='ocr_line' id='line_1_87' title="bbox 1844 3756 3487 3832; baseline 0.01 -22"><span class='ocrx_word' id='word_1_625' title='bbox 1844 3771 1973 3826; x_wconf 63' lang='lat' dir='ltr'><strong>que</strong></span> <span class='ocrx_word' id='word_1_626' title='bbox 2012 3756 2244 3812; x_wconf 88' lang='lat' dir='ltr'><strong>vidisset</strong></span> <span class='ocrx_word' id='word_1_627' title='bbox 2280 3758 2549 3829; x_wconf 72' lang='lat' dir='ltr'><strong>religiosa:</strong></span> <span class='ocrx_word' id='word_1_628' title='bbox 2578 3758 2797 3817; x_wconf 71' lang='lat' dir='ltr'><strong>femina:</strong></span> <span class='ocrx_word' id='word_1_629' title='bbox 2833 3777 2999 3832; x_wconf 87' lang='lat' dir='ltr'><strong>quam</strong></span> <span class='ocrx_word' id='word_1_630' title='bbox 3045 3764 3209 3822; x_wconf 90' lang='lat' dir='ltr'><strong>Pater</strong></span> <span class='ocrx_word' id='word_1_631' title='bbox 3250 3767 3421 3825; x_wconf 88' lang='lat' dir='ltr'><strong>inter-</strong></span> <span class='ocrx_word' id='word_1_632' title='bbox 3474 3769 3487 3782; x_wconf 77' lang='lat'><strong><em>‘</em></strong></span> 
     </span>
    </p>
   </div>
   <div class='ocr_carea' id='block_1_88' title="bbox 1845 3847 3419 3928">
    <p class='ocr_par' dir='ltr' id='par_1_88' title="bbox 1845 3847 3419 3928">
     <span class='ocr_line' id='line_1_88' title="bbox 1845 3847 3419 3928; baseline 0.008 -27"><span class='ocrx_word' id='word_1_633' title='bbox 1845 3861 2049 3918; x_wconf 88' lang='lat' dir='ltr'><strong>rogans</strong></span> <span class='ocrx_word' id='word_1_634' title='bbox 2110 3847 2314 3904; x_wconf 81' lang='lat' dir='ltr'><strong>aﬂ‘atus</strong></span> <span class='ocrx_word' id='word_1_635' title='bbox 2379 3858 2552 3906; x_wconf 89' lang='lat' dir='ltr'><strong>esset.</strong></span> <span class='ocrx_word' id='word_1_636' title='bbox 2614 3851 2711 3905; x_wconf 86' lang='lat' dir='ltr'><strong>Illa</strong></span> <span class='ocrx_word' id='word_1_637' title='bbox 2764 3861 2949 3908; x_wconf 89' lang='lat' dir='ltr'><strong>autem</strong></span> <span class='ocrx_word' id='word_1_638' title='bbox 3013 3863 3073 3909; x_wconf 92' lang='lat' dir='ltr'><strong>ut</strong></span> <span class='ocrx_word' id='word_1_639' title='bbox 3121 3860 3419 3928; x_wconf 78' lang='lat' dir='ltr'><strong>cognovit.</strong></span> 
     </span>
    </p>
   </div>
   <div class='ocr_carea' id='block_1_89' title="bbox 1840 3938 3422 4016">
    <p class='ocr_par' dir='ltr' id='par_1_89' title="bbox 1840 3938 3422 4016">
     <span class='ocr_line' id='line_1_89' title="bbox 1840 3938 3422 4016; baseline 0.008 -23"><span class='ocrx_word' id='word_1_640' title='bbox 1840 3938 2173 4010; x_wconf 81' lang='lat' dir='ltr'><strong>gloriﬁcavit</strong></span> <span class='ocrx_word' id='word_1_641' title='bbox 2222 3938 2415 4005; x_wconf 88' lang='lat' dir='ltr'><strong>Deum,</strong></span> <span class='ocrx_word' id='word_1_642' title='bbox 2448 3956 2512 3996; x_wconf 86' lang='lat' dir='ltr'><strong>ac</strong></span> <span class='ocrx_word' id='word_1_643' title='bbox 2564 3942 2743 4012; x_wconf 87' lang='lat' dir='ltr'><strong>magis</strong></span> <span class='ocrx_word' id='word_1_644' title='bbox 2778 3944 2884 3998; x_wconf 81' lang='lat' dir='ltr'><strong>fide</strong></span> <span class='ocrx_word' id='word_1_645' title='bbox 2935 3947 3230 4013; x_wconf 89' lang='lat' dir='ltr'><strong>promovit.</strong></span> <span class='ocrx_word' id='word_1_646' title='bbox 3277 3948 3422 4016; x_wconf 83' lang='lat' dir='ltr'><strong>Quid</strong></span> 
     </span>
    </p>
   </div>
   <div class='ocr_carea' id='block_1_90' title="bbox 1841 4030 3418 4100">
    <p class='ocr_par' dir='ltr' id='par_1_90' title="bbox 1841 4030 3418 4100">
     <span class='ocr_line' id='line_1_90' title="bbox 1841 4030 3418 4100; baseline 0.006 -14"><span class='ocrx_word' id='word_1_647' title='bbox 1841 4045 1993 4097; x_wconf 87' lang='lat' dir='ltr'><strong>vero,</strong></span> <span class='ocrx_word' id='word_1_648' title='bbox 2058 4030 2279 4100; x_wconf 84' lang='lat' dir='ltr'><strong>benigni</strong></span> <span class='ocrx_word' id='word_1_649' title='bbox 2343 4031 2652 4097; x_wconf 89' lang='lat' dir='ltr'><strong>auditores,</strong></span> <span class='ocrx_word' id='word_1_650' title='bbox 2714 4032 2768 4087; x_wconf 88' lang='lat' dir='ltr'><strong>id</strong></span> <span class='ocrx_word' id='word_1_651' title='bbox 2798 4034 2966 4100; x_wconf 87' lang='lat' dir='ltr'><strong>velit,</strong></span> <span class='ocrx_word' id='word_1_652' title='bbox 3026 4044 3086 4089; x_wconf 88' lang='lat' dir='ltr'><strong>ut</strong></span> <span class='ocrx_word' id='word_1_653' title='bbox 3137 4040 3316 4093; x_wconf 89' lang='lat' dir='ltr'><strong>sancti</strong></span> <span class='ocrx_word' id='word_1_654' title='bbox 3359 4040 3418 4095; x_wconf 87' lang='lat' dir='ltr'><strong>in</strong></span> 
     </span>
    </p>
   </div>
   <div class='ocr_carea' id='block_1_91' title="bbox 1840 4120 3419 4198">
    <p class='ocr_par' dir='ltr' id='par_1_91' title="bbox 1840 4120 3419 4198">
     <span class='ocr_line' id='line_1_91' title="bbox 1840 4120 3419 4198; baseline 0.003 -20"><span class='ocrx_word' id='word_1_655' title='bbox 1840 4122 2053 4178; x_wconf 90' lang='lat' dir='ltr'><strong>lumine</strong></span> <span class='ocrx_word' id='word_1_656' title='bbox 2076 4120 2668 4188; x_wconf 83' lang='lat' dir='ltr'><strong>veniant?Nimirutn,</strong></span> <span class='ocrx_word' id='word_1_657' title='bbox 2702 4142 2721 4175; x_wconf 79' lang='grc' dir='ltr'><strong>ι</strong></span> <span class='ocrx_word' id='word_1_658' title='bbox 2764 4124 2917 4192; x_wconf 88' lang='lat' dir='ltr'><strong>quia,</strong></span> <span class='ocrx_word' id='word_1_659' title='bbox 2961 4125 3157 4196; x_wconf 87' lang='lat' dir='ltr'><strong>inquit,</strong></span> <span class='ocrx_word' id='word_1_660' title='bbox 3195 4129 3290 4182; x_wconf 81' lang='lat' dir='ltr'><strong>lux</strong></span> <span class='ocrx_word' id='word_1_661' title='bbox 3324 4129 3419 4198; x_wconf 85' lang='lat' dir='ltr'><strong>ju-</strong></span> 
     </span>
    </p>
   </div>
   <div class='ocr_carea' id='block_1_92' title="bbox 1840 4209 3416 4283">
    <p class='ocr_par' dir='ltr' id='par_1_92' title="bbox 1840 4209 3416 4283">
     <span class='ocr_line' id='line_1_92' title="bbox 1840 4209 3416 4283; baseline 0.003 -16"><span class='ocrx_word' id='word_1_662' title='bbox 1840 4213 1942 4268; x_wconf 89' lang='lat' dir='ltr'><strong>stis</strong></span> <span class='ocrx_word' id='word_1_663' title='bbox 1989 4214 2330 4282; x_wconf 68' lang='lat' dir='ltr'><strong>perpetua“.</strong></span> <span class='ocrx_word' id='word_1_664' title='bbox 2392 4229 2413 4262; x_wconf 74' lang='grc' dir='ltr'><strong>ι</strong></span> <span class='ocrx_word' id='word_1_665' title='bbox 2464 4209 2644 4264; x_wconf 89' lang='lat' dir='ltr'><strong>Divini</strong></span> <span class='ocrx_word' id='word_1_666' title='bbox 2706 4213 2951 4267; x_wconf 83' lang='lat' dir='ltr'><strong>muneris</strong></span> <span class='ocrx_word' id='word_1_667' title='bbox 3023 4217 3416 4283; x_wconf 81' lang='lat' dir='ltr'><strong>exsuperantia</strong></span> 
     </span>
    </p>
   </div>
   <div class='ocr_carea' id='block_1_93' title="bbox 138 4298 1744 4384">
    <p class='ocr_par' dir='ltr' id='par_1_93' title="bbox 138 4298 1730 4384">
     <span class='ocr_line' id='line_1_93' title="bbox 138 4298 1730 4384; baseline 0.006 -30"><span class='ocrx_word' id='word_1_668' title='bbox 138 4318 234 4354; x_wconf 84' lang='grc' dir='ltr'><strong>σιν</strong></span> <span class='ocrx_word' id='word_1_669' title='bbox 285 4300 340 4353; x_wconf 84' lang='grc' dir='ltr'><strong>οἱ</strong></span> <span class='ocrx_word' id='word_1_670' title='bbox 396 4298 542 4367; x_wconf 74' lang='grc' dir='ltr'>ἅγιοι</span> <span class='ocrx_word' id='word_1_671' title='bbox 589 4302 705 4363; x_wconf 83' lang='grc' dir='ltr'>τοῖς</span> <span class='ocrx_word' id='word_1_672' title='bbox 738 4300 930 4368; x_wconf 81' lang='grc' dir='ltr'>ἀξίοις,</span> <span class='ocrx_word' id='word_1_673' title='bbox 979 4302 1268 4368; x_wconf 80' lang='grc' dir='ltr'>ἐνοικίζειν</span> <span class='ocrx_word' id='word_1_674' title='bbox 1297 4305 1500 4384; x_wconf 79' lang='grc' dir='ltr'>αὐτοῖς,</span> <span class='ocrx_word' id='word_1_675' title='bbox 1552 4302 1730 4380; x_wconf 75' lang='grc' dir='ltr'>οἶμαι,</span> 
     </span>
    </p>
   </div>
   <div class='ocr_carea' id='block_1_94' title="bbox 1848 4298 3416 4384">
    <p class='ocr_par' dir='ltr' id='par_1_94' title="bbox 1848 4300 3416 4375">
     <span class='ocr_line' id='line_1_94' title="bbox 1848 4300 3416 4375; baseline 0.001 -17"><span class='ocrx_word' id='word_1_676' title='bbox 1848 4305 2179 4375; x_wconf 88' lang='lat' dir='ltr'><strong>largitasque</strong></span> <span class='ocrx_word' id='word_1_677' title='bbox 2217 4300 2608 4365; x_wconf 78' lang='lat' dir='ltr'><strong>existimanda,</strong></span> <span class='ocrx_word' id='word_1_678' title='bbox 2635 4300 2843 4367; x_wconf 84' lang='lat' dir='ltr'><strong>dilecti,</strong></span> <span class='ocrx_word' id='word_1_679' title='bbox 2876 4310 2935 4355; x_wconf 86' lang='grc' dir='ltr'><strong>ιιι</strong></span> <span class='ocrx_word' id='word_1_680' title='bbox 2964 4320 3064 4358; x_wconf 89' lang='lat' dir='ltr'><strong>ceu</strong></span> <span class='ocrx_word' id='word_1_681' title='bbox 3093 4305 3264 4359; x_wconf 91' lang='lat' dir='ltr'><strong>duces</strong></span> <span class='ocrx_word' id='word_1_682' title='bbox 3286 4320 3416 4360; x_wconf 89' lang='lat' dir='ltr'><strong>san-</strong></span> 
     </span>
    </p>
   </div>
   <div class='ocr_carea' id='block_1_95' title="bbox 136 4387 1733 4466">
    <p class='ocr_par' dir='ltr' id='par_1_95' title="bbox 136 4387 1733 4466">
     <span class='ocr_line' id='line_1_95' title="bbox 136 4387 1733 4466; baseline 0.003 -19"><span class='ocrx_word' id='word_1_683' title='bbox 136 4394 343 4463; x_wconf 81' lang='grc' dir='ltr'>ὥσπερ</span> <span class='ocrx_word' id='word_1_684' title='bbox 396 4390 542 4463; x_wconf 79' lang='grc' dir='ltr'>ὕδωρ</span> <span class='ocrx_word' id='word_1_685' title='bbox 586 4394 666 4456; x_wconf 85' lang='grc' dir='ltr'><strong>είς</strong></span> <span class='ocrx_word' id='word_1_686' title='bbox 707 4387 856 4447; x_wconf 77' lang='grc' dir='ltr'>οἷκον</span> <span class='ocrx_word' id='word_1_687' title='bbox 894 4394 962 4448; x_wconf 82' lang='grc' dir='ltr'><strong>τὰ</strong></span> <span class='ocrx_word' id='word_1_688' title='bbox 1011 4395 1212 4463; x_wconf 86' lang='grc' dir='ltr'>ἀγαθὰ,</span> <span class='ocrx_word' id='word_1_689' title='bbox 1249 4397 1387 4466; x_wconf 85' lang='grc' dir='ltr'>πρὸς</span> <span class='ocrx_word' id='word_1_690' title='bbox 1432 4398 1733 4454; x_wconf 80' lang='grc' dir='ltr'>ἀπόλαυσιν</span> 
     </span>
    </p>
   </div>
   <div class='ocr_carea' id='block_1_96' title="bbox 70 4482 666 4557">
    <p class='ocr_par' dir='ltr' id='par_1_96' title="bbox 70 4482 666 4557">
     <span class='ocr_line' id='line_1_96' title="bbox 70 4482 666 4557; baseline 0.002 -19"><span class='ocrx_word' id='word_1_691' title='bbox 70 4548 78 4557; x_wconf 37' lang='grc'><strong><em>⁸</em></strong></span> <span class='ocrx_word' id='word_1_692' title='bbox 137 4485 393 4539; x_wconf 74' lang='grc' dir='ltr'>αἰωνίων</span> <span class='ocrx_word' id='word_1_693' title='bbox 424 4482 666 4552; x_wconf 83' lang='grc' dir='ltr'>ἀγαθῶν.</span> 
     </span>
    </p>
   </div>
   <div class='ocr_carea' id='block_1_97' title="bbox 216 4745 688 4812">
    <p class='ocr_par' dir='ltr' id='par_1_97' title="bbox 216 4745 688 4812">
     <span class='ocr_line' id='line_1_97' title="bbox 216 4745 688 4812; baseline -0.008 -9"><span class='ocrx_word' id='word_1_694' title='bbox 216 4763 245 4792; x_wconf 75' lang='grc' dir='ltr'>ι</span> <span class='ocrx_word' id='word_1_695' title='bbox 279 4747 601 4812; x_wconf 78' lang='lat' dir='ltr'><strong>Prov..xm,</strong></span> <span class='ocrx_word' id='word_1_696' title='bbox 633 4745 688 4800; x_wconf 90' lang='lat'><strong>9.</strong></span> 
     </span>
    </p>
   </div>
   <div class='ocr_carea' id='block_1_98' title="bbox 1838 4394 3415 4466">
    <p class='ocr_par' dir='ltr' id='par_1_98' title="bbox 1838 4394 3415 4466">
     <span class='ocr_line' id='line_1_98' title="bbox 1838 4394 3415 4466; baseline 0 -16"><span class='ocrx_word' id='word_1_697' title='bbox 1838 4396 1913 4452; x_wconf 90' lang='lat' dir='ltr'><strong>cti</strong></span> <span class='ocrx_word' id='word_1_698' title='bbox 1936 4394 2084 4464; x_wconf 80' lang='lat' dir='ltr'><strong>digni</strong></span> <span class='ocrx_word' id='word_1_699' title='bbox 2119 4399 2443 4464; x_wconf 83' lang='lat' dir='ltr'><strong>appareant,</strong></span> <span class='ocrx_word' id='word_1_700' title='bbox 2492 4400 2551 4446; x_wconf 90' lang='lat' dir='ltr'><strong>ut</strong></span> <span class='ocrx_word' id='word_1_701' title='bbox 2593 4394 2739 4462; x_wconf 88' lang='lat' dir='ltr'><strong>apud</strong></span> <span class='ocrx_word' id='word_1_702' title='bbox 2791 4394 2939 4461; x_wconf 86' lang='lat' dir='ltr'><strong>illos,</strong></span> <span class='ocrx_word' id='word_1_703' title='bbox 2991 4396 3139 4465; x_wconf 90' lang='lat' dir='ltr'><strong>quod</strong></span> <span class='ocrx_word' id='word_1_704' title='bbox 3190 4396 3415 4466; x_wconf 90' lang='lat' dir='ltr'><strong>quidem</strong></span> 
     </span>
    </p>
   </div>
   <div class='ocr_carea' id='block_1_99' title="bbox 1839 4484 3413 4554">
    <p class='ocr_par' dir='ltr' id='par_1_99' title="bbox 1839 4484 3413 4554">
     <span class='ocr_line' id='line_1_99' title="bbox 1839 4484 3413 4554; baseline -0.002 -10"><span class='ocrx_word' id='word_1_705' title='bbox 1839 4489 2123 4550; x_wconf 79' lang='lat' dir='ltr'><strong>existimo,</strong></span> <span class='ocrx_word' id='word_1_706' title='bbox 2158 4486 2305 4541; x_wconf 89' lang='lat' dir='ltr'><strong>velut</strong></span> <span class='ocrx_word' id='word_1_707' title='bbox 2342 4500 2563 4554; x_wconf 86' lang='lat' dir='ltr'><strong>aquam,</strong></span> <span class='ocrx_word' id='word_1_708' title='bbox 2599 4484 2804 4539; x_wconf 71' lang='lat' dir='ltr'><strong>aﬂ‘atim</strong></span> <span class='ocrx_word' id='word_1_709' title='bbox 2838 4486 2906 4540; x_wconf 88' lang='lat' dir='ltr'><strong>ad</strong></span> <span class='ocrx_word' id='word_1_710' title='bbox 2939 4488 3210 4543; x_wconf 89' lang='lat' dir='ltr'><strong>bonorum</strong></span> <span class='ocrx_word' id='word_1_711' title='bbox 3251 4497 3413 4543; x_wconf 60' lang='lat' dir='ltr'><strong>atter-</strong></span> 
     </span>
    </p>
   </div>
   <div class='ocr_carea' id='block_1_100' title="bbox 1838 4574 3416 4648">
    <p class='ocr_par' dir='ltr' id='par_1_100' title="bbox 1838 4574 3416 4648">
     <span class='ocr_line' id='line_1_100' title="bbox 1838 4574 3416 4648; baseline -0.001 -14"><span class='ocrx_word' id='word_1_712' title='bbox 1838 4595 2039 4634; x_wconf 92' lang='lat' dir='ltr'><strong>norum</strong></span> <span class='ocrx_word' id='word_1_713' title='bbox 2074 4576 2519 4633; x_wconf 88' lang='lat' dir='ltr'><strong>conciliationem</strong></span> <span class='ocrx_word' id='word_1_714' title='bbox 2550 4574 2699 4630; x_wconf 89' lang='lat' dir='ltr'><strong>domi</strong></span> <span class='ocrx_word' id='word_1_715' title='bbox 2729 4577 2869 4631; x_wconf 89' lang='lat' dir='ltr'><strong>bona</strong></span> <span class='ocrx_word' id='word_1_716' title='bbox 2898 4585 3166 4648; x_wconf 87' lang='lat' dir='ltr'><strong>reponant</strong></span> <span class='ocrx_word' id='word_1_717' title='bbox 3200 4592 3265 4633; x_wconf 90' lang='lat' dir='ltr'><strong>ac</strong></span> <span class='ocrx_word' id='word_1_718' title='bbox 3290 4576 3416 4633; x_wconf 72' lang='grc' dir='ltr'>οσο-</span> 
     </span>
    </p>
   </div>
   <div class='ocr_carea' id='block_1_101' title="bbox 1838 4681 1986 4726">
    <p class='ocr_par' dir='ltr' id='par_1_101' title="bbox 1838 4681 1986 4726">
     <span class='ocr_line' id='line_1_101' title="bbox 1838 4681 1986 4726; baseline 0 -1"><span class='ocrx_word' id='word_1_719' title='bbox 1838 4681 1986 4726; x_wconf 88' lang='lat' dir='ltr'><strong>rant.</strong></span> 
     </span>
    </p>
   </div>
   <div class='ocr_carea' id='block_1_102' title="bbox 1473 4811 2153 4878">
    <p class='ocr_par' dir='ltr' id='par_1_102' title="bbox 1473 4811 2153 4878">
     <span class='ocr_line' id='line_1_102' title="bbox 1473 4811 2153 4878; baseline 0.015 -10"><span class='ocrx_word' id='word_1_720' title='bbox 1473 4811 1715 4873; x_wconf 74' lang='lat' dir='ltr'><strong>VARle</strong></span> <span class='ocrx_word' id='word_1_721' title='bbox 1744 4819 2153 4878; x_wconf 81' lang='lat' dir='ltr'><strong>LECTIONES.</strong></span> 
     </span>
    </p>
   </div>
   <div class='ocr_carea' id='block_1_103' title="bbox 214 4924 2677 5020">
    <p class='ocr_par' dir='ltr' id='par_1_103' title="bbox 214 4924 2677 5020">
     <span class='ocr_line' id='line_1_103' title="bbox 214 4924 2677 5020; baseline 0.009 -43"><span class='ocrx_word' id='word_1_722' title='bbox 214 4939 264 4971; x_wconf 73' lang='grc' dir='ltr'><strong>ιθ</strong></span> <span class='ocrx_word' id='word_1_723' title='bbox 298 4937 404 5006; x_wconf 67' lang='lat' dir='ltr'><strong>leg,</strong></span> <span class='ocrx_word' id='word_1_724' title='bbox 433 4933 647 5005; x_wconf 81' lang='grc' dir='ltr'>καιρόν,</span> <span class='ocrx_word' id='word_1_725' title='bbox 724 4932 769 4963; x_wconf 75' lang='grc' dir='ltr'><strong>³ο</strong></span> <span class='ocrx_word' id='word_1_726' title='bbox 797 4931 884 4985; x_wconf 82' lang='grc' dir='ltr'>τσ.</span> <span class='ocrx_word' id='word_1_727' title='bbox 908 4924 1048 4983; x_wconf 72' lang='grc' dir='ltr'>εἶδεν</span> <span class='ocrx_word' id='word_1_728' title='bbox 1076 4927 1238 4999; x_wconf 81' lang='grc' dir='ltr'>αὐτή.</span> <span class='ocrx_word' id='word_1_729' title='bbox 1317 4928 1358 4961; x_wconf 84' lang='grc'>⁸¹</span> <span class='ocrx_word' id='word_1_730' title='bbox 1379 4928 1469 4984; x_wconf 84' lang='grc' dir='ltr'>ἵσ.</span> <span class='ocrx_word' id='word_1_731' title='bbox 1507 4932 1724 5003; x_wconf 84' lang='grc' dir='ltr'>πρώτου</span> <span class='ocrx_word' id='word_1_732' title='bbox 1751 4935 1808 4990; x_wconf 82' lang='grc' dir='ltr'>δὲ</span> <span class='ocrx_word' id='word_1_733' title='bbox 1826 4938 1973 4992; x_wconf 88' lang='grc' dir='ltr'>θείου</span> <span class='ocrx_word' id='word_1_734' title='bbox 2006 4939 2204 5012; x_wconf 86' lang='grc' dir='ltr'>δώρου.</span> <span class='ocrx_word' id='word_1_735' title='bbox 2282 4944 2326 4977; x_wconf 82' lang='grc'><em>³³</em></span> <span class='ocrx_word' id='word_1_736' title='bbox 2355 4944 2441 4999; x_wconf 73' lang='grc' dir='ltr'>τον.</span> <span class='ocrx_word' id='word_1_737' title='bbox 2475 4945 2677 5020; x_wconf 83' lang='grc' dir='ltr'>ἐχούσῃ</span> 
     </span>
    </p>
   </div>
   <div class='ocr_carea' id='block_1_104' title="bbox 1487 5045 2143 5111">
    <p class='ocr_par' dir='ltr' id='par_1_104' title="bbox 1487 5045 2143 5111">
     <span class='ocr_line' id='line_1_104' title="bbox 1487 5045 2143 5111; baseline 0.02 -13"><span class='ocrx_word' id='word_1_738' title='bbox 1487 5045 1874 5106; x_wconf 78' lang='lat' dir='ltr'><strong>COMBEFISII</strong></span> <span class='ocrx_word' id='word_1_739' title='bbox 1912 5051 2143 5111; x_wconf 62' lang='lat' dir='ltr'><strong>NOTAE.</strong></span> 
     </span>
    </p>
   </div>
   <div class='ocr_carea' id='block_1_105' title="bbox 221 5134 3409 5223">
    <p class='ocr_par' dir='ltr' id='par_1_105' title="bbox 221 5134 3409 5223">
     <span class='ocr_line' id='line_1_105' title="bbox 221 5134 3409 5223; baseline 0.004 -26"><span class='ocrx_word' id='word_1_740' title='bbox 221 5143 336 5223; x_wconf 63' lang='lat'><strong>[99)</strong></span> <span class='ocrx_word' id='word_1_741' title='bbox 364 5141 593 5223; x_wconf 60' lang='lat' dir='ltr'><strong>Cuidanr</strong></span> <span class='ocrx_word' id='word_1_742' title='bbox 613 5139 855 5223; x_wconf 60' lang='lat' dir='ltr'><strong>Stacfu’w</strong></span> <span class='ocrx_word' id='word_1_743' title='bbox 875 5137 1103 5223; x_wconf 75' lang='lat' dir='ltr'><strong>nomine.</strong></span> <span class='ocrx_word' id='word_1_744' title='bbox 1126 5134 1721 5223; x_wconf 55' lang='grc' dir='ltr'>ξιξῶΣτοιχείῳέχούσῃ</span> <span class='ocrx_word' id='word_1_745' title='bbox 1830 5145 2069 5208; x_wconf 86' lang='lat' dir='ltr'><strong>vidente,</strong></span> <span class='ocrx_word' id='word_1_746' title='bbox 2102 5164 2219 5216; x_wconf 84' lang='lat' dir='ltr'><strong>quae</strong></span> <span class='ocrx_word' id='word_1_747' title='bbox 2249 5150 2381 5223; x_wconf 83' lang='lat' dir='ltr'><strong>aliis</strong></span> <span class='ocrx_word' id='word_1_748' title='bbox 2405 5152 2613 5217; x_wconf 90' lang='lat' dir='ltr'><strong>retulit,</strong></span> <span class='ocrx_word' id='word_1_749' title='bbox 2648 5153 2867 5223; x_wconf 89' lang='lat' dir='ltr'><strong>ipsique</strong></span> <span class='ocrx_word' id='word_1_750' title='bbox 2903 5155 3040 5209; x_wconf 88' lang='lat' dir='ltr'><strong>adeo</strong></span> <span class='ocrx_word' id='word_1_751' title='bbox 3074 5154 3308 5220; x_wconf 67' lang='lat' dir='ltr'><strong>feminae,</strong></span> <span class='ocrx_word' id='word_1_752' title='bbox 3342 5159 3409 5212; x_wconf 85' lang='lat' dir='ltr'><strong>ad</strong></span> 
     </span>
    </p>
   </div>
   <div class='ocr_carea' id='block_1_106' title="bbox 120 5209 3409 5286">
    <p class='ocr_par' dir='ltr' id='par_1_106' title="bbox 120 5209 3409 5286">
     <span class='ocr_line' id='line_1_106' title="bbox 120 5209 3409 5286; baseline 0.006 -24"><span class='ocrx_word' id='word_1_753' title='bbox 120 5224 201 5277; x_wconf 67' lang='grc' dir='ltr'><strong>τὸ</strong></span> <span class='ocrx_word' id='word_1_754' title='bbox 225 5209 435 5286; x_wconf 46' lang='lat' dir='ltr'><strong>avena.</strong></span> <span class='ocrx_word' id='word_1_755' title='bbox 466 5212 694 5286; x_wconf 83' lang='lat' dir='ltr'><strong>Accipio</strong></span> <span class='ocrx_word' id='word_1_756' title='bbox 720 5218 780 5286; x_wconf 88' lang='lat' dir='ltr'><strong>_ut</strong></span> <span class='ocrx_word' id='word_1_757' title='bbox 814 5223 1013 5286; x_wconf 75' lang='lat' dir='ltr'><strong>nomen</strong></span> <span class='ocrx_word' id='word_1_758' title='bbox 1051 5209 1358 5286; x_wconf 77' lang='lat' dir='ltr'><strong>proprium,</strong></span> <span class='ocrx_word' id='word_1_759' title='bbox 1384 5210 1471 5286; x_wconf 88' lang='lat' dir='ltr'><strong>c_ui</strong></span> <span class='ocrx_word' id='word_1_760' title='bbox 1492 5209 1721 5286; x_wconf 63' lang='lat' dir='ltr'><strong>_illa,_dé</strong></span> <span class='ocrx_word' id='word_1_761' title='bbox 1827 5231 1990 5283; x_wconf 85' lang='lat' dir='ltr'><strong>quam</strong></span> <span class='ocrx_word' id='word_1_762' title='bbox 2025 5209 2301 5286; x_wconf 78' lang='lat' dir='ltr'><strong>spectaret</strong></span> <span class='ocrx_word' id='word_1_763' title='bbox 2335 5222 2474 5276; x_wconf 90' lang='lat' dir='ltr'><strong>visio</strong></span> <span class='ocrx_word' id='word_1_764' title='bbox 2514 5209 2790 5279; x_wconf 46' lang='lat' dir='ltr'><strong>haec.‘Sic&#39;</strong></span> <span class='ocrx_word' id='word_1_765' title='bbox 2814 5226 2868 5277; x_wconf 94' lang='lat' dir='ltr'><strong>in</strong></span> <span class='ocrx_word' id='word_1_766' title='bbox 2907 5226 3030 5280; x_wconf 90' lang='lat' dir='ltr'><strong>aliis</strong></span> <span class='ocrx_word' id='word_1_767' title='bbox 3060 5226 3244 5279; x_wconf 87' lang='lat' dir='ltr'><strong>conati</strong></span> <span class='ocrx_word' id='word_1_768' title='bbox 3275 5209 3409 5281; x_wconf 73' lang='lat' dir='ltr'><strong>sunt</strong></span> 
     </span>
    </p>
   </div>
   <div class='ocr_carea' id='block_1_107' title="bbox 122 5277 1718 5362">
    <p class='ocr_par' dir='ltr' id='par_1_107' title="bbox 122 5277 1718 5362">
     <span class='ocr_line' id='line_1_107' title="bbox 122 5277 1718 5362; baseline -0.007 -17"><span class='ocrx_word' id='word_1_769' title='bbox 122 5277 351 5362; x_wconf 54' lang='lat' dir='ltr'><strong>puella&quot;</strong></span> <span class='ocrx_word' id='word_1_770' title='bbox 376 5277 679 5362; x_wconf 66' lang='lat' dir='ltr'><strong>paenitente</strong></span> <span class='ocrx_word' id='word_1_771' title='bbox 720 5279 947 5362; x_wconf 43' lang='lat' dir='ltr'><strong>inclusa.</strong></span> <span class='ocrx_word' id='word_1_772' title='bbox 976 5277 1122 5360; x_wconf 75' lang='lat' dir='ltr'><strong>facta</strong></span> <span class='ocrx_word' id='word_1_773' title='bbox 1169 5278 1242 5362; x_wconf 67' lang='lat' dir='ltr'><strong>sit</strong></span> <span class='ocrx_word' id='word_1_774' title='bbox 1281 5278 1563 5362; x_wconf 77' lang='lat' dir='ltr'><strong>revelatio.</strong></span> <span class='ocrx_word' id='word_1_775' title='bbox 1602 5278 1718 5362; x_wconf 75' lang='lat' dir='ltr'><strong>Me-</strong></span> 
     </span>
    </p>
   </div>
   <div class='ocr_carea' id='block_1_108' title="bbox 120 5348 1721 5422">
    <p class='ocr_par' dir='ltr' id='par_1_108' title="bbox 120 5348 1721 5422">
     <span class='ocr_line' id='line_1_108' title="bbox 120 5348 1721 5422; baseline -0.007 -7"><span class='ocrx_word' id='word_1_776' title='bbox 120 5348 282 5415; x_wconf 76' lang='lat' dir='ltr'><strong>iesta</strong></span> <span class='ocrx_word' id='word_1_777' title='bbox 312 5348 503 5408; x_wconf 43' lang='lat' dir='ltr'><strong>ist-haec</strong></span> <span class='ocrx_word' id='word_1_778' title='bbox 530 5364 791 5422; x_wconf 84' lang='lat' dir='ltr'><strong>generum</strong></span> <span class='ocrx_word' id='word_1_779' title='bbox 815 5348 1098 5422; x_wconf 76' lang='lat' dir='ltr'><strong>confusio,</strong></span> <span class='ocrx_word' id='word_1_780' title='bbox 1131 5348 1352 5422; x_wconf 73' lang='lat' dir='ltr'><strong>aliaque</strong></span> <span class='ocrx_word' id='word_1_781' title='bbox 1380 5348 1721 5422; x_wconf 14' lang='lat' dir='ltr'><strong>siveia‘ucto-</strong></span> 
     </span>
    </p>
   </div>
   <div class='ocr_carea' id='block_1_109' title="bbox 118 5417 1718 5492">
    <p class='ocr_par' dir='ltr' id='par_1_109' title="bbox 118 5417 1718 5492">
     <span class='ocr_line' id='line_1_109' title="bbox 118 5417 1718 5492; baseline -0.008 -7"><span class='ocrx_word' id='word_1_782' title='bbox 118 5430 242 5490; x_wconf 84' lang='lat' dir='ltr'><strong>ris,</strong></span> <span class='ocrx_word' id='word_1_783' title='bbox 289 5424 408 5479; x_wconf 84' lang='lat' dir='ltr'><strong>sive</strong></span> <span class='ocrx_word' id='word_1_784' title='bbox 438 5417 756 5492; x_wconf 71' lang='lat' dir='ltr'><strong>antiquarii,</strong></span> <span class='ocrx_word' id='word_1_785' title='bbox 797 5419 1152 5492; x_wconf 77' lang='lat' dir='ltr'><strong>aut__rnenda,</strong></span> <span class='ocrx_word' id='word_1_786' title='bbox 1186 5426 1281 5470; x_wconf 87' lang='lat' dir='ltr'><strong>attt</strong></span> <span class='ocrx_word' id='word_1_787' title='bbox 1302 5417 1521 5492; x_wconf 58' lang='lat' dir='ltr'><strong>dialecti</strong></span> <span class='ocrx_word' id='word_1_788' title='bbox 1564 5419 1718 5492; x_wconf 70' lang='lat' dir='ltr'><strong>inso-</strong></span> 
     </span>
    </p>
   </div>
   <div class='ocr_carea' id='block_1_110' title="bbox 122 5482 1715 5560">
    <p class='ocr_par' dir='ltr' id='par_1_110' title="bbox 122 5482 1715 5560">
     <span class='ocr_line' id='line_1_110' title="bbox 122 5482 1715 5560; baseline -0.007 -6"><span class='ocrx_word' id='word_1_789' title='bbox 122 5482 345 5554; x_wconf 68' lang='lat' dir='ltr'><strong>lentes.</strong></span> <span class='ocrx_word' id='word_1_790' title='bbox 381 5492 519 5560; x_wconf 81' lang='lat' dir='ltr'><strong>Mala</strong></span> <span class='ocrx_word' id='word_1_791' title='bbox 552 5482 975 5559; x_wconf 32' lang='lat' dir='ltr'><strong>estma’rginalis</strong></span> <span class='ocrx_word' id='word_1_792' title='bbox 1000 5487 1338 5560; x_wconf 75' lang='lat' dir='ltr'><strong>conjectura,</strong></span> <span class='ocrx_word' id='word_1_793' title='bbox 1379 5482 1519 5540; x_wconf 82' lang='grc' dir='ltr'>εἶδεν</span> <span class='ocrx_word' id='word_1_794' title='bbox 1554 5491 1715 5560; x_wconf 83' lang='grc' dir='ltr'>αὐτή.</span> 
     </span>
    </p>
   </div>
   <div class='ocr_carea' id='block_1_111' title="bbox 120 5557 1717 5625">
    <p class='ocr_par' dir='ltr' id='par_1_111' title="bbox 120 5557 1717 5625">
     <span class='ocr_line' id='line_1_111' title="bbox 120 5557 1717 5625; baseline -0.007 -1"><span class='ocrx_word' id='word_1_795' title='bbox 120 5566 337 5624; x_wconf 84' lang='lat' dir='ltr'><strong>Fuerit</strong></span> <span class='ocrx_word' id='word_1_796' title='bbox 390 5559 526 5616; x_wconf 76' lang='grc' dir='ltr'>εἶδον</span> <span class='ocrx_word' id='word_1_797' title='bbox 578 5557 921 5625; x_wconf 70' lang='grc' dir='ltr'>αὐταί,“ιιηε</span> <span class='ocrx_word' id='word_1_798' title='bbox 965 5559 1220 5612; x_wconf 86' lang='lat' dir='ltr'><strong>nimirum</strong></span> <span class='ocrx_word' id='word_1_799' title='bbox 1266 5557 1355 5610; x_wconf 83' lang='lat' dir='ltr'><strong>illa</strong></span> <span class='ocrx_word' id='word_1_800' title='bbox 1419 5557 1717 5613; x_wconf 79' lang='lat' dir='ltr'><strong>memorata</strong></span> 
     </span>
    </p>
   </div>
   <div class='ocr_carea' id='block_1_112' title="bbox 1825 5287 3408 5364">
    <p class='ocr_par' dir='ltr' id='par_1_112' title="bbox 1825 5287 3408 5364">
     <span class='ocr_line' id='line_1_112' title="bbox 1825 5287 3408 5364; baseline 0.008 -26"><span class='ocrx_word' id='word_1_801' title='bbox 1825 5287 2121 5364; x_wconf 69' lang='lat' dir='ltr'><strong>emendare</strong></span> <span class='ocrx_word' id='word_1_802' title='bbox 2169 5305 2279 5364; x_wconf 84' lang='lat' dir='ltr'><strong>non</strong></span> <span class='ocrx_word' id='word_1_803' title='bbox 2310 5299 2524 5364; x_wconf 72' lang='lat' dir='ltr'><strong>tantum</strong></span> <span class='ocrx_word' id='word_1_804' title='bbox 2571 5294 2922 5364; x_wconf 86' lang='lat' dir='ltr'><strong>typographi,</strong></span> <span class='ocrx_word' id='word_1_805' title='bbox 2967 5295 3063 5349; x_wconf 90' lang='lat' dir='ltr'><strong>sed</strong></span> <span class='ocrx_word' id='word_1_806' title='bbox 3114 5302 3169 5348; x_wconf 90' lang='lat' dir='ltr'><strong>et</strong></span> <span class='ocrx_word' id='word_1_807' title='bbox 3218 5307 3408 5351; x_wconf 85' lang='lat' dir='ltr'><strong>nostra</strong></span> 
     </span>
    </p>
   </div>
   <div class='ocr_carea' id='block_1_113' title="bbox 1824 5356 3409 5445">
    <p class='ocr_par' dir='ltr' id='par_1_113' title="bbox 1824 5356 3409 5445">
     <span class='ocr_line' id='line_1_113' title="bbox 1824 5356 3409 5445; baseline 0.009 -38"><span class='ocrx_word' id='word_1_808' title='bbox 1824 5356 2166 5424; x_wconf 86' lang='lat' dir='ltr'><strong>amplissimo</strong></span> <span class='ocrx_word' id='word_1_809' title='bbox 2194 5360 2260 5445; x_wconf 68' lang='lat' dir='ltr'><strong>ad</strong></span> <span class='ocrx_word' id='word_1_810' title='bbox 2301 5360 2459 5415; x_wconf 80' lang='lat' dir='ltr'><strong>finem</strong></span> <span class='ocrx_word' id='word_1_811' title='bbox 2512 5356 2960 5445; x_wconf 43' lang='lat' dir='ltr'><strong>cuj&#39;usqite&#39;libri,</strong></span> <span class='ocrx_word' id='word_1_812' title='bbox 3007 5364 3321 5435; x_wconf 82' lang='lat' dir='ltr'><strong>graviorum</strong></span> <span class='ocrx_word' id='word_1_813' title='bbox 3352 5375 3409 5445; x_wconf 74' lang='lat' dir='ltr'><strong>et</strong></span> 
     </span>
    </p>
   </div>
   <div class='ocr_carea' id='block_1_114' title="bbox 1826 5430 3406 5551">
    <p class='ocr_par' dir='ltr' id='par_1_114' title="bbox 1826 5430 3406 5551">
     <span class='ocr_line' id='line_1_114' title="bbox 1826 5430 3406 5551; baseline 0.007 -73"><span class='ocrx_word' id='word_1_814' title='bbox 1826 5441 1948 5551; x_wconf 49' lang='lat' dir='ltr'><strong>quae</strong></span> <span class='ocrx_word' id='word_1_815' title='bbox 1970 5437 2197 5495; x_wconf 86' lang='lat' dir='ltr'><strong>possent</strong></span> <span class='ocrx_word' id='word_1_816' title='bbox 2225 5430 2485 5487; x_wconf 92' lang='lat' dir='ltr'><strong>lectorem</strong></span> <span class='ocrx_word' id='word_1_817' title='bbox 2522 5430 2748 5501; x_wconf 77' lang='lat' dir='ltr'><strong>morari,</strong></span> <span class='ocrx_word' id='word_1_818' title='bbox 2787 5430 3033 5504; x_wconf 76' lang='lat' dir='ltr'><strong>ascripto</strong></span> <span class='ocrx_word' id='word_1_819' title='bbox 3064 5437 3406 5492; x_wconf 88' lang='lat' dir='ltr'><strong>correctorio</strong></span> 
     </span>
     <span class='ocr_line' id='line_1_115' title="bbox 1829 5511 2031 5551; baseline 0.015 -3"><span class='ocrx_word' id='word_1_820' title='bbox 1829 5511 1883 5549; x_wconf 83' lang='lat' dir='ltr'><strong>tn</strong></span> <span class='ocrx_word' id='word_1_821' title='bbox 1929 5512 2031 5551; x_wconf 87' lang='lat' dir='ltr'><strong>tce.</strong></span> 
     </span>
    </p>
   </div>
   <div class='ocr_carea' id='block_1_115' title="bbox 1829 5511 2031 5551">
    <p class='ocr_par' dir='ltr' id='par_1_115' title="bbox 1829 5511 2031 5551">
     <span class='ocr_line' id='line_1_116' title="bbox 1829 5511 2031 5551; baseline 0.01 -3"><span class='ocrx_word' id='word_1_822' title='bbox 1829 5511 2031 5551; x_wconf 84' lang='lat' dir='ltr'><strong>mulce.</strong></span> 
     </span>
    </p>
   </div>
  </div>
