3978 6140
572 188 718 254 1255
900 260 903 263 ,
1494 264 1499 269 .

1149 306 1407 366 ORATIO
1438 311 1557 367 XX.

778 417 857 474 De
889 428 1196 490 argumento
1239 421 1525 478 Publicam‘
1550 434 1601 478 et
1629 422 1917 480 Phariswi.

636 593 925 650 Publieaui
979 593 1360 665 Pharisaeique
1391 596 1622 651 materia
1655 597 1827 652 veluti
1862 610 2136 667 pratexer-

563 685 916 740 citamentum
949 684 1228 755 quoddam
1275 694 1332 742 ct
1363 687 1694 757 praeparatio
1732 690 2016 758 proposita
2052 694 2138 743 est

560 776 653 842 iis,
679 775 772 845 qui
824 777 1018 832 volunt
1075 778 1361 834 adhaerere
1382 789 1590 835 sancta:
1616 779 1945 847 humilitati,
2007 795 2133 850 quae

559 869 849 925 universas
888 870 1243 941 amplectitur
1260 871 1519 937 virtutes,
1551 871 1756 941 quibus
1789 874 2135 942 comparatio

558 960 715 1030 regni
752 962 993 1018 caelestis
1027 979 1157 1019 vere
1190 965 1471 1029 innititur,
1502 963 1785 1033 simulque
1814 978 1844 1016 a
1876 964 2137 1034 superbia

557 1064 679 1120 qua:
734 1049 846 1105 Deo
902 1051 1079 1108 invisa
1107 1060 1194 1108 est
1255 1054 1555 1117 declinare,
1606 1068 1729 1123 quae
1760 1054 2036 1110 hominem
2067 1056 2137 1111 ab

557 1141 818 1197 omnibus
844 1141 1176 1199 Christianis
1202 1145 1503 1201 virtutibus
1541 1146 1768 1199 avertit.
1823 1144 1962 1211 Quis
2001 1160 2136 1217 ergo

557 1230 702 1285 haud
736 1232 1091 1287 aemulabitur
1116 1234 1476 1290 Publicanum
1499 1235 1863 1306 ejusdemque
1892 1251 2136 1293 conver-

554 1321 768 1377 sionem
791 1331 954 1393 atque
972 1325 1376 1393 paenitentiam,
1411 1335 1465 1382 et
1501 1326 1766 1382 Pharisaei
1794 1327 1997 1384 fastum
2019 1344 2134 1383 non

556 1400 936 1469 aversabituﬂr?
968 1416 1242 1486 siquidem
1300 1418 1586 1474 humilitas
1650 1418 1874 1487 quidem
1909 1419 2135 1475 Christo

554 1501 862 1573 conjungit,
892 1504 1152 1574 superbia
1176 1519 1307 1560 vero
1336 1507 1571 1561 tumenti
1598 1507 1834 1562 diemoni
1857 1515 2025 1580 atque
2051 1509 2134 1565 fa-

448 1649 455 1655 _
553 1599 673 1646 stus
708 1591 887 1661 pleno.

625 1681 896 1751 Superbia
927 1684 1226 1755 principem
1257 1686 1603 1756 angelorum,
1629 1688 1719 1743 cui
1761 1689 1930 1745 etiam’
1956 1688 2126 1745 Luci-

553 1769 634 1825 fer
662 1786 860 1825 nomen
907 1780 1047 1838 erat,
1078 1773 1365 1829 diabolum
1390 1789 1622 1843 prorsus
1648 1774 1850 1831 effecit.
1877 1777 2002 1831 Haac
2032 1792 2126 1831 no-

552 1862 650 1915 stri
686 1864 901 1931 generis
933 1871 1214 1919 auctorem
1264 1864 1534 1919 Adamum
1560 1868 1818 1937 paradiso
1851 1867 2069 1938 expulit
2098 1884 2112 1922 :

556 1968 576 2002 ι
599 1950 859 2020 Deposuit
892 1962 1146 2023 potentes
1163 1955 1231 2010 de
1254 1956 1491 2021 throuis,
1546 1969 1601 2013 ct
1639 1958 1903 2013 exaltavit
1941 1957 2124 2012 humi-

550 2041 629 2095 les
647 2050 691 2094 ε.
708 2061 724 2093 ι
738 2074 795 2083 -
811 2060 831 2094 ‹
859 2045 1117 2099 Dominus
1135 2047 1392 2115 superbis
1413 2048 1643 2113 resistit,
1667 2048 1969 2103 humilibus
1988 2063 2123 2104 vero

549 2131 643 2185 dat
659 2133 890 2199 gratiam
913 2134 998 2186 ιι.»
1023 2132 1148 2188 Haec
1168 2134 1514 2190 Pharaonem
1538 2136 1801 2206 deponit:
1823 2155 1840 2188 ι
1862 2136 2013 2191 Dixit
2041 2137 2124 2191 in-

548 2223 756 2293 sipiens
786 2223 839 2276 iu
869 2226 1038 2280 corde
1071 2241 1197 2289 suo,
1254 2224 1373 2280 Non
1402 2236 1491 2282 est
1524 2228 1667 2282 Deus
1704 2230 1747 2282 ί.
1791 2247 1809 2280 ι
1851 2227 1978 2283 Haec
2007 2226 2120 2281 Na-

548 2313 1060 2370 buchodonosorem
1111 2316 1298 2386 dejicit
1331 2335 1346 2370 :
1381 2336 1399 2369 ι
1436 2317 1734 2373 Dominum
1765 2320 1913 2379 enim
1949 2318 2119 2375 Deum

547 2414 699 2457 tuum
722 2405 1007 2471 adorabis,
1037 2414 1090 2462 et
1122 2407 1228 2477 ipsi
1265 2409 1370 2463 soli
1399 2408 1681 2465 serviesi.
1719 2429 1739 2462 ι
1794 2409 1901 2465 Et:
1941 2428 1960 2462 ι
1997 2409 2118 2466 Νοη

544 2495 715 2549 facies
762 2496 929 2550 ullam
996 2496 1296 2568 imaginem
1333 2499 1382 2553 ιι.
1424 2518 1443 2551 ι
1479 2500 1742 2566 Quamvis
1790 2501 1867 2556 illi
1897 2500 2117 2570 quidem

543 2585 775 2639 morbus
801 2586 906 2641 iste
925 2586 1142 2641 ablatus
1170 2599 1279 2653 est,
1312 2588 1443 2643 huic
1469 2604 1597 2644 vero
1620 2590 1676 2643 in
1704 2591 1950 2644 habitum
1987 2590 2119 2645 affe-

540 2672 652 2725 ctio
688 2673 913 2727 transit.
949 2672 1087 2729 Vere
1122 2674 1293 2731 febris
1321 2684 1407 2731 est
1458 2679 1739 2746 superbia,
1771 2695 1894 2750 qua:
1931 2681 2118 2751 subja-

540 2770 662 2816 ceat
691 2764 878 2816 sensui
903 2762 1194 2819 febrientis
1219 2784 1234 2832 ;
1264 2766 1421 2822 furor
1453 2777 1538 2823 est
1569 2770 1863 2826 vehemens
1904 2773 1971 2827 ad
1998 2774 2115 2827 rui-

541 2868 665 2904 uam
698 2853 978 2908 hominem
1012 2857 1277 2924 trahens;
1308 2858 1553 2930 hydrops
1580 2869 1667 2915 est
1697 2861 1855 2931 plena
1886 2864 2029 2919 aeris
2062 2874 2118 2920 et

539 2957 721 3012 aqum.

612 3055 631 3087 ‹
669 3035 804 3103 Quis
831 3037 980 3091 enim
1012 3038 1267 3093 ascendit
1292 3041 1349 3093 in
1385 3048 1627 3095 montem
1662 3041 1874 3097 Domini
1904 3044 1928 3097 Τ
1957 3043 2117 3099 Iuno-

537 3137 673 3184 cens
696 3131 953 3183 manibus
984 3136 1041 3183 et
1067 3130 1303 3185 mundus
1334 3133 1524 3197 corde,
1544 3134 1638 3202 qui
1693 3149 1801 3188 non
1834 3137 2116 3205 accepitin

537 3236 678 3275 vano
694 3223 934 3274 animam
962 3236 1118 3277 suam
1149 3220 1193 3277 1.
1226 3242 1245 3274 ι
1278 3222 1609 3291 Hujusmodi
1635 3235 1751 3280 erat
1778 3226 1910 3297 Tyri
1965 3228 2118 3281 vani-

535 3320 621 3366 tas
638 3323 801 3380 atque
825 3313 1012 3376 elatio,
1031 3329 1151 3381 quae
1174 3314 1423 3368 humoris
1445 3316 1637 3385 gratia:
1661 3316 1935 3385 jactur-am
1962 3317 2113 3383 fecit,

536 3413 680 3456 terra
702 3404 893 3474 utique
922 3416 1204 3460 arescens.
1240 3405 1408 3462 Scitis
1446 3423 1682 3479 namque
1708 3410 1853 3465 istuc
1885 3425 1992 3481 qua
2021 3425 2116 3465 ra-

536 3495 708 3561 tione,
738 3511 920 3564 quave
947 3498 1315 3566 experientia,
1344 3500 1620 3569 superbus
1638 3515 1746 3555 non
1768 3500 1977 3571 indiget
1998 3516 2116 3571 per-

532 3587 754 3641 ticieute
785 3585 879 3641 Dei
911 3589 1092 3658 gratia
1125 3604 1138 3639 :
1176 3598 1342 3658 atque
1375 3589 1581 3645 idcirco
1610 3592 1730 3646 sine
1773 3592 2002 3647 humore
2024 3603 2110 3649 est

533 3677 745 3742 aridus,
821 3688 974 3732 caret
1005 3678 1161 3732 vitali
1222 3680 1409 3736 calore
1435 3689 1490 3736 et
1542 3681 1701 3736 vitali
1749 3682 2110 3743 irroratioue.

531 3768 590 3824 In
622 3770 726 3823 hoc
777 3770 1162 3839 quippe‘inani
1196 3772 1398 3830 arbore
1456 3772 1650 3829 nidum
1675 3790 1838 3831 suum
1863 3778 2112 3834 elaborat

532 3859 855 3932 nycticorax
893 3861 1168 3918 diabolus.

602 4035 784 4105 Atque
810 4043 871 4090 ut
898 4037 1090 4107 paucis
1117 4038 1320 4106 dicam,
1347 4041 1633 4100 humilitas
1660 4046 1824 4102 altrix
1857 4058 1944 4106 est
1995 4052 2109 4105 vir-

531 4135 731 4191 tutum,
766 4129 1123 4200 pietatisque,
1157 4131 1211 4186 it.
1252 4148 1361 4203 qua
1396 4134 1716 4193 Christiana
1748 4142 2108 4210 pulchritudo

528 4219 632 4273 sita
657 4227 763 4283 est,
792 4229 976 4289 caput,
1011 4222 1166 4291 origo
1206 4230 1260 4278 et
1295 4224 1442 4281 linis.
1476 4225 1574 4281 Est
1604 4230 1924 4296 passionum
1956 4248 2104 4288 mor-

529 4309 784 4373 tificatio,
816 4312 1029 4381 peccati
1067 4314 1293 4381 ablatio,
1340 4316 1590 4374 humoris
1630 4319 1685 4374 in
1741 4321 1928 4379 radice
1978 4325 2101 4381 fidei

528 4402 899 4456 conservatio.
954 4401 1254 4460 Humilitas
1296 4416 1381 4460 est
1438 4424 1562 4463 cum
1616 4410 1706 4466 Dei
1767 4414 1966 4470 timore
2009 4420 2104 4486 qui

525 4491 768 4545 extrudit
796 4492 1166 4561 iniquitatem,
1231 4499 1693 4566 quemadmodum
1744 4505 1821 4558 ait
1854 4515 1910 4561 et
1950 4506 2104 4564 Jere—

527 4581 668 4635 mias
699 4589 754 4636 et
786 4580 1070 4639 Salomon.
1116 4585 1260 4642 Sane
1300 4591 1449 4644 enim
1487 4610 1507 4644 ι
1546 4591 1766 4650 Initium
1810 4601 2100 4670 sapientiae

525 4683 611 4726 est
640 4674 805 4728 timor
825 4673 1049 4730 Domini
1074 4686 1136 4731 ιι.
1175 4697 1194 4730 ι
1231 4678 1328 4736 [iis
1359 4685 1602 4741 concinit
1630 4696 1685 4743 et
1712 4690 1907 4749 beatus
1965 4693 2101 4751 Pau-

525 4761 632 4816 lus.
675 4762 802 4819 Haec
835 4765 1194 4823 Publicanum
1245 4786 1550 4841 praeconem
1597 4779 1842 4849 Spiritus
1872 4786 2037 4842 ellicit
2079 4806 2094 4845 :

523 4862 580 4905 at
606 4855 865 4923 superbia
889 4855 1227 4916 Pharisaaum
1251 4861 1417 4920 inane
1442 4865 1574 4922 facit
1629 4882 1949 4943 tympanum
1982 4880 2098 4934 fru-

523 4951 638 4999 stra
670 4945 931 5001 tiuuieus.
959 4948 1209 5006 Profecto
1235 4968 1454 5023 pomum
1475 4957 1868 5020 Sodomiticum
1887 4983 1968 5024 est
1996 4971 2096 5043 hy-

521 5038 752 5106 pocrita,
782 5047 1069 5096 maturans
1099 5044 1320 5113 quidem
1345 5046 1482 5105 belle
1512 5067 1635 5121 quae
1660 5066 1790 5110 sunt
1820 5038 2050 5116 externa
2078 5103 2093 5128 ,

523 5130 665 5198 ψιοει
694 5136 839 5184 vero
868 5132 933 5186 ad
958 5133 1176 5189 interna
1221 5139 1489 5208 pertinet,
1519 5145 1776 5213 putridus
1807 5158 1892 5206 est
1928 5163 2094 5223 atque

521 5220 792 5291 ingratus.

464 5291 473 5311 ’
589 5316 848 5401 Ascendit
911 5318 967 5373 in
1000 5319 1263 5392 templum
1309 5320 1668 5395 Publicanus,
1734 5337 2096 5409 ascenditque

594 5508 618 5545 ε
651 5507 781 5585 Lu_c.
809 5527 845 5585 ι,
884 5513 971 5585 Si.
1048 5515 1216 5575 hJac.
1253 5536 1328 5584 tv,
1364 5521 1419 5577 6.
1501 5525 1517 5567 ί
1564 5526 1706 5585 Psal.
1773 5543 1868 5584 ιιι.

520 5588 676 5638 xxm,
714 5580 766 5642 3,
804 5582 855 5636 4.
882 5584 935 5637 5.
1014 5596 1051 5616 ’³³
1084 5587 1245 5644 Prov.
1282 5580 1325 5657 I,
1356 5592 1406 5647 7.

1744 209 1805 268 S.
1836 206 2160 271 ANDREIE
2185 212 2605 278 CRETENSIS

2168 330 2216 385 A

2031 5538 2044 5589 i
2077 5539 2356 5613 Slattlmv=
2396 5549 2500 5617 10;
2578 5551 2735 5608 Deut.
2755 5551 2842 5623 ‘vr,
2880 5560 2963 5614 l3.
3044 5563 3069 5602 ιι
3110 5563 3281 5622 Exod.
3313 5586 3412 5637 xx,
3446 5576 3503 5630 4.

3698 218 3820 282 1255

2877 322 3097 380 ΛΟΓΟΣ
3119 325 3206 381 K'.

2309 433 2452 502 Περὶ
2479 431 2591 501 τῆς
2634 432 2981 502 ὑποθέσεως
3027 437 3138 491 τοῦ
3189 435 3464 492 Τελώνου
3518 437 3621 492 καὶ
3654 437 3759 493 τοῦ

2857 508 3229 574 Φαρισαίου.

2321 615 2386 670 Ἦ
2415 617 2504 672 διὰ
2534 617 2630 672 τοῦ
2659 619 2908 674 Τελώνου
2942 620 3039 688 καὶι
3062 621 3158 675 τοῦ
3190 623 3489 693 Φαρισαίου
3515 623 3620 694 ὕλη
3644 618 3750 677 οἷόν
3774 641 3818 678 τι

2237 707 2648 781 προγύμνασμα
2704 712 2800 764 καὶ
2863 712 3284 784 προοδοποίησις
3346 715 3643 785 πρόκειται
3710 719 3819 778 τοῖς

2239 798 2587 870 βουλομένοις
2619 799 2841 871 ἔχεσθαι
2882 804 2985 873 τῆς
3039 805 3196 874 ἱερᾶς
3245 804 3671 869 ταπεινότητος,
3729 807 3818 874 τῆς

2237 892 2428 945 πασῶν
2456 891 2564 945 τῶν
2589 892 2803 964 ἀρετῶν
2832 893 3280 965 λαμϐανομένης,
3303 891 3395 959 αῖς
3424 898 3459 966 ή
3495 897 3695 966 κτῆσις
3727 897 3819 964 τῆς

2239 980 2516 1050 βασιλείας
2529 981 2639 1035 τῶν
2663 982 2912 1059 οὐρανῶν
2951 984 3122 1047 ὅντως
3152 984 3451 1055 ἐνίδρυται,
3473 986 3570 1039 καὶ
3588 988 3692 1057 τῆς
3713 986 3825 1039 0co-
3839 978 3873 1021 ί-

2240 1072 2432 1142 μισοῦς
2455 1074 2775 1137 ἀλαζονείας
2798 1075 3121 1143 ἀπέχεσθαι,
3154 1076 3258 1145 τῆς
3285 1077 3477 1131 πασῶν
3515 1078 3632 1131 τῶν
3672 1080 3818 1148 φιλο-

2236 1163 2474 1232 χρίστων
2498 1165 2709 1234 ἀρετῶν
2755 1166 3222 1237 παρατρεπούσης
3248 1169 3342 1221 τὸν
3372 1168 3694 1239 ἄνθρωπον.
3729 1171 3819 1233 Τίς

2235 1253 2330 1308 οὖν
2352 1254 2413 1307 ού
2442 1254 2676 1326 ζηλώσει
2720 1257 2814 1311 τὸν
2858 1257 3131 1330 Τελὼνην,
3196 1261 3292 1315 καὶ
3330 1262 3433 1331 τὴν
3483 1264 3817 1334 ἐπιστροφὴν

2237 1345 2427 1411 αὐτοῦ,
2460 1348 2553 1400 καὶ
2579 1347 2679 1419 τὴν
2714 1351 3108 1420 μεταμέλειαν,
3130 1354 3227 1406 καὶ
3259 1353 3353 1406 τοῦ
3384 1356 3693 1425 Φαρισαίου
3726 1358 3817 1408 οὐκ

2234 1438 2587 1493 ἀποσείσεται
2633 1438 2726 1492 τὸν
2775 1440 2979 1509 ὅγκονς
3030 1444 3191 1512 είπερ
3241 1446 3274 1515 ἡ
3343 1446 3441 1515 μὲν
3489 1447 3817 1510 ταπείνωσις

2235 1530 2570 1584 συνάπτεται
2598 1531 2678 1602 τῷ
2704 1533 2951 1604 Χριστῷ,
2980 1536 3014 1606 ἡ
3048 1534 3105 1588 δὲ
3141 1535 3430 1599 ἀλαζονεία
3486 1538 3569 1607 τῷ
3594 1556 3815 1611 πεφρο-

2235 1620 2629 1690 νηματισμένῳ
2662 1623 2759 1675 καὶ
2792 1624 2990 1695 πλήρει
3018 1624 3185 1692 ὄγκου
3217 1627 3459 1697 δαίμονι.

2310 1708 2376 1763 Ἡ
2409 1711 2700 1775 ἀλαζονεία
2721 1713 2814 1767 τὸν
2845 1716 3064 1786 πρῶτον
3088 1718 3198 1771 τῶν
3226 1718 3477 1788 ἀγγέλων
3626 1722 3814 1791 κλῆσις

2228 1801 2325 1854 καὶ
2365 1801 2676 1875 Ἐωσφόρος
2703 1800 2795 1875 ἦν,
2829 1807 3051 1871 πάντως
3077 1807 3323 1863 διάϐολον
3349 1812 3613 1884 καθιστᾷ.
3667 1814 3815 1883 Δῦτη

2225 1893 2316 1946 τὸν
2332 1894 2606 1967 γενάρχην
2638 1896 2810 1968 Ἀδὰμ
2830 1898 2923 1951 τοῦ
2944 1900 3275 1970 παραδείσου
3293 1902 3582 1968 ἐξωθεῖται
3603 1923 3651 1958 ⁸(
3677 1908 3816 1962 Kue-

2226 1982 2336 2036 εἷλε
2363 1983 2634 2048 δυνάστας
2664 1987 2773 2040 ἀπὸ
2801 1987 3010 2058 θρόνων
3039 2031 3055 2054 ,
3084 1992 3180 2044 καὶ
3211 1992 3428 2062 ὕψωσεν
3458 1999 3810 2062 ταπεινούς.»

2231 2092 2251 2124 ι
2275 2073 2480 2143 Κύριος
2513 2077 2891 2149 ὑπερηφάνοις
2937 2082 3349 2151 ἀντιτάσσεται,
3397 2088 3497 2141 καὶ
3532 2095 3814 2154 ταπεινοῖς

2223 2163 2411 2218 δίδωσι
2438 2166 2619 2236 χάριν.
2651 2170 2827 2239 »Αὕτη
2861 2173 3215 2228 κατατίθεται
3247 2177 3339 2231 τὸν
3380 2180 3588 2250 Φαραώ
3620 2198 3636 2212 ’
3678 2202 3697 2234 ι
3727 2178 3813 2236 Εἴ-

2222 2271 2324 2307 πεν
2353 2256 2544 2327 ἄφρων
2583 2260 2642 2313 ὲν
2667 2261 2865 2334 καρδίᾳ
2886 2263 3077 2332 αὑτοῦ,
3108 2267 3224 2321 Οὐκ
3250 2268 3367 2322 ἐστι
3392 2270 3552 2335 Θεός.
3594 2293 3614 2324 ι
3661 2275 3808 2348 Αὕτη

2220 2347 2315 2400 τὸν
2337 2347 2807 2423 Ναϐουχοδονόσορ
2837 2355 3237 2412 καταϐάλλεται
3260 2374 3275 2390 ⁸
3303 2379 3323 2412 ‹
3348 2362 3542 2435 Κυρίῳ
3554 2365 3670 2438 γὰρ
3696 2367 3810 2438 Θεῷ

2224 2455 2317 2492 σου
2360 2443 2781 2514 προσκυνήσεις,
2836 2446 2932 2500 καὶ
2987 2447 3138 2519 αὐτῷ
3202 2452 3352 2524 μόνῳ
3403 2454 3752 2527 λατρεύσεις.
3786 2479 3802 2511 ι

2222 2532 2355 2585 Καίο
2393 2553 2411 2584 r
2442 2535 2515 2587 Οὐ
2550 2537 2799 2606 ποιήσεις
2827 2537 2979 2593 οὐδὲν
3007 2542 3283 2614 ὁμοίωμα.
3314 2566 3333 2599 ι
3379 2547 3444 2601 Εἰ
3477 2553 3577 2605 καὶ
3604 2552 3683 2623 τῷ
3713 2555 3808 2624 μὲν

2220 2623 2255 2691 ἠ
2283 2620 2436 2684 νόσος
2464 2621 2671 2689 λύεται,
2699 2626 2776 2696 τῷ
2809 2626 2867 2680 δὲ
2886 2627 3001 2696 ἕξις
3019 2631 3231 2696 γίνεται
3262 2635 3322 2688 τδ
3354 2637 3550 2702 πάθος.
3596 2620 3809 2706 Ὄντως

2220 2715 2451 2784 πυρετός
2481 2718 2626 2769 ἐστιν
2653 2718 3073 2791 ήὺπερηφανία,
3111 2726 3500 2783 ύποπίπτουσα
3528 2735 3597 2803 τῇ
3618 2735 3809 2805 αἰσθή-

2220 2820 2302 2857 σει
2325 2803 2418 2856 τοῦ
2459 2806 2836 2877 πυρέττοντος,
2871 2814 3115 2882 φρενῖτις
3134 2816 3284 2889 δεινὴ
3315 2821 3396 2882 είς
3449 2822 3665 2875 πτῶσιν
3717 2803 3809 2879 τδν

2217 2891 2505 2962 ἄνθρωπον
2528 2895 2931 2967 παροξύνουσα,
2962 2900 3151 2974 ὕδρωψ
3201 2906 3446 2977 ἐμπλεος
3491 2912 3661 2985 ἀέρος
3714 2919 3809 2970 καὶ

2141 2979 2186 3038 C
2222 2982 2432 3048 ὕδατος.

2296 3093 2315 3124 ι
2352 3077 2447 3138 Τίς
2472 3077 2582 3149 γὰρ
2605 3079 2943 3151 ἀναϐήσεται
2967 3086 3049 3150 είς
3087 3087 3146 3141 τὸ
3164 3089 3292 3160 ὅρος
3319 3094 3564 3165 Κυρίους
3602 3098 3807 3165 ’Δθῶος

2218 3167 2396 3236 χερσὶ,
2433 3170 2528 3220 καὶ
2572 3171 2812 3241 καθαρὸς
2859 3177 2928 3244 τῇ
2969 3176 3187 3249 καρδίᾳ,
3236 3180 3296 3246 ὃς
3339 3184 3444 3237 οὐκ
3483 3185 3682 3242 ἔλαϐεν
3712 3193 3806 3244 ἐπὶ

2221 3258 2436 3327 ματαίῳ
2464 3258 2564 3329 τὴν
2595 3259 2772 3332 ψυχὴν
2800 3265 2987 3321 αὑτοῦ.
3012 3286 3031 3319 ι
3060 3268 3296 3341 Τοιαύτη
3321 3270 3391 3346 ἦν
3426 3277 3461 3345 ή
3489 3277 3589 3331 τοῦ
3626 3281 3804 3352 Τύρου

2221 3349 2519 3418 ματαιότης
2557 3354 2654 3404 καὶ
2691 3355 3009 3428 ἀγερωχία,
3043 3362 3076 3430 ἡ
3109 3363 3205 3432 τὴν
3232 3367 3437 3438 ἰκμάδα
3489 3349 3801 3434 ἀποϐαλλο-

2218 3440 2352 3536 μένη
2401 3439 2502 3507 τῆς
2549 3442 2791 3514 χάριτος,
2842 3446 2917 3515 γῆ
2982 3449 3230 3522 ἄνικμος.
3265 3458 3411 3511 Ἵστε
3461 3463 3575 3532 γὰρ
3629 3467 3799 3536 δήπου

2214 3532 2371 3587 τοῦτο
2401 3537 2494 3588 καὶ
2525 3536 2669 3609 λόγῳ
2700 3541 2798 3593 καὶ
2824 3542 3011 3613 πείρᾳ,
3051 3547 3080 3598 ὁ
3136 3547 3352 3611 ἀλαζὼν
3388 3554 3453 3605 οὐ
3486 3532 3796 3630 δεῖται-τῆς

2212 3624 2565 3696 τελειωτικῆς
2602 3629 2695 3681 τοῦ
2723 3629 2858 3684 Θεοῦ
2888 3634 3110 3704 χάριτος
3142 3654 3156 3666 ·
3219 3641 3309 3693 καὶ
3338 3643 3431 3696 διὰ
3464 3647 3628 3701 τοῦτό
3653 3624 3793 3703 ἐστι)

2212 3714 2442 3807 ἄνικμος
2472 3716 2567 3807 καὶ
2616 3717 2802 3807 ξηρὸς,
2848 3721 3100 3779 λείπεται
3142 3727 3236 3780 τοῦ
3282 3729 3522 3795 ζωτικοῦ
3563 3736 3793 3807 θερμοῦ,

2212 3801 2308 3854 καὶ
2359 3803 2457 3874 τῆς
2502 3803 2748 3878 ζωούσης
2783 3809 3097 3880 ὑγρότητος.
3155 3817 3243 3869 Ἐν
3291 3820 3469 3892 τούτῳ
3512 3801 3792 3897 κενῷ-ὄντι

2209 3892 2413 3987 δένδρῳ
2467 3896 2565 3965 τὴν
2624 3899 2821 3953 καλιάν
2872 3905 3165 3975 ἐργάζεται
3210 3911 3238 3961 ὁ
3292 3892 3640 3987 νυκτικόραξ-
3678 3921 3794 3974 διάη

2211 3982 2337 4034 ϐολο
2347 4001 2389 4044 ς.

2279 4074 2390 4127 Καὶ
2418 4075 2606 4140 ἁπλῶς
2632 4081 2829 4144 εἰπεῖν,
2867 4085 2898 4154 ἡ
2938 4087 3268 4154 ταπείνωσις
3318 4096 3524 4164 τροφὸς
3553 4099 3793 4173 ὑπάρχει

2208 4166 2316 4218 τῶν
2348 4169 2583 4237 ἀρετῶν,
2617 4172 2712 4224 τοῦ
2749 4174 3080 4243 Χριστιανοῢ
3120 4182 3353 4248 κάλλους
3379 4166 3794 4256 εὐσεϐείας-κε·

2136 4307 2182 4365 D
2210 4258 2435 4327 φάλαιον
2468 4263 2563 4315 καὶ
2581 4265 2725 4336 ἀρχὴ
2756 4272 2851 4321 καὶ
2871 4272 3042 4336 τέλος.
3089 4275 3210 4328 Τῶν
3255 4279 3445 4334 παθῶν
3487 4284 3791 4355 ἀναίρεσις.

2209 4356 2555 4427 συντήρησις⁸
2574 4359 2869 4431 ὑγρότητος
2925 4366 2981 4417 ὲν
3027 4370 3092 4437 τῇ
3130 4368 3254 4441 ῥίζῃ
3280 4372 3383 4439 τῆς
3415 4375 3679 4440 πίστεως.
3731 4379 3792 4432 Ἦ

2204 4450 2534 4518 ταπεινότης
2566 4449 2779 4505 σύνεστι
2810 4452 2888 4523 τῷ
2917 4455 3066 4524 φόϐῳ
3100 4457 3195 4510 τοῦ
3222 4459 3361 4513 Θεοῦ
3395 4463 3477 4534 τῷ
3512 4467 3791 4521 ἐλαύνοντι

2203 4535 2303 4604 τὴν
2332 4536 2586 4607 ἀνομίαν,
2613 4540 2691 4602 ὼς
2712 4540 2815 4609 ἔφη
2838 4545 2932 4595 καὶ
2952 4544 2979 4595 ὁ
3019 4545 3291 4617 Ἱερεμίας
3323 4554 3422 4605 καὶ
3452 4556 3484 4606 ὀ
3514 4556 3788 4627 Σολομὼν.

2208 4627 2603 4720 ’ρντωςῗγάρι
2655 4631 2823 4704 Ἀρχὴ
2853 4636 3049 4703 σοφίας
3090 4638 3256 4707 φόϐος
3285 4644 3523 4716 Κυρίου.
3565 4669 3587 4702 ι
3641 4652 3787 4720 Αὕτη

2200 4718 2293 4772 τὸν
2320 4718 2558 4789 τελώνην
2588 4721 2807 4791 κήρυκα
2851 4729 3083 4782 ποιεῖται
3118 4731 3212 4784 τοῦ
3247 4735 3574 4806 Πνεύματος
3594 4759 3609 4773 ·
3666 4746 3699 4814 ἡ

2203 4811 2489 4876 ἀλαζονεία
2521 4814 2611 4867 τὸν
2648 4817 2945 4887 Φαρισαῖον
2976 4824 3131 4875 κενὸν
3174 4826 3471 4895 ἐργάζεται
3505 4811 3785 4904 τύμπανον

2206 4902 2384 4972 μάτην
2409 4903 2701 4968 ἀλαλάζον.
2733 4910 2945 4975 Ὄντως
2972 4913 3096 4982 pote
3121 4915 3374 4987 Σοδόμων
3409 4924 3563 4977 ἐστὶν
3582 4902 3629 4980 -δ
3660 4929 3783 4981 dm-

2204 4995 2420 5065 κριτὴς,
2449 4997 2640 5076 πέπων
2673 4999 2742 5052 τὰ
2774 5000 2873 5068 μὲν
2926 5001 3125 5067 ἔξωθεν
3171 5008 3411 5076 ὡραῖος,
3436 5015 3509 5070 τὰ
3552 5019 3610 5073 δὲ
3645 5021 3779 5074 51:56-

2202 5084 2293 5138 οεν
2333 5073 2540 5158 σαπρός
2567 5107 2625 5141 τε
2661 5092 2752 5144 καὶ
2787 5091 3000 5164 ἄχαρις.

2285 5353 2473 5426 ’Λνέϐη
2505 5358 2583 5421 είς
2615 5360 2673 5412 τὸ
2708 5362 2902 5433 ίερὺνό
2934 5364 3321 5437 Τελὼνης,κα“ι
3349 5375 3523 5447 ἀνέϐη
3558 5382 3651 5434 καὶ
3680 5399 3770 5434 σω-

3588 5584 3602 5619 λ
3635 5579 3750 5633 i‘sal
