3978 6140
418 214 554 280 Πῖιθ

1607 210 2039 301 sexuum
2070 210 2492 271 CRETENSIS

3556 209 3700 279 1263

414 328 580 382 etiam
610 321 848 390 excepit,
880 330 938 375 ιιι
969 318 1187 373 Nathan
1233 324 1491 371 testatur.
1524 315 1645 370 Non
1676 297 1839 371 ἶιονὶι
1873 334 1983 388 pec-

2105 320 2613 390 παρηκολούθησεν,
2656 318 2731 381 ὡς
2768 318 3072 390 ἐμαρτύρει
3100 321 3129 372 δ
3164 318 3374 375 Ναθτὶν.
3398 321 3525 374 Οὐκ
3554 323 3701 391 ἔγνω

415 430 600 475 catum
648 430 811 469 suum
865 414 1205 476 Pharismus,
1241 418 1295 464 et
1348 427 1378 462 a
1428 410 1536 463 vita
1594 411 1754 482 longe
1812 410 1993 467 factus

415 526 521 567 ρει.

373 580 385 635 ⁸
485 604 549 655 Ει
578 599 867 656 considera
910 598 1205 667 diligenter
1233 597 1433 651 iterum
1493 595 1868 664 evangelicam
1908 594 1991 648 l0-

414 696 692 749 cutionem
728 710 742 746 :
776 709 796 743 ι
836 690 952 768 D_uo
984 690 1086 744 viri
1114 689 1488 744 ascenderunt
1532 690 1586 741 in
1633 688 1896 757 templum
1933 695 1993 741 ut

413 793 658 849 orarent,
709 798 853 837 unus
885 780 1201 835 Pharismus
1241 789 1301 834 et
1332 782 1471 835 alter
1510 778 1850 834 Publicanus
1885 789 1929 832 τ.
1967 798 1986 830 ι

411 880 470 934 1η
506 878 815 948 exemplum
862 885 917 931 et
961 875 1240 945 specimen
1297 876 1581 929 hominum
1632 875 1730 943 qui
1780 874 1992 942 seipsos

407 974 741 1043 justilicant,
790 975 1159 1025 contemnunt
1201 981 1334 1022 vero
1401 975 1743 1036 peccatores.
1796 964 1992 1020 Posuit

411 1065 753 1118 Phariszeum
786 1061 1055 1121 Dominus
1107 1061 1161 1115 in
1202 1060 1484 1130 exemplar
1531 1058 1988 1128 superbientium;

408 1151 778 1207 Publicanum
806 1165 940 1205 vero
971 1150 1158 1221 posuit
1209 1160 1473 1219 tanquam
1510 1148 1777 1202 indicium
1814 1148 1992 1202 homi-

409 1261 543 1299 num
581 1243 949 1314 peccantium,
980 1250 1148 1311 atque
1191 1254 1316 1294 cum
1350 1240 1518 1293 corde
1578 1239 1818 1293 contrito
1859 1252 1989 1291 ora-

408 1336 591 1389 tiones
640 1333 1135 1401 confessionesque
1188 1331 1560 1385 facientium:
1609 1346 1720 1399 quo
1767 1330 1987 1383 univer-

408 1441 504 1481 sus
529 1426 755 1481 doceret
779 1424 1093 1495 superbiam
1123 1424 1251 1477 odio
1279 1422 1564 1493 prosequi,
1588 1421 1988 1476 humilitatem-

408 1537 516 1589 que
545 1520 795 1598 diligere.

2101 411 2201 480 τὴν
2231 412 2365 464 ἰδιαν
2398 411 2673 481 ἁμαρτίαν
2718 412 2746 464 ὁ
2782 411 3095 481 Φαρισαῖος,
3125 414 3221 466 καὶ
3247 413 3348 481 τῆς
3375 412 3525 482 ζωῆς
3562 418 3700 488 πόρε

2104 501 2281 568 ῥωθεν
2305 500 2578 569 γίγνεται.

2175 590 2284 642 Καὶ
2320 592 2512 644 σκόπει
2548 591 2730 655 καλῶς
2767 593 3024 666 δεύτερον
3056 594 3154 666 τὴν
3197 596 3566 668 εὑαγγελικὴν
3600 601 3698 671 ﬁ-

2103 697 2187 734 σιν
2212 698 2226 712 ·
2269 683 2622 752 «Ἄνθρωποι
2646 683 2741 736 δύο
2768 685 3045 755 ἀνέϐησαν
3079 688 3160 749 εἰς
3181 686 3241 740 τὸ
3275 688 3422 759 ἱερὸν
3458 691 3697 759 προσεύ-

2102 771 2317 834 ξασθαι,
2343 773 2372 823 ὁ
2401 766 2480 835 εἷς
2518 774 2839 843 Φαρισαῖος,
2887 774 2983 828 καὶ
3021 777 3048 828 ὁ
3074 775 3327 846 δεύτερος
3361 777 3638 845 Τελώνιςς.
3670 798 3687 829 ι

2100 862 2194 923 Εἰς
2251 864 2603 933 παράδειγμα
2636 865 2732 917 καὶ
2769 865 2942 918 τύπον
2976 866 3084 919 τῶν
3120 867 3430 937 ἀνθρώπων
3471 870 3584 921 τῶν
3612 869 3691 923 διο

2100 953 2407 1007 καιούντων
2443 956 2695 1022 ἑαυτοὺς,
2729 956 3158 1020 ὲξουθενούντων
3198 960 3256 1011 δὲ
3286 960 3414 1022 τοὺς
3445 963 3690 1033 ἁμαρτά,-

2099 1063 2310 1109 νοντας.
2364 1048 2605 1117 Ἔθηκεν
2651 1049 2744 1101 τὸν
2773 1050 3071 1119 Φαρισαῖον
3101 1050 3310 1120 Κύριος
3360 1054 3441 1113 εἰς
3491 1054 3691 1122 δεῖγμα

2097 1137 2205 1189 τῶν
2234 1138 2622 1208 ὑπερηφάνων,
2650 1138 2743 1191 τὸν
2790 1139 2848 1192 δὲ
2881 1138 3132 1209 Τελὼνην
3158 1139 3359 1210 ἔθηκεν
3390 1144 3472 1203 είς
3514 1144 3691 1213 παρά-

2097 1226 2296 1295 δειγμα
2349 1227 2457 1279 τῶν
2517 1228 2943 1296 ἁμαρτανόντων
2989 1227 3338 1297 ἀνθρώπων,
3402 1228 3695 1300 καὶ“μετά

2101 1318 2569 1389 συντετριμμένης
2625 1320 2857 1389 καρδίας
2909 1319 3009 1384 τὰς
3075 1322 3395 1392 προσευχὰς
3445 1324 3541 1376 καὶ
3600 1326 3691 1387 ἐξ·

2097 1411 2459 1480 ομολογήσεις
2521 1412 2902 1481 ποιουμένων,
2960 1413 3047 1465 ἵνα
3080 1413 3266 1484 διδάξῃ
3333 1416 3543 1478 πάντας
3592 1416 3696 1485 τὴν

2100 1502 2200 1572 μὲν
2243 1503 2654 1573 ὑπερηφάνειαν
2705 1507 2905 1575 μισεῖν,
2954 1506 3053 1576 τὴν
3093 1506 3152 1558 δὲ
3184 1507 3522 1561 ταπείνωσιν
3554 1509 3695 1575 ἀγα-

2099 1611 2227 1648 παν.

478 1694 545 1748 Ει
578 1691 822 1749 ostendit
858 1690 1154 1746 manifeste
1181 1707 1249 1761 ex
1282 1690 1384 1744 hac
1418 1686 1676 1761 parabola
1709 1689 1983 1753 Christus,

2167 1688 2275 1740 Καὶ
2315 1689 2556 1742 δείκνυσι
2612 1688 2873 1759 καθαρῶς
2916 1690 3024 1743 ἀπὸ
3056 1690 3264 1761 ταύτης
3296 1691 3400 1760 τῆς
3438 1691 3690 1762 παραϐοο

401 1785 678 1855 justitiam
719 1793 774 1838 ct
802 1783 1064 1836 virtutem
1105 1796 1358 1849 magnam
1406 1797 1563 1844 esse,
1620 1789 1674 1834 et
1708 1781 1989 1834 hominem

407 1877 637 1945 propius
664 1872 731 1926 ad
768 1871 939 1927 Deum
970 1871 1203 1937 sistere;
1234 1872 1457 1941 quando
1494 1886 1625 1925 vero
1667 1872 1987 1940 superbiam

405 1968 792 2037 deprehendit,
842 1967 897 2020 in
928 1966 1100 2019 imum
1133 1965 1457 2019 barathrum
1482 1965 1761 2020 hominem
1792 1966 1986 2021 detru-

348 2096 355 2101 ρ
406 2061 508 2113 dit.
564 2058 679 2112 Hoc
729 2058 911 2127 ipsum
945 2057 1091 2110 enim
1134 2045 1521 2110 et'l’harisaao
1560 2057 1836 2127 contigit:
1879 2072 1986 2127 qua

403 2152 473 2208 de
506 2165 673 2207 causa
702 2150 870 2204 etiam
908 2148 1205 2203 damnatus
1242 2156 1350 2212 est,
1394 2160 1449 2202 et
1495 2148 1550 2201 in
1585 2149 1864 2202 interitum
1911 2150 1990 2202 la-

404 2260 558 2315 psus.
593 2242 863 2311 lnjustitia
913 2238 1285 2310 et'peceatum
1319 2239 1722 2294 abominationi
1766 2249 1820 2295 et
1859 2239 1989 2294 odio

403 2348 509 2399 est,
536 2349 701 2405 atque
729 2334 1123 2404 gravissimum
1154 2332 1417 2385 vitiorum
1470 2333 1743 2396 omnium,
1787 2342 1840 2386 et
1889 2335 1989 2387 ho-

402 2429 609 2483 minem
642 2443 672 2479 ιι
724 2423 835 2479 Deo
867 2438 1033 2493 quam
1077 2422 1405 2492 longissime
1435 2431 1605 2478 arcet.
1652 2423 1758 2477 Sed
1804 2424 1990 2477 humi-

403 2518 531 2572 litas
560 2533 655 2587 per
682 2514 1070 2586 pmnitentiam
1098 2525 1153 2568 et
1187 2512 1602 2568 confessionem
1639 2514 1785 2569 hunc
1821 2515 1988 2583 justi-

404 2608 531 2665 licet
580 2616 746 2675 atque
782 2606 964 2660 salute
1012 2603 1179 2659 ellicit
1230 2604 1483 2673 dignum,
1541 2606 1768 2673 propius
1818 2607 1985 2660 etiam

403 2701 663 2755 admovet
690 2708 744 2752 ct
786 2698 935 2752 sistit
981 2695 1112 2751 Deo.
1148 2680 1258 2750 Iloc
1288 2694 1628 2750 Publicanus
1658 2697 1894 2760 invenit,
1934 2706 1988 2751 et

404 2794 508 2847 hac
532 2791 600 2845 de
628 2805 793 2845 causa
834 2788 1171 2857 justitiaatus
1214 2796 1315 2852 est,
1355 2796 1520 2859 atque
1555 2789 1738 2843 salute
1786 2789 1987 2860 dignus

403 2884 656 2940 effectus.
674 2942 682 2949 ,

435 3103 439 3108 .
481 3084 499 3117 ι
539 3063 852 3120 Pharisazus
884 3072 1061 3126 stans,
1115 3061 1257 3131 apud
1309 3061 1667 3131 semetipsum
1722 3061 1978 3117 dicebat:
2010 3056 2054 3115 C

404 3156 572 3222 Deus,
605 3157 814 3226 gratias
838 3170 939 3226 ago
963 3154 1085 3218 tibi,
1122 3152 1268 3220 quod
1300 3168 1408 3205 non
1442 3168 1563 3208 sum
1611 3153 1759 3207 velut
1797 3152 1977 3208 caeteri

404 3250 716 3312 hominum,
748 3261 1001 3316 rapaces,
1048 3244 1222 3315 iniqui
1261 3255 1304 3296 ·.
1353 3263 1373 3295 ι
1416 3243 1575 3313 Papae
1617 3243 1974 3313 superbiam!

402 3357 568 3413 quam
607 3340 875 3394 Dominus
905 3348 956 3393 et
993 3340 1162 3393 Isaias
1193 3335 1545 3407 parvipendit
1571 3336 1738 3389 veluti
1766 3336 1978 3389 ducen-

402 3442 512 3489 tem
539 3433 591 3487 in
627 3430 952 3502 Egyptum,
981 3439 1034 3485 et
1060 3430 1314 3484 fiduciam
1347 3425 1653 3480 Pharaonis
1685 3427 1976 3480 habentem

402 3526 766 3595 umbramque
827 3521 1089 3592 Egypti,
1137 3519 1407 3588 juxtaque
1465 3532 1690 3571 sacrum
1750 3519 1979 3585 psallem

401 3615 595 3682 David,
620 3625 939 3685 pereuntem
966 3610 1288 3665 memoriam
1317 3622 1444 3661 cum
1477 3609 1684 3674 sonitu,
1718 3622 1828 3661 non
1854 3620 1982 3660 vero

400 3708 681 3761 memor-ise
715 3703 1138 3771 perennitatem.
1193 3698 1354 3769 Papae
1400 3714 1462 3754 os
1495 3699 1560 3752 ad
1590 3698 1838 3752 convicia
1863 3714 1983 3767 pro-

399 3796 565 3849 num!
606 3795 767 3863 juxta
806 3800 1023 3846 sextum
1072 3789 1487 3860 proverbiorum
1532 3791 1579 3841 ι.
1628 3806 1646 3837 ι
1677 3785 1797 3840 Non
1835 3802 1977 3852 sum,

400 3886 601 3953 inquit.
635 3885 784 3938 velut
814 3882 1001 3937 caeteri
1055 3881 1362 3943 hominum,
1416 3895 1667 3949 rapaces,
1716 3879 1891 3949 iniqui
1925 3889 1981 3935 et

400 3961 640 4039 mmchi:
662 3976 746 4029 vel
811 3974 977 4030 etiam
1012 3984 1271 4043 Ianquam
1330 3973 1435 4027 iste
1496 3970 1829 4036 Publicanus
1876 3973 1973 4028 ⁸³.»

399 4069 740 4138 Principium
790 4067 1063 4137 superbia:
1107 4065 1505 4121 contumeliam
1556 4072 1787 4135 apparet
1833 4078 1977 4120 esse.

396 4163 499 4229 Qui
539 4162 683 4216 enim
743 4168 973 4214 caeteros
1008 4158 1247 4228 despuit,
1280 4164 1446 4225 atque
1484 4156 1642 4211 nihili
1700 4157 1871 4213 hosce
1908 4155 1982 4209 fa-

396 4256 490 4318 cit,
518 4253 611 4307 sed
664 4252 807 4306 alios
857 4250 1079 4320 quidem
1125 4264 1222 4319 pro
1275 4248 1635 4319 pauperibus,
1692 4249 1833 4303 alios
1882 4264 1981 4318 pro

378 4338 757 4414 ignobilibus,
798 4342 937 4395 alios
961 4355 1061 4409 pro
1094 4340 1461 4395 inscientibus
1486 4348 1541 4393 et
1569 4339 1759 4395 idiotis
1792 4341 1977 4402 habet,

392 4434 661 4506 quosdam
702 4447 835 4488 vero
867 4447 966 4503 pro
992 4430 1217 4501 injustis
1248 4440 1303 4487 et
1334 4432 1753 4500 peccatoribus;
1785 4431 1978 4499 utique

391 4528 463 4583 ab
506 4524 824 4596 hujusmodi
889 4525 1140 4579 convicio
1205 4523 1513 4592 abripitur,
1571 4538 1743 4593 seque
1797 4522 1975 4578 solum

390 4634 515 4673 esse
561 4618 866 4689 sapientem
921 4615 1248 4679 arbitratur,
1305 4614 1655 4684 prudentem,
1712 4615 1975 4679 nobilem,

389 4711 581 4770 ditem,
616 4718 917 4780 potentem,
944 4707 1178 4777 justum,
1229 4715 1396 4778 atque
1446 4708 1665 4763 caeteris
1708 4720 1977 4778 praestan-

389 4804 591 4856 tiorem
656 4800 1029 4861 hominibus:
1082 4809 1278 4871 estque
1335 4801 1647 4855 convicium
1704 4803 1976 4872 superbia:

280 4899 293 4909 '
391 4894 744 4962 principium,
792 4892 1051 4963 superbia
1105 4908 1237 4948 vero
1282 4891 1428 4948 fetus
1471 4893 1716 4948 convicii
1770 4895 1970 4949 rnalus.

388 4981 682 5053 Propterea
716 4984 951 5038 celebris
1000 4983 1119 5038 dies
1173 4983 1391 5038 Domini
1451 4983 1752 5038 vindictam
1806 4984 1973 5038 faciet

386 5090 555 5145 super
604 5089 823 5129 omnem
878 5074 1313 5130 conviciatorem
1371 5083 1426 5131 et
1484 5076 1895 5145 superbientem
1953 5095 1966 5130 :

386 5177 618 5236 cognata
646 5166 794 5221 enim
830 5172 1053 5235 peccata
1088 5166 1225 5235 pari,
1250 5165 1413 5221 modo
1455 5168 1790 5236 puniuntur.

454 5254 708 5312 Ostendit
752 5256 1069 5311 Pharismus
1098 5263 1151 5310 et
1196 5256 1387 5310 habitu
1422 5271 1524 5310 suo
1564 5264 1620 5312 et
1660 5265 1808 5313 statu
1857 5265 1970 5312 cia-

385 5348 588 5404 tionem
635 5363 800 5417 quam
842 5348 1083 5409 habebat
1107 5357 1272 5417 atque
1333 5348 1686 5417 iactantiam.
1730 5348 1796 5403 Et
1848 5365 1969 5403 ser-

385 5455 577 5496 moncs
620 5440 839 5510 quidem
868 5441 988 5508 ejus
1017 5441 1086 5495 ab
1128 5441 1286 5499 initio
1332 5441 1475 5511 arqui
1515 5452 1690 5496 erant.
1742 5442 1970 5497 Dicebat

2010 4391 2057 4450 D

2093 1779 2192 1850 λῆς
2223 1783 2251 1834 ὁ
2274 1782 2535 1852 Χριστὸς,
2565 1782 2647 1833 ὅτι
2677 1783 2710 1848 ἡ
2743 1781 2846 1849 μὲν
2877 1782 3197 1852 δικαιοσύνη
3248 1782 3345 1835 καὶ
3374 1782 3541 1852 ἀρετὴ
3577 1799 3648 1852 με
3672 1810 3695 1821 ο

2091 1873 2235 1943 γάλη
2288 1873 2429 1935 ἐστὶ,
2475 1874 2572 1926 καὶ
2626 1874 2859 1941 πλησίον
2907 1872 3003 1927 τοῦ
3067 1873 3204 1926 Θεοῦ
3258 1874 3352 1926 τὸν
3398 1874 3693 1943 ἄνθρωπον

2092 1962 2345 2032 ἵστησιν·
2400 1962 2530 2015 ὃταν
2575 1961 2632 2013 δὲ
2680 1961 2780 2031 τὴν
2822 1962 3237 2032 ὑπερηφάνειαν
3281 1963 3691 2032 προσλὰϐηται,

2090 2055 2170 2116 εἰς
2200 2055 2291 2107 τὸν
2326 2052 2640 2108 κατώτατον
2684 2053 2844 2123 βυθὸν
2890 2055 3222 2127 ἀπορρίπτει
3254 2056 3347 2109 τὸν
3377 2056 3690 2127 ἄνθρωπον.

2090 2147 2265 2202 Τοῦτο
2292 2149 2399 2219 γὰρ
2422 2147 2515 2201 καὶ
2555 2146 2825 2199 πέπονθεν
2858 2149 2887 2199 ὁ
2930 2150 3247 2217 Φαρισαῖος,
3291 2148 3385 2201 καὶ
3415 2150 3525 2201 ἀπὸ
3556 2148 3693 2201 ταύ-

2089 2258 2189 2311 της
2220 2242 2321 2310 τῆς
2352 2240 2531 2303 αἰτίας
2566 2238 2890 2310 κατεκρίθη,
2918 2240 3014 2293 καὶ
3044 2243 3124 2303 εἰς
3156 2240 3434 2294 ἀπώλειαν
3467 2240 3691 2306 ἐξώκει-

2089 2332 2201 2385 λεν.
2248 2334 2314 2385 Ἢ
2346 2331 2402 2384 δὲ
2435 2331 2624 2384 ἀδικία
2662 2331 2758 2383 καὶ
2786 2333 2818 2401 ἡ
2856 2331 3103 2401 ἁμαρτία
3142 2331 3411 2402 βδελυκτή
3443 2334 3562 2384 ἐστι
3592 2331 3689 2385 καὶ

2092 2423 2320 2493 μισητὴ,
2349 2422 2667 2492 καῖ’πάσης
2703 2421 2903 2484 κακίας
2941 2422 3242 2493 βαρυτέρα,
3290 2423 3386 2476 καὶ
3414 2422 3689 2492 μακρύνει
3748 2414 3755 2419 ’

2086 2515 2179 2566 τὸν
2225 2514 2516 2586 ἄνθρωπον
2562 2515 2671 2568 ἀπὸ
2727 2511 2823 2567 τοῦ
2867 2512 3027 2567 Θεοῦ.
3072 2513 3237 2567 ’Λλλά
3269 2516 3302 2584 ή
3353 2515 3689 2576 ταπείνωσις

2088 2606 2179 2659 διὰ
2206 2609 2307 2677 τῆς
2344 2607 2634 2676 μετανοίας
2665 2606 2762 2659 καί⁵
2787 2605 3234 2675 ὲξομολογήσεως
3259 2607 3466 2659 δικαιοῖ
3494 2604 3689 2658 τοῦτον

2089 2700 2187 2752 καὶ
2219 2699 2496 2769 σωτηρίας
2524 2697 2688 2763 ἀξιοῖ,
2735 2698 2832 2750 καὶ
2889 2696 3123 2767 πλησίον
3152 2697 3307 2767 φέρει
3345 2698 3443 2751 καὶ
3495 2697 3688 2766 ἵστησι

2085 2789 2179 2843 τοῦ
2230 2790 2386 2842 Θεοῦ.
2445 2788 2620 2843 Τοῦτο
2668 2782 2828 2859 εὗρεν
2874 2789 2902 2840 ὁ
2934 2787 3211 2859 Τελώνης,
3263 2788 3363 2840 καὶ
3411 2787 3520 2840 ἀπὸ
3549 2787 3688 2840 ταύο

2087 2898 2185 2952 της
2235 2881 2336 2951 τῆς
2392 2879 2573 2943 αἰτίας
2628 2877 2962 2950 ἐδικαιώθη,
3031 2880 3123 2933 καὶ
3181 2878 3461 2949 σωτηρίας
3518 2860 3691 2948 ἠξίω-

2086 2991 2204 3028 ται.
2664 3007 2692 3046 ε.

2162 3083 2181 3116 ι
2220 3066 2277 3117 Ὁ
2311 3066 2607 3134 Φαρισαῖος
2660 3064 2917 3128 σταθεὶς,¹
2955 3063 3095 3133 πρὸς
3142 3063 3337 3116 ἑαυτὸν
3381 3060 3575 3119 εἶπενο
3624 3063 3688 3117 '0

2086 3157 2241 3223 Θεὸς,
2284 3156 2594 3226 εὐχαριστῶ
2630 3172 2737 3218 σοι,
2789 3156 2873 3208 ὅτι
2900 3155 3001 3207 οὐκ
3030 3155 3153 3224 είμί
3184 3153 3376 3225 ὥσπερ
3406 3156 3458 3208 οἰ
3502 3155 3690 3208 λοιποὶ

2083 3250 2193 3303 τῶν
2226 3248 2550 3318 ἀνθρώπων,
2585 3248 2854 3317 ἅρπαγες,
2887 3247 3115 3302 ἄδικοι.»
3156 3246 3332 3299 Βαϐαῖ.
3379 3248 3479 3317 τῆς
3517 3248 3688 3315 ὑπερ-

2082 3332 2394 3413 ηφανείαςί
2444 3340 2648 3408 Κύριος
2704 3340 2802 3392 καὶ
2848 3339 3075 3402 Ἡσαΐας
3108 3337 3373 3409 ὀλιγωρεῖ
3425 3340 3499 3401 ὼς
3553 3355 3688 3391 κατ-

2084 3436 2330 3504 ἀγούσης
2379 3436 2461 3497 εἰς
2491 3436 2793 3502 Αἴγυπτον,
2842 3434 2935 3486 καὶ
2966 3433 3169 3504 θάρσος
3199 3433 3431 3503 ἐχούσης
3451 3433 3544 3486 τοῦ
3574 3435 3688 3486 Φα-

2087 3526 2222 3597 ραὼ,
2251 3529 2344 3581 καὶ
2374 3510 2662 3595 σκιάνίτῆς
2688 3525 2987 3593 Αἰγύπτου,
3019 3525 3115 3578 καὶ
3148 3526 3370 3595 μνήμης
3402 3524 3689 3579 ἀπώλειαν

2087 3621 2208 3691 μετ’
2236 3620 2394 3690 ἦχοι),
2424 3617 2567 3671 κατά
2594 3616 2685 3670 τὸν
2719 3615 3049 3688 ἰεροψὰλτην
3078 3617 3264 3682 Δαϐὶδ,
3300 3618 3398 3671 καὶ
3435 3618 3510 3687 μὴ
3543 3618 3688 3688 μνή-

2086 3727 2195 3781 μης
2242 3709 2541 3777 ἀῖδιότητα.
2592 3708 2769 3779 Βαδαὶ
2824 3706 2919 3760 τοῦ
2971 3706 3341 3777 φιλολοιδόρου
3373 3707 3682 3777 στόματοςε

2084 3802 2227 3856 κατά
2254 3802 2317 3855 τὸ
2346 3803 2507 3855 ἕκτον
2555 3806 2665 3854 τῶν
2715 3801 3043 3871 Παροιμιῶν
3070 3818 3083 3832 ·
3121 3819 3140 3851 ι
3171 3800 3285 3853 Οὑκ
3311 3800 3451 3869 εἰμί,
3493 3802 3684 3871 φησὶν,

2084 3894 2276 3964 ὥσπερ
2307 3897 2354 3947 οἱ
2399 3893 2582 3947 λοιποὶ
2629 3893 2740 3947 τῶν
2786 3893 3115 3964 ἀνθρώπων,
3163 3892 3438 3962 ἅρπαγες,
3506 3894 3686 3947 ἄδικοι

2084 3987 2180 4041 καὶ
2214 3987 2415 4057 μοιχοὶ,
2463 3986 2497 4057 ἢ
2531 3986 2624 4039 καὶ
2654 3984 2729 4048 ὡς
2764 3978 2921 4048 οὗτος
2951 3985 2980 4036 ὁ
3011 3983 3287 4053 Τελὼνης.
3322 4002 3340 4034 ι
3383 3983 3554 4053 Ἀρχὴ
3583 3983 3683 4050 τῆς

2084 4076 2472 4149 ὑπερηφανίας
2518 4078 2553 4147 ή
2598 4075 2756 4146 ὕϐρις
2808 4074 3089 4144 φαίνεται.
3135 4074 3193 4126 ὐ
3239 4073 3349 4144 γὰρ
3404 4072 3683 4127 διαπτύων

2080 4170 2208 4232 τοὺς
2261 4169 2481 4233 ἄλλους,
2536 4167 2632 4222 καὶ
2684 4166 2852 4239 μηδὲν
2905 4166 3128 4229 τούτους
3178 4165 3510 4234 ἡγούμενος,
3544 4164 3682 4217 an:

2081 4261 2209 4323 τοὺς
2242 4260 2341 4330 μὲν
2375 4259 2648 4329 πτωχοὺς,
2686 4260 2812 4322 τοὺς
2853 4258 2910 4311 δὲ
2955 4258 3255 4325 δυσγενεῖς,
3300 4258 3432 4319 τοὺς
3451 4256 3507 4308 δὲ
3535 4259 3679 4325 ἀμαυ

2084 4352 2197 4415 θεῖς
2229 4351 2323 4403 καὶ
2365 4350 2585 4413 ἰδιώτας
2621 4349 3051 4420 ὑπολαμϐάνων,
3081 4349 3210 4412 τοὺς
3243 4348 3301 4401 δὲ
3332 4348 3561 4409 ἀδίκους
3584 4348 3679 4401 καὶ

2083 4442 2465 4515 ἁμαρτωλοὺς,
2509 4441 2576 4493 ἐκ
2619 4441 2720 4511 τῆς
2768 4439 2985 4508 ’ὑϐρεως
3031 4439 3239 4509 ταύτης
3270 4440 3653 4510 παρασύρεται

2084 4538 2179 4590 καὶ
2213 4537 2375 4608 μόνον
2409 4534 2604 4589 ἑαυτὸν
2629 4535 2802 4589 οἴεται
2832 4532 2974 4588 εἶναι
3009 4534 3194 4602 σοφὸν,
3232 4549 3479 4595 συνετον,
3518 4534 3645 4599 εὑγε

2083 4630 2173 4699 νῆ,
2204 4626 2482 4692 πλούσιον,
2510 4625 2759 4691 δυνατὸν,
2803 4626 3037 4689 δίκαιον,
3079 4626 3177 4678 καὶ
3204 4625 3427 4679 πάντων
3462 4624 3676 4695 ἀνθρώ-

2083 4738 2200 4774 πων
2257 4719 2599 4789 ὑπέρτερον⁸
2653 4720 2747 4772 καί⁸
2778 4717 2929 4771 ἔστιν
2977 4719 3011 4787 ἡ
3053 4716 3210 4787 ὖόρις
3264 4716 3675 4788 ὑπερηφανείας

2081 4812 2249 4883 ἀρχὴν
2276 4812 2372 4864 καὶ
2415 4813 2448 4882 ή
2494 4811 2875 4882 ὑπερηφάνεια
2904 4809 3079 4863 κακὸν
3115 4810 3216 4879 τῆς
3265 4807 3484 4878 ὕϐρεως
3515 4810 3673 4877 gyro.

2078 4916 2189 4954 νον.
2226 4898 2328 4951 Διὰ
2356 4898 2517 4951 τοῦτο
2566 4900 2664 4952 καὶ
2704 4900 2737 4969 ή
2776 4898 3061 4969 διαϐόητος
3107 4896 3292 4968 ἡμέρα
3337 4899 3547 4968 Κυρίου
3576 4900 3672 4966 τὴν

2076 4990 2360 5059 ἐκδίκησιν
2397 4991 2618 5060 ποιήσει
2659 4990 2751 5042 ἐπὶ
2802 4990 2981 5044 πάντα
3025 4988 3293 5059 ὑϐριστὴν
3337 4990 3435 5042 καὶ
3464 4991 3670 5061 ὑπερή-

2076 5095 2272 5145 φανον·
2308 5080 2366 5131 αἰ
2396 5078 2506 5150 γὰρ
2546 5083 2835 5147 συγγενεῖς
2862 5080 3131 5151 ἁμαρτίαι
3154 5079 3482 5149 ὁμοτρόπως
3510 5081 3669 5133 κολά-

2076 5171 2279 5234 ζονται.

2148 5261 2390 5326 Ἐδειξεν
2437 5263 2466 5315 ὁ
2498 5265 2795 5334 Φαρισαῖος
2831 5263 2928 5316 καὶ
2975 5264 3054 5333 τῷ
3092 5265 3337 5333 σχήματι
3382 5265 3550 5320 αὑτοῦ
3583 5267 3671 5319 καὶ

2076 5356 2141 5424 τῇ
2186 5355 2373 5408 στάσει
2400 5356 2499 5427 τὴν
2525 5356 2761 5426 ἔπαρσιν
2790 5357 2857 5426 ἢν
2891 5353 3028 5426 εἶχε,
3066 5360 3163 5411 καὶ
3195 5358 3297 5429 τὴν
3327 5358 3664 5423 ἀλαζονείαν.

2078 5447 2188 5499 Καὶ
2216 5449 2267 5505 0i
2303 5447 2401 5517 μὲν
2430 5448 2581 5516 λόγοι
2613 5449 2781 5503 αὑτοῦ
2831 5449 2891 5514 ἐξ
2916 5450 3094 5520 ἀρχῆς
3130 5445 3275 5520 ἦσαν
3307 5451 3661 5522 εὖγνώμονεΐ

456 5616 477 5644 ¹
515 5612 646 5669 Luc.
690 5632 842 5681 xvtu,
870 5615 949 5669 l0.
1029 5628 1050 5653 ⁸
1082 5617 1213 5672 Luc.
1249 5633 1410 5684 χχιιι,
1456 5618 1540 5672 ll.
1625 5619 1642 5654 ί
1684 5618 1845 5674 Prov.
1886 5638 1961 5685 τι,

2092 5622 2242 5691 iuxta
2271 5635 2515 5679 veterum
2549 5626 2873 5693 divisiones,
2894 5642 3029 5699 cap.
3067 5643 3141 5681 ri.
3219 5635 3247 5665 ιι
3289 5628 3425 5685 ibid.
