3978 6140
335 232 471 298 1263

1517 233 1578 292 8.
1604 231 1931 292 ΑΧΒΒΕΕ
1965 230 2388 292 CRETENSIS

3467 228 3598 292 ιεδι

327 363 447 402 rum
481 341 657 415 pretia
686 379 702 406 ,
737 341 958 411 aliaque
983 337 1216 411 plurima
1246 339 1536 394 sotvebant
1579 356 1646 394 ex
1675 340 1910 393 faculta-

2014 339 2452 412 ἁμαρτημάτων,
2481 337 2546 392 τὰ
2577 338 2714 408 ὑπὲρ
2740 336 3110 408 καθαρισμοῦ,
3160 337 3225 389 τὰ
3262 339 3320 390 ὲν
3357 339 3598 413 ἑορταῖς,

327 439 474 494 tibus
504 449 605 504 pro
638 433 884 504 peccatis
909 449 924 498 ;
959 431 1063 484 alia
1093 445 1192 501 pro
1219 431 1624 500 puriﬁcatione.
1645 432 1896 500 quaedam

328 529 382 581 in
417 527 599 588 festis,
651 523 918 578 n‘onnulla
969 521 1023 574 in
1059 520 1374 574 debitorum
1407 521 1807 584 deeisiouibus,
1845 523 1898 572 in

327 632 617 673 servorum
678 613 1122 673 dimissionibus,
1183 600 1347 680 atque
1399 613 1453 666 in
1509 613 1720 666 mutuis
1752 613 1902 665 nullo

327 711 516 764 fenore
555 705 820 776 gravatis.
875 705 1005 757 Haec
1062 717 1226 772 porro
1273 704 1462 758 omnia
1513 703 1820 758 universim
1855 701 1902 756 si

327 800 564 853 collecta
615 802 672 848 et
716 801 1119 848 connumerata
1171 794 1372 848 iuerint
1427 793 1718 849 dimidium
1767 793 1902 848 sub-

239 867 250 877 ’
313 889 543 944 stantia:
588 885 728 940 dans
772 886 958 947 homo,
1013 885 1151 938 nihil
1205 893 1386 938 tamen
1441 900 1700 955 magnum
1746 885 1901 948 facit,

321 979 456 1033 dum
505 977 775 1047 gloriatur
822 991 1058 1045 seseque
1107 975 1289 1042 eﬂ'ert,
1315 985 1370 1030 et
1415 977 1637 1046 quidem
1685 976 1904 1032 dicente

324 1071 618 1140 Evangeiio
679 1087 693 1124 :
755 1088 773 1122 ι
838 1068 953 1124 Nisi
1015 1069 1386 1125 abundaverit
1438 1070 1652 1138 justitia
1723 1081 1902 1124 vestra

323 1164 496 1233 magis
528 1177 696 1232 quam
742 1159 1068 1216 Scribarum
1116 1171 1170 1216 et
1207 1159 1637 1228 Pharisaeorum,
1675 1177 1782 1216 non
1817 1165 1903 1217 in-

323 1255 542 1310 trahitis
575 1255 626 1307 in
656 1268 886 1322 regnum
918 1253 1182 1306 caelorum
1217 1249 1266 1304 δ.
1301 1271 1320 1304 ι

396 1362 416 1396 ι
457 1345 799 1398 Publicanus
848 1351 1030 1398 autem
1077 1344 1295 1398 eminus
1349 1351 1530 1407 stans,
1569 1344 1789 1399 nolebat
1836 1359 1904 1401 ne

321 1439 515 1491 oculos
561 1437 783 1505 quidem
843 1436 899 1489 in
947 1436 1150 1490 cu-lum
1203 1437 1418 1500 tollere,
1457 1438 1550 1490 sed
1608 1438 1904 1507 plangebat

324 1540 527 1598 pectus
575 1543 762 1590 suum,
816 1525 1048 1581 dit-eus:
1099 1525 1242 1580 Deus
1276 1527 1558 1596 propitius
1593 1538 1716 1582 esto
1766 1531 1902 1583 tnihi

325 1619 626 1688 peceatori.
682 1617 818 1672 Dico
863 1619 1043 1682 vobis,
1075 1617 1364 1672 descendit
1402 1618 1504 1674 iste
1528 1618 1814 1688 judicatus
1845 1622 1900 1675 in

2001 436 2072 488 τὰ
2101 436 2157 486 έν
2185 437 2306 496 ταῖς
2341 433 2450 484 τῶν
2480 431 2660 501 χρεῶν
2692 433 3022 493 ἀποκοττλιῖς,
3058 431 3154 484 καὶ
3181 435 3299 490 τιίς
3335 433 3444 486 τῶν
3473 433 3596 486 δού-

2003 527 2110 580 λων
2137 525 2386 594 ἀφέσεσι,
2415 526 2510 576 καὶ
2533 525 2644 586 τοῖς
2664 522 2990 591 δανείσμασι
3013 527 3125 584 τοῖς
3147 525 3599 594 ἀπηλλαγμένοις

2001 621 2185 672 τόκου.
2224 616 2411 670 Ταῦτα
2455 615 2512 667 δὲ
2547 615 2729 668 πάντα
2788 613 3178 682 συντεθειμένα
3231 616 3325 668 καὶ
3371 633 3597 685 τίναρι·

2004 709 2306 778 θμούμενα,
2330 707 2386 760 τὸ
2407 708 2579 776 ἥμισυ
2606 706 2706 775 τῆς
2732 705 2920 768 οὐσίας
2947 705 3125 768 διδοὺς
3155 707 3249 758 ἀνθ
3261 705 3487 775 ρώποις,
3507 709 3601 761 οὗ-

2003 800 2090 852 δὲν
2115 798 2260 868 μέγα
2285 797 2585 867 ἐργάζεται
2605 796 2972 866 ἐπαιρόμενος
2999 795 3094 849 καὶ
3111 797 3599 868 ἀλαζονευόμενος,

2005 893 2301 947 καὶταῦτα
2338 893 2432 945 τοῦ
2470 891 2804 960 Εὑαγγε).ίου
2838 889 3119 956 λέγοντος·
3159 909 3179 942 ι
3227 892 3351 944 Ἐὰν
3394 893 3468 962 μὴ
3498 911 3602 946 πε-

2008 985 2266 1053 ρισσεύσῃ
2297 985 2328 1052 ἡ
2360 982 2675 1053 δικαιοσύνη
2705 981 2732 1032 ὑ
2743 981 2860 1050 μῶν
2885 981 3047 1033 πλέον
3078 982 3188 1033 τῶν
3215 984 3605 1054 Γραμματέων

2007 1074 2100 1124 καὶ
2134 1073 2466 1144 Φαρισαίων,
2497 1074 2598 1126 οὐκ
2642 1068 3020 1123 εἰσελεύσεσθε
3070 1073 3150 1133 είς
3185 1071 3283 1140 τὴν
3319 1071 3604 1140 βασιλείαν

2004 1162 2115 1214 τῶν
2144 1163 2414 1243 οὐρανῶν.
2453 1183 2472 1214 ι

2086 1364 2104 1396 ι
2153 1343 2214 1398 Ὀ
2242 1344 2296 1397 δὲ
2322 1341 2572 1413 Τελώνης
2603 1343 2882 1414 μακρόθεν
2903 1342 3096 1405 ἑστὼς.
3130 1344 3232 1395 οὐκ
3261 1343 3450 1412 ἤθελεν
3479 1344 3600 1396 οὐξὲ

2002 1439 2130 1501 τοὺς
2163 1435 2480 1505 ὀφθαλμοὺς
2519 1437 2600 1496 εἰς
2629 1435 2719 1486 τὸν
2766 1435 2996 1504 οὐρανὸν
3035 1435 3292 1507 ἐπᾶραι,
3325 1434 3441 1486 ἀλλ’
3470 1433 3599 1486 ἔτυ-

2005 1543 2135 1580 πτεν
2160 1527 2238 1588 είς
2263 1525 2323 1576 τὺ
2365 1523 2560 1592 στῆθος
2591 1521 2783 1586 αὐτοῦ,
2807 1522 2982 1588 λέγων
3003 1538 3018 1552 ο
3064 1521 3122 1572 Ὀ
3155 1523 3312 1585 Θε)›·,
3345 1521 3598 1592 ίλάσθητί

2008 1635 2099 1687 μοι
2135 1616 2214 1686 τῷ
2257 1613 2590 1685 ἁμαρτωλῷ.
2632 1615 2791 1682 Λέγω
2821 1614 2973 1681 ὑμῖν,
3008 1611 3216 1679 κατέϐη
3251 1609 3408 1674 οὗτος
3457 1612 3597 1665 δεδι-

321 1711 546 1763 domum
569 1723 764 1764 suam:
800 1709 1066 1777 quoniam
1096 1709 1355 1777 quisquis
1383 1711 1590 1762 exaltat
1632 1711 1900 1778 seipsum,

2014 1709 2281 1777 κασμένος
2313 1710 2392 1768 εἰς
2422 1706 2512 1758 τδν
2543 1701 2694 1758 οἷκον
2728 1706 2894 1758 αὑτοῦ
2924 1721 2937 1734 ·
2981 1705 3065 1757 ὅτι
3095 1707 3202 1767 πᾶς
3240 1707 3268 1758 ὁ
3300 1705 3450 1773 ὑψῶν
3473 1707 3601 1757 ἐαυ-

322 1801 736 1864 ltumiliabitur,
765 1800 1022 1870 quisquis
1051 1813 1183 1856 Vero
1216 1799 1474 1852 humiliat
1507 1801 1774 1869 seipsuzu,
1807 1817 1905 1856 εχ-
1950 1829 1958 1837 -

322 1895 589 1947 altabitur
618 1894 663 1946 ί.
703 1911 721 1944 ι
759 1892 940 1947 Orans
987 1893 1346 1955 Publicanus,
1395 1908 1495 1948 nec
1541 1909 1711 1960 Opera
1764 1895 1906 1950 bona

324 1983 554 2049 habens,
582 1999 690 2038 non
723 1999 786 2038 ea
814 1997 1142 2038 enumerare
1171 1983 1411 2045 valebat,
1441 1985 1901 2053 quemadmodum

323 2069 642 2130 Pliart‘sazus
673 2093 687 2128 :
741 2074 836 2130 sed
869 2074 1220 2144 percutiebat
1269 2081 1462 2142 peetus
1503 2087 1557 2128 et
1589 2091 1687 2128 cur
1713 2075 1906 2146 ﬂagel-

322 2165 490 2229 labat,
543 2175 708 2234 atque
757 2180 880 2221 cum
937 2165 1110 2221 multa
1163 2166 1502 2220 contritione
1541 2177 1595 2221 et
1632 2179 1904 2238 compun-

323 2258 512 2318 ctione
547 2257 804 2311 dicebat:
844 2274 863 2308 ι
902 2254 1048 2312 Deus
1081 2257 1350 2325 prepitius
1381 2266 1504 2312 esto
1547 2259 1680 2312 mihi
1715 2275 1907 2328 pecca-

323 2351 454 2406 tori.
487 2369 506 2401 ι
530 2349 832 2421 Propterea
858 2349 1023 2405 etiam
1069 2349 1369 2419 propitium
1401 2349 1616 2404 invenit
1646 2363 1701 2405 et
1739 2353 1907 2406 mise-

323 2450 533 2496 rentem
591 2443 927 2511 facilemque
985 2441 1350 2496 reconciliatu
1407 2440 1722 2496 Dominum.
1775 2443 1908 2497 Om-

323 2535 476 2588 nium
527 2550 769 2604 namque
828 2544 1181 2604 peccatorum
1243 2533 1526 2602 purgatrix
1563 2541 1649 2587 est
1681 2533 1908 2588 humilis

323 2623 494 2676 animi
541 2625 853 2686 sententia;
929 2629 986 2678 at
1029 2637 1164 2676 vero
1196 2621 1454 2691 supeibia
1489 2637 1519 2673 e
1554 2621 1735 2674 medio
1769 2621 1912 2673 tollit

325 2715 564 2768 virtutes
616 2715 928 2776 universas,
962 2713 1167 2781 quippe
1213 2728 1336 2780 qua:
1367 2715 1564 2779 quovis
1599 2723 1825 2781 peccato
1854 2722 1908 2765 et

326 2805 464 2860 vitio
501 2805 682 2872 major
724 2805 798 2859 sit
855 2811 1023 2872 atque
1065 2803 1309 2872 gravior.
1386 2789 1616 2857 Praestat
1673 2817 1912 2872 peccan-

327 2906 414 2953 tes
453 2895 698 2952 converti
753 2903 808 2950 et
852 2893 1157 2957 humiliari,
1209 2909 1374 2963 quam
1428 2905 1578 2948 recta
1615 2904 1911 2964 Operantes

328 2987 639 3056 superbire.
692 2984 1036 3039 Publicanus
1101 2991 1328 3054 peccata
1381 2983 1555 3047 exuit,
1625 2985 1908 3054 excipiens

325 3076 591 3133 Pharisaei
624 3077 1073 3132 criminationem
1116 3091 1242 3131 cum
1284 3076 1535 3132 bonitate
1567 3085 1622 3132 et
1675 3081 1908 3133 toleran-

326 3170 455 3226 tia:
498 3180 555 3223 at
605 3169 924 3224 Pharisacus
983 3169 1050 3223 ab
1106 3168 1434 3238 gloriatione
1489 3171 1542 3224 in
1591 3172 1912 3240 ignominiae

327 3257 652 3312 barathrum
705 3257 1002 3327 prolapsus
1059 3265 1167 3321 εει,
1218 3271 1275 3310 se
1309 3257 1427 3325 ipse
1471 3257 1811 3326 justtiicans,
1844 3275 1910 3316 ac

329 3351 686 3418 publicanum
734 3347 1068 3402 insimulatis
1105 3356 1444 3417 cmtcrosqne
1495 3351 1767 3404 homines.
1801 3351 1911 3404 Pn-

330 3441 588 3495 itlicanus
618 3453 648 3491 a
679 3438 1090 3491 contumeliosa
1149 3439 1256 3490 vita
1293 3448 1348 3490 et
1382 3447 1636 3507 peccato,
1681 3441 1734 3492 in
1786 3441 1912 3498 bea-

332 3541 442 3584 tam
481 3531 646 3582 vitam
703 3544 767 3583 ac
808 3537 1014 3582 statum
1078 3529 1260 3581 rediit.
1321 3526 1638 3584 Pharisaeus
1679 3545 1808 3584 vero
1845 3545 1912 3583 ex

333 3634 546 3679 tumore
573 3630 626 3676 et
655 3624 899 3677 elatione
926 3619 1256 3673 humiliatus
1288 3628 1397 3674 est.

404 3716 522 3770 Duo
547 3715 694 3769 enim
723 3715 792 3767 ab
815 3710 1091 3766 universis
1120 3710 1281 3764 nobis
1312 3711 1635 3780 exiguntur,
1669 3721 1730 3764 ut
1759 3728 1913 3766 nem-

335 3821 403 3878 pe
441 3804 661 3875 propria
717 3801 1150 3854 condemnemus
1207 3807 1458 3868 peccata,
1495 3807 1550 3853 et
1590 3807 1648 3852 ut
1687 3807 1914 3868 peccata

335 3900 550 3953 caeteris
601 3896 964 3949 dimittamus.
1024 3891 1081 3945 Si
1139 3893 1266 3962 quis
1319 3893 1465 3947 enim
1523 3907 1620 3948 sua
1659 3895 1916 3960 re5pieiat

333 3999 580 4059 peccata,
620 3987 847 4057 pronior
897 3983 965 4038 ad
1007 3985 1234 4037 cmteris
1285 3984 1688 4054 ignoscendum
1725 3989 1781 4038 lit
1811 4001 1825 4037 :
1861 3995 1918 4037 at

333 4088 548 4145 contra,
605 4079 652 4132 is
706 4077 801 4147 qui
856 4076 1102 4144 reliquos
1153 4073 1509 4138 condemnat,
1542 4075 1753 4144 seipse
1787 4065 1916 4129 con-

334 4169 561 4224 demnat
595 4177 763 4237 atque
813 4165 868 4219 in
898 4179 956 4218 se
988 4163 1319 4218 sententiam
1374 4162 1501 4228 fert,
1547 4165 1766 4218 tametsi
1795 4165 1918 4234 plu-

337 4277 426 4316 res
473 4262 708 4315 virtutes
765 4257 1070 4328 possideat.
1118 4253 1417 4308 Enimvero
1467 4270 1663 4324 magna
1716 4272 1804 4310 res
1833 4263 1919 4310 est

2006 1801 2098 1853 τὸν
2126 1797 2618 1866 ταπεινωθήσεται,
2646 1799 2674 1869 6
2703 1797 2758 1849 δὲ
2785 1798 3059 1849 ταπεινῶν
3092 1798 3287 1848 ἑαυτὸν
3316 1797 3602 1868 ὑψωθήσε-

2005 1907 2114 1944 ται.
2157 1908 2174 1939 ι
2209 1889 2515 1958 Εὒχόμενος
2545 1890 2574 1940 6
2600 1887 2876 1956 Τελώνης,
2901 1888 2995 1939 καὶ
3029 1888 3167 1958 ἔργα
3205 1887 3278 1956 μὴ
3303 1887 3442 1956 ἔχων
3467 1890 3600 1954 ἀγα-

2008 1981 2097 2046 θὰ,
2127 1981 2249 2034 οὐδὲ
2277 1980 2665 2050 ἀπαριθμῆσαι
2697 1981 2876 2034 ταῦτα
2917 1981 3174 2050 ἠδύνατο,
3215 1982 3408 2052 ὥσπερ
3433 1983 3460 2034 6
3489 1983 3600 2032 Φα-

2009 2077 2247 2146 ρισαῖος·
2280 2073 2396 2126 ἀλλ’
2443 2072 2644 2124 ἔτυπτε
2703 2072 2764 2124 τὸ
2797 2072 3014 2142 στῆθος,
3071 2074 3167 2124 καὶ
3223 2073 3323 2142 τὴν
3370 2073 3602 2139 καρδίαν

2007 2167 2292 2236 ἐμάστιξε,
2327 2167 2422 2218 καὶ
2469 2165 2614 2234 μετά
2644 2161 2846 2234 πολλῆς
2879 2166 3177 2236 συντριῆἧς
3223 2167 3318 2219 καὶ
3363 2167 3602 2220 κατανύ-

2009 2258 2143 2322 ξεως
2167 2257 2350 2324 ἔλεγεν
2373 2275 2388 2288 υ
2419 2277 2436 2308 ι
2462 2258 2520 2310 Ὀ
2548 2256 2704 2322 Θεὸς,
2730 2255 2979 2324 ἱλάσθητί
3005 2273 3096 2325 μοι
3120 2256 3199 2325 τῷ
3232 2257 3559 2328 ἁμαρτωλῷ.
3578 2278 3596 2307 ι

2007 2351 2106 2402 Διά
2137 2349 2296 2401 τοῦτο
2331 2350 2424 2402 καὶ
2454 2349 2618 2402 ἵλεων
2650 2349 2902 2417 εὑρίσκει
2930 2347 3022 2400 τὸν
3056 2349 3344 2420 ἐλεήμονα,
3377 2349 3469 2402 καὶ
3511 2351 3603 2402 εὖ-

2006 2441 2326 2494 διάλλακτον
2354 2441 2583 2512 Κύριον.
2628 2441 2853 2494 Πάντων
2887 2441 2996 2510 γὰρ
3045 2440 3154 2492 τῶν
3179 2441 3602 2512 ἁμαρτημάτων

2008 2533 2369 2602 καθαιρετική
2398 2536 2548 2587 ἐστιν
2574 2534 2606 2602 ἡ
2632 2530 3134 2601 ταπεινοφροσύνη.
3163 2533 3196 2600 ἡ
3223 2531 3280 2584 δὲ
3308 2532 3601 2601 ὑπερηφα-

2008 2623 2097 2676 νία
2124 2623 2377 2690 ἀφανίζει
2407 2624 2587 2685 πάσας
2606 2623 2704 2683 τὰς
2736 2623 2937 2691 ἀρετάς
2957 2639 2972 2652 ο
2997 2623 3081 2674 ὅτι
3114 2622 3294 2690 πάσης
3315 2621 3598 2692 ἁμαρτίας

2009 2717 2102 2769 καὶ
2157 2716 2357 2779 κακίας
2409 2715 2612 2786 μείζων
2671 2715 2794 2768 ἐστὶ
2829 2716 2926 2768 καὶ
2987 2714 3288 2784 βαρυτέρα.
3331 2715 3601 2784 lips-130w

2009 2807 2428 2878 ἁμαρτάνοντας
2456 2807 2808 2878 ἐπιστρέφειν
2839 2807 2932 2858 καὶ
2956 2806 3376 2870 ταπεινοῦσθαι,
3410 2808 3442 2878 ἢ
3468 2825 3599 2861 κατι

2009 2898 2306 2968 ορθοῦντας
2329 2899 2682 2968 ἐπαίρεσθαι.
2730 2900 2788 2951 Ὀ
2827 2887 3079 2968 Τελώνηξ
3119 2899 3190 2952 τὰ
3226 2901 3602 2970 ἁμαρτήματα

2011 2985 2339 3052 ἀπεδύσατο,
2371 2987 2664 3056 δεξάμενος
2691 2987 2790 3056 τὴν
2818 2987 2914 3040 τοῦ
2938 2990 3235 3058 Φαρισαίου
3265 2993 3602 3061 κατηγορίαν

2015 3079 2153 3147 μετὰ
2185 3077 2488 3148 πραότητος
2521 3081 2614 3130 καὶ
2639 3079 2920 3148 ὑπομονῆς
2941 3095 2954 3108 ·
2991 3080 3087 3132 καὶ
3117 3083 3144 3133 6
3172 3083 3470 3151 Φαρισαῖος
3492 3085 3602 3136 ἀπὸ

2009 3169 2167 3236 δόξης
2199 3170 2278 3230 εἰς
2297 3169 2358 3222 τὸ
2384 3169 2484 3238 τῆς
2501 3169 2725 3239 ἀτιμίας
2750 3171 3018 3222 κατέπεσε
3043 3171 3341 3242 βάραθρον,
3373 3173 3606 3226 δικαιώ-

2012 3277 2111 3322 σας
2144 3261 2361 3324 ἑαυτὸν,
2395 3261 2488 3313 καὶ
2519 3262 2908 3330 κατηγορήσας
2940 3262 3036 3315 τοῦ
3067 3263 3336 3328 Τελώνου,
3365 3267 3459 3318 καὶ
3491 3265 3600 3318 τῶν

2010 3352 2214 3404 λοιπῶν
2237 3351 2563 3420 ἀνθρώπων.
2605 3351 2662 3404 ’0
2689 3349 2940 3420 Τελώνης
2965 3353 3073 3404 ἀπὸ
3103 3354 3202 3423 τῆς
3230 3355 3600 3408 ἐπονειδίστου

2012 3441 2160 3510 ζωῆς
2191 3442 2284 3493 καὶ
2312 3442 2408 3510 τῆς
2435 3439 2734 3511 ἁμαρτίας,
2768 3443 2850 3502 είς
2883 3441 2982 3510 τὴν
3015 3445 3301 3512 μακαρίαν
3326 3443 3600 3513 suum;

2015 3532 2160 3602 ζωὴν
2182 3533 2276 3585 καὶ
2302 3532 2637 3585 κατάστασιν
2661 3548 2675 3561 ·
2707 3533 2734 3584 6
2758 3531 2814 3586 δὲ
2841 3533 3138 3602 Φαρισαῖος
3167 3536 3510 3606 ἐταπεινώθη
3540 3539 3602 3602 ἐξ

2014 3625 2178 3691 ὄγκου
2211 3623 2304 3677 καὶ
2325 3624 2424 3694 τῆς
2450 3624 2760 3695 ὲπάρσεως.

2037 3763 2042 3767 .
2085 3716 2188 3768 Δύο
2217 3716 2328 3785 γὰρ
2362 3715 2746 3786 ἀπαιτούμεθα
2779 3717 2983 3781 πάντες
3010 3717 3312 3788 ἄνθρωποι,
3346 3721 3408 3774 τὸ
3429 3739 3600 3775 κατα-

2016 3805 2308 3875 γινώσκειν
2357 3806 2466 3860 τῶν
2515 3807 2732 3881 οἰκείων
2777 3809 3220 3878 ἁμαρτημάτων,
3257 3813 3351 3864 καὶ
3385 3813 3442 3865 τὸ
3488 3817 3602 3876 τοῖς

2017 3900 2227 3969 ἑτέροις
2262 3898 2480 3967 ἀφιέναι
2511 3899 2910 3970 ἁμαρτήματα.
2960 3901 3018 3953 'U
3051 3903 3158 3972 γὰρ
3187 3903 3257 3954 τὰ
3297 3903 3437 3956 αὐτά
3468 3906 3603 3974 (lege

2018 3991 2204 4058 αὑτοῦ)
2230 3992 2445 4060 βλέπων
2467 3991 2868 4061 ἁμαρτήματα,
2897 3993 3433 4066 συγγνωμικώτερος
3460 3996 3603 4063 γίνε-

2017 4101 2106 4137 ται
2136 4087 2248 4147 τοῖς
2277 4084 2520 4154 ἑτέροιςο
2571 4087 2600 4138 6
2627 4085 2682 4137 δὲ
2723 4087 3076 4156 κατακρίνων
3127 4087 3372 4156 ἑτέρους,
3413 4088 3601 4141 ἑαυτὸν

2019 4175 2360 4243 κατακρίνει,
2387 4177 2481 4228 καὶ
2502 4175 2878 4243 καταδικάζει,
2907 4179 3000 4231 καὶ
3023 4181 3070 4230 εί
3103 4181 3309 4243 πολλὰς
3338 4181 3602 4250 κέκτηται

2021 4267 2241 4337 ἀρετάς.
2277 4268 2486 4329 Ὄντως
2545 4267 2690 4336 μέγα
2729 4269 2848 4320 ἐστὶ
2888 4269 2949 4321 τὸ
2981 4269 3054 4339 μὴ
3097 4273 3452 4342 κατακρίνειν
3485 4271 3601 4324 ἐτέ-

337 4366 447 4405 ηοιι
502 4349 870 4404 condemnare
917 4345 1186 4414 reliquos,
1255 4343 1352 4398 sed
1410 4345 1766 4414 semetipsos,
1801 4346 1910 4400 fra-

2022 4373 2166 4426 ρους,
2200 4356 2315 4410 ἀλλ’
2351 4357 2602 4422 ἑαυτοὺς,
2654 4357 2896 4426 ἀδελφοί.
2927 4361 3118 4429 Ἡμεῖς
3174 4361 3254 4426 δὲ,
3285 4363 3356 4416 τὰ
3397 4363 3598 4416 ἑαυτῶν

337 4441 494 4498 tres!
531 4441 601 4494 At
639 4455 739 4494 nos
769 4453 888 4509 qua:
928 4445 1124 4492 nostra
1151 4447 1280 4490 sunt
1310 4437 1632 4492 amittentes
1667 4448 1914 4508 peccata,

338 4537 480 4592 alios
525 4534 708 4603 potius
765 4530 1228 4594 condemnamus,
1265 4530 1404 4583 alios
1450 4532 1786 4596 excutimus,
1819 4549 1916 4587 ne-

340 4627 600 4688 scientes,
651 4624 801 4694 quod
851 4622 1100 4692 quamvis
1152 4622 1400 4676 omnium
1430 4622 1730 4691 justissinti
1764 4640 1918 4680 esse-

339 4733 483 4781 mus,
529 4717 574 4770 si
612 4717 752 4772 alios
779 4714 1241 4776 condetnnamus,
1281 4715 1502 4782 ipsimet
1531 4715 1755 4769 obnoxii
1790 4731 1918 4768 era-

338 4811 543 4876 dimus,
571 4809 928 4877 eamdemque
961 4821 1343 4876 promerentur
1396 4821 1614 4875 pinnam
1651 4817 1704 4861 et
1734 4809 1916 4862 anim-

339 4902 717 4955 adversiouem
749 4939 764 4962 ,
818 4915 928 4969 qua
989 4899 1085 4970 qui
1153 4897 1440 4968 iudicatur
1511 4898 1712 4967 dignus
1767 4910 1854 4955 est
1901 4919 1914 4953 :

345 5014 364 5046 ι
401 4994 524 5062 Quo
546 4993 692 5048 enim
716 4992 933 5060 judicio
955 4991 1367 5062 judicaveritis,
1401 4991 1498 5054 ait,
1521 5007 1588 5045 eo
1626 5006 1679 5046 et
1703 4992 1920 5061 judica-

341 5083 530 5142 l'ﬂmini
566 5084 611 5140 i.
657 5106 676 5138 ι
710 5086 813 5152 Qui
844 5086 991 5139 enim
1033 5084 1364 5148 fornicatur,
1402 5093 1458 5138 et
1503 5084 1594 5153 qui
1629 5083 1916 5140 fornican—

341 5185 450 5230 tent
505 5177 741 5247 ju‘dieat,
795 5189 1127 5248 praeceptum
1180 5177 1612 5247 transgreditur.
1656 5179 1808 5234 Adeo
1857 5186 1916 5232 ut

339 5267 500 5322 ambo
527 5269 772 5323 divinum
816 5269 1139 5323 mandatum
1167 5267 1712 5340 praetergrediantur,
1743 5277 1796 5324 et
1819 5270 1913 5339 qui

338 5357 650 5414 fornicatur
679 5370 733 5415 et
767 5361 858 5430 qni
877 5359 1112 5429 judicat.

405 5451 476 5505 Δι
507 5455 656 5506 cnim
705 5454 1108 5509 traasferamus
1152 5467 1444 5508 censuram
1480 5463 1534 5507 et
1569 5456 1904 5524 negotiosam

398 5623 427 5705 ξ
476 5623 666 5676 Matth.
697 5642 748 5688 γ,
783 5626 872 5678 ‘20.
959 5640 972 5665 ι
1020 5627 1152 5680 an.
1191 5642 1348 5692 mn,
1382 5627 1465 5691 i5,
1512 5615 1594 5680 id.

2020 4447 2247 4514 ἀφέντες
2287 4447 2664 4516 ἁμαρτήματα
2688 4487 2702 4511 ,
2750 4449 2969 4520 ἑτέρους
3033 4450 3236 4519 μᾶλλον
3275 4451 3595 4520 κατακρίνο-

2025 4555 2146 4606 μεν,
2173 4537 2368 4600 ἄλλους
2394 4537 2744 4609 ἐξετάζομεν,
2775 4540 2875 4592 οὐκ
2905 4541 3110 4604 εἰδότες
3134 4542 3238 4605 ὃτι,
3263 4546 3312 4595 εἰ
3341 4545 3434 4596 καὶ
3463 4545 3595 4596 πάν-

2023 4647 2130 4683 των
2177 4624 2325 4699 ὦμεν
2381 4628 2732 4700 δικαιότεροι,
2796 4631 3020 4702 ἐτέρους
3064 4634 3122 4686 δὲ
3177 4614 3594 4704 κατακρίνομεν,

2025 4720 2314 4774 ὑπεύθυνοι
2363 4719 2653 4788 γινόμεθα,
2695 4721 2790 4773 καὶ
2821 4721 2922 4790 τῆς
2957 4723 3124 4792 αὐτῆς
3151 4725 3324 4791 ἐσμεν
3357 4725 3494 4788 ἄξιοι
3523 4741 3597 4775 τι·

2028 4812 2238 4882 μωρίας
2289 4812 2381 4866 καὶ
2433 4810 2732 4874 κολάσεως,
2779 4808 2848 4884 ἦς
2885 4815 2980 4866 καὶ
3029 4815 3058 4866 6
3105 4817 3424 4887 κρινόμενος
3455 4817 3598 4880 ἄξιός

2024 4907 2172 4957 ἐστιν
2191 4919 2205 4934 ο
2250 4922 2270 4955 ι
2299 4898 2370 4974 ’ῼ
2395 4901 2501 4973 γὰρ
2542 4901 2773 4972 κρίματι
2802 4904 3018 4974 κρίνετε
3040 4946 3054 4965 ,
3101 4907 3260 4975 φησὶ,
3309 4907 3481 4976 τούτῳ
3509 4905 3598 4957 καὶ

2024 4996 2374 5068 κριθήσεσθε.
2414 5013 2432 5046 ι
2503 4995 2560 5048 '0
2592 4995 2702 5066 γὰρ
2748 4997 3030 5066 πορνεύων
3060 4998 3286 5068 ἐντολὴν
3327 4997 3596 5069 παρασαί-

2023 5103 2124 5150 νει,
2155 5088 2251 5139 καὶ
2278 5087 2306 5138 6
2335 5085 2535 5154 κρίνων
2560 5084 2652 5136 τὸν
2691 5085 3046 5154 πορνεύοντα.
3096 5088 3260 5140 Ὥστε
3303 5088 3398 5140 καὶ
3427 5087 3595 5158 {291:6-

2020 5194 2174 5248 τεροι
2207 5177 2358 5229 ίείαν
2388 5175 2610 5246 ἐντολὴν
2643 5175 3095 5247 παραϐαίνουσιν,
3129 5180 3226 5230 καὶ
3265 5179 3294 5229 6
3321 5176 3597 5248 πορνεύων

2023 5270 2116 5322 καὶ
2137 5272 2165 5322 6
2187 5271 2410 5340 κρίνων,

2101 5451 2262 5504 Ἀ).λά
2313 5451 2678 5522 μεταθώμεθα
2718 5451 2815 5522 τὴν
2862 5453 2940 5512 εἰς
2971 5451 3191 5521 ἑτέρους
3221 5449 3470 5516 ἐξέτασον
3509 5451 3591 5502 καὶ

1673 5639 1687 5676 ι
1726 5626 1916 5682 M..tth.
1951 5645 2048 5694 vit,
2081 5629 2134 5681 2.
