3978 6140
293 358 462 459 ’1269

1251 401 1347 462 DE
1392 363 1716 464 HUMAl‘iA
1774 407 1952 466 VITA
1990 407 2086 468 ET
2109 409 2208 469 DE
2248 413 2694 477 DEFUNCTIS.

3465 409 3600 476 1270

325 508 516 577 χερσὶν
543 507 750 574 ἀγνοεῖ,
794 509 891 563 καὶ
935 509 1046 562 τῶν
1093 508 1393 578 ἀγνώστων
1450 513 1915 596 καταψηφίζεται.

2023 515 2212 574 futura
2261 523 2616 592 imaginatur.
2659 525 3029 596 lgnoratquaa
3061 529 3194 578 sunt
3234 521 3290 578 in
3325 521 3606 582 manibus.

325 596 407 651 Τὰ
440 601 500 652 ὲν
529 599 687 652 ποσὶν
711 599 812 653 οὐκ
836 600 1150 664 ἐπίσταται,
1184 601 1370 656 καὶτὰ
1399 605 1456 656 ἐν
1479 583 1609 673 ῦψει
1644 623 1918 676 μετεωρο-

323 686 496 755 λογεῖ.
540 689 605 742 Τί
646 690 786 760 μετὰ
819 691 1016 762 μικρὸν
1051 691 1202 762 αὐτῷ
1232 694 1575 764 συμϐήσεται
1629 695 1703 766 μὴ
1737 695 1914 761 ειδὼςν

324 777 518 832 αἰώνια
569 779 1079 852 καταστοχάζεται’
1122 785 1150 836 6
1206 784 1424 855 μικρὸς,
1463 786 1492 838 6
1538 785 1788 864 εῦτελὴς,
1823 787 1919 840 καὶ

324 869 431 922 τῶν
476 869 788 939 ἀνεφίκτων
834 874 1214 945 κατατολμῶν.
1275 875 1598 946 ’Ἀνθρωπος
1655 878 1717 930 rb
1751 882 1918 932 πολυ-

321 959 680 1030 τροπώτατον
714 962 808 1015 καὶ
851 965 1224 1036 παμμήχανον
1275 964 1538 1036 ὄργανον·
1591 967 1651 1019 rb
1688 967 1920 1024 εὐδαπά·

323 1067 485 1120 νητον
525 1049 778 1121 φύραμα,
837 1052 899 1104 τὸ
939 1053 1086 1123 ζωῆς
1117 1055 1214 1108 καὶ
1253 1054 1490 1109 θανάτου
1531 1056 1807 1128 μεθόριον,
1859 1059 1920 1113 rb

328 1141 520 1212 νοερὸν
549 1143 609 1194 ὲν
639 1143 744 1217 ὕλῃ
778 1143 1061 1216 σύγκριμα
1093 1163 1153 1198 τε
1199 1146 1294 1200 καὶ
1341 1145 1616 1218 σύνθημα,
1645 1149 1706 1202 τὸ
1745 1151 1803 1203 ὲν
1830 1151 1913 1204 αἱ·

325 1233 544 1304 σθητοϊς
595 1235 816 1303 λογικὸν
873 1237 1250 1307 ἀποτέλεσμα,
1298 1240 1327 1292 6
1359 1238 1784 1310 ἅχειρότευκτος
1823 1241 1919 1294 άν-

321 1324 498 1394 δριὰς,
541 1325 602 1380 rb
631 1325 878 1396 ἔμψυχον
910 1328 1161 1398 ᾄγαλμα,
1196 1330 1258 1383 rb
1288 1329 1635 1401 περιώνυμον
1668 1331 1833 1396 ζῶον,
1859 1333 1919 1386 rb

321 1417 726 1488 εύδιάγραπτον
767 1419 1024 1490 ῐνδαλμα,
1083 1421 1146 1474 rb
1202 1421 1440 1485 θεοειδὲς
1491 1424 1822 1494 κάτοπτρον,
1857 1425 1920 1478 rb

221 1558 232 1562 -
321 1506 432 1558 τῶν
464 1507 577 1562 ἄνω
611 1509 702 1562 καὶ
738 1507 891 1561 κάτω
922 1509 1274 1580 μεταίχμιον,
1307 1510 1369 1587 rb
1406 1509 1602 1579 ὁρατὸν
1641 1512 1735 1562 καὶ
1767 1511 1920 1564 νοού-

325 1615 488 1668 μενον
538 1599 816 1670 σύστημα,
865 1601 929 1654 rb
963 1601 1212 1656 δεκτικὸν
1245 1601 1452 1672 φθορᾶς
1491 1603 1586 1656 καὶ
1617 1603 1914 1658 ἀνάλωτον.

325 1691 647 1762 Ἀνθρωπος
678 1692 740 1744 rb
783 1692 1102 1764 αὐθήμερον
1133 1693 1316 1758 ἄνθος,
1345 1694 1404 1747 rb
1433 1695 1754 1748 εὐδιάϐατον
1781 1697 1920 1750 ἀκο-

323 1785 594 1855 σκίασμα,
631 1787 664 1856 ἡ
707 1787 1054 1856 εὐμάραντος
1078 1787 1234 1859 χλόη,
1267 1787 1330 1840 rb
1365 1788 1638 1842 εὐάλωτον
1668 1788 1913 1860 θήραμα,

319 1875 382 1928 τὸ
412 1874 844 1945 εύδραπέτευτον
872 1877 1230 1948 ἀνδράποδον,
1263 1877 1326 1930 rb
1359 1877 1672 1943 πολυπαθὲς
1699 1880 1793 1932 καὶ
1826 1879 1916 1931 εὐ-

319 1967 572 2021 διάλυτον
633 1967 798 2031 ζῶον,
851 1971 878 2022 6
915 1969 1108 2040 πηλὸς,
1158 1970 1254 2022 καὶ
1289 1971 1358 2024 τά
1410 1969 1627 2039 μεγάλα
1663 1969 1870 2040 φυσῶν,
1901 1973 1930 2024 ὁ

321 2058 508 2128 χνοῦς,
545 2061 641 2112 καὶ
672 2060 742 2113 τὰ
771 2061 884 2114 ἄνω
928 2061 1268 2133 περιαθρῶν.
1304 2063 1478 2116 Τοῦτο
1507 2063 1690 2117 τοίνυν
1736 2065 1798 2115 rb
1832 2081 1929 2116 πο-

323 2149 614 2220 λυώνυμον
667 2151 807 2216 ζῶον
847 2155 874 2206 6
923 2152 1236 2224 ἅνθρωπος,
1275 2153 1480 2217 πολλὰς
1526 2154 1624 2225 μὲν
1677 2154 1790 2225 ἔχει
1827 2155 1926 2219 τάς

321 2242 684 2306 ἐπεισάκτους
722 2246 797 2313 πῆ
839 2243 938 2314 μὲν
986 2246 1125 2316 πρὸς
1152 2245 1221 2298 τά
1255 2244 1446 2316 χείρω,
1502 2249 1577 2316 πῆ
1613 2246 1668 2300 δὲ
1696 2247 1832 2317 πρῆς
1859 2249 1956 2300 τά·

325 2332 538 2404 βελτίω,
579 2334 907 2404 μεταϐολάς,
958 2336 1160 2400 πολλάς
1222 2337 1280 2392 δὲ
1335 2337 1434 2401 τὰς
1467 2337 1738 2408 ἐλλείψεις
1787 2333 1956 2410 προς³

322 2425 528 2480 τούτων
559 2427 841 2498 ἑκάτερον.
870 2429 949 2500 Τῇ
974 2429 1083 2498 γὰρ
1116 2430 1408 2502 ἀφαιρέσει
1436 2431 1544 2484 τῶν
1567 2433 1923 2502 κρειττόνων,

325 2517 424 2580 τὰς
478 2518 843 2588 άντεισιρορᾶις
901 2520 1286 2588 εἰσδεξάμενος
1331 2520 1443 2574 τῶν
1499 2523 1786 2592 χειρόνων,
1844 2526 1925 2588 είς

328 2607 618 2678 πολυπαθῆ
659 2609 728 2661 δι’
751 2610 1035 2678 ὲμπαθοῦς
1063 2611 1366 2679 μετέπεσεν
1387 2612 1730 2682 αὐθαιρέτως
1753 2615 1920 2685 ζωήν.

341 2696 562 2768 Ἐπειδὴ
599 2699 706 2769 γὰρ
737 2703 880 2770 χειρὶ
913 2701 1051 2754 Θεοῦ
1077 2703 1172 2754 καὶ
1199 2703 1370 2756 εἰκόνι
1399 2704 1760 2766 διαπλάσθεὶς
1783 2707 1922 2774 μετὰ

329 2788 427 2859 τὴν
457 2790 658 2855 κτίσιν,
698 2792 839 2862 ὑπὲρ
874 2793 973 2860 τὴν
997 2794 1176 2847 κτίσιν
1210 2797 1496 2866 τετίμητο,
1523 2791 1638 2849 εἶτα
1666 2799 1762 2865 τῆς
1791 2798 1922 2852 ἀθα-

330 2879 524 2942 νασίας
561 2883 993 2952 προηγουμένως
1046 2887 1104 2937 ὲν
1162 2884 1390 2956 χάριτος
1437 2887 1606 2958 μοίρᾳ
1637 2889 1700 2940 rb
1731 2889 1921 2960 δέρρος

328 2971 772 3043 ἀμφιασάμενος,
813 2977 904 3028 καὶ
947 2977 1048 3043 τῆς
1097 2977 1410 3048 ἀφθαρσίας
1445 2981 1544 3048 τὴν
1571 2981 1764 3050 στολὴν
1795 2984 1914 3034 erro-

332 3061 508 3130 μένως
541 3065 877 3135 ἠμπέσχετο.
927 3067 1076 3120 Ἔδει
1120 3068 1198 3130 δὲ,
1234 3071 1457 3123 πάντων
1477 3071 1612 3139 όμοῦ
1642 3072 1774 3138 τῶν,
1817 3073 1920 3126 ὅσα

327 3151 434 3206 ὑπὸ
465 3155 565 3224 τὴν
604 3155 879 3226 αἴσθησιν,
933 3161 1028 3210 καὶ
1073 3160 1176 3212 ὅσα
1228 3161 1434 3232 ταύτην
1480 3163 1912 3234 ὑπερανέστηκε,
1944 3197 1990 3258 c

327 3244 419 3296 rbv
454 3245 604 3310 θείας
657 3249 716 3300 ἐν
767 3251 1030 3320 μετουσίᾳ
1087 3253 1416 3321 κηδεμονῖας
1453 3257 1769 3326 γενόμενον,
1811 3257 1918 3311 τῶν

331 3337 452 3406 μὲν,
501 3341 900 3414 ὑπεραρθῆναι,
959 3349 1067 3408 τοῖς
1105 3346 1184 3406 δὲ,
1229 3348 1633 3420 άμιλληθῆναι·
1688 3353 1754 3421 τῇ
1798 3353 1920 3405 κατ’

329 3429 617 3502 ἀμφότερα
659 3433 804 3503 λέγω
847 3435 958 3489 τῶν
999 3438 1184 3508 μερῶν
1217 3441 1536 3513 οίκειότητιτ
1588 3443 1698 3496 Καὶ
1727 3443 1918 3496 τούτου

328 3521 600 3591 τετύχηκε
628 3527 1071 3598 μεγαλοπρεπῶς
1103 3547 1164 3584 τε
1197 3531 1314 3602 ἃμα
1349 3534 1442 3585 καὶ
1472 3533 1792 3605 φιλοτίμως,
1825 3538 1920 3589 καὶ

325 3614 403 3678 ὡς
437 3615 536 3668 οὐκ
579 3615 644 3670 ἄν
669 3637 754 3682 τις
785 3621 1068 3676 είκάσαιτο
1096 3623 1233 3676 Θεοῦ
1275 3625 1696 3696 μεγαλοδωρεάν
1729 3629 1807 3698 τῷ
1839 3631 1918 3682 οἱ·

327 3706 463 3778 κείῳ
495 3711 594 3779 τῆς
627 3712 821 3766 ἑαυτοῦ
855 3716 1037 3784 χειρὸς
1081 3719 1580 3788 συνεμπρέπουσαν
1614 3721 1914 3792 πλάσματι.

327 3799 439 3852 Καὶ
462 3800 526 3872 δὴ
562 3802 657 3856 καὶ
685 3805 903 3876 τρυφὴν
929 3804 1042 3876 εἶχε
1083 3809 1145 3878 rb
1168 3809 1380 3879 ζωηρὸν
1412 3812 1589 3864 ἐκεῖνο
1617 3813 1710 3866 τοῦ
1739 3833 1916 3886 παρα-

325 3891 505 3945 δείσου
540 3897 739 3965 χωρίον
761 3913 775 3927 ο
811 3899 934 3950 καθ’
960 3900 1026 3970 ἢν
1057 3901 1088 3970 ἡ
1113 3901 1182 3954 δι’
1205 3903 1485 3968 άπωθείας
1523 3905 1706 3976 ὡρᾶτο
1743 3926 1918 3976 μακα-

329 3984 516 4054 ριότης
533 4001 546 4015 ·
571 3989 664 4040 καὶ
697 3989 730 4058 ἡ
757 3991 877 4058 μετ’
902 3991 1421 4066 ἀγγέλων’διαγο›γή
1447 4013 1461 4026 ·
1495 3995 1711 4066 ἀξίωμα
1737 3998 1814 4063 δὲ,
1856 4001 1916 4052 rb

325 4074 545 4142 λογικόν
571 4095 628 4130 τε
654 4080 752 4132 καὶ
777 4081 983 4151 νοερὸν,
1022 4083 1119 4136 καὶ
1147 4084 1436 4152 ἀθάνατον,
1463 4089 1557 4141 καὶ
1583 4087 1910 4160 ἀνώλεθρον.

327 4166 424 4220 ἆτε
457 4167 604 4232 θείας
635 4172 1040 4243 συμμετασχὼν
1073 4175 1430 4246 ὡραιότητος,
1485 4179 1585 4250 τὴν
1622 4181 1720 4250 τῆς
1755 4182 1912 4252 πρώ-

326 4274 428 4328 της
460 4261 668 4324 εἰκόνος
704 4263 1094 4335 άποτυπούσης
1125 4269 1450 4339 ἐμφέρειαν.
1502 4272 1646 4342 Πρδς
1677 4271 1910 4340 τούτοις,

327 4347 408 4401 ἔτι
460 4350 679 4405 πάντων
725 4355 862 4424 ὁμοῦ
892 4342 1003 4408 τῶν
1035 4355 1191 4421 ζώων
1241 4359 1339 4430 τὴν
1381 4357 1630 4433 κυρείαν·
1671 4365 1774 4418 ὅσα
1814 4366 1912 4436 τὴν

325 4440 434 4511 γῆν
463 4443 646 4513 ἕρπειν
681 4446 777 4500 καὶ
807 4447 898 4500 τὸν
931 4449 1074 4518 ἀέρα
1103 4451 1312 4520 τέμνει,
1347 4455 1442 4507 καὶ
1471 4454 1568 4525 τὴν
1592 4457 1764 4528 ὑγρὰν
1794 4458 1911 4513 δια-

2023 619 2079 666 et
2108 613 2176 667 de
2209 615 2418 683 ignotis
2440 615 2741 672 "decernit.
2775 615 2969 672 Nescit
2997 631 3122 686 quae
3147 624 3282 672 sunt
3309 613 3379 670 ad
3413 613 3603 682 pedes,

2021 710 2077 758 et
2125 703 2194 759 de
2241 707 2482 762 excelsis
2539 716 2970 766 commentatur.
3021 707 3259 762 Nescius
3295 704 3432 776 quid
3483 718 3609 776 post

2023 793 2303 848 modicum
2351 796 2470 864 ipsi
2521 777 2850 853 eventurum
2907 798 3002 864 sit,
3052 805 3260 852 aeterna
3305 793 3521 862 iudicat
3553 802 3608 848 et

2021 886 2314 953 exquirit:
2362 889 2637 954 modicus,
2689 891 2953 959 vilisque,
2987 888 3198 959 quique
3238 887 3606 943 nihilominus

2022 977 2356 1035 inconcessa
2379 989 2697 1048 praesumat.
2727 979 2905 1035 Homo
2933 995 3196 1051 perquam
3223 977 3604 1033 multitnoduzn

2021 1077 2076 1124 et
2116 1069 2183 1124 ad
2231 1075 2416 1126 omnia
2461 1081 2845 1142 comparatum
2891 1087 3186 1142 organum,
3241 1071 3424 1126 facilis
3467 1085 3606 1124 con-

2020 1163 2168 1216 sumi
2203 1178 2410 1228 massa,
2453 1165 2582 1219 vitae
2609 1174 2664 1220 et
2693 1165 2854 1218 morti
2897 1163 3306 1224 conterminus,
3335 1161 3606 1232 spiritalis

2021 1255 2077 1309 in
2125 1256 2358 1310 materia
2403 1257 2694 1312 concretio
2746 1257 3212 1326 compositiuque,
3253 1252 3484 1310 effectus
3519 1268 3608 1306 ra-

2022 1347 2249 1402 tionalis
2299 1347 2354 1401 in
2407 1349 2577 1403 rebus
2635 1348 2826 1404 sensui
2893 1347 3188 1415 subjectis,
3255 1356 3438 1402 statua
3493 1360 3604 1398 non

2022 1453 2190 1494 manu
2226 1438 2398 1504 facta,
2445 1440 2812 1496 simulacrum
2871 1440 3200 1501 animatum,
3235 1436 3455 1492 celebre
3481 1428 3605 1488 ani-

2023 1531 2154 1594 mai,
2201 1533 2621 1602 repraesentatio
2685 1533 3010 1602 speciesque
3071 1545 3338 1601 expressu
3397 1528 3601 1592 facilis,

2021 1623 2294 1679 deiforme
2369 1625 2680 1692 speculum,
2736 1624 3062 1681 caelestibus
3128 1621 3605 1689 terrestribusque

2021 1709 2313 1780 interiecta
2372 1713 2757 1784 intercapedo,
2811 1713 3052 1768 visibilis
3119 1721 3176 1767 et
3233 1709 3605 1781 intelligibilis

2023 1817 2314 1876 compago,
2343 1820 2489 1876 .quat
2536 1814 2593 1859 et
2646 1806 2718 1860 sit
2763 1803 3108 1873 corruptioui
3169 1802 3432 1856 obnoxia.
3489 1809 3546 1856 et
3575 1815 3605 1853 a

2023 1896 2383 1966 corruptione
2413 1896 2700 1952 imnmnis.
2719 1895 2918 1963 Homo,
2947 1895 3054 1960 d_iei
3083 1894 3248 1949 unius
3275 1893 3401 1956 flos,
3421 1892 3606 1960 adum-

2025 1989 2210 2043 bratio
2255 1987 2446 2059 fugax,
2501 1987 2668 2042 herba
2723 1985 2886 2042 facile
2917 1999 3284 2048 marcesccns,
3323 1991 3488 2052 captu
3523 1981 3607 2034 fa-

2022 2079 2148 2136 cilis
2171 2087 2432 2142 venatus,
2489 2077 2652 2135 facile
2681 2077 2751 2132 ad
2782 2077 2968 2149 fugam
3000 2073 3365 2144 mancipium,
3399 2072 3605 2128 animal

2026 2171 2218 2226 multis
2263 2171 2566 2226 obnoxium
2619 2171 2853 2236 morbis,
2913 2176 2969 2224 et
3007 2167 3156 2238 quod
3208 2165 3370 2220 facile
3403 2164 3604 2222 wsolvi

2026 2261 2242 2330 possit;
2277 2261 2476 2324 lutum,
2505 2270 2566 2314 ut
2601 2258 2970 2316 nihilominus
3019 2257 3189 2311 altum
3235 2257 3454 2324 sapiat;
3485 2253 3607 2323 pul-

2025 2353 2129 2417 vis,
2169 2362 2227 2406 ut
2262 2361 2442 2407 tamen
2497 2353 2749 2408 ccelestia
2794 2351 3230 2418 contempletur.
3265 2346 3380 2402 l-loc
3413 2347 3604 2428 itaque

2023 2445 2216 2500 multis
2269 2445 2488 2516 insigne
2546 2443 2864 2500 nominibus
2906 2443 3135 2504 animal,
3185 2439 3373 2505 homo,
3421 2442 3603 2490 muta-

2025 2536 2212 2592 tiones
2258 2538 2637 2606 mnltas,'qua
2687 2536 2752 2590 ad
2785 2535 3053 2596 deterius,
3085 2548 3192 2602 qua
3253 2531 3322 2584 ad
3380 2529 3602 2595 melius,

2023 2627 2280 2683 inductas
2329 2629 2562 2699 recipit;
2620 2627 2811 2682 multis
2863 2641 2992 2681 vero
3041 2625 3188 2696 quod
3257 2628 3489 2692 spectat.
3534 2619 3603 2673 ad

2024 2734 2342 2792 utrumque,
2398 2722 2708 2778 defectibus
2779 2721 3020 2776 laborat.
3091 2717 3342 2772 Sublatis
3397 2714 3605 2784 quippe

2024 2815 2370 2879 melioribus,
2407 2813 2602 2870 eorum
2639 2815 2764 2868 loco
2793 2813 3022 2868 inducta
3053 2809 3242 2880 pejora
3279 2808 3600 2866 admittens,

2021 2921 2051 2959 e
2082 2906 2191 2960 vita
2231 2907 2554 2977 passionum
2583 2905 2737 2960 vitiis
2790 2904 3126 2974 mancipata,
3171 2903 3226 2956 in
3255 2903 3422 2955 vitam
3460 2897 3599 2951 ntnl~

2023 2995 2095 3049 tis
2133 2995 2489 3063 passionibus
2519 2995 2806 3058 afllictam,
2857 3008 2960 3048 sua
2993 2993 3109 3061 ipse
3149 2997 3350 3061 sponte
3379 2987 3598 3042 recidit.

2021 3077 2177 3145 Quod
2209 3082 2354 3134 enim
2392 3079 2486 3135 Dei
2522 3081 2683 3136 fictus
2715 3097 2878 3136 manu
2912 3090 3037 3151 post
3063 3087 3274 3146 creata,
3301 3092 3410 3148 prae
3447 3091 3604 3130 crea-

2020 3171 2116 3236 tis,
2149 3174 2516 3242 praerogativa
2545 3173 2802 3244 imaginis
2843 3175 3112 3228 honorem
3148 3170 3463 3234 habuisset,
3497 3168 3602 3221 im-

2023 3260 2382 3316 mortalitatis
2433 3263 2635 3331 praerie
2683 3262 2909 3331 pellem,
2957 3277 3056 3317 ceu
3107 3261 3160 3314 in
3192 3258 3444 3315 beneficii
3476 3274 3602 3328 par-

2021 3358 2156 3416 tem,
2193 3353 2445 3418 indutus,
2479 3363 2886 3422 consequenter
2943 3354 3110 3408 etiam
3155 3350 3600 3421 incorruptionis

2021 3444 2290 3507 tunicam,
2329 3445 2618 3500 induisset.
2650 3445 2754 3498 Par
2778 3439 2923 3499 enim
2955 3453 3098 3510 erat,
3140 3453 3201 3498 ut
3233 3447 3326 3514 qui
3355 3444 3598 3498 omnium

2023 3537 2214 3602 simul,
2247 3546 2363 3592 tum
2395 3553 2517 3608 quae
2546 3539 2752 3594 cadunt
2781 3538 2883 3594 sub
2920 3553 3145 3593 sensum
3175 3545 3290 3591 tum
3323 3551 3446 3606 quae
3471 3537 3603 3590 emi-

2020 3639 2156 3684 nent
2193 3631 2410 3697 scnsui,
2465 3631 2666 3687 divinae
2711 3630 3082 3686 Providentia:
3127 3644 3384 3698 curaeque
3431 3629 3604 3697 parti-

2019 3733 2152 3791 ceps
2191 3721 2421 3777 effectus
2445 3734 2621 3788 esset,
2660 3723 2785 3778 aliis
2824 3724 3046 3794 quidem
3077 3723 3438 3794 pr:rce|leret,
3475 3736 3599 3774 cum

2020 3813 2148 3870 aliis
2179 3825 2362 3870 autem
2396 3823 2672 3881 certaret;
2716 3816 2979 3886 partium,
3012 3815 3264 3886 inquam,
3292 3814 3358 3868 ad
3391 3815 3599 3868 alteru-

2020 3913 2104 3958 tra
2133 3907 2441 3961 aliinitate:
2477 3908 2622 3974 quod
2678 3918 2974 3978 utrumque
3024 3909 3316 3979 magnifice
3343 3907 3507 3962 simul
3547 3915 3603 3958 et

2018 3996 2312 4051 ambitiose
2359 4006 2700 4053 consecutus
2752 4007 2882 4052 est:
2927 4000 3064 4052 adeo
3119 4006 3176 4050 ut
3215 4013 3374 4052 nemo
3440 3997 3602 4050 facile

2017 4087 2116 4142 Dei
2153 4089 2660 4160 magnificentiam,
2709 4089 2934 4160 proprio
3000 4105 3118 4144 suae
3177 4091 3351 4158 ipsius
3404 4105 3604 4142 manus

2015 4179 2280 4250 ﬁgmento
2308 4196 2633 4252 congruam,
2667 4181 3050 4237 aestimaverit.
3079 4181 3290 4235 Habeat
3325 4182 3599 4250 siquidem

2016 4273 2202 4328 vitalis
2250 4274 2346 4330 ille
2388 4274 2635 4344 paradisi
2688 4274 2845 4329 locus
2868 4273 3247 4344 voluptatem;
3277 4291 3411 4343 qua,
3439 4274 3600 4327 beata

2016 4365 2084 4419 ab
2107 4363 2497 4422 affectionibus
2549 4367 2800 4422 vacuitas
2832 4367 3186 4427 cernebatur.
3231 4365 3604 4420 conversatio-

2015 4473 2122 4528 que
2147 4473 2271 4512 cum
2295 4458 2542 4530 angelis;
2565 4458 2809 4529 dignitas
2835 4458 3074 4527 denique
3105 4457 3412 4522 rationalis,
3437 4457 3602 4512 intel-

305 4535 552 4605 ,νήχεται
597 4537 784 4606 φύσινο
824 4541 935 4594 τῶν
965 4560 1026 4596 τε
1057 4543 1115 4596 ἐν
1146 4546 1466 4618 παραδείσῳ
1506 4549 1712 4617 φυτῶν,
1770 4553 1913 4623 πλὴν

2030 4550 2416 4620 lectualisque,
2452 4559 2508 4606 et
2569 4550 2922 4616 immortalis,
2951 4566 3054 4606 nec
3093 4551 3444 4619 corruptioui
3499 4551 3602 4604 ob-

325 4625 450 4718 ἑνὸς
483 4626 672 4694 μόνου,
704 4631 789 4718 ἐφ’
813 4625 874 4686 οὗ
912 4633 975 4686 rb
1009 4636 1108 4705 τῆς
1133 4635 1355 4706 ἐντολῆς
1382 4639 1732 4711 ἐνεσημάνθη
1773 4660 1906 4713 προ-

323 4717 614 4808 χάραγμα·
635 4717 800 4776 οἱονεὶ
825 4726 1130 4796 γυμνάσιον
1149 4728 1297 4800 αύτῷ
1325 4731 1606 4808 προτεθὲν,
1644 4735 1778 4806 προς
1814 4739 1913 4808 τὴν

323 4807 393 4861 δι’
423 4812 630 4882 ἀρετῆς
677 4814 762 4878 είς
801 4817 1054 4889 ὑπακοὴν
1093 4819 1331 4883 πίστεως
1361 4807 1694 4895 τελειότητα.
1728 4807 1914 4900 Ταύτῃ

323 4902 436 4972 γὰρ
461 4904 558 4973 τῆς
596 4905 808 4970 εἰκόνος
835 4908 896 4961 rb
925 4909 1156 4973 θεοειδές
1185 4911 1465 4982 άλώϐητον
1493 4914 1800 4982 διασώζοιτ’
1826 4921 1911 4984 ἂν,

326 4993 422 5044 καὶ
453 4994 552 5062 τῆς
606 4997 744 5061 πρὸς
800 4999 863 5052 rb
901 5000 1130 5072 ἀρχαῖον
1165 5005 1362 5069 κάλλος
1400 5007 1808 5074 ἀποτυπὼσεως
1859 5015 1917 5066 ἐν

323 5084 510 5154 ταυτῷ
545 5087 696 5157 μένοι
725 5087 786 5142 τὸ
815 5091 1170 5163 ἀφομοίωμα,
1201 5097 1299 5166 τῆς
1325 5099 1535 5162 οἰκείας
1571 5102 1670 5155 οὐκ
1706 5101 1918 5166 ἐξιστά-

329 5179 902 5250 μενονεμονιμότητος.
923 5181 1086 5248 Ἀλλ’,
1115 5185 1298 5256 οἴμοιί
1334 5189 1540 5242 τούτων
1571 5191 1720 5254 ὅπως
1742 5195 1918 5247 εἰπεῖν

326 5266 428 5318 οὐκ
467 5265 596 5338 ἔχω,
639 5269 955 5335 δελεασθεὶς
996 5273 1104 5329 ὑπὸ
1141 5277 1440 5350 συμϐούλῳ
1469 5281 1546 5350 τῷ
1570 5283 1787 5354 δαίμονι
1830 5287 1918 5340 διὰ

323 5355 598 5450 τὴνγπρὺς
626 5362 696 5413 τά
722 5362 960 5434 αἰσθητὰ
1007 5367 1166 5436 prem
1206 5387 1267 5422 τε
1317 5373 1413 5426 καὶ
1453 5373 1715 5438 διάθεσιν,
1745 5370 1914 5450 ἄρδην

325 5448 640 5540 ἐστέρηται·
661 5456 994 5524 παραδείσου
1024 5461 1146 5530 μὲν,
1165 5462 1348 5517 οὐκέτι
1381 5465 1608 5533 πολίτης
1629 5448 1913 5540 ᾀδόμενος,

323 5540 387 5592 ού
427 5539 684 5610 βασιλεὺς
709 5547 818 5600 τῶν
849 5549 954 5602 ὑπὸ
998 5554 1154 5622 χεῖρα
1203 5539 1742 5628 μεγαλαυχούμενος-ζ
1791 5561 1916 5626 Πῶς

324 5630 436 5734 γάρ
456 5633 593 5734 ὁπῇ
631 5636 840 5714 χείρονι
869 5645 1262 5716 προστετηκὼς
1303 5649 1412 5702 τῶν
1445 5651 1634 5706 παθῶν
1667 5654 1916 5734 εὐηθείᾳ,

326 5723 422 5816 καὶ
445 5727 566 5789 ταῖς
602 5731 937 5800 παραλόγοις
974 5735 1084 5788 τῶν
1123 5737 1330 5807 ἡδονῶν
1365 5741 1651 5814 ὑποκύψας
1691 5723 1910 5816 ὁρμαῖς,

325 5813 427 5884 τῆς
459 5817 718 5892 τοιαύτης
751 5822 947 5890 γένοιτ’
986 5825 1052 5880 ἂν
1083 5828 1378 5898 διαπαντὸς
1405 5835 1464 5890 ὲν
1499 5813 1770 5912 μετουσία
1817 5857 1912 5911 με-

2021 4644 2194 4698 noxia
2221 4685 2236 4708 ,
2290 4644 2439 4699 velut
2473 4642 2674 4698 divinae
2713 4643 3148 4714 pulchritudinis
3188 4644 3458 4714 participe
3507 4645 3604 4696 fto~

2021 4736 2191 4800 mine,
2223 4743 2489 4790 accurata
2549 4735 2744 4805 prima:
2788 4736 3046 4806 imaginis
3094 4737 3480 4807 expressiOue.
3517 4734 3600 4788 Ad

2022 4827 2140 4882 haec
2183 4843 2312 4882 vero
2353 4828 2518 4882 etiam
2558 4828 2614 4882 in
2659 4829 2921 4884 animalia
2961 4829 3148 4883 omnia
3189 4806 3602 4883 donatum’im-

2025 4921 2268 4989 perium,
2310 4930 2422 4977 tum
2463 4937 2526 4976 ea
2559 4937 2684 4992 quae
2733 4921 2960 4992 reptant
2989 4937 3158 4990 super
3189 4931 3396 4976 terram
3419 4961 3435 4984 ,
3484 4929 3598 4974 tum

2017 5029 2142 5081 quae
2197 5021 2388 5069 secant
2427 5029 2638 5078 aerem,
2691 5023 2807 5068 tum
2857 5029 2981 5085 qua:
3029 5029 3230 5084 aquam
3281 5021 3595 5083 pernataut.

2016 5103 2183 5160 Facta
2219 5107 2346 5160 item
2383 5108 2624 5176 paradisi
2665 5109 2930 5162 arborum
2985 5108 3249 5170 facultas,
3301 5121 3410 5160 una
3459 5107 3599 5159 dun-

2018 5205 2165 5251 taxat
2216 5208 2468 5267 excepta,
2524 5199 2578 5252 in
2629 5216 2735 5269 qua
2787 5200 2962 5254 divini
3011 5199 3256 5255 mandati
3285 5197 3600 5269 designatio

2016 5289 2339 5360 signaretur
2375 5309 2389 5345 :
2433 5293 2585 5346 velut
2631 5293 2687 5346 in
2744 5293 3074 5367 esercitium
3115 5291 3401 5362 proposito
3448 5291 3601 5359 ligno

2019 5383 2086 5436 ad
2139 5383 2470 5440 obedientiae
2519 5384 2642 5440 fidei
2701 5384 3263 5442 consummationem.
3323 5383 3418 5438 Sic
3451 5385 3598 5439 enim

2018 5475 2231 5544 integra
2257 5475 2459 5531 divinae
2495 5477 2758 5547 imaginis
2789 5478 3004 5547 species
3037 5475 3426 5532 conservanda
3458 5486 3600 5539 erat,

2017 5583 2396 5638 expressaque
2437 5570 2510 5643 ad.
2559 5571 2844 5640 antiquam
2891 5569 3358 5640 pulchritudinem
3403 5570 3603 5626 simili-

2020 5659 2179 5722 tudo,
2214 5660 2348 5714 nihil
2377 5677 2476 5718 sua
2509 5662 2782 5718 decedens
2827 5663 3150 5728 stabilitate,
3188 5662 3385 5718 eodem
3435 5665 3604 5722 modo

2024 5751 2256 5814 habens,
2306 5769 2590 5810 mansura.
2647 5755 2779 5818 Sed,
2820 5756 2946 5810 heu'
2977 5757 3095 5811 me!
3139 5755 3354 5820 nescio,
3409 5763 3470 5809 ut
3515 5755 3602 5836 liis

2019 5845 2302 5916 omnibus,
2357 5847 2568 5904 diaboli
2610 5851 2954 5920 consulentis
2994 5849 3190 5907 fraude
3259 5865 3360 5906 sua
3401 5847 3498 5904 illa
3532 5845 3602 5902 ad
