3978 6140
423 381 562 448 1275

1605 385 1665 445 S.
1711 384 2040 446 ANDREE
2077 384 2504 447 CRETENSIS
2565 403 2570 408 ‘

3562 378 3703 450 1276

421 495 810 552 vocationem?
859 491 1067 564 thuid
1117 493 1459 566 despicimus
1527 494 1804 565 gratiam?
1861 492 2002 560 Quid

2115 512 2225 566 por;
2261 517 2280 548 ι
2317 497 2397 568 Τῇ
2434 494 2720 566 ἐλευθερίᾳ
2768 494 2878 565 γὰρ
2917 493 3154 566 Χριστὸς
3191 494 3345 565 ἡμᾶς
3387 495 3702 566 ἠλευθέρω-

425 608 528 647 nos
588 591 846 645 vitiorum
907 589 1176 646 edicimus
1235 605 1471 655 servos,
1523 592 1616 659 qui
1672 591 1846 644 simus
1897 589 2006 643 [icti

424 681 627 738 liberi?
660 701 679 734 ι
718 681 974 736 Christus
1014 681 1160 735 enim
1191 695 1290 734 nos
1333 679 1592 734 libertate
1621 677 1873 732 liberavit.
1898 677 2002 729 γ’.»

423 773 544 828 Non
579 785 665 829 est
699 773 754 826 in
793 773 957 827 nobis
997 771 1244 838 Judaeus,
1275 787 1382 826 non
1425 771 1674 832 Graecus,
1728 785 1844 828 non,
1873 767 2009 838 Scy-

427 867 541 928 tba,
574 879 682 917 non
716 863 1020 925 Barbarus,
1057 878 1168 917 non
1200 872 1286 917 est
1317 863 1602 916 masculus
1634 872 1686 915 et
1730 859 1933 914 femina
1962 868 2006 914 ι.

426 953 630 1009 Omnes
677 953 820 1008 idem
871 969 1067 1008 sumus
1119 953 1174 1006 in
1242 951 1496 1006 Domino.
1557 949 1762 1004 Sumus
1814 949 2009 1004 salvati

427 1037 832 1116 gratiafFacti
871 1062 1066 1101 sumus
1099 1045 1194 1098 filii
1233 1044 1351 1100 Dei.
1394 1063 1413 1095 ι
1457 1043 1614 1097 Dedit
1657 1031 1806 1096 enim
1849 1041 2010 1096 nobis

429 1144 759 1202 potestatem
782 1136 922 1191 lilios
945 1135 1042 1190 Dei
1067 1136 1244 1191 fierit.
1260 1153 1390 1186 p—c
1410 1134 1557 1189 Misit
1577 1135 1719 1196 Deus
1742 1133 2009 1202 Spiritum

429 1225 554 1282 Filii
593 1228 678 1282 sui
732 1227 790 1284 in
838 1226 1106 1284 cordibus
1155 1215 1367 1282 nostris?
1411 1226 1746 1280 clamantem
1782 1242 1794 1278 :
1833 1224 2010 1288 Abba,

429 1317 594 1374 Pater
623 1317 672 1372 ι).
716 1337 735 1370 ι

500 1410 898 1474 Quamobrem,
931 1426 1042 1465 non
1077 1425 1272 1479 sumus
1299 1410 1542 1480 amplius
1571 1407 1741 1472 servi,
1770 1407 1864 1483 sed
1892 1405 2008 1472 lilii,

430 1513 483 1555 et
518 1490 614 1554 Dei
666 1500 914 1556 haeredes
964 1517 1061 1571 per
1108 1501 1417 1556 Christum.
1450 1500 1529 1555 Ne
1577 1499 1744 1570 igitur
1793 1505 2011 1553 terrena

435 1591 646 1646 vilitate
673 1591 1070 1660 ingenuitatem
1092 1598 1337 1644 nostram
1362 1589 1565 1658 probro
1591 1585 2011 1642 atliciamus.Ne

433 1680 680 1735 caelestis
729 1680 922 1750 patria:
975 1679 1168 1744 obliti,
1219 1679 1440 1734 misera:
1491 1679 1582 1732 isti
1635 1688 1690 1731 et
1749 1677 2007 1730 deorsum

435 1770 680 1840 vergenti
726 1771 876 1832 vitae,
919 1773 1121 1839 cuique
1171 1769 1308 1822 nihil
1341 1772 1414 1824 sit
1458 1777 1661 1837 przcter
1697 1768 2006 1836 corruptio-

433 1874 580 1923 nem,
605 1859 1135 1914 attabescamus.Ne
1160 1877 1246 1914 res
1272 1861 1562 1929 praesentis
1593 1859 1804 1923 saeculi,
1841 1858 2010 1913 futuri

431 1947 618 2001 saeculi
649 1948 813 2002 rebus
844 1947 1241 2016 praeferamus;
1271 1964 1406 2002 neve
1427 1947 1854 2011 immortalibus,
1885 1961 2012 2000 cor-

429 2038 675 2107 ruptioni
705 2037 942 2092 obnoxia
989 2047 1380 2110 praeoptemus.
1415 2039 1506 2095 .Ne
1546 2041 1736 2108 igitur,
1769 2039 2012 2094 emlestis

431 2130 699 2184 domicilii
721 2131 1072 2200 possessione
1094 2131 1346 2196 dimissa,
1366 2140 1570 2184 terram
1589 2131 1746 2186 nobis
1765 2129 2008 2195 domum,

431 2234 558 2272 cum
588 2220 656 2273 iis
680 2239 699 2270 ι
726 2222 818 2290 qui
844 2221 1098 2275 habitant
1120 2221 1176 2274 in
1202 2222 1511 2290 sepulcris'
1543 2240 1559 2271 ι
1581 2222 2008 2275 constituamus.

429 2307 572 2372 Jam,
610 2306 840 2372 fratres,
864 2327 883 2358 ι
923 2308 1096 2362 sobrii
1130 2310 1305 2364 simus
1331 2319 1384 2362 et
1409 2309 1703 2378 vigilemus
1733 2307 1784 2374 ά,
1823 2328 1842 2360 ι
1881 2324 2011 2378 pro-

431 2399 602 2453 fundo
625 2399 861 2468 pigritiae
891 2385 1134 2454 decusso
1157 2414 1354 2454 somno
1377 2439 1391 2464 ,
1430 2400 1723 2468 ablataque
1760 2415 1789 2452 a
1827 2398 2011 2452 cordis

430 2492 608 2545 oculis
629 2493 790 2558 leuia,
815 2493 1138 2545 noverimus
1161 2491 1322 2560 cujus
1351 2499 1404 2543 et
1427 2491 1570 2545 unde
1593 2491 1788 2545 simus.
1807 2489 1936 2554 Quae
1955 2497 2010 2543 et

431 2599 595 2646 quam
623 2585 862 2640 illustris
887 2594 1078 2638 nostra
1107 2584 1393 2638 formatio.
1417 2582 1709 2649 Quomodo
1735 2583 1860 2636 facti
1887 2583 2010 2652 qni—

431 2675 554 2729 dem
576 2677 748 2730 simus
772 2685 981 2730 certqu
1006 2677 1162 2746 quid,
1195 2691 1364 2746 supra
1401 2691 1535 2730 vero
1567 2677 1753 2728 omnia
1801 2675 2009 2728 honore

433 2767 580 2819 aucti
608 2769 816 2830 simus;
852 2777 990 2832 tum,
1015 2768 1184 2820 rebus
1217 2767 1406 2822 sensui
1445 2766 1734 2834 subjectis,
1771 2766 2006 2835 spiritali

433 2856 682 2921 ratione;
707 2857 1083 2926 spiritualibns
1104 2869 1306 2918 autem,
1339 2857 1522 2910 animo
1553 2873 1715 2926 supra
1737 2857 2006 2926 spiritalia

431 2948 668 3010 elevato,
695 2947 1088 3003 incumbamus
1117 2967 1129 3001 :
1157 2958 1324 3017 atque
1356 2941 1422 3002 ini
1449 2949 1646 3018 primis
1677 2949 2004 3018 cogitemus,

431 3041 560 3110 quis
603 3041 719 3095 haec
747 3041 934 3094 omnia
977 3035 1209 3110 posuit?
1243 3041 1380 3107 Quis
1417 3041 1532 3096 sola
1566 3043 1851 3095 voluntate
1880 3040 2007 3095 fecit

354 3205 357 3208 _
433 3141 491 3187 et
541 3133 836 3187 condidit?
893 3133 1032 3200 Quis
1087 3133 1364 3187 hominem
1413 3132 1482 3188 de
1524 3142 1668 3185 terra
1715 3132 2005 3198 formavit;

435 3225 632 3293 quisve
667 3224 718 3276 in
767 3233 972 3278 terram
1011 3224 1269 3278 reducit?
1303 3223 1444 3290 Quis
1479 3243 1497 3276 ι
1539 3226 1723 3294 posuit
1751 3226 2008 3278 tenebras

431 3313 722 3368 latibulum
761 3329 924 3367 suum
955 3325 977 3353 ε
1016 3331 1028 3366 :
1063 3333 1080 3366 ι
1117 3315 1843 3388 abyssumguejudiciorum
1879 3331 2005 3370 suo.

436 3421 556 3460 rum
603 3407 748 3460 nube
783 3405 1076 3477 contegit?
1113 3405 1277 3472 Tibi,
1328 3423 1361 3460 ο
1395 3407 1592 3472 homo,
1637 3406 1796 3462 fidem
1841 3406 2012 3483 faciat

437 3497 626 3561 David,
663 3497 898 3552 dicens:
938 3515 955 3548 ι
999 3498 1266 3554 Mirabilis
1317 3498 1464 3553 facta
1507 3507 1594 3553 est
1642 3500 1873 3554 scientia
1919 3509 2010 3553 tua

432 3605 498 3642 ex
533 3605 653 3656 me;
692 3589 1006 3644 confortata
1043 3598 1152 3652 est,
1193 3601 1249 3645 ct
1286 3605 1395 3643 non
1427 3583 1622 3660 potero
1659 3591 1724 3644 ad
1759 3606 1878 3645 eam
1917 3590 1958 3643 ΐ.
1988 3611 2006 3642 ι

432 3680 509 3735 Ac
545 3681 709 3750 plane
765 3681 984 3734 merito.
1042 3679 1178 3746 Quis
1230 3682 1376 3735 enim
1419 3701 1437 3734 ι
1479 3684 1737 3752 cognovit
1783 3699 2010 3739 sensum

436 3772 696 3828 Domini?
726 3783 815 3824 aut
853 3772 976 3841 quis
1021 3772 1383 3828 consiliarius
1419 3773 1542 3842 ejus
1577 3771 1680 3826 fuit
1708 3773 1780 3826 εἳ
1814 3792 1832 3824 ι
1875 3773 2012 3838 Quis

431 3863 582 3916 dedit
614 3863 737 3917 vita:
764 3864 1068 3931 terminos,
1124 3865 1322 3933 quisve
1362 3872 1614 3934 tempora
1660 3865 1856 3920 dividit
1908 3867 2010 3935 ipsi

431 3957 770 4034 prmcognita
813 3965 1108 4026 antequam
1144 3957 1556 4011 conderentur?
1595 3957 1730 4024 Quis
1771 3959 1896 4012 vitae
1927 3959 2012 4012 in-

432 4049 647 4114 stituta,
675 4057 1004 4118 aetatumque
1039 4049 1377 4106 mutationes
1406 4051 1649 4104 humano
1690 4051 1876 4122 generi
1911 4053 2010 4106 ad-

427 4139 652 4208 juuxit;
713 4147 878 4206 atque
923 4138 1086 4208 hujus
1128 4137 1352 4207 quidem
1396 4137 1674 4192 contrahit
1731 4136 2008 4192 annorum

431 4231 732 4295 curricula,
768 4230 915 4286 illius
944 4239 1132 4284 autem
1161 4230 1456 4300 producit?
1495 4235 1634 4286 Ante
1672 4247 1802 4286 vero
1827 4231 2010 4285 omnia

433 4323 568 4390 haec,
603 4325 728 4393 quis
763 4325 966 4378 animal
1001 4327 1055 4378 in
1090 4331 1247 4378 utero
1289 4323 1484 4378 format
1511 4365 1524 4388 ,
1560 4335 1901 4394 venusteque
1947 4341 2011 4380 ac

432 4420 712 4489 eleganter
755 4417 1022 4475 infantem
1065 4418 1250 4482 ellicit,
1297 4433 1361 4473 ac
1412 4419 1600 4472 condit
1643 4418 1838 4483 fetum,
1883 4434 2008 4489 spe-

2111 605 2226 643 σεν.
2278 607 2296 639 ι
2339 589 2453 640 Οὐκ
2485 587 2564 641 ἔνι
2614 589 2670 640 ἐν
2717 577 2854 657 ἡμῖν
2906 585 3181 650 Ἰουδαῖος,
3235 587 3339 655 οὐχ
3363 584 3594 650 Ἕλλην,
3639 585 3700 638 οὗ

2111 680 2350 750 Σκύθης,
2376 681 2438 732 ού
2467 679 2774 749 Βάρὸαρος,
2796 679 2898 730 οὐκ
2925 677 3006 730 ἔνι
3027 677 3217 746 ἄρσεν,
3234 677 3296 729 οὐ
3315 677 3474 747 θῆλυ.
3495 677 3705 740 Πάντες

2109 765 2189 834 εἷς
2228 773 2480 840 ὲσμεννὲν
2515 771 2727 838 Κυρίῳ.
2768 767 2970 840 Χάριτί
2997 769 3166 837 ἐσμεν
3195 766 3557 836 σεσωσμένοι.
3579 767 3705 819 Υίοι

2109 863 2416 932 γεγόναμεν
2463 863 2560 916 τοῦ
2609 863 2770 916 Θεοῦο
2819 881 2837 913 ι
2873 861 3083 914 Δέδωκε
3137 860 3246 932 γὰρ
3290 861 3424 929 ἡμῖν
3447 858 3706 922 ἐξουσίαν

2109 956 2275 1010 τέκνα
2305 955 2441 1010 Θεοῦ
2462 955 2738 1024 γενέσθαι.
2766 973 2785 1005 ι
2809 985 2879 993 —
2913 972 2932 1004 ι
2977 951 3396 1017 Ἐξαπέστειλεν
3428 951 3458 1005 ὁ
3485 950 3621 1014 Θεὸς
3647 949 3706 1002 τὸ

2112 1048 2338 1118 Πνεῦμα
2394 1046 2490 1100 τοῦ
2548 1047 2680 1100 Υίοῢ
2747 1043 2912 1099 αὑτοῦ
2961 1046 3019 1098 ὲν
3069 1047 3194 1108 ταῖς
3245 1041 3500 1113 καρδίαις
3545 1039 3707 1110 ἡμῶν

2111 1139 2338 1210 κράζον,
2357 1137 2529 1193 Ἀϐϐά
2552 1141 2580 1192 ὁ
2601 1139 2809 1208 Πατήρ.
2823 1156 2842 1189 ι

2183 1402 2349 1454 ’Ὥστε
2372 1401 2558 1455 οὐκέτι
2588 1402 2756 1471 ἐσμὲν
2779 1401 2983 1464 δοῦ).οι,.
3015 1401 3131 1454 ἀλλ’
3159 1401 3286 1459 υἱοὶ,
3313 1399 3413 1452 καὶ
3441 1397 3710 1468 κληρονό-

2115 1508 2204 1561 μοι
2237 1491 2372 1544 Θεοῦ
2406 1491 2497 1570 διᾲ
2523 1491 2786 1562 Χριστοῦ.
2825 1494 2916 1561 Μὴ
2953 1492 3016 1561 δὴ
3053 1490 3350 1560 τοιγαροῦν
3391 1491 3511 1550 τοῖς
3546 1490 3708 1541 εὐτε-

2109 1583 2226 1636 λέσι
2277 1583 2378 1652 τὴν
2425 1583 2702 1653 ἡμετέραν
2764 1585 3048 1652 εὐγένειαν
3104 1581 3556 1651 καθυϐρίσωμεν.
3586 1579 3706 1651 Μὴ,

2109 1675 2212 1742 τῆς
2259 1675 2463 1730 ἀνωθεν
2513 1675 2776 1742 πατρίδος
2826 1674 3207 1744 ἐκλαθόμενοι,
3255 1671 3703 1742 προστετηκότες

2114 1759 2267 1834 ὦμεν
2310 1769 2376 1837 τῇ
2423 1767 2672 1838 μοχθηρᾷ
2723 1769 2896 1837 ταύτῃ
2947 1768 3042 1819 καὶ
3075 1766 3229 1818 κάτω
3273 1763 3538 1836 βριθούσῃ
3569 1763 3709 1833 ζωῇ,

2051 1840 2091 1894 Β
2119 1859 2212 1924 καὶ
2239 1858 2334 1928 τῆς
2357 1857 2564 1928 φθορᾶς
2597 1856 2752 1910 οὐδὲν
2788 1855 2988 1927 ἐχούσῃ
3023 1855 3204 1907 πλέον.
3236 1855 3328 1919 Μὴ
3359 1853 3430 1906 τά
3457 1854 3712 1922 παρόντα

2117 1949 2225 2001 τῶν
2278 1948 2580 2018 μελλόντων
2634 1947 3043 2018 προκρίνωμεν,
3075 1945 3210 2016 μηδὲ
3252 1945 3364 1996 τῶν
3411 1944 3710 2014 ἀκηράτων

2119 2038 2478 2110 προελώμεθα
2505 2038 2574 2092 τὰ
2599 2038 2862 2108 ἐπίκηρα.
2890 2037 2982 2107 Μὴ
2998 2036 3178 2089 τοίνυν
3207 2035 3438 2105 οὐρανὸν
3476 2034 3708 2102 ἀφέντες

2119 2129 2260 2200 ἔχειν
2293 2131 2506 2194 ἑαυτοῖς
2535 2130 2877 2200 ἐνδιαίτημα,
2901 2129 3000 2198 τὴν
3027 2128 3132 2198 γῆν
3163 2128 3351 2181 ἑστίαν
3386 2126 3526 2194 μετὰ
3547 2145 3568 2176 ι
3598 2125 3711 2178 τῶν

2117 2221 2512 2276 κατοικούντων
2540 2225 2598 2275 ὲν
2633 2220 2828 2289 τάφοις
2869 2239 2888 2272 ι
2933 2218 3399 2293 ὑποστησώμεθα.
3437 2237 3457 2269 ι
3511 2217 3711 2287 Ἐκνή-

2114 2314 2306 2382 ψωμεν
2325 2333 2343 2364 ι
2370 2315 2433 2367 τὸ
2453 2313 2660 2378 λοιπὸν,
2693 2313 2932 2381 ἀδελφοὶ,
2959 2333 2977 2364 ι
3005 2313 3099 2389 καὶ
3122 2311 3705 2382 διεγρηγορὴσωμεν,›

2115 2405 2206 2457 τὸν
2241 2404 2411 2472 βαθὺν
2462 2405 2561 2474 τῆς
2589 2405 2860 2476 ῥᾳθυμίας
2893 2403 3061 2458 ὕπνον
3089 2402 3578 2470 ἁποτιναξάμενοι·
3616 2401 3711 2452 καὶ

2114 2495 2222 2547 τῶν
2240 2495 2534 2565 ὀφθαλμῶν
2552 2497 2649 2565 τῆς
2679 2495 2858 2566 ψυχῆς
2883 2495 2980 2565 τὴν
2998 2494 3184 2564 λήμην
3219 2493 3709 2566 περιαιρήσαντες,

2115 2587 2332 2656 γνῶμεν
2351 2587 2495 2651 τίνος
2529 2587 2621 2640 καὶ
2637 2586 2808 2642 ,πόθεν
2837 2587 3023 2654 ἐσμέν.
3053 2585 3146 2648 Τίς
3171 2588 3266 2639 καὶ
3293 2584 3518 2652 ποταπὴ
3546 2582 3710 2653 ἡμῶν

2116 2677 2150 2745 ἡ
2188 2675 2498 2738 διάπλασις.
2537 2677 2662 2740 Πῶς
2699 2676 2762 2729 τὸ
2790 2677 2889 2745 μέν
2921 2693 2971 2729 τι
3006 2677 3453 2746 συνυπέστημεν,
3487 2674 3630 2744 ὑπὲρ
3655 2673 3714 2725 δὲ

2112 2767 2172 2820 τὸ
2202 2769 2306 2820 πᾶν
2327 2768 2561 2838 ἐτιμήθη
2573 2749 2856 2837 μενΪΕίτα
2877 2771 2988 2832 τοῖς
3007 2769 3286 2840 αἰσθητοῖς
3303 2767 3532 2835 νοητῶς,
3569 2767 3713 2834 ὑπὲρ

2114 2856 2238 2910 νοῦν
2269 2856 2327 2909 δὲ
2365 2861 2478 2920 τοῖς
2510 2861 2741 2927 νοητοῖς,
2792 2861 3164 2930 ἐπιϐάλωμεν,
3215 2859 3311 2912 καὶ⁸
3349 2857 3714 2926 κατανοῶμεν

2113 2951 2188 3012 ὡς
2218 2950 2475 3018 μάλιστα,
2501 2951 2584 3013 τίς
2609 2951 2760 3004 ἔθετο
2790 2953 2964 3006 ταῦτα
2995 2953 3202 3014 πάντας
3236 2951 3332 3012 Τίς
3358 2953 3387 3004 ὁ
3417 2951 3593 3004 ποιῶν
3619 2951 3713 3002 καὶ

2113 3042 2542 3105 κατασκευάζων
2587 3045 2734 3113 μόνῳ
2759 3045 2838 3114 τῷ
2875 3044 3160 3114 βούλεσθαι
3183 3063 3197 3110 ;
3225 3045 3322 3107 Τίς
3344 3047 3372 3097 ό
3400 3045 3617 3106 πλάσας
3648 3045 3717 3098 ὲκ

2112 3135 2216 3202 γῆς
2249 3133 2557 3204 ἄνθρωπον,
2601 3137 2692 3188 καὶ
2714 3138 2795 3200 εἰς
2821 3137 2925 3205 γῆν
2947 3137 3268 3204 ἐπανάγων;
3309 3136 3409 3199 Τίς
3434 3139 3462 3189 ὁ
3498 3155 3516 3186 ι
3555 3136 3712 3202 θέμε-

2111 3241 2201 3286 νος
2233 3225 2424 3286 σκότος
2467 3228 2794 3299 ἁποκρυερὴν
2829 3227 3030 3290 αὐτοῦ,
3081 3247 3098 3279 ι
3151 3229 3248 3281 καὶ
3300 3226 3714 3294 συγκαλύπτων

2113 3316 2265 3385 νέφει
2293 3318 2404 3370 τῶν
2439 3319 2607 3372 αὐτοῦ
2631 3320 2920 3390 κριμάτων
2949 3321 3049 3390 τὴν
3075 3321 3349 3387 ἀϐυσσονς
3382 3319 3550 3372 Δαϐιδ
3590 3335 3717 3372 πει-

2114 3410 2258 3463 σάτω
2289 3427 2370 3472 σε,
2405 3412 2680 3482 ἄνθρωπε,
2707 3433 2724 3464 ι
2775 3413 3229 3482 Ἐθαυμαστώθη,
3257 3413 3459 3478 λέγων,
3504 3415 3535 3479 ἠ
3572 3415 3716 3480 γνῶ-

2055 3511 2074 3580 _'
2117 3500 2200 3562 σίς
2237 3518 2332 3554 σου
2371 3503 2430 3568 ἐξ
2469 3503 2624 3574 ὲμοῦο
2659 3503 3035 3576 ἐκραταιὼθη,
3075 3505 3136 3557 ού
3179 3505 3254 3575 μὴ
3291 3505 3541 3572 δύνωμαι
3573 3505 3715 3574 πρὸς

2114 3593 2307 3664 αὑτήν.
2346 3613 2364 3645 ι
2419 3597 2530 3653 Καὶ
2587 3597 2734 3665 μάλα
2767 3597 3016 3660 είκότως.
3053 3597 3150 3659 Τίς
3198 3597 3308 3666 γὰρ
3354 3615 3372 3647 ι
3410 3597 3554 3662 ἔγνω
3588 3595 3716 3648 νοῦν

2113 3690 2358 3760 Κυρίου;
2392 3688 2530 3759 ἢτίς
2561 3687 2862 3758 σύμϐουλος
2889 3687 3054 3740 αὐτοῦ
3086 3687 3338 3755 ὲγένετος
3383 3707 3401 3739 ι
3441 3687 3538 3748 Τίς
3567 3687 3599 3738 ὁ
3630 3685 3711 3738 δι-

2112 3785 2237 3846 δοὺς
2273 3783 2448 3854 μέτρα
2490 3783 2655 3853 ζωῆς,
2685 3783 2778 3836 καὶ
2812 3782 3062 3852 διορίζων
3119 3783 3374 3852 χρόνους,
3426 3799 3710 3851 προεγνωο

2115 3878 2350 3947 σμένους
2379 3876 2528 3946 αύτῷ
2559 3876 2664 3947 πρὸ
2703 3875 3076 3944 συμπήξεωςς
3112 3875 3211 3937 Τίς
3244 3875 3474 3942 ἀγωγάς
3516 3891 3575 3926 τε
3615 3874 3710 3926 καὶ

2116 3964 2540 4036 μεθηλικιὼσεις
2591 3963 2668 4034 τῷ
2715 3963 3045 4035 ἀνθρωπίνῳ
3097 3965 3247 4031 γένει
3293 3965 3706 4035 παραζευγνίδς,

2113 4055 2207 4108 καὶ
2233 4053 2327 4106 τοῦ
2362 4055 2478 4122 μὲν,
2528 4054 2812 4123 συντέμνει
2841 4094 2856 4118 ,
2883 4052 2978 4104 τοῦ
3013 4053 3072 4106 δὲ
3133 4053 3366 4122 μηκύνξι
3417 4054 3526 4106 τῶν
3570 4053 3708 4107 ἐτῶν

2110 4143 2240 4205 τώς
2271 4142 2553 4208 διαύλουςς
2579 4142 2690 4195 Καὶ
2734 4141 2839 4212 πρὸ
2866 4141 3096 4204 τούτων,
3145 4142 3229 4205 τίς
3267 4142 3295 4192 ὁ
3340 4140 3598 4194 πλάττων
3651 4143 3708 4193 ὲν

2116 4239 2298 4306 μήτρᾳ
2338 4235 2494 4297 ζῶον,
2525 4237 2618 4286 καὶ
2655 4233 3008 4303 βρεφουργῶν
3037 4233 3291 4296 ἀστείως,
3311 4231 3406 4284 καὶ
3445 4231 3708 4284 συνιστῶν

2111 4329 2288 4398 γόνον,
2331 4328 2426 4382 καὶ
2477 4327 2799 4398 διαγράφων
2829 4323 2990 4388 εἶδος,
3034 4327 3114 4389 εἰς
3155 4324 3273 4386 ἑνὸς
3303 4323 3537 4386 κάλλους
3566 4339 3705 4392 συμ-

2116 4422 2422 4492 πλήρωσιν.
2454 4421 2551 4483 Τίς
2579 4419 2776 4487 γλύφει
2809 4418 3046 4488 μορφὴν,
3087 4417 3181 4470 καὶ
3215 4415 3543 4486 σχηματίζει
3581 4415 3706 4484 βρέ-

431 4511 684 4579 eiemque
715 4521 908 4565 exacte
946 4511 1214 4566 describit
1245 4511 1535 4582 pingitque
1570 4510 1635 4563 ad
1667 4511 1836 4565 unius
1879 4512 2004 4580 pul-

2115 4531 2232 4584 (ρος,
2265 4515 2357 4566 καὶ
2393 4513 2761 4584 συναρμόττει
2799 4509 2958 4580 μέλη,
2989 4512 3083 4562 καὶ
3115 4509 3357 4562 συντιθεῖ
3390 4509 3576 4579 μόρια,
3612 4509 3706 4561 καὶ

431 4603 764 4656 chritudinis
815 4603 1276 4658 absolutionem?
1328 4603 1466 4670 Quis
1521 4604 1751 4659 formam
1813 4606 2008 4670 caelat,

432 4693 747 4762 ﬁguratque
777 4693 1066 4760 infantem,
1095 4701 1149 4748 et
1171 4694 1472 4748 concinnat
1507 4696 1775 4756 membra,
1803 4703 2014 4764 ραι-1ος.-

430 4800 541 4853 que
572 4787 876 4853 componit,
930 4799 995 4840 ac
1030 4785 1334 4855 compingit
1362 4800 1570 4854 organa
1601 4785 2009 4840 membrorum-

433 4891 540 4944 que
579 4891 875 4947 compages
926 4891 1171 4946 congrue
1223 4876 1419 4932 usibus
1477 4880 1766 4946 corporis,
1813 4878 2010 4946 cuique

433 4968 648 5038 adjecta
681 4969 854 5040 figura
882 4985 1004 5036 sua,
1033 4969 1361 5040 distinguit?
1395 4968 1474 5022 Ad
1505 4970 1622 5023 haec
1650 4980 1708 5024 et
1735 4980 1863 5026 ante
1891 4972 2005 5037 illa,

432 5061 556 5129 quis
579 5061 754 5114 lutum
779 5061 1020 5127 animat,
1069 5061 1463 5132 pulveremqne
1485 5062 1701 5130 spiritui
1731 5065 2007 5131 conserit,

432 5166 498 5204 ac
530 5151 895 5206 simulacrum
951 5154 1254 5206 animatum
1298 5151 1471 5207 facit?
1516 5153 1652 5219 Quis
1687 5155 2006 5224 sanguinem

429 5242 652 5312 quidem
688 5245 740 5298 in
770 5259 1017 5311 carnem,
1055 5234 1309 5316 phlegma
1349 5254 1528 5299 autem
1561 5246 1613 5299 in
1645 5260 1772 5300 ossa
1803 5264 1816 5299 :
1847 5257 2010 5321 atque

433 5336 665 5390 alterum
706 5336 930 5404 quidem
961 5338 1338 5401 eondensans,
1395 5339 1629 5392 alterum
1662 5347 1844 5390 autem
1876 5353 2009 5391 coa-

432 5427 654 5494 gulans,
677 5430 732 5482 in
758 5429 1140 5485 admirabilem
1164 5447 1327 5486 unam
1354 5433 1772 5486 concretionem
1807 5413 2013 5483 trahit?

343 5508 348 5512 ’
435 5517 571 5581 Quis
607 5521 786 5589 pictor
819 5523 1085 5592 imagines
1133 5523 1398 5579 invulva
1448 5524 1709 5588 delineat,
1768 5525 2013 5578 coloI-cs-

549 5709 818 5780 7‘_Galat.
842 5729 914 5772 tv.
939 5715 997 5768 3|
1083 5727 1105 5754 ι
1139 5718 1352 5771 Coloss.
1380 5733 1461 5780 ιιι,
1496 5719 1580 5770 Η.

457 5783 481 5812 ο
509 5771 654 5830 [δεδι.
695 5788 825 5845 x‘vu,
900 5771 986 5840 η.
1073 5785 1091 5823 ί
1127 5771 1558 5853 l‘sal.cxxxvm,
1587 5789 1636 5840 6.

1661 5730 1684 5757 α
1711 5716 1872 5768 Juan.
1907 5733 1945 5776 t,
1986 5716 2064 5768 l2.

1723 5791 1744 5826 ε
1781 5786 1932 5837 llmn.
1973 5803 2024 5840 xu
2061 5827 2074 5853 ,
2108 5787 2195 5848 5-1,

2109 4607 2379 4675 πήγνυσιν
2413 4605 2652 4675 ὄργανα,
2689 4603 2784 4658 καὶ
2806 4603 3058 4673 διαρθροῖ
3093 4603 3202 4654 τῶν
3236 4599 3417 4670 μελῶν
3455 4603 3555 4664 τὰς
3585 4619 3706 4654 συνο

2109 4699 2289 4760 θέσεις
2322 4695 2675 4765 καταλλήλως
2705 4698 2826 4758 ταῖς
2877 4695 3094 4764 χρείαις
3125 4691 3221 4746 τοῦ
3255 4693 3532 4762 σώματος,
3591 4697 3707 4746 ἑτα-

2112 4793 2407 4864 μορφάζων
2443 4789 2508 4843 τά
2545 4791 2841 4860 σχήματας
2879 4787 2990 4841 Καὶ
3043 4788 3150 4856 πρὸ
3207 4787 3418 4840 τούτων
3473 4781 3575 4847 ἔτι,
3624 4786 3702 4848 τίς

2106 4886 2272 4955 ψυχσί
2299 4885 2490 4954 πηλὸν,
2523 4884 2617 4936 καὶ
2655 4882 2922 4936 συνάπτει
2971 4881 3066 4933 τὸν
3122 4880 3252 4949 γοῦν
3285 4879 3583 4950 πνεύματι,
3612 4879 3705 4931 καὶ

2112 4977 2410 5046 ἀνδριάντα
2461 4974 2796 5044 παρίστησιν
2837 4971 3116 5041 ἓμψυχον;
3148 4971 3246 5034 Τίς
3275 4965 3414 5040 αἷμα
3472 4971 3571 5036 μὲν
3626 4972 3704 5032 εἰς

2112 5071 2316 5141 σάρκα,
2369 5071 2446 5132 εἰς
2500 5068 2631 5121 ὀστᾶ
2659 5068 2717 5119 δὲ
2769 5067 2832 5120 τὸ
2865 5066 3104 5136 φλέγμα,
3139 5065 3234 5117 καὶ
3268 5065 3331 5117 τὸ
3376 5065 3476 5132 μὲν
3509 5065 3700 5134 πήξας,

2108 5161 2169 5214 τὸ
2203 5161 2260 5214 δὲ
2309 5158 2584 5230 τυρώσας,
2641 5160 2719 5220 είς
2769 5157 2826 5210 ἓν
2858 5159 2980 5225 ἀγει
3025 5155 3330 5227 παράδοξον
3368 5157 3698 5225 σύγκριμα;

2113 5253 2269 5314 Ποῖος
2303 5254 2360 5304 ὲν
2386 5251 2572 5322 μήτρᾳ
2617 5248 2912 5320 ζωγράφος
2950 5247 3166 5310 εἰκόνας
3213 5249 3569 5316 σκιογραφεῖ,
3611 5244 3703 5297 καὶ

2113 5345 2538 5413 χρωματουργεί
2565 5342 2727 5406 ζῶον,
2761 5341 2852 5394 καὶ
2885 5341 3056 5412 χρόας
3089 5339 3360 5408 ἐντίθησι,
3389 5339 3485 5392 καὶ
3507 5341 3702 5407 γράφει

2114 5434 2428 5504 ποιότητας,
2469 5437 2564 5488 καὶ
2623 5434 2957 5506 λαμματίξει
3021 5433 3182 5503 βάθη,
3233 5431 3329 5486 καὶ
3378 5431 3698 5500 χαρακτῆρα

2118 5525 2398 5596 συνίστησι
2427 5542 2442 5592 ;
2466 5526 2607 5590 Τίςὸ
2639 5527 2830 5579 τείνων
2861 5524 3052 5598 νεῦρα,
3090 5525 3187 5578 καὶ
3221 5523 3364 5594 μύας
3386 5523 3586 5584 ἕλκων,
3613 5522 3697 5574 καὶ

2176 5721 2202 5752 ν·
2233 5719 2408 5774 (hiat.
2439 5736 2510 5784 tv,
2549 5720 2610 5774 l6
2713 5733 2734 5760 ι·
2763 5720 2904 5775 Psal.
2932 5735 3100 5779 uvu.
3129 5721 3181 5773 7.
3258 5719 3286 5786 εξ
3319 5720 3336 5775 Ι
3364 5719 3514 5779 Pclr.
3554 5736 3608 5788 γ,
3645 5723 3690 5782 ἃ
