3978 6140
210 455 345 524 1277

1096 467 1191 526 DE
1235 467 1556 528 HUMANA
1593 467 1762 527 VlTA
1802 463 1896 521 ΕΤ
1939 465 2034 524 DE
2068 465 2513 527 DEFUNCTIS.

3347 461 3480 526 127-3

205 574 499 646 ἀρτηρίαις
544 571 747 641 ὑμένας
803 575 1206 641 ὲπισυνάπτων,
1247 579 1340 631 καὶ
1377 578 1582 648 φλέϐας
1632 583 1783 648 ὲμπι·

1899 590 2004 642 que
2037 578 2270 637 animali
2297 577 2542 638 adhibet,
2589 589 2653 627 ac
2689 573 2865 644 pingit
2901 575 3222 643 qualitates,
3265 585 3320 630 et
3351 592 3478 646 pro-

205 665 360 719 πλῶν
390 665 619 736 αἵματος
651 681 667 730 ;
695 665 787 728 Τίς
823 665 956 720 ὀστᾶ
996 667 1134 737 πρὸς
1174 671 1330 731 ὀστᾶ,
1383 670 1480 723 καὶ
1526 671 1793 742 ἁρμονίαν

205 756 445 828 ἁρμονίᾳ
497 757 781 818 συνάπτει,
826 757 919 808 καὶ
952 759 1114 828 σαρκὶ
1147 758 1543 826 συγκαλύπτει,
1579 760 1678 812 καὶ
1724 762 1791 830 τῇ

203 847 405 913 ἔξωθεν
445 847 718 918 προσϐολῇ
751 847 798 880 ⁸⁸
835 849 1194 920 μεγαλοφυῶς
1241 851 1569 921 ἁμφιέννυσι
1597 867 1612 917 ;
1637 851 1792 914 Ποῖος

203 941 262 992 ἐν
319 941 500 1010 μήτρα
551 937 906 1013 βυρσοδέψης,
969 940 1134 1012 δορὰν
1184 943 1535 1012 ἐτεκτήνατο,
1587 944 1683 996 καὶ
1723 946 1790 1014 τῇ

203 1029 410 1100 κρύφια
432 1029 532 1098 τῆς
571 1032 772 1101 σαρκός
811 1031 1024 1102 ἀδήλως
1066 1032 1327 1104 ὑγρότητι
1379 1034 1478 1106 τὴν
1508 1037 1792 1105 ἐπιφαινο-

203 1120 374 1190 μένην
423 1119 518 1172 τοῦ
575 1119 843 1191 δέρματος
877 1121 1109 1191 ἐποψίαν
1144 1124 1368 1188 ἁπαλῶς
1416 1123 1588 1188 οὕτως
1633 1125 1790 1182 λειώ-

203 1227 326 1274 σας,
377 1207 496 1265 εἷτα
548 1213 827 1292 συντείνας
881 1214 1208 1284 ὁλοσχερῶς.
1279 1215 1601 1285 ἐσχεδίασες
1636 1216 1730 1278 Τίς
1761 1219 1790 1270 6

200 1299 414 1360 πλάσας
435 1300 688 1370 καρδίας,
706 1303 802 1355 καὶ
823 1300 1058 1370 νεφροὺς
1093 1303 1419 1371 ὑποζεύξας,
1453 1308 1548 1359 καὶ
1581 1307 1788 1375 σπλάγ-

196 1406 340 1458 χνων
369 1388 619 1459 ἑφευρὼν
659 1391 760 1454 τὰς
792 1393 1109 1458 συνθέσειςς
1156 1413 1174 1446 t
1218 1395 1314 1461 Τίς
1347 1398 1376 1448 6
1425 1397 1602 1460 διδοὺς
1642 1397 1788 1471 ζωὴν

197 1482 290 1538 καὶ
322 1482 490 1554 πνοὴν
514 1483 609 1537 καὶ
637 1483 704 1538 τὰ
729 1486 904 1540 πάντα
930 1503 945 1551 ;
989 1505 1006 1538 ι

270 1753 380 1806 Καὶ
419 1753 524 1824 πρὸ
579 1754 788 1808 τούτων
835 1755 936 1820 ἔτι,
963 1755 1109 1820 τίνος
1149 1758 1310 1828 ἔργον
1327 1761 1365 1812 .6
1401 1760 1572 1828 μέγας
1628 1755 1784 1826 οὗτος

194 1843 293 1896 καὶ
325 1845 697 1915 παναρμόνιος
740 1847 985 1917 κόσμος;
1021 1849 1144 1912 Πῶς
1191 1851 1419 1920 οὐρανὸς
1452 1852 1662 1923 ὑπέστη
1720 1855 1778 1905 τὸ

1899 667 2066 721 funda
2128 668 2388 738 astringit
2430 667 2554 738 (7).
2618 681 2684 720 ac
2749 668 2977 736 ﬁguram
3041 667 3476 738 distinguentem

1896 759 2208 814 constituit.
2240 759 2376 825 Quis
2408 773 2613 813 nervos
2650 756 2922 822 extendit,
2957 759 3238 828 trahitque
3261 775 3483 812 mustu-

1896 849 2004 913 los,
2041 859 2208 920 atque
2239 849 2465 904 arteriis
2515 850 2870 903 membranas
2909 849 3154 903 conserit
3206 851 3477 902 annectit~

1893 956 2002 1010 que
2033 952 2088 996 et
2123 957 2293 997 venas
2325 941 2595 1012 sanguine
2625 941 2858 1012 implet?
2887 940 3022 1007 Quis
3055 955 3183 995 ossa
3217 941 3472 1006 ossibus,

1893 1045 2299 1100 compagesque
2317 1029 2500 1100 jungit
2520 1031 2906 1101 compagibus,
2929 1040 2983 1085 et
3009 1045 3177 1085 carne
3205 1029 3474 1102 contegit,

1892 1130 2234 1190 externoque
2281 1129 2601 1191 legumento
2639 1121 2932 1191 magnifice
2984 1121 3205 1176 induit?
3245 1120 3384 1187 Quis
3417 1125 3472 1176 in

1892 1211 2053 1266 vulva
2083 1213 2384 1277 roriarius,
2441 1213 2641 1283 pellem
2695 1213 2934 1282 paravit,
2997 1228 3060 1268 ac
3112 1214 3472 1284 conspicuam

1891 1304 2039 1357 cutis
2069 1304 2440 1372 superficiem,
2480 1303 2552 1357 ita
2601 1305 2844 1358 molliter
2875 1305 3123 1368 lmvians,
3161 1305 3474 1376 exindeque

1890 1393 2037 1446 onmi
2071 1405 2226 1464 parte
2264 1395 2630 1457 contendens,
2672 1395 2891 1450 occulta
2943 1395 3254 1449 clanculum
3287 1399 3474 1452 carnis

1890 1484 2242 1550 humiditatc,
2264 1484 2484 1539 eﬂ‘eeit?
2507 1476 2772 1551 Quisnam
2800 1485 2957 1540 finxit
2984 1488 3175 1550 corda,
3203 1503 3472 1556 rencsque

1887 1575 2202 1644 subjunxit,
2235 1592 2298 1630 ac
2330 1578 2601 1632 viscerum
2633 1586 2970 1632 structuram
3006 1577 3252 1632 invenit?
3286 1598 3303 1630 ι
3335 1577 3472 1646 Quis

1887 1667 2038 1722 dedit
2073 1669 2258 1732 vitam,
2293 1679 2348 1723 et
2381 1670 2825 1738 inspirationent,
2863 1678 2917 1724 et
2955 1670 3143 1724 omnia
3165 1671 3240 1724 ll?
3275 1691 3294 1722 ι

1957 1759 2224 1812 Ρινυιοτνθ
2261 1775 2412 1823 vero,
2466 1759 2756 1829 cujusnam
2807 1776 2970 1828 opus,
3013 1775 3249 1830 n‘iagnus
3291 1762 3378 1815 hic
3415 1772 3472 1816 et

1885 1850 2356 1904 concinnissinms
2392 1850 2673 1904 mundus?
2711 1849 3002 1914 Quomodo
3035 1853 3238 1906 malum
3281 1853 3470 1906 condi-

196 1932 346 2004 μέγα
390 1937 484 1988 καὶ
503 1935 766 2006 διαφανὲς
799 1938 892 1992 τοῦ
937 1940 1138 2003 παντὸς
1179 1919 1574 2012 ἐπικάλυμμα;
1613 1919 1782 1996 Πόθεν

1889 1949 2004 1994 tum
2059 1949 2166 2003 est,
2219 1955 2477 2009 magnum
2521 1939 2653 1992 illud
2708 1948 2762 1994 et
2822 1941 3159 2010 pellucidum
3221 1942 3468 1996 universi

191 2025 348 2096 αὑτῴ
380 2028 670 2098 σφαιρικὸν
693 2029 754 2082 τὸ
783 2030 973 2100 σχῆμα
1007 2031 1383 2102 περιτιθέασιν
1410 2032 1562 2093 ἔνιοι.
1587 2035 1782 2104 τροχοῦ

189 2137 253 2173 τε
275 2119 433 2189 δίκην
455 2122 765 2192 ὲγκαρσίως
795 2123 1183 2192 στρεφόμενον,
1220 2127 1315 2177 καὶ
1345 2127 1410 2195 τῇ
1438 2125 1544 2178 τῶν
1567 2126 1782 2195 ἄστρων

192 2214 338 2284 φορᾷ
360 2213 637 2283 τηνάλλως
678 2201 1189 2284 ὲπικυλινδούμενον
1217 2233 1232 2282 ;
1266 2218 1375 2269 Καὶ
1422 2218 1526 2288 πρὸ
1553 2219 1778 2284 τούτων,

190 2305 278 2368 τίς
306 2305 405 2376 τὴν
435 2305 774 2375 προκόσμιον
804 2307 916 2361 τῶν
945 2307 1343 2378 ὑπερκοσμίων
1382 2305 1666 2378 δυνάμεων
1687 2327 1781 2362 ταο

194 2395 468 2466 ξιαρχίαν,
519 2396 932 2468 ἀγγελοπρεπεῖ
968 2400 1336 2470 συνεστήσατο
1377 2401 1654 2469 τάγματι;
1687 2401 1782 2462 Τίς

191 2487 402 2542 τούτων
441 2489 540 2552 τὰς
569 2490 764 2553 ἀύλους
808 2492 902 2544 καὶ
937 2491 1209 2561 φλογερᾶς
1236 2493 1426 2556 οὐσίας
1446 2495 1525 2555 είς
1553 2510 1786 2564 μυριαρ⁸

192 2579 318 2648 χίας
363 2579 456 2632 καὶ
479 2579 808 2650 χιλιαρχίας,
837 2581 1235 2652 ἀσχηματίστῳ
1279 2583 1672 2652 διαμορφὶἷυσας
1707 2585 1782 2634 είς

190 2671 296 2732 δει,
331 2670 625 2734 πολυειδῶς
659 2673 1046 2739 κατεποίκιλε;
1085 2673 1256 2726 Πόθεν
1288 2677 1473 2736 αὑτοῖς
1513 2675 1573 2728 τὸ
1602 2675 1784 2746 πυρῶ-

188 2761 279 2824 δες
311 2764 402 2814 καὶ
441 2763 731 2832 φωτοειδὲς
761 2765 854 2816 καὶ
885 2765 1211 2836 ὑπόπτερον.
1247 2765 1308 2818 τό
1349 2767 1553 2834 κοῦφόν
1580 2783 1636 2818 τε
1689 2767 1782 2819 καὶ

192 2854 526 2924 ὑπηνέμιον;
546 2853 610 2906 Τί
637 2854 700 2906 τὸ
725 2857 890 2925 τομόν
916 2874 976 2908 τε
1005 2857 1100 2910 καὶ
1131 2859 1266 2928 πρὸς
1295 2858 1572 2912 διακονίαν
1601 2859 1784 2911 εὐστα-

188 2945 284 3009 λὲς
317 2947 413 2998 καὶ
441 2946 798 3016 δραστήριον,
829 2949 924 3001 καὶ
959 2950 1185 3017 εἰσάγαν
1213 2948 1477 3016 όξυπετὲς
1529 2952 1621 3005 καὶ
1655 2951 1782 3020 ὑψί-

192 3055 384 3106 πορον,
415 3038 510 3090 καὶ
541 3037 602 3090 τὺ
628 3039 770 3093 κατὰ
793 3040 990 3102 παντὸς
1017 3041 1259 3111 ἀμογητὶ
1289 3041 1570 3110 φέρεσθαι,
1593 3039 1704 3095 οἷον
1725 3041 1784 3094 τὸ

191 3131 342 3186 θεῖον
403 3131 779 3186 διακελεύεται
839 3131 1203 3201 πρόσταγμα,
1251 3131 1408 3193 Τίνος
1459 3133 1702 3201 σόφισμα
1756 3135 1785 3186 6

1887 2033 2318 2103 tegumentum?
2351 2031 2642 2098 Quomodo
2684 2033 2732 2086 ei
2780 2032 3039 2101 quidam,
3099 2025 3493 2088 orbicularem'

1887 2125 2118 2192 figuram
2175 2127 2590 2193 ascripserunt,
2655 2139 2763 2193 qua
2817 2133 2949 2178 rota:
3004 2125 3182 2178 instar
3231 2127 3471 2196 obliquae

1885 2225 2160 2274 versetur.
2201 2225 2593 2280 astrorumque
2647 2215 2858 2269 latione
2910 2225 3114 2270 temere
3149 2217 3471 2270 volutetur?

1886 2310 2136 2376 Anteque
2177 2307 2374 2361 iterum
2409 2306 2537 2370 illa;
2577 2307 2704 2375 quis
2745 2307 2899 2359 illum
2949 2309 3152 2362 mundo
3193 2310 3470 2378 antiquio-

1887 2415 2000 2454 rem
2039 2399 2140 2465 (8).
2173 2397 2522 2466 superiorum
2560 2397 2768 2448 mundo
2811 2395 3119 2463 Virtutum,
3152 2397 3465 2451 ordinatum

1887 2489 2291 2559 principatum,
2343 2500 2588 2556 congruo
2631 2487 2842 2555 angelis
2887 2487 3083 2542 ordine
3133 2489 3469 2542 constituit?

1885 2581 2024 2647 Quis
2070 2593 2262 2634 eorum
2295 2592 2324 2629 a
2374 2578 2604 2631 materia
2647 2587 2890 2631 secretas
2915 2578 3309 2649 ﬂammeasque
3339 2583 3468 2634 sub-

1885 2671 2142 2732 stantias,
2163 2686 2260 2738 per
2285 2669 2590 2740 m‘yriailuui
2620 2671 3080 2738 millcnorumque
3102 2672 3465 2740 principatus,

1887 2761 2214 2833 iniigurabili
2253 2762 2434 2830 specie
2477 2760 2722 2814 formans
2770 2761 3250 2831 distinguensque,
3290 2765 3468 2817 multi-

1886 2854 2140 2908 formiter
2169 2852 2460 2908 distinxit?
2495 2852 2650 2909 Unde
2693 2855 2772 2908 eis
2814 2861 3008 2906 natura
3055 2853 3251 2922 ignea,
3307 2855 3471 2908 lumi-

1884 2959 2130 3014 nosaque
2182 2953 2234 2999 et
2278 2945 2506 3014 aligera,
2561 2943 2844 3012 levisque,
2899 2958 2963 2998 ac
3002 2945 3154 2997 velut
3197 2944 3470 2998 ventilia?

1884 3037 2030 3104 Quid
2056 3053 2116 3092 ea
2149 3037 2394 3098 acutius,
2447 3045 2614 3104 atque
2663 3035 2729 3089 ad
2787 3034 3158 3088 ministerium
3207 3035 3468 3090 babilitas

1886 3144 1939 3190 et
1969 3133 2246 3199 ellicacia;
2281 3133 2654 3201 celeritasque
2681 3132 2973 3196 immensa,
3011 3141 3063 3186 et
3093 3132 3346 3186 incessus
3374 3147 3468 3184 su-

188 3221 448 3290 διάχυτος
477 3215 631 3285 οὗτος
664 3222 792 3292 ἀὴρ,
817 3222 912 3274 καὶ
934 3220 993 3274 τὸ
1023 3220 1166 3290 ὑπὲρ
1191 3220 1353 3274 αὑτὸν
1375 3219 1616 3291 αἰθέριον
1639 3222 1781 3292 πῦρς

1889 3224 2117 3278 blimis:
2150 3237 2214 3276 ac
2249 3223 2489 3282 denmm,
2533 3229 2589 3274 ut
2625 3222 2778 3274 nullo
2806 3220 2995 3274 labore
3029 3221 3304 3286 ferantur,
3328 3236 3469 3288 quu-

193 3311 320 3375 Πῶς
347 3314 375 3364 6
412 3312 572 3375 αὐτὸς
626 3311 705 3380 πῆ
757 3311 855 3379 μὲν
883 3311 1048 3380 ψυχοῖ
1085 3327 1098 3376 ;
1142 3311 1216 3379 πῆ
1242 3311 1300 3364 δὲ
1357 3311 1662 3382 θερμαίνει·
1717 3314 1777 3366 τὸ

196 3403 300 3470 μὲν
348 3405 413 3472 τῇ
454 3403 597 3455 κατὰ
630 3403 791 3470 φύσιν
839 3403 1142 3472 ὑγρότητι,
1191 3403 1252 3474 τὸ
1298 3402 1355 3456 δὲ
1408 3407 1474 3474 τῇ
1529 3404 1664 3474 πρὸς
1709 3404 1778 3458 τὰ

191 3493 309 3546 ἄνω
338 3491 637 3562 ὲγγύτητι;
670 3495 827 3558 Ποϊος
865 3495 1109 3564 ὑφάντης
1137 3495 1170 3565 ἢ
1196 3473 1481 3566 ποικιλτὴς
1520 3497 1777 3567 τοιαύτην

191 3584 388 3656 ὀθόνην
422 3583 679 3654 ὲξύφανε,
731 3586 868 3654 πρὸς
915 3585 1014 3656 τὴν
1068 3586 1177 3639 τῶν
1219 3587 1462 3658 ἡλιακῶν
1511 3589 1779 3660 ὑποδοχὴν

193 3677 434 3730 ἀκτίνων
469 3676 851 3746 ἁρμόζουσανς
887 3679 1043 3743 Τίνος
1066 3679 1314 3749 τεχνίτου
1357 3679 1419 3732 τὸ
1451 3683 1778 3752 περικαλλὲς

192 3768 356 3846 τούτο
379 3769 472 3822 καὶ
496 3769 779 3840 περίγειον
807 3769 1093 3840 ’ἐδρασμας
1156 3771 1252 3832 Τίς
1289 3773 1316 3825 6
1345 3772 1551 3842 ταύτην
1582 3774 1778 3843 ἀπερι-

190 3859 449 3932 δρὰκτως
478 3861 716 3930 ἐρείσας,
760 3863 1183 3932 ἐμηχανήσατος
1224 3863 1347 3918 Ἐπὶ
1386 3865 1526 3928 τίνος
1559 3866 1615 3918 δὲ
1672 3867 1780 3920 τῶν

191 3953 369 4018 αὐτῆς
403 3951 760 4022 ἑδρασμάτων
790 3956 844 4007 αἱ
883 3953 1215 4024 κρυφιώδεις
1244 3956 1470 4024 ἀφέσεις
1497 3959 1776 4013 συνδέδεν-

189 4059 320 4106 ταις
351 4041 524 4094 Πόθεν
561 4042 623 4096 τὺ
658 4045 802 4113 μέγα
828 4044 987 4098 τοῦτο
1025 4049 1368 4119 στοιχεῖον,ή
1403 4049 1666 4114 θάλασσα,
1687 4054 1780 4104 καὶ

173 4134 255 4186 ’τὸ
281 4133 516 4186 ἄπλετον
547 4133 693 4207 ὕδωρ
721 4137 902 4190 έκεῖνο
931 4138 1026 4190 καὶ¹
1068 4139 1316 4210 ἄπειρον,
1349 4143 1429 4205 εἰς
1462 4142 1519 4194 ἓν
1554 4146 1778 4212 συνάγε-

188 4241 286 4277 ται
337 4224 621 4296 σύγκριμα
659 4227 867 4290 ;ῐιόθεν
904 4227 975 4281 τὰ
1006 4228 1258 4300 πολυειδῆ
1289 4230 1422 4303 γένη
1457 4233 1564 4286 τῶν
1590 4233 1775 4300 ζώων,

189 4317 295 4368 ὅσα
343 4331 402 4366 τε
446 4315 589 4386 ὑπὲρ
630 4317 734 4386 γῆν
785 4319 1026 4382 ἴπταται,
1086 4321 1182 4374 καὶ
1252 4323 1381 4392 περὶ
1441 4323 1543 4394 γῆν
1595 4325 1835 4396 ἔρπει,·’

189 4409 292 4460 καὶ
345 4411 460 4472 τοῖς
523 4407 711 4463 ὕδασιν
791 4411 1208 4504 ὑπερνήχεταις
1259 4415 1346 4478 Ὡς
1407 4417 1616 4488 μεγάλη
1681 4419 1776 4471 τοῦ

188 4499 428 4570 Ποιητοῦ
493 4501 600 4553 τῶν
646 4499 900 4556 ἁπάντων
954 4507 987 4575 ή
1055 4505 1316 4573 δύναμιςί
1380 4508 1550 4563 Πόθεν
1608 4511 1776 4564 ἐκπο-

1879 3331 2099 3385 cunque
2125 3313 2310 3384 jussio
2336 3313 2522 3366 divina
2555 3313 2892 3380 injunxerit?
2913 3312 3217 3382 Cujusnam
3253 3315 3469 3368 molitio

1879 3406 2112 3462 diffusus
2144 3405 2376 3470 hic-aer,
2401 3403 2607 3473 quique
2635 3403 2710 3463 ei,
2742 3403 3018 3457 aethereus
3049 3403 3194 3472 ignis
3225 3405 3470 3460 eminet?

1879 3499 2164 3568 Quomodo
2193 3498 2336 3551 idem
2368 3497 2485 3566 ipse
2504 3495 2707 3564 partim
2745 3493 3057 3563 refrigerat,
3087 3494 3280 3563 partim
3315 3497 3464 3551 cale-

1882 3591 2014 3646 facit
2048 3609 2060 3642 :
2093 3590 2330 3644 alterum
2357 3587 2579 3656 quidem
2610 3585 2797 3640 nativa
2825 3585 3190 3649 humiditate,
3227 3586 3462 3642 alterum

1881 3693 2094 3744 autem,
2149 3696 2212 3735 ex
2269 3679 2620 3749 superiorum
2671 3675 2914 3730 vicinia?
2963 3674 3100 3742 Quis
3153 3684 3334 3731 textor
3367 3687 3466 3732 aut

1879 3772 2190 3845 plumarius
2223 3771 2401 3825 velum
2447 3766 2722 3838 ejusmodi
2764 3765 3138 3835 suscipiendis
3180 3768 3460 3823 solaribus

1883 3867 2054 3922 radiis
2090 3871 2474 3933 comparatum
2510 3860 2802 3914 contexit?
2834 3861 3005 3929 Cujus
3035 3860 3268 3915 artificis
3301 3877 3464 3916 manu

1883 3957 2110 4029 prodiit,
2165 3953 2620 4010 venustissimum
2674 3952 2780 4005 hoc
2832 3959 3152 4021 terramque
3209 3953 3462 4009 ambiens

1883 4046 2333 4105 firmamentum?
2373 4043 2514 4110 Quis
2548 4059 2666 4098 eam
2723 4044 3184 4112 incomprehensa
3245 4045 3464 4100 ratione

1881 4142 2174 4198 stabiliens
2207 4140 2512 4208 ligensque,
2539 4135 2766 4190 molitus
2805 4134 2926 4190 est?
2959 4134 3018 4188 lu
3060 4149 3298 4203 quonam
3332 4151 3462 4189 vero

1879 4236 2002 4304 ejus
2031 4233 2514 4286 fundamentorum
2543 4227 2784 4296 colligati
2833 4233 2962 4282 sunt
2999 4223 3186 4296 jactus
3215 4227 3463 4280 occulti?

1881 4323 2166 4393 Quomodo
2214 4335 2473 4390 magnum
2517 4319 2623 4372 hoc
2669 4319 3002 4373 elementum
3037 4332 3208 4381 mare,
3255 4319 3463 4388 illaque

1881 4411 2271 4484 innavigabilis
2307 4411 2688 4477 immensaque
2728 4422 2870 4477 aqua
2940 4406 2995 4460 in
3029 4421 3192 4460 unam
3229 4422 3464 4476 congre—.

1881 4510 2160 4581 gationem
2213 4503 2464 4560 coaluit?
2528 4501 2684 4556 Unde
2754 4501 2924 4555 multa
2985 4501 3077 4554 illa
3137 4501 3458 4554 animalium

189 4590 416 4659 ρεύεται
448 4593 590 4660 φυτὰ
625 4594 718 4645 καὶ
745 4595 882 4663 γένη
925 4573 1130 4663 φυτῶν,
1158 4598 1254 4649 καὶ
1293 4597 1422 4662 ξύλα
1453 4599 1633 4670 ὑψηλὰ
1679 4601 1772 4654 καὶ

1887 4573 2122 4672 genera?
2157 4603 2269 4649 tum
2298 4592 2585 4656 nimirum,
2619 4607 2742 4662 quae
2775 4592 2963 4646 volant
3011 4605 3177 4659 super
3226 4598 3454 4656 terram,

191 4681 482 4753 μετέωρα;
529 4683 703 4736 Πόθεν
735 4687 1066 4754 σπερμάτων
1097 4686 1250 4756 γένη,
1281 4689 1373 4740 καὶ
1409 4688 1771 4760 βοσκημάτων

187 4775 377 4843 νομαὶ,
408 4775 501 4828 καὶ
543 4775 720 4844 χῶραι
773 4778 1096 4841 ποάζουσαι,
1145 4781 1379 4847 ροδονιαί
1400 4798 1456 4832 τε
1483 4783 1573 4834 καὶ
1602 4786 1771 4855 παρὰ·

185 4866 361 4922 δεισοι
382 4907 397 4933 ,
426 4867 518 4920 καὶ
552 4870 810 4939 ποταμῶν
841 4871 1032 4940 ἐκροαὶ
1059 4865 1075 4934 ζ
1107 4871 1200 4923 καὶ
1237 4871 1545 4942 σήραγγεςς
1599 4875 1693 4938 Τίς
1743 4879 1770 4930 6

285 5037 317 5082 ¹ι
341 5044 646 5108 Act.xxvu,
675 5042 767 5098 εδ.

1879 4702 1992 4746 ιυηι
2025 4701 2144 4757 quae
2182 4686 2331 4741 circa
2389 4685 2562 4754 ipsam
2616 4692 2850 4752 reptant,
2903 4690 3016 4735 tum
3058 4683 3295 4750 denique
3337 4697 3458 4751 qua:

1880 4784 2042 4854 aquis
2091 4785 2472 4849 superualant.
2529 4774 2704 4840 Quam
2739 4790 2931 4845 magna
2963 4775 3139 4829 virtus
3178 4774 3456 4830 Creatoris

1879 4873 2302 4935 universorum!
2343 4869 2498 4926 Unde
2529 4870 2892 4942 egrediuntur
2919 4868 3143 4940 plantae,
3169 4879 3224 4924 et
3256 4883 3456 4939 genera
3505 4946 3508 4950 η

1457 5175 1691 5236 VARIA‘S
1740 5179 2151 5247 LECTIONES.

264 5273 418 5328 “10'.
440 5272 705 5344 προϐολῇ.

1507 5363 1898 5421 COMBEFISII
1939 5366 2175 5425 NOTAE.

262 5462 342 5534 (7)
383 5461 664 5532 Profunaa
688 5459 1336 5534 astringitAappaziCEt
1371 5460 1530 5533 βάθη.
1563 5459 1636 5514 lta
1669 5461 1772 5534 Aha-

189 5531 676 5604 lienuconstanter
696 5532 946 5604 codices,
978 5531 1292 5604 quanquam
1323 5542 1408 5586 est
1444 5531 1544 5584 mx
1573 5531 1768 5593 rarior,

190 5623 298 5662 nec
325 5599 548 5659 Lexicis
571 5603 793 5672 agnita.
823 5599 1012 5657 Sensu'
1041 5599 1314 5671 congruit,
1365 5611 1424 5656 ut
1462 5610 1773 5669 exponatur

190 5693 259 5730 eo
297 5674 460 5728 modo
497 5689 620 5744 quo
661 5672 895 5744 Hesychg.
945 5672 1023 5744 16
1049 5672 1372 5744 ἁμματίζει,
1425 5687 1639 5744 nempe,
1673 5689 1769 5744 πε-

135 5789 149 5806 ,
193 5744 447 5811 parum
474 5740 944 5810 ,δεσμεύειένειιιι
975 5740 1234 5796 nimirum
1274 5742 1355 5794 sic
1387 5740 1766 5811 astringendo,

233 5763 447 5798 ιπι.εκε.ι
474 5763 762 5810 .ρεσμευει,
799 5763 944 5796 γειιιι
975 5763 1234 5796 ΙΙΙΙΠΙΙἸΙΠ]
1274 5763 1355 5794 510
1387 5763 1760 5811 asnrlugeuuu,

193 5763 339 5869 finus
377 5814 478 5868 sibi
517 5815 679 5864 telam
725 5813 1046 5874 constituat,
1079 5813 1168 5866 cui
1212 5811 1428 5865 colores
1457 5812 1760 5880 inspergat.

192 5885 332 5939 Num
366 5883 516 5940 aliud
557 5880 803 5951 mysterii
841 5897 940 5936 vos
989 5883 1102 5936 hanc
1147 5882 1370 5946 habeat,
1417 5883 1598 5952 sitque
1633 5898 1763 5937 cun-

1871 5471 2085 5532 ceptum
2114 5464 2442 5519 vocabulum
2477 5467 2614 5519 artis
2643 5467 2889 5536 pictura),
2923 5482 3011 5522 res
3041 5483 3128 5522 me
3161 5468 3314 5521 latet.
3356 5467 3451 5524 Vix

1871 5543 2074 5607 tantum
2087 5537 2260 5607 possit
2287 5536 2433 5590 aliud
2475 5538 2721 5607 signitira
2734 5553 2810 5592 re.

1941 5603 2018 5672 (8)
2051 5603 2257 5680 l‘Lfl”¢Q_
2293 5603 2670 5680 antiquiorem.
2711 5608 3058 5680 Προκόσμιιιν
3103 5609 3449 5680 ταξιαρχίαν.

1866 5670 2026 5725 Jutta
2077 5673 2258 5730 Basilii
2310 5688 2365 5729 et
2421 5670 2536 5732 fere
2591 5670 3026 5733 Crmcorunt'dc
3089 5670 3452 5744 Inundi'r‘Spi-

1863 5744 2044 5866 {litnllis
2079 5747 2359 5802 creatione
2402 5756 2528 5803 ante
2571 5751 2937 5820 corporalem,
2977 5751 3043 5806 de
3085 5764 3195 5820 qua
3243 5747 3313 5807 ad
3349 5748 3450 5805 Me-

1905 5829 1978 5867 l0t
2003 5829 2142 5868 ium.

3205 5915 3230 5930 ο
