3978 6140
479 199 494 210 ’
573 237 707 301 1283

1761 231 1821 290 S.
1863 228 2193 289 ANDREE
2224 227 2658 288 CRETENSIS

3645 233 3740 299 1231

573 361 824 418 aequatis
884 345 1085 414 ipsum.
1147 341 1360 412 Quippe
1410 356 1571 396 nemo
1603 341 2151 396 tandemdecretum

2261 355 2362 392 σιν.
2393 326 2552 402 Οῒδας
2610 340 2740 409 γὰρ,
2783 331 2932 400 οἶδας
2991 339 3214 403 σαυτὸν,
3257 339 3441 411 ἐκείνῳ
3473 341 3572 411 μετ’
3613 343 3742 413 ὀλίγον

575 441 678 492 hoc
708 437 946 506 el'lngcre
977 437 1168 503 potuit.
1211 433 1289 485 Ne
1319 448 1452 503 ergo
1484 448 1606 486 cum
1643 433 1803 488 liceat
1831 447 1990 502 agere
2022 448 2138 502 gra-

577 533 701 588 tias,
739 527 1038 596 blasphemi
1089 527 1263 580 simus
1316 525 1372 578 in
1405 524 1747 588 beneﬁcum;
1783 540 1920 578 neve
1947 524 2149 577 allicia-

575 638 698 676 mus
757 619 959 687 injuria
1014 626 1068 672 et
1119 618 1458 672 laeessamus
1513 631 1636 670 eum
1687 616 1778 684 qui
1848 617 2150 684 assumpsit

574 709 966 766 desideratura.
1000 705 1120 760 Non
1159 708 1304 759 enim
1345 706 1648 774 migramus
1675 720 1706 758 a
1743 707 2050 774 potioribus
2080 705 2146 759 ad

572 801 865 855 deteriora.
897 798 993 852 sed
1028 813 1056 850 a
1089 797 1541 866 corruptibilibus
1577 796 1643 849 ad
1680 797 2146 866 incorruptibilia,

583 907 610 944 a
641 891 947 946 visibilibus
994 889 1060 942 ad
1102 889 1398 944 invisibilia
1424 928 1437 948 .
1475 887 1652 956 iisque
1707 897 1920 942 tantum
1958 905 2152 956 exspe-

576 990 742 1046 ctata,
775 981 866 1050 qui
929 981 1183 1034 vixerunt
1221 995 1250 1032 e
1285 979 1496 1032 ratione
1551 979 1790 1034 virtutis.
1838 979 1956 1049 Ipse
1986 980 2152 1049 igitur

575 1087 776 1141 corpus
813 1081 1062 1126 nostrum
1109 1070 1426 1139 assumpsit,
1449 1079 1556 1122 non
1587 1071 1872 1124 occultans
1908 1071 2150 1133 interra,

577 1162 670 1216 srd
735 1161 1048 1230 suscipiens
1079 1160 1134 1212 in
1161 1159 1384 1222 cmlum,
1413 1165 1578 1225 atque
1607 1157 1659 1210 in
1693 1157 1811 1210 loca
1846 1173 1966 1226 quae
2003 1155 2155 1208 novit

583 1256 715 1322 ipse,
753 1252 1024 1306 luminosa
1052 1251 1328 1322 deposuit.
1364 1253 1484 1320 Ipse
1523 1267 1682 1306 suum
1721 1249 1897 1319 ipsius
1929 1248 2154 1316 deposi—

579 1353 688 1396 tum
710 1343 1016 1412 requirens,
1039 1343 1262 1410 recepit.
1291 1340 1407 1410 Ipse
1428 1348 1519 1410 qui
1550 1341 1920 1409 deposuisset,
1938 1352 2033 1404 per
2055 1351 2154 1388 au—

579 1433 886 1486 ctoritatem
920 1433 1154 1501 repetiit.
1208 1429 1288 1484 Tu
1327 1433 1452 1500 quis
1490 1447 1550 1486 es
1587 1432 1678 1500 qui
1731 1428 1996 1482 minutius
2023 1442 2155 1496 sup—

577 1531 734 1592 putes
763 1533 812 1577 ct
841 1524 1124 1592 exquiras,
1181 1522 1307 1592 quae
1343 1521 1576 1574 Domino
1625 1519 1880 1590 placent}
1909 1517 2042 1584 Quis
2073 1533 2153 1580 es,

575 1623 636 1667 ιιι
675 1629 800 1668 cum
871 1630 936 1667 eo
987 1614 1187 1682 litiges,
1259 1621 1314 1666 et
1379 1613 1599 1680 judicio
1643 1611 1990 1666 contendas?
2031 1609 2150 1665 Vult

575 1705 722 1760 enim
743 1706 856 1775 jam
891 1706 1111 1774 exigere
1151 1706 1418 1760 debitum.
1453 1705 1570 1758 Non
1607 1706 1787 1773 placet
1819 1705 2012 1758 mortis
2043 1713 2152 1756 ler-

573 1799 783 1852 minum
825 1813 1140 1867 prorogare.
1179 1797 1258 1850 An
1298 1813 1406 1850 non
1457 1797 1618 1850 habbt
1650 1803 1976 1864 potestatem
2021 1807 2156 1850 tem-

576 1903 793 1958 porum,
830 1889 922 1956 qui
963 1898 1207 1956 tempora
1261 1887 1508 1940 condidit
1539 1905 1553 1940 :
1590 1901 1697 1956 qua
1733 1897 1795 1942 ut
1827 1887 2010 1948 sistat,
2047 1903 2154 1956 qua

575 1989 632 2032 ut
665 1979 991 2047 protrahat?
1047 1977 1199 2032 Unde
1245 1979 1391 2031 enim
1428 1977 1604 2032 nobis~
1631 1985 1690 2030 ut
1728 1979 1976 2031 sciamus
2005 1976 2158 2045 judi-

578 2069 664 2122 cia
699 2067 940 2131 Dutnini,
997 2077 1052 2121 et
1105 2077 1578 2124 sacramentorum
1624 2067 1930 2137 abyssum:
1963 2083 2157 2136 quant-

578 2161 771 2213 obrem
831 2159 924 2213 alti
961 2160 1182 2227 quidem
1233 2161 1343 2213 sint
1370 2160 1552 2214 brevis
1581 2148 1734 2223 'vitae,
1775 2159 1870 2217 alii
1942 2160 2156 2229 longio-

580 2250 692 2303 ris:
727 2264 790 2302 ac
851 2249 945 2301 alii
999 2249 1220 2319 quidem
1250 2249 1504 2317 juvenes,
1551 2249 1644 2302 alii
1686 2249 1802 2316 jam
1836 2264 2031 2316 senes;
2064 2249 2179 2302 alii-

580 2351 708 2393 ante
739 2347 956 2408 tempus
986 2357 1000 2404 ;
1051 2341 1258 2409 aliique
1289 2349 1590 2410 antequam
1621 2339 1689 2393 ad
1723 2341 1900 2395 lucem
1935 2356 2160 2410 proces-

581 2433 777 2494 serint,
833 2419 988 2500 juxra
1041 2433 1188 2500 quod
1229 2430 1329 2486 Job
1361 2434 1478 2486 ait:
1541 2450 1560 2482 ι
1601 2433 1701 2496 Qui
1755 2448 1864 2486 non
1901 2432 2160 2486 viderunt

582 2521 838 2580 luet-m1.
899 2543 918 2575 ι
975 2534 1305 2594 praemature
1347 2521 1678 2594 rapiantur?
1717 2525 1913 2578 Verum
1948 2541 2017 2579 ne
2059 2541 2160 2580 nos

582 2614 634 2669 id
699 2615 910 2681 turbet,
950 2632 1049 2670 nec
1108 2617 1238 2686 quia
1301 2618 1554 2672 videmus
1591 2619 1866 2686 jacentem
1907 2618 1961 2670 in
2021 2618 2161 2672 lecto

581 2715 882 2767 mortuum,
941 2707 1354 2760 lamentemur:
1411 2707 1506 2762 sed
1559 2707 1866 2776 cogitemus
1911 2709 2160 2776 exegisse

582 2807 838 2849 mutuum
891 2810 1018 2848 cum
1067 2797 1262 2858 voluit,
1319 2797 1412 2865 qui
1467 2796 1723 2866 spiritum
1764 2799 1917 2867 prius
1957 2799 2161 2865 cuique

583 2885 1051 2940 cummodaverat.
1085 2885 1274 2955 Neque
1299 2887 1542 2956 aliquem
1573 2903 1906 2957 quocunque
1927 2890 1973 2943 is
2001 2889 2162 2942 modo

585 2978 928 3046 migraverit,
987 2975 1290 3032 inunodico
1365 2978 1521 3031 luctu
1587 2980 1936 3050 plangamus,
1987 2991 2047 3034 ut
2096 2997 2163 3035 ne

583 3084 710 3123 eum
762 3069 856 3138 qui
905 3068 1077 3136 jussit
1132 3069 1393 3138 migrare,
1447 3071 1514 3122 ad
1569 3072 1705 3124 iram
1777 3087 2164 3141 provocemus.

587 3161 664 3218 Ne
692 3177 864 3230 super
923 3163 1014 3216 illo
1071 3163 1290 3216 tunicas
1349 3161 1774 3232 dirumpamus;
1834 3179 1902 3218 ne
1959 3174 2165 3220 terram

587 3270 959 3325 spargamus:
1025 3269 1092 3307 ne
1141 3271 1365 3309 cat-netu
1417 3257 1699 3324 unguibus
1753 3257 2065 3324 laniemus;
2099 3274 2167 3312 ne

589 3347 906 3400 laceremus
951 3347 1181 3414 capillos
1209 3363 1225 3413 ;
1254 3362 1326 3417 n_e_
1351 3355 1522 3417 caput
1553 3357 1804 3401 nostrum
1842 3349 2046 3417 probro
2083 3346 2166 3400 af—

589 3437 872 3502 ﬁciamus;
906 3453 974 3491 ne
1005 3439 1059 3491 in
1093 3415 1364 3492 clamores
1415 3440 1730 3494 inconditos
1766 3455 2164 3508 erutnpatnus;

589 3542 658 3580 ne
714 3527 1128 3596 blasphemetur
1181 3543 1306 3596 spes
1338 3539 1564 3595 nostra;
1597 3545 1663 3582 ne
1693 3529 2000 3585 ciliciamur
2029 3531 2164 3582 risui

588 3621 946 3690 ludibrioque
995 3620 1341 3686 gentilibus;
1381 3636 1448 3673 ne
1499 3621 1702 3672 homnn
1739 3623 2166 3676 resurrectionis
2200 3663 2207 3671 κ

587 3713 858 3781 injuriose
913 3713 1256 3775 habeamus;
1313 3727 1382 3765 ne
1416 3721 1618 3767 nostrae
1656 3713 2014 3783 ingenuitatis
2039 3715 2164 3783 jura

587 3822 714 3861 esse
755 3805 990 3858 velimus
1019 3803 1354 3872 despicatui.
1398 3803 1458 3856 In
1491 3819 1593 3859 nos
1617 3805 1768 3872 ipsos
1802 3806 2176 3875 aspiciamus;

589 3896 970 3966 intelligamus
1021 3897 1284 3949 virtutem
1333 3900 1702 3964 sacramenti;
1743 3897 2166 3952 consideremus

588 3982 684 4051 qui
718 3992 770 4035 et
802 3983 996 4050 quales
1050 3983 1248 4048 simus,
1295 3999 1360 4037 ac
1393 3985 1554 4054 cujus
1581 3987 1754 4054 gratia
1791 3988 2034 4053 coaditi;
2075 3988 2165 4041 ubi

591 4073 744 4132 item,
807 4079 860 4126 et
917 4072 1234 4140 qumnodo:
1311 4083 1481 4142 utque
1554 4077 1840 4143 omnibus,
1895 4078 2000 4132 etsi
2054 4095 2164 4134 non

590 4160 779 4223 modo,
833 4169 888 4214 at
937 4163 1300 4218 nihilominus
1381 4165 1640 4220 omnibus
1701 4168 1771 4219 sit
1829 4167 2162 4222 abeundum.

589 4253 731 4318 Quid
794 4254 1006 4308 relictis
1063 4255 1366 4325 gratiarum
1429 4258 1767 4320 actionibus,
1831 4259 1898 4311 ad
1957 4261 2164 4315 luctum

590 4343 913 4396 currimus?
967 4343 1169 4408 Quidni
1214 4344 1428 4414 abjecto
1479 4347 1656 4410 luctu,
1695 4347 2050 4416 procedimus
2099 4351 2166 4403 ad

591 4435 804 4489 cantica
826 4435 851 4488 Ἰ
1339 4435 1346 4448 “

663 4523 962 4579 Paululum
1015 4525 1308 4596 quicscite,
1360 4527 1582 4594 fratres,
1613 4540 1668 4584 et
1709 4547 1832 4601 qua:
1884 4532 2165 4598 dicuntur,

593 4617 804 4673 audite.
847 4605 1038 4682 Silele,
1075 4627 1130 4672 et
1165 4621 1563 4686 consolamini,
1613 4639 1715 4677 nec
1755 4623 2018 4679 defuncto
2053 4641 2170 4678 mo-

594 4711 716 4764 lesti
747 4718 946 4788 estote.
977 4707 1180 4766 Oculos
1215 4711 1482 4767 intendite
1513 4715 1566 4769 in
1603 4729 1862 4784 magnum
1901 4717 2006 4770 hoc
2036 4733 2160 4786 spe-

592 4803 894 4856 ctaculum.
962 4794 1152 4883 Videte
1210 4803 1359 4873 quod
1419 4805 1751 4870 celebratur,
1817 4807 2176 4878 videntesque

595 4900 809 4958 tacete,
850 4907 916 4947 ac
947 4907 1015 4948 ne
1061 4901 1380 4966 mysterium
1439 4907 1686 4954 nostrum
1747 4902 1982 4956 turbate.
2033 4901 2172 4957 Tre-

597 4984 856 5039 mendum
910 4998 1018 5053 est,
1104 4987 1330 5052 fratres,
1400 4991 1550 5061 quod
1608 4992 1860 5060 videtur;
1909 4995 2176 5052 horribile

595 5076 743 5146 quod
785 5077 1114 5147 peragitur:
1151 5080 1330 5148 angeli
1355 5081 1646 5150 splendore
1678 5084 1986 5154 micantes;
2015 5103 2175 5156 scep-

595 5169 829 5240 trigeri,
893 5170 1128 5224 terribili
1197 5182 1424 5241 aspectu
1509 5175 1577 5230 de
1633 5177 1776 5231 coelo
1851 5179 2169 5243 venientes;

593 5263 943 5317 exercituum
975 5261 1132 5316 chori
1193 5262 1334 5320 albis
1382 5266 1584 5332 induti,
1641 5270 1914 5324 .umiuosa
1963 5272 2168 5340 specie,

598 5355 782 5424 ignem
825 5352 1114 5422 spirantes,
1169 5353 1518 5430 ﬂammigeri,
1595 5361 1908 5417 ministerio
1967 5364 2169 5426 seduli,

596 5445 1370 5525 circumversautesjacentem
1407 5453 1674 5510 ociusoue
1703 5455 2020 5526 depositum
2049 5457 2165 5511 cxi-

679 5619 825 5678 ‘Job
876 5639 958 5690 In,
988 5625 1074 5678 l6.

2247 430 2515 500 ἑψόμενον
2537 446 2549 459 ·
2589 431 2670 483 ὅτι
2709 431 2783 500 μὴ
2813 429 3004 483 τοῦτον
3049 431 3222 495 οὐδεὶς
3253 432 3344 485 τὸν
3375 433 3492 502 ὅρον
3523 436 3572 485 ὲν
3589 435 3740 505 ἀνθρώ.

2247 538 2372 584 ποις
2399 522 2685 592 διαφυγεῖν
2713 523 2792 584 εἰς
2821 521 2977 584 τέλος
3031 517 3330 593 δεδύνηται.
3365 523 3450 593 Μὴ
3487 523 3568 578 οὖν
3615 529 3742 596 παρὸν

2248 615 2627 683 εὐχαριστεῖν,
2684 612 3103 683 βλασφημῶμεν
3149 613 3237 666 τὸν
3289 615 3600 686 Εὐεργέτηνυ
3646 621 3739 688 μηδὲ

2251 701 2690 772 καθυϐρίζωμεν
2717 703 2808 756 τὸν
2859 701 3320 774 προσλαϐόμενον,
3359 705 3444 767 τον
3473 707 3742 776 ποθούμενον.

2249 793 2324 872 Ού
2349 793 2459 864 γὰρ
2492 793 2602 846 ἀπὸ
2642 793 2752 848 τῶν
2805 794 3134 872 κρειττόνων
3167 794 3262 848 ἐπὶ
3305 794 3370 848 τὰ
3399 796 3594 865 χείρονα
3612 800 3746 868 ήμῐνή

2253 871 2558 953 μετάϐασις
2580 901 2592 915 ·
2625 887 2689 937 ὲκ
2731 885 2788 937 δὲ
2820 885 2933 938 τῶν
2987 884 3265 956 φθαρτῶν,
3313 886 3439 954 πρὸς
3462 886 3522 938 τὰ
3545 888 3746 958 ἄφθαρτα,

2250 975 2346 1028 καὶ
2380 975 2490 1028 ἀπὸ
2551 975 2662 1027 τῶν
2716 975 3094 1045 βλεπομένων,
3155 975 3252 1028 ἐπὶ
3285 975 3350 1028 τὰ
3395 974 3464 1045 μὴ
3493 975 3746 1047 βλεπόμενα,

2251 1051 2349 1116 καλ
2405 1062 2590 1132 μόνοις
2634 1067 2750 1125 τοῖς
2803 1064 2860 1114 ὲν
2908 1063 3080 1134 ἀρετῇ
3115 1061 3347 1132 βιώσασι
3377 1065 3746 1134 ,προσδοκώμενα

2253 1150 2424 1215 Αὐτὸς
2451 1153 2740 1222 τοιγαροῦν
2774 1153 2984 1206 καὶτὸν
3019 1153 3289 1224 ἡμέτερον
3329 1155 3750 1224 προσελάϐετο,οὑκ

2254 1237 2336 1306 εἰς
2365 1245 2469 1312 γῆν
2524 1243 2913 1314 κατακρύψας,
2957 1244 3075 1296 ἀλλ’
3107 1245 3188 1306 εἰς
3215 1243 3471 1316 οὐρανοὺς
3497 1245 3752 1313 ὑποδεξάμε-

2255 1353 2346 1399 νος
2371 1375 2386 1398 ,
2435 1337 2528 1389 καὶ
2582 1336 2720 1406 πρὸς
2774 1335 2977 1399 τόπους
3005 1335 3101 1398 οὒς
3131 1333 3273 1389 οἶδεν
3333 1336 3486 1398 αὐτὸς
3523 1337 3753 1404 ementiti;

2257 1425 2612 1496 ἀποθέμενος.
2639 1426 2932 1498 Λύτὺςιτὴν
2976 1429 3172 1481 ἑαυτοῦ
3209 1427 3644 1498 παρακαταθήκην
3669 1430 3757 1480 ἁνι-

2257 1518 2521 1588 ζητήσας,
2555 1517 2858 1588 ἀπείληφεν
2879 1533 2892 1547 ο
2944 1519 3108 1582 αὐτὸς
3141 1519 3170 1571 ὃ
3201 1519 3484 1591 παρέθετο,
3516 1521 3618 1572 κατ’
3651 1519 3759 1583 ἐξον-

2261 1611 2383 1663 σίαν
2409 1611 2687 1682 ἀπῄτησε.
2733 1611 2806 1663 Σὺ
2853 1611 2934 1674 τίς
2963 1606 3016 1664 εἶ
3049 1611 3563 1680 δικαιολογούμενος,
3590 1606 3760 1678 ὲςρ“οἷςὸ

2255 1702 2537 1772 Δεσπότης
2563 1700 2894 1772 ἀρέσκεται;
2929 1701 3026 1765 Τίς
3077 1696 3128 1754 εἴ
3170 1701 3406 1766 δικάζων
3443 1702 3473 1770 ἢ
3514 1701 3762 1771 κρινόμενος

2259 1795 2394 1863 πρὸς
2417 1795 2617 1859 αὐτόν;
2651 1793 2808 1846 Θέλει
2833 1793 2940 1864 γὰρ
2968 1793 3116 1863 ἄρτι,
3149 1795 3249 1864 τὴν
3275 1793 3488 1862 ὀφειλὴν
3519 1793 3761 1863 εἰσπῄξαγ

2259 1885 2510 1955 βούλεται
2554 1885 2629 1955 μὴ
2681 1886 3058 1954 παρεκτεῖναι,
3092 1884 3192 1952 τῆς
3228 1885 3550 1956 προθεσμίας
3575 1885 3649 1936 τὸν
3674 1883 3762 1952 χῷ·

2258 1995 2366 2030 νον.
2403 1977 2473 2029 Ἢ
2505 1977 2604 2028 οὐκ
2635 1976 2750 2044 ἔχει
2773 1976 2870 2042 τὴν
2901 1974 3008 2026 τῶν
3044 1975 3253 2045 χρόνων
3289 1977 3525 2042 ἐξουσίαν
3548 1979 3572 2028 ό
3593 1975 3765 2044 ποιητὴς

2257 2068 2366 2123 τῶν
2397 2067 2629 2140 χρόνων,
2671 2071 2746 2137 πῆ
2782 2066 2881 2136 μὲν
2935 2066 3216 2120 συστεῖλαι
3256 2069 3512 2134 τούτους,
3539 2068 3606 2136 πῆ
3629 2067 3672 2120 δὲ
3701 2067 3766 2118 καὶ

2259 2164 2648 2230 παρεκτείναι;
2696 2159 2866 2212 Πόθεν
2923 2159 3031 2226 γὰρ
3090 2161 3223 2228 ἡμῖν
3275 2159 3336 2212 τὸ
3370 2161 3560 2228 γνῶναι
3586 2159 3766 2229 κρίματι

2259 2251 2420 2319 Θεοῦ,
2443 2253 2536 2305 καλ.
2579 2251 2898 2322 μυστηρίων
2948 2251 3218 2314 ἄϐυσσον,
3266 2250 3332 2304 δι’
3363 2247 3436 2304 ῶν
3460 2253 3506 2304 oi
3536 2251 3620 2320 μὲν
3641 2249 3763 2315 ὀλιγό-

2259 2344 2402 2408 6ιοι,
2453 2343 2597 2406 τινὲς
2645 2343 2702 2396 δὲ
2756 2343 3182 2412 μακροχρόνιοικ
3254 2343 3350 2396 καὶ
3397 2343 3562 2412 οἱμὲν
3610 2339 3767 2404 νεᾶζον-

2259 2455 2350 2500 τες
2378 2477 2393 2501 ,
2423 2439 2470 2488 οἱ
2502 2436 2580 2498 δὲ,
2610 2437 2986 2507 γεγηρακότες
3013 2453 3026 2466 ·
3077 2435 3232 2490 ἄλλοι
3273 2436 3330 2488 δὲ
3372 2437 3462 2490 καὶ
3520 2434 3612 2504 πρὸ
3639 2431 3765 2502 ὧρας·

2261 2529 2355 2583 καί
2390 2527 2522 2598 πρὶν
2569 2529 2648 2590 είς
2705 2528 2824 2594 φῶς
2852 2527 3034 2597 ἕτεροι
3095 2515 3409 2596 προελθεῖν,
3439 2527 3496 2579 τὺ
3535 2525 3615 2579 τοῦ
3649 2525 3768 2577 Ίὼδ·

2269 2639 2287 2672 ι
2320 2619 2386 2671 Οἳ
2433 2619 2535 2671 οὑκ
2565 2613 2706 2670 εἶδον
2746 2616 2884 2684 φῶς,
2937 2635 2955 2668 ι
3024 2617 3518 2688 προαρπὰζονταις
3553 2614 3684 2667 Ἀλλὰ
3719 2612 3769 2680 μὴ

2263 2705 2530 2781 θρυλείτω
2591 2707 2753 2767 τοῦτο
2806 2708 2958 2777 ἡμᾶς
2987 2746 3002 2773 ,
3045 2707 3285 2778 μηδ’ὃτι
3335 2707 3520 2780 νεκρὸν
3568 2704 3773 2772 emam

2266 2801 2556 2870 βλέπομεν,
2593 2797 3009 2868 σχετλιάζωμεν
3039 2817 3050 2826 ·
3083 2798 3205 2851 ἀλλ’
3227 2798 3492 2867 ἐννοῶμεν
3519 2799 3590 2850 ὅτι
3622 2797 3670 2848 si
3706 2794 3774 2845 δὰο

2265 2910 2404 2945 νειον
2424 2893 2452 2943 ὁ
2483 2889 2798 2961 προκιχρῶν
2829 2890 3046 2959 ἑκάστῳ
3085 2889 3190 2959 τὴν
3221 2891 3410 2962 πνοὴν,
3443 2891 3587 2943 ὁπότε
3635 2882 3776 2957 βεϐοὑ·

2191 3012 2234 3068 c
2266 2983 2420 3050 λητο,
2473 2980 2858 3051 εἰσεπράξατο.
2908 2981 3060 3048 Μηδὲ
3113 2980 3344 3068 θρήνοις
3395 2981 3482 3034 τὸν
3525 2981 3650 3038 ὅπως
3683 2975 3777 3028 ποτὲ

2272 3074 2694 3144 μεθιστάμενον,

2272 3165 2346 3234 μὴ
2377 3165 2465 3216 τὸν
2495 3164 2836 3217 κελεύσαντα
2868 3163 3326 3236 παροργίσωμεν.
3361 3164 3448 3232 Μὴ
3473 3161 3777 3240 διαρρήξωμεν

2279 3259 2364 3310 ἐπ’
2398 3256 2546 3333 αὐτῷ
2604 3257 2730 3319 τοὺς
2760 3256 2990 3326 χιτῶνας
3010 3271 3023 3284 ·
3066 3255 3142 3324 μὴ
3198 3252 3652 3324 καταπασσώμεθα
3676 3249 3774 3317 γῆν·

2269 3349 2344 3420 μὴ
2366 3349 2763 3416 καταξάνωμεν
2779 3346 2962 3416 σάρκα
2985 3345 3133 3410 ὄνυξι
3157 3364 3170 3375 ·
3197 3347 3275 3417 μὴ
3292 3339 3778 3414 διασπαριὶιξωμενιιὸ⁴

2271 3458 2375 3508 μην
2386 3440 2412 3472 ὀ
2437 3439 2511 3508 μὴ
2536 3439 2633 3508 τὴν
2657 3437 2901 3507 κεφαλὴν
2923 3437 3082 3506 ἡμῶν
3109 3437 3556 3506 καταισχύνωμεν
3572 3449 3584 3464 ⁸
3604 3434 3666 3504 μὴ
3689 3431 3778 3501 μὴν

2266 3533 2553 3600 ἀσχήμονα
2574 3528 2828 3600 ρήξωμεν
2849 3545 2862 3558 ·
2892 3529 2966 3599 μὴ
2990 3527 3428 3600 βλασφημείσθω
3444 3527 3630 3597 ἡμῶνή
3654 3524 3776 3582 illi?

2271 3625 2342 3696 μὴ
2362 3621 2651 3692 γενώμεθα
2662 3622 2836 3688 γέλως
2851 3623 3038 3673 παισὶν
3051 3621 3348 3690 Ἑλλήνιον,
3374 3619 3466 3688 καὶ
3483 3619 3695 3683 παίγνιον
3707 3630 3718 3642 ·
3730 3611 3778 3680 μὴ

2266 3717 2326 3768 τὸ
2356 3715 2456 3783 τῆς
2488 3713 2843 3774 ἀναστάσεως
2875 3711 3040 3764 καλὸν
3067 3711 3491 3782 καθυϐρίσωμεν
3519 3728 3531 3740 ο
3557 3707 3621 3778 μὴ
3639 3706 3690 3758 τὰ
3715 3703 3780 3768 τῆς

2267 3805 2548 3874 εὐγενείας
2605 3805 2766 3876 ἡμῶν
2816 3803 3296 3872 κατευτελίσωμεν
3329 3803 3559 3870 πάτρια·
3583 3801 3648 3860 είς
3676 3795 3779 3864 ἡμᾶς

2268 3899 2466 3960 αὐτοὺς
2485 3897 2790 3967 βλέψωμεν·
2804 3895 3024 3965 γνῶμεν
3041 3895 3136 3947 τοῦ
3155 3894 3464 3966 μυστηρίου
3475 3894 3564 3962 τὴν
3583 3891 3778 3956 δύναμιν·

2267 3991 2540 4060 ἐννοῶμεν
2563 3989 2706 4052 τίνες
2742 3989 2837 4042 καὶ
2865 3987 2988 4040 ὅθεν
3017 3987 3212 4058 ἐσμὲν,
3243 3989 3340 4040 καὶ
3379 3989 3499 4042 ὅτου
3530 3985 3666 4054 χάριν
3679 3991 3776 4043 περ·

2269 4083 2410 4155 ήχθη
2421 4099 2540 4152 μεν,
2563 4080 2658 4134 καὶ
2688 4078 2792 4132 ποῦ
2843 4079 2938 4132 καὶ
2968 4079 3118 4140 ὅπως
3136 4094 3152 4109 ⁸
3183 4080 3284 4133 καλ⁸
3313 4081 3394 4132 ὅτι
3418 4079 3619 4138 πάντες,
3635 4071 3713 4126 κᾶν
3728 4067 3778 4137 μὴ

2267 4175 2383 4236 νῦν,
2415 4173 2551 4226 ἀλλὰ
2579 4173 2782 4234 πάντες
2808 4169 3124 4241 όδεύσομεν.
3148 4171 3214 4223 Τί
3237 4171 3334 4224 τοῦ
3351 4167 3663 4240 εὐχαριστεῖν
3685 4170 3778 4212 ατο-

2269 4267 2572 4329 κλίναντες,
2635 4263 2715 4332 τῷ
2777 4263 3002 4333 θρηνεῖν
3067 4262 3467 4332 ὲπιτρέχομεν;
3511 4257 3570 4311 Τί
3621 4255 3681 4325 μὴ
3713 4247 3776 4302 τα]

2203 4351 2240 4402 ιΙ
2273 4356 2505 4418 πένθους
2538 4353 2826 4424 ἀφέμενοι,
2863 4353 3001 4426 πρὸς
3035 4354 3160 4416 τοὺς
3187 4353 3398 4424 ὕμνους
3430 4348 3708 4422 χωροῦμενὶ

2189 1679 2226 1730 Β

2353 4535 2698 4606 Ἢσυχάσατε
2727 4535 2947 4606 μικρὸν,
2979 4534 3224 4604 ἀδελφοὶ,
3254 4537 3352 4590 καὶ¹
3395 4534 3500 4588 τῶν
3540 4524 3776 4621 itst

2271 4627 2541 4680 ἀκούσατε
2561 4642 2576 4656 ο
2606 4627 2928 4704 ὴρεμήσατε
2969 4629 3066 4680 καὶ
3103 4627 3458 4698 παράκλησιν
3489 4621 3696 4688 δέξασθε,
3716 4612 3777 4665 ἰαὶ

2271 4721 2362 4772 τὸν
2415 4719 2609 4789 νεκρὸν
2661 4719 2736 4790 μὴ
2781 4720 3054 4790 ὀχλήσητε
3089 4736 3104 4750 ο
3157 4721 3448 4774 ἀτενίσατε
3500 4718 3574 4785 τῷ
3618 4707 3777 4783 ait“?

2270 4809 2444 4881 τούτῳ
2474 4809 2744 4881 θεάματιο
2812 4809 2954 4862 ἴδετε
2987 4809 3050 4863 τὸ
3105 4809 3458 4882 τελούμενον,
3503 4806 3589 4861 καὶ
3615 4799 3775 4856 ἰδόντες.

2273 4904 2560 4974 σιγήσατε,
2597 4902 2692 4956 καὶ
2749 4903 2824 4974 μὴ
2879 4903 3157 4975 ταράξητε
3201 4905 3369 4975 ἡμῶν
3425 4902 3484 4957 τδ
3531 4898 3774 4970 μυστήριον·

2270 4996 2528 5066 Φοὸερὺν,
2560 4995 2800 5064 ἀδελφοὶ,
2858 4995 2918 5048 τὸ
2959 4994 3238 5066 ὁρώμενον
3268 5013 3284 5029 ·
3330 4981 3777 5068 φρικωδέστεροντδ

2271 5088 2598 5159 τελούμενον
2623 5105 2638 5120 ι
2695 5088 2944 5155 ἄγγελοι,
2989 5087 3406 5161 λαμπροφαεῑς,
3459 5078 3774 5154 σκηπτροῦιθί·

2280 5181 2667 5251 καταπληκτον
2689 5181 2950 5251 ὁρῶντες,
2972 5181 3182 5235 ἄνωθεν
3215 5182 3446 5252 ἥκοντες
3462 5196 3476 5210 ο
3508 5175 3640 5249 χοροὶ
3663 5181 3775 5236 στμ·

2277 5272 2411 5326 τιῶν
2442 5273 2938 5343 λευχειμονοῦντες,
2999 5269 3142 5335 εἶδος
3181 5275 3364 5342 φωτὸς
3414 5261 3774 5342 μεμορφωμέναι

2281 5365 2392 5430 πῦρ
2425 5363 2792 5428 ἀποπνέοντες
2813 5405 2828 5429 ,
2887 5365 3236 5436 φλογοςρόροι,
3301 5365 3627 5424 σπεύδοντες,
3672 5363 3775 5418 ﬁ?“

2283 5453 2634 5528 στροὸοὗντες
2657 5457 2747 5510 τὴν
2771 5455 3044 5526 κείμενον,
3085 5457 3180 5510 καὶ
3211 5454 3312 5524 τὴν
3344 5452 3646 5523 παραθήκην
3663 5440 3776 5508 6ξωῖ

2771 3071 2924 3142 παρὰ
2971 3072 3064 3125 τοῦ
3103 3073 3313 3142 μέτρου
3345 3070 3662 3140 κοπτώμεθα,
3715 3068 3794 3124 ἵνα.

3883 1155 3896 1568 1
