  <div class='ocr_page' id='page_1' title='image "/cluster/home/n/w/nwhite01/storage/ocr_20150623/97/mdp.39015041892756/652.png"; bbox 0 0 3978 6140; ppageno 0'>
   <div class='ocr_carea' id='block_1_1' title="bbox 282 205 417 273">
    <p class='ocr_par' dir='ltr' id='par_1_1' title="bbox 282 205 417 273">
     <span class='ocr_line' id='line_1_1' title="bbox 282 205 417 273; baseline 0 -1"><span class='ocrx_word' id='word_1_1' title='bbox 282 205 417 273; x_wconf 74' lang='lat'><strong>1285</strong></span> 
     </span>
    </p>
   </div>
   <div class='ocr_carea' id='block_1_2' title="bbox 1174 218 2586 291">
    <p class='ocr_par' dir='ltr' id='par_1_2' title="bbox 1174 218 2586 291">
     <span class='ocr_line' id='line_1_2' title="bbox 1174 218 2586 291; baseline 0.01 -14"><span class='ocrx_word' id='word_1_2' title='bbox 1174 218 1271 278; x_wconf 89' lang='lat' dir='ltr'><strong>DE</strong></span> <span class='ocrx_word' id='word_1_3' title='bbox 1307 220 1631 283; x_wconf 79' lang='lat' dir='ltr'><strong>HUMANA</strong></span> <span class='ocrx_word' id='word_1_4' title='bbox 1663 224 1834 286; x_wconf 82' lang='lat' dir='ltr'><strong>VITA</strong></span> <span class='ocrx_word' id='word_1_5' title='bbox 1877 226 1971 288; x_wconf 91' lang='lat' dir='ltr'><strong>ET</strong></span> <span class='ocrx_word' id='word_1_6' title='bbox 2007 228 2106 289; x_wconf 93' lang='lat' dir='ltr'><strong>DE</strong></span> <span class='ocrx_word' id='word_1_7' title='bbox 2139 224 2586 291; x_wconf 80' lang='lat' dir='ltr'><strong>DEFUNCTIS.</strong></span> 
     </span>
    </p>
   </div>
   <div class='ocr_carea' id='block_1_3' title="bbox 3413 228 3548 296">
    <p class='ocr_par' dir='ltr' id='par_1_3' title="bbox 3413 228 3548 296">
     <span class='ocr_line' id='line_1_3' title="bbox 3413 228 3548 296; baseline -0.03 0"><span class='ocrx_word' id='word_1_8' title='bbox 3413 228 3548 296; x_wconf 65' lang='lat'><strong>1236</strong></span> 
     </span>
    </p>
   </div>
   <div class='ocr_carea' id='block_1_4' title="bbox 278 328 1834 410">
    <p class='ocr_par' dir='ltr' id='par_1_4' title="bbox 278 328 1834 406">
     <span class='ocr_line' id='line_1_4' title="bbox 278 328 1834 406; baseline 0.006 -25"><span class='ocrx_word' id='word_1_9' title='bbox 278 329 727 406; x_wconf 71' lang='grc' dir='ltr'>είσπμάττοντες,</span> <span class='ocrx_word' id='word_1_10' title='bbox 762 328 857 382; x_wconf 74' lang='grc' dir='ltr'>καὶ</span> <span class='ocrx_word' id='word_1_11' title='bbox 884 330 1044 398; x_wconf 81' lang='grc' dir='ltr'><strong>ἡμεῖς</strong></span> <span class='ocrx_word' id='word_1_12' title='bbox 1077 330 1178 382; x_wconf 84' lang='grc' dir='ltr'><strong>οὐκ</strong></span> <span class='ocrx_word' id='word_1_13' title='bbox 1206 331 1502 403; x_wconf 81' lang='grc' dir='ltr'><strong>αἰδούμεθα</strong></span> <span class='ocrx_word' id='word_1_14' title='bbox 1525 352 1539 400; x_wconf 87' lang='grc'>;</span> <span class='ocrx_word' id='word_1_15' title='bbox 1566 336 1632 388; x_wconf 88' lang='grc' dir='ltr'><strong>Τί</strong></span> <span class='ocrx_word' id='word_1_16' title='bbox 1659 340 1834 401; x_wconf 78' lang='grc' dir='ltr'>ποιεῖς</span> 
     </span>
    </p>
   </div>
   <div class='ocr_carea' id='block_1_5' title="bbox 1941 328 3543 410">
    <p class='ocr_par' dir='ltr' id='par_1_5' title="bbox 1962 338 3543 410">
     <span class='ocr_line' id='line_1_5' title="bbox 1962 338 3543 410; baseline 0.003 -17"><span class='ocrx_word' id='word_1_17' title='bbox 1962 348 2173 409; x_wconf 85' lang='lat' dir='ltr'><strong>gentes,</strong></span> <span class='ocrx_word' id='word_1_18' title='bbox 2216 356 2317 396; x_wconf 88' lang='lat' dir='ltr'><strong>nec</strong></span> <span class='ocrx_word' id='word_1_19' title='bbox 2361 341 2465 410; x_wconf 84' lang='lat' dir='ltr'><strong>ipsi</strong></span> <span class='ocrx_word' id='word_1_20' title='bbox 2514 339 2820 395; x_wconf 85' lang='lat' dir='ltr'><strong>reverentia</strong></span> <span class='ocrx_word' id='word_1_21' title='bbox 2876 340 3164 394; x_wconf 81' lang='lat' dir='ltr'><strong>tenemur?</strong></span> <span class='ocrx_word' id='word_1_22' title='bbox 3190 340 3330 406; x_wconf 82' lang='lat' dir='ltr'><strong>Quid</strong></span> <span class='ocrx_word' id='word_1_23' title='bbox 3361 338 3503 398; x_wconf 78' lang='lat' dir='ltr'><strong>facis</strong></span> <span class='ocrx_word' id='word_1_24' title='bbox 3529 380 3543 407; x_wconf 73' lang='grc'>,-</span> 
     </span>
    </p>
   </div>
   <div class='ocr_carea' id='block_1_6' title="bbox 278 418 1856 498">
    <p class='ocr_par' dir='ltr' id='par_1_6' title="bbox 278 418 1856 498">
     <span class='ocr_line' id='line_1_6' title="bbox 278 418 1856 498; baseline 0.004 -24"><span class='ocrx_word' id='word_1_25' title='bbox 278 420 568 491; x_wconf 79' lang='grc' dir='ltr'>ἄνθρωπε;</span> <span class='ocrx_word' id='word_1_26' title='bbox 604 418 632 472; x_wconf 84' lang='grc' dir='ltr'>ὁ</span> <span class='ocrx_word' id='word_1_27' title='bbox 663 420 916 490; x_wconf 78' lang='grc' dir='ltr'><strong>κείμενος</strong></span> <span class='ocrx_word' id='word_1_28' title='bbox 943 420 1166 491; x_wconf 77' lang='grc' dir='ltr'>ἐξέστη·</span> <span class='ocrx_word' id='word_1_29' title='bbox 1218 422 1313 475; x_wconf 65' lang='grc' dir='ltr'><strong>καὶ¹</strong></span> <span class='ocrx_word' id='word_1_30' title='bbox 1359 424 1420 476; x_wconf 84' lang='grc' dir='ltr'><strong>σὺ</strong></span> <span class='ocrx_word' id='word_1_31' title='bbox 1453 426 1551 477; x_wconf 82' lang='grc' dir='ltr'>οὐκ</span> <span class='ocrx_word' id='word_1_32' title='bbox 1584 428 1856 498; x_wconf 71' lang='grc' dir='ltr'>αἰσχύνῃς</span> 
     </span>
    </p>
   </div>
   <div class='ocr_carea' id='block_1_7' title="bbox 290 512 1861 588">
    <p class='ocr_par' dir='ltr' id='par_1_7' title="bbox 290 512 1861 588">
     <span class='ocr_line' id='line_1_7' title="bbox 290 512 1861 588; baseline 0.004 -22"><span class='ocrx_word' id='word_1_33' title='bbox 290 513 348 565; x_wconf 86' lang='lat'><strong>&#39;0</strong></span> <span class='ocrx_word' id='word_1_34' title='bbox 380 513 639 582; x_wconf 78' lang='grc' dir='ltr'>κείμενος</span> <span class='ocrx_word' id='word_1_35' title='bbox 673 512 889 587; x_wconf 71' lang='grc' dir='ltr'>ἐξέστη,</span> <span class='ocrx_word' id='word_1_36' title='bbox 922 514 1019 565; x_wconf 80' lang='grc' dir='ltr'><strong>καὶ</strong></span> <span class='ocrx_word' id='word_1_37' title='bbox 1050 514 1114 566; x_wconf 77' lang='grc' dir='ltr'><strong>σὺ</strong></span> <span class='ocrx_word' id='word_1_38' title='bbox 1155 514 1413 580; x_wconf 54' lang='lat' dir='ltr'><strong>natiue;</strong></span> <span class='ocrx_word' id='word_1_39' title='bbox 1456 517 1694 583; x_wconf 87' lang='grc' dir='ltr'>Ἐκεῖνος</span> <span class='ocrx_word' id='word_1_40' title='bbox 1721 522 1861 588; x_wconf 85' lang='grc' dir='ltr'>ἀγω-</span> 
     </span>
    </p>
   </div>
   <div class='ocr_carea' id='block_1_8' title="bbox 277 598 1857 675">
    <p class='ocr_par' dir='ltr' id='par_1_8' title="bbox 277 598 1857 675">
     <span class='ocr_line' id='line_1_8' title="bbox 277 598 1857 675; baseline 0.005 -18"><span class='ocrx_word' id='word_1_41' title='bbox 277 607 389 675; x_wconf 82' lang='grc' dir='ltr'>νιᾷ,</span> <span class='ocrx_word' id='word_1_42' title='bbox 419 606 515 657; x_wconf 70' lang='grc' dir='ltr'><strong>καὶ</strong></span> <span class='ocrx_word' id='word_1_43' title='bbox 550 598 638 655; x_wconf 81' lang='grc' dir='ltr'><strong>σὺ</strong></span> <span class='ocrx_word' id='word_1_44' title='bbox 694 604 1014 674; x_wconf 84' lang='grc' dir='ltr'>δαιμονιᾷς;</span> <span class='ocrx_word' id='word_1_45' title='bbox 1057 603 1296 667; x_wconf 85' lang='grc' dir='ltr'>Ἐκεῖνος</span> <span class='ocrx_word' id='word_1_46' title='bbox 1339 607 1630 669; x_wconf 84' lang='grc' dir='ltr'>κλονείται,</span> <span class='ocrx_word' id='word_1_47' title='bbox 1668 611 1761 664; x_wconf 74' lang='grc' dir='ltr'><strong>καὶ</strong></span> <span class='ocrx_word' id='word_1_48' title='bbox 1793 612 1857 665; x_wconf 86' lang='grc' dir='ltr'><strong>σὺ</strong></span> 
     </span>
    </p>
   </div>
   <div class='ocr_carea' id='block_1_9' title="bbox 276 694 1857 771">
    <p class='ocr_par' dir='ltr' id='par_1_9' title="bbox 276 694 1857 771">
     <span class='ocr_line' id='line_1_9' title="bbox 276 694 1857 771; baseline 0.004 -24"><span class='ocrx_word' id='word_1_49' title='bbox 276 697 336 747; x_wconf 83' lang='grc' dir='ltr'><strong>οὐ</strong></span> <span class='ocrx_word' id='word_1_50' title='bbox 364 695 647 765; x_wconf 80' lang='grc' dir='ltr'>φρίττεις;</span> <span class='ocrx_word' id='word_1_51' title='bbox 691 694 930 757; x_wconf 87' lang='grc' dir='ltr'>Ἐκεῖνος</span> <span class='ocrx_word' id='word_1_52' title='bbox 983 696 1346 767; x_wconf 56' lang='grc' dir='ltr'>ψυχορρριγεῖ,</span> <span class='ocrx_word' id='word_1_53' title='bbox 1407 698 1502 750; x_wconf 80' lang='grc' dir='ltr'>καὶ</span> <span class='ocrx_word' id='word_1_54' title='bbox 1534 700 1597 751; x_wconf 86' lang='grc' dir='ltr'><strong>σὺ</strong></span> <span class='ocrx_word' id='word_1_55' title='bbox 1628 700 1689 753; x_wconf 84' lang='grc' dir='ltr'><strong>οὐ</strong></span> <span class='ocrx_word' id='word_1_56' title='bbox 1725 719 1857 771; x_wconf 84' lang='grc' dir='ltr'>μορ-</span> 
     </span>
    </p>
   </div>
   <div class='ocr_carea' id='block_1_10' title="bbox 281 780 1852 858">
    <p class='ocr_par' dir='ltr' id='par_1_10' title="bbox 281 780 1852 858">
     <span class='ocr_line' id='line_1_10' title="bbox 281 780 1852 858; baseline 0.006 -25"><span class='ocrx_word' id='word_1_57' title='bbox 281 782 559 851; x_wconf 82' lang='grc' dir='ltr'>μολύττῃ;</span> <span class='ocrx_word' id='word_1_58' title='bbox 601 781 841 843; x_wconf 84' lang='grc' dir='ltr'>Ἐκεῖνος</span> <span class='ocrx_word' id='word_1_59' title='bbox 874 780 1137 851; x_wconf 85' lang='grc' dir='ltr'>κρίνεται,</span> <span class='ocrx_word' id='word_1_60' title='bbox 1179 782 1360 836; x_wconf 75' lang='grc' dir='ltr'>καὶσὺ</span> <span class='ocrx_word' id='word_1_61' title='bbox 1397 785 1495 836; x_wconf 73' lang='grc' dir='ltr'><strong>οὐκ</strong></span> <span class='ocrx_word' id='word_1_62' title='bbox 1532 786 1852 858; x_wconf 52' lang='lat' dir='ltr'><strong>iactatam;</strong></span> 
     </span>
    </p>
   </div>
   <div class='ocr_carea' id='block_1_11' title="bbox 290 870 1855 944">
    <p class='ocr_par' dir='ltr' id='par_1_11' title="bbox 290 870 1855 944">
     <span class='ocr_line' id='line_1_11' title="bbox 290 870 1855 944; baseline 0.003 -22"><span class='ocrx_word' id='word_1_63' title='bbox 290 871 524 932; x_wconf 85' lang='grc' dir='ltr'>Ἐκεῖνος</span> <span class='ocrx_word' id='word_1_64' title='bbox 552 870 966 938; x_wconf 72' lang='grc' dir='ltr'><strong>εἰσπράττεται,</strong></span> <span class='ocrx_word' id='word_1_65' title='bbox 993 870 1085 922; x_wconf 81' lang='grc' dir='ltr'><strong>καὶ</strong></span> <span class='ocrx_word' id='word_1_66' title='bbox 1104 871 1167 922; x_wconf 85' lang='grc' dir='ltr'><strong>σὺ</strong></span> <span class='ocrx_word' id='word_1_67' title='bbox 1200 872 1258 921; x_wconf 83' lang='grc' dir='ltr'><strong>ού</strong></span> <span class='ocrx_word' id='word_1_68' title='bbox 1291 874 1517 941; x_wconf 82' lang='grc' dir='ltr'>ναρκᾷς,</span> <span class='ocrx_word' id='word_1_69' title='bbox 1544 875 1641 943; x_wconf 78' lang='grc' dir='ltr'>τὴν</span> <span class='ocrx_word' id='word_1_70' title='bbox 1664 878 1855 944; x_wconf 81' lang='grc' dir='ltr'>ὁμοίαν</span> 
     </span>
    </p>
   </div>
   <div class='ocr_carea' id='block_1_12' title="bbox 276 948 1854 1034">
    <p class='ocr_par' dir='ltr' id='par_1_12' title="bbox 276 948 1854 1034">
     <span class='ocr_line' id='line_1_12' title="bbox 276 948 1854 1034; baseline 0.004 -22"><span class='ocrx_word' id='word_1_71' title='bbox 276 958 509 1024; x_wconf 77' lang='grc' dir='ltr'>ἐλπίζων</span> <span class='ocrx_word' id='word_1_72' title='bbox 537 958 863 1027; x_wconf 78' lang='grc' dir='ltr'>ἐπαίτησιν;</span> <span class='ocrx_word' id='word_1_73' title='bbox 897 959 1138 1021; x_wconf 83' lang='grc' dir='ltr'>Ἐκεῖνος</span> <span class='ocrx_word' id='word_1_74' title='bbox 1171 959 1463 1028; x_wconf 81' lang='grc' dir='ltr'>θαμὸεῖται</span> <span class='ocrx_word' id='word_1_75' title='bbox 1489 948 1854 1034; x_wconf 69' lang='grc' dir='ltr'>ὀρῶνᾶμήπω</span> 
     </span>
    </p>
   </div>
   <div class='ocr_carea' id='block_1_13' title="bbox 276 1049 1853 1123">
    <p class='ocr_par' dir='ltr' id='par_1_13' title="bbox 276 1049 1853 1123">
     <span class='ocr_line' id='line_1_13' title="bbox 276 1049 1853 1123; baseline 0.004 -21"><span class='ocrx_word' id='word_1_76' title='bbox 276 1050 510 1121; x_wconf 74' lang='grc' dir='ltr'>ἑώρακε,</span> <span class='ocrx_word' id='word_1_77' title='bbox 545 1050 639 1102; x_wconf 77' lang='grc' dir='ltr'><strong>καὶ</strong></span> <span class='ocrx_word' id='word_1_78' title='bbox 677 1050 740 1101; x_wconf 83' lang='grc' dir='ltr'><strong>σὺ</strong></span> <span class='ocrx_word' id='word_1_79' title='bbox 790 1051 848 1100; x_wconf 78' lang='grc' dir='ltr'><strong>οὐ</strong></span> <span class='ocrx_word' id='word_1_80' title='bbox 916 1049 1056 1118; x_wconf 80' lang='grc' dir='ltr'><strong>φοϐῇ</strong></span> <span class='ocrx_word' id='word_1_81' title='bbox 1093 1051 1187 1102; x_wconf 78' lang='grc' dir='ltr'><strong>καὶ</strong></span> <span class='ocrx_word' id='word_1_82' title='bbox 1219 1051 1484 1121; x_wconf 79' lang='grc' dir='ltr'>συστέλλῃ</span> <span class='ocrx_word' id='word_1_83' title='bbox 1519 1055 1853 1123; x_wconf 66' lang='grc' dir='ltr'>σωφρονιζό·</span> 
     </span>
    </p>
   </div>
   <div class='ocr_carea' id='block_1_14' title="bbox 279 1140 1852 1214">
    <p class='ocr_par' dir='ltr' id='par_1_14' title="bbox 279 1140 1852 1214">
     <span class='ocr_line' id='line_1_14' title="bbox 279 1140 1852 1214; baseline 0.004 -21"><span class='ocrx_word' id='word_1_84' title='bbox 279 1158 473 1211; x_wconf 86' lang='grc' dir='ltr'>μενος;</span> <span class='ocrx_word' id='word_1_85' title='bbox 513 1141 752 1201; x_wconf 86' lang='grc' dir='ltr'>Ἐκεῖνος</span> <span class='ocrx_word' id='word_1_86' title='bbox 793 1140 1037 1209; x_wconf 81' lang='grc' dir='ltr'>θνήσκει,</span> <span class='ocrx_word' id='word_1_87' title='bbox 1071 1140 1164 1191; x_wconf 71' lang='grc' dir='ltr'><strong>καὶ</strong></span> <span class='ocrx_word' id='word_1_88' title='bbox 1184 1142 1247 1192; x_wconf 75' lang='grc' dir='ltr'><strong>σὺ</strong></span> <span class='ocrx_word' id='word_1_89' title='bbox 1277 1141 1569 1214; x_wconf 73' lang='grc' dir='ltr'>φρυάσσῃ;</span> <span class='ocrx_word' id='word_1_90' title='bbox 1616 1145 1852 1211; x_wconf 79' lang='grc' dir='ltr'>Ἐκεῖνος</span> 
     </span>
    </p>
   </div>
   <div class='ocr_carea' id='block_1_15' title="bbox 275 1231 1852 1304">
    <p class='ocr_par' dir='ltr' id='par_1_15' title="bbox 275 1231 1852 1304">
     <span class='ocr_line' id='line_1_15' title="bbox 275 1231 1852 1304; baseline 0.004 -21"><span class='ocrx_word' id='word_1_91' title='bbox 275 1233 630 1301; x_wconf 72' lang='grc' dir='ltr'>τελευτᾷ,κιιί</span> <span class='ocrx_word' id='word_1_92' title='bbox 681 1233 745 1284; x_wconf 85' lang='grc' dir='ltr'><strong>σὺ</strong></span> <span class='ocrx_word' id='word_1_93' title='bbox 807 1231 1133 1301; x_wconf 76' lang='grc' dir='ltr'>ἐνθουσιᾷςς</span> <span class='ocrx_word' id='word_1_94' title='bbox 1187 1231 1440 1300; x_wconf 86' lang='grc' dir='ltr'>Ἐπίσχες</span> <span class='ocrx_word' id='word_1_95' title='bbox 1488 1234 1710 1304; x_wconf 84' lang='grc' dir='ltr'>μικρὸν,</span> <span class='ocrx_word' id='word_1_96' title='bbox 1756 1236 1852 1289; x_wconf 81' lang='grc' dir='ltr'><strong>ἄν-</strong></span> 
     </span>
    </p>
   </div>
   <div class='ocr_carea' id='block_1_16' title="bbox 275 1318 1915 1393">
    <p class='ocr_par' dir='ltr' id='par_1_16' title="bbox 275 1318 1915 1393">
     <span class='ocr_line' id='line_1_16' title="bbox 275 1318 1915 1393; baseline 0.004 -21"><span class='ocrx_word' id='word_1_97' title='bbox 275 1321 503 1390; x_wconf 86' lang='grc' dir='ltr'>θρωπε;</span> <span class='ocrx_word' id='word_1_98' title='bbox 542 1320 708 1388; x_wconf 79' lang='grc' dir='ltr'>Ἀφες</span> <span class='ocrx_word' id='word_1_99' title='bbox 761 1319 923 1371; x_wconf 80' lang='grc' dir='ltr'>αὑτὸν</span> <span class='ocrx_word' id='word_1_100' title='bbox 979 1318 1236 1371; x_wconf 81' lang='grc' dir='ltr'>ἀπελθεῖν</span> <span class='ocrx_word' id='word_1_101' title='bbox 1285 1321 1345 1371; x_wconf 84' lang='grc' dir='ltr'>ἐν</span> <span class='ocrx_word' id='word_1_102' title='bbox 1376 1322 1567 1393; x_wconf 77' lang='grc' dir='ltr'>εἰρήνῃ</span> <span class='ocrx_word' id='word_1_103' title='bbox 1593 1322 1721 1376; x_wconf 82' lang='grc' dir='ltr'>ἔνθα</span> <span class='ocrx_word' id='word_1_104' title='bbox 1756 1326 1849 1378; x_wconf 78' lang='grc' dir='ltr'><strong>κέ·</strong></span> <span class='ocrx_word' id='word_1_105' title='bbox 1907 1321 1915 1328; x_wconf 76' lang='grc'><strong>’</strong></span> 
     </span>
    </p>
   </div>
   <div class='ocr_carea' id='block_1_17' title="bbox 275 1409 1851 1483">
    <p class='ocr_par' dir='ltr' id='par_1_17' title="bbox 275 1409 1851 1483">
     <span class='ocr_line' id='line_1_17' title="bbox 275 1409 1851 1483; baseline 0.004 -21"><span class='ocrx_word' id='word_1_106' title='bbox 275 1409 486 1479; x_wconf 83' lang='grc' dir='ltr'>κληται.</span> <span class='ocrx_word' id='word_1_107' title='bbox 524 1411 723 1462; x_wconf 87' lang='grc' dir='ltr'>Ἔασον</span> <span class='ocrx_word' id='word_1_108' title='bbox 786 1409 946 1462; x_wconf 77' lang='grc' dir='ltr'>αὐτὸν</span> <span class='ocrx_word' id='word_1_109' title='bbox 994 1409 1213 1461; x_wconf 83' lang='grc' dir='ltr'>ὁδεῦσαι</span> <span class='ocrx_word' id='word_1_110' title='bbox 1270 1409 1479 1480; x_wconf 79' lang='grc' dir='ltr'>τρίϐον,</span> <span class='ocrx_word' id='word_1_111' title='bbox 1532 1413 1598 1483; x_wconf 77' lang='grc' dir='ltr'>ἢν</span> <span class='ocrx_word' id='word_1_112' title='bbox 1641 1414 1851 1469; x_wconf 75' lang='grc' dir='ltr'>οὐδέπω</span> 
     </span>
    </p>
   </div>
   <div class='ocr_carea' id='block_1_18' title="bbox 273 1493 1849 1569">
    <p class='ocr_par' dir='ltr' id='par_1_18' title="bbox 273 1493 1849 1569">
     <span class='ocr_line' id='line_1_18' title="bbox 273 1493 1849 1569; baseline 0.001 -17"><span class='ocrx_word' id='word_1_113' title='bbox 273 1500 550 1562; x_wconf 69' lang='grc' dir='ltr'>διώδευσε,</span> <span class='ocrx_word' id='word_1_114' title='bbox 571 1500 666 1552; x_wconf 74' lang='grc' dir='ltr'><strong>καὶ</strong></span> <span class='ocrx_word' id='word_1_115' title='bbox 695 1493 761 1569; x_wconf 79' lang='grc' dir='ltr'>ἦς</span> <span class='ocrx_word' id='word_1_116' title='bbox 788 1500 887 1550; x_wconf 81' lang='grc' dir='ltr'><strong>οὐκ</strong></span> <span class='ocrx_word' id='word_1_117' title='bbox 914 1497 1265 1566; x_wconf 70' lang='grc' dir='ltr'>ἀναστρέψει,</span> <span class='ocrx_word' id='word_1_118' title='bbox 1293 1500 1383 1550; x_wconf 71' lang='grc' dir='ltr'><strong>καὶ</strong></span> <span class='ocrx_word' id='word_1_119' title='bbox 1410 1499 1475 1568; x_wconf 83' lang='grc' dir='ltr'>ἢν</span> <span class='ocrx_word' id='word_1_120' title='bbox 1497 1501 1695 1567; x_wconf 81' lang='grc' dir='ltr'>ὁμοίως</span> <span class='ocrx_word' id='word_1_121' title='bbox 1714 1503 1849 1556; x_wconf 85' lang='grc' dir='ltr'>πάν-</span> 
     </span>
    </p>
   </div>
   <div class='ocr_carea' id='block_1_19' title="bbox 272 1586 1845 1660">
    <p class='ocr_par' dir='ltr' id='par_1_19' title="bbox 272 1586 1845 1660">
     <span class='ocr_line' id='line_1_19' title="bbox 272 1586 1845 1660; baseline 0.001 -18"><span class='ocrx_word' id='word_1_122' title='bbox 272 1606 382 1652; x_wconf 85' lang='grc' dir='ltr'>τες,</span> <span class='ocrx_word' id='word_1_123' title='bbox 411 1589 558 1642; x_wconf 77' lang='grc' dir='ltr'>κεινὸ</span> <span class='ocrx_word' id='word_1_124' title='bbox 593 1587 691 1657; x_wconf 82' lang='grc' dir='ltr'><strong>μὲν</strong></span> <span class='ocrx_word' id='word_1_125' title='bbox 732 1586 916 1651; x_wconf 82' lang='grc' dir='ltr'>εὐθὺς,</span> <span class='ocrx_word' id='word_1_126' title='bbox 952 1589 979 1639; x_wconf 85' lang='grc' dir='ltr'>ὁ</span> <span class='ocrx_word' id='word_1_127' title='bbox 1024 1586 1081 1638; x_wconf 82' lang='grc' dir='ltr'><strong>δὲ</strong></span> <span class='ocrx_word' id='word_1_128' title='bbox 1128 1586 1243 1655; x_wconf 79' lang='grc' dir='ltr'>μετ’</span> <span class='ocrx_word' id='word_1_129' title='bbox 1266 1587 1466 1655; x_wconf 82' lang='grc' dir='ltr'>ὀλίγον,</span> <span class='ocrx_word' id='word_1_130' title='bbox 1519 1589 1845 1660; x_wconf 73' lang='grc' dir='ltr'>ὁδεύσομεψ</span> 
     </span>
    </p>
   </div>
   <div class='ocr_carea' id='block_1_20' title="bbox 1964 430 3539 499">
    <p class='ocr_par' dir='ltr' id='par_1_20' title="bbox 1964 430 3539 499">
     <span class='ocr_line' id='line_1_20' title="bbox 1964 430 3539 499; baseline 0.001 -16"><span class='ocrx_word' id='word_1_131' title='bbox 1964 432 2231 486; x_wconf 88' lang='lat' dir='ltr'><strong>obomo?</strong></span> <span class='ocrx_word' id='word_1_132' title='bbox 2289 430 2509 495; x_wconf 71' lang='lat' dir='ltr'><strong>Iacens,</strong></span> <span class='ocrx_word' id='word_1_133' title='bbox 2568 439 2795 499; x_wconf 88' lang='lat' dir='ltr'><strong>stupore</strong></span> <span class='ocrx_word' id='word_1_134' title='bbox 2855 431 3027 483; x_wconf 89' lang='lat' dir='ltr'><strong>nimio</strong></span> <span class='ocrx_word' id='word_1_135' title='bbox 3076 438 3372 499; x_wconf 87' lang='lat' dir='ltr'><strong>correptus</strong></span> <span class='ocrx_word' id='word_1_136' title='bbox 3425 442 3539 496; x_wconf 65' lang='lat' dir='ltr'><strong>est.</strong></span> 
     </span>
    </p>
   </div>
   <div class='ocr_carea' id='block_1_21' title="bbox 1966 520 3544 583">
    <p class='ocr_par' dir='ltr' id='par_1_21' title="bbox 1966 520 3544 583">
     <span class='ocr_line' id='line_1_21' title="bbox 1966 520 3544 583; baseline -0.001 -8"><span class='ocrx_word' id='word_1_137' title='bbox 1966 536 2069 576; x_wconf 90' lang='lat' dir='ltr'><strong>nec</strong></span> <span class='ocrx_word' id='word_1_138' title='bbox 2160 532 2214 574; x_wconf 90' lang='lat' dir='ltr'><strong>tu</strong></span> <span class='ocrx_word' id='word_1_139' title='bbox 2281 522 2683 578; x_wconf 81' lang='lat' dir='ltr'><strong>confunderis?</strong></span> <span class='ocrx_word' id='word_1_140' title='bbox 2761 520 2985 583; x_wconf 75' lang='lat' dir='ltr'><strong>Jattens,</strong></span> <span class='ocrx_word' id='word_1_141' title='bbox 3073 521 3306 576; x_wconf 82' lang='lat' dir='ltr'><strong>horrore</strong></span> <span class='ocrx_word' id='word_1_142' title='bbox 3394 523 3544 576; x_wconf 75' lang='lat' dir='ltr'><strong>velut</strong></span> 
     </span>
    </p>
   </div>
   <div class='ocr_carea' id='block_1_22' title="bbox 1961 612 3539 683">
    <p class='ocr_par' dir='ltr' id='par_1_22' title="bbox 1961 612 3539 683">
     <span class='ocr_line' id='line_1_22' title="bbox 1961 612 3539 683; baseline 0 -17"><span class='ocrx_word' id='word_1_143' title='bbox 1961 612 2222 667; x_wconf 80' lang='lat' dir='ltr'><strong>sensibus</strong></span> <span class='ocrx_word' id='word_1_144' title='bbox 2273 616 2549 681; x_wconf 75' lang='lat' dir='ltr'><strong>excessit;</strong></span> <span class='ocrx_word' id='word_1_145' title='bbox 2600 621 2655 668; x_wconf 92' lang='lat' dir='ltr'><strong>et</strong></span> <span class='ocrx_word' id='word_1_146' title='bbox 2724 619 2781 666; x_wconf 89' lang='lat' dir='ltr'><strong>tu</strong></span> <span class='ocrx_word' id='word_1_147' title='bbox 2858 612 3046 668; x_wconf 75' lang='lat' dir='ltr'><strong>ludis?</strong></span> <span class='ocrx_word' id='word_1_148' title='bbox 3105 612 3200 666; x_wconf 80' lang='lat' dir='ltr'><strong>ille</strong></span> <span class='ocrx_word' id='word_1_149' title='bbox 3226 613 3282 665; x_wconf 93' lang='lat' dir='ltr'><strong>in</strong></span> <span class='ocrx_word' id='word_1_150' title='bbox 3340 614 3539 683; x_wconf 68' lang='lat' dir='ltr'><strong>agonia</strong></span> 
     </span>
    </p>
   </div>
   <div class='ocr_carea' id='block_1_23' title="bbox 1959 704 3541 770">
    <p class='ocr_par' dir='ltr' id='par_1_23' title="bbox 1959 704 3541 770">
     <span class='ocr_line' id='line_1_23' title="bbox 1959 704 3541 770; baseline 0 -12"><span class='ocrx_word' id='word_1_151' title='bbox 1959 711 2080 770; x_wconf 86' lang='lat' dir='ltr'><strong>est;</strong></span> <span class='ocrx_word' id='word_1_152' title='bbox 2150 714 2207 760; x_wconf 82' lang='lat' dir='ltr'><strong>et</strong></span> <span class='ocrx_word' id='word_1_153' title='bbox 2243 715 2298 760; x_wconf 90' lang='lat' dir='ltr'><strong>tu</strong></span> <span class='ocrx_word' id='word_1_154' title='bbox 2368 706 2696 761; x_wconf 74' lang='lat' dir='ltr'><strong>daemoniaci</strong></span> <span class='ocrx_word' id='word_1_155' title='bbox 2762 705 2940 759; x_wconf 90' lang='lat' dir='ltr'><strong>instar</strong></span> <span class='ocrx_word' id='word_1_156' title='bbox 2989 704 3375 760; x_wconf 77' lang='lat' dir='ltr'><strong>insanisHlle</strong></span> <span class='ocrx_word' id='word_1_157' title='bbox 3429 716 3541 760; x_wconf 89' lang='lat' dir='ltr'><strong>tur-</strong></span> 
     </span>
    </p>
   </div>
   <div class='ocr_carea' id='block_1_24' title="bbox 1963 786 3536 865">
    <p class='ocr_par' dir='ltr' id='par_1_24' title="bbox 1963 786 3536 865">
     <span class='ocr_line' id='line_1_24' title="bbox 1963 786 3536 865; baseline 0.001 -17"><span class='ocrx_word' id='word_1_158' title='bbox 1963 795 2167 863; x_wconf 88' lang='lat' dir='ltr'><strong>batur;</strong></span> <span class='ocrx_word' id='word_1_159' title='bbox 2231 807 2285 851; x_wconf 91' lang='lat' dir='ltr'><strong>et</strong></span> <span class='ocrx_word' id='word_1_160' title='bbox 2339 806 2396 851; x_wconf 93' lang='lat' dir='ltr'><strong>tu</strong></span> <span class='ocrx_word' id='word_1_161' title='bbox 2432 786 2568 851; x_wconf 30' lang='lat' dir='ltr'><strong>‘non</strong></span> <span class='ocrx_word' id='word_1_162' title='bbox 2606 797 2847 851; x_wconf 82' lang='lat' dir='ltr'><strong>horres?</strong></span> <span class='ocrx_word' id='word_1_163' title='bbox 2898 796 2992 850; x_wconf 88' lang='lat' dir='ltr'><strong>Ille</strong></span> <span class='ocrx_word' id='word_1_164' title='bbox 3051 797 3237 865; x_wconf 84' lang='lat' dir='ltr'><strong>rigens</strong></span> <span class='ocrx_word' id='word_1_165' title='bbox 3301 797 3536 850; x_wconf 88' lang='lat' dir='ltr'><strong>animam</strong></span> 
     </span>
    </p>
   </div>
   <div class='ocr_carea' id='block_1_25' title="bbox 1961 886 3538 956">
    <p class='ocr_par' dir='ltr' id='par_1_25' title="bbox 1961 886 3538 956">
     <span class='ocr_line' id='line_1_25' title="bbox 1961 886 3538 956; baseline 0.002 -18"><span class='ocrx_word' id='word_1_166' title='bbox 1961 886 2111 956; x_wconf 85' lang='lat' dir='ltr'><strong>agit;</strong></span> <span class='ocrx_word' id='word_1_167' title='bbox 2160 903 2259 942; x_wconf 85' lang='lat' dir='ltr'><strong>nec</strong></span> <span class='ocrx_word' id='word_1_168' title='bbox 2291 896 2345 941; x_wconf 90' lang='lat' dir='ltr'><strong>tu</strong></span> <span class='ocrx_word' id='word_1_169' title='bbox 2393 888 2662 942; x_wconf 84' lang='lat' dir='ltr'><strong>terreris?</strong></span> <span class='ocrx_word' id='word_1_170' title='bbox 2722 888 2816 942; x_wconf 85' lang='lat' dir='ltr'><strong>Ille</strong></span> <span class='ocrx_word' id='word_1_171' title='bbox 2863 887 3181 955; x_wconf 88' lang='lat' dir='ltr'><strong>judicatur;</strong></span> <span class='ocrx_word' id='word_1_172' title='bbox 3221 901 3320 941; x_wconf 83' lang='lat' dir='ltr'><strong>nec</strong></span> <span class='ocrx_word' id='word_1_173' title='bbox 3352 894 3405 940; x_wconf 86' lang='lat' dir='ltr'><strong>tu</strong></span> <span class='ocrx_word' id='word_1_174' title='bbox 3441 887 3538 941; x_wconf 84' lang='lat' dir='ltr'><strong>ob-</strong></span> 
     </span>
    </p>
   </div>
   <div class='ocr_carea' id='block_1_26' title="bbox 1962 961 3539 1047">
    <p class='ocr_par' dir='ltr' id='par_1_26' title="bbox 1962 961 3539 1047">
     <span class='ocr_line' id='line_1_26' title="bbox 1962 961 3539 1047; baseline 0 -16"><span class='ocrx_word' id='word_1_175' title='bbox 1962 978 2276 1046; x_wconf 77' lang='lat' dir='ltr'><strong>stupescis?</strong></span> <span class='ocrx_word' id='word_1_176' title='bbox 2312 978 2403 1032; x_wconf 86' lang='lat' dir='ltr'><strong>Ille</strong></span> <span class='ocrx_word' id='word_1_177' title='bbox 2450 961 2514 1032; x_wconf 78' lang='lat' dir='ltr'><strong>ad</strong></span> <span class='ocrx_word' id='word_1_178' title='bbox 2548 979 2792 1032; x_wconf 89' lang='lat' dir='ltr'><strong>rationes</strong></span> <span class='ocrx_word' id='word_1_179' title='bbox 2848 979 3101 1047; x_wconf 84' lang='lat' dir='ltr'><strong>cogitur;</strong></span> <span class='ocrx_word' id='word_1_180' title='bbox 3136 992 3237 1032; x_wconf 90' lang='lat' dir='ltr'><strong>nec</strong></span> <span class='ocrx_word' id='word_1_181' title='bbox 3311 987 3368 1030; x_wconf 92' lang='lat' dir='ltr'><strong>tu</strong></span> <span class='ocrx_word' id='word_1_182' title='bbox 3423 986 3539 1031; x_wconf 73' lang='lat' dir='ltr'><strong>tor-</strong></span> 
     </span>
    </p>
   </div>
   <div class='ocr_carea' id='block_1_27' title="bbox 1959 1067 3537 1136">
    <p class='ocr_par' dir='ltr' id='par_1_27' title="bbox 1959 1067 3537 1136">
     <span class='ocr_line' id='line_1_27' title="bbox 1959 1067 3537 1136; baseline 0.004 -18"><span class='ocrx_word' id='word_1_183' title='bbox 1959 1081 2056 1134; x_wconf 87' lang='lat' dir='ltr'><strong>pes</strong></span> <span class='ocrx_word' id='word_1_184' title='bbox 2109 1067 2196 1120; x_wconf 85' lang='lat' dir='ltr'><strong>cui</strong></span> <span class='ocrx_word' id='word_1_185' title='bbox 2260 1076 2315 1120; x_wconf 90' lang='lat' dir='ltr'><strong>et</strong></span> <span class='ocrx_word' id='word_1_186' title='bbox 2381 1068 2481 1136; x_wconf 85' lang='lat' dir='ltr'><strong>ipsi</strong></span> <span class='ocrx_word' id='word_1_187' title='bbox 2545 1070 2691 1122; x_wconf 87' lang='lat' dir='ltr'><strong>ratio</strong></span> <span class='ocrx_word' id='word_1_188' title='bbox 2754 1069 3030 1123; x_wconf 87' lang='lat' dir='ltr'><strong>reddenda</strong></span> <span class='ocrx_word' id='word_1_189' title='bbox 3090 1069 3389 1123; x_wconf 87' lang='lat' dir='ltr'><strong>imminet?</strong></span> <span class='ocrx_word' id='word_1_190' title='bbox 3440 1069 3537 1125; x_wconf 83' lang='lat' dir='ltr'><strong>Ille</strong></span> 
     </span>
    </p>
   </div>
   <div class='ocr_carea' id='block_1_28' title="bbox 1958 1158 3537 1227">
    <p class='ocr_par' dir='ltr' id='par_1_28' title="bbox 1958 1158 3537 1227">
     <span class='ocr_line' id='line_1_28' title="bbox 1958 1158 3537 1227; baseline 0.005 -19"><span class='ocrx_word' id='word_1_191' title='bbox 1958 1165 2120 1225; x_wconf 83' lang='lat' dir='ltr'><strong>pavet</strong></span> <span class='ocrx_word' id='word_1_192' title='bbox 2161 1158 2356 1213; x_wconf 82' lang='lat' dir='ltr'><strong>ridens</strong></span> <span class='ocrx_word' id='word_1_193' title='bbox 2408 1160 2673 1226; x_wconf 79' lang='lat' dir='ltr'><strong>hactenus</strong></span> <span class='ocrx_word' id='word_1_194' title='bbox 2724 1176 2835 1214; x_wconf 89' lang='lat' dir='ltr'><strong>non</strong></span> <span class='ocrx_word' id='word_1_195' title='bbox 2890 1161 3048 1227; x_wconf 84' lang='lat' dir='ltr'><strong>visa;</strong></span> <span class='ocrx_word' id='word_1_196' title='bbox 3111 1176 3211 1216; x_wconf 89' lang='lat' dir='ltr'><strong>nec</strong></span> <span class='ocrx_word' id='word_1_197' title='bbox 3252 1172 3308 1215; x_wconf 90' lang='lat' dir='ltr'><strong>tu</strong></span> <span class='ocrx_word' id='word_1_198' title='bbox 3357 1163 3537 1225; x_wconf 78' lang='lat' dir='ltr'><strong>,casti-</strong></span> 
     </span>
    </p>
   </div>
   <div class='ocr_carea' id='block_1_29' title="bbox 1959 1248 3533 1316">
    <p class='ocr_par' dir='ltr' id='par_1_29' title="bbox 1959 1248 3533 1316">
     <span class='ocr_line' id='line_1_29' title="bbox 1959 1248 3533 1316; baseline 0.005 -16"><span class='ocrx_word' id='word_1_199' title='bbox 1959 1248 2135 1316; x_wconf 84' lang='lat' dir='ltr'><strong>gatior</strong></span> <span class='ocrx_word' id='word_1_200' title='bbox 2177 1248 2356 1303; x_wconf 80' lang='lat' dir='ltr'><strong>facms</strong></span> <span class='ocrx_word' id='word_1_201' title='bbox 2426 1252 2586 1306; x_wconf 89' lang='lat' dir='ltr'><strong>times</strong></span> <span class='ocrx_word' id='word_1_202' title='bbox 2641 1260 2695 1306; x_wconf 92' lang='lat' dir='ltr'><strong>et</strong></span> <span class='ocrx_word' id='word_1_203' title='bbox 2742 1252 3133 1308; x_wconf 87' lang='lat' dir='ltr'><strong>contraheris?</strong></span> <span class='ocrx_word' id='word_1_204' title='bbox 3197 1252 3290 1307; x_wconf 90' lang='lat' dir='ltr'><strong>Ille</strong></span> <span class='ocrx_word' id='word_1_205' title='bbox 3361 1256 3533 1308; x_wconf 90' lang='lat' dir='ltr'><strong>mori-</strong></span> 
     </span>
    </p>
   </div>
   <div class='ocr_carea' id='block_1_30' title="bbox 1958 1343 3533 1412">
    <p class='ocr_par' dir='ltr' id='par_1_30' title="bbox 1958 1343 3533 1412">
     <span class='ocr_line' id='line_1_30' title="bbox 1958 1343 3533 1412; baseline 0.006 -22"><span class='ocrx_word' id='word_1_206' title='bbox 1958 1346 2086 1403; x_wconf 88' lang='lat' dir='ltr'><strong>tur;</strong></span> <span class='ocrx_word' id='word_1_207' title='bbox 2123 1347 2177 1393; x_wconf 95' lang='lat' dir='ltr'><strong>et</strong></span> <span class='ocrx_word' id='word_1_208' title='bbox 2244 1348 2299 1393; x_wconf 91' lang='lat' dir='ltr'><strong>tu</strong></span> <span class='ocrx_word' id='word_1_209' title='bbox 2334 1343 2624 1411; x_wconf 86' lang='lat' dir='ltr'><strong>superbis?</strong></span> <span class='ocrx_word' id='word_1_210' title='bbox 2672 1343 2766 1398; x_wconf 91' lang='lat' dir='ltr'><strong>llle</strong></span> <span class='ocrx_word' id='word_1_211' title='bbox 2815 1344 3123 1412; x_wconf 88' lang='lat' dir='ltr'><strong>occumbit;</strong></span> <span class='ocrx_word' id='word_1_212' title='bbox 3180 1353 3233 1399; x_wconf 90' lang='lat' dir='ltr'><strong>et</strong></span> <span class='ocrx_word' id='word_1_213' title='bbox 3285 1354 3340 1398; x_wconf 93' lang='lat' dir='ltr'><strong>tu</strong></span> <span class='ocrx_word' id='word_1_214' title='bbox 3385 1345 3533 1399; x_wconf 84' lang='lat' dir='ltr'><strong>velut</strong></span> 
     </span>
    </p>
   </div>
   <div class='ocr_carea' id='block_1_31' title="bbox 1957 1425 3532 1501">
    <p class='ocr_par' dir='ltr' id='par_1_31' title="bbox 1957 1425 3532 1501">
     <span class='ocr_line' id='line_1_31' title="bbox 1957 1425 3532 1501; baseline 0.006 -22"><span class='ocrx_word' id='word_1_215' title='bbox 1957 1425 2200 1483; x_wconf 79' lang='lat' dir='ltr'><strong>fanatico</strong></span> <span class='ocrx_word' id='word_1_216' title='bbox 2254 1432 2449 1499; x_wconf 89' lang='lat' dir='ltr'><strong>spiritu</strong></span> <span class='ocrx_word' id='word_1_217' title='bbox 2501 1433 2848 1501; x_wconf 81' lang='lat' dir='ltr'><strong>corriperis?</strong></span> <span class='ocrx_word' id='word_1_218' title='bbox 2893 1431 3119 1487; x_wconf 88' lang='lat' dir='ltr'><strong>Sustine</strong></span> <span class='ocrx_word' id='word_1_219' title='bbox 3160 1435 3456 1498; x_wconf 88' lang='lat' dir='ltr'><strong>modicum,</strong></span> <span class='ocrx_word' id='word_1_220' title='bbox 3498 1449 3532 1489; x_wconf 90' lang='lat'><strong>0</strong></span> 
     </span>
    </p>
   </div>
   <div class='ocr_carea' id='block_1_32' title="bbox 1957 1518 3532 1593">
    <p class='ocr_par' dir='ltr' id='par_1_32' title="bbox 1957 1518 3532 1593">
     <span class='ocr_line' id='line_1_32' title="bbox 1957 1518 3532 1593; baseline 0.006 -23"><span class='ocrx_word' id='word_1_221' title='bbox 1957 1518 2143 1574; x_wconf 92' lang='lat' dir='ltr'><strong>homo.</strong></span> <span class='ocrx_word' id='word_1_222' title='bbox 2177 1520 2330 1584; x_wconf 87' lang='lat' dir='ltr'><strong>Sine,</strong></span> <span class='ocrx_word' id='word_1_223' title='bbox 2363 1523 2522 1576; x_wconf 84' lang='lat' dir='ltr'><strong>abeat</strong></span> <span class='ocrx_word' id='word_1_224' title='bbox 2560 1524 2612 1577; x_wconf 92' lang='lat' dir='ltr'><strong>in</strong></span> <span class='ocrx_word' id='word_1_225' title='bbox 2642 1539 2796 1592; x_wconf 83' lang='lat' dir='ltr'><strong>pace,</strong></span> <span class='ocrx_word' id='word_1_226' title='bbox 2836 1540 2944 1593; x_wconf 89' lang='lat' dir='ltr'><strong>quo</strong></span> <span class='ocrx_word' id='word_1_227' title='bbox 2977 1532 3205 1579; x_wconf 78' lang='lat' dir='ltr'><strong>vat-atus</strong></span> <span class='ocrx_word' id='word_1_228' title='bbox 3237 1524 3360 1579; x_wconf 81' lang='lat' dir='ltr'><strong>fuit.</strong></span> <span class='ocrx_word' id='word_1_229' title='bbox 3400 1524 3532 1580; x_wconf 82' lang='lat' dir='ltr'><strong>Sine</strong></span> 
     </span>
    </p>
   </div>
   <div class='ocr_carea' id='block_1_33' title="bbox 1955 1608 3530 1687">
    <p class='ocr_par' dir='ltr' id='par_1_33' title="bbox 1955 1608 3530 1687">
     <span class='ocr_line' id='line_1_33' title="bbox 1955 1608 3530 1687; baseline 0.005 -25"><span class='ocrx_word' id='word_1_230' title='bbox 1955 1608 2176 1664; x_wconf 86' lang='lat' dir='ltr'><strong>incedat</strong></span> <span class='ocrx_word' id='word_1_231' title='bbox 2223 1613 2390 1674; x_wconf 90' lang='lat' dir='ltr'><strong>viam,</strong></span> <span class='ocrx_word' id='word_1_232' title='bbox 2447 1629 2611 1682; x_wconf 86' lang='lat' dir='ltr'><strong>quam</strong></span> <span class='ocrx_word' id='word_1_233' title='bbox 2660 1615 2893 1669; x_wconf 80' lang='lat' dir='ltr'><strong>necdum</strong></span> <span class='ocrx_word' id='word_1_234' title='bbox 2946 1615 3198 1680; x_wconf 90' lang='lat' dir='ltr'><strong>incessit,</strong></span> <span class='ocrx_word' id='word_1_235' title='bbox 3240 1625 3294 1669; x_wconf 89' lang='lat' dir='ltr'><strong>et</strong></span> <span class='ocrx_word' id='word_1_236' title='bbox 3323 1632 3391 1670; x_wconf 78' lang='lat' dir='ltr'><strong>ex</strong></span> <span class='ocrx_word' id='word_1_237' title='bbox 3421 1632 3530 1687; x_wconf 75' lang='lat' dir='ltr'><strong>qua</strong></span> 
     </span>
    </p>
   </div>
   <div class='ocr_carea' id='block_1_34' title="bbox 272 1677 1834 1777">
    <p class='ocr_par' dir='ltr' id='par_1_34' title="bbox 272 1677 1834 1750">
     <span class='ocr_line' id='line_1_34' title="bbox 272 1677 1834 1750; baseline 0.019 -24"><span class='ocrx_word' id='word_1_238' title='bbox 272 1682 352 1744; x_wconf 76' lang='grc' dir='ltr'><strong>εἰς</strong></span> <span class='ocrx_word' id='word_1_239' title='bbox 388 1680 494 1749; x_wconf 83' lang='grc' dir='ltr'><strong>γῆν</strong></span> <span class='ocrx_word' id='word_1_240' title='bbox 550 1679 830 1748; x_wconf 78' lang='grc' dir='ltr'>σκοτεινὴν</span> <span class='ocrx_word' id='word_1_241' title='bbox 879 1680 972 1730; x_wconf 69' lang='grc' dir='ltr'>καὶ</span> <span class='ocrx_word' id='word_1_242' title='bbox 1003 1677 1299 1748; x_wconf 80' lang='grc' dir='ltr'>γνοφεράν.</span> <span class='ocrx_word' id='word_1_243' title='bbox 1329 1681 1408 1737; x_wconf 69' lang='grc' dir='ltr'>εἷς</span> <span class='ocrx_word' id='word_1_244' title='bbox 1457 1680 1562 1750; x_wconf 81' lang='grc' dir='ltr'><strong>γῆν</strong></span> <span class='ocrx_word' id='word_1_245' title='bbox 1626 1684 1834 1748; x_wconf 66' lang='grc' dir='ltr'>σκότθυε</span> 
     </span>
    </p>
   </div>
   <div class='ocr_carea' id='block_1_35' title="bbox 1941 1677 3531 1777">
    <p class='ocr_par' dir='ltr' id='par_1_35' title="bbox 1954 1716 3531 1777">
     <span class='ocr_line' id='line_1_35' title="bbox 1954 1716 3531 1777; baseline 0.005 -24"><span class='ocrx_word' id='word_1_246' title='bbox 1954 1716 2234 1769; x_wconf 82' lang='lat' dir='ltr'><strong>nunquam</strong></span> <span class='ocrx_word' id='word_1_247' title='bbox 2286 1719 2642 1772; x_wconf 80' lang='lat' dir='ltr'><strong>regressurus</strong></span> <span class='ocrx_word' id='word_1_248' title='bbox 2685 1716 2798 1769; x_wconf 90' lang='lat' dir='ltr'><strong>est;</strong></span> <span class='ocrx_word' id='word_1_249' title='bbox 2855 1718 3154 1775; x_wconf 84' lang='lat' dir='ltr'><strong>quamque&#39;</strong></span> <span class='ocrx_word' id='word_1_250' title='bbox 3189 1722 3384 1763; x_wconf 90' lang='lat' dir='ltr'><strong>omnes</strong></span> <span class='ocrx_word' id='word_1_251' title='bbox 3438 1724 3531 1777; x_wconf 84' lang='lat' dir='ltr'><strong>pa-</strong></span> 
     </span>
    </p>
   </div>
   <div class='ocr_carea' id='block_1_36' title="bbox 271 1764 1844 1842">
    <p class='ocr_par' dir='ltr' id='par_1_36' title="bbox 271 1764 1844 1842">
     <span class='ocr_line' id='line_1_36' title="bbox 271 1764 1844 1842; baseline 0.001 -16"><span class='ocrx_word' id='word_1_252' title='bbox 271 1772 510 1836; x_wconf 84' lang='grc' dir='ltr'>αίωνίου,</span> <span class='ocrx_word' id='word_1_253' title='bbox 542 1764 601 1822; x_wconf 80' lang='grc' dir='ltr'>οὗ</span> <span class='ocrx_word' id='word_1_254' title='bbox 630 1770 729 1821; x_wconf 77' lang='grc' dir='ltr'><strong>οὐκ</strong></span> <span class='ocrx_word' id='word_1_255' title='bbox 755 1769 871 1822; x_wconf 75' lang='grc' dir='ltr'>ἔστι</span> <span class='ocrx_word' id='word_1_256' title='bbox 896 1768 1120 1836; x_wconf 72' lang='grc' dir='ltr'>φέγγος,</span> <span class='ocrx_word' id='word_1_257' title='bbox 1145 1769 1265 1821; x_wconf 71' lang='grc' dir='ltr'>οὐδὲ</span> <span class='ocrx_word' id='word_1_258' title='bbox 1282 1772 1413 1840; x_wconf 83' lang='grc' dir='ltr'>ὁρᾷν</span> <span class='ocrx_word' id='word_1_259' title='bbox 1442 1770 1585 1840; x_wconf 80' lang='grc' dir='ltr'>ζωὴν</span> <span class='ocrx_word' id='word_1_260' title='bbox 1616 1773 1844 1842; x_wconf 84' lang='grc' dir='ltr'>βροτῶν.</span> 
     </span>
    </p>
   </div>
   <div class='ocr_carea' id='block_1_37' title="bbox 272 1860 1847 1941">
    <p class='ocr_par' dir='ltr' id='par_1_37' title="bbox 272 1860 1847 1941">
     <span class='ocr_line' id='line_1_37' title="bbox 272 1860 1847 1941; baseline 0.003 -21"><span class='ocrx_word' id='word_1_261' title='bbox 272 1867 442 1920; x_wconf 84' lang='grc' dir='ltr'>Ἐνθα</span> <span class='ocrx_word' id='word_1_262' title='bbox 494 1865 587 1919; x_wconf 77' lang='grc' dir='ltr'><strong>καὶ</strong></span> <span class='ocrx_word' id='word_1_263' title='bbox 636 1866 782 1933; x_wconf 75' lang='grc' dir='ltr'>ἡμᾶς</span> <span class='ocrx_word' id='word_1_264' title='bbox 860 1860 1001 1916; x_wconf 69' lang='grc' dir='ltr'>εἶναι</span> <span class='ocrx_word' id='word_1_265' title='bbox 1051 1864 1134 1916; x_wconf 85' lang='grc' dir='ltr'><strong>δεῖ</strong></span> <span class='ocrx_word' id='word_1_266' title='bbox 1190 1866 1428 1929; x_wconf 81' lang='grc' dir='ltr'>πάντως,</span> <span class='ocrx_word' id='word_1_267' title='bbox 1485 1868 1581 1920; x_wconf 75' lang='grc' dir='ltr'>καὶ</span> <span class='ocrx_word' id='word_1_268' title='bbox 1643 1869 1847 1941; x_wconf 82' lang='grc' dir='ltr'>ταύτης</span> 
     </span>
    </p>
   </div>
   <div class='ocr_carea' id='block_1_38' title="bbox 267 1955 1839 2029">
    <p class='ocr_par' dir='ltr' id='par_1_38' title="bbox 267 1955 1839 2029">
     <span class='ocr_line' id='line_1_38' title="bbox 267 1955 1839 2029; baseline 0.003 -18"><span class='ocrx_word' id='word_1_269' title='bbox 267 1961 461 2029; x_wconf 84' lang='grc' dir='ltr'>πεῖραν</span> <span class='ocrx_word' id='word_1_270' title='bbox 513 1957 696 2009; x_wconf 75' lang='grc' dir='ltr'>λαϐεῖν</span> <span class='ocrx_word' id='word_1_271' title='bbox 739 1996 754 2021; x_wconf 90' lang='grc'><strong>,</strong></span> <span class='ocrx_word' id='word_1_272' title='bbox 804 1955 1003 2026; x_wconf 85' lang='grc' dir='ltr'>ὁμοίως</span> <span class='ocrx_word' id='word_1_273' title='bbox 1053 1956 1165 2018; x_wconf 85' lang='grc' dir='ltr'>τοῖς</span> <span class='ocrx_word' id='word_1_274' title='bbox 1194 1973 1212 2006; x_wconf 76' lang='grc' dir='ltr'><strong>ι</strong></span> <span class='ocrx_word' id='word_1_275' title='bbox 1247 1958 1327 2020; x_wconf 88' lang='grc' dir='ltr'><strong>είς</strong></span> <span class='ocrx_word' id='word_1_276' title='bbox 1365 1959 1466 2027; x_wconf 75' lang='grc' dir='ltr'>γῆν</span> <span class='ocrx_word' id='word_1_277' title='bbox 1519 1959 1774 2029; x_wconf 80' lang='grc' dir='ltr'>χώματος</span> <span class='ocrx_word' id='word_1_278' title='bbox 1820 1982 1839 2015; x_wconf 73' lang='grc' dir='ltr'><strong>ι</strong></span> 
     </span>
    </p>
   </div>
   <div class='ocr_carea' id='block_1_39' title="bbox 267 2048 710 2102">
    <p class='ocr_par' dir='ltr' id='par_1_39' title="bbox 267 2048 710 2102">
     <span class='ocr_line' id='line_1_39' title="bbox 267 2048 710 2102; baseline -0.002 0"><span class='ocrx_word' id='word_1_279' title='bbox 267 2048 710 2102; x_wconf 77' lang='grc' dir='ltr'>καταϐαίνουσιν.</span> 
     </span>
    </p>
   </div>
   <div class='ocr_carea' id='block_1_40' title="bbox 1954 1792 3533 1867">
    <p class='ocr_par' dir='ltr' id='par_1_40' title="bbox 1954 1792 3533 1867">
     <span class='ocr_line' id='line_1_40' title="bbox 1954 1792 3533 1867; baseline 0.006 -24"><span class='ocrx_word' id='word_1_280' title='bbox 1954 1792 2126 1855; x_wconf 87' lang='lat' dir='ltr'><strong>riter,</strong></span> <span class='ocrx_word' id='word_1_281' title='bbox 2167 1809 2483 1862; x_wconf 85' lang='lat' dir='ltr'><strong>quanquam</strong></span> <span class='ocrx_word' id='word_1_282' title='bbox 2522 1796 2573 1847; x_wconf 92' lang='lat' dir='ltr'><strong>hi</strong></span> <span class='ocrx_word' id='word_1_283' title='bbox 2604 1796 2816 1859; x_wconf 85' lang='lat' dir='ltr'><strong>statim,</strong></span> <span class='ocrx_word' id='word_1_284' title='bbox 2868 1797 2970 1861; x_wconf 91' lang='lat' dir='ltr'><strong>illi,</strong></span> <span class='ocrx_word' id='word_1_285' title='bbox 3010 1798 3155 1852; x_wconf 81' lang='lat' dir='ltr'><strong>brevi</strong></span> <span class='ocrx_word' id='word_1_286' title='bbox 3201 1806 3346 1867; x_wconf 82' lang='lat' dir='ltr'><strong>post,</strong></span> <span class='ocrx_word' id='word_1_287' title='bbox 3382 1799 3533 1853; x_wconf 87' lang='lat' dir='ltr'><strong>ince-</strong></span> 
     </span>
    </p>
   </div>
   <div class='ocr_carea' id='block_1_41' title="bbox 1954 1880 3531 1958">
    <p class='ocr_par' dir='ltr' id='par_1_41' title="bbox 1954 1880 3531 1958">
     <span class='ocr_line' id='line_1_41' title="bbox 1954 1880 3531 1958; baseline 0.006 -25"><span class='ocrx_word' id='word_1_288' title='bbox 1954 1880 2084 1936; x_wconf 87' lang='lat' dir='ltr'><strong>dere</strong></span> <span class='ocrx_word' id='word_1_289' title='bbox 2119 1882 2415 1938; x_wconf 86' lang='lat' dir='ltr'><strong>habemus:</strong></span> <span class='ocrx_word' id='word_1_290' title='bbox 2453 1886 2519 1937; x_wconf 88' lang='lat' dir='ltr'><strong>ad</strong></span> <span class='ocrx_word' id='word_1_291' title='bbox 2552 1892 2754 1957; x_wconf 72' lang='lat' dir='ltr'><strong>terram</strong></span> <span class='ocrx_word' id='word_1_292' title='bbox 2790 1887 3135 1940; x_wconf 85' lang='lat' dir='ltr'><strong>tenebrosam</strong></span> <span class='ocrx_word' id='word_1_293' title='bbox 3169 1898 3224 1941; x_wconf 86' lang='lat' dir='ltr'><strong>et</strong></span> <span class='ocrx_word' id='word_1_294' title='bbox 3262 1889 3531 1958; x_wconf 83' lang='lat' dir='ltr'><strong>caligino-</strong></span> 
     </span>
    </p>
   </div>
   <div class='ocr_carea' id='block_1_42' title="bbox 1950 1976 3530 2045">
    <p class='ocr_par' dir='ltr' id='par_1_42' title="bbox 1950 1976 3530 2045">
     <span class='ocr_line' id='line_1_42' title="bbox 1950 1976 3530 2045; baseline 0.006 -20"><span class='ocrx_word' id='word_1_295' title='bbox 1950 1986 2069 2025; x_wconf 88' lang='lat' dir='ltr'><strong>sam</strong></span> <span class='ocrx_word' id='word_1_296' title='bbox 2094 2014 2108 2038; x_wconf 91' lang='lat'><strong>,</strong></span> <span class='ocrx_word' id='word_1_297' title='bbox 2138 1983 2339 2027; x_wconf 89' lang='lat' dir='ltr'><strong>terram</strong></span> <span class='ocrx_word' id='word_1_298' title='bbox 2369 1976 2828 2045; x_wconf 88' lang='lat' dir='ltr'><strong>sempiternarum</strong></span> <span class='ocrx_word' id='word_1_299' title='bbox 2874 1978 3251 2043; x_wconf 88' lang='lat' dir='ltr'><strong>tenebrarum,</strong></span> <span class='ocrx_word' id='word_1_300' title='bbox 3293 1979 3384 2034; x_wconf 88' lang='lat' dir='ltr'><strong>ubi</strong></span> <span class='ocrx_word' id='word_1_301' title='bbox 3422 1996 3530 2035; x_wconf 88' lang='lat' dir='ltr'><strong>non</strong></span> 
     </span>
    </p>
   </div>
   <div class='ocr_carea' id='block_1_43' title="bbox 1948 2065 3528 2137">
    <p class='ocr_par' dir='ltr' id='par_1_43' title="bbox 1948 2065 3528 2137">
     <span class='ocr_line' id='line_1_43' title="bbox 1948 2065 3528 2137; baseline 0.007 -22"><span class='ocrx_word' id='word_1_302' title='bbox 1948 2070 2030 2117; x_wconf 89' lang='lat' dir='ltr'><strong>est</strong></span> <span class='ocrx_word' id='word_1_303' title='bbox 2064 2065 2348 2131; x_wconf 85' lang='lat' dir='ltr'><strong>splendor,</strong></span> <span class='ocrx_word' id='word_1_304' title='bbox 2391 2082 2491 2120; x_wconf 87' lang='lat' dir='ltr'><strong>nec</strong></span> <span class='ocrx_word' id='word_1_305' title='bbox 2524 2076 2609 2121; x_wconf 90' lang='lat' dir='ltr'><strong>est</strong></span> <span class='ocrx_word' id='word_1_306' title='bbox 2655 2068 2840 2122; x_wconf 84' lang='lat' dir='ltr'><strong>videre</strong></span> <span class='ocrx_word' id='word_1_307' title='bbox 2874 2068 3044 2121; x_wconf 87' lang='lat' dir='ltr'><strong>vitam</strong></span> <span class='ocrx_word' id='word_1_308' title='bbox 3079 2072 3435 2137; x_wconf 85' lang='lat' dir='ltr'><strong>mortalium;</strong></span> <span class='ocrx_word' id='word_1_309' title='bbox 3472 2072 3528 2126; x_wconf 91' lang='lat' dir='ltr'><strong>in</strong></span> 
     </span>
    </p>
   </div>
   <div class='ocr_carea' id='block_1_44' title="bbox 263 2137 3529 2228">
    <p class='ocr_par' dir='ltr' id='par_1_44' title="bbox 263 2137 3529 2228">
     <span class='ocr_line' id='line_1_44' title="bbox 263 2137 3529 2228; baseline 0.008 -36"><span class='ocrx_word' id='word_1_310' title='bbox 263 2156 370 2209; x_wconf 81' lang='lat' dir='ltr'><strong>qua</strong></span> <span class='ocrx_word' id='word_1_311' title='bbox 396 2152 448 2194; x_wconf 92' lang='lat' dir='ltr'><strong>et</strong></span> <span class='ocrx_word' id='word_1_312' title='bbox 480 2156 578 2193; x_wconf 89' lang='lat' dir='ltr'><strong>nos</strong></span> <span class='ocrx_word' id='word_1_313' title='bbox 627 2137 851 2191; x_wconf 83' lang='lat' dir='ltr'><strong>omnino</strong></span> <span class='ocrx_word' id='word_1_314' title='bbox 890 2146 1144 2208; x_wconf 78' lang='lat' dir='ltr'><strong>oportet</strong></span> <span class='ocrx_word' id='word_1_315' title='bbox 1197 2152 1342 2204; x_wconf 87' lang='lat' dir='ltr'><strong>esse,</strong></span> <span class='ocrx_word' id='word_1_316' title='bbox 1401 2141 1630 2209; x_wconf 79' lang='lat' dir='ltr'><strong>ejusque</strong></span> <span class='ocrx_word' id='word_1_317' title='bbox 1695 2143 1999 2211; x_wconf 88' lang='lat' dir='ltr'><strong>periculum</strong></span> <span class='ocrx_word' id='word_1_318' title='bbox 2055 2154 2253 2220; x_wconf 82' lang='lat' dir='ltr'><strong>facere,</strong></span> <span class='ocrx_word' id='word_1_319' title='bbox 2309 2157 2478 2210; x_wconf 87' lang='lat' dir='ltr'><strong>simili</strong></span> <span class='ocrx_word' id='word_1_320' title='bbox 2546 2157 2613 2210; x_wconf 89' lang='lat' dir='ltr'><strong>iis</strong></span> <span class='ocrx_word' id='word_1_321' title='bbox 2685 2159 2919 2223; x_wconf 80' lang='lat' dir='ltr'><strong>ratione,</strong></span> <span class='ocrx_word' id='word_1_322' title='bbox 2968 2161 3061 2228; x_wconf 87' lang='lat' dir='ltr'><strong>qui</strong></span> <span class='ocrx_word' id='word_1_323' title='bbox 3119 2160 3529 2218; x_wconf 86' lang='lat' dir='ltr'><strong>descenderunt</strong></span> 
     </span>
    </p>
   </div>
   <div class='ocr_carea' id='block_1_45' title="bbox 269 2231 992 2300">
    <p class='ocr_par' dir='ltr' id='par_1_45' title="bbox 269 2231 992 2300">
     <span class='ocr_line' id='line_1_45' title="bbox 269 2231 992 2300; baseline -0.006 -17"><span class='ocrx_word' id='word_1_324' title='bbox 269 2250 287 2283; x_wconf 80' lang='grc' dir='ltr'><strong>ι</strong></span> <span class='ocrx_word' id='word_1_325' title='bbox 328 2233 379 2285; x_wconf 91' lang='lat' dir='ltr'><strong>in</strong></span> <span class='ocrx_word' id='word_1_326' title='bbox 414 2240 617 2284; x_wconf 82' lang='lat' dir='ltr'><strong>terram</strong></span> <span class='ocrx_word' id='word_1_327' title='bbox 662 2231 873 2300; x_wconf 78' lang='lat' dir='ltr'><strong>aggeris</strong></span> <span class='ocrx_word' id='word_1_328' title='bbox 896 2240 992 2285; x_wconf 77' lang='grc' dir='ltr'>ιιι.»</span> 
     </span>
    </p>
   </div>
   <div class='ocr_carea' id='block_1_46' title="bbox 344 2322 1840 2396">
    <p class='ocr_par' dir='ltr' id='par_1_46' title="bbox 344 2322 1840 2396">
     <span class='ocr_line' id='line_1_46' title="bbox 344 2322 1840 2396; baseline 0.002 -20"><span class='ocrx_word' id='word_1_329' title='bbox 344 2323 483 2377; x_wconf 68' lang='grc' dir='ltr'>Ἀλλ’</span> <span class='ocrx_word' id='word_1_330' title='bbox 514 2324 661 2393; x_wconf 80' lang='grc' dir='ltr'>ἐρεῖς</span> <span class='ocrx_word' id='word_1_331' title='bbox 710 2340 800 2391; x_wconf 82' lang='grc' dir='ltr'><strong>μοι</strong></span> <span class='ocrx_word' id='word_1_332' title='bbox 858 2323 1001 2391; x_wconf 87' lang='grc' dir='ltr'>τάχα</span> <span class='ocrx_word' id='word_1_333' title='bbox 1046 2322 1250 2375; x_wconf 86' lang='grc' dir='ltr'>τούτων</span> <span class='ocrx_word' id='word_1_334' title='bbox 1282 2324 1516 2387; x_wconf 85' lang='grc' dir='ltr'>ἀκούων,</span> <span class='ocrx_word' id='word_1_335' title='bbox 1573 2325 1840 2396; x_wconf 75' lang='grc' dir='ltr'>ἀγαπητέ.</span> 
     </span>
    </p>
   </div>
   <div class='ocr_carea' id='block_1_47' title="bbox 263 2412 1842 2485">
    <p class='ocr_par' dir='ltr' id='par_1_47' title="bbox 263 2412 1842 2485">
     <span class='ocr_line' id='line_1_47' title="bbox 263 2412 1842 2485; baseline 0.001 -16"><span class='ocrx_word' id='word_1_336' title='bbox 263 2417 327 2469; x_wconf 85' lang='grc' dir='ltr'>Τί</span> <span class='ocrx_word' id='word_1_337' title='bbox 362 2412 485 2481; x_wconf 82' lang='grc' dir='ltr'>οὖν;</span> <span class='ocrx_word' id='word_1_338' title='bbox 521 2416 619 2468; x_wconf 79' lang='grc' dir='ltr'><strong>Διὰ</strong></span> <span class='ocrx_word' id='word_1_339' title='bbox 670 2414 829 2467; x_wconf 80' lang='grc' dir='ltr'>τοῦτο</span> <span class='ocrx_word' id='word_1_340' title='bbox 886 2416 945 2467; x_wconf 76' lang='grc' dir='ltr'><strong>οὐ</strong></span> <span class='ocrx_word' id='word_1_341' title='bbox 980 2415 1062 2467; x_wconf 86' lang='grc' dir='ltr'><strong>δεῖ</strong></span> <span class='ocrx_word' id='word_1_342' title='bbox 1088 2415 1312 2479; x_wconf 85' lang='grc' dir='ltr'>κλαίειν,</span> <span class='ocrx_word' id='word_1_343' title='bbox 1357 2416 1440 2468; x_wconf 85' lang='grc' dir='ltr'>ὅτι</span> <span class='ocrx_word' id='word_1_344' title='bbox 1468 2419 1560 2484; x_wconf 75' lang='grc' dir='ltr'>γῆ,</span> <span class='ocrx_word' id='word_1_345' title='bbox 1598 2418 1694 2469; x_wconf 78' lang='grc' dir='ltr'>καὶ</span> <span class='ocrx_word' id='word_1_346' title='bbox 1718 2435 1842 2485; x_wconf 69' lang='grc' dir='ltr'>γνοο</span> 
     </span>
    </p>
   </div>
   <div class='ocr_carea' id='block_1_48' title="bbox 264 2506 1844 2577">
    <p class='ocr_par' dir='ltr' id='par_1_48' title="bbox 264 2506 1844 2577">
     <span class='ocr_line' id='line_1_48' title="bbox 264 2506 1844 2577; baseline -0.001 -15"><span class='ocrx_word' id='word_1_347' title='bbox 264 2507 452 2577; x_wconf 71' lang='grc' dir='ltr'>φώδης</span> <span class='ocrx_word' id='word_1_348' title='bbox 482 2507 574 2559; x_wconf 84' lang='grc' dir='ltr'><strong>τὸν</strong></span> <span class='ocrx_word' id='word_1_349' title='bbox 607 2506 949 2576; x_wconf 81' lang='grc' dir='ltr'>προλαϐόντα</span> <span class='ocrx_word' id='word_1_350' title='bbox 995 2506 1296 2575; x_wconf 80' lang='grc' dir='ltr'>διαδέχεται</span> <span class='ocrx_word' id='word_1_351' title='bbox 1328 2506 1501 2575; x_wconf 88' lang='grc' dir='ltr'>χῶρος</span> <span class='ocrx_word' id='word_1_352' title='bbox 1528 2523 1543 2572; x_wconf 91' lang='grc'><strong>;</strong></span> <span class='ocrx_word' id='word_1_353' title='bbox 1580 2508 1686 2560; x_wconf 81' lang='grc' dir='ltr'>Καὶ</span> <span class='ocrx_word' id='word_1_354' title='bbox 1725 2510 1844 2573; x_wconf 84' lang='grc' dir='ltr'><strong>πῶς</strong></span> 
     </span>
    </p>
   </div>
   <div class='ocr_carea' id='block_1_49' title="bbox 204 2598 1842 2671">
    <p class='ocr_par' dir='ltr' id='par_1_49' title="bbox 204 2598 1842 2671">
     <span class='ocr_line' id='line_1_49' title="bbox 204 2598 1842 2671; baseline 0.002 -19"><span class='ocrx_word' id='word_1_355' title='bbox 204 2654 208 2658; x_wconf 67' lang='grc'><strong>,</strong></span> <span class='ocrx_word' id='word_1_356' title='bbox 262 2601 336 2671; x_wconf 87' lang='grc' dir='ltr'>μὴ</span> <span class='ocrx_word' id='word_1_357' title='bbox 365 2601 623 2671; x_wconf 80' lang='grc' dir='ltr'><strong>θρηνήσω</strong></span> <span class='ocrx_word' id='word_1_358' title='bbox 659 2599 884 2661; x_wconf 82' lang='grc' dir='ltr'>δικαίως</span> <span class='ocrx_word' id='word_1_359' title='bbox 943 2598 1037 2651; x_wconf 79' lang='grc' dir='ltr'><strong>τὸν</strong></span> <span class='ocrx_word' id='word_1_360' title='bbox 1076 2599 1154 2660; x_wconf 86' lang='grc' dir='ltr'><strong>είς</strong></span> <span class='ocrx_word' id='word_1_361' title='bbox 1211 2598 1468 2667; x_wconf 69' lang='grc' dir='ltr'>τοιαύτην</span> <span class='ocrx_word' id='word_1_362' title='bbox 1494 2598 1842 2667; x_wconf 79' lang='grc' dir='ltr'>ἀπαγόμενον</span> 
     </span>
    </p>
   </div>
   <div class='ocr_carea' id='block_1_50' title="bbox 257 2688 1838 2764">
    <p class='ocr_par' dir='ltr' id='par_1_50' title="bbox 257 2688 1838 2764">
     <span class='ocr_line' id='line_1_50' title="bbox 257 2688 1838 2764; baseline -0.003 -18"><span class='ocrx_word' id='word_1_363' title='bbox 257 2695 393 2764; x_wconf 84' lang='grc' dir='ltr'>γῆν;</span> <span class='ocrx_word' id='word_1_364' title='bbox 425 2694 577 2763; x_wconf 77' lang='grc' dir='ltr'>εἴπερ</span> <span class='ocrx_word' id='word_1_365' title='bbox 599 2692 703 2761; x_wconf 79' lang='grc' dir='ltr'>’γῆν</span> <span class='ocrx_word' id='word_1_366' title='bbox 754 2691 872 2744; x_wconf 80' lang='grc' dir='ltr'>δέον</span> <span class='ocrx_word' id='word_1_367' title='bbox 930 2692 1089 2752; x_wconf 89' lang='grc' dir='ltr'>νοεῖν,</span> <span class='ocrx_word' id='word_1_368' title='bbox 1127 2688 1228 2760; x_wconf 84' lang='grc' dir='ltr'><strong>τὴν</strong></span> <span class='ocrx_word' id='word_1_369' title='bbox 1271 2688 1526 2758; x_wconf 81' lang='grc' dir='ltr'>τοιαύτην</span> <span class='ocrx_word' id='word_1_370' title='bbox 1563 2691 1838 2743; x_wconf 80' lang='grc' dir='ltr'>κατάστα-</span> 
     </span>
    </p>
   </div>
   <div class='ocr_carea' id='block_1_51' title="bbox 259 2778 1840 2851">
    <p class='ocr_par' dir='ltr' id='par_1_51' title="bbox 259 2778 1840 2851">
     <span class='ocr_line' id='line_1_51' title="bbox 259 2778 1840 2851; baseline -0.002 -14"><span class='ocrx_word' id='word_1_371' title='bbox 259 2802 364 2837; x_wconf 87' lang='grc' dir='ltr'>σιν.</span> <span class='ocrx_word' id='word_1_372' title='bbox 394 2784 515 2847; x_wconf 86' lang='grc' dir='ltr'>Πῶς</span> <span class='ocrx_word' id='word_1_373' title='bbox 541 2784 641 2835; x_wconf 83' lang='grc' dir='ltr'><strong>οὐκ</strong></span> <span class='ocrx_word' id='word_1_374' title='bbox 663 2781 881 2851; x_wconf 80' lang='grc' dir='ltr'>οἰμώξω</span> <span class='ocrx_word' id='word_1_375' title='bbox 912 2781 1007 2833; x_wconf 74' lang='grc' dir='ltr'>καὶ</span> <span class='ocrx_word' id='word_1_376' title='bbox 1031 2778 1372 2848; x_wconf 80' lang='grc' dir='ltr'>ὀλολύξομαι,</span> <span class='ocrx_word' id='word_1_377' title='bbox 1406 2780 1592 2842; x_wconf 80' lang='grc' dir='ltr'>σκότος</span> <span class='ocrx_word' id='word_1_378' title='bbox 1627 2781 1840 2834; x_wconf 84' lang='grc' dir='ltr'>ἀκούων</span> 
     </span>
    </p>
   </div>
   <div class='ocr_carea' id='block_1_52' title="bbox 254 2870 1839 2944">
    <p class='ocr_par' dir='ltr' id='par_1_52' title="bbox 254 2870 1839 2944">
     <span class='ocr_line' id='line_1_52' title="bbox 254 2870 1839 2944; baseline -0.002 -15"><span class='ocrx_word' id='word_1_379' title='bbox 254 2877 469 2944; x_wconf 75' lang='grc' dir='ltr'>οἴκησιν</span> <span class='ocrx_word' id='word_1_380' title='bbox 501 2874 595 2927; x_wconf 77' lang='grc' dir='ltr'><strong>καὶ</strong></span> <span class='ocrx_word' id='word_1_381' title='bbox 630 2873 1006 2935; x_wconf 85' lang='grc' dir='ltr'>κατάπαυσιν;</span> <span class='ocrx_word' id='word_1_382' title='bbox 1057 2870 1148 2933; x_wconf 83' lang='grc' dir='ltr'>Μὴ</span> <span class='ocrx_word' id='word_1_383' title='bbox 1179 2872 1307 2941; x_wconf 72' lang='grc' dir='ltr'>γὰρ,</span> <span class='ocrx_word' id='word_1_384' title='bbox 1361 2870 1568 2940; x_wconf 86' lang='grc' dir='ltr'>λιθίνην</span> <span class='ocrx_word' id='word_1_385' title='bbox 1604 2870 1710 2941; x_wconf 81' lang='grc' dir='ltr'><strong>ἔχω</strong></span> <span class='ocrx_word' id='word_1_386' title='bbox 1741 2874 1839 2942; x_wconf 83' lang='grc' dir='ltr'><strong>τὴν</strong></span> 
     </span>
    </p>
   </div>
   <div class='ocr_carea' id='block_1_53' title="bbox 253 2962 1836 3039">
    <p class='ocr_par' dir='ltr' id='par_1_53' title="bbox 253 2962 1836 3039">
     <span class='ocr_line' id='line_1_53' title="bbox 253 2962 1836 3039; baseline -0.005 -17"><span class='ocrx_word' id='word_1_387' title='bbox 253 2968 482 3039; x_wconf 86' lang='grc' dir='ltr'>καρδίαν</span> <span class='ocrx_word' id='word_1_388' title='bbox 511 2966 642 3034; x_wconf 78' lang='grc' dir='ltr'>ἐγὼ,</span> <span class='ocrx_word' id='word_1_389' title='bbox 672 2966 746 3028; x_wconf 79' lang='grc' dir='ltr'>ὡς</span> <span class='ocrx_word' id='word_1_390' title='bbox 765 2964 970 3020; x_wconf 88' lang='grc' dir='ltr'>τούτων</span> <span class='ocrx_word' id='word_1_391' title='bbox 999 2964 1213 3017; x_wconf 87' lang='grc' dir='ltr'>ἀκούων</span> <span class='ocrx_word' id='word_1_392' title='bbox 1239 2965 1313 3035; x_wconf 83' lang='grc' dir='ltr'>μὴ</span> <span class='ocrx_word' id='word_1_393' title='bbox 1345 2962 1564 3033; x_wconf 86' lang='grc' dir='ltr'>θρηνεῖν</span> <span class='ocrx_word' id='word_1_394' title='bbox 1589 2979 1603 3027; x_wconf 90' lang='grc'><strong>;</strong></span> <span class='ocrx_word' id='word_1_395' title='bbox 1638 2965 1700 3015; x_wconf 76' lang='lat' dir='ltr'><strong>El</strong></span> <span class='ocrx_word' id='word_1_396' title='bbox 1728 2964 1836 3035; x_wconf 82' lang='grc' dir='ltr'>γὰρ</span> 
     </span>
    </p>
   </div>
   <div class='ocr_carea' id='block_1_54' title="bbox 2039 2327 3526 2395">
    <p class='ocr_par' dir='ltr' id='par_1_54' title="bbox 2039 2327 3526 2395">
     <span class='ocr_line' id='line_1_54' title="bbox 2039 2327 3526 2395; baseline 0 -11"><span class='ocrx_word' id='word_1_397' title='bbox 2039 2329 2144 2384; x_wconf 77' lang='lat' dir='ltr'><strong>Sed</strong></span> <span class='ocrx_word' id='word_1_398' title='bbox 2174 2328 2359 2383; x_wconf 80' lang='lat' dir='ltr'><strong>forsan</strong></span> <span class='ocrx_word' id='word_1_399' title='bbox 2423 2328 2722 2383; x_wconf 82' lang='lat' dir='ltr'><strong>dicashaec</strong></span> <span class='ocrx_word' id='word_1_400' title='bbox 2784 2327 3328 2393; x_wconf 35' lang='lat' dir='ltr'><strong>audiens,,dileete:</strong></span> <span class='ocrx_word' id='word_1_401' title='bbox 3383 2330 3526 2395; x_wconf 79' lang='lat' dir='ltr'><strong>Quid</strong></span> 
     </span>
    </p>
   </div>
   <div class='ocr_carea' id='block_1_55' title="bbox 1951 2416 3524 2486">
    <p class='ocr_par' dir='ltr' id='par_1_55' title="bbox 1951 2416 3524 2486">
     <span class='ocr_line' id='line_1_55' title="bbox 1951 2416 3524 2486; baseline 0.002 -14"><span class='ocrx_word' id='word_1_402' title='bbox 1951 2421 2122 2475; x_wconf 84' lang='lat' dir='ltr'><strong>vero?</strong></span> <span class='ocrx_word' id='word_1_403' title='bbox 2169 2420 2362 2474; x_wconf 87' lang='lat' dir='ltr'><strong>Nonne</strong></span> <span class='ocrx_word' id='word_1_404' title='bbox 2390 2419 2512 2473; x_wconf 90' lang='lat' dir='ltr'><strong>ideo</strong></span> <span class='ocrx_word' id='word_1_405' title='bbox 2568 2416 2808 2474; x_wconf 82' lang='lat' dir='ltr'><strong>ﬂendum</strong></span> <span class='ocrx_word' id='word_1_406' title='bbox 2869 2427 2983 2484; x_wconf 87' lang='lat' dir='ltr'><strong>est,</strong></span> <span class='ocrx_word' id='word_1_407' title='bbox 3052 2419 3198 2486; x_wconf 90' lang='lat' dir='ltr'><strong>quod</strong></span> <span class='ocrx_word' id='word_1_408' title='bbox 3242 2420 3317 2475; x_wconf 87' lang='lat' dir='ltr'><strong>sit</strong></span> <span class='ocrx_word' id='word_1_409' title='bbox 3375 2431 3524 2475; x_wconf 87' lang='lat' dir='ltr'><strong>terra</strong></span> 
     </span>
    </p>
   </div>
   <div class='ocr_carea' id='block_1_56' title="bbox 1951 2509 3523 2579">
    <p class='ocr_par' dir='ltr' id='par_1_56' title="bbox 1951 2509 3523 2579">
     <span class='ocr_line' id='line_1_56' title="bbox 1951 2509 3523 2579; baseline -0.001 -15"><span class='ocrx_word' id='word_1_410' title='bbox 1951 2512 2281 2576; x_wconf 85' lang='lat' dir='ltr'><strong>tenebrosa,</strong></span> <span class='ocrx_word' id='word_1_411' title='bbox 2352 2510 2609 2579; x_wconf 85' lang='lat' dir='ltr'><strong>quodque</strong></span> <span class='ocrx_word' id='word_1_412' title='bbox 2700 2509 2853 2563; x_wconf 87' lang='lat' dir='ltr'><strong>locus</strong></span> <span class='ocrx_word' id='word_1_413' title='bbox 2915 2509 3259 2577; x_wconf 87' lang='lat' dir='ltr'><strong>caliginosus</strong></span> <span class='ocrx_word' id='word_1_414' title='bbox 3342 2512 3523 2567; x_wconf 54' lang='lat' dir='ltr'><strong>susci.</strong></span> 
     </span>
    </p>
   </div>
   <div class='ocr_carea' id='block_1_57' title="bbox 1947 2599 3521 2670">
    <p class='ocr_par' dir='ltr' id='par_1_57' title="bbox 1947 2599 3521 2670">
     <span class='ocr_line' id='line_1_57' title="bbox 1947 2599 3521 2670; baseline 0 -16"><span class='ocrx_word' id='word_1_415' title='bbox 1947 2602 2061 2670; x_wconf 79' lang='lat' dir='ltr'><strong>piat.</strong></span> <span class='ocrx_word' id='word_1_416' title='bbox 2112 2600 2470 2654; x_wconf 82' lang='lat' dir='ltr'><strong>defunctum?</strong></span> <span class='ocrx_word' id='word_1_417' title='bbox 2516 2599 2617 2664; x_wconf 87' lang='lat' dir='ltr'><strong>Qui</strong></span> <span class='ocrx_word' id='word_1_418' title='bbox 2684 2607 2864 2652; x_wconf 85' lang='lat' dir='ltr'><strong>autem</strong></span> <span class='ocrx_word' id='word_1_419' title='bbox 2900 2614 3007 2652; x_wconf 90' lang='lat' dir='ltr'><strong>non</strong></span> <span class='ocrx_word' id='word_1_420' title='bbox 3052 2600 3252 2653; x_wconf 88' lang='lat' dir='ltr'><strong>merito</strong></span> <span class='ocrx_word' id='word_1_421' title='bbox 3306 2600 3521 2670; x_wconf 83' lang='lat' dir='ltr'><strong>lugeam</strong></span> 
     </span>
    </p>
   </div>
   <div class='ocr_carea' id='block_1_58' title="bbox 1944 2690 3520 2761">
    <p class='ocr_par' dir='ltr' id='par_1_58' title="bbox 1944 2690 3520 2761">
     <span class='ocr_line' id='line_1_58' title="bbox 1944 2690 3520 2761; baseline -0.001 -14"><span class='ocrx_word' id='word_1_422' title='bbox 1944 2707 2069 2748; x_wconf 89' lang='lat' dir='ltr'><strong>eum</strong></span> <span class='ocrx_word' id='word_1_423' title='bbox 2121 2693 2213 2759; x_wconf 90' lang='lat' dir='ltr'><strong>qui</strong></span> <span class='ocrx_word' id='word_1_424' title='bbox 2268 2691 2336 2745; x_wconf 90' lang='lat' dir='ltr'><strong>ad</strong></span> <span class='ocrx_word' id='word_1_425' title='bbox 2404 2700 2608 2744; x_wconf 91' lang='lat' dir='ltr'><strong>terram</strong></span> <span class='ocrx_word' id='word_1_426' title='bbox 2652 2690 2922 2759; x_wconf 90' lang='lat' dir='ltr'><strong>ejusmodi</strong></span> <span class='ocrx_word' id='word_1_427' title='bbox 2970 2690 3520 2761; x_wconf 80' lang='lat' dir='ltr'><strong>abducitur?siqui-</strong></span> 
     </span>
    </p>
   </div>
   <div class='ocr_carea' id='block_1_59' title="bbox 1945 2780 3521 2851">
    <p class='ocr_par' dir='ltr' id='par_1_59' title="bbox 1945 2780 3521 2851">
     <span class='ocr_line' id='line_1_59' title="bbox 1945 2780 3521 2851; baseline 0.001 -13"><span class='ocrx_word' id='word_1_428' title='bbox 1945 2784 2067 2838; x_wconf 91' lang='lat' dir='ltr'><strong>dem</strong></span> <span class='ocrx_word' id='word_1_429' title='bbox 2125 2791 2304 2838; x_wconf 88' lang='lat' dir='ltr'><strong>status</strong></span> <span class='ocrx_word' id='word_1_430' title='bbox 2363 2780 2474 2846; x_wconf 84' lang='lat' dir='ltr'><strong>ille,</strong></span> <span class='ocrx_word' id='word_1_431' title='bbox 2542 2792 2683 2836; x_wconf 86' lang='lat' dir='ltr'><strong>terra</strong></span> <span class='ocrx_word' id='word_1_432' title='bbox 2745 2782 3075 2851; x_wconf 78' lang='lat' dir='ltr'><strong>cogitandus</strong></span> <span class='ocrx_word' id='word_1_433' title='bbox 3109 2784 3200 2836; x_wconf 90' lang='lat' dir='ltr'><strong>sit.</strong></span> <span class='ocrx_word' id='word_1_434' title='bbox 3269 2782 3374 2850; x_wconf 79' lang='lat' dir='ltr'><strong>Qui</strong></span> <span class='ocrx_word' id='word_1_435' title='bbox 3413 2801 3521 2839; x_wconf 85' lang='lat' dir='ltr'><strong>non</strong></span> 
     </span>
    </p>
   </div>
   <div class='ocr_carea' id='block_1_60' title="bbox 1944 2874 3522 2943">
    <p class='ocr_par' dir='ltr' id='par_1_60' title="bbox 1944 2874 3522 2943">
     <span class='ocr_line' id='line_1_60' title="bbox 1944 2874 3522 2943; baseline -0.001 -13"><span class='ocrx_word' id='word_1_436' title='bbox 1944 2876 2220 2943; x_wconf 87' lang='lat' dir='ltr'><strong>deplorem</strong></span> <span class='ocrx_word' id='word_1_437' title='bbox 2253 2875 2651 2943; x_wconf 87' lang='lat' dir='ltr'><strong>lamentcrque,</strong></span> <span class='ocrx_word' id='word_1_438' title='bbox 2700 2874 2929 2929; x_wconf 90' lang='lat' dir='ltr'><strong>audiens</strong></span> <span class='ocrx_word' id='word_1_439' title='bbox 2964 2874 3318 2928; x_wconf 73' lang='lat' dir='ltr'><strong>tenebrarum</strong></span> <span class='ocrx_word' id='word_1_440' title='bbox 3344 2874 3522 2928; x_wconf 81' lang='lat' dir='ltr'><strong>domi-</strong></span> 
     </span>
    </p>
   </div>
   <div class='ocr_carea' id='block_1_61' title="bbox 1946 2946 3520 3035">
    <p class='ocr_par' dir='ltr' id='par_1_61' title="bbox 1946 2946 3520 3035">
     <span class='ocr_line' id='line_1_61' title="bbox 1946 2946 3520 3035; baseline 0 -13"><span class='ocrx_word' id='word_1_441' title='bbox 1946 2968 2162 3022; x_wconf 73' lang='lat' dir='ltr'><strong>cilium&#39;</strong></span> <span class='ocrx_word' id='word_1_442' title='bbox 2177 2975 2231 3021; x_wconf 90' lang='lat' dir='ltr'><strong>et</strong></span> <span class='ocrx_word' id='word_1_443' title='bbox 2254 2967 2500 3035; x_wconf 86' lang='lat' dir='ltr'><strong>requiem</strong></span> <span class='ocrx_word' id='word_1_444' title='bbox 2523 2946 2728 3020; x_wconf 45' lang='lat' dir='ltr'><strong>{Num</strong></span> <span class='ocrx_word' id='word_1_445' title='bbox 2760 2966 2904 3030; x_wconf 76' lang='lat' dir='ltr'><strong>enim</strong></span> <span class='ocrx_word' id='word_1_446' title='bbox 2947 2980 3055 3019; x_wconf 90' lang='lat' dir='ltr'><strong>non</strong></span> <span class='ocrx_word' id='word_1_447' title='bbox 3084 2965 3364 3021; x_wconf 89' lang='lat' dir='ltr'><strong>debuerim</strong></span> <span class='ocrx_word' id='word_1_448' title='bbox 3396 2983 3520 3022; x_wconf 86' lang='lat' dir='ltr'><strong>esse</strong></span> 
     </span>
    </p>
   </div>
   <div class='ocr_carea' id='block_1_62' title="bbox 252 3047 1834 3128">
    <p class='ocr_par' dir='ltr' id='par_1_62' title="bbox 252 3055 1831 3127">
     <span class='ocr_line' id='line_1_62' title="bbox 252 3055 1831 3127; baseline -0.004 -13"><span class='ocrx_word' id='word_1_449' title='bbox 252 3063 349 3115; x_wconf 76' lang='grc' dir='ltr'><strong>καὶ</strong></span> <span class='ocrx_word' id='word_1_450' title='bbox 380 3062 462 3123; x_wconf 86' lang='grc' dir='ltr'>εἰς</span> <span class='ocrx_word' id='word_1_451' title='bbox 489 3059 604 3127; x_wconf 80' lang='grc' dir='ltr'>φῶς</span> <span class='ocrx_word' id='word_1_452' title='bbox 657 3058 872 3110; x_wconf 85' lang='grc' dir='ltr'>ἁκούων</span> <span class='ocrx_word' id='word_1_453' title='bbox 916 3055 1408 3125; x_wconf 81' lang='grc' dir='ltr'>ἁπαχθησόμενον,</span> <span class='ocrx_word' id='word_1_454' title='bbox 1473 3056 1682 3107; x_wconf 87' lang='grc' dir='ltr'>ἀνεῖναι</span> <span class='ocrx_word' id='word_1_455' title='bbox 1732 3056 1831 3126; x_wconf 85' lang='grc' dir='ltr'>τῆς</span> 
     </span>
    </p>
   </div>
   <div class='ocr_carea' id='block_1_63' title="bbox 1941 3047 3516 3128">
    <p class='ocr_par' dir='ltr' id='par_1_63' title="bbox 1941 3058 3516 3128">
     <span class='ocr_line' id='line_1_63' title="bbox 1941 3058 3516 3128; baseline -0.001 -13"><span class='ocrx_word' id='word_1_456' title='bbox 1941 3062 2100 3115; x_wconf 88' lang='lat' dir='ltr'><strong>corde</strong></span> <span class='ocrx_word' id='word_1_457' title='bbox 2153 3060 2389 3128; x_wconf 87' lang='lat' dir='ltr'><strong>lapideo,</strong></span> <span class='ocrx_word' id='word_1_458' title='bbox 2446 3066 2503 3112; x_wconf 91' lang='lat' dir='ltr'><strong>ut</strong></span> <span class='ocrx_word' id='word_1_459' title='bbox 2566 3058 2683 3113; x_wconf 84' lang='lat' dir='ltr'><strong>haec</strong></span> <span class='ocrx_word' id='word_1_460' title='bbox 2740 3059 2971 3113; x_wconf 87' lang='lat' dir='ltr'><strong>audiens</strong></span> <span class='ocrx_word' id='word_1_461' title='bbox 3014 3074 3126 3112; x_wconf 90' lang='lat' dir='ltr'><strong>non</strong></span> <span class='ocrx_word' id='word_1_462' title='bbox 3158 3058 3413 3128; x_wconf 59' lang='lat' dir='ltr'><strong>lugeant?</strong></span> <span class='ocrx_word' id='word_1_463' title='bbox 3459 3058 3516 3114; x_wconf 88' lang='lat' dir='ltr'><strong>Si</strong></span> 
     </span>
    </p>
   </div>
   <div class='ocr_carea' id='block_1_64' title="bbox 171 3124 1832 3220">
    <p class='ocr_par' dir='ltr' id='par_1_64' title="bbox 171 3124 1832 3220">
     <span class='ocr_line' id='line_1_64' title="bbox 171 3124 1832 3220; baseline -0.003 -15"><span class='ocrx_word' id='word_1_464' title='bbox 171 3124 182 3133; x_wconf 39' lang='grc'><strong><em>⁸</em></strong></span> <span class='ocrx_word' id='word_1_465' title='bbox 248 3153 427 3220; x_wconf 84' lang='grc' dir='ltr'>λύπης</span> <span class='ocrx_word' id='word_1_466' title='bbox 479 3124 540 3204; x_wconf 80' lang='grc' dir='ltr'><strong>οὐ</strong></span> <span class='ocrx_word' id='word_1_467' title='bbox 601 3148 876 3220; x_wconf 85' lang='grc' dir='ltr'>καρτερῶ,</span> <span class='ocrx_word' id='word_1_468' title='bbox 932 3124 1358 3216; x_wconf 78' lang='grc' dir='ltr'>πῶςὰνέξομαι</span> <span class='ocrx_word' id='word_1_469' title='bbox 1412 3148 1572 3217; x_wconf 83' lang='grc' dir='ltr'>σιγᾷν</span> <span class='ocrx_word' id='word_1_470' title='bbox 1608 3124 1832 3212; x_wconf 85' lang='grc' dir='ltr'>σκότους</span> 
     </span>
    </p>
   </div>
   <div class='ocr_carea' id='block_1_65' title="bbox 247 3241 1829 3315">
    <p class='ocr_par' dir='ltr' id='par_1_65' title="bbox 247 3241 1829 3315">
     <span class='ocr_line' id='line_1_65' title="bbox 247 3241 1829 3315; baseline -0.004 -14"><span class='ocrx_word' id='word_1_471' title='bbox 247 3248 465 3302; x_wconf 79' lang='grc' dir='ltr'>ἀκούων</span> <span class='ocrx_word' id='word_1_472' title='bbox 519 3247 802 3315; x_wconf 74' lang='grc' dir='ltr'>οἰκήτορα,</span> <span class='ocrx_word' id='word_1_473' title='bbox 864 3244 956 3295; x_wconf 83' lang='grc' dir='ltr'><strong>τὸν</strong></span> <span class='ocrx_word' id='word_1_474' title='bbox 1006 3241 1112 3312; x_wconf 78' lang='grc' dir='ltr'><strong>πρὸ</strong></span> <span class='ocrx_word' id='word_1_475' title='bbox 1188 3241 1386 3310; x_wconf 78' lang='grc' dir='ltr'>μικροῦ</span> <span class='ocrx_word' id='word_1_476' title='bbox 1423 3243 1829 3311; x_wconf 84' lang='grc' dir='ltr'>συνοικήτορα;</span> 
     </span>
    </p>
   </div>
   <div class='ocr_carea' id='block_1_66' title="bbox 250 3333 1831 3409">
    <p class='ocr_par' dir='ltr' id='par_1_66' title="bbox 250 3333 1831 3409">
     <span class='ocr_line' id='line_1_66' title="bbox 250 3333 1831 3409; baseline 0.002 -25"><span class='ocrx_word' id='word_1_477' title='bbox 250 3342 377 3404; x_wconf 77' lang='grc' dir='ltr'>Πῶς</span> <span class='ocrx_word' id='word_1_478' title='bbox 410 3341 483 3409; x_wconf 77' lang='grc' dir='ltr'>μὴ</span> <span class='ocrx_word' id='word_1_479' title='bbox 515 3338 721 3408; x_wconf 84' lang='grc' dir='ltr'>γοερῶς</span> <span class='ocrx_word' id='word_1_480' title='bbox 755 3336 1149 3406; x_wconf 81' lang='grc' dir='ltr'>ἁποδύρωμαι,</span> <span class='ocrx_word' id='word_1_481' title='bbox 1199 3333 1257 3385; x_wconf 84' lang='grc' dir='ltr'>ὃν</span> <span class='ocrx_word' id='word_1_482' title='bbox 1308 3334 1491 3385; x_wconf 79' lang='grc' dir='ltr'>οὐκέτι</span> <span class='ocrx_word' id='word_1_483' title='bbox 1528 3334 1831 3399; x_wconf 54' lang='lat' dir='ltr'><strong>Gedeona;</strong></span> 
     </span>
    </p>
   </div>
   <div class='ocr_carea' id='block_1_67' title="bbox 248 3423 1832 3498">
    <p class='ocr_par' dir='ltr' id='par_1_67' title="bbox 248 3423 1832 3498">
     <span class='ocr_line' id='line_1_67' title="bbox 248 3423 1832 3498; baseline -0.004 -13"><span class='ocrx_word' id='word_1_484' title='bbox 248 3432 363 3485; x_wconf 74' lang='grc' dir='ltr'>Καὶ</span> <span class='ocrx_word' id='word_1_485' title='bbox 423 3431 535 3484; x_wconf 77' lang='grc' dir='ltr'>εἴθε</span> <span class='ocrx_word' id='word_1_486' title='bbox 580 3447 644 3498; x_wconf 86' lang='grc' dir='ltr'><strong>γε</strong></span> <span class='ocrx_word' id='word_1_487' title='bbox 694 3429 753 3480; x_wconf 77' lang='grc' dir='ltr'>τὸ</span> <span class='ocrx_word' id='word_1_488' title='bbox 809 3427 984 3496; x_wconf 78' lang='grc' dir='ltr'>γλυκὺ</span> <span class='ocrx_word' id='word_1_489' title='bbox 1029 3424 1188 3478; x_wconf 78' lang='grc' dir='ltr'>τοῦτο</span> <span class='ocrx_word' id='word_1_490' title='bbox 1235 3425 1350 3492; x_wconf 89' lang='grc' dir='ltr'><strong>φῶς</strong></span> <span class='ocrx_word' id='word_1_491' title='bbox 1404 3423 1832 3493; x_wconf 68' lang='grc' dir='ltr'>καταλείψαντα,</span> 
     </span>
    </p>
   </div>
   <div class='ocr_carea' id='block_1_68' title="bbox 246 3516 1834 3593">
    <p class='ocr_par' dir='ltr' id='par_1_68' title="bbox 246 3516 1834 3593">
     <span class='ocr_line' id='line_1_68' title="bbox 246 3516 1834 3593; baseline -0.003 -18"><span class='ocrx_word' id='word_1_492' title='bbox 246 3523 543 3593; x_wconf 84' lang='grc' dir='ltr'>φωτοειδὴς</span> <span class='ocrx_word' id='word_1_493' title='bbox 606 3519 902 3586; x_wconf 74' lang='grc' dir='ltr'>ὑπεδέξατο</span> <span class='ocrx_word' id='word_1_494' title='bbox 980 3517 1192 3587; x_wconf 83' lang='grc' dir='ltr'>χῶρος,</span> <span class='ocrx_word' id='word_1_495' title='bbox 1268 3516 1345 3579; x_wconf 86' lang='grc' dir='ltr'>ὡς</span> <span class='ocrx_word' id='word_1_496' title='bbox 1412 3517 1476 3569; x_wconf 82' lang='grc' dir='ltr'><strong>ἄν</strong></span> <span class='ocrx_word' id='word_1_497' title='bbox 1556 3533 1640 3579; x_wconf 87' lang='grc' dir='ltr'><strong>τις</strong></span> <span class='ocrx_word' id='word_1_498' title='bbox 1693 3518 1834 3586; x_wconf 87' lang='grc' dir='ltr'>τάχα</span> 
     </span>
    </p>
   </div>
   <div class='ocr_carea' id='block_1_69' title="bbox 245 3607 1664 3686">
    <p class='ocr_par' dir='ltr' id='par_1_69' title="bbox 245 3607 1664 3686">
     <span class='ocr_line' id='line_1_69' title="bbox 245 3607 1664 3686; baseline -0.006 -18"><span class='ocrx_word' id='word_1_499' title='bbox 245 3615 479 3686; x_wconf 86' lang='grc' dir='ltr'>βραχεῖα</span> <span class='ocrx_word' id='word_1_500' title='bbox 508 3611 803 3683; x_wconf 71' lang='grc' dir='ltr'>παραψυχὴ</span> <span class='ocrx_word' id='word_1_501' title='bbox 832 3612 943 3672; x_wconf 88' lang='grc' dir='ltr'>τοῖς</span> <span class='ocrx_word' id='word_1_502' title='bbox 970 3607 1293 3677; x_wconf 83' lang='grc' dir='ltr'>ἀνιωμένοις</span> <span class='ocrx_word' id='word_1_503' title='bbox 1324 3608 1664 3676; x_wconf 82' lang='grc' dir='ltr'>προσκέοιτο.</span> 
     </span>
    </p>
   </div>
   <div class='ocr_carea' id='block_1_70' title="bbox 1937 3149 3516 3221">
    <p class='ocr_par' dir='ltr' id='par_1_70' title="bbox 1937 3149 3516 3221">
     <span class='ocr_line' id='line_1_70' title="bbox 1937 3149 3516 3221; baseline -0.003 -15"><span class='ocrx_word' id='word_1_504' title='bbox 1937 3151 2085 3206; x_wconf 91' lang='lat' dir='ltr'><strong>enim</strong></span> <span class='ocrx_word' id='word_1_505' title='bbox 2119 3152 2203 3205; x_wconf 89' lang='lat' dir='ltr'><strong>vel</strong></span> <span class='ocrx_word' id='word_1_506' title='bbox 2233 3152 2299 3204; x_wconf 90' lang='lat' dir='ltr'><strong>ad</strong></span> <span class='ocrx_word' id='word_1_507' title='bbox 2336 3152 2478 3205; x_wconf 89' lang='lat' dir='ltr'><strong>lucis</strong></span> <span class='ocrx_word' id='word_1_508' title='bbox 2510 3151 2791 3221; x_wconf 84' lang='lat' dir='ltr'><strong>regionem</strong></span> <span class='ocrx_word' id='word_1_509' title='bbox 2828 3149 3064 3205; x_wconf 87' lang='lat' dir='ltr'><strong>audiens</strong></span> <span class='ocrx_word' id='word_1_510' title='bbox 3109 3149 3516 3216; x_wconf 80' lang='lat' dir='ltr'><strong>abducendum,</strong></span> 
     </span>
    </p>
   </div>
   <div class='ocr_carea' id='block_1_71' title="bbox 1940 3242 3519 3311">
    <p class='ocr_par' dir='ltr' id='par_1_71' title="bbox 1940 3242 3519 3311">
     <span class='ocr_line' id='line_1_71' title="bbox 1940 3242 3519 3311; baseline 0.001 -16"><span class='ocrx_word' id='word_1_511' title='bbox 1940 3257 2047 3295; x_wconf 93' lang='lat' dir='ltr'><strong>non</strong></span> <span class='ocrx_word' id='word_1_512' title='bbox 2077 3256 2303 3310; x_wconf 91' lang='lat' dir='ltr'><strong>possum</strong></span> <span class='ocrx_word' id='word_1_513' title='bbox 2339 3255 2368 3293; x_wconf 88' lang='lat' dir='ltr'><strong>a</strong></span> <span class='ocrx_word' id='word_1_514' title='bbox 2402 3242 2624 3295; x_wconf 79' lang='lat' dir='ltr'><strong>triSIitia</strong></span> <span class='ocrx_word' id='word_1_515' title='bbox 2658 3250 2999 3309; x_wconf 77' lang='lat' dir='ltr'><strong>temperare,</strong></span> <span class='ocrx_word' id='word_1_516' title='bbox 3022 3242 3299 3311; x_wconf 91' lang='lat' dir='ltr'><strong>quomodo</strong></span> <span class='ocrx_word' id='word_1_517' title='bbox 3336 3250 3519 3296; x_wconf 85' lang='lat' dir='ltr'><strong>tacere</strong></span> 
     </span>
    </p>
   </div>
   <div class='ocr_carea' id='block_1_72' title="bbox 1937 3331 3518 3400">
    <p class='ocr_par' dir='ltr' id='par_1_72' title="bbox 1937 3331 3518 3400">
     <span class='ocr_line' id='line_1_72' title="bbox 1937 3331 3518 3400; baseline -0.001 -15"><span class='ocrx_word' id='word_1_518' title='bbox 1937 3331 2250 3395; x_wconf 83' lang='lat' dir='ltr'><strong>habuerim,</strong></span> <span class='ocrx_word' id='word_1_519' title='bbox 2299 3331 2391 3400; x_wconf 92' lang='lat' dir='ltr'><strong>qui</strong></span> <span class='ocrx_word' id='word_1_520' title='bbox 2430 3346 2578 3395; x_wconf 88' lang='lat' dir='ltr'><strong>eum,</strong></span> <span class='ocrx_word' id='word_1_521' title='bbox 2608 3346 2772 3399; x_wconf 91' lang='lat' dir='ltr'><strong>quem</strong></span> <span class='ocrx_word' id='word_1_522' title='bbox 2821 3332 2986 3400; x_wconf 91' lang='lat' dir='ltr'><strong>paulo</strong></span> <span class='ocrx_word' id='word_1_523' title='bbox 3018 3340 3146 3387; x_wconf 89' lang='lat' dir='ltr'><strong>ante</strong></span> <span class='ocrx_word' id='word_1_524' title='bbox 3186 3333 3356 3387; x_wconf 88' lang='lat' dir='ltr'><strong>habui</strong></span> <span class='ocrx_word' id='word_1_525' title='bbox 3384 3348 3518 3388; x_wconf 83' lang='lat' dir='ltr'><strong>can-</strong></span> 
     </span>
    </p>
   </div>
   <div class='ocr_carea' id='block_1_73' title="bbox 1939 3422 3514 3491">
    <p class='ocr_par' dir='ltr' id='par_1_73' title="bbox 1939 3422 3514 3491">
     <span class='ocr_line' id='line_1_73' title="bbox 1939 3422 3514 3491; baseline 0.001 -15"><span class='ocrx_word' id='word_1_526' title='bbox 1939 3423 2309 3489; x_wconf 86' lang='lat' dir='ltr'><strong>tubernalem,</strong></span> <span class='ocrx_word' id='word_1_527' title='bbox 2358 3422 2712 3477; x_wconf 89' lang='lat' dir='ltr'><strong>tenebrarum</strong></span> <span class='ocrx_word' id='word_1_528' title='bbox 2762 3422 3036 3489; x_wconf 90' lang='lat' dir='ltr'><strong>hospitem</strong></span> <span class='ocrx_word' id='word_1_529' title='bbox 3086 3423 3348 3478; x_wconf 83' lang='lat' dir='ltr'><strong>audiam?</strong></span> <span class='ocrx_word' id='word_1_530' title='bbox 3409 3424 3514 3491; x_wconf 86' lang='lat' dir='ltr'><strong>Qui</strong></span> 
     </span>
    </p>
   </div>
   <div class='ocr_carea' id='block_1_74' title="bbox 1942 3511 3511 3582">
    <p class='ocr_par' dir='ltr' id='par_1_74' title="bbox 1942 3511 3511 3582">
     <span class='ocr_line' id='line_1_74' title="bbox 1942 3511 3511 3582; baseline -0.001 -12"><span class='ocrx_word' id='word_1_531' title='bbox 1942 3531 2051 3571; x_wconf 92' lang='lat' dir='ltr'><strong>non</strong></span> <span class='ocrx_word' id='word_1_532' title='bbox 2109 3516 2237 3570; x_wconf 85' lang='lat' dir='ltr'><strong>altis</strong></span> <span class='ocrx_word' id='word_1_533' title='bbox 2272 3514 2605 3570; x_wconf 85' lang='lat' dir='ltr'><strong>clamoribus</strong></span> <span class='ocrx_word' id='word_1_534' title='bbox 2643 3527 2769 3567; x_wconf 87' lang='lat' dir='ltr'><strong>eum</strong></span> <span class='ocrx_word' id='word_1_535' title='bbox 2824 3511 3133 3581; x_wconf 89' lang='lat' dir='ltr'><strong>deplorem,</strong></span> <span class='ocrx_word' id='word_1_536' title='bbox 3175 3529 3336 3582; x_wconf 85' lang='lat' dir='ltr'><strong>quem</strong></span> <span class='ocrx_word' id='word_1_537' title='bbox 3368 3517 3511 3568; x_wconf 85' lang='lat' dir='ltr'><strong>ultra</strong></span> 
     </span>
    </p>
   </div>
   <div class='ocr_carea' id='block_1_75' title="bbox 1937 3601 3515 3672">
    <p class='ocr_par' dir='ltr' id='par_1_75' title="bbox 1937 3601 3515 3672">
     <span class='ocr_line' id='line_1_75' title="bbox 1937 3601 3515 3672; baseline -0.001 -13"><span class='ocrx_word' id='word_1_538' title='bbox 1937 3618 2046 3660; x_wconf 88' lang='lat' dir='ltr'><strong>non</strong></span> <span class='ocrx_word' id='word_1_539' title='bbox 2104 3605 2206 3658; x_wconf 90' lang='lat' dir='ltr'><strong>sim</strong></span> <span class='ocrx_word' id='word_1_540' title='bbox 2258 3603 2527 3658; x_wconf 81' lang='lat' dir='ltr'><strong>visurus?</strong></span> <span class='ocrx_word' id='word_1_541' title='bbox 2575 3603 2753 3672; x_wconf 85' lang='lat' dir='ltr'><strong>Atque</strong></span> <span class='ocrx_word' id='word_1_542' title='bbox 2780 3601 2988 3655; x_wconf 89' lang='lat' dir='ltr'><strong>utinam</strong></span> <span class='ocrx_word' id='word_1_543' title='bbox 3032 3616 3189 3665; x_wconf 88' lang='lat' dir='ltr'><strong>sane,</strong></span> <span class='ocrx_word' id='word_1_544' title='bbox 3216 3602 3362 3657; x_wconf 93' lang='lat' dir='ltr'><strong>dulci</strong></span> <span class='ocrx_word' id='word_1_545' title='bbox 3409 3605 3515 3658; x_wconf 82' lang='lat' dir='ltr'><strong>hac</strong></span> 
     </span>
    </p>
   </div>
   <div class='ocr_carea' id='block_1_76' title="bbox 244 3697 3513 3771">
    <p class='ocr_par' dir='ltr' id='par_1_76' title="bbox 244 3697 3513 3771">
     <span class='ocr_line' id='line_1_76' title="bbox 244 3697 3513 3771; baseline -0.003 -8"><span class='ocrx_word' id='word_1_546' title='bbox 244 3712 368 3763; x_wconf 79' lang='lat' dir='ltr'><strong>luce</strong></span> <span class='ocrx_word' id='word_1_547' title='bbox 417 3708 630 3769; x_wconf 78' lang='lat' dir='ltr'><strong>relicta,</strong></span> <span class='ocrx_word' id='word_1_548' title='bbox 680 3706 734 3759; x_wconf 90' lang='lat' dir='ltr'><strong>in</strong></span> <span class='ocrx_word' id='word_1_549' title='bbox 780 3706 960 3758; x_wconf 78' lang='lat' dir='ltr'><strong>locum</strong></span> <span class='ocrx_word' id='word_1_550' title='bbox 1008 3701 1250 3756; x_wconf 90' lang='lat' dir='ltr'><strong>lucidum</strong></span> <span class='ocrx_word' id='word_1_551' title='bbox 1295 3708 1443 3756; x_wconf 85' lang='lat' dir='ltr'><strong>esset</strong></span> <span class='ocrx_word' id='word_1_552' title='bbox 1472 3712 1802 3771; x_wconf 87' lang='lat' dir='ltr'><strong>susceptus;</strong></span> <span class='ocrx_word' id='word_1_553' title='bbox 1845 3701 2017 3756; x_wconf 91' lang='lat' dir='ltr'><strong>utsic</strong></span> <span class='ocrx_word' id='word_1_554' title='bbox 2066 3697 2214 3755; x_wconf 83' lang='lat' dir='ltr'><strong>forte</strong></span> <span class='ocrx_word' id='word_1_555' title='bbox 2275 3698 2409 3755; x_wconf 62' lang='lat' dir='ltr'><strong>ﬂavis</strong></span> <span class='ocrx_word' id='word_1_556' title='bbox 2466 3698 2711 3770; x_wconf 80' lang='lat' dir='ltr'><strong>quaedam</strong></span> <span class='ocrx_word' id='word_1_557' title='bbox 2778 3698 3085 3753; x_wconf 89' lang='lat' dir='ltr'><strong>consolatio</strong></span> <span class='ocrx_word' id='word_1_558' title='bbox 3146 3699 3513 3754; x_wconf 63' lang='lat' dir='ltr'><strong>merentibus</strong></span> 
     </span>
    </p>
   </div>
   <div class='ocr_carea' id='block_1_77' title="bbox 242 3802 594 3872">
    <p class='ocr_par' dir='ltr' id='par_1_77' title="bbox 242 3802 594 3872">
     <span class='ocr_line' id='line_1_77' title="bbox 242 3802 594 3872; baseline 0 -15"><span class='ocrx_word' id='word_1_559' title='bbox 242 3802 560 3872; x_wconf 74' lang='lat' dir='ltr'><strong>suppeteret</strong></span> <span class='ocrx_word' id='word_1_560' title='bbox 580 3804 594 3857; x_wconf 84' lang='grc' dir='ltr'>ι</span> 
     </span>
    </p>
   </div>
   <div class='ocr_carea' id='block_1_78' title="bbox 315 3893 1827 3967">
    <p class='ocr_par' dir='ltr' id='par_1_78' title="bbox 315 3893 1827 3967">
     <span class='ocr_line' id='line_1_78' title="bbox 315 3893 1827 3967; baseline -0.001 -18"><span class='ocrx_word' id='word_1_561' title='bbox 315 3898 509 3961; x_wconf 65' lang='grc' dir='ltr'>Βαϐαῖ,</span> <span class='ocrx_word' id='word_1_562' title='bbox 531 3897 632 3966; x_wconf 85' lang='grc' dir='ltr'>τῆς</span> <span class='ocrx_word' id='word_1_563' title='bbox 664 3894 982 3967; x_wconf 75' lang='grc' dir='ltr'>παραλόγου</span> <span class='ocrx_word' id='word_1_564' title='bbox 1039 3894 1150 3949; x_wconf 89' lang='grc' dir='ltr'><strong>τῶν</strong></span> <span class='ocrx_word' id='word_1_565' title='bbox 1177 3893 1352 3962; x_wconf 81' lang='grc' dir='ltr'>λόγων</span> <span class='ocrx_word' id='word_1_566' title='bbox 1381 3894 1747 3965; x_wconf 86' lang='grc' dir='ltr'>ἀντιστροφῆς</span> <span class='ocrx_word' id='word_1_567' title='bbox 1767 3911 1827 3947; x_wconf 89' lang='grc' dir='ltr'><strong>τε</strong></span> 
     </span>
    </p>
   </div>
   <div class='ocr_carea' id='block_1_79' title="bbox 245 3981 1826 4058">
    <p class='ocr_par' dir='ltr' id='par_1_79' title="bbox 245 3981 1826 4058">
     <span class='ocr_line' id='line_1_79' title="bbox 245 3981 1826 4058; baseline -0.005 -12"><span class='ocrx_word' id='word_1_568' title='bbox 245 3993 335 4048; x_wconf 71' lang='grc' dir='ltr'><strong>καὶ</strong></span> <span class='ocrx_word' id='word_1_569' title='bbox 357 3981 563 4056; x_wconf 82' lang='grc' dir='ltr'>ἀνοίας,</span> <span class='ocrx_word' id='word_1_570' title='bbox 606 3989 704 4042; x_wconf 74' lang='grc' dir='ltr'>καὶ</span> <span class='ocrx_word' id='word_1_571' title='bbox 736 3989 833 4058; x_wconf 83' lang='grc' dir='ltr'>τῆς</span> <span class='ocrx_word' id='word_1_572' title='bbox 882 3986 1025 4041; x_wconf 81' lang='grc' dir='ltr'>οὔτω</span> <span class='ocrx_word' id='word_1_573' title='bbox 1059 3985 1400 4057; x_wconf 85' lang='grc' dir='ltr'>κατεχούσης</span> <span class='ocrx_word' id='word_1_574' title='bbox 1428 3986 1520 4039; x_wconf 83' lang='grc' dir='ltr'><strong>τὸν</strong></span> <span class='ocrx_word' id='word_1_575' title='bbox 1559 3985 1684 4038; x_wconf 83' lang='grc' dir='ltr'>νοῦν</span> <span class='ocrx_word' id='word_1_576' title='bbox 1719 3988 1826 4057; x_wconf 85' lang='grc' dir='ltr'><strong>ἀμ-</strong></span> 
     </span>
    </p>
   </div>
   <div class='ocr_carea' id='block_1_80' title="bbox 232 4077 1823 4149">
    <p class='ocr_par' dir='ltr' id='par_1_80' title="bbox 232 4077 1823 4149">
     <span class='ocr_line' id='line_1_80' title="bbox 232 4077 1823 4149; baseline -0.003 -12"><span class='ocrx_word' id='word_1_577' title='bbox 232 4082 552 4148; x_wconf 81' lang='grc' dir='ltr'>6λυωπίας,</span> <span class='ocrx_word' id='word_1_578' title='bbox 585 4084 633 4134; x_wconf 86' lang='grc' dir='ltr'><strong>εί</strong></span> <span class='ocrx_word' id='word_1_579' title='bbox 661 4081 777 4134; x_wconf 82' lang='grc' dir='ltr'>δέον</span> <span class='ocrx_word' id='word_1_580' title='bbox 833 4078 991 4132; x_wconf 81' lang='grc' dir='ltr'>τοῦτο</span> <span class='ocrx_word' id='word_1_581' title='bbox 1023 4079 1197 4130; x_wconf 83' lang='grc' dir='ltr'>εἰπεῖν</span> <span class='ocrx_word' id='word_1_582' title='bbox 1224 4079 1238 4133; x_wconf 80' lang='lat' dir='ltr'><strong>i</strong></span> <span class='ocrx_word' id='word_1_583' title='bbox 1276 4078 1366 4149; x_wconf 85' lang='grc' dir='ltr'><strong>Μὴ</strong></span> <span class='ocrx_word' id='word_1_584' title='bbox 1401 4077 1510 4147; x_wconf 80' lang='grc' dir='ltr'>γὰρ</span> <span class='ocrx_word' id='word_1_585' title='bbox 1566 4079 1666 4132; x_wconf 84' lang='grc' dir='ltr'><strong>οὐκ</strong></span> <span class='ocrx_word' id='word_1_586' title='bbox 1714 4078 1823 4132; x_wconf 74' lang='grc' dir='ltr'>ἔδει</span> 
     </span>
    </p>
   </div>
   <div class='ocr_carea' id='block_1_81' title="bbox 232 4167 1814 4242">
    <p class='ocr_par' dir='ltr' id='par_1_81' title="bbox 232 4167 1814 4242">
     <span class='ocr_line' id='line_1_81' title="bbox 232 4167 1814 4242; baseline -0.002 -17"><span class='ocrx_word' id='word_1_587' title='bbox 232 4172 467 4242; x_wconf 79' lang='grc' dir='ltr'>θνητοὺς</span> <span class='ocrx_word' id='word_1_588' title='bbox 482 4171 641 4234; x_wconf 74' lang='grc' dir='ltr'>ὄντας</span> <span class='ocrx_word' id='word_1_589' title='bbox 659 4170 806 4239; x_wconf 80' lang='grc' dir='ltr'>ἡμᾶς</span> <span class='ocrx_word' id='word_1_590' title='bbox 827 4167 1138 4237; x_wconf 78' lang='grc' dir='ltr'>ὑπαχθῆναι</span> <span class='ocrx_word' id='word_1_591' title='bbox 1166 4167 1384 4238; x_wconf 81' lang='grc' dir='ltr'>θανάτῳ</span> <span class='ocrx_word' id='word_1_592' title='bbox 1406 4186 1421 4234; x_wconf 88' lang='lat'><strong>;</strong></span> <span class='ocrx_word' id='word_1_593' title='bbox 1448 4167 1538 4239; x_wconf 82' lang='grc' dir='ltr'><strong>Μὴ</strong></span> <span class='ocrx_word' id='word_1_594' title='bbox 1590 4169 1814 4239; x_wconf 78' lang='grc' dir='ltr'>μείζους</span> 
     </span>
    </p>
   </div>
   <div class='ocr_carea' id='block_1_82' title="bbox 229 4257 1819 4330">
    <p class='ocr_par' dir='ltr' id='par_1_82' title="bbox 229 4257 1819 4330">
     <span class='ocr_line' id='line_1_82' title="bbox 229 4257 1819 4330; baseline -0.003 -13"><span class='ocrx_word' id='word_1_595' title='bbox 229 4266 347 4319; x_wconf 70' lang='grc' dir='ltr'>ἔδεέ</span> <span class='ocrx_word' id='word_1_596' title='bbox 369 4264 461 4317; x_wconf 79' lang='grc' dir='ltr'>τοῦ</span> <span class='ocrx_word' id='word_1_597' title='bbox 495 4263 704 4316; x_wconf 80' lang='grc' dir='ltr'>ἑαυτῶν</span> <span class='ocrx_word' id='word_1_598' title='bbox 756 4261 1097 4330; x_wconf 81' lang='grc' dir='ltr'>ἀναφανῆναι</span> <span class='ocrx_word' id='word_1_599' title='bbox 1146 4261 1421 4312; x_wconf 86' lang='grc' dir='ltr'>Δεσπὸτου</span> <span class='ocrx_word' id='word_1_600' title='bbox 1459 4275 1474 4323; x_wconf 87' lang='lat'><strong>;</strong></span> <span class='ocrx_word' id='word_1_601' title='bbox 1505 4258 1566 4311; x_wconf 76' lang='lat' dir='ltr'><strong>Et</strong></span> <span class='ocrx_word' id='word_1_602' title='bbox 1597 4257 1690 4312; x_wconf 85' lang='grc' dir='ltr'><strong>οὖν</strong></span> <span class='ocrx_word' id='word_1_603' title='bbox 1723 4261 1819 4314; x_wconf 76' lang='grc' dir='ltr'>καὶ</span> 
     </span>
    </p>
   </div>
   <div class='ocr_carea' id='block_1_83' title="bbox 227 4349 1812 4427">
    <p class='ocr_par' dir='ltr' id='par_1_83' title="bbox 227 4349 1812 4427">
     <span class='ocr_line' id='line_1_83' title="bbox 227 4349 1812 4427; baseline -0.004 -18"><span class='ocrx_word' id='word_1_604' title='bbox 227 4356 395 4419; x_wconf 81' lang='grc' dir='ltr'>αὐτὸς</span> <span class='ocrx_word' id='word_1_605' title='bbox 425 4354 599 4406; x_wconf 81' lang='grc' dir='ltr'>εἵλετο</span> <span class='ocrx_word' id='word_1_606' title='bbox 653 4351 856 4422; x_wconf 81' lang='grc' dir='ltr'>Κύριος</span> <span class='ocrx_word' id='word_1_607' title='bbox 907 4350 1106 4427; x_wconf 27' lang='grc' dir='ltr'>ῶνιτοῦ</span> <span class='ocrx_word' id='word_1_608' title='bbox 1157 4350 1359 4411; x_wconf 82' lang='grc' dir='ltr'>παντὸς</span> <span class='ocrx_word' id='word_1_609' title='bbox 1384 4349 1478 4402; x_wconf 77' lang='grc' dir='ltr'>καὶ</span> <span class='ocrx_word' id='word_1_610' title='bbox 1511 4351 1812 4421; x_wconf 83' lang='grc' dir='ltr'>Δεσπότης,</span> 
     </span>
    </p>
   </div>
   <div class='ocr_carea' id='block_1_84' title="bbox 226 4440 1807 4514">
    <p class='ocr_par' dir='ltr' id='par_1_84' title="bbox 226 4440 1807 4514">
     <span class='ocr_line' id='line_1_84' title="bbox 226 4440 1807 4514; baseline -0.003 -14"><span class='ocrx_word' id='word_1_611' title='bbox 226 4447 330 4500; x_wconf 79' lang='grc' dir='ltr'>καὶ</span> <span class='ocrx_word' id='word_1_612' title='bbox 365 4446 481 4514; x_wconf 88' lang='grc' dir='ltr'><strong>φῶς</strong></span> <span class='ocrx_word' id='word_1_613' title='bbox 497 4445 606 4497; x_wconf 87' lang='grc' dir='ltr'><strong>τῶν</strong></span> <span class='ocrx_word' id='word_1_614' title='bbox 629 4445 688 4495; x_wconf 85' lang='grc' dir='ltr'><strong>ὲν</strong></span> <span class='ocrx_word' id='word_1_615' title='bbox 728 4443 912 4495; x_wconf 86' lang='grc' dir='ltr'>σκότει</span> <span class='ocrx_word' id='word_1_616' title='bbox 939 4482 955 4507; x_wconf 93' lang='grc'><strong>,</strong></span> <span class='ocrx_word' id='word_1_617' title='bbox 992 4442 1085 4495; x_wconf 76' lang='grc' dir='ltr'>καὶ</span> <span class='ocrx_word' id='word_1_618' title='bbox 1107 4440 1221 4511; x_wconf 84' lang='grc' dir='ltr'><strong>ζωὴ</strong></span> <span class='ocrx_word' id='word_1_619' title='bbox 1255 4441 1364 4493; x_wconf 89' lang='grc' dir='ltr'><strong>τῶν</strong></span> <span class='ocrx_word' id='word_1_620' title='bbox 1395 4442 1672 4508; x_wconf 83' lang='grc' dir='ltr'>ἁπάντων,</span> <span class='ocrx_word' id='word_1_621' title='bbox 1716 4442 1807 4495; x_wconf 85' lang='grc' dir='ltr'>θα-</span> 
     </span>
    </p>
   </div>
   <div class='ocr_carea' id='block_1_85' title="bbox 2003 3880 3511 3958">
    <p class='ocr_par' dir='ltr' id='par_1_85' title="bbox 2003 3880 3511 3958">
     <span class='ocr_line' id='line_1_85' title="bbox 2003 3880 3511 3958; baseline 0.001 -23"><span class='ocrx_word' id='word_1_622' title='bbox 2003 3889 2200 3958; x_wconf 67' lang='lat' dir='ltr'><strong>Papae!</strong></span> <span class='ocrx_word' id='word_1_623' title='bbox 2251 3884 2483 3939; x_wconf 87' lang='lat' dir='ltr'><strong>alienam</strong></span> <span class='ocrx_word' id='word_1_624' title='bbox 2514 3882 2791 3951; x_wconf 77' lang='lat' dir='ltr'><strong>aratione</strong></span> <span class='ocrx_word' id='word_1_625' title='bbox 2826 3880 3106 3936; x_wconf 87' lang='lat' dir='ltr'><strong>rationum</strong></span> <span class='ocrx_word' id='word_1_626' title='bbox 3139 3883 3511 3939; x_wconf 85' lang='lat' dir='ltr'><strong>contrarieta-</strong></span> 
     </span>
    </p>
   </div>
   <div class='ocr_carea' id='block_1_86' title="bbox 1930 3974 3507 4044">
    <p class='ocr_par' dir='ltr' id='par_1_86' title="bbox 1930 3974 3507 4044">
     <span class='ocr_line' id='line_1_86' title="bbox 1930 3974 3507 4044; baseline -0.004 -9"><span class='ocrx_word' id='word_1_627' title='bbox 1930 3991 2037 4036; x_wconf 88' lang='lat' dir='ltr'><strong>tem</strong></span> <span class='ocrx_word' id='word_1_628' title='bbox 2087 3986 2143 4034; x_wconf 82' lang='lat' dir='ltr'><strong>et</strong></span> <span class='ocrx_word' id='word_1_629' title='bbox 2190 3974 2601 4044; x_wconf 85' lang='lat' dir='ltr'><strong>insipientiam;</strong></span> <span class='ocrx_word' id='word_1_630' title='bbox 2659 3980 2923 4040; x_wconf 85' lang='lat' dir='ltr'><strong>tantaque</strong></span> <span class='ocrx_word' id='word_1_631' title='bbox 2956 3975 3201 4027; x_wconf 88' lang='lat' dir='ltr'><strong>animum</strong></span> <span class='ocrx_word' id='word_1_632' title='bbox 3253 3975 3507 4030; x_wconf 71' lang='lat' dir='ltr'><strong>caecitate</strong></span> 
     </span>
    </p>
   </div>
   <div class='ocr_carea' id='block_1_87' title="bbox 1923 4062 3503 4133">
    <p class='ocr_par' dir='ltr' id='par_1_87' title="bbox 1923 4062 3503 4133">
     <span class='ocr_line' id='line_1_87' title="bbox 1923 4062 3503 4133; baseline -0.006 -6"><span class='ocrx_word' id='word_1_633' title='bbox 1923 4074 2379 4132; x_wconf 78' lang='lat' dir='ltr'><strong>circumventam,</strong></span> <span class='ocrx_word' id='word_1_634' title='bbox 2400 4064 2446 4118; x_wconf 89' lang='lat' dir='ltr'><strong>si</strong></span> <span class='ocrx_word' id='word_1_635' title='bbox 2470 4065 2543 4118; x_wconf 84' lang='lat' dir='ltr'><strong>ita</strong></span> <span class='ocrx_word' id='word_1_636' title='bbox 2565 4062 2712 4133; x_wconf 72' lang='lat' dir='ltr'><strong>loqu&#39;i</strong></span> <span class='ocrx_word' id='word_1_637' title='bbox 2739 4064 2865 4117; x_wconf 90' lang='lat' dir='ltr'><strong>licet</strong></span> <span class='ocrx_word' id='word_1_638' title='bbox 2892 4065 2904 4116; x_wconf 83' lang='grc' dir='ltr'>ι</span> <span class='ocrx_word' id='word_1_639' title='bbox 2932 4064 3069 4116; x_wconf 76' lang='lat' dir='ltr'><strong>Num</strong></span> <span class='ocrx_word' id='word_1_640' title='bbox 3096 4080 3224 4119; x_wconf 79' lang='lat' dir='ltr'><strong>vero</strong></span> <span class='ocrx_word' id='word_1_641' title='bbox 3248 4080 3346 4133; x_wconf 86' lang='lat' dir='ltr'><strong>par</strong></span> <span class='ocrx_word' id='word_1_642' title='bbox 3363 4076 3503 4129; x_wconf 87' lang='lat' dir='ltr'><strong>erat,</strong></span> 
     </span>
    </p>
   </div>
   <div class='ocr_carea' id='block_1_88' title="bbox 1926 4155 3505 4226">
    <p class='ocr_par' dir='ltr' id='par_1_88' title="bbox 1926 4155 3505 4226">
     <span class='ocr_line' id='line_1_88' title="bbox 1926 4155 3505 4226; baseline -0.006 -6"><span class='ocrx_word' id='word_1_643' title='bbox 1926 4173 1985 4221; x_wconf 87' lang='lat' dir='ltr'><strong>ut</strong></span> <span class='ocrx_word' id='word_1_644' title='bbox 2035 4180 2103 4219; x_wconf 87' lang='lat' dir='ltr'><strong>ne</strong></span> <span class='ocrx_word' id='word_1_645' title='bbox 2157 4160 2438 4220; x_wconf 65' lang='lat' dir='ltr'><strong>mortales,</strong></span> <span class='ocrx_word' id='word_1_646' title='bbox 2484 4157 2650 4210; x_wconf 91' lang='lat' dir='ltr'><strong>morti</strong></span> <span class='ocrx_word' id='word_1_647' title='bbox 2734 4155 3176 4225; x_wconf 87' lang='lat' dir='ltr'><strong>subjiceremur?</strong></span> <span class='ocrx_word' id='word_1_648' title='bbox 3222 4155 3362 4210; x_wconf 86' lang='lat' dir='ltr'><strong>Num</strong></span> <span class='ocrx_word' id='word_1_649' title='bbox 3405 4174 3505 4226; x_wconf 85' lang='lat' dir='ltr'><strong>par</strong></span> 
     </span>
    </p>
   </div>
   <div class='ocr_carea' id='block_1_89' title="bbox 1923 4235 3498 4321">
    <p class='ocr_par' dir='ltr' id='par_1_89' title="bbox 1923 4235 3498 4321">
     <span class='ocr_line' id='line_1_89' title="bbox 1923 4235 3498 4321; baseline -0.006 -9"><span class='ocrx_word' id='word_1_650' title='bbox 1923 4266 2065 4321; x_wconf 88' lang='lat' dir='ltr'><strong>erat,</strong></span> <span class='ocrx_word' id='word_1_651' title='bbox 2114 4263 2175 4309; x_wconf 91' lang='lat' dir='ltr'><strong>ut</strong></span> <span class='ocrx_word' id='word_1_652' title='bbox 2202 4252 2434 4308; x_wconf 90' lang='lat' dir='ltr'><strong>Domino</strong></span> <span class='ocrx_word' id='word_1_653' title='bbox 2462 4259 2656 4304; x_wconf 88' lang='lat' dir='ltr'><strong>nostro</strong></span> <span class='ocrx_word' id='word_1_654' title='bbox 2701 4248 2942 4317; x_wconf 83' lang='lat' dir='ltr'><strong>majores</strong></span> <span class='ocrx_word' id='word_1_655' title='bbox 2979 4235 3329 4302; x_wconf 79' lang='lat' dir='ltr'><strong>videremur?</strong></span> <span class='ocrx_word' id='word_1_656' title='bbox 3360 4247 3498 4302; x_wconf 88' lang='lat' dir='ltr'><strong>Cum</strong></span> 
     </span>
    </p>
   </div>
   <div class='ocr_carea' id='block_1_90' title="bbox 1922 4338 3500 4419">
    <p class='ocr_par' dir='ltr' id='par_1_90' title="bbox 1922 4338 3500 4419">
     <span class='ocr_line' id='line_1_90' title="bbox 1922 4338 3500 4419; baseline -0.007 -16"><span class='ocrx_word' id='word_1_657' title='bbox 1922 4362 2058 4419; x_wconf 86' lang='lat' dir='ltr'><strong>ergo</strong></span> <span class='ocrx_word' id='word_1_658' title='bbox 2087 4347 2221 4417; x_wconf 85' lang='lat' dir='ltr'><strong>ipse.</strong></span> <span class='ocrx_word' id='word_1_659' title='bbox 2270 4343 2515 4397; x_wconf 90' lang='lat' dir='ltr'><strong>universi</strong></span> <span class='ocrx_word' id='word_1_660' title='bbox 2549 4341 2720 4393; x_wconf 88' lang='lat' dir='ltr'><strong>totius</strong></span> <span class='ocrx_word' id='word_1_661' title='bbox 2762 4339 3036 4403; x_wconf 83' lang='lat' dir='ltr'><strong>Dominus</strong></span> <span class='ocrx_word' id='word_1_662' title='bbox 3061 4338 3360 4407; x_wconf 89' lang='lat' dir='ltr'><strong>herusque,</strong></span> <span class='ocrx_word' id='word_1_663' title='bbox 3400 4355 3500 4393; x_wconf 84' lang='lat' dir='ltr'><strong>eo-</strong></span> 
     </span>
    </p>
   </div>
   <div class='ocr_carea' id='block_1_91' title="bbox 1920 4429 3498 4508">
    <p class='ocr_par' dir='ltr' id='par_1_91' title="bbox 1920 4429 3498 4508">
     <span class='ocr_line' id='line_1_91' title="bbox 1920 4429 3498 4508; baseline -0.008 -14"><span class='ocrx_word' id='word_1_664' title='bbox 1920 4454 2154 4508; x_wconf 89' lang='lat' dir='ltr'><strong>rumque</strong></span> <span class='ocrx_word' id='word_1_665' title='bbox 2207 4437 2390 4490; x_wconf 88' lang='lat' dir='ltr'><strong>lumen</strong></span> <span class='ocrx_word' id='word_1_666' title='bbox 2437 4434 2531 4503; x_wconf 91' lang='lat' dir='ltr'><strong>qui</strong></span> <span class='ocrx_word' id='word_1_667' title='bbox 2572 4438 2701 4487; x_wconf 83' lang='lat' dir='ltr'><strong>sunt</strong></span> <span class='ocrx_word' id='word_1_668' title='bbox 2739 4431 2793 4483; x_wconf 91' lang='lat' dir='ltr'><strong>in</strong></span> <span class='ocrx_word' id='word_1_669' title='bbox 2841 4429 3107 4494; x_wconf 88' lang='lat' dir='ltr'><strong>tenebris,</strong></span> <span class='ocrx_word' id='word_1_670' title='bbox 3144 4444 3207 4484; x_wconf 92' lang='lat' dir='ltr'><strong>ac</strong></span> <span class='ocrx_word' id='word_1_671' title='bbox 3236 4429 3347 4482; x_wconf 87' lang='lat' dir='ltr'><strong>vita</strong></span> <span class='ocrx_word' id='word_1_672' title='bbox 3375 4432 3498 4483; x_wconf 84' lang='lat' dir='ltr'><strong>uni-</strong></span> 
     </span>
    </p>
   </div>
   <div class='ocr_carea' id='block_1_92' title="bbox 222 4522 1834 4605">
    <p class='ocr_par' dir='ltr' id='par_1_92' title="bbox 222 4529 1814 4603">
     <span class='ocr_line' id='line_1_92' title="bbox 222 4529 1814 4603; baseline -0.004 -14"><span class='ocrx_word' id='word_1_673' title='bbox 222 4536 391 4592; x_wconf 81' lang='grc' dir='ltr'>νάτου</span> <span class='ocrx_word' id='word_1_674' title='bbox 423 4533 724 4603; x_wconf 85' lang='grc' dir='ltr'>γεύσασθαι</span> <span class='ocrx_word' id='word_1_675' title='bbox 751 4574 766 4598; x_wconf 92' lang='grc'><strong>,</strong></span> <span class='ocrx_word' id='word_1_676' title='bbox 796 4533 894 4585; x_wconf 75' lang='grc' dir='ltr'>καὶ</span> <span class='ocrx_word' id='word_1_677' title='bbox 942 4532 1042 4603; x_wconf 85' lang='grc' dir='ltr'><strong>τὴν</strong></span> <span class='ocrx_word' id='word_1_678' title='bbox 1076 4533 1156 4593; x_wconf 88' lang='grc' dir='ltr'><strong>είς</strong></span> <span class='ocrx_word' id='word_1_679' title='bbox 1201 4529 1328 4600; x_wconf 69' lang='grc' dir='ltr'>ᾅδου</span> <span class='ocrx_word' id='word_1_680' title='bbox 1368 4530 1669 4584; x_wconf 78' lang='grc' dir='ltr'>κατάϐασιν</span> <span class='ocrx_word' id='word_1_681' title='bbox 1693 4533 1814 4584; x_wconf 80' lang='grc' dir='ltr'>ἐπι-</span> 
     </span>
    </p>
   </div>
   <div class='ocr_carea' id='block_1_93' title="bbox 1941 4522 3499 4605">
    <p class='ocr_par' dir='ltr' id='par_1_93' title="bbox 1941 4522 3499 4593">
     <span class='ocr_line' id='line_1_93' title="bbox 1941 4522 3499 4593; baseline -0.006 -6"><span class='ocrx_word' id='word_1_682' title='bbox 1941 4545 2227 4592; x_wconf 70' lang='grc' dir='ltr'>νοιεοτυιῐι,</span> <span class='ocrx_word' id='word_1_683' title='bbox 2260 4537 2488 4580; x_wconf 87' lang='lat' dir='ltr'><strong>mortem</strong></span> <span class='ocrx_word' id='word_1_684' title='bbox 2524 4534 2748 4593; x_wconf 80' lang='lat' dir='ltr'><strong>gustare</strong></span> <span class='ocrx_word' id='word_1_685' title='bbox 2781 4522 3042 4587; x_wconf 86' lang='lat' dir='ltr'><strong>voluerit,</strong></span> <span class='ocrx_word' id='word_1_686' title='bbox 3073 4536 3136 4574; x_wconf 89' lang='lat' dir='ltr'><strong>ac</strong></span> <span class='ocrx_word' id='word_1_687' title='bbox 3166 4522 3499 4577; x_wconf 83' lang='lat' dir='ltr'><strong>descendere</strong></span> 
     </span>
    </p>
   </div>
   <div class='ocr_carea' id='block_1_94' title="bbox 221 4620 1813 4693">
    <p class='ocr_par' dir='ltr' id='par_1_94' title="bbox 221 4620 1813 4693">
     <span class='ocr_line' id='line_1_94' title="bbox 221 4620 1813 4693; baseline -0.004 -13"><span class='ocrx_word' id='word_1_688' title='bbox 221 4626 533 4693; x_wconf 80' lang='grc' dir='ltr'>δείξασθαι,</span> <span class='ocrx_word' id='word_1_689' title='bbox 562 4624 637 4687; x_wconf 86' lang='grc' dir='ltr'>ὼς</span> <span class='ocrx_word' id='word_1_690' title='bbox 693 4623 760 4677; x_wconf 84' lang='grc' dir='ltr'><strong>ἂν</strong></span> <span class='ocrx_word' id='word_1_691' title='bbox 829 4622 972 4676; x_wconf 86' lang='grc' dir='ltr'>κατὰ</span> <span class='ocrx_word' id='word_1_692' title='bbox 1019 4620 1344 4691; x_wconf 82' lang='grc' dir='ltr'>πάνταήμῖν</span> <span class='ocrx_word' id='word_1_693' title='bbox 1373 4620 1612 4692; x_wconf 80' lang='grc' dir='ltr'>ὁμοιωθῇ</span> <span class='ocrx_word' id='word_1_694' title='bbox 1645 4620 1813 4691; x_wconf 63' lang='grc' dir='ltr'>χωρὶς</span> 
     </span>
    </p>
   </div>
   <div class='ocr_carea' id='block_1_95' title="bbox 222 4710 1812 4789">
    <p class='ocr_par' dir='ltr' id='par_1_95' title="bbox 222 4710 1812 4789">
     <span class='ocr_line' id='line_1_95' title="bbox 222 4710 1812 4789; baseline -0.004 -17"><span class='ocrx_word' id='word_1_695' title='bbox 222 4718 536 4789; x_wconf 83' lang='grc' dir='ltr'>ἁμαρτίας,</span> <span class='ocrx_word' id='word_1_696' title='bbox 594 4716 687 4769; x_wconf 66' lang='grc' dir='ltr'>καὶ</span> <span class='ocrx_word' id='word_1_697' title='bbox 733 4714 825 4768; x_wconf 84' lang='grc' dir='ltr'><strong>τὸν</strong></span> <span class='ocrx_word' id='word_1_698' title='bbox 872 4713 1072 4783; x_wconf 81' lang='grc' dir='ltr'>ἀμειδῆ</span> <span class='ocrx_word' id='word_1_699' title='bbox 1122 4710 1216 4764; x_wconf 81' lang='grc' dir='ltr'>τοῦ</span> <span class='ocrx_word' id='word_1_700' title='bbox 1262 4710 1391 4783; x_wconf 71' lang='grc' dir='ltr'>ᾅδου</span> <span class='ocrx_word' id='word_1_701' title='bbox 1457 4711 1666 4782; x_wconf 88' lang='grc' dir='ltr'>χῶρον,</span> <span class='ocrx_word' id='word_1_702' title='bbox 1720 4713 1812 4765; x_wconf 86' lang='grc' dir='ltr'><strong>τὸν</strong></span> 
     </span>
    </p>
   </div>
   <div class='ocr_carea' id='block_1_96' title="bbox 219 4803 1810 4879">
    <p class='ocr_par' dir='ltr' id='par_1_96' title="bbox 219 4803 1810 4879">
     <span class='ocr_line' id='line_1_96' title="bbox 219 4803 1810 4879; baseline -0.006 -15"><span class='ocrx_word' id='word_1_703' title='bbox 219 4809 445 4879; x_wconf 82' lang='grc' dir='ltr'>ἀφεγγῆ</span> <span class='ocrx_word' id='word_1_704' title='bbox 462 4808 607 4877; x_wconf 78' lang='grc' dir='ltr'>λέγω</span> <span class='ocrx_word' id='word_1_705' title='bbox 640 4807 732 4861; x_wconf 72' lang='grc' dir='ltr'><strong>καὶ</strong></span> <span class='ocrx_word' id='word_1_706' title='bbox 753 4806 1094 4875; x_wconf 87' lang='grc' dir='ltr'>σκοτομήνης</span> <span class='ocrx_word' id='word_1_707' title='bbox 1117 4803 1323 4874; x_wconf 81' lang='grc' dir='ltr'>πλήρη,</span> <span class='ocrx_word' id='word_1_708' title='bbox 1347 4805 1810 4874; x_wconf 86' lang='grc' dir='ltr'>νυκτοτριήμερον</span> 
     </span>
    </p>
   </div>
   <div class='ocr_carea' id='block_1_97' title="bbox 217 4889 1808 4975">
    <p class='ocr_par' dir='ltr' id='par_1_97' title="bbox 217 4889 1808 4975">
     <span class='ocr_line' id='line_1_97' title="bbox 217 4889 1808 4975; baseline -0.004 -21"><span class='ocrx_word' id='word_1_709' title='bbox 217 4889 528 4975; x_wconf 76' lang='grc' dir='ltr'>διελήλυθε,</span> <span class='ocrx_word' id='word_1_710' title='bbox 574 4899 626 4952; x_wconf 90' lang='grc' dir='ltr'><strong>τί</strong></span> <span class='ocrx_word' id='word_1_711' title='bbox 667 4898 816 4964; x_wconf 78' lang='grc' dir='ltr'>ξένον</span> <span class='ocrx_word' id='word_1_712' title='bbox 869 4894 1236 4966; x_wconf 79' lang='grc' dir='ltr'>ἁμαρτωλοὺς</span> <span class='ocrx_word' id='word_1_713' title='bbox 1290 4894 1451 4956; x_wconf 73' lang='grc' dir='ltr'>ὄντας</span> <span class='ocrx_word' id='word_1_714' title='bbox 1490 4896 1657 4964; x_wconf 79' lang='grc' dir='ltr'>ἡμᾶς,</span> <span class='ocrx_word' id='word_1_715' title='bbox 1712 4895 1808 4948; x_wconf 78' lang='grc' dir='ltr'><strong>καὶ</strong></span> 
     </span>
    </p>
   </div>
   <div class='ocr_carea' id='block_1_98' title="bbox 214 4984 1809 5062">
    <p class='ocr_par' dir='ltr' id='par_1_98' title="bbox 214 4984 1809 5062">
     <span class='ocr_line' id='line_1_98' title="bbox 214 4984 1809 5062; baseline -0.005 -17"><span class='ocrx_word' id='word_1_716' title='bbox 214 4992 453 5062; x_wconf 84' lang='grc' dir='ltr'>νεκροὺς</span> <span class='ocrx_word' id='word_1_717' title='bbox 512 4990 613 5061; x_wconf 72' lang='grc' dir='ltr'><strong>ἤδη</strong></span> <span class='ocrx_word' id='word_1_718' title='bbox 668 4991 780 5051; x_wconf 86' lang='grc' dir='ltr'>τοῖς</span> <span class='ocrx_word' id='word_1_719' title='bbox 829 4985 1246 5056; x_wconf 84' lang='grc' dir='ltr'>παραπτώμασι</span> <span class='ocrx_word' id='word_1_720' title='bbox 1286 4984 1429 5039; x_wconf 81' lang='grc' dir='ltr'>κατὰ</span> <span class='ocrx_word' id='word_1_721' title='bbox 1480 4985 1571 5038; x_wconf 83' lang='grc' dir='ltr'><strong>τὸν</strong></span> <span class='ocrx_word' id='word_1_722' title='bbox 1631 4986 1809 5055; x_wconf 82' lang='grc' dir='ltr'>μέγαν</span> 
     </span>
    </p>
   </div>
   <div class='ocr_carea' id='block_1_99' title="bbox 228 5076 1812 5149">
    <p class='ocr_par' dir='ltr' id='par_1_99' title="bbox 228 5076 1812 5149">
     <span class='ocr_line' id='line_1_99' title="bbox 228 5076 1812 5149; baseline -0.005 -11"><span class='ocrx_word' id='word_1_723' title='bbox 228 5081 581 5145; x_wconf 81' lang='grc' dir='ltr'>Ἀπὸστολον,</span> <span class='ocrx_word' id='word_1_724' title='bbox 637 5082 761 5142; x_wconf 78' lang='grc' dir='ltr'>τοὺς</span> <span class='ocrx_word' id='word_1_725' title='bbox 790 5080 896 5132; x_wconf 82' lang='grc' dir='ltr'>ὑπὸ</span> <span class='ocrx_word' id='word_1_726' title='bbox 917 5079 1131 5145; x_wconf 82' lang='grc' dir='ltr'>γένεσιν</span> <span class='ocrx_word' id='word_1_727' title='bbox 1172 5078 1266 5131; x_wconf 72' lang='grc' dir='ltr'><strong>καὶ</strong></span> <span class='ocrx_word' id='word_1_728' title='bbox 1313 5076 1519 5146; x_wconf 79' lang='grc' dir='ltr'>φθορὰν</span> <span class='ocrx_word' id='word_1_729' title='bbox 1545 5120 1558 5143; x_wconf 92' lang='grc'><strong>,</strong></span> <span class='ocrx_word' id='word_1_730' title='bbox 1598 5077 1812 5149; x_wconf 82' lang='grc' dir='ltr'>θανάτῳ</span> 
     </span>
    </p>
   </div>
   <div class='ocr_carea' id='block_1_100' title="bbox 213 5168 1810 5243">
    <p class='ocr_par' dir='ltr' id='par_1_100' title="bbox 213 5168 1810 5243">
     <span class='ocr_line' id='line_1_100' title="bbox 213 5168 1810 5243; baseline -0.002 -18"><span class='ocrx_word' id='word_1_731' title='bbox 213 5173 326 5243; x_wconf 81' lang='grc' dir='ltr'><strong>μὲν</strong></span> <span class='ocrx_word' id='word_1_732' title='bbox 352 5171 780 5243; x_wconf 81' lang='grc' dir='ltr'>προσομιλῆσαι,</span> <span class='ocrx_word' id='word_1_733' title='bbox 821 5171 915 5222; x_wconf 75' lang='grc' dir='ltr'><strong>καὶ</strong></span> <span class='ocrx_word' id='word_1_734' title='bbox 968 5168 1097 5238; x_wconf 73' lang='grc' dir='ltr'>ᾅδου</span> <span class='ocrx_word' id='word_1_735' title='bbox 1126 5169 1196 5220; x_wconf 74' lang='grc' dir='ltr'>τὰ</span> <span class='ocrx_word' id='word_1_736' title='bbox 1238 5169 1494 5220; x_wconf 84' lang='grc' dir='ltr'>σκοτεινὰ</span> <span class='ocrx_word' id='word_1_737' title='bbox 1520 5169 1607 5221; x_wconf 86' lang='grc' dir='ltr'>διὰ</span> <span class='ocrx_word' id='word_1_738' title='bbox 1638 5170 1810 5239; x_wconf 81' lang='grc' dir='ltr'>μέσης</span> 
     </span>
    </p>
   </div>
   <div class='ocr_carea' id='block_1_101' title="bbox 206 5252 1809 5333">
    <p class='ocr_par' dir='ltr' id='par_1_101' title="bbox 206 5252 1809 5333">
     <span class='ocr_line' id='line_1_101' title="bbox 206 5252 1809 5333; baseline -0.002 -18"><span class='ocrx_word' id='word_1_739' title='bbox 206 5261 401 5333; x_wconf 81' lang='grc' dir='ltr'>ψυχῆς</span> <span class='ocrx_word' id='word_1_740' title='bbox 458 5261 712 5314; x_wconf 84' lang='grc' dir='ltr'>ὑπελθεῖν</span> <span class='ocrx_word' id='word_1_741' title='bbox 769 5259 1119 5327; x_wconf 84' lang='grc' dir='ltr'>καταγώγια,</span> <span class='ocrx_word' id='word_1_742' title='bbox 1174 5252 1236 5313; x_wconf 76' lang='grc' dir='ltr'>οὗ</span> <span class='ocrx_word' id='word_1_743' title='bbox 1284 5258 1386 5311; x_wconf 80' lang='grc' dir='ltr'><strong>οὐκ</strong></span> <span class='ocrx_word' id='word_1_744' title='bbox 1431 5257 1549 5310; x_wconf 76' lang='grc' dir='ltr'>ἔστι</span> <span class='ocrx_word' id='word_1_745' title='bbox 1604 5258 1809 5327; x_wconf 77' lang='grc' dir='ltr'>φέγγος</span> 
     </span>
    </p>
   </div>
   <div class='ocr_carea' id='block_1_102' title="bbox 211 5345 1805 5419">
    <p class='ocr_par' dir='ltr' id='par_1_102' title="bbox 211 5345 1805 5419">
     <span class='ocr_line' id='line_1_102' title="bbox 211 5345 1805 5419; baseline -0.001 -16"><span class='ocrx_word' id='word_1_746' title='bbox 211 5350 374 5414; x_wconf 75' lang='grc' dir='ltr'>ἰδεῖν,</span> <span class='ocrx_word' id='word_1_747' title='bbox 410 5349 531 5402; x_wconf 74' lang='grc' dir='ltr'>οὐδὲ</span> <span class='ocrx_word' id='word_1_748' title='bbox 569 5349 703 5419; x_wconf 77' lang='grc' dir='ltr'>ὀρᾷν</span> <span class='ocrx_word' id='word_1_749' title='bbox 726 5348 874 5418; x_wconf 81' lang='grc' dir='ltr'>ζωὴν</span> <span class='ocrx_word' id='word_1_750' title='bbox 910 5347 1137 5419; x_wconf 81' lang='grc' dir='ltr'>βροτῶν,</span> <span class='ocrx_word' id='word_1_751' title='bbox 1164 5347 1240 5410; x_wconf 84' lang='grc' dir='ltr'><strong>ῶς</strong></span> <span class='ocrx_word' id='word_1_752' title='bbox 1276 5345 1679 5417; x_wconf 84' lang='grc' dir='ltr'>προλέλεκται;</span> <span class='ocrx_word' id='word_1_753' title='bbox 1712 5348 1805 5419; x_wconf 82' lang='grc' dir='ltr'><strong>Μὴ</strong></span> 
     </span>
    </p>
   </div>
   <div class='ocr_carea' id='block_1_103' title="bbox 204 5437 1802 5514">
    <p class='ocr_par' dir='ltr' id='par_1_103' title="bbox 204 5437 1802 5514">
     <span class='ocr_line' id='line_1_103' title="bbox 204 5437 1802 5514; baseline -0.002 -19"><span class='ocrx_word' id='word_1_754' title='bbox 204 5444 350 5514; x_wconf 82' lang='grc' dir='ltr'>γὰρ,</span> <span class='ocrx_word' id='word_1_755' title='bbox 376 5441 517 5513; x_wconf 78' lang='grc' dir='ltr'>ὑπὲρ</span> <span class='ocrx_word' id='word_1_756' title='bbox 545 5441 636 5494; x_wconf 76' lang='grc' dir='ltr'><strong>τὸν</strong></span> <span class='ocrx_word' id='word_1_757' title='bbox 666 5442 944 5511; x_wconf 76' lang='grc' dir='ltr'>Δεσπότην</span> <span class='ocrx_word' id='word_1_758' title='bbox 976 5443 1139 5510; x_wconf 79' lang='grc' dir='ltr'>ἡμεῖς</span> <span class='ocrx_word' id='word_1_759' title='bbox 1160 5479 1176 5504; x_wconf 90' lang='grc'><strong>,</strong></span> <span class='ocrx_word' id='word_1_760' title='bbox 1214 5439 1248 5510; x_wconf 81' lang='grc' dir='ltr'>ἢ</span> <span class='ocrx_word' id='word_1_761' title='bbox 1276 5437 1384 5492; x_wconf 90' lang='grc' dir='ltr'><strong>τῶν</strong></span> <span class='ocrx_word' id='word_1_762' title='bbox 1416 5439 1586 5507; x_wconf 78' lang='grc' dir='ltr'>ἁγίων</span> <span class='ocrx_word' id='word_1_763' title='bbox 1615 5439 1802 5511; x_wconf 82' lang='grc' dir='ltr'>κρείτ-</span> 
     </span>
    </p>
   </div>
   <div class='ocr_carea' id='block_1_104' title="bbox 309 5614 1255 5686">
    <p class='ocr_par' dir='ltr' id='par_1_104' title="bbox 309 5614 1255 5686">
     <span class='ocr_line' id='line_1_104' title="bbox 309 5614 1255 5686; baseline -0.003 -15"><span class='ocrx_word' id='word_1_764' title='bbox 309 5628 348 5661; x_wconf 82' lang='lat' dir='ltr'><strong>II</strong></span> <span class='ocrx_word' id='word_1_765' title='bbox 377 5615 622 5686; x_wconf 61' lang='lat' dir='ltr'><strong>Danmt,</strong></span> <span class='ocrx_word' id='word_1_766' title='bbox 648 5617 703 5673; x_wconf 80' lang='lat'><strong>2.</strong></span> <span class='ocrx_word' id='word_1_767' title='bbox 782 5624 811 5653; x_wconf 75' lang='grc' dir='ltr'><strong>ιι</strong></span> <span class='ocrx_word' id='word_1_768' title='bbox 845 5614 1047 5686; x_wconf 84' lang='lat' dir='ltr'><strong>Ephes.</strong></span> <span class='ocrx_word' id='word_1_769' title='bbox 1090 5631 1152 5683; x_wconf 90' lang='grc' dir='ltr'>ιι,</span> <span class='ocrx_word' id='word_1_770' title='bbox 1200 5615 1255 5669; x_wconf 83' lang='lat'><strong>5.</strong></span> 
     </span>
    </p>
   </div>
   <div class='ocr_carea' id='block_1_105' title="bbox 1918 4612 3500 4685">
    <p class='ocr_par' dir='ltr' id='par_1_105' title="bbox 1918 4612 3500 4685">
     <span class='ocr_line' id='line_1_105' title="bbox 1918 4612 3500 4685; baseline -0.006 -9"><span class='ocrx_word' id='word_1_771' title='bbox 1918 4623 1975 4676; x_wconf 90' lang='lat' dir='ltr'><strong>in</strong></span> <span class='ocrx_word' id='word_1_772' title='bbox 2008 4620 2309 4685; x_wconf 79' lang='lat' dir='ltr'><strong>infernum,</strong></span> <span class='ocrx_word' id='word_1_773' title='bbox 2343 4626 2402 4671; x_wconf 89' lang='lat' dir='ltr'><strong>ut</strong></span> <span class='ocrx_word' id='word_1_774' title='bbox 2436 4631 2530 4685; x_wconf 87' lang='lat' dir='ltr'><strong>per</strong></span> <span class='ocrx_word' id='word_1_775' title='bbox 2563 4616 2746 4670; x_wconf 87' lang='lat' dir='ltr'><strong>omnia</strong></span> <span class='ocrx_word' id='word_1_776' title='bbox 2782 4614 2942 4668; x_wconf 87' lang='lat' dir='ltr'><strong>nobis</strong></span> <span class='ocrx_word' id='word_1_777' title='bbox 2965 4612 3186 4676; x_wconf 87' lang='lat' dir='ltr'><strong>similis,</strong></span> <span class='ocrx_word' id='word_1_778' title='bbox 3220 4614 3339 4668; x_wconf 88' lang='lat' dir='ltr'><strong>sine</strong></span> <span class='ocrx_word' id='word_1_779' title='bbox 3373 4629 3500 4684; x_wconf 79' lang='lat' dir='ltr'><strong>pet:-</strong></span> 
     </span>
    </p>
   </div>
   <div class='ocr_carea' id='block_1_106' title="bbox 1918 4702 3497 4773">
    <p class='ocr_par' dir='ltr' id='par_1_106' title="bbox 1918 4702 3497 4773">
     <span class='ocr_line' id='line_1_106' title="bbox 1918 4702 3497 4773; baseline -0.006 -7"><span class='ocrx_word' id='word_1_780' title='bbox 1918 4721 2062 4773; x_wconf 87' lang='lat' dir='ltr'><strong>cato,</strong></span> <span class='ocrx_word' id='word_1_781' title='bbox 2093 4709 2439 4773; x_wconf 73' lang='lat' dir='ltr'><strong>eﬂiceretur,</strong></span> <span class='ocrx_word' id='word_1_782' title='bbox 2470 4721 2620 4766; x_wconf 90' lang='lat' dir='ltr'><strong>cum,</strong></span> <span class='ocrx_word' id='word_1_783' title='bbox 2667 4704 2919 4773; x_wconf 87' lang='lat' dir='ltr'><strong>inquam,</strong></span> <span class='ocrx_word' id='word_1_784' title='bbox 2971 4702 3137 4757; x_wconf 87' lang='lat' dir='ltr'><strong>tridui</strong></span> <span class='ocrx_word' id='word_1_785' title='bbox 3171 4704 3370 4772; x_wconf 87' lang='lat' dir='ltr'><strong>spatio,</strong></span> <span class='ocrx_word' id='word_1_786' title='bbox 3412 4704 3497 4757; x_wconf 79' lang='lat' dir='ltr'><strong>in~</strong></span> 
     </span>
    </p>
   </div>
   <div class='ocr_carea' id='block_1_107' title="bbox 1918 4779 3492 4867">
    <p class='ocr_par' dir='ltr' id='par_1_107' title="bbox 1918 4779 3492 4867">
     <span class='ocr_line' id='line_1_107' title="bbox 1918 4779 3492 4867; baseline -0.005 -10"><span class='ocrx_word' id='word_1_787' title='bbox 1918 4779 2142 4857; x_wconf 84' lang='lat' dir='ltr'><strong>suavem</strong></span> <span class='ocrx_word' id='word_1_788' title='bbox 2187 4798 2389 4854; x_wconf 78' lang='lat' dir='ltr'><strong>inferni</strong></span> <span class='ocrx_word' id='word_1_789' title='bbox 2422 4798 2700 4867; x_wconf 80' lang='lat' dir='ltr'><strong>regionem</strong></span> <span class='ocrx_word' id='word_1_790' title='bbox 2731 4835 2745 4860; x_wconf 94' lang='lat'><strong>,</strong></span> <span class='ocrx_word' id='word_1_791' title='bbox 2782 4794 2962 4849; x_wconf 92' lang='lat' dir='ltr'><strong>locum</strong></span> <span class='ocrx_word' id='word_1_792' title='bbox 3004 4794 3158 4847; x_wconf 92' lang='lat' dir='ltr'><strong>illum</strong></span> <span class='ocrx_word' id='word_1_793' title='bbox 3195 4794 3492 4850; x_wconf 88' lang='lat' dir='ltr'><strong>obscurum</strong></span> 
     </span>
    </p>
   </div>
   <div class='ocr_carea' id='block_1_108' title="bbox 1915 4884 3490 4959">
    <p class='ocr_par' dir='ltr' id='par_1_108' title="bbox 1915 4884 3490 4959">
     <span class='ocr_line' id='line_1_108' title="bbox 1915 4884 3490 4959; baseline -0.006 -14"><span class='ocrx_word' id='word_1_794' title='bbox 1915 4906 1979 4945; x_wconf 90' lang='lat' dir='ltr'><strong>ac</strong></span> <span class='ocrx_word' id='word_1_795' title='bbox 2014 4900 2175 4946; x_wconf 88' lang='lat' dir='ltr'><strong>nocte</strong></span> <span class='ocrx_word' id='word_1_796' title='bbox 2224 4900 2342 4943; x_wconf 88' lang='lat' dir='ltr'><strong>atra</strong></span> <span class='ocrx_word' id='word_1_797' title='bbox 2385 4888 2605 4959; x_wconf 88' lang='lat' dir='ltr'><strong>plenum</strong></span> <span class='ocrx_word' id='word_1_798' title='bbox 2652 4885 3073 4954; x_wconf 88' lang='lat' dir='ltr'><strong>pertransierit,</strong></span> <span class='ocrx_word' id='word_1_799' title='bbox 3107 4885 3237 4953; x_wconf 90' lang='lat' dir='ltr'><strong>quid</strong></span> <span class='ocrx_word' id='word_1_800' title='bbox 3270 4884 3490 4948; x_wconf 87' lang='lat' dir='ltr'><strong>mirum,</strong></span> 
     </span>
    </p>
   </div>
   <div class='ocr_carea' id='block_1_109' title="bbox 1916 4973 3490 5052">
    <p class='ocr_par' dir='ltr' id='par_1_109' title="bbox 1916 4973 3490 5052">
     <span class='ocr_line' id='line_1_109' title="bbox 1916 4973 3490 5052; baseline -0.006 -15"><span class='ocrx_word' id='word_1_801' title='bbox 1916 4983 1962 5037; x_wconf 91' lang='lat' dir='ltr'><strong>si</strong></span> <span class='ocrx_word' id='word_1_802' title='bbox 2019 4997 2121 5037; x_wconf 88' lang='lat' dir='ltr'><strong>nos</strong></span> <span class='ocrx_word' id='word_1_803' title='bbox 2153 4987 2494 5052; x_wconf 88' lang='lat' dir='ltr'><strong>peccatores,</strong></span> <span class='ocrx_word' id='word_1_804' title='bbox 2531 4985 2583 5031; x_wconf 90' lang='lat' dir='ltr'><strong>et</strong></span> <span class='ocrx_word' id='word_1_805' title='bbox 2633 4976 2748 5045; x_wconf 82' lang='lat' dir='ltr'><strong>jam</strong></span> <span class='ocrx_word' id='word_1_806' title='bbox 2790 4973 2991 5028; x_wconf 84' lang='lat' dir='ltr'><strong>mortui</strong></span> <span class='ocrx_word' id='word_1_807' title='bbox 3043 4973 3304 5043; x_wconf 83' lang='lat' dir='ltr'><strong>peccatis,</strong></span> <span class='ocrx_word' id='word_1_808' title='bbox 3333 4974 3490 5042; x_wconf 80' lang='lat' dir='ltr'><strong>juxta</strong></span> 
     </span>
    </p>
   </div>
   <div class='ocr_carea' id='block_1_110' title="bbox 1909 5063 3489 5142">
    <p class='ocr_par' dir='ltr' id='par_1_110' title="bbox 1909 5063 3489 5142">
     <span class='ocr_line' id='line_1_110' title="bbox 1909 5063 3489 5142; baseline -0.006 -17"><span class='ocrx_word' id='word_1_809' title='bbox 1909 5073 2055 5142; x_wconf 90' lang='lat' dir='ltr'><strong>quod</strong></span> <span class='ocrx_word' id='word_1_810' title='bbox 2086 5076 2161 5125; x_wconf 92' lang='lat' dir='ltr'><strong>ait</strong></span> <span class='ocrx_word' id='word_1_811' title='bbox 2217 5083 2449 5140; x_wconf 86' lang='lat' dir='ltr'><strong>magnus</strong></span> <span class='ocrx_word' id='word_1_812' title='bbox 2486 5065 2784 5137; x_wconf 79' lang='lat' dir='ltr'><strong>Apostolus</strong></span> <span class='ocrx_word' id='word_1_813' title='bbox 2820 5066 2846 5093; x_wconf 83' lang='grc'><strong>¹²</strong></span> <span class='ocrx_word' id='word_1_814' title='bbox 2876 5103 2891 5128; x_wconf 92' lang='grc'><strong>,</strong></span> <span class='ocrx_word' id='word_1_815' title='bbox 2922 5063 3016 5132; x_wconf 90' lang='lat' dir='ltr'><strong>qui</strong></span> <span class='ocrx_word' id='word_1_816' title='bbox 3045 5079 3239 5118; x_wconf 90' lang='lat' dir='ltr'><strong>sumus</strong></span> <span class='ocrx_word' id='word_1_817' title='bbox 3264 5063 3489 5118; x_wconf 72' lang='lat' dir='ltr'><strong>obnoxii</strong></span> 
     </span>
    </p>
   </div>
   <div class='ocr_carea' id='block_1_111' title="bbox 1908 5155 3489 5224">
    <p class='ocr_par' dir='ltr' id='par_1_111' title="bbox 1908 5155 3489 5224">
     <span class='ocr_line' id='line_1_111' title="bbox 1908 5155 3489 5224; baseline -0.007 -6"><span class='ocrx_word' id='word_1_818' title='bbox 1908 5164 2054 5218; x_wconf 90' lang='lat' dir='ltr'><strong>ortui</strong></span> <span class='ocrx_word' id='word_1_819' title='bbox 2101 5173 2154 5219; x_wconf 85' lang='lat' dir='ltr'><strong>et</strong></span> <span class='ocrx_word' id='word_1_820' title='bbox 2197 5160 2471 5224; x_wconf 85' lang='lat' dir='ltr'><strong>interitui,</strong></span> <span class='ocrx_word' id='word_1_821' title='bbox 2526 5169 2758 5211; x_wconf 92' lang='lat' dir='ltr'><strong>mortem</strong></span> <span class='ocrx_word' id='word_1_822' title='bbox 2807 5164 3155 5224; x_wconf 70' lang='lat' dir='ltr'><strong>oppetamus,</strong></span> <span class='ocrx_word' id='word_1_823' title='bbox 3200 5155 3489 5223; x_wconf 83' lang='lat' dir='ltr'><strong>mediaque</strong></span> 
     </span>
    </p>
   </div>
   <div class='ocr_carea' id='block_1_112' title="bbox 1909 5245 3483 5312">
    <p class='ocr_par' dir='ltr' id='par_1_112' title="bbox 1909 5245 3483 5312">
     <span class='ocr_line' id='line_1_112' title="bbox 1909 5245 3483 5312; baseline -0.008 -3"><span class='ocrx_word' id='word_1_824' title='bbox 1909 5256 2090 5309; x_wconf 89' lang='lat' dir='ltr'><strong>anima</strong></span> <span class='ocrx_word' id='word_1_825' title='bbox 2133 5256 2421 5312; x_wconf 75' lang='lat' dir='ltr'><strong>adeamus,</strong></span> <span class='ocrx_word' id='word_1_826' title='bbox 2468 5250 2764 5303; x_wconf 86' lang='lat' dir='ltr'><strong>tenebrosa</strong></span> <span class='ocrx_word' id='word_1_827' title='bbox 2815 5246 3016 5300; x_wconf 81' lang='lat' dir='ltr'><strong>inferni</strong></span> <span class='ocrx_word' id='word_1_828' title='bbox 3067 5245 3379 5298; x_wconf 82' lang='lat' dir='ltr'><strong>habitacula</strong></span> <span class='ocrx_word' id='word_1_829' title='bbox 3432 5247 3483 5298; x_wconf 90' lang='lat' dir='ltr'><strong>in</strong></span> 
     </span>
    </p>
   </div>
   <div class='ocr_carea' id='block_1_113' title="bbox 1907 5336 3481 5417">
    <p class='ocr_par' dir='ltr' id='par_1_113' title="bbox 1907 5336 3481 5417">
     <span class='ocr_line' id='line_1_113' title="bbox 1907 5336 3481 5417; baseline -0.006 -17"><span class='ocrx_word' id='word_1_830' title='bbox 1907 5347 2110 5417; x_wconf 88' lang='lat' dir='ltr'><strong>quibus</strong></span> <span class='ocrx_word' id='word_1_831' title='bbox 2147 5360 2256 5399; x_wconf 92' lang='lat' dir='ltr'><strong>non</strong></span> <span class='ocrx_word' id='word_1_832' title='bbox 2305 5345 2380 5396; x_wconf 87' lang='lat' dir='ltr'><strong>sit</strong></span> <span class='ocrx_word' id='word_1_833' title='bbox 2414 5343 2557 5395; x_wconf 82' lang='lat' dir='ltr'><strong>lucis</strong></span> <span class='ocrx_word' id='word_1_834' title='bbox 2607 5339 2887 5409; x_wconf 84' lang='lat' dir='ltr'><strong>splendor,</strong></span> <span class='ocrx_word' id='word_1_835' title='bbox 2935 5353 3038 5390; x_wconf 85' lang='lat' dir='ltr'><strong>nec</strong></span> <span class='ocrx_word' id='word_1_836' title='bbox 3082 5336 3255 5389; x_wconf 78' lang='lat' dir='ltr'><strong>videri</strong></span> <span class='ocrx_word' id='word_1_837' title='bbox 3312 5338 3481 5404; x_wconf 82' lang='lat' dir='ltr'><strong>possit</strong></span> 
     </span>
    </p>
   </div>
   <div class='ocr_carea' id='block_1_114' title="bbox 1913 5427 3481 5502">
    <p class='ocr_par' dir='ltr' id='par_1_114' title="bbox 1913 5427 3481 5502">
     <span class='ocr_line' id='line_1_114' title="bbox 1913 5427 3481 5502; baseline -0.006 -9"><span class='ocrx_word' id='word_1_838' title='bbox 1913 5437 2226 5493; x_wconf 78' lang='lat' dir='ltr'><strong>mortalium</strong></span> <span class='ocrx_word' id='word_1_839' title='bbox 2252 5436 2384 5502; x_wconf 82' lang='lat' dir='ltr'><strong>vita,</strong></span> <span class='ocrx_word' id='word_1_840' title='bbox 2425 5442 2483 5487; x_wconf 92' lang='lat' dir='ltr'><strong>ut</strong></span> <span class='ocrx_word' id='word_1_841' title='bbox 2515 5431 2835 5502; x_wconf 64' lang='lat' dir='ltr'><strong>praedictum</strong></span> <span class='ocrx_word' id='word_1_842' title='bbox 2880 5428 3021 5485; x_wconf 82' lang='lat' dir='ltr'><strong>fuit?</strong></span> <span class='ocrx_word' id='word_1_843' title='bbox 3049 5427 3309 5499; x_wconf 80' lang='lat' dir='ltr'><strong>Nunquid</strong></span> <span class='ocrx_word' id='word_1_844' title='bbox 3338 5428 3481 5483; x_wconf 83' lang='lat' dir='ltr'><strong>enim</strong></span> 
     </span>
    </p>
   </div>
  </div>
