3978 6140
389 217 525 284 1289

1297 219 1396 280 DE
1435 216 1760 278 HUMANA
1789 214 1964 280 VlTA
2003 174 2098 272 Et
2131 212 2228 272 DE
2264 211 2709 272 DEFUNCTH.

3508 213 3640 272 1290

387 339 612 393 σκότους
656 327 924 400 μετῆλθεν
969 328 1050 390 είς
1083 327 1218 396 φῶς.
1251 328 1318 381 Εῐ
1344 345 1408 396 γε
1436 325 1530 380 τοῦ
1564 325 1845 397 παρ’ήμίν
1871 326 1952 378 αἰ-

2059 323 2234 392 plora,
2272 319 2478 376 defecit
2506 323 2652 376 enim
2694 321 2783 372 ius
2811 329 2858 372 ι’.
2900 337 2917 369 ι
2963 319 3030 371 At
3062 335 3130 373 ne
3159 334 3344 373 amare
3373 320 3640 376 lamente-

389 421 608 492 σθητοῦ.
640 421 703 474 τὸ
733 421 922 490 νοητὸν
955 421 1133 472 έκεῖνο
1171 417 1540 488 διαφερόντως
1585 415 1960 488 ὑπερανέστη-

383 532 480 569 κεν
499 529 514 542 ·
539 506 642 580 ὧν,
668 513 730 567 τὸ
761 511 893 584 μὲν,
923 511 1295 582 δυοδεκὰωρος
1323 510 1632 581 διαδέχεται
1657 509 1787 574 νὺξ,
1819 509 1960 586 κατὰ

385 603 634 676 περίοδον
661 602 812 674 αὑτῷ
839 601 1140 673 γιγνομένη
1170 602 1298 673 περὶ
1325 603 1430 673 γῆν
1459 601 1836 670 ἀποσκίασμα,
1864 599 1958 652 καὶ

382 693 633 767 χρονικδν
662 693 994 763 περιγράφει
1022 690 1332 762 διάστημω
1363 691 1425 744 τὸ
1452 691 1533 756 δὲ,
1563 691 1624 744 οὐ
1655 691 1868 754 σκότος,
1895 688 1957 742 οὐ

381 785 496 850 νὺξ,
537 785 637 838 οὐκ
671 783 930 854 ἁλαμπὴς
965 781 1171 854 ἡμέρα,
1205 781 1270 835 οὐ
1304 781 1500 852 χρόνου
1535 779 1820 852 περίοδος
1857 779 1958 832 οὑκ

379 874 650 941 ἐνιαυτὸς,
693 873 796 928 οὐκ
826 871 961 927 αίὼν
983 912 1000 935 ,
1041 875 1102 926 οὐ
1132 873 1341 927 κίντιιια
1371 872 1468 926 καὶ
1497 871 1772 941 διάστημα
1797 887 1958 940 περι-

383 967 611 1037 ίστησιν·
631 965 747 1019 ἀλλ’
776 965 960 1028 ἁῖδίως
983 963 1304 1033 ὲναυγάζον,
1328 965 1438 1026 τοῖς
1465 964 1565 1033 τῆς
1595 960 1762 1016 αὐτοῦ
1783 977 1954 1014 κατα·

383 1045 655 1130 τρυφῶσιν
707 1057 880 1111 ἀϊδίου
933 1055 1320 1126 λαμπρότητος
1350 1073 1363 1086 ·
1413 1053 1489 1118 ὥς
1543 1070 1646 1107 που
1699 1053 1760 1106 τδ
1813 1051 1957 1106 θεῖον

381 1151 619 1222 Γράμμα
651 1149 786 1220 φησί
818 1165 832 1178 ο
864 1167 882 1200 ι
915 1147 1036 1212 Φῶς
1067 1147 1300 1211 δικαίοις
1330 1145 1629 1209 διαπαντός
1655 1161 1669 1176 ο
1699 1145 1870 1216 ὄνομα
1897 1143 1956 1198 δὲ

377 1240 590 1295 ἀσεϐῶν
629 1240 914 1294 σϐέννυται
933 1255 948 1270 ο
987 1259 1004 1290 ι
1039 1238 1151 1293 τῶν
1188 1239 1263 1310 μὴ
1291 1239 1369 1308 τῷ
1401 1239 1542 1307 φωτὶ
1568 1236 1676 1290 τῶν
1697 1235 1794 1290 τοῦ
1820 1236 1954 1290 Θεοῦ

379 1328 821 1402 προσταγμάτων
857 1330 915 1382 ὲν
950 1329 1027 1400 τῷ
1063 1329 1324 1399 σκοτεινῷ
1358 1328 1454 1382 τοῦ
1501 1328 1617 1398 βίου
1660 1327 1955 1398 πορευθέν-

373 1441 481 1478 των
515 1423 718 1494 χωρίῳ.
752 1422 924 1478 Τοῦτο
954 1423 1019 1494 δὴ
1051 1423 1112 1476 τὸ
1145 1421 1309 1498 παρὰ,
1330 1421 1423 1474 τοῦ
1458 1420 1580 1474 Ἰὼϐ
1615 1421 1911 1492 εἰρημένον
1939 1437 1953 1450 ο

379 1534 398 1567 ι
427 1514 523 1579 Τίς
541 1516 607 1570 ἄν
638 1532 705 1588 με
736 1515 855 1586 θείη
888 1516 1029 1570 κατὰ
1063 1515 1208 1586 μῆνα
1237 1514 1460 1585 ἡμερῶν
1485 1514 1593 1566 τῶν
1623 1512 1952 1584 ἔμπροσθεν,

373 1603 628 1672 λέγοντος
647 1642 662 1666 ,
692 1597 766 1658 ὧν
799 1621 867 1676 με
897 1606 926 1658 ὁ
953 1603 1086 1668 Θεὸς
1121 1603 1416 1673 ἐφύλαττεν
1447 1603 1691 1674 ἄτρωτον
1716 1619 1730 1635 ·
1759 1603 1836 1667 ὡς
1867 1605 1955 1656 ὅτε

2065 417 2176 481 ris;
2217 413 2366 467 haud
2396 413 2675 482 siquidem
2706 411 2800 466 lux
2831 412 3109 465 exstincta
3145 419 3249 476 est,
3283 411 3382 466 sed
3411 416 3643 470 transiit

2065 519 2096 559 a
2137 504 2380 560 tenebris
2415 505 2482 558 ad
2531 505 2756 558 lucem:
2793 503 3020 572 quando
3066 501 3192 557 lure
3228 505 3331 559 hac
3359 507 3640 570 sensibili,

2065 594 2332 664 Spiritalis
2361 593 2456 648 illa
2483 593 2812 649 immensum
2843 594 3200 649 excellentior
3224 607 3348 651 est:
3377 612 3406 652 e
3440 598 3644 668 quibus

2065 686 2220 740 alteri
2273 685 2497 755 quidem
2549 685 2800 741 succedit
2848 702 2956 740 uox
3001 687 3294 742 duodecim
3347 688 3641 756 horarum,

2067 789 2228 834 terras
2256 778 2307 832 ei
2337 778 2548 834 ambitu
2583 793 2682 846 per
2707 778 3005 832 circuitum
3061 779 3207 833 facta
3235 779 3641 846 uiuhraculmu,

2063 869 2588 940 circumscribitqne
2637 869 2898 924 diurnum
2954 871 3234 941 spatium;
3289 873 3519 927 alteram
3547 891 3647 929 au-

2065 969 2200 1026 tem,
2251 976 2430 1030 neque
2493 962 2761 1023 tenebrat,
2816 979 2993 1031 neque
3052 977 3182 1024 nox.
3249 979 3348 1020 nec
3403 967 3643 1022 obscura

2064 1049 2214 1118 dies,
2242 1066 2346 1106 nec
2391 1051 2632 1107 ambitus
2673 1055 2958 1120 temporis,
3012 1070 3121 1107 non
3151 1069 3355 1122 annus,
3393 1073 3502 1110 non
3539 1073 3643 1113 sa:-

2065 1143 2272 1207 culum,
2305 1159 2417 1197 non
2456 1152 2643 1201 motus
2699 1145 3012 1214 spatimnve
3062 1147 3300 1209 obsidet,
3335 1146 3454 1204 sed'
3481 1159 3642 1205 teter-

2017 1235 2023 1240 ”
2065 1249 2193 1287 num
2230 1233 2302 1290 iis
2342 1234 2554 1301 illucet,
2588 1235 2680 1304 qui
2710 1244 2920 1291 aeterno
2953 1238 3074 1307 ejus
3101 1238 3399 1307 splendore
3436 1243 3642 1297 allatim

2063 1325 2418 1387 deliciantur,
2453 1334 2512 1378 ut
2559 1327 2802 1395 quodam
2842 1328 2962 1382 loco
2992 1329 3072 1384 ait
3107 1328 3397 1400 Scriptura
3431 1349 3589 1388 sacra
3627 1355 3638 1388 :

2068 1437 2087 1470 ι
2131 1418 2248 1474 Lux
2290 1418 2460 1487 jnstis
2511 1428 2815 1489 perpetuo;
2851 1437 3048 1476 nomen
3107 1431 3290 1478 autem
3345 1425 3645 1496 impiorum

2063 1510 2526 1580 exstinguiturQ;
2565 1531 2582 1561 ι
2617 1525 2810 1565 eorum
2867 1512 3150 1580 nimirum,
3199 1516 3292 1583 qui
3343 1518 3644 1572 tenebroso

2065 1601 2230 1670 hujus
2277 1601 2401 1656 vita:
2455 1601 2602 1667 loco,
2669 1602 2881 1656 lumine
2937 1603 3324 1664 mandatorum
3371 1606 3487 1670 Dei,
3531 1625 3640 1662 non

372 1693 533 1763 ηύγει
575 1695 604 1746 ό
644 1695 836 1766 λύχνος
879 1695 1046 1748 αὑτοῦ
1090 1697 1184 1748 ἐπὶ
1229 1695 1471 1764 κεφαλῆς
1517 1711 1638 1765 μου.
1685 1715 1704 1747 ι
1749 1695 1952 1767 Λύχνος

2063 1693 2511 1747 ambulaverunt.
2575 1693 2676 1748 Est
2714 1695 2766 1747 id
2805 1694 2953 1764 quod
2991 1693 3096 1750 Job
3120 1696 3388 1766 loquitur,
3421 1698 3640 1754 dicens:

373 1786 512 1855 γὰρ,
544 1786 709 1856 νόμου
739 1786 800 1839 τὺ
833 1785 968 1856 φῶς.
1006 1805 1024 1839 ι
1051 1787 1180 1840 Ὀτε
1211 1786 1288 1858 τῷ
1321 1788 1460 1856 φωτὶ
1496 1786 1660 1840 αὑτοῦ
1692 1787 1954 1858 ἐπορευό-

377 1894 484 1948 μην
513 1879 572 1930 ὲν
603 1877 784 1931 σκότει
811 1894 826 1910 ο
867 1897 885 1928 ι
924 1877 1020 1932 τοῦ
1055 1878 1320 1948 παρόντος
1355 1879 1514 1949 δῆλον
1542 1878 1737 1941 αἰῶνος
1763 1895 1776 1910 ο
1815 1878 1956 1931 κατὰ

373 1969 462 2022 τὸν
501 1967 644 2022 οὕτω
679 1968 952 2038 ψάλλοντα
975 1987 989 2002 ο
1040 1989 1058 2021 ι
1098 1967 1217 2034 Νὺξ
1258 1969 1536 2039 φωτισμδς
1573 1971 1631 2022 ὲν
1666 1971 1733 2038 τῇ
1773 1971 1952 2040 τρυφῇ

377 2077 500 2132 μου.
527 2059 638 2114 Καὶ
669 2063 702 2130 ἡ
735 2061 833 2126 νὺξ
865 2061 941 2124 ὡς
973 2060 1155 2132 ἡμέρα
1187 2061 1594 2132 φωτισθῆσεται
1621 2079 1634 2090 ·
1671 2065 1762 2114 xa‘:
1793 2062 1867 2124 ὡς
1894 2062 1954 2114 τὸ

376 2153 564 2214 σκότος
603 2152 808 2223 αὐτῆς,
845 2152 985 2207 οὕτω
1025 2154 1120 2207 καλ⁹
1157 2153 1218 2206 τὸ
1261 2153 1374 2220 φῶς
1413 2153 1602 2224 αύτῆς.
1641 2173 1659 2204 ι
1701 2152 1912 2206 Οὐκοῦν
1937 2170 1950 2182 ·

373 2244 422 2296 si
453 2243 568 2313 φῶς
597 2243 698 2314 μέν
721 2245 870 2298 ἐστιν
891 2247 920 2296 ὁ
939 2244 1092 2310 Θεὸς,
1111 2243 1302 2315 ὥσπερ
1331 2245 1426 2298 οῦν
1449 2247 1566 2298 ἐστι
1585 2263 1598 2275 ο
1633 2263 1653 2297 ι
1681 2247 1790 2298 Καὶ
1822 2261 1951 2298 σκοςι

371 2334 461 2389 τία
490 2337 550 2390 ὲν
583 2335 734 2408 αὐτῷ
766 2337 866 2390 οὐκ
899 2335 1048 2390 ἐστιν
1081 2337 1324 2407 οὐδεμία·
1367 2357 1386 2388 ι
1425 2367 1494 2377 -—-
1532 2356 1550 2388 ι
1591 2335 1679 2388 Ἐν
1712 2335 1859 2406 αύτῷ
1895 2335 1951 2388 δὲ

372 2411 587 2498 ζῶμεν,
619 2431 715 2484 καὶ
743 2430 1045 2502 κινούμεθα
1076 2431 1170 2484 καὶ
1202 2431 1400 2501 ἐσμὲν,
1440 2451 1458 2482 ι
1495 2430 1591 2484 καὶ
1619 2429 1757 2500 πρὸς
1787 2427 1950 2482 αὑτὸν

375 2519 782 2593 μεθιστάμεθα·
810 2521 1026 2576 πάντων
1051 2522 1107 2576 δὲ
1139 2523 1294 2592 ἡμῶν
1321 2523 1380 2574 αί
1407 2523 1578 2592 ψυχαὶ
1608 2521 1752 2574 κατὰ
1775 2519 1836 2572 τὸ
1863 2519 1952 2572 λο-

371 2613 528 2682 γικὸν
549 2616 606 2667 ὲν
635 2614 825 2686 χερσὶν
851 2614 1019 2668 αὐτοῦ
1041 2655 1056 2680 ,
1083 2614 1452 2685 διημάρτηται
1479 2617 1512 2686 ὴ
1540 2615 1672 2686 περὶ¹
1697 2612 1793 2667 τοῦ
1828 2614 1954 2667 σκό-

371 2720 498 2768 τους
527 2707 623 2760 καὶ
653 2706 762 2760 τῶν
789 2707 1080 2762 σκοτεινῶν
1107 2707 1202 2760 τοῦ
1235 2705 1360 2778 ᾅδου
1395 2707 1587 2780 χώρων
1623 2706 1952 2776 προτεθεῖσα

373 2781 684 2870 παράλογος
711 2799 984 2866 ἔνστασις,
1014 2799 1122 2854 τῶν
1149 2799 1216 2852 δι’
1250 2799 1502 2862 ἐναντίας
1530 2799 1624 2852 καὶ
1653 2797 1948 2862 ἀντίθεσις.

2071 1805 2090 1836 ε
2122 1785 2259 1850 Quis
2313 1785 2506 1853 u’tiqne
2551 1800 2636 1838 me
2689 1793 2858 1853 ponat
2903 1784 3058 1853 juxta
3092 1801 3336 1840 mensem
3395 1792 3640 1857 priorum

2062 1875 2296 1941 dierum,
2324 1875 2526 1945 quibus
2565 1889 2653 1928 me
2681 1873 2824 1929 Dens
2848 1875 3194 1930 custodiebat
3227 1876 3644 1935 inviolabilem?

2063 1965 2209 2020 sicut
2265 1980 2390 2018 cum
2459 1965 2681 2020 lucebat
2754 1966 2978 2020 lucerna
3049 1966 3176 2034 ejus
3243 1983 3413 2036 super
3476 1981 3640 2040 caput

2062 2071 2244 2111 meum
2285 2066 2328 2110 ι’.
2369 2075 2387 2107 ι
2419 2056 2668 2112 Lucerna
2694 2057 2841 2112 enim
2901 2069 2985 2113 est
3021 2059 3206 2114 lumen
3237 2061 3410 2131 legis:
3447 2079 3465 2112 ι
3503 2061 3640 2118 Cum

2061 2149 2272 2203 lumine
2305 2149 2426 2218 ejus
2471 2149 2824 2204 ambulabam
2863 2150 2918 2202 in
2954 2152 3196 2207 tenebris
3225 2162 3248 2190 ⁸
3281 2169 3298 2206 :
3338 2172 3358 2204 ι
3399 2169 3643 2223 pra-scu-

2059 2241 2132 2296 tis
2181 2242 2441 2295 nimirum
2497 2241 2706 2307 saeculi,
2760 2242 2918 2308 juxta
2969 2258 3094 2296 eum
3145 2246 3236 2312 qui
3297 2247 3376 2299 sic
3417 2246 3638 2314 psallit:

2097 2351 2115 2384 ι
2174 2333 2292 2399 Nox
2319 2334 2660 2388 illnminatio
2711 2337 2762 2387 iu
2790 2337 3013 2391 delictis
3055 2339 3214 2392 meis.
3255 2337 3322 2392 Et
3353 2355 3457 2393 nox
3491 2341 3642 2396 sicut

2059 2425 2179 2480 dies
2220 2425 2664 2480 illuminabitnr:
2717 2427 2864 2482 sicut
2902 2426 3146 2483 teneb’ra:
3185 2429 3332 2498 ejus,
3368 2431 3443 2484 ita
3471 2441 3526 2485 et
3552 2433 3636 2484 lu-

2061 2533 2186 2572 men
2209 2517 2334 2588 ejus
2359 2518 2438 2572 ¹.ι
2471 2517 2682 2588 Itaque,
2713 2520 2987 2589 siquidem
3009 2520 3152 2574 Deus
3174 2522 3268 2576 lux
3303 2531 3410 2586 est,
3431 2534 3488 2577 ut
3511 2541 3640 2578 vere

2060 2619 2144 2666 est
2179 2630 2199 2662 ‹
2231 2626 2330 2665 nec
2358 2611 2482 2666 ullae
2518 2613 2570 2666 in
2599 2628 2664 2666 eo
2708 2621 2836 2666 sunt
2867 2613 3105 2668 tenebrae
3134 2623 3182 2668 π.
3225 2634 3244 2665 ι
3281 2647 3352 2657 --
3385 2635 3404 2667 ι
3431 2616 3490 2670 lu
3519 2619 3640 2686 ipso

2061 2713 2245 2756 autem
2287 2703 2528 2760 vivimus
2582 2713 2638 2758 et
2687 2719 2976 2759 movemur
3003 2714 3058 2761 et
3099 2721 3292 2762 smnus
3313 2716 3364 2772 νς
3402 2728 3419 2759 ι
3459 2712 3640 2778 adque

2057 2808 2180 2847 eum
2215 2791 2556 2862 migramus;
2593 2794 2838 2847 omnium
2889 2809 3022 2849 vero
3062 2804 3313 2850 nostrum
3353 2799 3552 2852 anima:
3583 2812 3634 2863 ι,

373 2889 522 2960 quod
559 2901 772 2962 spectat
821 2893 888 2946 ad
933 2893 1202 2946 rationem
1249 2891 1302 2944 in
1347 2891 1469 2960 ejus
1517 2898 1647 2947 sunt
1701 2890 2004 2944 manibus:
2045 2887 2204 2955 plane
2255 2895 2486 2956 peccat,
2547 2884 2825 2956 fallaxque
2866 2888 3144 2956 arguitur,
3191 2888 3638 2944 adversariorum

374 2981 549 3056 aliene
569 2998 601 3036 a
621 2985 828 3038 ratione
864 2985 1142 3054 proposita
1173 2984 1539 3055 impugnatio.
1561 2983 1704 3054 quod
1735 2991 1948 3054 spectat
1983 2980 2049 3034 ad
2081 2980 2361 3041 tenebras.
2395 2986 2450 3033 et
2478 2979 2783 3050 caliginosa
2833 2980 3037 3035 iul'erni
3081 2981 3222 3036 loca.

443 3078 552 3132 Τοῦ
581 3079 782 3148 τρόπου
814 3077 1114 3148 δειχθέντος
1143 3079 1259 3131 κατ’
1279 3079 1579 3150 ἐπιδρομὴν
1605 3079 1705 3148 τῆς
1733 3080 1792 3131 ὲν
1825 3077 1949 3149 ᾅδου

2123 3072 2341 3128 Cursim
2377 3080 2560 3128 autem
2585 3072 2868 3127 de’clarato
2899 3074 3084 3136 modo,
3115 3088 3227 3142 quo
3257 3074 3456 3129 anima:
3491 3079 3639 3134 velut

373 3171 514 3230 κατὰ
545 3170 790 3240 περίοδον
837 3169 945 3222 τῶν
985 3169 1171 3240 ψυχῶν
1219 3169 1570 3235 διελεύσεως,
1623 3169 1783 3240 δεῦρο
1839 3165 1954 3233 οὖν,

299 3285 303 3291 ·
372 3263 480 3317 τῶν
518 3261 837 3332 εἰρημένων,
869 3261 1173 3331 ἀφέμενος,
1211 3261 1502 3328 ἄνθρωπε,
1543 3261 1640 3333 τὴν
1677 3260 1770 3314 τοῦ
1821 3263 1958 3332 ἡμε-

371 3354 530 3425 τέρου
591 3353 844 3418 σώματος
911 3353 1164 3406 διδάσκου
1225 3353 1504 3418 διάλυσιν,
1571 3354 1646 3424 μὴ
1704 3353 1804 3422 τὴν
1857 3354 1956 3424 τῆς

369 3444 549 3515 ψυχῆς
581 3443 776 3515 ἐρεύνα
811 3445 1146 3496 κατάστασιν
1177 3445 1316 3513 μετὰ
1345 3445 1444 3514 τὴν
1475 3446 1539 3497 ὲκ
1571 3443 1668 3498 τοῦ
1703 3443 1956 3514 σώματος

370 3532 572 3598 ἔξοδον,
599 3533 681 3586 ὅτι
712 3531 788 3603 μὴ
819 3533 954 3602 πρὸς
983 3533 1118 3603 ἐμοῦ
1147 3535 1244 3586 καὶ
1275 3535 1368 3587 σοῦ
1399 3533 1574 3588 ταῦτα.
1601 3535 1805 3605 ζητεῖν.
1829 3535 1955 3587 Ἀλ-

371 3625 461 3688 λος
500 3625 611 3695 γὰρ
653 3625 683 3676 ό
725 3623 900 3677 ταῦτα
943 3623 1119 3688 εἰδώς.
1165 3625 1226 3677 Et
1263 3625 1376 3694 γάρ
1411 3625 1592 3696 ψυχῆς
1631 3627 1822 3680 οὐσίαν
1855 3627 1956 3680 οὐκ

369 3716 518 3770 ἐστιν
545 3717 676 3786 ἡμῖν
703 3715 925 3778 εἰδέναι,
951 3715 1068 3780 πῶς
1097 3714 1164 3767 ἂν
1189 3715 1462 3786 εἰδείημεν
1485 3716 1583 3788 τὴν
1611 3717 1828 3787 ἐκείνης
1854 3733 1956 3770 κα-

369 3809 660 3874 τάπαυσιν,
688 3801 758 3879 ἦς
789 3802 951 3870 εἶδος,
979 3808 1072 3860 καλ⁸
1102 3806 1312 3878 σχῆμα,
1343 3809 1439 3860 καὶ
1471 3809 1701 3879 μέγεθος
1727 3808 1950 3877 ἀγνοοῦ-

373 3917 506 3970 μεν;
534 3899 724 3970 ἡλίκον
753 3915 812 3952 τε
847 3901 942 3952 καὶ
974 3899 1098 3953 ὅσον
1124 3898 1298 3968 αὐτῆς
1329 3900 1567 3972 ὑπάρχει
1599 3901 1662 3954 τὸ
1695 3901 1950 3972 μέγεθος.

311 4019 317 4024 ε
369 3993 472 4046 κᾶν
500 3992 578 4062 τῷ
610 3992 848 4062 ἐφολκίῳ
883 3991 1188 4045 συνδέδεται
1207 4035 1223 4056 ,
1257 3992 1440 4061 λόγοις
1473 3987 1555 4058 οἷς
1587 3987 1696 4047 οἶδε
1733 3993 1894 4062 μόνος
1925 3993 1954 4046 ὁ

373 4083 722 4155 συναρμόσας
755 4081 908 4146 Θεός.
937 4081 1157 4136 Τούτων
1187 4083 1361 4149 οὕτως
1394 4085 1660 4155 ἑχόντων,
1696 4084 1860 4157 φέρε,
1893 4084 1954 4138 τὸ

369 4172 548 4243 τίμιον
581 4173 768 4242 κτῆμα
799 4173 896 4242 τὴν
927 4171 1106 4243 ψυχὴν
1134 4171 1213 4244 τῷ
1243 4174 1372 4244 θείῳ
1405 4176 1503 4245 τῆς
1537 4175 1744 4238 εἰκόνος
1776 4176 1949 4247 αὐχή-

373 4280 530 4333 ματι,
573 4263 1058 4334 παραδραμόντες,
1100 4264 1176 4328 ὡς
1217 4265 1489 4337 ἄληπτον,
1531 4267 1661 4338 περὶ
1704 4267 1766 4320 τὸ
1808 4267 1951 4338 παχὺ

365 4350 524 4406 τοῦτο
557 4352 656 4405 καὶ
688 4351 914 4420 ληπτὸν,
947 4353 1042 4406 καὶ⁹
1075 4351 1296 4417 πολλαῖς
1329 4355 1424 4408 τοῦ
1465 4354 1584 4424 βίου
1623 4355 1951 4424 μεταϐολαῖς

367 4441 848 4510 συναλλοιούμενόν
885 4460 944 4496 τε
985 4445 1080 4496 καὶ
1119 4445 1587 4516 περιτρεπόμενον
1625 4447 1946 4518 ὲνασχολού-

371 4530 510 4601 μεθα
540 4531 721 4601 σῶμα,
749 4533 843 4584 καὶ
871 4532 1035 4588 αὑτοῦ
1067 4549 1170 4585 που
1200 4533 1292 4608 τδν
1317 4533 1442 4588 νοῦν
1471 4537 1948 4608 προσερείσωμενο

365 4621 441 4684 ὼς
475 4620 543 4675 ἂν
577 4620 789 4695 μάθῃς,
821 4623 1075 4694 άγαπητὲ
1096 4664 1111 4689 ,
1141 4603 1432 4694 τῆξήμῶν
1463 4603 1739 4692 εύτελείας
1769 4603 1833 4682 re;
1855 4645 1951 4682 τα-

366 4711 553 4764 πεινὸν
583 4713 678 4766 καὶ
707 4713 1072 4784 χαμαίζηλον,
1101 4714 1210 4768 τῶν
1239 4715 1473 4788 ἐαρινῶν
1501 4716 1708 4771 ἀνθέων
1737 4720 1818 4783 είς
1849 4738 1954 4792 μη-

364 4807 454 4862 δὲν
473 4808 732 4880 διαφέρον
748 4851 763 4876 ,
785 4809 928 4863 κατὰ
951 4810 1012 4863 τὸ
1037 4809 1344 4882 εὔφθαρτον
1363 4811 1460 4865 καὶ
1485 4811 1830 4884 εὐμάραντον
1853 4815 1952 4884 τῆς

364 4901 443 4962 εἰς
473 4899 544 4953 τὰ
573 4899 632 4965 ἐξ
658 4894 734 4955 ὧν
765 4899 1064 4974 συνέστηκε
1091 4901 1410 4967 διαλύσεως.
1445 4903 1599 4958 Ἐπεὶ
1626 4898 1719 4958 οῦν
1747 4907 1780 4976 ή
1813 4908 1944 4976 περὶ

361 4986 552 5042 τούτου
589 4989 788 5058 γνῶσις
826 4989 939 5061 ἔχει
979 5007 1034 5044 τι
1073 4992 1170 5044 καὶ
1207 4991 1508 5062 ὠφέλιμον,
1547 4994 1644 5048 καὶ
1684 4997 1823 5066 πρὸς
1865 5000 1944 5050 οἰ-

363 5074 600 5144 κοδομὴν
649 5075 783 5144 ἄγον
827 5079 956 5142 τοὺς
1009 5078 1084 5150 μὴ
1139 5079 1436 5150 παρέργως
1481 5080 1590 5134 τῶν
1635 5083 1944 5154 λεγομένων

361 5167 662 5231 ἀκούοντας
685 5183 702 5199 ⁸
739 5167 918 5238 βούλει
957 5185 1043 5223 σοι
1079 5169 1238 5236 δείξω
1272 5171 1380 5224 τῶν
1422 5174 1710 5245 ἡμετέρων
1752 5177 1941 5246 σωμὰ-

361 5275 470 5312 των
501 5259 599 5329 τὴν
631 5260 1029 5332 εὐδιάφθαρτον
1061 5263 1338 5334 σύμπηξιν
1371 5268 1466 5319 καὶ
1496 5266 1760 5330 διάλυσιν,
1793 5271 1943 5335 ὅπως

364 5352 512 5406 ἐστὶν
538 5353 758 5426 εὐτελὴς
782 5357 876 5409 καὶ
899 5357 1009 5410 τῶν
1034 5357 1248 5428 κτηνῶν
1272 5360 1352 5421 εἰς
1381 5359 1548 5430 μηδὲν
1571 5361 1939 5436 διαφέρουσα;

2059 3161 2294 3215 circuitu
2339 3177 2405 3214 ac
2445 3161 2654 3215 ambitu
2689 3163 2922 3232 quodam
2961 3172 3283 3232 permanent
3327 3165 3635 3234 infernum,

2055 3250 2166 3321 jam
2213 3267 2353 3322 age,
2404 3267 2438 3304 o
2486 3253 2681 3318 homo,
2732 3254 2796 3308 iis
2838 3269 2960 3323 quze
3006 3256 3150 3310 dicta
3199 3261 3638 3328 suntomissis,

2058 3344 2212 3399 disce
2240 3343 2658 3398 dissolutionem
2703 3345 2934 3398 humani
2967 3347 3254 3416 corporis;
3295 3364 3404 3423 non
3443 3353 3640 3410 anima:

2059 3444 2266 3489 statum
2314 3445 2588 3501 scrutare,
2637 3437 2708 3492 ab
2745 3452 2975 3506 egressu
3027 3455 3058 3494 e
3107 3455 3365 3510 corpore,
3418 3447 3640 3512 quando

2058 3541 2160 3580 nec
2207 3540 2390 3579 meum
2443 3533 2527 3586 est
2560 3541 2662 3580 nec
2729 3536 2880 3581 tuum
2935 3528 3038 3584 ista
3083 3545 3354 3600 quaerere.
3425 3536 3640 3606 Quippe

2057 3618 2200 3671 alius
2229 3625 2314 3673 est
2340 3618 2436 3688 qui
2469 3619 2642 3672 novit.
2677 3617 2812 3673 Nam
2839 3619 2884 3674 si
2915 3635 3094 3692 neque
3129 3623 3497 3680 substantiam
3528 3631 3642 3682 ani-
3726 3616 3729 3618 ί

2059 3723 2160 3764 mae
2218 3725 2521 3778 possumus
2569 3709 2734 3773 scire,
2790 3713 2884 3782 qui
2941 3715 3272 3770 sciret-imus
3341 3716 3493 3772 illius
3548 3737 3636 3774 re-

2057 3801 2274 3870 quiem.
2309 3801 2470 3868 cujus
2512 3809 2566 3856 et
2610 3802 2854 3872 speciem
2907 3803 3248 3874 ignoramus,
3291 3818 3346 3864 et
3383 3810 3636 3881 ﬁguram,

2057 3900 2111 3944 et
2143 3891 2618 3959 magnitudinem?
2660 3907 2849 3962 quam,
2893 3895 3142 3964 inquam,
3193 3899 3282 3951 illa
3338 3900 3536 3970 ingens
3567 3907 3639 3958 sit

2057 3989 2111 4034 et
2141 3990 2326 4041 aucta.
2371 3984 2592 4038 tametsi
2659 3986 2884 4054 alligata
2949 3998 3035 4042 est
3090 3993 3379 4054 navicnlzr,
3432 3997 3639 4065 quibus

2058 4073 2203 4130 Dens
2256 4077 2410 4130 solus
2451 4077 2547 4144 qui
2616 4079 2860 4148 aptavit,
2918 4081 3230 4139 rationibus
3284 4100 3637 4156 perspectum

2059 4163 2242 4220 habet.
2277 4166 2368 4221 Sir.
2415 4169 2599 4237 itaque
2629 4169 2796 4225 rebus
2824 4170 3186 4240 habentibus,
3222 4179 3487 4246 animam,
3523 4199 3637 4237 rem

2059 4253 2206 4306 illam
2235 4256 2419 4310 divina
2451 4256 2709 4328 imaginis
2757 4263 3088 4318 excellentia
3129 4267 3370 4322 nobilem
3415 4287 3478 4325 ac
3511 4288 3638 4342 pic-

2059 4347 2282 4408 tiosam,
2357 4348 2512 4402 velut
2579 4351 3116 4422 iucomprehensam,
3192 4368 3637 4430 praetereuntes,

2057 4437 2207 4490 circa
2261 4453 2514 4494 crassum
2557 4441 2663 4497 hoc
2715 4447 3238 4519 comprehensuque
3295 4449 3460 4509 facile
3508 4465 3629 4510 cur-

2053 4542 2178 4596 pus,
2227 4529 2490 4602 quodque
2545 4535 2736 4592 multis
2786 4538 2913 4592 vita:
2965 4541 3372 4599 mutationibus
3429 4547 3640 4616 pariter

2051 4619 2378 4678 immutetur
2450 4636 2838 4698 verseturque,
2929 4632 3316 4702 immorenmr,
3400 4637 3638 4710 ejusque

2053 4721 2210 4782 parte
2249 4716 2433 4784 aliqua
2485 4720 2927 4776 consideratioui
2969 4737 3206 4781 mentem
3234 4727 3633 4800 'applicemns;

2052 4814 2113 4884 ut
2145 4809 2392 4874 noveris,
2427 4811 2651 4879 dilecte,
2689 4815 2921 4872 vilitatis
2965 4819 3218 4876 humanae
3260 4823 3638 4885 humilitatem

2053 4897 2556 4973 abjectionemque,
2587 4921 2698 4978 qua
2731 4909 2868 4962 nihil
2911 4925 2941 4962 a
2976 4913 3163 4968 vernis
3201 4913 3436 4973 ﬂoribus
3475 4917 3635 4974 dilTe-

2053 5000 2160 5056 rat,
2201 4995 2347 5062 quod
2391 4997 2590 5052 attinet
2645 4999 2714 5054 ad
2766 5001 2856 5056 sui
2931 5001 3151 5060 facilem
3215 5009 3632 5078 corruptionem
3729 5042 3734 5049 ~

2053 5081 2552 5157 det‘ectiouemqne,
2581 5089 2954 5149 dissolutione
2984 5095 3040 5149 in
3067 5111 3131 5152 ea
3159 5099 3364 5167 quibus
3390 5108 3632 5156 constat.
3654 5080 3684 5106 “

2050 5171 2130 5228 Ex
2161 5190 2272 5244 quo
2307 5176 2484 5247 igitur
2527 5183 2605 5236 rei
2642 5183 2812 5252 hujus
2843 5185 3080 5241 scientia
3111 5189 3277 5243 etiam
3315 5190 3447 5245 utile
3475 5193 3647 5262 quid-1

2053 5267 2196 5335 piam
2247 5268 2433 5334 habet,
2481 5273 2740 5344 quodque
2781 5292 2878 5332 eos
2918 5279 3014 5350 qui
3059 5295 3168 5334 non
3196 5281 3644 5338 levinsaudinun

2049 5356 2328 5416 aediﬁcare
2372 5365 2610 5432 possit:
2674 5369 2832 5424 visne
2897 5371 3184 5426 ostendam
3262 5373 3632 5431 humanorum

439 5553 813 5646 [geel-fxit,
843 5555 930 5646 l0;
961 5567 1072 5646 mit
1102 5556 1262 5646 Prov:
1294 5576 1416 5626 χιιι,
1441 5561 1494 5617 9.
1577 5575 1599 5602 ι’
1623 5563 1728 5622 Job
1782 5583 1932 5631 ms,
1956 5568 2012 5622 ‘2.
2130 5575 2152 5603 '
2185 5571 2319 5628 ibid.
2359 5573 2412 5628 5.
2523 5574 2543 5610 ί
2573 5571 2720 5628 Psal.
2747 5585 3018 5640 cxxxvm,
3053 5573 3146 5634 Η.
3252 5586 3280 5616 ιι
3314 5573 3538 5646 10am],
3575 5579 3632 5638 5.

363 5629 394 5663 ν
418 5623 540 5677 Art.
580 5641 708 5686 xvu,
739 5626 827 5679 i8.
906 5634 931 5661 κ
961 5625 1091 5697 Sap.
1127 5643 1204 5694 ιιι,
1241 5637 1292 5684 1.

686 5721 956 5801 Pyrno!"
1003 5725 1120 5784 (in.
1172 5725 1412 5788 XCVII.

3307 5739 3376 5808 41
