4004 6150
165 248 313 314 1313

1092 251 1336 313 CANON
1404 254 1476 311 lN
1538 255 1603 314 B.
1652 252 1870 314 ΑΝΝκΕ
1920 254 2523 346 CONCEPTIONEM.

3306 254 3443 319 1314

252 363 311 418 ’0
342 360 550 433 Κύριος
599 358 759 430 ἡμῶν
791 360 884 412 καὶ
912 358 1065 425 Θεὸς,
1099 359 1269 413 θέλων
1297 362 1595 432 ἑτοιμάσαι
1625 365 1749 415 ἑαυ-

1933 365 2196 420 Dominus
2228 374 2417 420 noster
2466 365 2740 436 Deusque,
2796 364 3100 419 animatum
3148 363 3252 419 sibi
3304 372 3442 419 tem-

158 456 245 528 τῷ
265 456 393 509 ναὸν
443 451 708 523 ἔμψυχον,
765 451 860 503 καί
918 448 1071 503 οἶκον
1125 451 1284 520 ἅγιον
1342 456 1423 515 εἰς
1456 456 1748 507 κατοικίαν

160 545 368 617 ἐαυτῷ,
399 544 491 598 τὸν
536 542 767 612 ἄγγελον
822 541 992 596 αὑτοῦ
1037 544 1370 608 ἀποστείλας
1429 544 1568 615 πρὸς
1624 549 1755 610 τοὺς

158 639 411 702 δικαίους
444 637 704 707 Ἰωακεὶμ
742 636 838 688 καὶ
871 636 1091 699 Ἀνναν,
1123 636 1181 702 ἐξ
1203 630 1279 690 ὧν
1326 638 1563 709 ἠθέλησε
1620 655 1756 710 προ-

159 732 344 785 ελθεῖν
369 730 467 797 τὴν
491 728 637 782 κατὰ
665 728 845 798 σάρκα
877 727 1093 799 μητέρα
1147 728 1336 791 αὐτοῦ,
1400 731 1753 799 προεμήνυσε

158 825 265 894 τὴν
294 821 559 891 σύλληψιν
591 821 694 890 τῆς
724 819 922 888 άγόνου
949 821 1043 873 καὶ
1070 820 1315 890 στείρας,
1346 821 1435 872 ἵνα
1464 820 1749 893 βεϐαιώσῃ

158 915 264 985 τῆς
295 911 573 984 Παρθένου
598 910 696 981 τὴν
727 910 1001 978 γέννησιν.
1030 910 1193 964 Ὅθεν
1221 911 1534 982 συνελήφθη
1562 913 1595 980 ή
1624 912 1753 979 ἁγία

160 1005 444 1078 Παρθένος
472 1000 661 1071 Μαρία
682 1001 777 1053 καὶ
817 1000 1106 1070 ἐγεννήθηο
1139 1002 1238 1071 οὐχ
1255 1000 1327 1063 ὥς
1363 1018 1512 1064 τινες
1535 1002 1752 1069 λέγουσι

164 1096 354 1168 μηνῶν
383 1094 545 1159 ἑπτὰ,
579 1093 612 1162 ἢ
636 1092 806 1162 χωρὶς
824 1091 1039 1161 ἀνδρὸς,
1064 1091 1200 1145 ἀλλὰ
1219 1091 1375 1146 ἐννέα
1400 1091 1621 1167 τελείων
1647 1110 1753 1161 μη-

161 1189 271 1241 νῶν
295 1185 559 1254 ἐγεννήθη
589 1199 600 1211 ·
633 1182 729 1235 καὶ
748 1182 807 1247 ἐξ
862 1181 1200 1249 ἐπαγγελίας
1229 1183 1348 1250 μὲν,
1384 1181 1444 1245 ἐξ
1469 1182 1660 1252 ἀνδρὸς
1695 1183 1752 1234 δὲ

164 1278 463 1347 συναφείας
519 1276 616 1329 καὶ
670 1274 904 1344 σπορᾶς.
938 1274 1239 1344 Ἐγεννήθη
1266 1274 1321 1325 δὲ
1350 1274 1413 1326 ὲκ
1443 1275 1542 1343 τῆς
1591 1273 1752 1342 ἁγίας

161 1372 444 1442 Παρθένου
470 1368 693 1439 Μαρίας
715 1366 1049 1437 άπορῤήτως
1081 1366 1176 1419 καὶ
1198 1365 1648 1436 ἁνερμηνεύτως,
1677 1365 1753 1427 ὡς

157 1457 270 1514 οἶδε
302 1459 461 1529 μόνος
498 1458 731 1523 ἐκεῖνος,
755 1456 926 1526 χωρὶς
960 1455 1070 1507 τῶν
1099 1455 1198 1525 τῆς
1236 1456 1446 1525 σαρκὸς
1506 1454 1752 1524 θελημά-

156 1569 290 1615 των,
329 1554 423 1603 καὶ
440 1549 644 1611 τέλειος
667 1546 929 1617 ὑπάρχων
960 1546 1115 1609 Θεὸς,
1146 1550 1173 1599 ὁ
1204 1547 1409 1620 Κύριος
1445 1547 1608 1617 ἡμῶν
1646 1548 1751 1617 ’1η-

162 1643 291 1706 σοῧς
335 1640 592 1711 Χριστὸς,
628 1641 722 1691 καὶ
774 1637 909 1709 παρ’
936 1637 1107 1691 αὐτοῦ
1140 1638 1242 1707 τῆς
1288 1639 1428 1691 κατὰ
1462 1638 1650 1708 σάρκα
1672 1640 1750 1690 οἰ-

158 1734 424 1804 κονομίας
475 1731 657 1785 τέλεια
708 1729 1103 1799 προσελάϐετο,
1158 1729 1344 1793 καθὼς
1375 1731 1471 1782 καὶ
1501 1731 1601 1799 τὴν
1637 1732 1745 1782 τῶν
1783 1725 1800 1756 ⁸

158 1828 466 1899 ἀνθρώπων
497 1824 659 1894 φύσιν
691 1822 1104 1893 ἐδημιούργησε
1138 1823 1232 1876 καὶ
1280 1821 1488 1875 ἔπλασε
1520 1821 1581 1873 τὸ
1615 1839 1747 1874 κατ-

158 1923 360 1991 αρχὰς.
399 1917 617 1986 Ταύτην
646 1911 739 1970 οὖν
769 1915 868 1986 τὴν
911 1915 1130 1985 ἡμέραν
1179 1913 1649 1984 πανηγυρίζομεν,
1671 1914 1746 1976 ὡς

157 2014 468 2083 ἀνάμνησιν
492 2008 721 2079 ἔχουσαν
764 2008 874 2059 τῶν
908 2007 1002 2059 ὑπ’
1049 2005 1286 2074 ἀγγέλου
1318 2006 1586 2059 δοθέντων
1611 2022 1745 2076 χρη-

159 2107 341 2177 σμῶν,
373 2105 471 2175 τὴν
495 2103 657 2172 ἁγίαν
683 2100 951 2170 σύλληψιν
982 2098 1486 2169 εὐαγγελισαμένου
1513 2099 1614 2169 τῆς
1642 2100 1742 2166 ἁγ-

157 2199 261 2269 νῆς
290 2198 656 2267 Θεομήτορος.
691 2192 798 2256 Οὓς
842 2193 980 2264 ἔργα
1016 2192 1210 2258 ποιῶν,
1241 2195 1268 2245 ὁ
1295 2194 1360 2245 ὲκ
1385 2192 1481 2245 τοῦ
1515 2194 1743 2269 μηδενὸς

161 2291 479 2360 ὑποστήσας
527 2287 597 2341 τὰ
642 2284 938 2356 σύμπαντα
976 2283 1131 2348 Θεὸς,
1173 2285 1418 2354 διήγειρε
1469 2284 1569 2351 τὴν
1604 2301 1744 2336 στει.

165 2383 431 2456 ρεύουσαν
449 2380 613 2451 νηδὺν
637 2382 718 2443 είς
747 2376 1118 2448 καρπογονίαν
1148 2392 1161 2406 ·
1189 2376 1284 2429 καὶ
1297 2375 1395 2446 τὴν
1427 2378 1484 2428 ὲν
1518 2376 1743 2448 ἀπαιδίᾳ

160 2476 253 2529 τὸν
278 2474 392 2545 βίον
422 2471 911 2543 καταγηράσασαν,
954 2468 1285 2523 παιδοτόκον
1316 2468 1529 2538 μητέρα
1562 2485 1742 2539 παρα·

159 2565 328 2629 δόξως
351 2562 667 2634 ὲργάξεταν
700 2559 853 2626 ἄξιον
883 2557 1063 2628 πέρας
1087 2558 1188 2629 τῆς
1217 2558 1435 2622 δικαίας
1468 2560 1742 2629 αἰτήσεως

160 2654 272 2708 τῶν
298 2652 522 2706 δικαίων
565 2647 774 2719 ταύτην
799 2645 1124 2716 παρασχὼν,
1158 2644 1219 2709 ἐξ
1238 2640 1306 2716 ἦς
1331 2645 1494 2707 αὐτὸς
1547 2644 1741 2720 ἔμελλε

165 2744 499 2815 σαρκοφᾴρος
538 2740 673 2805 Θεὸς
719 2738 1005 2810 προελθεῖν
1044 2754 1058 2768 ·
1109 2739 1189 2800 εἰς
1233 2737 1598 2805 ἁναγέννησιν
1646 2737 1741 2790 τοῦ

163 2836 385 2898 παντὸς,
429 2831 709 2903 θυγατέρα
733 2832 917 2884 τεκεῖν
966 2829 1095 2892 τοὺς
1131 2827 1419 2898 σώφρονας
1441 2828 1740 2900 εὐδοκήσας

160 2933 487 2997 γεννήτορας
509 2925 668 2989 Θεοῦ,
699 2923 797 2976 καὶ
822 2921 1130 2993 ἀνθρώπων
1157 2920 1478 2992 μεσίτορας,
1506 2921 1607 2991 τὴν
1638 2920 1744 2992 πρὸ

1866 456 2010 526 plum
2058 456 2398 526 domumque
2443 465 2688 510 sanctam
2734 472 2845 526 qua
2897 456 3202 521 habitaret,
3244 468 3442 523 parare

1861 548 2084 611 volens,
2132 548 2309 604 misso
2340 563 2441 603 suo
2476 548 2678 618 angelo
2733 546 2801 601 ad
2853 547 3042 616 justos
3091 544 3336 601 Joat-him
3385 554 3441 601 et

1857 639 2092 703 Annam,
2128 655 2193 693 ex
2230 640 2430 710 quibus
2456 656 2609 694 suam
2636 655 2804 693 carne
2832 637 3059 692 Matrem
3084 639 3308 708 prodire
3340 654 3442 693 vo-

1859 729 1977 789 luit,
2016 728 2323 785 infecunda:
2354 732 2668 800 sterilisque
2720 731 3137 800 conceptionem
3179 745 3439 799 praenun-

1859 819 2062 881 tiavit,
2134 838 2245 889 quo
2331 820 2576 891 Virginis
2651 822 3057 891 generationem
3118 828 3436 875 astrueret.

1856 907 2224 972 Quamobrem
2252 923 2517 979 concepta
2558 921 2643 965 est
2680 921 2869 966 sancta
2911 912 3066 980 virgo
3098 909 3291 975 Maria,
3336 928 3436 963 na-

1857 1010 2021 1067 taque.
2052 1017 2065 1052 :
2101 1016 2209 1054 non
2244 1011 2302 1054 ιιι
2328 1006 2548 1068 quidam
2591 1004 2783 1057 dicunt
2814 1004 3050 1071 septimo
3102 1018 3313 1065 mense,
3354 1001 3439 1056 vel

1855 1091 1975 1143 sine
2002 1093 2165 1145 viro:
2215 1094 2309 1147 sed
2362 1106 2445 1147 est
2485 1105 2614 1148 nata
2646 1112 2841 1149 novem
2893 1095 3185 1163 completis
3237 1097 3439 1148 mensi-

1855 1182 2005 1236 bus:
2058 1192 2224 1253 atque
2280 1195 2338 1238 ιιι
2389 1202 2455 1239 ex
2511 1188 2920 1256 promissione,
2978 1202 3041 1240 ex
3099 1187 3198 1239 viri
3254 1194 3435 1239 tamen

1854 1273 2245 1342 conjunctione
2272 1284 2326 1329 et
2354 1278 2590 1331 semine.
2628 1279 2797 1331 Porro
2824 1284 2907 1331 est
2949 1285 3112 1331 natus
3156 1293 3219 1329 ex
3246 1284 3435 1335 sancta

1853 1363 2072 1432 virgine
2107 1363 2306 1428 Maria‘,
2336 1382 2539 1421 art-ana
2571 1377 2625 1422 et
2663 1368 3036 1437 inexplicabili
3066 1371 3295 1433 ratione,
3326 1370 3437 1424 sic-

1855 1460 1914 1504 ttt
1952 1455 2105 1506 novit
2155 1454 2274 1523 ipse
2312 1457 2505 1519 solus,
2542 1458 2662 1510 sine
2711 1460 2895 1513 carnis
2930 1458 3225 1521 voluntate,
3263 1459 3435 1513 Deus-

1853 1558 1960 1612 que
1992 1544 2108 1612 ipse
2163 1546 2466 1613 perfectus,
2510 1547 2779 1612 Dominus
2827 1558 3018 1604 noster
3061 1549 3223 1606 Jesus
3274 1551 3437 1606 Chri-

1852 1644 1996 1699 stus,
2030 1634 2443 1707 perfrctatttquc
2471 1640 2773 1692 secundum
2807 1642 3243 1709 dispensationis
3269 1644 3433 1696 ratio-

1853 1743 1978 1782 nem
2024 1740 2279 1782 naturam
2324 1731 2619 1783 humanam
2660 1732 2714 1784 in
2748 1748 2806 1785 se
2840 1734 3163 1801 assumpsit,
3205 1750 3267 1787 ac
3294 1750 3435 1802 qua-

1854 1818 1958 1872 lem
2016 1834 2045 1872 a
2092 1822 2365 1889 principio
2400 1821 2668 1875 condidit.
2707 1822 2857 1876 llanc
2915 1840 3047 1891 ergo
3094 1825 3236 1879 diem
3296 1826 3435 1882 festo

1852 1921 2122 1965 conventu
2161 1913 2417 1976 colimus,
2456 1914 2776 1967 memoriam
2817 1916 3122 1971 recolentes
3152 1918 3281 1970 editi
3306 1934 3435 1973 ora-

1851 2003 1960 2056 culi
1996 2003 2065 2055 ab
2093 2004 2306 2072 angelo,
2340 2004 2431 2073 qui
2470 2014 2634 2060 castae
2659 2005 2755 2059 Dei
2792 2005 2979 2060 Matris
3015 2010 3431 2077 conceptionem

1851 2094 2203 2146 annuntiavit
2238 2113 2250 2146 :
2280 2094 2425 2163 quod
2461 2094 2602 2150 Deus
2635 2097 2927 2151 oraculum
2967 2112 3135 2166 Opere
3171 2100 3431 2168 implens,

1851 2184 1943 2250 qui
1986 2199 2051 2237 ex
2084 2183 2256 2237 nihilo
2303 2185 2653 2241 condidisset
2686 2186 2964 2250 universa,
3010 2188 3228 2241 vulvam
3275 2191 3434 2243 steti-

1851 2273 1955 2327 lem
1993 2275 2060 2327 ad
2122 2276 2296 2343 ptolis
2354 2276 2590 2331 fructum
2642 2280 2951 2333 excitavit:
3006 2294 3258 2349 eamque,
3311 2299 3434 2350 quae

1849 2367 1983 2421 orba
2025 2368 2180 2435 prole
2238 2370 2642 2432 consenuisset,
2685 2379 2912 2425 matrem
2960 2386 3287 2441 puerperam
3326 2375 3435 2427 mi-

1852 2458 2101 2514 rabiliter
2131 2458 2346 2515 elTecit:
2381 2460 2604 2532 dignum
2642 2464 2939 2516 terminum
2968 2462 3427 2532 justzejustorum

1850 2551 2153 2621 petitionis,
2191 2566 2309 2606 eam
2338 2554 2602 2620 praebens,
2634 2568 2700 2606 ex
2726 2569 2833 2623 qua
2870 2554 2987 2623 ipse
3026 2554 3173 2611 Deus
3202 2571 3424 2612 cat-nent

1850 2643 2075 2696 indutus
2110 2659 2474 2711 processurus
2529 2654 2675 2699 esset
2708 2664 2721 2698 :
2769 2645 2979 2712 volens,
3032 2656 3095 2701 ut
3133 2647 3198 2700 ad
3237 2650 3428 2704 mundi

1834 2724 2019 2789 'totius
2056 2738 2531 2804 regenerationem
2572 2737 2847 2806 sapientes
2879 2738 2984 2803 illi,
3020 2738 3112 2822 Dei
3151 2752 3427 2809 parentes.

1846 2837 1913 2878 ac
1964 2824 2248 2879 hominum
2301 2827 2597 2895 sequestri,
2654 2827 2889 2895 puellam
2950 2832 3257 2899 gignerent,
3309 2850 3432 2898 qua:

1850 2922 1980 2966 ante
2024 2916 2244 2981 saecula,
2296 2932 2362 2970 ex
2416 2918 2672 2970 omnibus
2712 2920 3189 2986 generationibus,
3245 2921 3429 2978 futura

161 3023 375 3078 αἰώνων
406 3023 470 3074 ὲκ
507 3018 700 3073 πασῶν
725 3016 931 3087 γενεῶν
957 3014 1290 3085 γενήσεσθαι
1321 3014 1741 3084 προωρισμένην

1862 3002 2117 3071 praeﬁnita
2156 3016 2275 3060 erat
2321 3018 2484 3075 atque
2525 3006 2719 3060 electa.
2749 3006 2947 3076 Agitur
2977 3018 3155 3063 autem
3197 3014 3430 3067 collecta

158 3133 221 3170 τε
250 3115 346 3167 καὶ
404 3110 791 3181 ὲλελεγμένην.
832 3107 1084 3160 Τελεῖται
1115 3106 1174 3158 δὲ
1203 3103 1346 3173 αὕτη
1374 3105 1408 3173 ή
1435 3102 1657 3166 σύναξις
1686 3104 1743 3156 ὲν

158 3208 240 3278 τῷ
280 3205 563 3275 σεϐασμίῳ
601 3202 737 3272 οἴκῳ
786 3200 890 3269 τῆς
934 3198 1224 3261 Θεοτόκου,
1263 3195 1340 3265 τῷ
1393 3194 1507 3247 ὸντι
1540 3196 1600 3247 ἐν
1630 3196 1745 3257 τοῖς

159 3300 495 3372 Εύουρὰνοις
520 3294 747 3366 πλησίον
773 3293 872 3361 τῆς
901 3290 1216 3359 ἁγιωτάτης
1250 3288 1573 3356 ἐκκλησίας.

418 3406 554 3480 ᾨδὴ
588 3403 651 3464 ζ’.
693 3402 839 3468 Τοὺς
867 3400 937 3454 ἐν
967 3399 1200 3469 καμίνῳ
1222 3395 1458 3460 παῖδας.

231 3525 345 3596 Τῆς
392 3515 652 3583 ἀπαιδίας
678 3516 882 3579 ὄνειδος
935 3514 1129 3583 φυγεῖν
1167 3509 1422 3564 ’ἱκέτευεν
1451 3509 1619 3560 ’Δννα
1653 3508 1745 3560 τὸν

161 3616 443 3685 Δεσπότην
489 3612 584 3667 τοῦ
632 3608 860 3671 παντός’
898 3606 995 3659 καὶ
1046 3605 1146 3674 τῆς
1190 3602 1362 3670 αὐτῆς
1397 3602 1426 3653 ὁ
1451 3597 1745 3668 συμπαθὴς

161 3709 353 3781 φωνῆς
378 3702 760 3772 άκούσας,τὴν
794 3700 956 3754 αὐτὸν
998 3697 1284 3767 κυήσασαν
1337 3691 1551 3762 καρπὸν
1604 3707 1745 3761 παρ.

160 3804 321 3870 ἐσχεν
350 3796 511 3865 αὐτῇ,
545 3790 727 3852 καθὼς
767 3788 1063 3860 ηὐδόκησε.

236 3887 498 3957 Βασιλικὴ
559 3880 819 3954 πορφύρα
850 3883 907 3932 ὲν
931 3880 999 3947 τῇ
1038 3879 1106 3948 σῇ
1147 3875 1487 3945 ἁπάρχεται,
1550 3874 1741 3936 Ἄννα,

159 3978 548 4049 ἔξυφαίνεσθαι
565 3974 786 4046 γαστρὶ,
817 3970 886 4041 ῆν
908 3970 938 4022 ὁ
959 3969 1091 4030 Θεὸς
1115 3968 1211 4020 καὶ
1234 3965 1491 4037 βασιλεὺς
1523 3965 1746 4018 πάντων

162 4072 427 4143 φορέσας,
472 4070 586 4131 τοῖς
643 4064 859 4137 βροτοῖς
916 4060 1244 4130 ὀφθήσεται,
1292 4058 1388 4111 καὶ
1416 4056 1747 4111 ταπεινώσει

159 4163 394 4237 ἐχθροὺς
418 4159 545 4223 τοὺς
576 4153 952 4225 πολεμοῦντας
986 4150 1159 4221 ἡμᾶς.

232 4256 309 4309 Τὸ
339 4255 509 4326 μῦρον
530 4250 592 4305 τὸ
610 4247 809 4311 εὑῶδες
839 4247 900 4299 ὲν
929 4243 1138 4315 γαστρὶ
1198 4240 1510 4306 συνέλαϐες,
1556 4242 1747 4306 Ἀννα,

1849 3095 1964 3148 Ιιαξο
1990 3095 2043 3148 in
2072 3098 2367 3151 venerabili
2406 3098 2650 3166 Deiparm
2675 3097 2864 3164 domo,
2892 3115 3014 3168 quae
3042 3100 3097 3154 in
3127 3099 3424 3168 Ehuranis,

1850 3198 2019 3253 prope
2054 3186 2462 3241 sanctissimam
2494 3188 2785 3242 ecclesiam
2818 3189 2923 3243 sita
2955 3199 3063 3244 est.

2133 3384 2234 3440 0d.
2263 3385 2315 3438 6.
2358 3384 2558 3440 Pueros
2588 3387 2642 3440 in
2676 3388 2886 3441 camino
2915 3390 3142 3456 positas.

1921 3500 2159 3568 Supplex
2216 3501 2371 3553 Anna
2414 3500 2800 3554 universorum
2844 3499 3137 3555 Dominum
3193 3506 3427 3572 rogabat

1848 3602 1908 3644 ut
1931 3591 2119 3645 liceret
2147 3591 2456 3646 sterilitatis
2501 3593 2865 3662 opprobrium
2903 3594 3113 3647 evitare
3145 3613 3159 3648 :
3193 3595 3427 3666 ejusque

1850 3682 2166 3737 misericors
2209 3685 2469 3737 exaudita
2503 3699 2658 3747 voce,
2692 3683 2957 3739 l‘ructum'
2981 3688 3277 3751 concessit,
3322 3705 3430 3758 qun

1849 3774 1965 3842 ipse
1996 3780 2159 3842 prout
2191 3774 2383 3835 voluit,
2416 3772 2600 3828 editus
2648 3781 2753 3828 est.

1923 3865 1980 3919 In
2032 3876 2148 3929 tuo,
2200 3865 2382 3927 Anna,
2446 3873 2626 3929 utero,
2682 3864 2794 3916 texi
2850 3864 3063 3936 incipit,
3122 3882 3229 3936 qua
3287 3867 3430 3922 Deus

1850 3955 2080 4026 Resque
2110 3958 2491 4010 universorum
2547 3956 2797 4021 indutus,
2835 3972 3116 4028 purpura;
3179 3961 3429 4013 mortali-

1852 4051 1955 4105 lms
2011 4049 2398 4119 appariturus,
2458 4049 2759 4117 hostesque
2802 4047 2897 4117 qtti
2941 4063 3043 4103 nos
3081 4050 3428 4119 impugnant.

1852 4139 2170 4213 dejeetur'us
2210 4145 2315 4191 est.

1924 4229 2261 4284 Suaveolcns
2287 4234 2645 4296 unguentum,
2672 4242 2813 4292 eam,
2841 4227 3017 4287 Anna,
3043 4234 3201 4282 utero
3229 4242 3430 4281 conce-

158 4351 265 4419 τὴν
288 4318 351 4400 τὸ
372 4318 542 4417 μύρον
587 4341 689 4415 τῆς
713 4339 860 4409 ζωῆς
892 4334 1194 4435 ὑπερφυῶς
1229 4333 1621 4435 είσδεξαμένην
1650 4332 1742 4435 τὸν

1862 4324 2004 4393 picti,
2026 4337 2145 4391 quae
2164 4320 2476 4379 Dominum,
2496 4328 2832 4388 unguentum
2856 4318 2988 4372 illud
3006 4320 3149 4381 vitae,
3168 4319 3430 4381 mirabili,

1862 4417 1899 4435 &,,
1942 4432 1993 4435 __
2059 4415 2265 4435 _..n:-..-
2300 4411 2538 4435 -....A....!a
2565 4429 2576 4435 -
2612 4421 2944 4435 -..η-..λιιιηω
3002 4412 3222 4435 2...--.Αηιι
3288 4413 3427 4435 _\.A_l

159 4438 443 4508 Δεσπότην
476 4452 490 4465 °
536 4433 627 4487 τὸν
683 4433 875 4493 πνοαῖς
915 4430 1013 4498 τῆς
1077 4426 1303 4497 χάριτος
1344 4427 1446 4487 τὰς
1498 4424 1744 4487 διανοίας

159 4536 194 4603 ἡ
204 4531 322 4602 μῶν
342 4527 736 4581 εύωδιάσαντα.

246 4621 335 4685 Ὦς
366 4618 594 4690 Τριάδος
647 4616 742 4670 ἕνα
769 4633 850 4681 σε,
912 4611 1139 4685 Χριστὲ,
1208 4607 1530 4678 δοξάζομεν,
1575 4608 1748 4661 ὅτιὲκ

161 4714 448 4788 Παρθένου
500 4709 807 4782 σαρκωθεὶς
892 4706 1019 4776 δίχα
1072 4703 1305 4775 τροπῆς,
1377 4700 1749 4771 ἀνθρωπικῶς

162 4792 346 4862 πάντα
388 4804 646 4876 ἠνέσχου,
681 4801 756 4874 μὴ
804 4799 1007 4861 ἐκστὰς
1046 4796 1264 4867 φύσεως
1316 4794 1416 4863 τῆς
1453 4795 1747 4866 πατρικῆς,
1792 4812 1795 4813 ⁷

176 4897 376 4968 Ἰησοῦ,
409 4898 458 4950 εἰ
490 4895 586 4949 καὶ
604 4892 824 4965 ἠνώθης
858 4891 1017 4961 ἡμῖν.

417 5009 557 5082 ’ῼδὴ
591 5007 665 5078 η’.
714 5010 817 5061 Ὃν
850 5006 1206 5075 φρίττουσιν
1240 5001 1500 5071 ἄγγελοι.

237 5124 403 5180 Δαῦὶδ
427 5125 494 5193 ἢν
522 5122 800 5193 προέφησε
851 5116 1202 5188 βασίλισσαν,
1256 5115 1366 5167 ἰδοὺ
1396 5112 1598 5182 γαστρὶ
1625 5111 1757 5163 ύπο-

155 5220 415 5289 δέχομαι,
448 5216 483 5285 ἡ
515 5216 685 5266 Ἀννα
726 5211 913 5282 ἐκϐοᾷ,
950 5209 1047 5263 καὶ
1078 5208 1219 5272 τέξω
1246 5208 1346 5276 τὴν
1370 5206 1589 5260 πάντων
1618 5220 1751 5273 προ-

157 5312 393 5366 στασίαν
420 5308 649 5374 πιστῶν,
680 5305 779 5376 τὴν
807 5305 899 5358 τὸν
927 5302 1154 5374 βασιλέα
1181 5301 1417 5373 Χριστὸν
1448 5298 1749 5369 μέλλουσαν

149 5406 417 5564 “xxiii
447 5493 514 5562 ἥν
540 5487 857 5560 κατῴκησεν
888 5489 916 5542 ὁ
943 5488 1045 5558 γῆς
1087 5465 1435 5556 Ἀημιουργὸς
1455 5523 1470 5548 ,
1504 5481 1564 5534 τὸ
1612 5478 1750 5548 σκῆ-

275 5683 301 5711 ι
339 5671 490 5727 Psal.
523 5686 666 5736 mv,
698 5644 787 5725 l0.
825 5668 831 5673 ’

1854 4416 1905 4469 in
1938 4432 2019 4475 se,
2059 4415 2267 4466 ratione
2298 4411 2578 4477 suscepit:
2612 4421 2969 4479 unguentum,
3002 4412 3249 4481 inquam,
3285 4413 3429 4482 quod

1852 4516 2073 4562 nostros
2102 4507 2314 4558 animos
2346 4502 2572 4556 suavius
2590 4503 2858 4571 perspiret
2881 4502 3097 4558 [latibus
3113 4504 3322 4574 gratize.

1924 4602 2022 4665 Te,
2062 4598 2303 4661 Christe,
2346 4595 2721 4667 gloriﬁcamus
2753 4596 2899 4648 velttt
2943 4612 3108 4648 unum
3145 4596 3212 4649 de
3246 4595 3432 4649 Triui-

1857 4702 1986 4756 tate,
2018 4691 2166 4761 quod
2212 4691 2331 4744 sine
2369 4690 2696 4749 mutatione,
2735 4702 2900 4741 carne
2944 4694 3162 4754 sumpta
3211 4687 3278 4741 de
3311 4685 3434 4741 Vir-

1856 4785 2004 4855 gine.
2038 4784 2223 4836 omnia
2263 4782 2406 4834 velut
2433 4778 2598 4830 homo
2642 4776 2907 4841 subieris;
2939 4788 3187 4847 paterna,
3220 4794 3252 4827 o
3275 4775 3431 4843 Jesn,

1852 4889 2163 4946 quanquam
2200 4872 2361 4927 nobis
2395 4870 2606 4933 unitus,
2641 4885 2749 4924 non
2786 4870 3059 4924 excedens
3105 4878 3323 4923 natura.

2177 4984 2279 5040 0d.
2331 4983 2386 5039 8.
2427 4981 2596 5049 Quem
2647 4990 2880 5037 tremunt
2928 4979 3126 5051 angeli.

1925 5101 2100 5167 Quam
2136 5096 2305 5151 David
2343 5094 2596 5165 praedixit
2633 5092 2878 5162 reginam
2914 5099 2936 5128 ³
2961 5129 2976 5152 ,
3009 5092 3283 5145 exclamat
3321 5093 3432 5142 An-

1861 5210 1951 5255 na,
1980 5207 2110 5247 ecce
2140 5189 2383 5257 suscipio
2428 5194 2619 5251 utero;
2659 5197 2895 5252 sumque
2926 5182 3165 5236 ﬁdelium
3212 5182 3434 5235 univer-

1861 5301 2046 5341 sorum
2080 5283 2393 5353 praesidium
2432 5281 2674 5349 paritura
2709 5295 2721 5331 :
2763 5277 2961 5347 ipsam,
3004 5275 3252 5345 inquam,
3286 5276 3436 5345 pari-

1862 5389 2039 5434 turam
2081 5390 2259 5445 regem
2291 5372 2594 5427 Christum.

1930 5467 2099 5522 Terra
2127 5479 2291 5535 quam
2341 5460 2663 5516 inhabitarit
2692 5469 2851 5516 terra:
2892 5466 3106 5522 auctor,
3149 5463 3435 5528 sceptrum
