4004 6150
295 373 443 441 1337

1592 367 1910 430 MAGNUS
1948 366 2220 427 CANON.

3410 346 3550 412 1338

375 491 691 562 Ἐνδέδυμαι
738 488 1136 561 διερῤηγμένον
1180 488 1417 559 χιτῶνα,
1469 487 1527 541 ὃν
1568 485 1870 557 ὲξυφάνατό

2044 479 2199 534 lndui
2229 478 2459 532 scissam
2499 470 2735 526 medium
2768 466 3035 527 tunicam,
3068 474 3235 533 quam
3263 456 3401 513 mihi
3433 474 3548 514 ser-

295 604 386 657 μοι
416 587 443 638 ὁ
467 584 593 651 δφις
617 585 684 653 τῇ
723 581 1087 652 συμϐουλικῇ,
1119 582 1215 634 καὶ
1250 581 1709 652 καταισχύνομαι.

365 672 713 745 Προσέϐλεψα
756 671 851 725 τοῦ
888 671 1057 741 φυτοῦ
1087 671 1150 723 τὸ
1190 671 1410 741 ὡραῖον,
1452 672 1544 724 καὶ
1584 670 1870 741 ἡπατήθην

290 766 383 817 τὸν
411 764 565 829 νοῦν,
601 764 696 817 καὶ
725 762 876 815 ἔνθεν
906 766 1094 834 κεῖμαι
1136 765 1344 834 γυμνὸς
1383 765 1474 818 καὶ
1516 765 1872 833 καταισχύνο-

295 874 412 928 μαι.

374 946 712 1001 Ἐτέκταινον
734 947 826 1000 ἐπὶ
851 946 940 999 τὸν
969 943 1138 1000 νῶτόν
1167 963 1290 1016 μου,
1338 947 1538 1011 πάντες
1558 950 1609 1001 οἱ
1643 948 1872 1018 ἀρχηγοὶ

292 1043 401 1097 τῶν
431 1042 641 1109 παθῶν,
708 1041 1081 1113 μακρύνοντες
1134 1044 1257 1096 κατ’
1312 1043 1446 1113 ἐμοῦ
1494 1044 1594 1116 τὴν
1642 1045 1871 1115 ἀνομίαν

293 1135 494 1189 αὐτῶν.

376 1226 660 1278 Ἀπώλεσα
678 1222 740 1275 τὸ
768 1224 1175 1293 πρωτόκτιστον
1194 1225 1410 1288 κάλλος.
1434 1226 1529 1279 καὶ
1550 1224 1650 1297 τὴν
1675 1226 1873 1297 εὐπρέ‹

293 1319 454 1374 πειάν
487 1335 587 1389 μου
606 1334 621 1348 ο
653 1316 748 1369 καὶ
780 1317 906 1388 ἄρτι
935 1319 1122 1385 κεῖμαι
1148 1319 1355 1388 γυμνὸς
1390 1320 1485 1372 καὶ
1514 1318 1874 1390 καταισχύνο-

296 1430 414 1484 μαι.

366 1507 693 1579 Κατέρραψε
723 1512 848 1573 τοὺς
878 1508 1236 1579 δερματίνους
1282 1505 1515 1575 χιτῶνας
1566 1506 1599 1575 ὴ
1629 1505 1875 1576 ἁμαρτία

294 1602 480 1666 κάμοὶ,
518 1601 852 1670 γυμνώσασά
886 1617 951 1668 με
984 1600 1096 1669 ’τῆς
1129 1599 1256 1670 πρὶν
1288 1598 1618 1666 θεοῦφάντου
1659 1596 1870 1663 στολῆς.

368 1693 689 1761 Πῖρὶκειμαι
716 1692 809 1747 τὸν
847 1691 1135 1760 στολισμὸν
1166 1692 1264 1756 τῆς
1304 1689 1588 1761 αἰσχύνης,
1622 1688 1873 1758 καθάπερ

1975 573 2153 642 pentis
2183 569 2477 625 consilium
2514 561 2765 618 contexit
2807 559 2856 623 Ιι,
2883 567 2937 612 et
2966 555 3260 610 erubesco.

2043 665 2239 733 Aspexi
2293 661 2362 717 ad
2411 658 2626 713 arboris
2683 650 3195 725 pulchritudinem,
3255 656 3310 702 et
3368 659 3551 703 meme

1973 755 2237 824 deceptus
2269 767 2413 816 sum,
2448 763 2625 819 eoque
2654 746 2834 799 nudus
2858 742 3017 812 jaceo
3045 748 3099 794 et
3128 737 3461 793 confundor.

2045 946 2483 1002 Fabricaverunt
2534 955 2700 1012 supra
2759 946 2987 993 dorsum
3049 948 3229 989 meum
3278 930 3555 1002 principes

1974 1055 2165 1094 Omnes
2187 1036 2664 1107 perturbationum
2707 1031 3117 1097 vitiorumque;
3199 1025 3557 1093 prolongavc—

1976 1139 2104 1184 runt
2135 1129 2428 1183 adversum
2465 1140 2549 1179 me
2574 1121 2920 1190 iniquitatem
2953 1131 3111 1171 suam
3142 1109 3186 1166 ι.

2046 1221 2219 1275 Amisi
2262 1219 2516 1273 decorem
2554 1215 2735 1284 primo
2790 1210 3046 1273 inditmn,
3087 1222 3371 1276 meamque
3404 1205 3552 1258 illam

1978 1313 2209 1367 formam
2233 1329 2247 1379 ;
2273 1313 2498 1382 jamque
2529 1307 2742 1379 pudore
2769 1303 3034 1366 suffusus,
3068 1299 3449 1369 nudusjaceo.

2046 1495 2277 1552 Consnit
2331 1502 2385 1547 et
2447 1490 2577 1545 mihi
2638 1495 2927 1560 peccatum
2980 1484 3241 1555 pelliceas
3294 1481 3552 1540 tunicas.

1978 1590 2148 1661 priori
2181 1603 2211 1642 a
2246 1586 2357 1641 Deo
2377 1591 2633 1640 contexta
2664 1582 2850 1635 tunica
2882 1579 3118 1632 nudans.

2050 1682 2275 1735 lndutus
2352 1689 2504 1748 gesto
2552 1673 2813 1728 infamem
2869 1671 3133 1724 amictum
3205 1667 3353 1720 velut
3425 1661 3555 1715 folia

298 1784 471 1850 φύλλα
522 1783 714 1854 συκῆς,
766 1787 844 1847 εἰς
894 1784 1116 1853 ἔλεγχον
1161 1782 1269 1835 τῶν
1307 1782 1457 1852 ἐμῶν
1508 1780 1873 1846 αὐτεξουσὶων

2031 1791 2146 1839 :us;
2174 1771 2264 1841 qui
2291 1771 2458 1824 libera
2488 1768 2768 1821 voluntate
2796 1769 3111 1818 contractas
3146 1756 3472 1811 affectiones
3497 1762 3553 1805 et

295 1876 502 1930 παθῶν.

376 1974 726 2045 Ἐστόλισμαι
750 1972 1176 2043 κατεστιγμένον
1204 1973 1409 2043 χιτῶνα
1434 1974 1530 2026 καὶ
1556 1970 1877 2044 ᾑμαγμένον

293 2066 572 2222 ἕὶσχρῶς,
633 2069 699 2137 τῇ
762 2066 917 2137 ῥύσει
966 2069 1064 2138 τῆς
1105 2066 1389 2136 ὲμπαθοῦς
1440 2067 1535 2120 καὶ
1592 2064 1874 2135 φιληδόνου

326 2176 459 2222 ωης.

326 2176 459 2227 ωης.

378 2249 691 2311 Ἐσπίλωσα
720 2249 811 2302 τὸν
839 2249 941 2319 τῆς
973 2250 1177 2321 σαρκός
1219 2268 1318 2319 μου
1350 2252 1577 2322 χιτῶνα,
1617 2255 1712 2307 καὶ
1745 2272 1878 2307 κατ-

294 2339 591 2412 ερῤύπωσα
629 2341 690 2395 τὸ
733 2341 854 2394 κατ’
888 2342 1106 2408 εἰκόνα,
1156 2342 1360 2413 Σῶτερ,
1402 2344 1499 2397 καὶ
1538 2344 1659 2398 καθ’
1680 2345 1879 2415 ὁμοίω-

296 2450 404 2488 σιν.

284 2580 293 2585 ,
378 2526 656 2580 ’Υπέπεσα
676 2530 741 2598 τῇ
772 2526 882 2579 τῶν
902 2526 1091 2580 παθῶν
1117 2528 1373 2599 ἀλγηδόνι
1401 2528 1446 2592 ⁴,
1470 2529 1563 2584 καὶ
1594 2531 1659 2600 τῇ
1705 2527 1879 2596 ὲνύλῳ

293 2616 488 2688 φθορᾷ,
520 2619 615 2670 καὶ
642 2617 793 2670 ἔνθεν
823 2617 918 2670 νῦν
943 2619 970 2669 ὁ
999 2617 1195 2688 ὲχθρδς
1226 2618 1548 2683 καταπιὲξει
1589 2636 1677 2689 με.

363 2707 620 2761 Φιλόῦλον
653 2708 746 2759 καὶ
767 2707 1141 2777 φιλοκτήμονα
1176 2708 1288 2778 βίον
1312 2708 1412 2777 τῆς
1446 2708 1734 2778 ἀκτησίας,
1763 2707 1878 2760 Σῶ-

293 2818 411 2873 τερ,
445 2802 767 2873 προκρίνας,
794 2801 889 2855 νῦν
917 2802 1011 2854 τὸν
1045 2801 1216 2873 βαρὺν
1248 2800 1426 2855 κλοιὸν
1458 2800 1803 2872 περίκειμαι.

376 2982 693 3050 Ἐκόσμησα
737 2980 829 3033 τὸν
878 2980 977 3049 τῆς
1032 2981 1231 3052 σαρκὸς
1291 2979 1606 3048 ἀνδριάντα,
1661 2981 1726 3049 τῇ
1768 2979 1877 3031 τῶν

295 3076 536 3146 αἰσχρῶν
566 3072 847 3144 λογισμῶν
892 3071 1114 3142 ποικίλῃ
1160 3071 1447 3144 περιϐολῇ,
1492 3072 1582 3124 καὶ
1617 3073 1878 3144 κατακρί-

295 3183 480 3239 νομαι.

364 3261 477 3329 Τῆς
505 3258 704 3326 ἔξωθεν
735 3255 1013 3326 ὲπιμελῶν
1048 3254 1348 3324 εὐκοσμίας
1374 3253 1542 3325 μόνης
1562 3255 1876 3324 ἐφρόντισα,

296 3351 394 3422 τῆς
427 3350 572 3404 ἔνδον
608 3347 876 3420 ὑπεριδὼν
905 3345 1249 3401 Θεοτυπώτου
1276 3346 1506 3416 σκηνῆς.

366 3442 680 3514 Μορφὼσας
713 3458 813 3512 μου
843 3440 942 3511 τὴν
986 3439 1097 3491 τῶν
1142 3437 1329 3491 παθῶν
1372 3436 1653 3508 ἀμορφίαν
1695 3438 1715 3469 ⁸
1762 3439 1882 3500 ταῖς

298 3536 603 3607 φιληδόνοις
639 3536 859 3605 ὁρμαῖς,
905 3531 1269 3602 ὲλυμηνὰμην
1299 3529 1393 3581 τοῦ
1424 3527 1517 3581 νοῦ
1547 3528 1646 3596 τὴν
1689 3527 1885 3596 ὡραιό-

299 3643 457 3696 τητα.

368 3719 672 3789 Κατέχωςα
726 3717 827 3785 τῆς
867 3717 995 3783 πρὶν
1047 3712 1256 3775 εἰκόνος
1304 3712 1366 3765 τδ
1407 3711 1624 3773 κάλλος,
1676 3710 1880 3779 Σῶτερ.

301 3817 414 3877 τοῖς
443 3812 643 3867 πάθεσι
665 3825 681 3840 ο
714 3809 829 3862 ἀλλ’
854 3807 930 3871 ὥς
964 3823 1094 3860 ποτε
1123 3805 1222 3875 τὴν
1250 3802 1500 3875 δραχμὴν
1539 3802 1884 3873 ἀναζητήσας

303 3907 454 3977 εὑρέ.

386 3996 754 4067 Ἠμᾶρτηκα·
811 3992 998 4061 ὥσπερ
1050 3990 1083 4059 ἠ
1144 3988 1316 4057 πόρνη
1376 3984 1482 4053 βοῶ
1526 4000 1641 4036 σοι·
1710 3980 1887 4043 Μόνος

305 4088 605 4160 ἡμάρτηκά
652 4101 772 4139 σοι’
828 4084 904 4145 ὡς
947 4082 1119 4151 μῦρον
1167 4080 1344 4149 δέχου,
1373 4076 1575 4147 Σῶτερ,
1613 4073 1788 4143 κάμοῦ
1821 4072 1889 4124 tit

305 4182 541 4251 δάκρυα.

389 4273 681 4343 Ὠλίσοησα
713 4270 788 4333 ὼς
832 4268 862 4320 ὁ
908 4265 1073 4319 Δαὸὶδ
1112 4265 1431 4326 ἀκολάστως
1456 4302 1470 4326 ,
1504 4260 1600 4315 καὶ
1634 4258 1891 4329 $560966-

312 4382 493 4437 ρωμαι
518 4381 532 4395 ·
560 4363 673 4417 ἀλλ’
701 4360 1014 4416 ἀπόπλυνον
1040 4356 1210 4427 κάμὲ,
1236 4354 1441 4424 Σῶτερ.
1471 4356 1583 4415 τοῖς
1609 4352 1889 4420 δάκρυσιν.

392 4457 663 4527 ’ἱλάσθητι
683 4469 697 4485 ο
736 4452 812 4515 ὡς
840 4454 867 4504 ὁ
893 4448 1166 4519 Τελώνης,
1204 4446 1310 4515 βοῶ
1346 4463 1428 4497 σοι
1451 4461 1463 4473 ·
1497 4463 1515 4496 ι
1548 4443 1752 4511 Σῶτερ,
1780 4441 1893 4496 ἱλά-

314 4504 607 4618 σθητίῂμοιῖ
625 4504 661 4595 ξ
679 4504 867 4605 Οὐδεὶς
893 4540 1002 4610 γὰρ
1023 4504 1219 4603 τῶν-’ἐξ
1252 4535 1444 4604 Ἀδὰμ,
1476 4533 1550 4596 ὡς
1581 4504 1898 4601 ὲγὼῆμάρ-
1932 4504 1974 4558 D

312 4638 450 4707 τηκέ
476 4654 581 4689 σοι.

385 4730 458 4781 Οὐ
489 4728 722 4798 δάκρυα,
755 4724 875 4778 οὐδὲ
927 4721 1214 4791 μετάνοιαν
1250 4718 1377 4787 ἔχω,
1411 4716 1536 4770 οὐδὲ
1566 4712 1860 4779 κατὰνυξιν
1883 4729 1896 4741 ·

316 4818 480 4881 αὐτός
512 4834 600 4888 μοι
632 4814 826 4877 ταῦτα,
865 4809 1164 4882 Σῶτερ,ὡς
1185 4808 1317 4870 Θεὸς
1347 4805 1614 4877 δώρησαι.

389 5004 500 5074 Τὴν
527 5001 699 5071 θύραν
731 5014 826 5051 σου
859 4995 934 5066 μὴ
967 4992 1303 5063 ἀποκλείσῃς
1331 5007 1420 5060 μοι
1453 4989 1575 5041 τότε
1597 5004 1611 5018 ·
1650 5005 1667 5038 ι
1704 4986 1899 5058 Κύριε,

325 5096 493 5163 Κύριε
513 5108 526 5124 ο
560 5111 578 5142 ι
616 5088 728 5142 ἀλλ’
754 5084 962 5175 ἄνοιξόν
1004 5101 1094 5153 μοι
1122 5082 1293 5152 αὐτὴν
1337 5078 1708 5150 μετανοοῦντι.

391 5185 780 5255 Φιλάνορωπε,
819 5168 838 5233 ἑ
884 5181 914 5233 δ
961 5178 1171 5238 πάντας
1217 5173 1389 5227 θέλων
1439 5171 1716 5240 σωθῆναι,
1763 5187 1780 5219 ι
1836 5168 1900 5220 σὺ

328 5276 660 5333 ἀνακαλεσαι
694 5292 783 5345 με,
810 5274 900 5326 καὶ
927 5269 1075 5334 δέξαι
1096 5268 1171 5330 ὠς
1194 5263 1395 5333 ἀγαθὸς
1421 5260 1787 5332 μετανοοῦντά
1813 5275 1902 5329 με.

402 5456 424 5494 ιι
467 5453 605 5507 Gen.
651 5467 734 5511 tu,
783 5450 874 5503 21.
992 5444 1188 5498 1Psal.
1243 5456 1471 5501 cxxvtu,
1524 5439 1576 5511 '5.

1688 5447 1726 5468 ι·
1766 5436 1898 5489 Luc.
1951 5448 2051 5497 xv,
2104 5429 2155 5484 8.

330 5535 419 5579 P-q
449 5504 771 5584 L—ttcnx—vttt,
802 5522 886 5574 15.
967 5527 987 5554 τ
1018 5515 1208 5568 Matth.
1242 5527 1369 5576 xxv,
1395 5511 1480 5564 ll.
1551 5510 1571 5538 ⁵
1604 5508 1623 5561 l
1655 5506 1793 5560 Tim.
1829 5522 1885 5569 ιι,
1919 5504 1971 5557 4.

1981 1868 2113 1920 vitia
2142 1870 2362 1933 arguat.

2052 1959 2280 2012 Indutus
2303 1969 2424 2008 sum
2455 1950 2781 2005 maculatam
2817 1944 3081 2009 tunicam,
3110 1955 3175 1995 ac
3201 1938 3343 1996 [ωδε
3364 1952 3559 1991 cruen-

1981 2061 2149 2107 tatam
2177 2092 2192 2116 ,
2221 2048 2494 2104 deﬂuente
2533 2046 2639 2098 vita
2688 2038 3078 2095 aﬁcetionibus
3109 2042 3163 2090 et
3210 2031 3554 2101 voluptatum

1980 2161 2185 2201 amore.

2052 2232 2316 2289 Maculavi
2349 2228 2536 2284 carnis
2559 2240 2692 2279 mea!
2726 2223 2994 2285 tunicam,
3019 2228 3073 2274 et
3101 2213 3489 2284 conspurcavi,
3524 2226 3559 2267 0

1982 2328 2258 2389 Salvator,
2287 2323 2519 2378 inditam
2548 2317 2848 2387 imaginem
2879 2321 2933 2367 et
2954 2309 3401 2367 similitudinem.

2055 2500 2300 2555 Molestis
2358 2492 2739 2549 aﬂ'ectionibus
2768 2491 3065 2543 obsecutus
3093 2498 3241 2549 sum,
3289 2490 3344 2535 et
3371 2478 3561 2534 carnis

1982 2588 2325 2660 corruptioni
2351 2605 2365 2653 ;
2395 2599 2571 2655 eoque
2597 2581 2778 2635 hostis
2805 2581 2917 2649 jam
2953 2576 3175 2645 prcutit.

2050 2682 2219 2746 Vita,
2302 2676 2678 2746 corporalium
2771 2680 3107 2738 terrenaque
3197 2660 3557 2724 substantiae,

1982 2785 2223 2837 amante,
2253 2769 2451 2838 inopiae
2480 2764 2726 2836 praelata,
2756 2776 2789 2815 ο
2815 2760 3088 2823 Salvator,
3120 2768 3265 2809 nunc
3288 2750 3562 2824 graveju-

1980 2882 2106 2939 gum
2132 2864 2267 2919 illud
2305 2861 2621 2931 impositum
2658 2857 2854 2911 habeo.

2049 2955 2252 3010 Carnis
2285 2960 2520 3009 statuam
2545 2951 2718 3015 illam,
2740 2946 2893 3000 vario
2916 2942 3105 2997 ornavi
3145 2940 3388 3011 turpium
3405 2939 3560 3010 cogi-

1983 3050 2249 3103 tationum
2279 3046 2510 3105 amictu,
2547 3056 2610 3096 ac
2641 3038 2892 3094 criminis
2921 3051 3050 3091 reus
3083 3049 3230 3090 sum.

2061 3229 2248 3283 Solius
2295 3222 2510 3281 externi
2556 3220 2775 3275 decoris
2817 3231 3009 3272 curam
3058 3212 3336 3270 sollicitus
3366 3209 3557 3281 gessi;

1988 3321 2326 3386 interiusque
2373 3331 2402 3369 a
2447 3314 2556 3368 Deo
2597 3312 2781 3365 ﬁctum
2813 3308 3228 3361 tabernaculum
3258 3302 3494 3373 neglexi.

2060 3411 2371 3465 Deformata
2400 3405 2533 3459 mihi
2561 3400 2924 3470 voluptuariis
2955 3397 3340 3451 aﬂ'eetionibus
3366 3435 3380 3458 ,
3417 3396 3564 3463 turpi

1992 3507 2251 3560 vitiorum
2309 3501 2512 3571 specie,
2554 3494 2755 3550 mentis
2794 3491 3068 3562 egregiam
3122 3490 3269 3542 illam
3325 3488 3564 3557 speciem

1990 3595 2200 3648 vitinvi.
2912 3595 2918 3601 ‘

2061 3685 2230 3742 Obrui
2255 3683 2423 3747 vitiis,
2440 3697 2471 3734 ο
2490 3680 2766 3735 Salvator.
2793 3677 2986 3745 prima:
3005 3670 3258 3740 imaginis
3279 3669 3566 3722 decorem:

1995 3796 2179 3834 verum
2203 3793 2310 3845 qua
2338 3775 2469 3830 olim
2505 3773 2742 3834 ratione,
2773 3766 3093 3822 drachmam
3124 3776 3287 3833 quam
3323 3758 3569 3813 invenias

1994 3886 2180 3941 mttere
2215 3877 2277 3922 ιη.

2065 3961 2289 4017 Peccavi
2318 3977 2333 4026 ;
2367 3958 2546 4012 clamo
2577 3955 2646 4009 ad
2673 3964 2727 4007 te
2754 3952 2897 4006 sicut
2929 3951 3021 4004 illa
3062 3948 3323 4003 meretrix
3350 3956 3377 3983 π
3407 3962 3420 3999 :
3446 3942 3577 3998 Tibi

1995 4053 2153 4109 solus
2202 4048 2462 4119 peccavi;
2519 4044 2759 4114 suscipe,
2794 4043 3073 4109 Salvator,
3105 4052 3153 4095 et
3193 4053 3346 4094 meas
3395 4037 3573 4106 lacry-

1999 4164 2118 4202 mas
2161 4146 2337 4198 instar
2362 4139 2649 4208 unguenti.

2075 4238 2141 4294 Ut
2188 4234 2357 4290 David
2406 4228 2810 4288 incontinentia
2839 4224 3138 4295 prolapsus
3168 4235 3315 4277 sum.
3359 4227 3414 4270 ct
3441 4231 3577 4269 con~

2002 4342 2298 4402 spurcatus
2328 4343 2391 4389 ος
2437 4323 2531 4379 sed
2563 4328 2617 4375 et
2660 4334 2770 4377 me,
2821 4316 3106 4371 Salvator.
3146 4311 3261 4363 lava
3296 4306 3573 4377 laerymis.

2075 4423 2355 4493 Propitius
2414 4430 2573 4477 esm;
2622 4413 2802 4466 clamo
2860 4408 2925 4460 ad
2981 4415 3034 4458 te
3088 4413 3147 4457 ιιι
3189 4401 3572 4454 Publicanus:

2006 4538 2023 4569 ι
2073 4519 2339 4581 Domine,
2384 4512 2655 4581 propitius
2682 4516 2803 4561 esto
2826 4503 2958 4557 mihi
2992 4510 3099 4551 p-‘t.
3145 4518 3164 4550 ι
3210 4495 3382 4550 Nemo
3430 4494 3576 4547 enim

2003 4618 2165 4665 natus
2198 4626 2262 4663 ex
2308 4606 2498 4664 Adam,
2534 4603 2606 4654 ita
2643 4609 2703 4652 ut
2733 4611 2862 4664 ego,
2901 4592 2995 4647 tibi
3032 4588 3302 4660 peccavit.

2076 4705 2282 4757 Desunt
2309 4702 2562 4767 lact-ymte
2590 4710 2605 4759 ;
2639 4706 2747 4746 non
2775 4697 2860 4744 est
2894 4684 3242 4756 pteuitentia,
3282 4694 3391 4733 non
3427 4691 3580 4730 com-

2004 4796 2269 4862 punctin;
2301 4800 2360 4845 tu
2390 4787 2522 4843 mihi
2557 4786 2695 4847 haac,
2730 4782 2997 4840 Salvator,
3026 4776 3119 4846 qui
3164 4774 3308 4827 Deus
3341 4773 3442 4832 sis,
3469 4771 3580 4821 lar-

2006 4887 2141 4957 gire.

2079 4974 2156 5029 Ne
2187 4988 2315 5027 tunc
2343 4969 2471 5023 mihi
2501 4976 2710 5036 portam
2734 4969 2880 5016 tuam
2917 4955 3185 5013 clauseris
3217 4971 3231 5007 :
3269 4970 3287 5003 ι
3326 4947 3579 5010 Domine,

2013 5066 2246 5120 Domine
2283 5073 2303 5101 ι’
2337 5081 2351 5128 ;
2392 5080 2410 5112 ι
2447 5061 2538 5115 sed
2571 5052 2857 5128 ptenitenti
2888 5066 3005 5105 eam
3039 5048 3172 5104 mihi
3209 5045 3382 5115 aperi.

2081 5158 2161 5211 Tn
2200 5157 2464 5218 clemens,
2502 5170 2520 5202 ι
2556 5150 2649 5220 qui
2677 5148 2759 5202 vis
2784 5159 2978 5198 onmes
3004 5142 3188 5196 salvos
3223 5137 3337 5192 ﬁeri
3363 5146 3409 5199 ι,
3442 5151 3461 5185 ι
3499 5146 3583 5185 me

2010 5254 2257 5308 instaura
2287 5264 2302 5312 ;
2343 5253 2508 5315 atque
2538 5250 2596 5295 ut
2629 5241 2852 5315 bonus,_
2874 5235 3232 5307 pteuitentem
3263 5226 3506 5296 suscipe.

2271 5436 2297 5463 ιι
2334 5423 2464 5477 an.
2506 5438 2603 5486 vn,
2657 5419 2725 5474 57
2772 5431 2929 5486 seqq.
3045 5418 3071 5448 °
3101 5409 3144 5466 Il
3186 5407 3322 5480 Reg.
3375 5424 3457 5471 XI,
3510 5405 3561 5460 4.

1632 5693 1717 5747 VA
1730 5690 1867 5747 [HE
1896 5685 2187 5744 LECTION
2199 5686 2299 5741 ES.

402 5798 422 5827 ’⁵
452 5797 588 5852 ἄλλ.
615 5797 889 5869 ἀχθηδόνι.
1002 5794 1022 5822 ⁵
1048 5790 1184 5845 ἄλλ.
1217 5790 1285 5857 τῇ
1317 5785 1583 5856 ἀμορῃίξι.
