4004 6150
525 277 658 345 1339
1719 271 1780 332 s.
1816 273 2146 333 ANDRE/E
2185 271 2604 334 CRETENSIS
3045 249 3048 252 ’
3595 269 3699 338 1340

1185 387 1392 442 Gloria.

2899 380 3076 444 Δόξα.

591 482 834 537 Auribus
851 480 1068 552 percipe
1081 480 1279 532 animae
1295 493 1427 532 mea:
1440 474 2091 547 gemitus,stillantesque

2273 475 2559 531 Ἐνώτισαι
2591 474 2719 537 τοὺς
2751 474 3092 542 στεναγμοὺς
3139 474 3235 543 τῆς
3275 471 3442 542 ψυχῆς
3487 489 3598 542 μου,
3633 475 3703 528 καὶ

523 575 741 642 suscipe
755 573 827 627 ab
843 571 1018 627 oculis
1042 570 1340 639 lacryinas,
1361 583 1394 623 ο
1423 567 1698 630 Salvator,
1720 575 1777 621 et
1801 565 1954 620 salva
1981 579 2088 619 me.

2201 571 2302 625 τῶν
2347 567 2498 640 ἐμῶν
2543 566 2837 636 ὀφθαλμῶν
2894 563 3191 636 προσδέχου
3220 565 3348 626 τοὺς
3391 563 3700 634 σταλαγμοὺς,

1151 643 1158 650 ν
2192 663 2397 734 Σῶτερ,
2427 663 2522 716 καὶ
2553 661 2724 714 σῶσόν
2757 675 2848 730 με.

2857 749 3099 804 Θεοτόκ.

2268 849 2538 916 ’Ἀχραντε
2573 845 2804 898 Θεοτὸκε
2829 841 3096 913 Παρθένε,
3128 838 3266 910 μόνη
3294 839 3604 911 πανύμνητε,
3623 841 3707 894 ικὲ-

2194 956 2318 992 τευε
2350 935 2583 1000 ἐκτενῶς
2612 939 2692 998 είς
2713 934 2774 987 τδ
2798 933 3036 1002 σωθῆναι
3060 933 3227 1002 ἡμᾶς.

2763 1025 2979 1093 ΕΙρμός
3005 1023 3216 1090 ἄλλος.

2271 1121 2460 1186 Ἴδετε,
2495 1119 2656 1182 ἴδετε,
2698 1118 2779 1170 ὅτι
2817 1115 2927 1182 ἐγώ
2971 1117 3088 1185 εἰμι
3127 1115 3258 1177 Θεὸς
3283 1153 3298 1176 ,
3321 1114 3350 1166 ὁ
3381 1115 3540 1182 μάννα
3576 1117 3710 1184 ἑπομ-

979 751 1047 806 Et
1096 767 1256 804 nunc.
1288 751 1350 805 In
1400 749 1620 817 Πείραι’.

591 847 915 902 Intenierata
947 842 1115 914 \‘irgo
1140 843 1392 910 Deipara,
1425 845 1536 897 sola
1571 839 1973 903 laudatissima,
2005 841 2093 895 in—

524 945 671 991 tente
696 948 761 990 ac
788 935 996 1004 jugiter
1027 948 1124 1003 pro
1154 941 1342 986 nostra
1367 934 1617 1001 supplica
1658 927 1856 986 salute.

1109 1024 1265 1076 Alius
1311 1025 1536 1075 Itirmus.

591 1113 809 1182 Videte,
871 1115 1074 1177 videte,
1128 1115 1276 1184 quod
1310 1130 1412 1184 ego
1463 1115 1566 1169 siin
1608 1113 1750 1170 Deus
1779 1155 1793 1178 ,
1835 1115 1931 1184 qui
1983 1115 2096 1186 plui

526 1225 767 1275 manna;
830 1209 1073 1277 olimque
1110 1222 1306 1276 aquam
1336 1207 1402 1260 dc
1454 1216 1606 1276 petra
1645 1208 1690 1271 ί,
1746 1209 1864 1262 sola
1903 1209 2096 1262 dexte-

2201 1213 2429 1282 ερήσας,
2476 1210 2572 1265 καὶ
2601 1210 2661 1262 τὺ
2692 1207 2838 1278 ὕδωρ
2870 1211 2937 1260 ὲκ
2970 1207 3174 1276 πέτρας
3205 1206 3451 1274 πηγάσας
3495 1207 3637 1259 πάλαι
3669 1211 3712 1258 ὲν

525 1317 588 1357 ra
621 1317 738 1355 mea
764 1311 818 1356 et
849 1301 1174 1354 fortitudine
1205 1315 1320 1352 mea
1351 1339 1364 1362 ,
1405 1300 1607 1369 populo
1641 1314 1764 1354 meo
1795 1299 1850 1352 in
1877 1300 2097 1354 deserto

2201 1303 2393 1373 ἐρήμῳ
2427 1299 2502 1370 τῷ
2535 1299 2650 1368 λαῷ
2672 1316 2794 1368 μου,
2827 1299 2894 1367 τῇ
2929 1298 3064 1366 μόνῃ
3110 1295 3278 1366 δεξιᾷ.
3314 1295 3401 1349 καὶ
3428 1298 3488 1366 τῇ
3519 1297 3640 1366 ἰσχύϊ
3664 1301 3711 1367 τῇ

526 1391 711 1448 eduxi.

2201 1395 2331 1464 ὲμῇ.

601 1483 814 1546 Videte,
862 1483 1061 1547 videte,
1127 1479 1273 1550 quod
1323 1495 1426 1548 ego
1479 1479 1580 1534 sim
1641 1482 1820 1536 licus:
1871 1481 2098 1536 auribus

2273 1484 2465 1546 Ἴδετε,
2491 1483 2650 1547 ἴδετε,
2685 1484 2768 1536 ὃτι
2800 1481 2909 1550 ἐγώ
2943 1483 3059 1551 εἰμι
3081 1483 3109 1534 ὁ
3133 1478 3296 1541 Θεὸς·
3320 1478 3573 1542 ὲνωτίζου,
3602 1478 3712 1547 ψυχή

2202 1593 2326 1646 μου,
2348 1575 2440 1628 τοῦ
2463 1575 2669 1646 Κυρίου
2703 1574 2957 1644 βοῶντος,
2975 1575 3069 1625 καὶ
3095 1569 3469 1638 ἀποσπάσθητι
3495 1572 3579 1638 τῆς
3599 1569 3714 1637 πρώ-

2199 1685 2299 1737 της
2322 1667 2629 1736 ἁμαρτίας
2668 1668 2764 1720 καὶ
2803 1665 2970 1735 φοϐοῦ
3012 1663 3087 1726 ώς
3121 1661 3402 1730 δικαστὴν,
3426 1662 3512 1712 καὶ
3535 1659 3596 1722 ὡς
3622 1679 3714 1730 κριο

2199 1758 2320 1828 τὴν,
2347 1757 2442 1831 καὶ
2471 1757 2627 1810 Θεόν.

2271 1849 2389 1902 Τίνι
2427 1848 2740 1918 ὡμοιώθης,
2774 1848 3202 1918 πολυαμὰρτητε
3259 1848 3437 1918 ψυχῆς
3487 1846 3515 1916 ἦ
3565 1847 3625 1914 μὴ
3660 1843 3715 1914 τῷ

2200 1935 2402 2006 πρώτῳ
2427 1937 2587 2002 Κάῖν,
2624 1937 2716 1990 καὶ
2759 1935 2834 2006 τῷ
2864 1936 3058 2007 Λάμεχ
3107 1937 3324 2008 ἐκείνῳ,
3355 1939 3718 2004 λιθοκτονῂσισα

2198 2029 2258 2081 τὸ
2289 2028 2448 2096 σῶμα
2479 2029 2864 2098 κακουργίαις,
2921 2029 3015 2082 καὶ
3059 2029 3326 2082 κτείνασα
3359 2031 3444 2082 τὸν
3479 2028 3600 2090 νοῦν,
3628 2031 3714 2090 ταῖς

2199 2121 2531 2190 παραλόγοις
2557 2121 2778 2192 ὁρμαῖς.

2271 2213 2481 2276 Πάντας
2507 2215 2633 2275 τοὺς
2662 2211 2770 2282 πρὸ
2782 2212 2950 2282 νόμου
2971 2211 3430 2282 παραδραμοῦσα,
3449 2205 3491 2265 ὦ
3507 2211 3644 2282 ψυχὴ,
3662 2213 3716 2280 τῷ

2199 2305 2306 2374 Σὴθ
2340 2305 2438 2374 οὐχ
2485 2303 2776 2373 ὡμοιώθης
2799 2319 2812 2332 ο
2856 2305 2918 2356 οὐ
2948 2304 3041 2356 τὸν
3089 2303 3257 2368 Ἐνώς
3279 2305 3549 2374 ἐμιμήσω
3575 2305 3624 2356 οὐ
3651 2305 3716 2356 τὴν

2211 2393 2382 2463 Ἐνὼχ
2409 2397 2474 2466 τῇ
2510 2393 2799 2464 μεταθέσει
2820 2411 2833 2424 ο
2867 2394 2929 2446 οῦ
2965 2395 3056 2448 τὸν
3095 2396 3242 2460 Νῶε,
3274 2397 3386 2449 ἀλλ’
3415 2395 3580 2466 ῶρθης
3603 2413 3716 2449 πενι·

2199 2485 2307 2556 χρὰ
2331 2487 2429 2555 τῆς
2451 2487 2558 2539 τῶν
2590 2486 2816 2539 δικαίων
2849 2485 3016 2550 ζωῆς.

527 1578 770 1648 percipe,
827 1576 1011 1628 anima
1069 1590 1211 1638 mea,
1264 1589 1452 1628 vocem
1506 1571 1720 1628 Domini
1781 1574 2092 1636 clamantis,

526 1679 694 1736 atque
724 1680 754 1718 α
791 1668 966 1734 primo
991 1673 1086 1719 tuo
1111 1677 1340 1734 peccato
1371 1663 1694 1719 abstrahere
1727 1683 1742 1720 :
1776 1677 1830 1718 et
1855 1664 2096 1733 judicent

527 1770 580 1813 et
612 1757 780 1812 Deum
805 1759 959 1811 time.

594 1847 826 1902 Cuinam
871 1847 1069 1902 similis
1119 1845 1260 1900 facta
1292 1863 1374 1911 es,
1419 1847 1606 1901 anima
1644 1847 1874 1901 multum
1903 1863 2099 1918 pecca—

525 1939 683 1994 trix?
713 1938 817 1995 nisi
848 1939 1026 2008 primo
1060 1938 1234 2002 Cain,
1278 1953 1342 1992 ac
1375 1939 1452 1992 illi
1489 1938 1750 2004 Lamecb,
1781 1955 1903 2010 quae
1939 1941 2098 1996 malis

525 2033 790 2104 operibus
825 2047 926 2088 ceu
978 2033 1254 2101 lapidibus
1287 2047 1494 2102 corpus
1529 2033 1880 2089 interemeris
1905 2077 1920 2101 ,
1954 2050 2098 2090 men-

525 2135 744 2192 temque
771 2123 995 2178 absonis
1023 2123 1423 2192 cupiditatibus
1451 2123 1742 2180 occideris.

595 2213 854 2276 Omissis,
881 2230 914 2268 ο
943 2217 1150 2279 anima,
1189 2215 1447 2270 munibus
1488 2220 1583 2284 qui
1623 2225 1752 2272 ante
1778 2217 1950 2290 legem
1988 2220 2098 2274 cla—

524 2317 788 2374 ruerunt,
829 2324 936 2361 nou
974 2305 1127 2361 fuiin
1161 2307 1358 2363 similis
1391 2308 1522 2362 Setli
1559 2308 1670 2378 (52)
1698 2327 1713 2374 ;
1745 2326 1851 2363 non
1884 2327 1944 2366 cs
1973 2312 2098 2366 imi-

525 2408 636 2452 tata
671 2399 855 2464 Enos;
906 2415 1018 2453 non
1054 2398 1266 2462 Euocli.
1309 2408 1368 2454 ut
1409 2400 1481 2454 ita
1523 2403 1912 2458 transferreris
1941 2422 1954 2469 ;
1987 2421 2094 2460 non

525 2489 659 2551 Noe,
703 2492 796 2546 sed
827 2505 998 2562 egena
1028 2500 1082 2546 et
1113 2491 1373 2547 deficiens
1403 2507 1434 2546 a
1467 2493 1571 2548 vita
1609 2493 1890 2562 justorum
1926 2511 2096 2566 appa-

524 2583 714 2638 ruisti.

2130 1725 2175 1783 Β

598 2671 722 2724 Sola
761 2669 854 2724 iraa
894 2670 983 2724 Dei
1019 2669 1098 2724 tui
1129 2678 1461 2733 cataractas,
1494 2685 1528 2725 ο
1561 2673 1744 2725 anima
1791 2687 1936 2734 mea,
1967 2687 2097 2742 ape-

2270 2669 2422 2739 Μὸνη
2451 2669 2728 2737 ἐξήνοιξας
2754 2671 2878 2734 τοὺς
2923 2673 3318 2744 καταρράκτας
3362 2673 3454 2740 τῆς
3484 2671 3624 2740 ὀργῆς
3646 2667 3714 2720 τοῦ

525 2761 728 2828 roisti;
763 2775 826 2812 ac
853 2775 1094 2822 carnem,
1131 2759 1513 2829 actionesque,
1547 2771 1600 2814 et
1631 2761 1822 2824 vitam,
1863 2777 1962 2817 ceu
1995 2769 2098 2817 ter-

2201 2759 2332 2813 Θεοῦ
2363 2777 2478 2826 σου,
2519 2761 2664 2831 ψυχή
2697 2778 2820 2827 μου,
2849 2763 2941 2815 καὶ
2966 2763 3306 2826 κατέκλυσας
3330 2764 3518 2823 πᾶσαν,
3543 2761 3604 2822 ὡς
3621 2759 3714 2827 γῆν·

527 2869 644 2907 ram
724 2851 1002 2918 obruisti;
1091 2835 1148 2906 et
1201 2861 1358 2906 extra
1415 2851 1612 2907 salutis
1684 2867 1868 2907 arcam
1942 2869 2098 2908 man-

2201 2853 2298 2922 τὴν
2327 2854 2504 2922 σάρκα
2531 2868 2544 2881 ⁸
2583 2853 2675 2904 καὶ
2705 2853 2800 2916 τὰς
2828 2851 3058 2922 πράξεις
3095 2855 3192 2908 καὶ
3221 2856 3314 2909 τὸν
3346 2855 3472 2926 βίον,
3505 2854 3585 2908 καὶ
3606 2854 3713 2924 ἔμει-

528 2945 674 3000 είειὶ,
1929 2975 1939 2981 -
2201 2959 2295 3006 νας
2316 2945 2472 3006 ἐκτὸς
2498 2948 2592 3014 τῆς
2625 2947 2898 3016 σωστικῆς
2924 2947 3183 3004 κιϐωτοῦ.

607 3053 627 3086 ι
661 3031 874 3096 Virum,
907 3031 1109 3101 inquit,
1141 3031 1319 3086 occidi
1352 3032 1405 3086 in
1446 3032 1672 3086 livorem
1701 3034 1859 3098 mihi,
1889 3042 1942 3089 et.
1968 3033 2102 3088 ado-
2127 3053 2168 3110 ο

529 3125 900 3180 lcscentuluut
939 3126 992 3177 in
1028 3125 1242 3194 plagam
1280 3135 1332 3187 ιι,
1377 3143 1394 3175 ι
1431 3125 1709 3180 clamabat
1743 3125 1982 3182 Lamecli
2021 3127 2100 3180 la-

531 3224 824 3279 iuentans;
881 3224 938 3267 tu
993 3222 1208 3276 autem,
1251 3230 1282 3267 ο
1318 3214 1502 3288 anima
1554 3231 1694 3278 mea,
1727 3231 1834 3270 non
1887 3217 2098 3283 tremis,

529 3322 652 3375 qua:
681 3306 942 3375 pollueris
986 3320 1229 3370 carnem,
1263 3315 1613 3376 mentemque
1648 3306 1786 3364 foede
1833 3309 2104 3364 contami-

531 3397 794 3453 noveris?

601 3488 714 3544 lleu
758 3505 863 3547 me.
894 3505 1062 3558 quam
1105 3505 1225 3544 sum
1263 3489 1512 3543 imitatus
1545 3487 1781 3544 Lamecli
1813 3492 2100 3560 antiquum

530 3581 860 3636 homicidam
888 3583 901 3636 l
959 3581 1148 3636 occisa
1177 3581 1383 3646 anima,
1413 3589 1674 3648 tanquam
1711 3583 1864 3648 viro;
1899 3593 2100 3648 mente,

531 3683 592 3729 ut
623 3673 1080 3737 adolescentulo;
1133 3673 1488 3740 domumque,
1548 3679 1608 3725 ut
1648 3669 1895 3736 fratrem,
1954 3672 2104 3726 volu-

532 3766 764 3837 ptuariis
801 3764 1215 3829 affectionibus,
1274 3765 1428 3820 Caini
1490 3765 1692 3826 instar,
1746 3779 1948 3834 corpus
2002 3782 2099 3821 ne-

527 3857 728 3914 cando.
866 3842 871 3850 ’

599 3952 794 4004 Astute
819 3949 1095 4021 cogitasti,
1128 3965 1160 4006 ο
1191 3949 1394 4016 anima,
1429 3957 1490 4004 ut
1516 3949 1708 4004 turrim
1749 3949 2052 4005 aediﬁcares
2081 3990 2096 4014 ,

528 4043 1007 4112 munitionemque
1049 4042 1450 4112 cupiditatibus
1497 4044 1610 4099 tuis
1660 4045 1900 4114 erigeres
1931 4085 1946 4108 ,
1991 4046 2098 4100 nisi

527 4135 812 4200 Conditor,
841 4135 1092 4192 confusis
1124 4136 1374 4192 consiliis
1395 4176 1410 4202 ,
1439 4143 1532 4190 tua
1557 4135 1626 4191 ad
1663 4147 1862 4192 terram
1898 4141 2099 4194 maelii-

527 4235 782 4280 namcnta
823 4229 1177 4283 εοηιτὶι-ἰεεθι
1199 4237 1246 4282 ν.

595 4316 926 4372 Vulneratus
957 4333 1106 4382 sum,
1144 4336 1264 4374 sum
1299 4320 1609 4375 sauciatus.
1639 4319 1718 4374 En
1749 4321 1854 4375 tela
1881 4321 2092 4376 inimici

2269 4321 2585 4392 ἰ’έτρωμαι,
2618 4320 2938 4390 πέπληγμαι
2957 4337 2972 4353 ο
3007 4321 3118 4376 ἰδοὺ
3147 4322 3219 4376 τὰ
3261 4324 3387 4394 βέλη
3407 4315 3516 4376 ποῦ
3540 4316 3710 4391 ἐχθροί).

525 4409 760 4462 aninmo
818 4424 1133 4481 corpusque
1179 4413 1410 4466 adversa
1459 4412 1834 4477 circumdant;
1870 4429 1937 4468 en
1975 4417 2094 4468 vul-

2201 4406 2265 4462 τὰ
2293 4405 2694 4472 καταστίξαντά
2724 4425 2823 4477 μου
2845 4409 2944 4479 τὴν
2967 4410 3179 4480 ψυχὴν,
3211 4413 3307 4465 καὶ
3335 4412 3397 4464 τὸ
3427 4411 3586 4480 σῶμα.
3613 4407 3710 4460 ’1ὂοῦ

526 4517 679 4564 nera,
713 4501 1026 4572 ulceraque.
1057 4512 1110 4556 et.
1142 4504 1380 4558 membra
1417 4503 1628 4567 mutila,
1663 4514 1914 4574 acceptas
1942 4522 1970 4559 a
1998 4523 2094 4560 vo-

2201 4499 2260 4551 τ5ι
2299 4497 2612 4569 τραύματα,
2642 4499 2711 4551 τὰ
2739 4499 2896 4570 ἕλκη,
2928 4501 2984 4552 αἱ
3010 4499 3307 4572 πηρώσεις,
3337 4503 3493 4572 βοῶσι
3509 4502 3590 4564 τὰς
3613 4498 3712 4565 πλη·

527 4594 780 4647 luntariis
811 4595 1194 4650 aﬂ'ectionibus
1237 4597 1427 4666 plagas
1455 4597 1719 4652 clamant.

2201 4593 2298 4660 τὰς
2334 4591 2442 4644 τῶν
2471 4592 2811 4662 αὑθαιρετῶν
2849 4609 2950 4664 μου
2981 4594 3192 4649 παθῶν.

603 4701 622 4736 ι
652 4681 796 4738 Pluit
835 4685 1112 4754 quondam
1143 4684 1410 4740 Dominus
1433 4687 1636 4756 ignem,
1665 4701 1693 4740 a
1727 4686 1958 4743 Domino
1989 4697 2037 4753 κ,
2068 4707 2084 4739 ι

2271 4705 2288 4736 ι
2336 4683 2566 4755 Ἐὗρεξε
2601 4682 2803 4755 Κύριος
2838 4686 2990 4754 παρὰ
3017 4687 3224 4757 Κυρίου
3252 4687 3362 4758 πῦρ
3394 4703 3536 4750 ποτε,
3569 4703 3584 4734 ι
3619 4685 3708 4734 ἀνο-

525 4775 896 4830 lasrivieutem
930 4775 1294 4831 Sodomorum
1333 4777 1669 4846 impietatem
1705 4779 1958 4834 incendio
1998 4797 2088 4832 va-

2201 4775 2326 4844 μίαν
2360 4772 2612 4844 ὀργῶσαν
2665 4776 3024 4848 πυρπολήσας
3057 4779 3304 4848 Σοδόμων
3325 4795 3337 4808 ·
3373 4780 3433 4832 σὺ
3459 4777 3510 4830 δὲ
3555 4775 3604 4828 τὸ
3627 4771 3705 4838 πῦρ

525 4880 730 4923 stans:
785 4877 838 4923 at
899 4869 1018 4939 ipsa
1072 4851 1334 4940 gehennae
1389 4871 1731 4926 succendisti
1775 4873 1978 4942 ignem,
2038 4873 2091 4925 iu

2201 4867 2490 4934 ὲξέκαυσας
2540 4867 2598 4922 τὸ
2647 4869 2748 4937 τῆς
2800 4869 3046 4941 γεέννης,
3083 4865 3212 4938 ἐνῷ
3261 4863 3702 4941 μέλλεις,ὦψυχὴ.

521 4973 630 5026 quo
659 4961 884 5028 pariter,
910 4975 944 5013 ο
967 4961 1166 5024 anima,
1191 4961 1562 5016 comburenda
1588 4978 1669 5018 es.

2201 4959 2713 5025 συγκατακαίεσθαι.

591 5048 797 5107 Scitote
822 5062 876 5108 et
898 5052 1099 5118 videte,
1121 5051 1315 5132 q110d'1
1350 5053 1460 5126 Ego
1489 5055 1594 5110 sim
1627 5054 1911 5118 Dominus,
1936 5072 2090 5110 scru-

2267 5055 2444 5107 Γνῶτε
2477 5055 2572 5108 καὶ
2599 5055 2759 5120 ἴδετε,
2793 5055 2875 5108 ὅτι
2913 5073 2930 5104 ι
2982 5053 3124 5123 Ἐγώ
3155 5058 3271 5126 εἰμι
3297 5055 3510 5126 Κύριος,
3537 5050 3562 5102 ὁ
3588 5049 3699 5116 ἐρίν’

2278 3055 2295 3086 ι
2343 3033 2543 3105 ’Ἄνδρα
2565 3036 2880 3101 ἀπέκτεινα,
2919 3039 3106 3108 φησὶν,
3139 3042 3221 3102 είς
3247 3039 3485 3109 μώλωπα
3512 3038 3629 3106 ἐμοὶ,
3650 3037 3719 3088 καὶ

2203 3129 2483 3181 νεανίσκον
2517 3131 2597 3191 είς
2629 3129 2850 3199 τραῦμα
2873 3171 2887 3196 ,
2925 3149 2943 3181 ι
2980 3132 3174 3202 Λάμεχ
3207 3133 3420 3202 θρηνῶν
3445 3133 3575 3184 ὲὸόα.
3600 3132 3655 3181 Σὺ
3679 3129 3721 3180 δὲ

2202 3223 2260 3272 οὐ
2285 3222 2527 3290 τρέμεις,
2563 3215 2608 3274 ὧ
2635 3222 2782 3290 ψυχή
2816 3239 2938 3290 μου,
2980 3223 3305 3293 ρυπωθεϊσα
3333 3224 3428 3295 τὴν
3459 3225 3631 3292 signa,
3651 3219 3718 3273 καὶ

2201 3315 2291 3368 ἣν
2324 3314 2447 3366 νοῦν
2479 3315 2942 3376 κατασπιλώσασα
2973 3316 3259 3386 αίσχρῶςς

2278 3497 2342 3549 Ὣ
2375 3497 2490 3562 πῶς
2544 3497 2794 3570 ἐζήλωσα
2845 3501 3061 3572 Λάμεχ,
3107 3502 3202 3555 τὸν
3238 3503 3425 3573 πρώην
3473 3499 3717 3570 φονευτήνε

2202 3587 2298 3656 τὴν
2326 3586 2524 3657 ψυχὴν.
2543 3587 2732 3656 ὥσπερ
2751 3589 2942 3660 ἄνδραο
2975 3591 3066 3643 τὸν
3089 3590 3239 3656 νοῦν,
3273 3593 3347 3656 ώς
3372 3592 3622 3644 νεανίσκον
3639 3603 3650 3616 ·
3667 3587 3721 3649 ὡς

2203 3678 2426 3746 ἀδελφὸν
2447 3679 2501 3730 δέ
2525 3696 2628 3748 μου
2653 3681 2712 3732 τὸ
2743 3679 2903 3750 σῶμα
2929 3682 3284 3748 ἀποκῑείνας,
3309 3683 3382 3746 ὡς
3405 3685 3530 3738 Κὰῖν
3550 3681 3718 3750 φονεὺς,

2202 3770 2320 3830 ταῖς
2354 3767 2660 3838 φιληδόνοις
2681 3771 2902 3841 ὁρμαῖς.

2273 3950 2488 4022 Πύργον
2517 3951 2755 4020 ἐσοφίσω
2779 3951 3150 4023 οἰκοδομῆσαι,
3180 3947 3226 4008 ὧ
3250 3955 3419 4027 ψυχὴ,
3443 3953 3530 4008 καὶ
3555 3951 3716 4023 ὀχύρω-

2205 4063 2278 4115 μα
2311 4044 2480 4114 πῆξαι
2521 4047 2642 4106 ταῖς
2682 4047 2801 4106 σαῖς
2849 4045 3194 4116 ἐπιθυμίαις,
3256 4051 3305 4102 εἰ
3345 4049 3417 4120 μὴ
3468 4043 3715 4114 συνέχεενὸ

2201 4136 2440 4204 Κτίστης
2478 4135 2577 4198 τὰς
2629 4135 2825 4204 βουλάς
2856 4153 2970 4202 σου,
3006 4139 3102 4192 καὶ
3131 4139 3396 4206 κατέαξεν
3439 4143 3512 4202 εἰς
3545 4137 3632 4208 γῆν
3663 4133 3712 4186 τὰ

2203 4229 2572 4299 μηχανήματά
2605 4247 2722 4284 σου.
2999 4209 3020 4228 Ι

597 5233 618 5271 ι
649 5229 815 5287 Exod.
856 5245 970 5297 xvi,
1001 5229 1102 5297 H;
1126 5245 1261 5298 xvu,
1287 5229 1340 5284 6.
1419 5243 1447 5270 ιι
1477 5231 1615 5288 Gen.
1649 5247 1724 5296 iv,
1760 5231 1858 5288 2'5.
1925 5241 1951 5266 ν
1983 5230 2096 5284 Gen

2209 5270 2223 5295 ,
2249 5230 2301 5285 5.
2382 5244 2408 5272 ι
2443 5227 2581 5284 Gen.
2602 5245 2718 5296 ιιιιι,
2742 5230 2833 5284 24.

1787 5373 2178 5432 COMBEFISII
2210 5373 2438 5428 ΝΟΤᾹΞ.

584 5473 698 5543 (39.)
730 5466 855 5543 Non
899 5469 1048 5538 fuisti
1074 5470 1270 5543 similis
1298 5469 1444 5543 Setli.
1474 5469 1613 5543 Fuit
1654 5471 1702 5525 is
1737 5471 1974 5543 eximius
2004 5471 2087 5543 in-

512 5538 600 5595 ter
631 5538 774 5597 fliiOa
828 5538 1023 5601 Altam,
1055 5539 1124 5593 ad
1159 5543 1281 5607 ejus
1325 5541 1613 5610 imaginem
1659 5549 1714 5596 et.
1759 5541 2084 5594 similitudi-

517 5621 640 5662 nem
675 5610 1036 5679 singularitcr
1067 5611 1307 5678 genitus,
1340 5627 1366 5663 a
1398 5627 1508 5678 quo
1543 5623 1731 5679 sancta
1763 5611 1852 5664 illa
1897 5625 2087 5679 proge-

520 5679 642 5734 nies
668 5680 813 5734 dicta
839 5678 1078 5749 ﬁliorum
1112 5681 1205 5732 Dei
1241 5697 1258 5732 :
1295 5697 1412 5749 qua:
1438 5682 1655 5736 tandem
1688 5678 2026 5751 degenerans
2059 5695 2087 5731 a

2193 5526 2377 5602 inista,
2405 5526 2660 5590 iram'Dei
2696 5536 3013 5602 provocavit
3047 5553 3060 5587 :
3089 5552 3194 5604 qua
3229 5531 3295 5586 de
3309 5526 3692 5604 _re_cxpusitores

2192 5605 2329 5662 Gen.
2355 5600 2407 5662 tv
2433 5619 2486 5661 et
2517 5622 2604 5671 ι·ι;
2638 5600 2861 5676 Ioseph.
2893 5607 2985 5660 lib.
3016 5622 3031 5660 ι
3069 5600 3268 5673 Αήιὶᾳ.,
3303 5600 3472 5665 Soid.,
3502 5606 3592 5655 etc-

2192 5479 2418 5536 paterna
2478 5466 2838 5534 ingenuitate.
2886 5473 2940 5518 et
3003 5463 3692 5536 ﬁliabus_h0minum_f'ﬂlll:
3757 5493 3771 5504 .
