4004 6150
497 291 635 354 1348
1705 284 1765 343 S.
1797 275 2128 336 ANDRErE
2164 270 2588 335 CRETENSIS
3611 259 3720 325 134i

1158 395 1404 448 Hirmus.

2856 381 3092 451 Εὶρμὸς.

545 487 850 551 Cunilrma,
865 483 1118 548 Domine,
1135 497 1301 553 supra
1315 489 1524 553 petram
1540 480 1925 537 mandatorum
1949 486 2072 534 tuo-

2247 477 2583 550 Στερέωσον,
2617 473 2794 544 Κύριε
2823 515 2837 540 ,
2869 473 2964 526 ἐπὶ
2995 473 3095 543 τὴν
3141 472 3378 542 πέτραν,
3407 467 3516 521 τῶν
3536 467 3721 523 ἐντολῶν

496 596 640 642 rum,
685 592 781 630 cor
812 590 992 629 meum
1035 582 1238 630 nutans
1279 572 1524 644 :quippe
1563 573 1720 629 solus
1753 578 1982 628 sanctus
2009 583 2074 624 ac

2191 587 2280 641 που
2302 566 2658 622 σαλευθεῖσαν
2702 561 2802 634 τὴν
2833 560 3064 632 καρδίαν
3095 577 3197 630 μου
3220 577 3234 590 ·
3269 559 3358 612 δτι
3402 556 3559 629 μόνος
3599 555 3721 624 ἅγιος

493 670 764 724 Dominus
792 680 874 720 es.

2191 661 2448 731 ὅπάρχεις
2477 659 2572 711 καὶ
2599 654 2826 728 Κύριος.

567 757 647 812 Te
675 757 876 812 fontem
917 754 1095 810 habeo
1122 753 1270 822 vitae,
1290 753 1488 810 mortis
1522 753 1963 818 destructorem;
2001 749 2074 804 ti-

2250 753 2442 824 Πηγὴν
2465 750 2612 820 ζωῆς
2637 746 2912 818 κέκτημαί
2939 763 3022 806 σε,
3059 743 3155 798 τοῦ
3187 741 3427 797 θανάτου
3456 740 3542 795 τδν
3567 740 3723 794 καθαι-

491 849 664 918 hique
710 863 774 902 ex
813 847 1014 916 corde”
1048 860 1172 899 cum
1215 843 1450 899 necdum
1507 845 1630 900 linis
1680 842 2070 914 apprehendit,

2191 845 2366 918 ρέτην,
2423 841 2518 896 καὶ
2542 839 2650 910 βοῶ
2675 856 2758 893 σοι
2785 841 2850 891 ὲκ
2871 836 3101 908 καρδίας
3141 851 3250 906 μου
3281 832 3391 906 πρὸ
3425 831 3515 886 τοῦ
3539 831 3720 896 τέλους·

493 939 676 994 ciamo
704 955 717 990 :
743 935 1008 1000 Peccavi;
1045 936 1314 1006 propitius
1339 943 1496 1001 esto;
1534 937 1686 990 salva
1716 951 1822 990 me.

2191 937 2458 1008 ἡμαρτον·
2497 931 2746 1002 ίλάσθητι
2772 945 2788 961 ο
2823 929 2999 982 σῶσόν
3035 945 3123 998 με.

569 1027 817 1083 Imitatus
849 1041 994 1090 sum,
1030 1025 1304 1090 Salvator,
1335 1041 1430 1081 eos
1465 1026 1558 1096 qui
1581 1025 1928 1096 temporibus
1954 1025 2074 1084 Noe

2252 1027 2391 1088 Τοὺς
2425 1024 2519 1077 ἐπὶ
2553 1020 2700 1084 Νῶε,
2731 1019 2938 1088 Σῶτερ,
2967 1015 3350 1086 ἀσελγηκότας
3387 1013 3719 1084 ἐμιμησάμην,

479 1123 552 1182 ,in
607 1120 883 1174 luxuriam
933 1125 1262 1174 exarserunt
1299 1127 1358 1183 c;
1395 1131 1586 1172 eorum
1639 1117 2072 1183 damnationem,

2191 1119 2280 1189 τὴν
2305 1117 2533 1172 ἐκείνων
2559 1113 2992 1184 κληρωσάμενος
3036 1109 3371 1178 καταδίκην,
3403 1109 3461 1160 ὲν
3493 1107 3720 1161 κατακλυ-

492 1213 709 1267 diluvio
741 1211 977 1265 obrutus
1009 1210 1242 1264 sortitus
1276 1224 1422 1264 sum.

2191 1209 2304 1281 σμῷ
2337 1207 2704 1267 καταδύσεως.

571 1304 824 1367 Peccavi,
874 1301 1124 1367 Domine,
1162 1302 1387 1371 peccavi
1439 1300 1534 1356 tibi
1565 1317 1580 1367 ;
1613 1298 1886 1370 propitius
1919 1299 2074 1356 .mihi

2262 1299 2614 1371 Ἦμάρτηκα,
2643 1297 2839 1366 Κύριε,
2869 1290 3169 1364 ἡμάρτηκά
3207 1307 3296 1344 σοι
3319 1308 3334 1324 ⁸
3365 1288 3598 1359 ἱλάσθητί
3623 1301 3717 1355 μοι·

494 1403 618 1448 esto
646 1411 659 1448 :
695 1407 873 1463 neque
900 1394 1046 1448 enim
1071 1401 1157 1448 est
1179 1393 1323 1449 ullus
1353 1393 1518 1447 homo
1537 1401 1794 1462 peccator
1823 1407 1935 1462 quo
1963 1406 2072 1446 non

2191 1395 2238 1449 οὐ
2275 1393 2382 1462 γὰρ
2417 1391 2553 1454 εστι,
2610 1389 2760 1450 ὅστις
2818 1385 3068 1456 ἥμαρτεν
3103 1384 3162 1436 ὲν
3206 1381 3536 1454 ἀνθρώποις,
3578 1379 3629 1432 δν
3647 1381 3721 1448 οὐχ

500 1483 754 1552 graviora
785 1483 1149 1552 peccaverint.

2191 1483 2456 1555 ὑπερέϐην
2490 1483 2605 1542 τοῖς
2629 1478 2873 1547 πταίσμα
2883 1494 2958 1530 σι.

569 1575 739 1629 Cham
783 1575 962 1640 illum,
1000 1590 1034 1630 ο
1079 1573 1285 1640 anima,
1327 1575 1656 1644 parricidam
1696 1577 1931 1642 imitata,
1965 1591 2074 1632 non

2252 1575 2357 1627 Τὸν
2381 1572 2513 1642 Χάμ
2540 1572 2768 1633 ἐκεῖνον,
2792 1565 2962 1638 ψυχὴ,
2995 1565 3089 1618 τὸν
3138 1563 3480 1636 πατραλοίαν
3519 1579 3722 1634 μιμηιιιι⁸

497 1669 786 1740 0peruisti,
809 1676 1108 1724 retrorsum
1135 1668 1400 1724 incedens
1433 1669 1666 1736 proximi
1700 1669 2000 1725 verendad.

2191 1667 2322 1738 μένη
2342 1706 2357 1730 ,
2391 1664 2488 1734 τὴν
2519 1660 2784 1732 αἰσχύνην
2814 1661 2918 1713 οὐκ
2955 1656 3204 1726 ἐκάλυψα
3235 1653 3334 1710 τοῦ
3365 1652 3594 1725 πλησίον,
3621 1653 3720 1706 6m-

1386 1775 1396 1781 '
2109 1763 2149 1820 Β
2183 1755 2464 1825 σθοφανῶς
2503 1751 2860 1822 ἀνακάμψας.

577 1842 696 1898 Non
733 1859 793 1898 es
829 1851 1148 1908 consecuta,
1168 1843 1368 1897 misera
1399 1843 1608 1905 anima,
1640 1843 2074 1898 benedictionem

2251 1847 2363 1918 Τὴν
2395 1845 2650 1912 εὐλογίαν
2669 1843 2762 1896 τοῦ
2789 1842 2930 1912 Σὴμ,
2950 1840 3052 1894 οὐκ
3081 1837 3404 1912 έκληρὼσω,
3419 1837 3554 1907 ψυχὴ
3575 1835 3716 1889 ἀθλία·

502 1933 649 1988 illum
695 1931 860 2000 Sem;
901 1948 1012 1985 non
1043 1941 1101 1986 ut
1135 1929 1398 2006 Japhelh,
1439 1931 1604 1986 latam
1631 1933 1920 1989 obtinuisti
1947 1949 2078 2004 pos-

2191 1943 2240 1995 οῦ
2277 1938 2540 1994 πλατείαν
2569 1941 2670 2008 τὴν
2703 1936 3057 2005 κατάσχεσιν,
3089 1933 3168 1996 ὡς
3199 1931 3407 2002 Ἰαφέθ,
3435 1931 3577 2000 ἔσχες
3603 1930 3716 1998 ὲντῇ

503 2025 808 2080 sessionem
833 2025 885 2078 in
928 2033 1072 2080 terra
1099 2023 1420 2080 reiectionis
1446 2035 1494 2080 ο.

2191 2037 2251 2105 γῇ
2288 2032 2387 2102 τῆς
2420 2030 2690 2100 ἀφέσεως.

537 2189 542 2194 _
576 2117 696 2177 Exi,
729 2118 912 2170 anima
935 2132 1074 2181 mea,
1108 2115 1186 2172 de
1227 2126 1375 2171 terra
1407 2119 1643 2188 peccati,
1665 2117 1917 2173 Charran
1941 2119 2091 2185 f;veu

2265 2127 2360 2180 Ἐκ
2377 2127 2480 2194 γῆς
2509 2122 2738 2193 Χαρρὰν
2770 2117 2954 2184 ἔξελθε
2985 2117 3087 2187 τῆς
3116 2115 3418 2187 ἁμαρτίας,
3459 2113 3590 2184 ψυχή
3619 2129 3698 2182 μου

505 2209 561 2262 ἱη
601 2217 804 2262 terram
855 2207 1113 2263 ﬂuentem
1172 2209 1540 2263 immortalem
1583 2211 2078 2280 incorruptionem,

2191 2217 2344 2290 δεῦρο
2397 2218 2479 2280 είς
2535 2214 2640 2282 γῆν
2683 2213 2912 2284 ῥέουσαν
2945 2209 3182 2274 ἀείζωον
3242 2206 3564 2276 ἀφθαρσίαν,
3607 2203 3717 2275 ῆνό

505 2316 672 2372 quam
699 2301 976 2384 Abraham
1061 2303 1276 2372 accepit
1307 2303 1362 2355 in
1389 2303 1786 2356 hereditatem.

2196 2310 2446 2380 Ἀϐραὰμ
2478 2305 2608 2374 ὲκλη
2617 2303 2851 2376 ρώσατο.

575 2390 716 2445 Olim
756 2392 984 2458 audisti,
1048 2393 1233 2447 anima
1273 2408 1418 2460 mea,
1474 2395 1769 2464 reliquisse
1805 2394 2080 2449 Abraham

2255 2399 2358 2452 Τὸν
2387 2397 2639 2468 Ἀϐραὰμ
2691 2395 2932 2462 ἤκουσας
2989 2391 3181 2454 πάλαι,
3217 2389 3366 2460 ψυχή
3397 2405 3511 2458 μου,
3539 2385 3714 2439 καταλι-

505 2488 706 2536 terram
741 2486 1040 2554 propriam,
1097 2485 1414 2556 factumque
1459 2487 1703 2542 accolam
1747 2505 1760 2542 :
1819 2488 1983 2556 huius
2025 2495 2080 2540 tu

2191 2493 2356 2545 πόντα
2381 2491 2482 2560 γῆν
2511 2485 2774 2558 πατρῴαν
2800 2487 2892 2538 καλ¹
2917 2485 3214 2554 γενόμενον
3249 2481 3575 2554 μετανάστην
3595 2497 3606 2508 ·
3623 2477 3718 2530 τοὺ⁶

505 2576 769 2629 tumulare
809 2577 1175 2646 propositum.

2191 2599 2278 2636 του
2314 2581 2410 2652 τὴν
2437 2579 2753 2651 προαίρεσιν
2781 2576 3041 2648 μίμησαι.

576 2662 714 2717 Cum
763 2664 828 2718 ad
883 2681 1150 2734 quercum
1209 2665 1453 2721 Mantbre
1502 2667 1814 2734 patriarcha
1860 2669 2084 2738 angelos

2269 2674 2356 2726 'Ev
2383 2673 2449 2742 τῇ
2482 2669 2604 2740 δρύῖ
2636 2670 2700 2739 τῇ
2728 2665 3000 2737 Μαμϐρῆ,
3035 2663 3400 2734 φιλοξενήσας
3435 2662 3462 2714 ὀ
3499 2657 3718 2730 πατριάρ-

509 2754 758 2822 hospites
803 2767 1052 2809 amanter
1106 2757 1468 2824 habuisset",
1517 2757 1628 2828 jam
1663 2773 1829 2812 senex
1855 2758 2088 2828 prornis-

2191 2782 2290 2836 κης
2333 2763 2460 2825 τοὺς
2512 2759 2798 2830 ἀγγέλους,
2855 2755 3217 2826 ἐκληρώσατο
3266 2755 3404 2826 μετά
3451 2753 3605 2822 γῆρας
3641 2745 3717 2818 τῆς

509 2843 686 2898 sionis
711 2845 949 2914 pra-dam
982 2855 1318 2901 consecutus
1349 2855 1458 2902 est.

580 2934 714 3001 Quae
733 2937 974 3002 noveris,
1001 2939 1198 2991 misera
1219 2938 1399 2991 anima
1424 2952 1562 3002 mea,
1588 2939 1830 2993 oblatum
1859 2941 2087 3010 mystice

511 3026 742 3082 Domino
796 3027 850 3082 in
903 3027 1212 3083 holocausti
1265 3044 1462 3083 novam
1513 3029 1773 3095 hostiam,
1819 3030 1975 3086 Isaac
2016 3032 2085 3085 il-

511 3121 624 3172 lum
659 3118 688 3157 ιι
722 3135 738 3174 :
771 3129 892 3174 esto
911 3121 1032 3188 ejus
1062 3121 1330 3191 propositi
1356 3123 1577 3178 aemula.

2191 3123 2353 3179 αὐτοῦ
2383 3121 2482 3192 τὴν
2513 3121 2855 3192 προαίρεσιν.

579 3208 800 3264 Audisti
837 3210 1118 3266 lsmaelem
1154 3213 1169 3252 ἱ
1203 3229 1218 3268 :
1257 3212 1444 3267 sobria
1497 3215 1576 3270 sis
1621 3216 1933 3285 sapiasque,
1965 3215 2088 3269 ani-

2261 3219 2366 3271 Τὸν
2417 3214 2645 3286 Ἰσμαὴλ
2686 3213 2928 3284 ῆκουσας
2957 3227 2972 3241 σ
3013 3210 3176 3279 νῆφε,
3217 3208 3365 3280 ψυχή
3401 3221 3513 3278 μουο
3539 3202 3719 3270 tuam.

513 3313 603 3354 ma
637 3315 794 3368 mea;
839 3301 984 3355 velut
1005 3300 1174 3355 lilium
1205 3301 1417 3356 ancillae
1440 3341 1456 3367 ,
1483 3303 1720 3373 ejectum
1748 3303 1932 3368 domo,
1965 3302 2090 3356 vide

2192 3309 2376 3374 Θέντα,
2396 3307 2470 3370 ὡς
2497 3305 2794 3375 παιδίσκης
2823 3301 3150 3373 ἀποκύημα,
3178 3300 3346 3372 βλέπε
3370 3300 3439 3370 μή
3456 3289 3719 3363 πωςὸμοιόν

514 3391 814 3460 nequando
838 3392 1016 3448 simile
1045 3394 1173 3464 quid
1206 3394 1470 3464 petulanti
1501 3395 1736 3449 accidat.

2192 3421 2244 3456 τι
2272 3400 2450 3472 πάθῃς
2471 3397 2828 3467 λαγνεῦουσα.

529 3482 538 3490 ’
585 3481 748 3545 Olim,
783 3486 984 3551 anima,
1017 3484 1171 3542 fuisti
1208 3487 1354 3556 Agar
1380 3485 1650 3558 [Egyptian
1683 3485 1880 3540 similis
1907 3494 2091 3538 mente

2263 3495 2341 3564 Τῇ
2377 3491 2547 3560 ’Δγὰρ
2573 3489 2762 3556 πάλαι,
2783 3487 2952 3560 ψυχὴ,
2977 3490 3043 3558 τῇ
3072 3485 3353 3555 Αἰγυπτίᾳ
3374 3475 3719 3553 παρωμοιὼθης

516 3589 696 3638 serva,
715 3584 768 3630 et
792 3591 912 3646 qua:
937 3593 1137 3632 novum
1158 3579 1466 3645 lsmaelem,
1491 3577 1776 3632 audaciam
1803 3577 2088 3642 nimirum,

2192 3585 2521 3641 δουλωθείσα
2572 3583 2670 3652 τὴν
2710 3583 3056 3652 προαίρεσιν,
3089 3579 3188 3632 καὶ
3239 3577 3470 3632 τεκοῦσα
3511 3573 3612 3626 νέον
3643 3567 3718 3620 Ίσσ

516 3669 796 3738 genueris.
980 3667 988 3674 ’
1115 3729 1118 3733 1

2199 3677 2364 3750 μαὴλ,
2398 3677 2496 3746 τὴν
2526 3672 2838 3727 αὐθάδειαν.

591 3755 810 3810 Scalam
841 3757 1014 3812 Jacob
1051 3769 1098 3823 ι,
1133 3759 1311 3812 anima
1346 3773 1489 3824 mea,
1525 3773 1634 3812 non
1677 3759 1882 3820 nescis,
1915 3774 2037 3828 qua:
2063 3773 2091 3811 a

2266 3771 2376 3841 Τὴν
2416 3765 2610 3821 ’ἰακὼό
2644 3765 2889 3835 κλίμακα
2941 3760 3116 3829 ἔγνως
3140 3801 3154 3825 ,
3189 3761 3335 3830 ψυχὴ
3369 3773 3486 3829 μου,
3530 3753 3714 3841 διικνου-

519 3858 667 3900 terra
694 3847 758 3902 ad
789 3849 959 3904 caelos
974 3836 1324 3920 'pertingeret
1357 3869 1370 3904 :
1409 3853 1602 3920 quidni
1637 3851 1874 3904 habuisti
1922 3851 2090 3920 pieta-

2199 3836 2368 3930 μένην
2398 3859 2420 3891 ⁸
2451 3857 2558 3910 ἀπὸ
2587 3859 2688 3926 γῆς
2720 3854 2856 3924 πρὸς
2881 3851 2948 3906 τά
2979 3853 3210 3926 οὐράνια
3239 3869 3251 3883 ·
3289 3850 3342 3904 τί
3383 3848 3454 3920 μὴ
3484 3847 3617 3914 ἔσχες
3639 3837 3713 3910 βά·

521 3946 650 4001 tem,
681 3953 787 4008 qua
811 3945 930 3992 tuto
957 3956 1210 4010 gressum
1249 3942 1526 4010 poncrcs?

2200 3969 2282 4004 σιν
2306 3950 2548 4020 ἀσφαλῆ,
2579 3948 2676 4019 τὴν
2706 3947 3024 4010 εῦσέϐειαν;
3690 4018 3709 4030 ⁵

591 4030 687 4086 Dei
745 4032 1086 4088 sacerdotem
1149 4049 1446 4103 regemque
1519 4034 1900 4104 singularem,
1967 4035 2091 4088 vita:

2269 4043 2372 4094 Τὸν
2403 4041 2554 4110 ἱερέα
2607 4039 2764 4103 Θεοῦ,
2820 4037 2914 4090 καὶ
2953 4035 3179 4106 βασιλέα
3234 4031 3610 4105 μεμονωμένον,
3643 4038 3711 4074 του

519 4123 726 4180 Christi
795 4127 850 4178 in
912 4127 1119 4180 mundo
1148 4142 1464 4195 expressam
1524 4127 1986 4188 similitudinem,
2039 4126 2091 4180 in

2198 4131 2436 4205 Χριστοῦ
2490 4131 2552 4185 τὸ
2587 4130 2941 4200 ἀφομοίωμα,
2989 4126 3084 4180 τοῦ
3115 4129 3174 4181 ὲν
3202 4128 3392 4197 κόσμῳ
3414 4124 3539 4195 βίον,
3571 4120 3620 4170 ἐν
3641 4116 3711 4168 ἀν·

522 4218 780 4272 humanis
811 4221 1006 4272 ιειιιιιιιι
1019 4235 1074 4274 re
1101 4217 1122 4254 ¹¹
1137 4259 1148 4271 .

2199 4227 2440 4300 θρώποις
2469 4225 2759 4296 μιμήθητι.

590 4311 693 4378 Ne,
713 4330 744 4366 ο
771 4315 976 4377 anima,
1018 4328 1285 4368 conversa
1322 4321 1492 4376 retro,
1537 4315 1670 4369 salis
1701 4323 1880 4368 statua
1905 4314 2091 4370 omnia

2240 4297 2362 4390 -Μὴ
2389 4319 2522 4389 γένῃ
2572 4315 2742 4387 στήλη
2793 4315 2955 4378 ἁλὸς,
3001 4313 3182 4386 ψυχή’
3237 4312 3524 4382 στραφεῖσα
3562 4306 3628 4365 εἰς
3662 4297 3711 4350 τὲ

521 4411 640 4475 ris;
679 4415 882 4481 terreat
931 4415 984 4460 te
1012 4407 1320 4475 exemplum
1373 4405 1784 4472 Sodomorum;
1839 4409 2091 4463 saluti'iu

2204 4388 2398 4464 ὀπίσω.
2431 4388 2834 4475 Τδὺπὸδειγμα
2868 4405 3104 4475 φοϐείτω
3131 4413 3193 4456 σε
3218 4403 3326 4457 τῶν
3357 4401 3608 4470 Σοδόμων·
3628 4391 3708 4444 ἄνω

525 4500 698 4567 Segor
723 4500 952 4553 consule
971 4497 1013 4553 ι.

2204 4505 2282 4566 εἰς
2314 4499 2510 4572 Σηγὼρ
2543 4497 2860 4568 διασώθητι.

594 4590 759 4656 Cave,
787 4591 966 4645 anima
988 4605 1130 4650 mea,
1161 4591 1340 4644 instar
1362 4589 1486 4658 Lot,
1507 4589 1716 4658 peccati
1742 4589 2054 4646 incendium
2081 4609 2091 4660 ς

2273 4595 2379 4648 Τὸν
2401 4591 2751 4664 ἐμπρησμὸν,
2770 4589 2961 4660 ὥσπερ
2987 4585 3133 4652 Λὼτ,
3155 4587 3342 4658 φεῦγε,
3359 4584 3495 4657 ψυχή
3523 4573 3707 4650 nonnisi

525 4696 658 4736 care
692 4681 987 4736 Sodomam
1013 4689 1065 4735 et
1086 4681 1448 4736 Gomorrham
1474 4697 1667 4748 ;cave,
1701 4681 1894 4738 alienae.
1915 4683 2091 4739 omnis

2207 4685 2509 4757 ἁμαρτίας·
2536 4683 2702 4753 φεῦγε
2731 4681 2938 4752 Σόδομα
2966 4681 3062 4734 καὶ
3080 4681 3332 4752 Γομόρῤα
3350 4695 3364 4710 ⁸
3401 4674 3548 4746 φεῦγε
3581 4665 3708 4737 φλόγα

526 4789 556 4828 a
585 4775 796 4829 ratione
831 4775 1176 4842 cupiditatis,
1203 4774 1499 4830 ﬂammam.

2208 4781 2390 4849 πάσης
2418 4775 2731 4848 παραλόγου
2759 4773 3012 4844 ὀρέξεως.

599 4861 881 4925 Miserere,
918 4863 1166 4923 Domine,
1206 4863 1468 4918 miserere
1501 4863 1648 4929 mei,
1682 4865 1748 4918 ad
1787 4873 1840 4920 te
1880 4866 2091 4932 clamo;

2203 4932 2212 4946 γ
2291 4869 2569 4939 Ἐλέησον,
2608 4865 2804 4936 Κύριε,
2867 4863 3089 4934 ἐλέησόν
3143 4880 3244 4933 με·
3278 4858 3477 4917 ἀναῦοῶ
3518 4849 3703 4946 σοι-’-δῖε

528 4954 749 5024 quando
777 4970 901 5008 cum
935 4955 1145 5024 angelis
1177 4961 1446 5010 venturus
1485 4970 1569 5018 es,
1603 4963 1662 5010 ut
1692 4971 1792 5026 pro
1819 4957 2091 5012 actionum

2203 4938 2362 5030 hist;
2391 4938 2508 5028 μετ’
2532 4957 2778 5025 ἀγγέλων
2809 4971 2926 5018 σου,
2973 4953 3268 5008 ἀποδοῦναι
3309 4953 3436 5005 πᾶσι
3469 4945 3569 5000 κατ’
3589 4938 3703 5004 ἀξίαν

529 5046 726 5098 merito
749 5045 1021 5100 retribuas
1047 5046 1320 5101 omnibus.

2208 5051 2317 5106 τῶν
2345 5049 2619 5120 πράξεων.

2281 5141 2391 5212 Τὴν
2415 5139 2622 5210 δέησιν,
2651 5137 2920 5200 Δέσποτα,
2958 5136 3068 5189 τῶν
3090 5153 3149 5190 σε
3181 5133 3475 5206 ὑμνούντων
3499 5125 3562 5198 μὴ
3579 5123 3698 5183 ὕπερ

2187 2854 2517 2924 ἐπαγγελίας
2554 2851 2616 2904 τὸ
2644 2851 2892 2920 θήραμα.

2258 2945 2362 2998 Τὸν
2401 2941 2608 3008 Ἰσαὰκ,
2643 2940 2872 2994 τάλαινα
2905 2935 3109 3006 γνοῦσα
3132 2936 3283 3006 ψυχὴ
3315 2953 3438 3006 μου,
3463 2931 3630 3001 καινὴν
3649 2927 3720 2982 θυ-

2191 3037 2312 3090 σίαν
2344 3032 2623 3106 μυστικῶς
2650 3027 3106 3101 ὁλοκαρπώμενον
3155 3029 3240 3099 τῷ
3277 3028 3484 3100 Κυρίῳ,
3527 3024 3718 3096 μίμησαι

597 5135 958 5202 Ne.Domine,
973 5145 1026 5192 te
1050 5137 1391 5192 laudantium
1423 5139 1730 5196 orationem
1751 5139 2103 5209 despexeris;

530 5227 626 5283 sed
650 5229 894 5283 clemens
923 5228 1202 5296 miserere,
1227 5243 1290 5284 ac
1315 5228 1420 5285 nde
1441 5228 1804 5301 poscentibus
1831 5231 2091 5287 remissio

2213 5233 2325 5304 ίδῃς
2345 5248 2359 5263 ·
2387 5230 2502 5284 ἀλλ’
2551 5229 2916 5300 οἰκτείρησον,
2947 5227 3318 5300 φιλάνθρωπε,
3351 5225 3438 5278 καὶ
3481 5215 3696 5285 παράσχω

532 5335 656 5375 nem
690 5322 896 5376 tribue.

2213 5327 2392 5379 πίστει
2424 5324 2766 5394 αἰτουμένοις
2797 5322 2895 5392 τὴν
2927 5323 3142 5391 ἄφεσιν.

635 5449 656 5513 ἐ
693 5437 830 5493 Gen.
863 5441 1016 5513 vni.
1076 5439 1312 5513 deGen.
1347 5444 1535 5506 “.22.
1628 5457 1649 5481 ε·
1677 5447 1812 5501 ibid.
1866 5451 1962 5513 ‘26,
2015 5448 2102 5501 9.7.
2225 5445 2243 5484 τ
2281 5446 2418 5500 Gen.
2475 5446 2650 5511 “1,4.
2761 5456 2786 5495 ε
2813 5447 2947 5501 Gen.
2976 5461 3130 5508 mn,
3164 5447 3215 5499 l.

541 5505 560 5547 ί
597 5507 734 5562 Gen.
769 5526 882 5572 ur,
909 5510 995 5564 10.
1071 5511 1085 5562 i
1123 5509 1258 5566 Gen.
1291 5505 1478 5580 xxvttl,
1511 5517 1594 5571 l2.
1675 5515 1698 5554 ¹ι
1731 5518 1868 5572 Gen.
1905 5505 2009 5574 xiv.
2043 5520 2128 5584 i8;
2210 5515 2374 5571 llehr.
2406 5533 2503 5579 νιι,
2535 5505 2578 5574 ι’.
2659 5515 2680 5555 ι
2720 5516 2854 5573 Gen.
2883 5534 2994 5580 tux,
3029 5515 3122 5571 :26.

1839 5633 2076 5686 unus
2118 5633 2525 5713 esurimus.

3319 5441 3342 5482 ι
3378 5441 3497 5496 Gen.
3532 5423 3691 5486 xm.”-

650 5695 672 5728 ³
707 5694 870 5764 lmpr.
907 5698 1048 5752 male
1073 5697 1387 5768 δεικνυουμ.
