4004 6150
573 264 710 329 1347

1171 368 1255 426 Ad
1287 372 1509 439 θείμαν.

642 465 855 528 Avesis,
887 467 1084 520 throne
1117 465 1326 532 ignite;
1362 464 1568 528 avesis,
1598 459 1998 515 candelabrum
2025 456 2155 508 lam-

571 557 811 625 padibus
839 554 1170 624 splendens;
1203 569 1325 618 ave,
1374 567 1536 608 mons
1577 559 1795 614 sancte,
1829 563 1960 604 arca
1995 547 2150 612 vitae;

571 655 894 703 sanctorum
931 654 1187 698 sanctum
1229 645 1674 708 tabernaculum,
1711 657 1831 698 ave.

1149 741 1375 792 Hirmus
1401 737 1565 791 alius.

638 832 862 885 Audivit
885 833 1153 902 propheta
1173 831 1469 884 adventum
1505 839 1685 894 tuum,
1713 826 1971 893 Domine,
2005 833 2061 880 et
2089 826 2149 880 ti-

571 927 709 978 muit
735 941 750 979 :
786 926 929 995 quod
958 940 1112 980 esses
1151 925 1471 979 nasciturus
1502 937 1570 976 ex
1596 919 1828 990 Virgine
1849 931 1905 976 et
1945 919 2152 974 mundo

569 1018 940 1081 cvi-inendus,
977 1017 1271 1084 dixitque:
1307 1031 1326 1064 ‹
1358 1013 1558 1068 Audivi
1589 1011 1840 1066 auditum
1878 1020 2060 1078 tuum,
2098 1018 2153 1064 et

570 1111 728 1164 timui
757 1117 804 1164 °.
844 1130 862 1161 ι
897 1111 980 1164 Sit
1010 1109 1220 1171 Gloria,
1256 1107 1512 1170 Domine,
1555 1114 1660 1158 tuae
1689 1103 1970 1174 potentiae.

639 1290 1068 1360 hie-despexeris
1124 1298 1219 1343 tua
1271 1303 1472 1358 opera;
1509 1301 1578 1341 ne
1621 1295 1776 1339 tuum
1805 1285 2148 1356 ﬁgmentum,

563 1381 937 1451 justeJudex,
972 1380 1307 1450 neglexeris.
1339 1380 1670 1448 Quanquam
1703 1375 1930 1446 peccavi
1967 1375 2146 1439 solus,

571 1455 651 1540 ιίι,
683 1489 714 1528 o
751 1474 1026 1538 clemens,
1053 1488 1160 1542 qua
1189 1473 1357 1526 homo
1387 1487 1554 1540 supra
1586 1471 1867 1524 hominem
1901 1481 2148 1532 omnem,

569 1576 900 1638 potestatem
935 1575 1121 1619 tamen
1163 1564 1485 1619 dimittendi
1520 1573 1769 1634 peCcata,
1803 1577 1913 1631 qua
1946 1577 2006 1615 es
2039 1559 2146 1613 Do-

571 1661 760 1712 minus
800 1661 1214 1724 unirersorum,
1251 1657 1442 1710 habes.

639 1752 818 1818 Pr0pe
853 1761 936 1804 est
987 1749 1134 1812 ﬁnis,
1169 1765 1202 1801 o
1256 1749 1483 1813 anima;
1540 1762 1710 1816 prope
1753 1756 1881 1813 est;
1946 1760 2046 1800 nec
2091 1761 2152 1799 es

569 1844 853 1898 sollicita?
893 1842 1012 1896 Non
1078 1852 1129 1896 te
1177 1841 1502 1911 praeparas?
1547 1839 1791 1908 Tempus
1819 1851 2012 1909 urget;
2053 1853 2150 1893 ex-

570 1950 778 2004 surge:
817 1954 836 1986 ‹
894 1933 1076 2003 PrOpe
1111 1941 1196 1988 est
1244 1931 1420 1988 Judex
1477 1933 1534 1986 in
1584 1931 1776 2002 jauuis
1817 1940 1880 1998 P;
1945 1950 1964 1982 ι
2002 1931 2153 1984 velut

569 2041 849 2081 somnium
871 2067 886 2092 ,
920 2027 1069 2080 velut
1109 2024 1232 2091 ilus,
1275 2025 1398 2078 vitm
1427 2032 1650 2094 tempus
1679 2023 1933 2078 decurrit
1965 2032 2016 2076 ιι.
2051 2022 2150 2078 Ut-

569 2121 702 2189 quid
737 2135 868 2174 vero
903 2118 1112 2174 frustra
1147 2117 1590 2172 conturbamur?

641 2209 952 2280 Resipisce,
985 2225 1018 2264 ο
1063 2209 1247 2260 anima
1276 2221 1432 2274 mea;
1466 2214 1624 2261 actus
1656 2220 1799 2277 quos
1831 2221 1893 2261 es
1923 2214 2150 2276 operata

569 2302 840 2372 recogita,
865 2317 1080 2372 eosque
1123 2301 1193 2356 oi)
1231 2301 1427 2354 oeulos
1459 2307 1676 2363 statue,
1713 2307 1880 2368 atque
1913 2298 1983 2352 ab
2017 2311 2152 2352 ocu-

569 2398 638 2452 lis
675 2398 1052 2463 lacrymarum
1102 2395 1284 2450 saillas
1321 2392 1512 2448 funde.
1562 2391 1662 2446 Dic
1695 2393 1874 2462 palam
1925 2389 2150 2446 Christo

571 2493 822 2546 actiones
863 2500 987 2544 tuas
1022 2497 1076 2543 et
1107 2487 1504 2559 cogitationes,
1553 2495 1608 2541 et
1643 2484 1979 2552 justilicare.

640 2675 761 2729 Non
781 2672 948 2727 fuerit
975 2673 1031 2724 in
1064 2671 1176 2724 vita
1207 2681 1516 2740 peccatum,
1544 2665 1786 2729 actiove,
1809 2672 1904 2718 aut
1937 2663 2150 2717 malitia

571 2781 734 2838 quam
764 2780 887 2836 ego,
937 2763 1222 2826 Salvator,
1284 2759 1570 2814 intellectu
1614 2765 1670 2809 et
1703 2754 2040 2824 cogitatione
2071 2764 2154 2808 at-

569 2873 679 2930 que
730 2857 1022 2928 proposito
1072 2869 1182 2908 non
1243 2851 1626 2923 peccaverim;
1682 2847 1904 2910 aﬂ‘ectu,
1952 2847 2154 2903 mentis

567 2947 800 3018 judicio,
838 2953 892 3000 et
923 2945 1161 3008 actione,
1195 2951 1253 2996 ut
1283 2955 1447 2997 nemo
1490 2954 1734 3010 unquam
1764 2938 1992 3008 gravius
2023 2953 2151 3008 pec-

572 3039 802 3094 caverit.
1347 3030 1354 3038 ’

643 3131 780 3186 Inde
828 3129 995 3184 etiam
1031 3126 1414 3183 damnationis
1449 3125 1676 3180 incurri
1734 3131 1946 3178 reatum
1977 3140 1992 3188 ;
2025 3123 2154 3178 inde

573 3223 748 3277 miser
785 3235 908 3290 ego,
948 3217 1298 3273 conscientia
1350 3217 1572 3288 propria
1622 3215 1834 3286 judice,
1869 3231 1978 3284 qua
2017 3216 2154 3270 nihil

574 3314 817 3369 mundus
850 3312 1149 3368 violentius
1183 3311 1369 3374 habet,
1403 3327 1570 3366 causa
1608 3311 1785 3366 cecidi
1814 3327 1828 3376 ;
1867 3319 1950 3375 tu,
1975 3309 2149 3366 Judex

571 3413 626 3458 et
659 3404 994 3474 Redemptor
1023 3402 1390 3474 cognitorque
1422 3417 1583 3456 meus
1603 3441 1617 3467 ,
1647 3415 1814 3472 parce
1855 3409 1912 3454 et
1939 3400 2145 3464 libera,

573 3497 900 3566 salvumque
931 3495 1016 3550 lac
1051 3509 1274 3550 servum
1307 3505 1490 3548 tuum.

649 3587 810 3644 Scala
857 3602 1020 3658 quam
1068 3587 1204 3639 olim
1256 3600 1492 3654 magnus
1553 3583 1872 3654 patriarcha
1919 3583 2057 3636 vidit
2093 3591 2153 3647 ι’,

571 3681 948 3741 scansionem,
981 3692 1016 3731 ο
1067 3677 1272 3739 anima,
1313 3677 1482 3728 refert
1513 3676 1775 3738 actionis,
1808 3673 2156 3742 contempla-

575 3774 855 3843 tionisque
901 3785 1220 3825 ascensum.
1267 3765 1324 3822 Si
1377 3767 1460 3820 vis
1515 3782 1647 3838 ergo
1684 3769 1933 3831 actione,
1970 3767 2154 3821 scien-

576 3869 768 3937 tiaque
789 3875 847 3919 et
880 3861 1356 3932 contemplatione
1391 3862 1598 3926 vivere,
1632 3875 1928 3914 renovare.

647 4041 865 4096 Estum
915 4039 1024 4094 diei
1082 4037 1395 4110 patriarcha
1452 4039 1718 4092 sustinuit
1761 4053 2012 4108 egenus,
2061 4055 2157 4092 no-

575 4137 790 4206 ctisque
817 4135 1047 4204 pertulit
1073 4135 1222 4204 gelu,
1254 4133 1400 4186 furta
1427 4131 1677 4200 quotidie
1707 4132 1989 4186 sustinens
2017 4131 2156 4199 (55),

576 4228 876 4299 pascendo,
911 4225 1230 4296 pugnando,
1270 4224 1587 4287 serviendo,
1616 4235 1674 4276 ut
1699 4224 1812 4278 sibi
1848 4223 1988 4279 duas
2023 4239 2158 4276 uxo-

577 4337 664 4376 res
697 4319 1055 4374 matrimonio
1083 4317 1346 4387 iungeret
1376 4325 1426 4370 ⁸.

649 4501 730 4556 Τιι
781 4502 915 4557 mihi
974 4516 1175 4556 uxores
1209 4501 1372 4564 duas,
1407 4499 1687 4554 actionem
1719 4507 1773 4552 et
1808 4498 2160 4566 contempla-

577 4597 782 4649 tionem
845 4594 1083 4664 cogita:
1142 4593 1294 4646 Liam
1365 4591 1592 4660 quidem
1655 4591 1956 4656 actionem,
2013 4591 2164 4644 velut

579 4687 749 4739 multa
779 4685 1072 4739 fecundam
1102 4666 1299 4752 prole;
1339 4681 1545 4735 Rachel
1582 4689 1790 4746 autem,
1817 4681 2164 4749 contempla-

579 4781 810 4841 tionem,
847 4786 905 4830 ut
937 4777 1218 4830 laboribus
1261 4775 1450 4829 iutiltis
1501 4774 1772 4827 attritam.
1829 4770 1942 4826 Nec
1986 4773 2158 4838 enim,

573 4887 608 4925 ο
639 4869 848 4932 anima,
879 4869 1094 4938 absque
1128 4867 1442 4932 laboribus,
1476 4865 1560 4921 vel
1594 4865 1875 4920 actionem
1909 4865 1994 4920 vel
2026 4881 2157 4920 con-

575 4960 987 5030 templationem
1016 4960 1134 5030 geri
1161 4969 1312 5014 recte
1344 4957 1666 5028 contigerit.

647 5052 788 5123 Vigil
845 5059 990 5114 esto,
1046 5069 1078 5106 ο
1127 5055 1312 5106 anima
1354 5069 1512 5115 mea;
1561 5065 1660 5122 age
1690 5059 1918 5106 strenue
1951 5059 2010 5103 ut
2036 5065 2158 5106 me-

572 5163 712 5220 gnus
773 5147 1110 5217 patriarcha,
1165 5161 1276 5216 quo
1339 5146 1614 5200 actionem
1690 5144 2154 5212 contemplationi

569 5248 820 5312 junctam
901 5255 1213 5311 compares,
1301 5240 1631 5308 vocerisque
1705 5249 1865 5290 mens
1965 5235 2156 5291 videns

642 5429 667 5455 '
699 5419 1007 5480 llabac.ui,
1039 5418 1096 5472 Ξ.
1175 5429 1202 5468 P
1235 5418 1425 5471 Matth.
1458 5433 1608 5483 sxw,
1637 5419 1727 5471 '53.
1807 5427 1834 5465 (ι
1866 5415 2264 5480 Ρ,ειιὶ.ιτχνιιι,
2291 5418 2343 5472 Ἷ.

1775 262 1836 321 8.
1865 255 2196 320 moneas
2229 237 2652 317 CRETEXSIS

2181 3043 2226 3103 ε
2264 3024 2507 3080 πώποτε.

3637 257 3737 324 1318

2921 363 3162 418 Θεοτόκ.

2325 455 2523 523 Χαῖρε,
2552 455 2710 528 θρόνε
2741 457 3063 528 πυρίμορφε
3087 472 3102 486 ·
3135 459 3307 529 χαῖρε,
3333 457 3508 530 λυχνία
3523 460 3737 534 λαμπαδη-

2255 545 2390 616 φόρε
2419 561 2433 574 ⁹
2473 549 2655 617 χαῖρε,
2713 547 2841 619 ὅρος
2878 549 3219 617 άγιάσματος
3240 565 3255 580 ·
3295 551 3480 606 κιϐωτὲ
3502 553 3586 624 τῆς
3607 553 3734 626 ζωῆς.

2255 637 2432 706 ἁγίων
2463 638 2596 707 ἁγία
2629 643 2828 711 σκηνή.

2823 730 3041 800 Ειρμός
3063 731 3272 798 ἄλλος.
3341 733 3347 738 ’

2338 820 2604 891 Ἀκήκοεν
2654 822 2683 874 ὁ
2739 825 3032 894 προφήτης
3084 824 3184 894 τὴν
3235 823 3436 879 ἐλευσίν
3475 829 3739 900 comitatus,

2254 911 2351 964 καὶ
2373 911 2736 982 ὲφοόήθη,ὃτι
2764 912 2981 984 μέλλεις
3014 916 3080 968 ἐκ
3115 913 3382 985 Παρθένου
3407 916 3662 983 τίκτεσθαι,
3677 924 3740 974 καὶ

2255 1003 2574 1072 ἀνθρώποις
2619 1004 2976 1060 δείκνυσθαι·
3013 1006 3110 1060 καὶ
3143 1007 3325 1074 ἔλεγεν
3347 1022 3362 1038 ⁸
3393 1025 3412 1059 ι
3457 1010 3658 1078 ’Δκὴκοα
3676 1014 3741 1080 τὴν

2252 1095 2424 1165 ἀκοήν
2453 1111 2572 1161 σου,
2638 1095 2737 1149 καὶ
2789 1095 3094 1168 ἐφοϐήθην.
3140 1116 3159 1148 ι
3191 1097 3324 1164 Δόξα
3352 1100 3414 1168 τῇ
3442 1097 3633 1169 δυνάμει
3663 1117 3742 1166 σου,
3887 1123 3889 1180 λ

2253 1183 2454 1256 Κύριε.
3881 1181 3890 1234 l

2325 1277 2408 1329 Τὰ
2475 1277 2614 1348 ἔργα
2669 1293 2762 1330 σου
2817 1276 2892 1348 μὴ
2944 1277 3215 1350 παρίδῃς·
3249 1279 3308 1330 τὺ
3352 1278 3557 1351 πλάσμα
3595 1297 3669 1334 σου
3694 1284 3744 1352 μὴ

2255 1369 2508 1440 παρόψῃ,
2545 1371 2906 1440 Δικαιοκρίτα
2931 1385 2943 1398 '
2968 1373 3024 1422 εἰ
3054 1371 3148 1422 καὶ
3191 1371 3347 1440 μόνος
3370 1373 3587 1444 ἥμαρτον
3609 1375 3666 1436 ὡς
3686 1377 3747 1428 ἄν·

2253 1461 2496 1532 θρωπος,
2528 1463 2672 1534 ὑπὲρ
2708 1465 2888 1518 πάντα
2946 1463 3239 1535 ἄνθρωπον
3283 1465 3632 1536 φιλάνθρωπε·
3667 1468 3746 1520 ἀλλ’

2252 1554 2398 1624 ἔχεις
2466 1555 2542 1618 ὡς
2595 1555 2803 1627 Κύριος
2852 1556 3111 1620 πάντων,
3164 1557 3264 1627 τὴν
3323 1556 3549 1623 ἐξουσίαν
3591 1559 3748 1626 ἀφεῖναι

2258 1647 2660 1717 ἁμαρτήματα.

2339 1737 2607 1806 Ἐγγίζει,
2628 1737 2802 1809 ψυχὴ,
2835 1739 2894 1791 τὸ
2919 1739 3074 1802 τέλος
3101 1755 3116 1768 ·
3152 1737 3378 1808 ἐγγίζει,
3409 1741 3495 1793 καὶ
3520 1741 3572 1793 οὐ
3593 1739 3734 1808 φροντί

2255 1823 2406 1890 (sic;
2454 1827 2567 1896 Οὐχ
2633 1827 2932 1898 ἐτοιμάζης
2979 1828 3039 1881 '0
3081 1829 3273 1900 καιρὸς
3317 1830 3593 1899 συντέμνει,
3624 1828 3751 1880 suis

2255 1913 2410 1986 στηθι
2435 1931 2447 1944 ·
2483 1935 2502 1967 ι
2549 1915 2751 1986 Ἐγγὺς
2800 1919 2894 1972 ἐπὶ
2942 1918 3142 1990 θύραις
3197 1921 3225 1971 ὁ
3250 1920 3445 1990 Κριτής
3477 1920 3630 1973 ἐστιν·
3658 1939 3672 1972 ι
3699 1920 3750 1984 ὡς

2253 2008 2408 2080 ὄναρ,
2447 2009 2522 2074 ὡς
2547 2009 2732 2076 ἄνθος,
2769 2013 2798 2064 ὁ
2827 2012 3022 2083 χρόνος
3064 2011 3162 2065 τοῦ
3195 2011 3309 2082 βίου
3339 2013 3524 2084 τρέχει.
3545 2011 3600 2064 Τί
3625 2012 3750 2082 μάτην

2253 2103 2667 2174 ταραττόμεθα,

2338 2195 2658 2266 Ἀνάνηψον,
2685 2191 2731 2251 ὦ
2763 2193 2914 2268 ψυχή
2949 2213 3082 2268 μου·
3112 2197 3215 2261 τὰς
3245 2197 3462 2268 πράξεις
3493 2215 3576 2250 σου
3595 2197 3649 2260 ἃς
3670 2199 3750 2267 εἰρ-

2253 2286 2406 2354 γάσω
2432 2287 2779 2356 ἀναλογίζου,
2813 2291 2909 2342 καὶ
2946 2287 3152 2353 ταύτας
3187 2289 3438 2360 eameam
3469 2289 3748 2360 προσάγαγε’

2253 2380 2347 2432 καὶ
2383 2383 2652 2449 σταγόνας
2679 2383 2944 2450 στάλαξον
2993 2384 3253 2454 δακρύων
3305 2402 3418 2440 σου.
3446 2385 3564 2438 Εἰπὲ
3597 2384 3751 2453 παρρη-

2257 2472 2348 2543 σίᾳ
2372 2472 2471 2536 τὰς
2503 2475 2756 2544 πράξεις,
2819 2475 2922 2540 τὰς
2973 2476 3332 2548 ἐνθυμήσεις,
3361 2476 3580 2550 Χριστῷ,
3601 2478 3676 2530 καὶ
3696 2475 3750 2528 δι-

2257 2563 2550 2635 καιώθητι.

2327 2654 2406 2706 Οὐ
2435 2654 2662 2723 γέγονεν
2721 2657 2781 2709 ὲν
2821 2655 2901 2726 τῷ
2952 2657 3054 2728 βίῳ
3107 2659 3437 2730 ἁμάρτημα,
3466 2659 3572 2713 οὐδὲ
3595 2656 3750 2729 πρᾶξις,

2256 2743 2376 2798 οὐδὲ
2407 2747 2600 2812 κακία,
2622 2747 2688 2818 ἣν
2719 2747 2853 2816 ἐγὼ,
2875 2749 3082 2820 Σῶτερ,
3105 2751 3216 2805 οὐκ
3249 2753 3632 2823 ὲπλημμέλησα,
3655 2749 3754 2800 κατὰ

2255 2841 2400 2907 νοῦν,
2433 2843 2530 2896 καὶ
2561 2841 2790 2909 γνῶσιν,
2849 2843 2946 2896 καὶ
2993 2845 3350 2916 προαίρεσινῄ
3403 2847 3492 2900 καὶ
3527 2843 3662 2908 θέσει,
3690 2841 3756 2893 καὶ

2257 2933 2476 3005 γνώμῃ,
2503 2934 2598 2986 καὶ
2647 2935 2848 3005 πράξει
2889 2935 3311 3008 ὲξαμαρτήσας,
3360 2937 3434 3002 ὡς
3462 2937 3601 2998 ἄλλος
3632 2934 3758 2996 οὐδεὶς

2337 3117 2624 3172 Ἐντεῦθεν
2655 3120 2750 3172 καὶ
2781 3120 3119 3192 κατεκρίθην
3137 3139 3152 3153 ·
3179 3122 3426 3177 ἐντεῦθεν
3443 3118 3757 3188 κατεδικάσθην

2256 3208 2368 3277 ἐγὼ
2399 3213 2426 3264 ὁ
2464 3211 2637 3272 τάλας
2669 3213 2774 3264 ὑπὸ
2805 3212 2907 3282 τῆς
2933 3214 3142 3279 οἰκείας
3180 3215 3542 3278 συνειδήσεως,
3567 3210 3623 3288 ἦς
3645 3211 3755 3266 οὐδὲν

2256 3303 2314 3355 ὲν
2345 3301 2535 3373 κόσμῳ
2557 3302 2866 3374 βιαιότερον
2887 3321 2901 3336 ·
2932 3307 3135 3376 Κριτά,
3169 3307 3434 3380 Λυτρωτά
3463 3307 3640 3377 μουκαὶ
3661 3303 3759 3372 γνιῖι-

2259 3411 2382 3457 στα,
2441 3397 2630 3465 φεῖσαι
2677 3397 2770 3450 καί
2827 3396 3012 3468 ῥῦσαι,
3047 3401 3143 3452 καὶ
3195 3401 3368 3455 σῶσόν
3409 3418 3472 3472 με
3509 3400 3588 3454 τὸν
3626 3397 3756 3450 δοῦλόν

2259 3505 2377 3543 σου.

2337 3579 2402 3628 'll
2436 3575 2644 3647 κλίμαξ
2671 3579 2736 3649 ἦν
2758 3573 2867 3633 εἶδε
2899 3580 3069 3635 πάλαι
3095 3583 3122 3635 ὁ
3149 3582 3344 3653 ’μέγας
3365 3585 3420 3637 ὲν
3449 3581 3755 3652 πατριάρχαις.

2257 3668 2480 3739 δεῖγμα,
2505 3668 2652 3741 ψυχή
2685 3687 2810 3740 μου,
2867 3675 3188 3744 πρακτικῆς
3232 3677 3460 3748 ὑπάρχει
3490 3675 3754 3732 ὲπιὸάσως·

2257 3761 2569 3830 γνωστικῆς
2632 3763 2896 3832 τυγχάνει
2953 3767 3299 3832 ἀναϐάσεως.
3361 3770 3420 3821 El
3481 3767 3632 3826 θέλεις
3667 3757 3754 3822 οὖν,

2259 3854 2483 3924 πράξει,
2540 3855 2636 3907 καὶ
2695 3854 2919 3924 γνώσει,
2978 3860 3075 3913 καὶ
3110 3859 3320 3933 θεωρίᾳ
3358 3857 3518 3931 βιοῦν,
3545 3851 3756 3912 ἀνακαινίο

2261 3945 2442 4016 σθητα

2331 4040 2436 4093 Τὸν
2465 4045 2724 4095 καύσωνα
2779 4039 2883 4110 τῆς
2915 4041 3025 4112 ἠμέ
3037 4058 3156 4113 ρας,
3189 4043 3450 4113 ὑπέμεινε
3475 4042 3536 4096 δι’
3563 4036 3757 4096 Metui

2259 4133 2642 4204 πατριάρχης·
2696 4135 2794 4190 καὶ
2841 4135 2932 4189 τὸν
2981 4137 3220 4204 παγετὸν
3255 4138 3356 4206 τῆς
3397 4136 3573 4198 νυκτὸς
3596 4135 3753 4204 ἤνεγκε.

2261 4225 2384 4280 καθ’
2455 4227 2672 4298 ἡμέραν
2736 4227 3031 4298 κλέμματα
3085 4229 3450 4299 ποιούμενος,
3507 4225 3754 4296 ποιμαίνων.

2267 4320 2574 4388 πυκτεύων,
2607 4321 2896 4391 δουλεύων,
2930 4322 3018 4375 ἵνα
3058 4321 3161 4385 τὰς
3203 4322 3300 4376 δύο
3331 4325 3577 4392 γυναῖκας
3594 4315 3755 4382 sica?!-

2267 4431 2449 4486 γηται.

2332 4505 2605 4569 Γυναίκάς
2635 4523 2726 4576 μοι
2757 4505 2850 4559 δύο
2875 4505 2986 4560 νόει
3009 4505 3108 4576 τὴν
3151 4507 3352 4578 πρᾶξίν
3370 4523 3428 4560 τε
3458 4510 3542 4560 καὶ
3567 4497 3754 4573 {ll-ara?-

2264 4617 2348 4666 σιν
2379 4600 2437 4652 ὲν
2465 4598 2701 4668 θεωρίαν
2769 4596 2868 4668 τὴν
2926 4598 3025 4667 μὲν
3067 4599 3258 4665 Λείαν,
3317 4599 3526 4670 πρᾶξιν.
3553 4597 3615 4658 ὡς
3641 4589 3751 4645 πολὺ·

2260 4707 2484 4744 τεκνον·
2521 4690 2621 4759 τὴν
2658 4690 2864 4760 Ῥαχὴλ
2912 4689 2993 4754 δὲ,
3021 4690 3227 4759 γνῶσιν
3266 4693 3342 4755 ὡς
3380 4691 3658 4744 πολύπονον.
3682 4679 3751 4734 Καὶ

2261 4783 2368 4855 γὰρ
2394 4782 2521 4836 ἄνευ
2547 4781 2748 4848 πόνων,
2777 4783 2839 4834 οὐ
2872 4781 3096 4853 πρᾶξις,
3123 4783 3184 4836 οὐ
3205 4783 3429 4854 θεωρία,
3457 4773 3747 4852 statu-1959'

2259 4873 2590 4944 θωθήςεται.
3396 4873 3404 4882 ’

2330 5053 2702 5124 Γρηγόρησον,
2735 5045 2780 5106 ὦ
2821 5053 2966 5124 ψυχή
2987 5069 3112 5123 μου,
3147 5053 3470 5124 ἀρίστευσον
3489 5050 3555 5112 ὡς
3582 5050 3604 5100 ὁ
3631 5042 3752 5112 μέγας

2259 5147 2318 5199 ἐν
2342 5147 2737 5216 πατριάρχαις,
2793 5146 2880 5198 ἵνα
2934 5146 3113 5217 κτήσῃ
3149 5146 3353 5220 πρᾶξιν
3381 5145 3510 5214 μετὰ
3535 5137 3748 5207 γνὼςεως⁸

2265 5240 2353 5292 ἵνα
2399 5239 2751 5309 χρηματίσῃς
2771 5237 2896 5301 νοῦς
2930 5239 3078 5310 ὁρῶν
3130 5238 3220 5292 τὸν
3277 5238 3428 5302 Θεὸν,
3472 5234 3553 5287 καὶ
3603 5226 3750 5297 φθείᾎῖ

2430 5424 2452 5454 τ
2496 5416 2632 5470 Gen.
2658 5430 2852 5482 xxviii,
2887 5413 2974 5470 η.
3051 5419 3074 5447 ⁵
3101 5413 3239 5470 Gen.
3274 5427 3423 5473 xui,
3455 5408 3532 5464 ιο.

1884 5550 2276 5607 (IOMBEFISII
2317 5551 2547 5604 NOTJ‘I.

651 5648 760 5714 ('55)
803 5644 969 5699 Furta
1009 5646 1243 5714 quotidie
1277 5647 1560 5716 sustinens.
1605 5646 1932 5710 Ποιούμενος
1975 5646 2153 5716 κλέςιμ

2254 5647 2673 5716 ικαοτ,;λὲραν·
2745 5641 3034 5698 frauil’autc
3095 5657 3289 5698 socero
3352 5647 3495 5712 pasta
3547 5621 3739 5687 mem??-

582 5731 690 5801 qua
723 5717 788 5769 de
816 5731 874 5770 re
904 5717 1215 5780 expostulat
1245 5718 1361 5781 ipse
1401 5715 1538 5770 Gen.
1573 5731 1728 5778 λιιι,
1766 5717 1814 5768 7.
