4004 6150
280 300 414 368 1349

1544 294 1858 360 MAGNUS
1888 294 2158 359 CANON.

3388 287 3527 353 1350

275 418 365 470 τὸν
421 416 614 471 ἄδυτον
663 414 859 484 γνόφον
902 415 959 471 ὲν
999 410 1225 488 θεωρίᾳ,
1269 413 1366 469 καὶ
1402 410 1534 486 γένῃ
1571 414 1848 486 μεγαλέμ-

1969 412 2122 467 )eum
2161 411 2208 477 θ,
2257 419 2422 480 atque
2472 409 2539 464 ad
2563 409 2902 463 inaccessam
2936 405 3234 478 caliginem
3274 417 3528 461 contem-

278 526 465 580 πορος.

346 682 490 746 Τοὺς
516 682 726 736 δώδεκα
758 684 1105 755 πατριάρχας
1133 687 1161 738 6
1188 685 1365 755 μέγας
1392 688 1450 739 ὲν
1482 685 1853 757 πατριάρχαις

277 774 711 843 παιδοποιήσας,
776 777 1056 847 μυστικῶς
1111 777 1369 848 ἐστήριξὲ
1439 795 1522 831 σοι
1578 779 1852 850 κλίμακα,

278 864 612 935 πρακτικῆς,
637 864 781 935 ψυχή
816 882 939 935 μου,
975 866 1319 931 ἀναϐάσεως,
1362 867 1488 927 τοὺς
1522 866 1746 929 παῖδας,
1779 866 1855 929 ὡς

279 957 452 1028 βάθρα
472 972 485 985 ⁸
508 957 605 1022 τὰς
638 956 846 1026 βάσεις,
871 958 946 1020 ὡς
989 959 1308 1024 ἀναϐάσεις,
1339 959 1632 1029 πανσόφως
1658 958 1854 1011 ὑποθέ-

282 1063 460 1116 μενος.

357 1134 527 1187 Ἠσαῦ
558 1135 648 1188 τὸν
682 1138 1057 1206 μεμισημένον
1088 1137 1326 1207 ζηλοῦσα
1349 1137 1515 1208 ψυχὴ,
1548 1137 1746 1190 ἀπέδου
1774 1137 1852 1208 τῷ

276 1230 566 1299 πτερνιστῇ
607 1245 723 1293 σου,
756 1230 824 1282 τά
853 1229 1194 1299 τοῠλπρώτου
1227 1232 1459 1293 κάλλους
1490 1232 1852 1301 πρωτοτόκια,

279 1318 485 1388 καὶτῆς
510 1320 783 1388 πατρικῆς
813 1320 980 1390 εὐχῆς
1030 1320 1295 1384 ἐξέπεσας
1319 1339 1333 1353 ’
1380 1322 1474 1375 καὶ
1495 1321 1574 1384 δὶς
1606 1323 1856 1392 ὲπτερνί-

278 1409 432 1479 σθης,
468 1408 652 1473 ἀθλία,
679 1408 876 1480 πράξει
908 1412 1002 1462 καὶ
1030 1410 1249 1478 γνώσει.
1271 1410 1360 1463 Διὸ
1375 1410 1471 1464 νῦν
1496 1412 1852 1483 μετανόησον.

359 1586 535 1657 Ἐδὼμ
554 1590 582 1641 6
598 1588 767 1641 Ἡσαῦ
792 1588 1020 1660 ἐκλήθη,
1045 1588 1114 1641 δι’
1138 1589 1313 1660 ἄκραν
1341 1589 1680 1661 θηλυμανίας
1696 1593 1715 1624 ⁹
1736 1594 1854 1645 ἐπι-

282 1679 466 1747 μιξίαν
497 1698 506 1707 ·
532 1681 776 1750 ἀκρασίᾳ
806 1680 915 1750 γὰρ
961 1680 1048 1733 ἀεὶ
1089 1681 1452 1750 πυρούμενος,
1483 1685 1573 1734 καὶ
1592 1686 1711 1744 ταῖς
1740 1682 1854 1751 ήδο-

275 1771 393 1831 ναῖς
417 1770 942 1840 κατασπιλούμενος,
983 1770 1162 1841 Ἐδὼμ
1201 1770 1495 1843 ὠνομάσθη
1519 1789 1531 1801 ·
1573 1774 1600 1826 6
1631 1772 1849 1840 λέγεται
1884 1765 1924 1819 Β

279 1858 550 1929 θερμασία
575 1859 752 1931 ψυχῆς
768 1859 1088 1932 φιλαμαρτή
1099 1877 1285 1928 μονος.

360 2036 480 2090 Ἰὼϐ
516 2036 608 2091 τὸν
637 2040 726 2091 ἐπὶ
756 2041 992 2110 κοπρίας
1035 2040 1336 2106 ἀκούσασα,
1373 2036 1418 2095 ὧ
1446 2040 1593 2112 ψυχή
1642 2059 1744 2112 μου
1772 2042 1855 2095 δι-

277 2129 607 2195 καιωθέντα,
652 2132 753 2201 τὴν
810 2132 978 2188 αὐτοῦ
1037 2134 1291 2203 ἀνδρείαν
1311 2134 1411 2187 οὐκ
1448 2135 1763 2204 ὲζήλωσαςο
1791 2133 1854 2185 τὸ

278 2222 505 2292 στερρὸν
561 2224 659 2292 οὐχ
714 2222 870 2293 ἔσχες
923 2225 1022 2295 τῆς
1076 2225 1414 2295 προθέσεως,
1454 2228 1514 2278 ὲν
1555 2227 1742 2290 πᾶσιν,
1772 2223 1853 2290 οἷς

276 2310 436 2379 οἷδες,
464 2307 544 2376 οἷς
572 2314 868 2385 ἐπειράθης
889 2332 901 2345 ·
935 2315 1050 2368 ἀλλ’
1091 2314 1278 2387 ὤφθης
1315 2318 1706 2387 ἀκαρτέρητος.

362 2495 420 2548 '0
459 2497 722 2567 πρότερον
747 2497 841 2550 ἐπὶ
863 2496 1080 2567 θρόνου,
1127 2498 1335 2567 γυμνὸς
1367 2497 1462 2551 νῦν
1490 2500 1583 2553 ἐπὶ
1616 2500 1853 2570 κοπρίας

279 2585 704 2657 καθηλκωμένος
725 2604 736 2617 ·
769 2590 797 2641 6
826 2589 995 2651 πολὺς
1021 2590 1079 2641 ἐν
1108 2590 1320 2652 τέκνοις
1345 2590 1440 2642 καὶ
1465 2592 1850 2660 περίϐλεπτος,

277 2679 464 2744 ἄπαις,
507 2681 860 2750 ἀφαιρέοικος
927 2682 1212 2749 αἰφνίδιον.
1267 2684 1538 2740 Παλάτιον
1577 2683 1709 2755 γάρ,
1744 2685 1846 2756 τὴν

277 2769 532 2843 κοπρίαν,
568 2772 662 2824 καὶ
686 2773 1050 2844 μαργαρίτας,
1078 2774 1145 2827 τά
1178 2774 1314 2844 ἕλκη
1344 2774 1640 2844 ἐλογίζετο.

348 2956 629 3010 Βασίλειον
674 2955 771 3027 τὴν
800 2955 977 3021 ἀξίαν,
1012 2957 1252 3026 διάδημα
1295 2959 1388 3011 καὶ
1421 2957 1707 3028 πορφύραν
1741 2958 1848 3028 ἀμ·-

278 3051 570 3119 φιέμενος,
644 3048 1009 3118 πολυκτήμων
1067 3048 1354 3119 ἄνθρωπος
1433 3050 1529 3102 καὶ
1603 3049 1872 3113 δίκαιοςοτ

276 3139 496 3211 πλούτῳ
522 3139 819 3210 ἐπιδρίθων
870 3141 963 3191 καὶ
1025 3139 1402 3209 βοσκήμασιν·
1455 3140 1715 3210 ἐξαίφνης
1762 3141 1853 3193 τὸν

278 3230 532 3298 πλοῦτον,
556 3234 654 3303 τὴν
705 3231 884 3295 δόξαν,
917 3233 1015 3301 τὴν
1045 3232 1345 3300 βασιλείαν,
1384 3233 1708 3303 πτιοιχεύσας
1748 3235 1856 3287 άπ-

279 3325 552 3397 εκείρατο.

351 3417 411 3469 Εί
438 3418 643 3481 δίκαιος
681 3414 748 3488 ἦν
771 3419 979 3481 ἐκεῖνος
1016 3421 1105 3470 καὶ
1137 3420 1427 3488 ἄμεμπτος
1450 3420 1601 3489 παρά
1625 3420 1851 3485 πάντας,

278 3510 372 3562 καὶ
406 3509 506 3561 οὐκ
531 3510 740 3580 ἀπέδρα
768 3510 837 3563 τὰ
868 3510 961 3563 τοῦ
987 3511 1193 3564 πλάνου
1260 3512 1453 3582 ἐνεδρα
1518 3513 1612 3565 καὶ
1669 3513 1844 3582 σκάμο

281 3615 464 3668 ματα·
522 3599 587 3652 σὺ
641 3600 1087 3673 φιλαμαρτήμων
1141 3599 1276 3656 οὖσα
1311 3644 1325 3667 ,
1386 3603 1620 3656 τάλαινα
1680 3605 1848 3676 ψυχὴ,

275 3691 329 3743 τί
358 3692 627 3761 ποιήσεις,
662 3694 757 3747 ὲάν
782 3711 832 3746 τι
863 3694 973 3747 τῶν
1010 3695 1290 3766 ἀδοκήτων
1318 3697 1500 3768 συμϐῇ
1554 3700 1852 3770 ἐπενεχθῆ-

276 3781 367 3835 ναί
392 3798 510 3847 σοις

347 3873 421 3925 Τὸ
474 3872 632 3942 σῶμα
670 3872 1106 3945 κατερῤυπὼθην
1133 3892 1146 3905 ·
1197 3874 1258 3926 τὸ
1298 3874 1520 3945 πνεῦμα
1579 3893 1849 3929 κατεσπι-

274 3963 485 4034 λώθην·
545 3965 666 4029 ὅλος
725 3964 996 4036 ἡλκὼθην.
1058 3966 1218 4031 Ἀλλ’,
1247 3967 1323 4030 ὡς
1374 3968 1575 4039 ίατρδς,
1624 3969 1849 4038 Χριστὲ,

276 4056 561 4127 ἀμφότερα
601 4057 689 4109 διὰ
727 4058 1016 4126 μετανοίας
1079 4075 1181 4128 μου
1212 4058 1568 4128 θεράπευσον,
1612 4060 1849 4112 ἀπόλου-

277 4163 392 4208 σον,
440 4146 700 4218 κάθαρον,
744 4147 981 4201 πλῦνον·
1036 4148 1208 4214 δεῖξον
1246 4150 1447 4219 χιόνος,
1486 4151 1672 4222 Σῶτερ
1722 4167 1845 4221 μου,

277 4237 683 4310 καθαρώτερον.
1292 4302 1299 4307 ,

348 4334 421 4386 Τὸ
449 4334 610 4404 σῶμα
636 4335 730 4388 καὶ
757 4335 815 4388 τὸ
839 4329 998 4403 αἷμα,
1033 4339 1267 4405 σταυροῦ
1276 4353 1434 4406 μενος
1460 4338 1600 4408 ὑπὲρ
1631 4339 1848 4392 πάντων

1959 505 2201 574 platione
2247 501 2574 572 pervenias,
2626 498 2913 569 faciasque
2969 499 3196 553 multam
3252 506 3529 553 mercatu-

1956 611 2096 650 falli.

2027 686 2256 757 Magnus
2287 686 2377 739 ille
2410 684 2753 755 patriarcha,
2791 682 3046 737 duodena
3083 681 3525 750 patriarcharum

1958 773 2134 843 prole,
2187 773 2415 842 practici
2461 772 2561 826 tibi
2603 786 2895 835 ascensus,
2944 785 2977 825 ο
3007 771 3212 835 anima,
3266 786 3328 826 ac
3364 772 3527 840 positi

1958 866 2012 919 in
2049 866 2285 931 actione,
2324 865 2532 926 scalam
2576 865 2813 935 mystice
2845 863 3025 918 erexit
3066 881 3079 917 :
3121 863 3283 926 ﬁlios,
3320 871 3529 931 utgra-

1956 958 2082 1020 dus,
2114 972 2342 1027 gressus
2392 965 2450 1011 ut
2481 960 2772 1023 ascensus,
2796 956 3074 1026 sapienter
3101 957 3397 1011 admodum
3433 970 3529 1025 po-

1957 1063 2096 1102 nens
2127 1062 2192 1101 ac
2227 1048 2556 1115 subiiciens.

2027 1140 2165 1194 Odio
2201 1140 2450 1193 habitum
2488 1138 2630 1194 Esau
2655 1140 2705 1205 ιι,
2737 1154 2770 1194 o
2805 1141 3012 1202 anima,
3045 1140 3324 1203 aemulata,
3362 1138 3528 1211 primi

1957 1231 2174 1286 decoris
2200 1230 2495 1286 vendidisti
2535 1231 2816 1300 primitiva
2838 1239 2937 1285 tuo
2968 1233 3398 1301 supplautatori,
3439 1248 3532 1302 pa-

1959 1330 2281 1390 ternamque
2333 1322 2776 1375 benedictionem
2811 1321 3046 1375 amisisti
3078 1331 3141 1387 ν,
3190 1338 3253 1377 ac
3288 1323 3372 1376 bis
3427 1322 3532 1375 ini-

1958 1428 2100 1476 sera,
2132 1411 2275 1483 quod
2304 1411 2376 1465 ad
2404 1413 2678 1467 actionem
2711 1420 2766 1467 et
2790 1412 3079 1467 scientiam
3109 1421 3342 1482 spectat,
3377 1412 3529 1469 fuisti

1957 1505 2345 1573 supplautata;
2385 1519 2558 1572 quare
2585 1503 2750 1559 modo
2781 1519 2881 1574 age
2909 1505 3314 1574 paenitentiam.

2028 1597 2217 1652 Dictus
2248 1607 2329 1651 est
2366 1595 2534 1659 Esau,
2568 1595 2738 1650 Edom
2776 1609 2837 1660 ι,
2875 1599 3117 1666 appetitu
3151 1597 3422 1651 esculenti
3462 1598 3530 1653 ad

1959 1690 2230 1745 insaniam
2265 1689 2486 1744 addicto
2516 1690 2661 1760 ('56);
2691 1704 2916 1757 semper
2950 1691 3095 1743 enim
3125 1690 3528 1745 incontinentia

1953 1795 2218 1847 assumus,
2282 1788 2538 1850 totusque
2589 1781 2966 1850 voluptatibus
3019 1781 3285 1848 pollutus,
3356 1783 3526 1837 Edom

1954 1876 2271 1929 nominatus
2334 1882 2462 1927 est:
2524 1875 2670 1942 quod
2748 1873 2953 1927 dicitur
3019 1872 3205 1928 {crvor
3265 1875 3531 1946 calorque

1952 1969 2149 2023 animae
2187 1969 2424 2022 amantis
2451 1975 2770 2038 peccatum.

2021 2058 2066 2112 Ο
2106 2058 2308 2119 anima,
2338 2073 2460 2126 qua:
2486 2055 2587 2110 Job
2619 2055 2865 2111 audieris
2902 2055 2956 2109 in
2984 2064 3230 2111 stercore
3253 2057 3530 2127 justiﬁca-

1953 2157 2067 2202 tum
2107 2158 2156 2212 1,
2199 2164 2307 2201 non
2356 2164 2416 2204 es
2470 2148 2729 2202 annulata
2781 2148 2884 2200 viri
2945 2147 3352 2203 fortitudinem.
3408 2148 3528 2203 Nan

1954 2241 2188 2294 habuisti
2248 2239 2465 2293 firmum
2529 2239 2664 2292 illttd
2744 2240 3086 2308 propositum
3160 2243 3212 2292 in
3271 2241 3530 2295 omnibus

1952 2347 2076 2400 qua:
2107 2333 2276 2398 posti,
2306 2347 2426 2400 quae
2456 2331 2665 2392 vidisti,
2709 2339 2763 2383 et
2797 2346 2856 2384 es
2887 2339 3149 2399 experta;
3187 2330 3282 2385 sed
3315 2340 3388 2395 te,
3419 2340 3530 2386 nbn

1954 2423 2220 2476 ferentem
2253 2424 2520 2475 malorum
2550 2422 2874 2476 exhibuisti.

2024 2514 2128 2581 Qui
2197 2516 2349 2584 prius
2414 2514 2468 2567 in
2523 2513 2745 2579 tlirono,
2776 2513 2889 2582 jam
2938 2512 3124 2567 nudus
3175 2512 3229 2567 in
3284 2523 3530 2568 stercore

1953 2608 2150 2677 plenus
2213 2605 2495 2660 ulceribus
2550 2606 2736 2670 sedet;
2777 2607 2871 2673 qui
2930 2606 3116 2659 multis
3152 2604 3278 2659 ﬁliis
3335 2616 3530 2660 auctus

1952 2705 2008 2751 et
2061 2695 2401 2763 conspicuus
2444 2694 2666 2757 fuisset,
2721 2695 2879 2762 prole
2931 2702 3103 2756 caret,
3140 2708 3203 2748 ac
3234 2693 3398 2749 domo
3440 2710 3531 2749 re-

1953 2795 2117 2857 pente
2162 2787 2450 2855 Spoliatur.
2513 2786 2739 2840 Stercus
2774 2788 2920 2840 enim
2959 2787 3221 2855 palatium
3269 2788 3528 2854 ducebat,

1955 2892 2019 2931 ac
2045 2877 2296 2941 vulnera,
2330 2877 2681 2951 margaritas.

2024 2966 2163 3020 Cum
2215 2966 2425 3035 regiam
2462 2966 2811 3034 dignitatem,
2856 2965 3109 3021 diadema
3137 2974 3192 3021 et
3222 2981 3526 3037 purpuram

1956 3058 2185 3113 indutus
2217 3069 2389 3121 esset,
2424 3058 2507 3111 vir
2538 3058 2727 3112 multis
2759 3065 2960 3112 auctus
2995 3060 3445 3123 posses~ionibus
3470 3074 3530 3119 et

1954 3152 2163 3221 justus,
2224 3150 2435 3205 divitiis
2492 3158 2728 3204 onustus
2779 3157 2833 3202 et
2881 3150 3184 3219 pecudibus
3239 3150 3529 3220 locuples,

1958 3244 2144 3298 subito
2183 3241 2417 3306 divitiis,
2445 3241 2644 3312 gloria,
2676 3256 2870 3311 regno,
2898 3256 3107 3311 pauper
3136 3241 3390 3309 eﬂ‘ectus,
3423 3244 3535 3314 pri-

1957 3340 2118 3384 vatus
2149 3338 2252 3384 est.

2029 3421 2085 3476 Si
2145 3422 2228 3474 vir
2282 3421 2373 3473 ille
2418 3435 2737 3489 quanquam
2776 3421 2964 3488 justus
3018 3435 3080 3474 ac
3114 3437 3225 3489 prae
3273 3424 3531 3479 omnibus

1956 3513 2097 3566 liber
2145 3530 2172 3563 a
2219 3510 2473 3574 crimine,
2522 3510 2836 3565 seductoris
2881 3511 3118 3565 insidias
3148 3523 3195 3564 et
3225 3514 3529 3566 certamina

1956 3621 2064 3658 non
2113 3602 2300 3673 eﬂ‘ugit
2328 3643 2342 3668 ,
2387 3602 2519 3672 quid
2559 3611 2617 3655 tu
2668 3616 2861 3656 amans
2917 3611 3294 3671 peccatorum,
3331 3604 3530 3657 misera

1953 3696 2158 3760 anima,
2200 3710 2324 3748 cum
2370 3694 2503 3764 quid
2563 3695 2747 3748 minus
2803 3702 3188 3765 exspectatum
3242 3695 3529 3763 irruperit,

1955 3789 2136 3841 facere
2165 3787 2420 3841 debueris
2445 3785 2469 3839 ?

2021 3878 2233 3947 Corpus
2265 3876 2536 3946 pollutum
2584 3884 2689 3937 est,
2725 3875 2909 3928 anima
2952 3877 3349 3943 contaminata,
3380 3884 3529 3934 totus

1952 3980 2139 4028 scatco
2188 3969 2510 4032 ulceribus;
2548 3967 2854 4029 enimvero,
2890 3967 3031 4035 ipse,
3078 3969 3316 4035 Christe,
3352 3972 3528 4038 poeni-

1952 4066 2122 4122 tentia
2162 4079 2304 4126 mea,
2330 4070 2627 4129 utrumque
2674 4073 2808 4112 sana
2835 4098 2849 4122 ,
2890 4067 2949 4111 ut
2996 4058 3285 4114 medicus:
3343 4061 3527 4127 ablue,

1952 4158 2174 4222 munda,
2214 4155 2366 4208 lava:
2397 4151 2645 4217 ostende,
2681 4149 2936 4203 Salvator
2974 4165 3151 4212 meus,
3182 4150 3525 4204 mundiorem

1951 4265 2115 4320 supra
2159 4249 2361 4303 nivem.

2022 4340 2127 4405 Tu,
2160 4338 2399 4393 Verbum
2474 4350 2680 4403 corpus
2730 4342 2783 4387 et
2818 4331 3143 4401 sanguinem
3173 4347 3271 4400 pro
3298 4331 3527 4385 univer-

274 4425 498 4494 ἔθηκας,
536 4427 676 4495 Λὸγε
699 4443 713 4460 ”
739 4429 799 4479 τδ
832 4429 929 4497 μὲν
969 4430 1148 4498 σῶμα,
1176 4428 1263 4481 ἵνα
1291 4428 1612 4499 ἀναπλάσῃς
1644 4448 1712 4497 με
1738 4449 1750 4462 ·
1788 4433 1846 4485 τὸ

1969 4436 2029 4490 iis
2063 4431 2294 4503 posuisti
2333 4431 2388 4483 in
2440 4444 2642 4482 cruce:
2687 4442 2890 4495 corpus
2930 4425 3170 4494 quidem,
3220 4433 3275 4477 ut
3322 4440 3408 4478 me
3438 4440 3527 4479 re-

273 4517 332 4569 δὲ
378 4511 537 4587 αἷμα,
599 4518 685 4570 ἵνα
724 4519 1042 4590 ἀποπλύνῃς
1103 4535 1206 4589 με’
1243 4520 1304 4572 τὸ
1351 4521 1568 4590 πνεῦμα
1603 4522 1850 4590 παρέδω-

279 4627 398 4673 κας,
426 4610 590 4677 Λόγε,
624 4610 712 4663 ἵνα
774 4612 874 4682 ἐμὲ
922 4613 1221 4685 προσάξεις,
1254 4614 1478 4685 Χριστὲ,
1507 4613 1586 4684 τῷ
1623 4615 1700 4685 σῷ
1724 4616 1850 4670 Γεν-

272 4703 485 4771 νήτορι.

348 4794 606 4862 Είργάσω
635 4796 732 4864 τὴν
765 4795 1040 4864 σωτηρίαν
1074 4797 1131 4848 ἐν
1167 4796 1319 4862 μέσῳ
1364 4796 1467 4865 τῆς
1495 4800 1620 4867 γῆς,
1656 4799 1684 4850 6
1717 4798 1848 4851 Κτί-

274 4902 407 4954 στης
440 4886 506 4949 ιιι⁹
538 4886 625 4939 ἵνα
695 4887 958 4955 σωθῶμεν
980 4902 993 4916 ο
1021 4887 1284 4969 ἑκουσίως
1327 4888 1467 4959 ξύλῳ
1500 4889 1845 4960 ἀνεσταύρω-

344 5023 364 5059 ¹
395 5020 741 5091 Gen._xxxn,
766 5022 856 5076 28.
933 5029 961 5057 ιι
996 5021 1230 5076 Malach.
1261 5040 1299 5088 ι,
1330 5023 1381 5076 5.
1461 5030 1485 5059 ν
1510 5021 1650 5076 Gen.
1673 5039 1801 5087 xxv,
1828 5025 1853 5078 Ξ

1973 5040 2142 5084 xxv”,
2176 5021 2263 5075 δῦ.

271 5107 463 5153 uxut,
498 5089 582 5143 12.

1953 4525 2261 4589 fortnares;
2313 4521 2662 4590 sanguinem,
2710 4527 2767 4571 ut
2791 4519 3085 4582 ablueres;
3118 4518 3375 4586 spiritum
3413 4530 3529 4572 tra-

1949 4615 2163 4677 didisti,
2196 4625 2252 4666 ut
2286 4627 2370 4665 me
2399 4621 2511 4674 tuo,
2543 4608 2784 4671 Christe,
2808 4607 3058 4662 Grnilot'i
3096 4609 3452 4663 conciliares.

2018 4795 2291 4862 Operatus
2334 4808 2392 4846 es
2427 4791 2661 4845 salutem
2716 4789 2771 4843 in
2819 4789 2998 4843 medio
3039 4798 3199 4843 terrae
3225 4790 3299 4853 γ’,
3341 4803 3372 4843 ο
3405 4788 3527 4843 sal.

1955 4899 2137 4951 valor,
2191 4892 2247 4938 ut
2279 4896 2753 4951 consequeremur
2798 4881 3074 4944 salutem;
3110 4880 3298 4935 volens
3340 4880 3527 4933 cruci-~

2347 5031 2370 5056 ι
2397 5014 2529 5070 Gen.
2562 5031 2689 5080 xxv,
2722 5016 2808 5069 50.
2881 5023 2909 5062 1
2939 5014 3041 5069 Job
3066 5030 3101 5080 t,
3136 5014 3226 5067 22.
3302 5014 3350 5061 Γ
3382 5008 3527 5066 Psai.

1572 5174 1805 5230 VARle
1847 5174 2253 5231 LEC'I‘IONE—S.

343 5275 363 5305 ’
395 5273 523 5344 ch.
559 5268 878 5339 ὐλομανίας.
993 5262 1551 5347 ίέᾶλλωίκτίρμων.

1562 5395 1951 5452 COMBEFISII
1997 5393 2228 5449 NOTAE.

344 5505 455 5576 (56)
486 5499 1007 5576 Appetitu‘esculenti
1033 5497 1102 5576 nd
1130 5496 1417 5576 insaniant,
1436 5502 1541 5547 etc.
1572 5492 1661 5576 §ic
1681 5492 1841 5560 plane

268 5564 576 5641 legi-udum
621 5573 814 5626 suadet
865 5571 1100 5641 historia
1166 5566 1308 5641 βείω
1366 5564 1682 5641 ὐλομανίας3
1740 5576 1842 5615 nec

269 5634 413 5700 ait...
444 5645 728 5704 Scriptura
769 5657 892 5693 cum
926 5637 1256 5710 θνλομανίας
1300 5642 1473 5696 notat,
1510 5634 1840 5710 scribimus-t-

271 5718 506 5779 νῑας,ει
530 5715 595 5769 ab
643 5728 706 5769 ea
757 5726 952 5767 nomen
997 5704 1127 5762 illud
1165 5704 1333 5758 Edam
1386 5704 1728 5757 contraxisse
1761 5704 1839 5755 si-

1948 5507 2016 5558 gn
2048 5494 2171 5543 heat
2207 5507 2219 5541 :
2255 5489 2401 5541 Velut
2432 5503 2461 5541 a
2492 5488 2599 5542 cibi
2635 5495 2687 5541 et
2727 5487 2897 5541 edulii
2941 5486 3206 5558 gulosius,
3229 5484 3523 5540 desideravi

1949 5556 2214 5626 dualitate
2240 5569 2292 5609 et
2324 5560 2529 5620 colore,
2563 5558 2706 5627 quod
2741 5566 2885 5612 esset
2919 5556 3135 5610 rufum:
3164 5557 3281 5610 sive
3308 5558 3375 5609 ab
3412 5558 3527 5625 ipsa

1954 5631 2334 5683 lenticularum
2366 5641 2581 5691 natura,
2619 5629 2819 5697 quibus
2859 5627 3182 5693 constabat,
3218 5642 3334 5681 stre
3363 5641 3392 5678 a
3429 5640 3528 5696 pe.

1948 5701 2146 5754 culiari
2179 5699 2557 5753 condimento.
