4004 6150
547 256 666 321 1,ῐ›1

1829 248 2157 308 ΑΝΒΒΕΕ
2202 248 2620 310 CRETENSIS

3607 255 3712 319 13b!

542 383 680 427 nos
730 383 826 433 es;
891 374 1081 436 aperta
1120 375 1203 419 est
1266 364 1455 427 Edem,
1527 379 1790 434 superna,
1863 365 2101 425 inferna,

2228 381 2310 427 τας
2332 382 2343 393 ο
2372 366 2404 435 ἡ
2455 364 2617 435 Ἑδὲμ
2673 365 3008 427 κλασθεῖσα,
3035 364 3375 438 ἀνεῴγνυτο·
3422 367 3486 420 τὰ
3513 368 3625 435 ἄνω,
3665 375 3716 426 τὰ

538 469 721 517 creata
772 472 1045 529 quaeque;
1089 466 1139 511 te
1187 472 1379 511 omnes
1424 464 1615 526 gentes
1654 471 1792 525 quas
1820 457 2003 512 salvas
2029 459 2108 511 le-

539 556 708 614 ceris,
739 560 871 605 sunt
903 550 1229 602 adora-turre.

614 644 701 698 Sit
743 643 875 695 mihi
911 641 1146 710 piscina,
1178 650 1272 694 tuo
1312 640 1485 694 latere
1519 638 1678 694 fusus
1709 637 1978 708 sanguis;
2013 652 2109 708 po-

537 745 740 804 tusque
775 735 1003 803 pariter,
1036 747 1157 801 qtae
1194 733 1436 786 manavit
1468 747 1611 801 aqua
1640 732 1731 785 illa
1765 730 2109 795 refectionis,

537 843 597 880 ut
625 827 879 894 utrinque
924 822 1195 877 emunder
1224 842 1236 876 :
1272 824 1368 893 qui
1404 839 1505 878 ceu
1558 832 1901 893 unguentum
1930 831 1984 875 et
2014 835 2114 890 po-

2210 456 2361 507 κάτω
2384 470 2397 483 ·
2453 456 2486 525 ἡ
2548 456 2725 519 κτίσις
2751 474 2764 486 ·
2830 457 2899 511 τά
2931 458 3060 528 ἔθνη
3103 460 3285 513 πάντα
3319 454 3557 526 σωθέντα,
3590 480 3717 533 προσ-

2211 544 2431 597 κυνοῦσί
2454 562 2532 598 σε.

2283 637 2532 690 Γενέσθω
2557 656 2649 708 μοι
2690 640 3075 712 κολυμϐήθρα,
3101 639 3165 693 τὸ
3203 636 3338 711 αἷμα
3360 640 3418 695 τὸ
3441 642 3500 694 ἐκ
3534 642 3719 714 πλευρᾶς

2216 743 2310 779 σου
2332 744 2343 756 ο
2380 727 2496 798 ἅμα
2536 731 2633 785 καὶ
2663 731 2834 803 πόμα,
2858 732 2919 784 τὸ
2943 734 3199 802 πηγάσαν
3223 732 3365 805 ὕδωρ
3390 735 3480 804 τῆς
3504 736 3720 803 ἀφέσεως,

2217 819 2305 873 ἴνα
2378 822 2720 896 ἑκατέρωθεν
2781 828 3169 899 καθαίρωμαν
3237 828 3511 899 χριόμενος
3565 831 3720 895 πίνων,

537 929 690 980 tum,
742 925 859 982 tua,
903 914 1182 980 Verbum,
1223 917 1441 970 vivilica
1493 915 1710 986 eloquia
1747 955 1761 982 ,
1820 914 2068 969 bibendo
2095 949 2112 976 ,

2228 910 2291 976 ὓς
2312 914 2518 987 χρίσμα
2552 918 2651 973 καὶ
2674 920 2849 989 πόμα,
2885 920 3046 989 Λόγε,
3082 922 3152 973 τὰ
3182 920 3370 992 ζωηρά
3391 938 3477 974 σου
3496 920 3648 989 λόγια.

540 1024 734 1077 ungar.

610 1098 879 1154 Tltalamo
926 1097 1176 1169 privatus
1218 1113 1377 1152 sum:
1415 1114 1536 1152 sum
1578 1096 1761 1152 factus
1786 1112 1984 1153 exsors
2015 1112 2116 1152 nu-

540 1193 778 1262 ptiarum
805 1200 862 1245 et
893 1206 1085 1245 cmnae.
1137 1189 1393 1260 Lampus,
1432 1191 1575 1244 velut
1609 1191 1729 1244 sine
1758 1191 1882 1245 oleo
1903 1191 2118 1246 exstin-

542 1292 629 1336 cta
667 1291 793 1346 est;
848 1282 1148 1336 dormienti
1203 1284 1455 1335 clausum
1500 1290 1591 1335 est
1630 1282 1839 1347 cubile,
1870 1290 2115 1337 comesta

543 1389 738 1430 caena:
768 1391 869 1444 ego
911 1385 1093 1429 autem
1146 1375 1359 1445 eiectus
1410 1390 1555 1439 sum,
1597 1375 1801 1445 ligatus
1841 1389 2041 1430 manus
2067 1384 2121 1430 et

543 1467 732 1535 pedes.

614 1554 820 1620 Tuum,
856 1554 1125 1620 Ecclesia,
1177 1556 1456 1610 viviﬂcum
1494 1557 1665 1623 latus,
1716 1564 1986 1612 craterem
2030 1570 2119 1610 ac-

544 1645 703 1716 cipit,
735 1664 801 1701 ex
850 1662 963 1715 quo
995 1648 1158 1701 nobis
1214 1648 1406 1711 latere,
1442 1648 1565 1703 l'ons
1601 1649 1797 1718 dupch
1831 1650 2118 1705 remissio-

546 1736 631 1789 nis
662 1746 717 1790 et
769 1737 1019 1790 scientiae
1074 1741 1351 1801 manavit,
1416 1739 1469 1791 in
1514 1740 1745 1807 ﬁguram
1800 1738 2015 1795 Veteris
2065 1748 2120 1795 et
2154 1722 2191 1775 Β

456 1892 461 1895 η
544 1826 708 1890 Novi,
746 1829 1059 1898 utriusque,
1085 1828 1334 1897 inquam,
1354 1846 1386 1883 ο
1414 1828 1668 1883 Salvator
1693 1840 1903 1897 noster,
1928 1830 2120 1887 Testa-

548 1919 743 1972 menti.

618 2009 856 2078 'l‘empus
882 2010 1008 2065 vita:
1053 2025 1186 2065 mete
1214 2012 1474 2083 exiguum
1509 2022 1615 2077 est,
1648 2015 2039 2084 laboribusque
2069 2027 2124 2069 et

548 2100 799 2155 molestia
848 2102 1107 2172 plenum:
1169 2120 1354 2158 verum
1399 2107 1755 2175 panitentem
1787 2109 2029 2178 suscipe,
2068 2118 2122 2161 et

547 2206 746 2247 revoca
788 2205 1205 2262 agnoscentem.
1247 2196 1324 2251 Ne
1373 2197 1494 2249 [iam
1533 2198 1696 2251 alieni
1746 2202 2031 2268 possessio
2070 2209 2124 2252 et

546 2299 674 2337 esca
708 2301 721 2337 :
761 2292 818 2337 tu
860 2285 999 2353 ipse,
1031 2284 1309 2355 Salvator,
1342 2288 1447 2340 mei
1479 2288 1767 2343 miserere.

619 2372 743 2427 Jam
824 2375 1249 2447 grandiloquum
1338 2392 1475 2446 ago,
1532 2390 1589 2432 et
1678 2380 1846 2434 corde
1917 2387 2125 2435 temere

547 2465 845 2519 audacem:
879 2481 947 2520 ne
985 2481 1070 2521 me
1109 2465 1447 2523 condemnes
1488 2483 1613 2521 cum
1666 2467 1984 2535 Pharisaeo;
2015 2472 2125 2527 imo

550 2559 859 2623 Publicani,
913 2560 1008 2629 qtti
1059 2559 1213 2614 solus
1262 2560 1585 2615 misericors
1612 2562 1711 2625 sis,
1749 2562 2123 2619 humilitatem

545 2650 789 2705 concede
816 2668 829 2704 :
872 2660 929 2705 tu
962 2666 1071 2715 me,
1091 2648 1463 2721 justeJudex,
1494 2651 1621 2707 huic
1649 2668 1904 2710 accense.

618 2821 870 2885 Peccavi,
904 2823 1089 2877 carnis
1135 2824 1357 2878 vasculo
1392 2824 1654 2893 injuriam
1697 2825 1932 2895 faciens;
1970 2830 2124 2895 novi,

547 2926 582 2965 ο
623 2912 983 2977 misericors;
1018 2928 1208 2967 verum
1263 2930 1371 2979 me,
1405 2916 1764 2985 pmnitentem
1804 2922 2051 2989 suspice,
2074 2932 2127 2976 et

551 3016 749 3058 revoca
800 3013 1217 3074 agnoscentem.
1273 3003 1353 3059 Ne
1392 3008 1581 3062 alieno
1615 3009 1806 3064 cedam
1841 3015 2125 3081 possessio
2154 3047 2195 3103 ε

549 3104 756 3149 etesca
790 3105 883 3148 :tu
926 3096 1044 3168 ipse
1081 3094 1353 3162 Salvator,
1392 3099 1498 3154 mei
1537 3100 1817 3158 miserere.

623 3275 748 3341 ipse
778 3273 911 3326 mihi
944 3274 1122 3330 fartus
1162 3291 1283 3330 sum
1312 3276 1541 3342 idolum,
1577 3278 1730 3335 vitiis
1764 3295 2129 3352 corrumpens

552 3364 817 3417 animam.
867 3362 1065 3419 Verum
1113 3368 1471 3437 paenitentem
1523 3372 1781 3440 suspice,
1825 3382 1878 3427 et
1927 3389 2122 3429 revoca

552 3463 986 3524 agnoscentem;
1041 3473 1109 3512 ne
1158 3459 1369 3513 elliciar
1398 3460 1583 3514 alieno
1621 3460 1675 3515 in
1711 3464 2124 3532 possessionem

550 3555 607 3601 ct
638 3562 846 3610 escam,
885 3560 939 3601 tu
978 3548 1095 3618 ipse
1128 3548 1408 3612 Salvator,
1440 3551 1543 3605 mei
1584 3552 1866 3608 miserere.

621 3634 741 3690 Non
797 3637 982 3691 audivi
1035 3652 1223 3690 VOCCIII
1274 3646 1459 3703 tuam;
1521 3638 1598 3693 l'ui
1652 3641 1972 3699 inobediens
2025 3654 2131 3698 tua:

552 3724 917 3796 Legislatoris
972 3727 1296 3796 Scripturie.
1350 3728 1551 3783 Verum
1595 3734 1948 3800 pwnitentem
2009 3753 2133 3791 sus-

553 3823 696 3888 cipe,
739 3828 793 3873 et
844 3835 1043 3874 revoca
1095 3834 1512 3891 agnoscentem.
1566 3822 1643 3878 Nc
1677 3826 1884 3880 elliciar
1946 3829 2132 3883 alieno

558 3914 610 3964 in
649 3912 1060 3980 possessionem
1100 3926 1154 3967 et
1178 3929 1404 3982 eseam;
1445 3922 1501 3967 tu
1538 3915 1677 3984 ipse,
1714 3914 1992 3985 Salvator,
2027 3921 2130 3974 mei

556 4002 841 4057 miserere.

1170 4092 1236 4149 In
1266 4106 1529 4152 sanctum.

626 4185 809 4240 Vitam
860 4202 1028 4256 agens
1080 4186 1136 4240 in
1216 4203 1448 4258 corpore
1499 4189 1647 4242 velut
1728 4189 2129 4258 incorpoream,

556 4282 852 4332 maximam
910 4281 1102 4348 plane,
1152 4295 1185 4333 ο
1239 4288 1433 4334 sancta
1457 4320 1471 4344 ,
1506 4295 1535 4333 a
1567 4282 1673 4335 Deo
1703 4283 1965 4351 accepisti
2003 4300 2132 4353 gra-

2289 1092 2502 1163 Γυμνὺς
2526 1094 2644 1163 είμὶ
2691 1093 2786 1146 τοῦ
2821 1094 3112 1163 νυμφῶνος
3131 1112 3146 1126 ο
3178 1096 3383 1166 γυμνὸς
3423 1097 3530 1166 είμὶ
3557 1098 3635 1150 καὶ
3658 1098 3724 1152 τοῦ

2216 1189 2399 1260 γάμου
2459 1188 2576 1255 ἅμα
2637 1189 2732 1240 καὶ
2781 1188 3018 1243 δείπνου.
3062 1189 3128 1241 Ἠ
3181 1188 3402 1258 λαμπὰς
3450 1189 3650 1258 ἐσὸέσθη
3672 1191 3728 1250 ὡς

2218 1282 2497 1343 άνέλαιος·
2524 1284 2558 1351 ἡ
2619 1280 2831 1343 παστὰς
2866 1280 3121 1350 ἐκλείσθη
3171 1298 3262 1352 μοι
3318 1281 3642 1335 καθεύδοντι·
3685 1283 3729 1335 τὸ

2218 1374 2432 1427 δεῖπνον
2462 1371 2680 1443 ἐϐρώθη
2703 1387 2717 1402 °
2781 1372 2894 1441 ἐγὼ
2924 1371 3002 1439 δὲ,
3037 1374 3226 1442 χεῖρας
3270 1373 3365 1425 καὶ⁵
3403 1373 3556 1437 πόδας
3578 1373 3731 1437 δεθεὶς,

2220 1464 2323 1528 ἔξω
2355 1466 2395 1496 ⁸⁸
2426 1464 2768 1535 ἁπέρῤημαι.

2291 1559 2581 1627 Κρατῆρα,
2607 1557 2641 1627 ή
2677 1555 2998 1625 Ἐκκλησία,
3028 1556 3301 1626 ἐκτήσατο
3327 1556 3425 1627 τὴν
3441 1556 3652 1626 πλευράν
3666 1574 3734 1609 σιν

2221 1650 2319 1719 τὴν
2351 1647 2657 1721 ζωηφόρον,
2687 1649 2746 1716 ἐξ
2771 1643 2838 1721 ἦς
2858 1651 2887 1702 ὁ
2912 1648 3136 1713 διπλοῦς
3162 1651 3296 1720 ἡμῖν
3330 1649 3588 1720 ἐξέὅλυσε,
3612 1667 3737 1719 κρουο

2222 1740 2309 1802 νὸς
2360 1741 2459 1809 τῆς
2526 1741 2772 1808 ἀφέσεως
2847 1740 2942 1794 καὶ
3013 1741 3293 1809 γνώσεως,
3327 1743 3406 1803 εἰς
3453 1740 3604 1793 τύπον
3662 1739 3738 1807 τῆς

2225 1831 2421 1898 Πάλαι,
2451 1832 2549 1903 τῆς
2584 1832 2764 1895 Νέαςο
2821 1831 2931 1884 τῶν
2976 1830 3074 1886 δύο
3124 1832 3243 1903 ἅμα
3290 1831 3741 1902 Auﬁdiam)“;

2224 1921 2401 1993 ἡμῶν.

2302 2016 2360 2069 '0
2386 2015 2576 2086 χρόνος
2600 2016 2628 2067 ὁ
2654 2017 2756 2083 τῆς
2783 2014 2928 2084 ζωῆς
2970 2033 3073 2085 μου
3105 2015 3307 2084 ὀλίγος,
3342 2016 3435 2068 καὶ
3459 2014 3649 2085 πλήρης
3672 2015 3743 2066 πός

2224 2120 2330 2158 νων
2372 2104 2469 2156 καὶ
2504 2103 2769 2173 πονηρίας
2796 2119 2809 2134 ·
2864 2104 2979 2156 ἀλλ’
3006 2107 3063 2156 ἐν
3084 2104 3360 2174 μετανοίᾳ
3397 2121 3462 2173 με
3489 2102 3741 2175 παράλαϐε,

2225 2195 2319 2248 καὶ
2349 2196 2406 2248 ἐν
2436 2194 2729 2262 ἐπιγνώσει
2759 2195 2968 2265 κτῆμα,
3003 2195 3078 2267 μὴ
3112 2195 3315 2267 βρῶμα
3342 2195 3438 2250 τοῦ
3455 2182 3712 2267 ’ἀλλοτρίου
3731 2209 3743 2223 ·

2226 2285 2432 2355 Σῶτερ,
2471 2285 2633 2347 αὐτός
2666 2302 2732 2355 με
2763 2285 3053 2356 οῖκτειρον.

2307 2374 2608 2446 ’Υψηγόρος
2641 2373 2735 2427 νῦν
2767 2374 3018 2445 ὑπάρχω,
3053 2372 3260 2442 θρασύς
3307 2391 3367 2427 τε
3406 2374 3509 2427 καὶ
3535 2375 3620 2444 τὴν
3647 2389 3748 2441 καρ-

2226 2467 2364 2530 δίαν,
2387 2470 2507 2539 είκῆ
2563 2468 2659 2522 κοιλ⁵
2699 2468 2875 2537 μάτην
2899 2485 2911 2497 ·
2946 2468 3020 2537 μὴ
3052 2467 3129 2537 τῷ
3160 2468 3445 2538 Φαρισαίῳ
3475 2464 3744 2534 συγκαταδι·

2228 2559 2402 2632 κάσῃς
2430 2577 2497 2630 με
2515 2576 2528 2591 ο
2550 2560 2750 2630 μᾶλλον
2770 2558 3118 2612 τοῦΤελώνου
3142 2559 3242 2630 τὴν
3270 2554 3668 2615 ταπείνωσινίπα

2231 2669 2360 2722 σχου
2403 2668 2515 2722 μοι,
2556 2651 2683 2721 μόνε
2749 2651 3084 2722 οἰκτίρμων·
3136 2651 3517 2719 Δικαιοκρίτα,
3550 2648 3747 2716 αὒτῴμε

2231 2761 2364 2796 συνα
2373 2744 2456 2815 pie
2467 2761 2658 2814 μησον.

2312 2834 2666 2904 Ἰῖξήμαρτον,
2718 2834 3007 2903 ἐνυϐρίσας
3047 2835 3107 2886 τὸ
3138 2833 3339 2898 σκεῦος
3392 2834 3453 2887 τὸ
3477 2834 3565 2903 τῆς
3594 2831 3751 2903 σαρκός

2234 2941 2361 2995 μου·
2394 2923 2530 2985 οἶδα,
2589 2927 2893 2995 οἰκτίρμων
2917 2942 2930 2957 ο
2980 2926 3098 2979 ἀλλ’
3140 2929 3197 2978 ὲν
3243 2927 3506 2997 μετανοίᾳ
3530 2942 3591 2996 με
3617 2926 3755 2995 παρά-

2231 3017 2384 3083 λαϐε,
2448 3019 2541 3070 καὶ
2587 3020 2644 3071 ἐν
2694 3018 2989 3085 ἐπιγνώσει
3033 3019 3411 3074 ἀνακάλεσαι·
3460 3021 3529 3089 μὴ
3556 3019 3755 3087 γένωμαι

2232 3110 2441 3177 κτῆμα,
2479 3108 2552 3179 μὴ
2581 3109 2775 3180 βρῶμα
2819 3110 2912 3163 τοῦ
2952 3110 3236 3181 ἀλλοτρίου
3259 3127 3272 3140 °
3309 3112 3454 3165 Σῶτε

2229 3202 2519 3270 οἴκτειρον.

2301 3291 2627 3343 Αὑτείὸωλον
2666 3293 2956 3361 ἐγενόμην,
2986 3296 3100 3356 τοῖς
3137 3294 3343 3347 πάθεσι
3371 3295 3469 3365 τὴν
3485 3294 3645 3366 ψυχήν
3681 3308 3757 3363 μου

2233 3381 2510 3452 βλάπτων,
2530 3382 2853 3451 οἰκτίρμων.
2881 3383 3023 3435 Ἀλλ’
3042 3385 3100 3437 ἐν
3126 3386 3395 3456 μετανοίᾳ
3420 3402 3486 3455 με
3507 3383 3754 3453 παράλαϐε,

2231 3478 2325 3527 καὶ
2357 3476 2415 3526 ἐν
2441 3476 2739 3542 ἐπιγνώσει
2772 3475 3178 3543 μετακάλεσαι·
3217 3476 3298 3546 μὴ
3321 3478 3562 3546 γένωμαι
3592 3474 3755 3542 κτῆμα,

2236 3572 2308 3639 μὴ
2336 3569 2530 3639 βρῶμα
2550 3568 2643 3622 τοῦ
2660 3568 2941 3639 ἀλλοτρίου
2960 3585 2972 3597 °
3004 3568 3209 3637 Σῶτερ,
3240 3569 3409 3632 αὑτός
3439 3587 3502 3639 με
3524 3570 3758 3635 οἴκτειρον.

2252 3714 2273 3723 _
2300 3662 2413 3715 Οὐκ
2439 3662 2645 3731 ἥκουσα
2662 3662 2760 3730 τῆς
2788 3662 2972 3731 φωνῆς
3001 3678 3094 3715 σου
3112 3679 3125 3692 '
3158 3667 3493 3734 παρήκουσα
3532 3664 3621 3731 τῆς
3655 3659 3760 3729 F91-

2233 3754 2337 3823 φῆς
2383 3770 2475 3805 σου
2528 3752 2624 3806 τοῦ
2680 3752 3011 3822 νομοθέτουο
3079 3754 3223 3805 Ἀλλ’
3302 3757 3363 3806 ἐν
3429 3752 3667 3824 μετανοίᾳ
3710 3763 3758 3816 με

2233 3845 2561 3915 παράλαϐε,
2615 3847 2709 3898 καὶ
2764 3845 2822 3896 ὲν
2895 3843 3192 3911 ἐπιγνώσει
3258 3846 3658 3915 μετακάλεσαι·
3707 3838 3760 3909 μὴ

2234 3939 2475 4007 γένωμαι
2512 3936 2717 4006 κτῆμα,
2745 3936 2821 4007 μὴ
2854 3934 3051 4007 βρῶμα
3084 3935 3177 3989 τοῦ
3230 3937 3520 4007 ἀλλοτρίου
3551 3952 3563 3965 ·
3597 3934 3758 4000 Σῶτερι

2233 4027 2395 4090 αὑτός
2431 4044 2496 4097 με
2519 4026 2812 4097 οἵκτειρον.

2848 4118 2961 4186 Τῆς
2996 4120 3194 4185 ὁσίας.

2316 4208 2629 4279 Ἀσώματον
2691 4210 2985 4271 πολιτείαν,
3044 4213 3101 4263 ἐν
3154 4210 3378 4281 σώματι
3444 4206 3755 4282 μετελθοῦσασ

2232 4301 2413 4373 χάριν,
2441 4302 2592 4366 ὁσία,
2653 4301 2786 4372 πρὸς
2824 4300 2961 4353 Θεοῦ
3003 4303 3271 4372 μεγίστην
3330 4304 3503 4366 ὅντως
3547 4304 3757 4369 εἴληφας·

3461 3129 3493 3183 Ρ

3551 3112 3638 3164 αὐτ

3640 3110 3687 3174 ός

3706 3125 3756 3179 με

555 4373 707 4426 tiam.
745 4371 877 4426 Esto
910 4384 1141 4441 patrona
1178 4388 1370 4426 eorum
1404 4374 1496 4441 qui
1523 4373 1713 4429 lidcles
1749 4381 1803 4429 te
1836 4375 2128 4430 honorant:

2236 4394 2342 4447 τῶν
2370 4395 2580 4456 πιστῶς
2633 4392 2920 4463 τιμώντων
2956 4410 3015 4446 σε
3040 4396 3354 4464 προΐστασο
3376 4411 3391 4424 ⁸
3422 4395 3502 4447 διὸ
3536 4386 3758 4445 δυσωποῦ·

553 4467 914 4534 quamobrem
949 4466 1325 4535 supplicamus
1354 4474 1415 4520 ut
1438 4467 1550 4522 tuis
1584 4467 1842 4537 precibus
1882 4469 1951 4522 ab
1983 4471 2133 4525 omni

555 4559 855 4612 liberemur
884 4573 1087 4627 genere
1112 4560 1511 4616 tentationum.

626 4649 762 4703 Cum
832 4650 884 4702 in
959 4665 1281 4719 magnarum
1329 4650 1729 4707 obscenitatnm
1800 4653 2136 4723 profundum

2238 4502 2337 4556 μεν
2397 4483 2665 4537 παντοίων
2720 4483 3100 4554 πειρατηρίων
3165 4486 3320 4554 ἡμᾶς
3369 4487 3552 4556 εὐχαῖς
3587 4501 3667 4536 σου
3691 4477 3753 4530 λύ-

2233 4593 2460 4646 τρωσαι.

2305 4669 2576 4736 Μεγάλων
2629 4668 3001 4737 ἀτοπημάτων
3050 4670 3130 4732 εἰς
3170 4668 3337 4738 βάθος
3380 4659 3754 4738 κατεχθεὴαψῦ

557 4756 803 4810 praeceps
850 4742 1120 4806 abiisses,
1166 4759 1275 4796 non
1325 4742 1440 4797 illic
1476 4744 1682 4799 haesisti
1720 4764 1734 4801 :
1778 4746 1873 4800 sed
1927 4749 2128 4801 meliori

2238 4759 2646 4830 κατεσχὲσθης·
2715 4759 2830 4811 ἀλλ’
2890 4759 3196 4829 ἀνέδραμες
3238 4760 3491 4831 λογισμῷ
3523 4758 3752 4827 κρείττονι.

558 4840 846 4901 assumpto
897 4834 1203 4901 proposito.
1254 4834 1321 4887 ad
1350 4850 1666 4905 supremam
1701 4840 1997 4910 perspicue
2029 4843 2128 4895 vir-

2238 4852 2374 4922 πρὸς
2400 4850 2498 4920 τὴν
2522 4849 2853 4919 ἀκροτάτην,
2905 4849 2993 4901 διὰ
3038 4851 3318 4920 πράξεως,
3364 4850 3549 4920 σαφῶς
3568 4846 3752 4919 ἀρετήν·

557 4930 729 4979 totem
786 4924 1006 4978 actione
1039 4927 1357 4992 emersisti;
1393 4936 1452 4980 ut
1502 4931 1786 4999 angelicas
1816 4941 2065 4999 naturas,
2102 4950 2136 4988 o

559 5013 752 5083 Maria,
781 5017 858 5070 rei
893 5017 1137 5072 novitate
1169 5017 1560 5087 stnpefeeeris.

1147 5109 1213 5163 In
1253 5117 1287 5162 Α
1301 5110 1540 5164 ndream.

631 5201 848 5255 Andrea
899 5200 1122 5255 Patrum
1178 5203 1384 5267 decus,
1433 5219 1503 5259 ne
1551 5206 1950 5262 divinissimam
2015 5209 2137 5263 Tri-

560 5293 788 5346 nitatem
889 5294 1245 5362 interpellare
1294 5297 1407 5350 tuis
1453 5298 1715 5366 precibus
1747 5301 2128 5367 obliviscaris;

558 5395 620 5439 υι
684 5385 981 5441 liberemur
1062 5401 1090 5438 a
1166 5402 1378 5456 pmna,
1461 5391 1555 5460 qni
1619 5399 1673 5447 te
1749 5392 2131 5449 admirabilem

2240 4941 2559 5012 παραδόξως
2595 4940 2846 5008 ἀγγέλων
2878 4940 3094 5009 φύσεις,
3141 4944 3359 5013 Μαρία,
3398 4938 3752 5008 καταπλήξισα.

2936 5118 2984 5172 Ἀ
2992 5118 3122 5173 νδο.

2944 5138 3061 5172 aro
3108 5158 3122 5173 .

2322 5209 2545 5279 Ἀνδρέα
2584 5209 2847 5281 Πατὲρων
2889 5138 3101 5274 κλέοςξ)
3111 5214 3304 5283 εὐχαῖς
3346 5231 3440 5269 σου
3482 5214 3552 5284 μὴ
3577 5204 3754 5275 Exilii!)

2240 5302 2614 5355 καθικετεύων
2643 5301 2952 5372 παρεστὼς,
2986 5303 3192 5374 Τριάδα
3213 5308 3320 5377 τὴν
3344 5306 3623 5377 ὑπέρθεον·
3645 5302 3753 5355 ὅπως

2242 5394 2609 5465 λυτρωθῶμεν
2666 5394 2766 5465 τῆς
2797 5394 3092 5464 κολάσεως,
3137 5399 3187 5451 οἱ
3217 5398 3378 5472 πόθῳ
3409 5395 3686 5468 προστάτην
3711 5401 3751 5440 σε

1863 5570 2098 5627 VARIIE
2132 5569 2534 5627 LEtiTlONES.

642 5646 682 5679 n
884 5652 1196 5722 251.6).T‘lz'az,
