4004 6150
363 325 494 394 1357

1678 333 1830 391 MAG
1841 332 1988 392 Νυὸ
2018 328 2282 392 CANON.

3459 325 3596 390 1358

431 445 493 498 El
543 443 632 495 καὶ
675 441 870 512 φρέαρ,
897 441 1164 507 Δέσποτα,
1203 443 1466 512 ὑπάρχεις
1510 441 1672 511 βαθὺ,
1731 440 1927 511 βλῦσόν

2098 440 2446 509 Quanquam,
2481 435 2734 500 Domine,
2782 436 2928 491 altus
2975 443 3171 506 puteus
3211 450 3270 490 es
3299 444 3349 501 ι’,
3396 435 3595 490 ﬂuenta

364 555 452 608 μοι
513 537 730 606 νάματα
783 534 842 600 ἐξ
893 536 1173 606 ἅχράντων
1219 553 1312 588 σου
1357 535 1605 604 φλε-ϐὦνδ
1657 536 1722 590 ἶν’
1755 537 1832 598 ὼς
1892 538 1924 608 ἠ

361 629 718 698 Σαμαρεῖτις,
754 629 954 698 μηκέτι
997 628 1166 682 πίνων
1190 627 1362 698 διψῶτ
1395 628 1540 698 ζωῆς
1575 627 1684 699 γὰρ
1718 628 1928 700 ῥεῖθρον

362 719 597 789 βλύζεις.

431 811 654 878 Σιλωὰμ
711 808 950 877 γενέσθω
1003 825 1090 879 μοι
1132 809 1198 862 τὰ
1245 809 1457 880 δάκρυά
1507 827 1628 879 μου,
1683 809 1926 862 Δέσποτα
1955 799 1978 816 ⁴

359 898 553 966 Κύριε,
597 899 684 950 ἵνα
730 898 971 966 νίψωμαι
1023 899 1176 966 κάγὼ
1221 900 1318 962 τὰς
1367 901 1558 970 κόρας,
1593 901 1688 968 τῆς
1747 898 1927 969 ψυχῆς

362 1007 484 1059 μου,
519 990 609 1042 καὶ
636 988 730 1041 ἴδω
765 1005 825 1040 σε
857 989 1078 1058 νοερῶς,
1109 991 1168 1042 τὸ
1201 990 1316 1059 φῶς
1342 990 1404 1042 τὸ
1433 981 1806 1060 προαιώνιον..

957 1080 1070 1146 Τῆς
1101 1081 1326 1144 Ὃσίας.

441 1169 784 1240 ’Λσυγκρίτῳ
839 1169 1039 1239 ἔρωτι,
1089 1170 1376 1235 πανόλϐιε,
1436 1169 1592 1234 ξύλον
1639 1171 1928 1240 ποθήσασα

361 1261 742 1330 προσκυνῆσαι
767 1263 864 1330 τῆς
889 1261 1056 1324 ζωῆς,
1089 1259 1318 1328 ὴξίωσαι
1352 1260 1446 1313 τοῦ
1473 1261 1670 1314 πόθου·
1699 1261 1928 1325 ἀξίωσον

357 1347 450 1405 οὖν
473 1351 638 1420 κάμὲ,
674 1355 858 1420 τυχεῖν
879 1351 980 1420 τῆς
1006 1351 1118 1404 ἄνω
1144 1351 1329 1420 δόξης.

442 1527 684 1597 Ῥεῖθρον
725 1529 1012 1600 Ἰορδάνιον
1050 1530 1364 1600 περάσασα,
1402 1521 1560 1601 εὗρες
1593 1529 1924 1594 ἀνάπαυσιν,

357 1619 454 1687 τὴν
507 1619 768 1672 ὲνώδυνον
805 1621 1004 1691 σαρκὸς
1055 1622 1250 1690 ἡδονὴν
1313 1623 1662 1689 ἐκφυγοῦσα·
1711 1617 1779 1693 ἦς
1835 1621 1927 1674 καὶ

359 1713 503 1779 ἡμᾶς
535 1711 742 1776 ἐξελοῦ,
774 1715 893 1775 σαῖς
925 1715 1276 1783 προσευχαῖς,
1308 1714 1452 1770 ὁσία.

1000 1803 1293 1872 Ἀνδρέου.

443 1897 526 1958 Ὧς
557 1896 834 1965 ποιμένων
875 1895 1132 1965 ἄριστος,
1176 1895 1398 1965 Ἀνδρέα
1436 1897 1584 1964 σοφὲ,
1630 1895 1926 1966 πρόκριτον

361 1990 490 2040 ὗντα
535 2005 614 2052 σε,
644 1987 794 2055 πόθῳ
830 1987 1021 2056 δέομαι
1057 1985 1239 2055 πολλῷ
1273 1989 1370 2040 καὶ
1415 1987 1585 2059 φόϐῳ,
1639 1991 1757 2050 σαῖς
1789 2005 1922 2058 πρε-

361 2079 570 2141 σϐείαις
608 2079 706 2148 τῆς
731 2079 1004 2149 σωτηρίας
1042 2082 1248 2149 τυχεῖν,
1277 2081 1374 2134 καὶ
1403 2080 1550 2152 ζωῆς
1575 2081 1818 2136 αἰωνίου.

1053 2255 1231 2308 Δόξα.

1053 2255 1130 2308 Δό
1171 2271 1231 2308 α.

435 2347 522 2411 Σὲ,
553 2346 744 2416 Τριάς,
782 2345 1101 2415 δοξάζομεν,
1124 2255 1216 2398 ξὺν
1235 2345 1328 2398 ἕνα
1351 2345 1504 2398 Θεόν·
1524 2346 1732 2413 Ἄγιος,
1749 2347 1923 2416 ἅγιος,

361 2438 511 2504 ἅγιος
553 2437 624 2500 εί,
679 2439 706 2490 ὁ
741 2439 950 2504 Πατὴρ,
995 2439 1024 2490 ὁ
1061 2438 1210 2499 Υἱὸς,
1259 2439 1353 2490 καὶ
1391 2437 1452 2490 τὸ
1484 2439 1706 2508 Πνεῦμα
1729 2455 1742 2468 ·
1779 2439 1928 2507 ἁπλῆ

363 2533 516 2584 οὐσία
540 2547 554 2562 ’
598 2531 766 2602 μονὰς
794 2533 878 2584 ἀεὶ
915 2531 1391 2602 προσκυνουμένη.

862 2709 970 2762 Kal
1007 2708 1146 2763 νῦν.
1180 2710 1418 2766 Θεοτόκ.

443 2800 536 2852 Ἐκ
601 2797 695 2851 σοῦ
747 2800 1066 2868 ὴμφιάσατο
1118 2801 1178 2852 τὸ
1241 2800 1470 2870 φύραμά
1521 2817 1640 2870 μου,
1690 2799 1925 2870 ἄφθορε,

360 2891 610 2960 ἇνανδρε,
647 2891 1078 2961 μητροπαρθένε,
1113 2889 1242 2952 Θεὸς
1265 2891 1292 2942 ὁ
1323 2891 1509 2954 κτίσας
1541 2892 1664 2952 τοὺς
1691 2889 1890 2956 αἰῶνας
1911 2907 1925 2922 ο

287 3052 290 3054 γ
361 2985 456 3036 καὶ
489 2983 698 3053 ἥνωσεν
728 2984 907 3052 ἐαυτῷ
936 2983 1034 3054 τὴν
1063 2982 1170 3035 τῶν
1197 2983 1291 3036 ἀνθ
1302 2983 1500 3054 ρώπων
1523 2982 1706 3051 φύσιν.

827 3098 960 3170 ᾩδὴ
997 3105 1069 3162 ς’.
1137 3098 1198 3150 '0
1235 3099 1472 3166 Εἰρμός.

443 3193 672 3262 Ἐϐὁησα
702 3193 758 3243 ἐν
791 3191 886 3261 ὅλῃ
913 3191 1110 3261 καρδία
1146 3209 1249 3259 μου
1302 3191 1440 3261 πρὸς
1477 3190 1568 3244 τὸν
1606 3187 1928 3261 οἰκτίρμονα

355 3283 510 3346 Θεὸν,
543 3283 636 3335 καὶ
683 3282 972 3350 εἰσήκουσέ
1024 3299 1124 3350 μου
1175 3280 1235 3344 ἐξ
1279 3279 1404 3350 ᾅδου
1439 3281 1787 3335 κατωτάτου·
1835 3281 1929 3333 καὶ

361 3377 634 3443 ἀνήγαγεν
664 3378 728 3428 ὲκ
763 3374 970 3443 φθορᾶς
998 3373 1094 3444 τὴν
1123 3374 1301 3443 ψυχήν
1332 3391 1454 3442 μου.

431 3470 510 3522 Τά
540 3467 1008 3540 δάκρυα,’Σῶτερ,
1041 3465 1152 3519 τῶν
1179 3463 1476 3534 ὀφθαλμῶν
1510 3481 1634 3534 μου,
1673 3463 1767 3517 καὶ
1805 3465 1929 3528 τοὺς

361 3559 426 3612 ἐκ
453 3559 648 3628 βάθους
681 3556 1042 3626 στεναγμοὺς,
1083 3555 1342 3626 καθαρῶς
1372 3555 1684 3624 προσφέρω,
1717 3553 1930 3625 βοώσης

359 3653 455 3718 τῆς
483 3649 712 3718 καρδίας
733 3665 746 3677 ·
781 3644 850 3698 Ὦ
891 3647 1042 3708 Θεὸς,
1073 3645 1374 3717 ἡμάρτηκά
1405 3663 1508 3708 σοι,
1541 3645 1788 3716 ἱλάσθητί
1817 3662 1925 3714 μοι.

441 3737 776 3801 Ἐξένευσας,
809 3736 977 3807 ψυχὴ,
1011 3736 1104 3788 τοῦ
1139 3737 1346 3806 Κυρίου
1381 3753 1495 3800 σου,
1535 3735 1726 3806 ὥσπερ
1751 3735 1928 3788 Δαθάν

359 3829 454 3882 καὶ
509 3829 802 3898 Ἀϐειρώψ
872 3827 1007 3882 ἀλλὰ
1057 3831 1240 3895 φεῖσαι
1299 3827 1500 3897 κράξον
1546 3827 1608 3891 ἐξ
1653 3827 1778 3896 ὅλης
1828 3827 1930 3897 τῆς

359 3920 604 3990 καρδίας,
641 3919 728 3973 ἵνα
768 3919 840 3991 μὴ
871 3919 932 3972 τὸ
970 3919 1158 3989 χάσμα
1195 3919 1292 3988 τῆς
1325 3920 1428 3989 γῆς
1463 3935 1522 3971 σε
1581 3917 1925 3989 τευ-(καλύψῃ-

441 4009 526 4070 Ὠς
571 4007 1028 4077 δάμαλις,’ψυχὴ,
1071 4009 1545 4078 παροιστρήσασα,
1582 4007 1930 4078 ὲξωμοιώθης

361 4098 442 4168 τῷ
483 4099 756 4168 Ἐφραῒμο
791 4099 868 4161 ὡς
913 4098 1114 4168 δορκὰς
1159 4101 1222 4150 ὲκ
1259 4099 1488 4169 βρόχων,
1527 4099 1806 4152 ἁνάσωσον
1841 4100 1930 4152 τὸν

361 4191 495 4260 βίον,
531 4191 874 4260 πετρωθεῖσα
907 4189 1104 4260 πράξει
1135 4191 1226 4243 τὸν
1259 4190 1406 4256 νοῦν,
1438 4197 1531 4244 καὶ
1561 4191 1784 4262 θεωρίᾳ.

443 4364 506 4415 Ἦ
544 4364 666 4434 χεὶρ
717 4365 864 4436 ἡμᾶς
915 4364 1158 4426 Μωσέως
1206 4365 1566 4435 πιστώσηται,
1611 4365 1778 4435 ψυχὴ,
1811 4365 1929 4427 πῶς

1953 3101 2000 3159 C

2029 537 2166 592 mihi
2199 535 2268 589 ab
2294 535 2630 588 intemeratis
2661 533 2770 586 tuis
2799 531 2954 586 venis
2981 531 3218 594 eﬂ'unde,
3245 537 3304 584 ut
3335 531 3600 598 quemad-

2030 628 2252 682 modum
2283 625 2482 680 mulier
2513 623 2880 684 Samaritana,
2927 637 3034 676 non
3083 609 3319 690 amplius
3361 618 3598 676 bibendo

2029 719 2212 774 sitiam
2239 733 2256 770 :
2285 717 2490 787 quippe
2521 715 2756 770 scatur-is
2783 714 2986 766 ﬂuenta
3026 711 3172 766 vitaz.

2101 807 2224 862 Sint
2275 808 2408 861 mibi
2447 805 2662 869 Siloes,
2701 819 2836 858 mea:
2897 803 3167 874 larrymae,
3221 817 3256 864 o
3307 803 3434 858 luere
3493 803 3600 858 Do-

2029 901 2201 962 mine;
2251 905 2312 952 ut
2361 904 2415 952 et
2472 898 2588 966 ipse
2639 897 2815 948 lavem
2863 895 3102 964 pupillas
3167 894 3382 959 animm,
3435 903 3604 965 teque

2029 989 2212 1044 lumen
2257 997 2636 1058 praeteritum
2670 987 2880 1040 videam
2916 988 3150 1056 spiritali
3191 991 3425 1042 ratione.

2613 1075 2680 1130 In
2715 1074 2990 1131 Sanctam.

2095 1169 2258 1234 Cum,
2301 1169 2642 1232 beatissima,
2699 1165 3116 1236 incomparabili
3155 1166 3351 1222 ardore
3382 1167 3600 1222 deside-

2027 1275 2212 1314 rasses
2246 1259 2476 1314 adorare
2507 1260 2714 1327 lignum
2747 1259 2892 1324 vitae,
2925 1259 3066 1312 facta
3099 1273 3158 1312 es
3191 1259 3300 1311 νοιί
3335 1273 3594 1328 compos:

2029 1351 2114 1404 fac
2135 1365 2265 1422 ergo
2301 1357 2360 1404 ut
2381 1357 2436 1406 et
2465 1352 2582 1421 ipse
2615 1365 2845 1420 compos
2877 1351 3118 1404 cmlestis
3152 1349 3338 1420 gloria:
3387 1365 3602 1404 merear

2027 1442 2189 1496 Cilici.

2105 1532 2204 1587 libi
2237 1531 2504 1586 Jordanis
2554 1531 2754 1586 ﬂumen
2807 1532 3144 1598 transisses,
3203 1531 3457 1587 invenisti
3511 1546 3601 1586 re-

2027 1625 2246 1692 quiem,
2299 1625 2526 1678 molesta
2591 1624 2778 1678 carnis
2832 1625 3114 1692 voluptate
3181 1625 3436 1688 liberata;
3491 1637 3598 1692 qua

2027 1721 2080 1768 et
2120 1730 2242 1779 nos,
2273 1715 2382 1769 tuis
2415 1714 2691 1784 precibus,
2725 1729 2760 1768 o
2793 1722 3001 1778 sancta,
3039 1715 3238 1770 liberos
3270 1715 3439 1770 edice.

2622 1805 2689 1859 In
2717 1807 3008 1860 Andream.

2099 1895 2254 1958 Tuis.
2309 1895 2535 1965 sapiens
2584 1895 2824 1962 Andrea,
2875 1897 3397 1961 intercessionibus,
3451 1896 3597 1950 velut

2029 1989 2120 2055 qui
2155 1996 2434 2056 pastorum
2471 1987 2730 2056 Optimus,
2759 1988 2995 2042 eximius
3031 1987 3131 2052 sis,
3167 1987 3338 2042 multo
3369 2000 3478 2042 tum
3501 1988 3599 2042 de-

2029 2081 2251 2146 siderio,
2295 2089 2410 2134 tum
2449 2089 2617 2146 metu,
2673 2080 2906 2136 salutem
2937 2081 3202 2150 consequi
3242 2095 3308 2134 ac
3337 2089 3595 2136 mteruam

2029 2173 2194 2226 vitam
2235 2186 2384 2242 rogo.

2703 2261 2910 2317 Gwﬂm

2099 2353 2174 2407 Te
2208 2352 2556 2416 Trinitatem,
2595 2353 2760 2408 Deum
2815 2369 2984 2408 unum
3009 2354 3419 2424 gloriﬁcamus:
3459 2353 3600 2408 San-

2028 2456 2170 2510 etus,
2207 2453 2456 2509 sanctus,
2485 2453 2708 2500 sanctus
2735 2460 2818 2508 es,
2855 2445 3037 2510 Pater,
3071 2455 3126 2501 et
3163 2445 3361 2510 Filius,
3391 2460 3446 2500 et
3473 2447 3598 2516 Spi—

2031 2536 2170 2589 ritus
2204 2546 2429 2593 sanctus
2461 2553 2476 2592 :
2510 2537 2824 2593 substantia
2853 2537 3116 2608 simplex,
3131 2539 3356 2594 adorata
3380 2553 3598 2610 semper

2031 2627 2234 2682 unitas.

2487 2717 2555 2772 Et
2582 2733 2740 2772 nunc.
2773 2717 2854 2770 Ad
2885 2717 3104 2788 Πείραι’.

2101 2811 2260 2866 Exte
2315 2809 2492 2864 induit
2539 2818 2782 2864 nostram
2826 2811 3299 2879 conspersionem,
3335 2825 3368 2863 ο
3419 2810 3600 2866 incor-

2031 2913 2218 2972 rupta,
2269 2903 2452 2955 nescia
2479 2901 2606 2964 viri,
2637 2901 2804 2970 Virgo
2837 2900 3026 2965 Mater,
3071 2903 3166 2971 qui
3211 2901 3353 2958 Deus
3397 2901 3594 2958 saecula

2031 2991 2296 3056 condidit,
2332 3003 2498 3061 atque
2545 2991 2838 3046 humanam
2865 2993 2972 3048 sibi
3009 3005 3258 3048 naturam
3299 2995 3493 3048 univit.

2572 3105 2682 3160 Ode
2715 3105 2767 3159 6.
2808 3105 3050 3161 Hirrum.

2102 3195 2346 3249 Clamavi
2401 3211 2464 3249 ex
2523 3204 2637 3248 toto
2692 3195 2858 3249 corde
2907 3213 3028 3250 meo
3074 3195 3138 3248 ad
3185 3196 3598 3251 misericordem

2033 3286 2224 3354 Deum,
2271 3293 2326 3340 et
2376 3285 2657 3340 exaudivit
2689 3301 2772 3340 me
2801 3286 2868 3340 de
2903 3288 3012 3340 imo
3041 3286 3294 3354 inferno;
3329 3297 3382 3342 et
3413 3288 3600 3342 eduxit

2029 3376 2096 3430 ab
2134 3373 2358 3428 interitu
2391 3373 2555 3426 vitam
2591 3387 2766 3426 meam
2799 3381 2844 3426 τ.

2099 3464 2420 3536 Lacrymas,
2477 3480 2514 3519 o
2569 3463 2843 3527 Salvator,
2901 3464 3190 3518 oculorum
3243 3480 3510 3529 meorum,
3547 3479 3604 3522 et

2031 3558 2212 3611 cordis
2257 3557 2552 3611 clamantis
2606 3555 2878 3626 profunda
2925 3555 3168 3624 suspiria
3203 3556 3373 3621 palam
3409 3557 3598 3612 oll'ero.

2029 3647 2074 3702 Ο
2111 3648 2271 3711 Deus,
2305 3648 2403 3701 tibi
2437 3649 2690 3717 peccavi;
2713 3647 2984 3702 eslomibi
3024 3649 3320 3716 propitius.

2103 3737 2374 3790 Extranea
2405 3735 2548 3790 laeta
2571 3751 2652 3801 es,
2685 3749 2718 3790 ο
2739 3743 2946 3798 anima,
2979 3751 3010 3788 a
3049 3733 3278 3790 Domino
3314 3745 3407 3788 tuo
3455 3735 3602 3790 velut

2031 3827 2242 3882 Dathan
2283 3835 2338 3884 et
2385 3827 2596 3882 Abiron
2635 3829 2694 3892 ';
2731 3827 2908 3881 clatna
2949 3841 3079 3880 vero
3123 3843 3190 3882 ex
3235 3839 3346 3882 toto
3393 3828 3600 3884 corde:

2031 3919 2237 3984 l'arce;
2269 3927 2328 3972 ut
2357 3933 2424 3972 ne
2455 3929 2506 3974 te
2536 3927 2701 3972 terra:
2727 3919 2914 3973 hiatus
2953 3919 3251 3988 operuerit.

2101 4009 2406 4072 Insaniens,
2431 4023 2464 4061 ο
2485 4007 2691 4072 anima,
2743 4016 3001 4078 tanquam
3031 4008 3220 4070 vitula,
3259 4007 3400 4064 facta
3439 4024 3498 4063 cs
3529 4011 3603 4064 si-

2030 4100 2176 4154 milis
2201 4098 2457 4166 Ephraim
2493 4098 2513 4134 τ
2541 4115 2556 4163 ;
2603 4097 2754 4152 salva
2785 4113 2812 4149 a
2839 4097 3054 4166 laqueis
3081 4098 3256 4152 instar
3303 4113 3519 4168 caprea:
3547 4111 3598 4162 ιι,

2031 4191 2238 4254 vitam;
2291 4197 2528 4242 mentem
2581 4187 2636 4242 in
2685 4195 2895 4257 petram
2951 4187 3252 4252 durata,et
3304 4189 3520 4243 actione
3549 4199 3602 4242 et

2031 4275 2512 4344 contemplatione.

2101 4365 2292 4430 Nobis,
2330 4380 2363 4420 ο
2409 4367 2614 4428 anima,
2663 4363 2828 4418 Mosis
2857 4379 3050 4418 manus
3085 4365 3244 4417 [idem
3291 4375 3492 4420 certam
3528 4367 3604 4420 fe-

357 4455 578 4509 δύναται
604 4457 758 4520 Θεὸς,
789 4457 1138 4526 λεπρωθέντα
1178 4457 1291 4526 βίον
1351 4457 1608 4510 λευκᾶναι
1642 4460 1731 4510 καὶ
1759 4457 1928 4512 καθᾶ-

2043 4457 2168 4510 serit
2201 4465 2248 4519 ν,
2295 4467 2352 4509 ιιι
2384 4457 2558 4524 possit
2593 4455 2737 4510 Deus
2789 4455 3062 4524 leprosum
3123 4456 3285 4509 vitam
3343 4458 3604 4512 dealbare

359 4563 488 4614 ραι·
525 4547 619 4599 καὶ
651 4548 726 4616 μὴ
769 4547 1024 4616 ἀπογνῷς
1061 4548 1318 4616 σεαυτὴν,
1353 4547 1457 4600 κᾶν
1517 4547 1824 4617 λεπρὼθῇς.

429 4730 510 4784 Τὰ
547 4733 788 4802 κύματα,
823 4731 1031 4804 Σῶτερ,
1057 4733 1166 4784 τῶν
1207 4732 1567 4799 πταισμάτων
1600 4748 1723 4801 μου.
1765 4732 1841 4795 ὡς
1871 4735 1929 4785 ὲν

361 4819 604 4894 θαλάσσῃ
667 4821 936 4891 Ἐρυθρᾷ,
1007 4822 1496 4888 ὲπαναστραιρέντα
1559 4822 1797 4890 ἐκάλυψε
1857 4841 1926 4892 με

359 4911 530 4977 ἄφνω,
565 4911 638 4973 ὡς
682 4911 808 4974 τοὺς
837 4911 1173 4979 Αἰγυπτίους
1219 4911 1348 4964 ποτε
1399 4911 1492 4964 καὶ
1527 4912 1654 4973 τοὺς
1699 4911 1924 4978 τριστά-

359 5017 476 5063 τας.

953 5163 978 5202 ει
1011 5151 1168 5206 Joan.
1203 5169 1277 5214 Ix,
1321 5156 1374 5207 '7.

885 5237 910 5262 ι
951 5222 1120 5278 Exod.
1156 5240 1268 5288 xn',
1297 5223 1406 5290 26;
1455 5240 1544 5287 xv,
1595 5227 1650 5278 4.

428 5163 457 5202 ιι
489 5153 650 5206 Joan.
685 5169 760 5214 tv,
797 5155 875 5208 Η.

359 5229 386 5258 ’⁸
416 5221 584 5276 Exod.
617 5237 690 5283 tv.
723 5224 778 5277 6.

1453 5163 1472 5191 τ
1497 5153 1671 5208 Jonze.
1709 5171 1764 5218 ιι,
1801 5156 1856 5222 '5,
1886 5156 1940 5208 7.

2031 4562 2096 4601 ac
2127 4547 2394 4601 mundare
2425 4565 2438 4600 :
2473 4561 2654 4616 neque
2698 4548 2835 4616 ipsa,
2869 4547 3119 4613 quamvis
3166 4547 3400 4615 leprosa,
3449 4563 3599 4616 spem

2029 4637 2108 4690 tui
2146 4637 2438 4706 alijcceris.

2099 4727 2432 4782 Delictcrum
2472 4741 2716 4781 meorum
2769 4725 2998 4794 ﬂuctus,
3043 4743 3076 4782 ο
3103 4727 3404 4806 'Salvator,
3449 4729 3601 4783 velut

2031 4820 2082 4872 in
2137 4819 2272 4872 mari
2323 4819 2508 4872 Rubro
2559 4818 2744 4873 subito
2803 4819 3034 4884 reversi,
3088 4834 3174 4874 me
3237 4828 3596 4889 operuerunt,

2031 4911 2177 4965 sicut
2249 4910 2542 4980 Egyptios
2607 4911 2742 4964 olim
2819 4922 2874 4966 et
2947 4911 3230 4982 principes
3299 4909 3600 4984 [Pharao-

2033 5005 2120 5058 nis
2145 4999 2212 5072 ι]
2241 5003 2372 5072 (59).

2017 5161 2038 5188 ⁸
2069 5157 2230 5213 Num.
2265 5176 2372 5216 xvi.
2405 5160 2498 5216 5i.
2581 5163 2600 5198 ⁸
2637 5157 2777 5215 Osee
2812 5157 2974 5224 x,H.
3043 5173 3070 5200 υ
3107 5161 3274 5217 Eccli.
3303 5177 3470 5228 xxv",
3494 5160 3592 5216 22.

1634 5377 2022 5435 COMBEFISH
2059 5377 2293 5433 NOTAE.

429 5489 539 5556 (39)
597 5491 660 5544 Et
725 5495 1012 5561 principes.
1063 5496 1170 5547 Kal
1209 5498 1334 5558 τοὺς
1402 5496 1714 5561 τριστὰτας.
1761 5495 1925 5550 Forte

359 5551 508 5613 deost
528 5551 750 5630 tbapadr'.
785 5551 1022 5616 llahetur
1054 5579 1116 5616 ea
1150 5580 1248 5618 vox
1275 5551 1450 5618 E'xod:
1472 5583 1560 5628 xv,
1590 5567 1644 5628 4,
1668 5551 1926 5636 Expressa
1973 5567 1977 5570 ’

354 5663 420 5724 ιιι
454 5647 908 5724 ΙΙιοίιιξιξο-ιιιιῙ--ίιςι
934 5671 946 5705 :
973 5651 1036 5703 Ει
1056 5651 1236 5724 electio
1256 5640 1456 5714 inpiant
1479 5658 1770 5724 principum
1795 5657 1929 5722 ejus,

357 5719 474 5772 sive
507 5729 564 5774 ut
603 5721 755 5790 Vulg.
791 5719 956 5776 Electi
989 5723 1248 5791 principes
1276 5725 1431 5782 eius:
1465 5719 1616 5797 tiliasi
1647 5719 1910 5796 praecipui

2025 5505 2080 5550 et
2123 5495 2364 5564 primarii
2409 5495 2547 5549 inter
2581 5494 2875 5562 primarios
2924 5497 3038 5550 sive
3081 5495 3250 5551 duces
3281 5497 3396 5552 sive
3431 5497 3597 5552 satel-

2031 5567 2152 5619 lites
2202 5573 2256 5618 et
2302 5567 2526 5628 milites,
2579 5567 2772 5634 quales
2827 5576 2881 5618 et
2925 5565 3106 5620 Latini
3162 5583 3296 5622 suos
3351 5567 3600 5622 Τι·ι;ιι·ἱιιει

2035 5637 2236 5688 habent
2269 5653 2282 5687 :
2315 5637 2519 5706 deiqua
2553 5651 2686 5688 voce
2719 5635 2906 5688 multis
2957 5647 3145 5691 noster
3184 5637 3364 5704 Sant.,
3397 5637 3597 5706 Nobil.,

2022 5705 2140 5774 ipse
2177 5707 2344 5761 etiam
2373 5704 2740 5774 Hieronymus
2767 5723 2816 5760 c.
2849 5722 2980 5760 nm
3009 5707 3230 5772 Ezecli.,
3262 5721 3369 5764 ctc.
