4004 6150
504 305 644 375 1359
1675 301 1737 360 S.
1781 300 2114 361 ANDREE
2157 300 2577 361 CRETENSIS
3583 306 3688 375 1360

570 416 774 482 Fu.sti,
815 429 849 469 o
894 415 1101 478 anima,
1150 409 1429 481 improber
1469 408 1657 465 animo
1706 412 2079 481 scelestoque.
2111 424 2151 480 Α

2111 424 2154 480 Α
2268 404 2608 486 ’Λγνώμονα,
2638 413 2806 484 ψυχὴ.
2841 412 2940 483 τὴν
2971 412 3284 484 προαίρεσιν
3310 413 3473 485 ἔσχες,
3496 416 3562 480 ὡς
3590 423 3685 489 πρὶν

503 511 652 566 velut
687 509 816 563 olim
849 504 1015 562 lsrael
1037 514 1065 554 ι·
1099 522 1113 558 :
1147 500 1605 558 irrationabiliter
1634 502 1782 555 enim
1837 502 2084 572 volupta-

2188 506 2217 558 ὁ
2253 506 2507 577 Ἰσρςιιήλ⁹
2540 505 2636 560 τοῦ
2665 506 2775 577 γὰρ
2807 506 2953 559 θείου
2987 506 3161 576 μάννα
3198 509 3505 580 προέκρινας
3525 513 3687 583 ἀλόγως

502 604 639 658 riam
671 601 928 656 vitiorum
960 596 1321 652 voracitatem
1380 592 1573 649 divino
1600 594 1683 648 illi
1714 610 1915 649 manna
1947 610 2083 665 pra:-

1750 610 1915 649 tanna
1947 610 2088 665 prte-
2188 597 2285 667 τὴν
2318 598 2601 668 φιλήδονον
2633 596 2744 651 τῶν
2784 598 2979 652 παθῶν
3012 599 3331 669 ἀδηφαγίαν.

503 691 701 747 tulisti.
1976 702 1983 711 ‘

569 785 778 839 Carnes
827 779 1043 844 suillas,
1079 787 1135 835 et
1182 779 1413 841 lebetes,
1455 792 1521 833 ac
1564 776 1721 834 cibos
1771 776 1998 848 Egypti
2040 786 2086 841 τ,

2263 778 2345 832 Τὰ
2381 778 2503 832 ὕεια
2540 778 2702 849 κρέα,
2751 779 2997 844 καὶτοὺς
3038 780 3286 852 λέϐητας,
3317 785 3404 837 καὶ
3453 785 3539 856 τὴν
3565 788 3690 855 Αἰγύ-

502 876 714 932 cmlesti
756 887 900 928 escae
957 872 1338 943 praeposuisti,
1392 885 1427 925 ο
1470 870 1676 935 anima,
1731 868 2083 939 quemadmo-

2157 886 2349 928 ,πτιον
2394 871 2625 942 τροφὴν,
2678 872 2778 941 τῆς
2829 874 3153 943 ἐπουρανίου
3211 877 3536 949 προέκρινας,
3581 880 3690 953 ψυχή

502 970 629 1023 dum
660 967 955 1037 improbus
986 966 1120 1019 olim
1153 964 1388 1034 populus
1418 963 1510 1018 ille
1546 962 1602 1016 in
1639 962 1883 1017 deserto.

2194 978 2319 1032 μου,
2356 961 2431 1025 ὡς
2462 965 2490 1015 ὁ
2516 964 2648 1037 πρὶν
2688 962 2963 1034 ἀγνώμων
2997 964 3125 1029 λαὸς
3158 967 3215 1018 ὲν
3248 970 3311 1038 τῇ
3339 969 3530 1040 ἐρήμῳ.

569 1056 962 1121 Praebabuisti,
1011 1062 1044 1110 ο
1118 1055 1332 1139 anima,
1388 1054 1645 1108 inventos
1678 1052 1725 1105 'a
1776 1048 2090 1105 Philistinis

2261 1052 2343 1106 Τὰ
2385 1053 2620 1123 φρέατα,
2673 1054 2844 1126 ψυχὴ,
2895 1058 3268 1127 προετίμησας
3293 1058 3394 1112 τῶν
3433 1060 3694 1114 Χαναναίων

500 1160 716 1220 puteos,
747 1163 902 1203 venae
948 1146 1029 1201 illi
1063 1152 1255 1216 petrae,
1309 1158 1376 1198 ex
1427 1157 1537 1213 qua
1585 1140 1874 1211 theologia:
1911 1139 2081 1194 fotttes

2190 1143 2562 1215 évvouiwL‘rﬁq
2590 1145 2787 1215 φλεϐὸς
2819 1146 2918 1217 τῆς
2952 1148 3184 1220 πέτρας,
3214 1150 3271 1217 ἐξ
3300 1146 3364 1221 ἦς
3391 1153 3418 1203 ὁ
3440 1152 3528 1222 τῆς
3550 1154 3695 1221 σοφίας

501 1242 788 1314 profundit
816 1239 1107 1310 sapientia:
1140 1236 1345 1291 ﬂumen
1376 1246 1425 1289 ι.

2190 1236 2443 1305 ποταμὸς
2468 1237 2695 1308 προχέει
2728 1241 2992 1308 κρουνοὺς
3016 1238 3314 1308 θεολογίας.

575 1334 897 1390 Percutiens
936 1330 1118 1386 Moses
1166 1328 1407 1383 famulus
1453 1335 1582 1381 tuus
1610 1322 1824 1393 virga“
1859 1321 2091 1393 ﬁgurate

2276 1330 2363 1393 Ὠς
2409 1330 2611 1401 ἔπληξε
2664 1332 2869 1402 Μωσῆς
2916 1333 2945 1384 ὀ
2991 1333 3250 1405 Θεράπων
3284 1350 3374 1386 σου
3426 1333 3585 1403 ῥάϐδῳ
3624 1333 3694 1402 τὴν

505 1440 740 1499 petram,
794 1424 1075 1479 viviﬁcum
1119 1422 1264 1475 latus
1328 1428 1483 1473 tuum
1544 1415 1959 1488 pretigurabat,
2018 1429 2086 1470 ex

2192 1421 2421 1494 πέτραν,
2459 1423 2709 1487 τυπικῶς
2754 1423 2855 1495 τὴν
2904 1424 3170 1489 ζωοποιόν
3210 1442 3301 1479 σου
3350 1425 3564 1495 πλευρὰν
3597 1441 3696 1496 προ·

502 1535 612 1587 quo
646 1534 860 1586 omnes,
901 1532 933 1573 ο
966 1516 1244 1582 Salvator,
1279 1511 1564 1567 haurimus
1594 1521 1784 1580 potum
1824 1508 1970 1563 vitae.

2190 1512 2444 1568 διετύπου
2465 1532 2479 1547 ο
2514 1514 2574 1579 ἐξ
2597 1512 2666 1588 ἧς
2701 1516 2902 1579 πάντες
2926 1517 3080 1586 πόμα
3107 1517 3275 1587 ζωῆς,
3307 1516 3498 1588 Σῶτερ,
3522 1516 3696 1571 ἀντλοῦ-

2196 1623 2317 1678 μεν.

577 1701 867 1763 Scrutare,
909 1697 1092 1752 anima
1129 1715 1143 1752 :
1180 1693 1407 1765 explora
1463 1691 1644 1746 instar
1696 1686 1827 1743 Iesu
1867 1684 2016 1741 Nave
2038 1686 2089 1750 ιι,

2278 1696 2626 1769 Ἐρεύνησον,
2666 1696 2849 1768 ψυχή’
2886 1698 3327 1770 κατασιώπησον,
3369 1698 3440 1762 ὡς
3473 1697 3643 1769 Ἰησοῦς
3679 1700 3700 1751 ὸ

466 1798 711 1850 'terram
757 1788 1136 1852 litereditatis,
1178 1787 1489 1857 qualisnam
1538 1785 1655 1837 sit:
1700 1789 1867 1850 atquc
1914 1780 1970 1833 in
2005 1795 2047 1834 e:

2123 1789 2166 1843 Β
2194 1788 2291 1843 τοῦ
2323 1790 2503 1860 Ναυῆ,
2556 1791 2655 1861 τῆς
2689 1789 3051 1859 κληροδοσίας
3103 1790 3205 1862 τὴν
3242 1792 3367 1861 γῆν,
3407 1792 3549 1843 ὁποία
3595 1792 3698 1851 ἐστὶ,

505 1892 655 1940 recte
693 1883 800 1952 legi
823 1882 1240 1948 obtemperans,
1274 1892 1337 1931 ac
1370 1876 1616 1947 legitime
1644 1871 1961 1929 constitutis
2004 1872 2086 1928 vi-

1729 1871 1961 1928 ῡϐιὶιυιίε
2004 1872 2090 1928 Ὑί·
2192 1883 2287 1938 καὶ
2314 1883 2646 1954 κατοίκησον
2675 1885 2736 1936 ὲν
2763 1884 2901 1954 αὐτῇ
2931 1883 3006 1937 δι’
3031 1884 3310 1955 εὐνομίας.

506 1991 574 2033 tze
611 1975 940 2039 rationibus,
977 1973 1189 2026 habita.

578 2066 775 2137 Surge,
801 2073 854 2118 et
884 2065 1027 2119 sicut
1051 2060 1238 2129 Jesus,
1271 2074 1523 2131 expugna
1556 2058 1785 2115 Amalec
1807 2070 1865 2126 ες
1900 2071 2095 2126 nempe

2279 2040 2598 2133 Ἀνάστηθι,
2635 2060 2731 2114 καὶ
2783 2059 3267 2132 καταπολέμησον,
3300 2061 3372 2124 ὡς
3420 2059 3702 2130 Ἰησοῦς.τδν

506 2161 640 2215 vitia
697 2157 938 2213 carnis:
998 2170 1062 2209 ac
1114 2168 1335 2223 semper
1393 2148 2087 2216 Gabaortitasd,fallaces,

2207 2149 2481 2223 ’Δμαλήκ·
2518 2152 2621 2221 τῆς
2662 2152 2865 2223 σαρκὸς
2893 2152 2961 2204 τὰ
2983 2152 3159 2221 πάθησ
3207 2153 3302 2205 καὶ
3335 2152 3452 2216 τοὺς
3481 2150 3702 2205 Γαϐαωνί-

507 2254 753 2321 inquam,
794 2245 1160 2316 cogitationes
1194 2245 1373 2297 vince.

2193 2260 2295 2307 τας
2323 2286 2338 2311 ,
2371 2231 2501 2308 τοὺς
2532 2245 2851 2315 ἀπατηλοὺς
2885 2244 3208 2315 λογισμοὺς,
3240 2246 3325 2298 ἀεὶ
3354 2245 3557 2298 νικῶσα.

573 2340 774 2395 Transi
801 2337 1001 2391 ﬂttxam
1047 2335 1311 2405 temporis
1345 2344 1624 2397 naturam,
1653 2345 1762 2402 qua
1802 2331 1930 2386 olim
1965 2344 2093 2384 area

2264 2335 2493 2405 Διάϐηθι
2530 2334 2626 2388 τοῦ
2672 2337 2864 2405 χρόνου
2896 2335 2997 2404 τὴν
3045 2337 3283 2406 ῥέουσαν
3318 2336 3487 2405 φύσιν,
3519 2336 3583 2397 ὡς
3608 2334 3703 2404 πρὶν

505 2430 752 2495 ratione;
795 2436 850 2483 et
905 2424 1151 2497 posside,
1197 2438 1230 2478 0
1262 2422 1473 2486 anima,
1528 2433 1732 2477 terram
1769 2421 1919 2475 illam
1969 2434 2086 2490 pro-

2195 2427 2230 2495 ἡ
2274 2426 2538 2488 κιϐωτός·
2576 2428 2670 2479 καὶ
2724 2428 2823 2497 τῆς
2866 2427 2970 2498 γῆς
3021 2427 3244 2498 ἐκείνης
3296 2425 3446 2495 γενοῦ
3492 2430 3542 2480 ἐν
3580 2442 3705 2479 κατα-

505 2524 734 2579 missam
768 2532 792 2561 ο
826 2539 840 2579 ;
873 2520 1078 2591 quippe
1116 2515 1443 2584 Deusjubet
1470 2525 1525 2569 ut
1551 2514 1938 2585 proﬁciscare.

2198 2518 2405 2587 σχέσει,
2436 2518 2537 2588 τῆς
2571 2518 2927 2587 ἐπαγγελίας,
2962 2518 3109 2589 ψυχή
3138 2535 3155 2550 ο
3192 2519 3323 2582 Θεὸς
3350 2518 3557 2572 κελεύει.

576 2613 1051 2682 Quemadmodum
1109 2607 1332 2663 Petrum
1387 2608 1719 2662 clamantem
1787 2602 2015 2659 salvasti
2047 2601 2093 2670 τ,

2281 2607 2366 2670 Ὠς
2400 2607 2613 2672 ἔσωσας
2645 2609 2736 2661 τὸν
2769 2609 2973 2678 Πέτρον
2997 2609 3296 2680 βοήσαντα,
3323 2609 3484 2662 σῶσον
3512 2607 3702 2681 προς.θά-

507 2710 720 2764 salvum
754 2721 841 2761 me
881 2704 968 2759 fac
1004 2703 1140 2764 cito,
1195 2714 1229 2753 o
1266 2697 1562 2754 Salvator:
1598 2713 1683 2753 me
1708 2697 1881 2752 libera
1914 2712 1943 2749 a
1995 2711 2088 2750 sa:-

2198 2718 2298 2765 σας
2332 2718 2421 2772 με,
2456 2702 2661 2773 Σῶτερ,
2695 2701 2789 2755 τοῦ
2831 2702 3000 2774 θηρός
3043 2720 3109 2773 με
3151 2701 3366 2774 ῥεῦσαι,
3395 2703 3610 2766 ἐκτείνας
3636 2717 3703 2753 σου

510 2814 573 2851 va
602 2796 844 2868 procella
871 2792 1005 2864 (40),
1033 2788 1335 2845 extendens
1372 2803 1597 2843 manum
1620 2797 1872 2851 tuam,ae
1902 2786 2038 2841 educ
2064 2800 2091 2837 a

2195 2793 2295 2863 τὴν
2342 2796 2543 2866 χεῖρα,
2598 2795 2692 2847 καὶ
2758 2795 3002 2863 ἀνάγαγε
3056 2794 3153 2848 τοῦ
3217 2793 3377 2864 βυθοῦ
3429 2794 3519 2864 τῆς
3568 2794 3706 2863 ἁμαρ·

507 2889 724 2961 peccati
761 2884 1059 2957 profundo.

761 2884 1059 2957 profundo.
2196 2885 2334 2949 τίας.

582 2980 805 3035 Ροιῑιιιιι
837 2987 889 3033 te
927 2993 1170 3047 agnosco
1208 2989 1499 3040 securum,
1551 2971 1774 3026 Christe
1819 2968 2089 3024 Domine:

2269 2979 2484 3049 Λιμένα
2521 2996 2581 3032 σε
2618 2977 2882 3051 γινώσκω
2928 2979 3223 3049 γαλήνιον,
3247 2982 3482 3037 Δέσποτα
3522 2977 3705 3050 Χρισιέ·

511 3073 607 3129 sed
643 3088 729 3127 me
763 3073 1020 3143 protinus
1064 3072 1134 3127 ab
1185 3066 1521 3127 irremeabili
1551 3066 1760 3136 peccati
1795 3072 1849 3120 et
1896 3062 2092 3134 despe-

2201 3070 2315 3124 ἀλλ’
2348 3074 2412 3125 ἐκ
2462 3072 2572 3125 τῶν
2624 3073 2835 3129 ἀδύτων
2866 3073 3045 3144 βυθῶν
3095 3078 3205 3146 τῆς
3245 3076 3508 3149 ἁμαρτίας
3533 3070 3711 3139 καὶτῆς

513 3168 748 3223 rationis
780 3166 951 3222 fundo
970 3181 1121 3221 erue.

2127 3150 2171 3207 C
2205 3164 2594 3230 ἀπογνώσεως,
2628 3181 2696 3234 με
2729 3165 3055 3236 προφθάσας
3086 3167 3274 3238 ῥῦσαι.

584 3260 716 3315 8ιιιιι
783 3272 924 3327 ego,
1023 3257 1326 3321 Salvator,
1388 3269 1551 3327 quam
1617 3252 1747 3308 olim
1811 3253 2102 3324 perdidisti

2288 3253 2433 3321 Ἐγώ
2471 3258 2610 3326 εἰμι,
2645 3240 2853 3326 Σῶτερ,
2883 3257 2952 3327 ἣν
2978 3257 3276 3322 ἀπώλεσας
3306 3258 3465 3311 πάλαι
3499 3252 3712 3328 βασίλειον

514 3351 834 3407 drachmam
856 3349 1060 3422 regiam
1087 3351 1133 3403 ε.
1164 3347 1396 3413 Verum,
1425 3362 1657 3402 accensa
1683 3348 1931 3410 lucerna,
1959 3346 2095 3403 Prae

2202 3345 2487 3417 δραχμήν’
2518 3347 2635 3399 ἀλλ’
2672 3347 2885 3416 ἀνάψας
2928 3348 3143 3419 λύχνον,
3188 3351 3281 3404 τὸν
3323 3346 3601 3420 Πρόδρομόν
3629 3359 3711 3407 σου.

517 3458 750 3499 cursore
789 3452 905 3509 tuo,
934 3458 966 3498 ο
995 3440 1260 3507 Verbum,
1299 3442 1520 3511 require
1544 3450 1710 3511 atque
1738 3440 1922 3495 inveni
1953 3449 2098 3494 tuam

1953 3449 2102 3494 tuam
2205 3439 2370 3513 Λόγε,
2405 3440 2755 3511 ἀναζήτησον
2781 3440 2876 3493 καὶ
2898 3441 3030 3513 εὸρὲ
3067 3441 3172 3512 τὴν
3203 3442 3303 3512 σὴν
3333 3443 3523 3496 είκόνα.

519 3540 838 3611 imaginem.
1651 3523 1666 3530 ’

514 3622 519 3626 ’
1131 3626 1201 3681 1η
1233 3627 1515 3683 Sanctam.

2799 3618 2922 3688 Τῆς
2971 3620 3199 3689 Ὀσίας.

594 3724 863 3778 Vitiorum
921 3720 1265 3777 exstincmra
1298 3719 1592 3784 (laminam,
1621 3719 1783 3789 jnges
1832 3706 2106 3789 lacryma-

2282 3710 2403 3765 Ἵνα.
2454 3711 2647 3765 παθῶν
2702 3712 2803 3783 τὴν
2866 3713 3045 3783 φλόγα
3101 3714 3478 3785 κατασϐέσῃς.
3526 3706 3718 3778 δακρύων

521 3836 641 3873 rum
691 3816 902 3871 rivulos
931 3816 1107 3871 oculis
1162 3813 1463 3877 deduxisti,
1497 3830 1530 3868 ο
1579 3814 1770 3875 Maria,
1810 3814 1960 3868 velut
1994 3811 2102 3882 igni

2208 3797 2433 3862 ἔϐλυξες
2462 3800 2553 3853 ἀεὶ
2602 3800 2845 3871 ὀχετοὺς,
2892 3803 3107 3873 Μαρία,
3140 3804 3293 3875 ψυχὴ
3329 3798 3714 3874 πυρπολουμένΨ

522 3924 787 3967 succensa
816 3908 1058 3962 animam
1087 3926 1101 3962 :
1132 3923 1368 3980 quarunt
1401 3916 1456 3963 et
1490 3906 1623 3961 mihi
1649 3913 1744 3962 tuo
1773 3904 1979 3961 {atriolo
2002 3909 2103 3959 im-

1893 3907 1979 3961 υιο
2002 3909 2105 3959 im-
2209 3882 2285 3944 ὧν
2316 3890 2415 3961 τὴν
2446 3891 2611 3963 χάριν
2639 3891 2827 3962 νέμοις
2855 3895 3027 3965 κάμοὶ
3052 3894 3134 3965 τῷ
3167 3895 3248 3967 σῷ
3277 3895 3474 3968 οίκέτῃ.

524 4001 785 4073 pertiaris
816 4000 1074 4071 gratiam.
1874 4047 1879 4052 .

591 4095 886 4150 Caelestcm
968 4090 1263 4165 quamdam
1324 4091 1680 4147 aﬂectionum
1753 4090 2106 4153 vacuitatem,

2296 4068 2594 4124 ’Λπάθειαν
2648 4070 2907 4141 οὐράνιον
2955 4071 3201 4141 ἐκτήσω,
3253 4072 3320 4125 δι’
3350 4070 3620 4142 ἀκροτάτης
3654 4062 3718 4115 ἐπὶ

521 4188 647 4241 vitae
674 4187 987 4241 rationibus
1033 4200 1247 4241 summa
1287 4185 1344 4239 in
1378 4184 1544 4239 terris
1576 4181 1909 4238 celsitudine
1949 4182 2102 4237 insti-

2211 4160 2313 4231 γῆς
2365 4160 2662 4225 πολιτείας,
2693 4163 2918 4232 Μῆτερ·
2971 4162 3054 4215 διὸ
3081 4163 3212 4227 τοὺς
3261 4164 3321 4217 σὲ
3374 4160 3637 4232 ὑμνοῦντας
3674 4155 3718 4206 ix

524 4279 681 4342 tutis,
730 4285 1033 4334 consecuta
1083 4294 1165 4342 es,
1205 4292 1237 4332 ο
1273 4276 1444 4331 Mater
1489 4275 1895 4344 :quamobrem
1949 4282 2008 4328 ut
2058 4281 2105 4328 te

1949 4282 2008 4328 υι
2058 4281 2112 4328 ιθ
2214 4250 2401 4304 παθῶν
2437 4251 2727 4321 ρυσθῆναι,
2762 4252 3087 4322 πρεσϐείαις
3120 4270 3219 4307 σου
3250 4254 3496 4307 δυσὼπει.

526 4371 821 4425 laudantes
855 4386 884 4423 a
933 4369 1085 4423 vitiis
1116 4376 1170 4423 et
1204 4366 1593 4424 aﬂectionihus
1649 4366 1809 4422 liberi
1848 4365 2108 4431 evadant,

528 4461 1023 4517 intercessionibus
1050 4460 1160 4515 tuis
1184 4460 1391 4514 obtine.
2141 4495 2186 4548 ι)

1126 4549 1192 4604 1η
1228 4552 1515 4607 Andream.
2144 4539 2180 4548 ⁷

2144 4539 2180 4548 ⁷
2865 4539 3161 4608 Ἀνδρέου.

599 4646 705 4713 Qui
747 4653 801 4700 te
842 4643 1191 4700 Cretensium
1240 4652 1516 4713 pastorem
1568 4650 1624 4696 et
1669 4642 1955 4713 praesulem
1980 4680 1994 4704 ,
2024 4655 2116 4693 ur-

2289 4632 2403 4702 Τῆς
2442 4632 2667 4702 Κρήτης
2699 4650 2757 4685 σε
2783 4634 3022 4703 ποιμένα
3056 4636 3152 4687 καὶ
3184 4632 3464 4705 οιιιεροέῖρον⁹
3497 4625 3718 4713 3:110!qu-

529 4741 723 4808 liisque
747 4737 992 4792 universi
1026 4738 1456 4791 intercessorem
1508 4736 1783 4802 npverim,
1824 4735 1890 4788 ad
1927 4742 1980 4787 te
2022 4748 2110 4787 ac-

2221 4725 2392 4796 μένης
2436 4722 2784 4793 πρεσϐευτὴν
2812 4724 3093 4791 ἐγνωκὼς,
3151 4725 3489 4796 προστρέχει),
3535 4711 3714 4782 Ἀνδρέας

530 4831 687 4893 cedo,
722 4845 754 4884 ο
784 4827 1030 4890 Andrea,
1058 4836 1114 4882 et
1141 4827 1323 4882 clamo
1351 4827 1418 4881 ad
1456 4840 1527 4881 te.
1561 4825 1669 4893 Tu,
1695 4825 1878 4891 Pater,
1907 4840 2042 4881 crue
2082 4839 2111 4878 a

2219 4817 2314 4871 καὶ
2366 4815 2475 4886 βοῶ
2519 4833 2630 4868 σοι·
2679 4815 2930 4884 Ἐξελοῦ,
2980 4819 3189 4890 Πάτερ,
3246 4815 3411 4888 βυθοῦ
3464 4811 3553 4882 τῆς
3587 4809 3716 4876 ἁμαρ·

535 4919 745 4992 peccati
770 4915 1069 4988 profundo.
1224 4950 1229 4953 -
1735 4967 1754 4980 ,

1735 4967 1754 4980 ,
2217 4908 2361 4972 τίας.
2854 4923 2874 4949 η’

1233 5004 1440 5061 Gloria.

2922 5000 3097 5063 Δόξα.
3156 5014 3158 5017 '

602 5095 847 5167 Simplex
877 5112 998 5153 sum
1020 5094 1305 5151 individua
1326 5094 1595 5158 Trinitas,
1633 5095 1885 5166 personis
1913 5097 2116 5152 disere-

2297 5094 2469 5165 Τριάς
2517 5097 2635 5165 ε’ίμι
2683 5092 2832 5159 ἁπλῆ
2879 5092 3209 5162 ἀδιαίρετος,
3243 5088 3478 5162 διαιρετὴ
3509 5088 3718 5153 προσωπε-

609 5281 640 5317 ν
671 5271 833 5326 Num.
877 5288 993 5337 χιι,
1025 5271 1077 5327 5.
1156 5282 1178 5308 ι
1208 5270 1379 5325 Exod.
1432 5287 1542 5333 xvi,
1573 5272 1624 5324 5.
1703 5282 1727 5310 α
1765 5270 1903 5325 Gen.
1929 5266 2174 5325 xxvrdz‘i.
2216 5268 2442 5323 U'Exod.
2488 5286 2620 5335 xvn,
2653 5270 2709 5328 6.
2786 5272 2814 5310 ιδ
2841 5269 3003 5325 Νιιιιι.
3037 5285 3148 5332 xiv,
3186 5269 3240 5323 6.
3321 5280 3342 5308 c
3374 5264 3529 5321 Exod.
3559 5248 3727 5314 muli

536 5340 756 5400 Hosne
774 5340 850 5412 xi,
889 5342 984 5399 2i.
1065 5353 1088 5381 ε
1119 5340 1288 5397 Josuc
1317 5359 1396 5408 ιιι,
1430 5342 1514 5394 ιιι.
1598 5339 1616 5379 τ
1648 5342 1843 5395 Matth.
1872 5356 1984 5405 xiv,
2018 5340 2109 5393 '50.

981 5386 984 5397 .
1065 5353 1088 5381 ε
1119 5340 1288 5397 Josuc
1317 5359 1396 5408 ιιι,
1430 5342 1514 5394 ιιι.
1598 5339 1616 5379 τ
1648 5342 1843 5395 Matth.
1872 5356 1984 5405 xw,
2018 5340 2109 5393 '50.
2146 5340 2172 5378 ⁸
2219 5338 2351 5394 Luc.
2389 5356 2476 5407 xv,
2511 5339 2562 5394 8.

1837 5488 2227 5550 COMBEFISII
2259 5493 2496 5551 NOTAE.

615 5588 753 5659 (AO)_
781 5588 823 5640 Α
869 5603 1013 5641 nava
1067 5584 1322 5659 procella.
1372 5582 1490 5637 Non
1542 5584 1775 5659 omnino
1829 5583 2121 5659 reddimus
2230 5588 2625 5657 procellosum,
2670 5597 2723 5643 ct
2769 5597 3017 5659 paratum
3056 5586 3353 5643 absorbere
3389 5548 3716 5640 ﬂuctibllsnhi‘

547 5657 692 5723 quod
718 5657 906 5711 (ἔπειτα
938 5664 1157 5721 sonant,
1195 5658 1241 5709 si
1271 5666 1451 5708 tamen
1496 5667 1629 5709 sunt
1676 5656 1811 5709 sa:is
1844 5669 1978 5708 sana
2010 5671 2023 5707 :
2061 5656 2124 5706 ὲκ
2232 5656 2462 5714 scribat,

550 5725 747 5794 θηρός·
800 5728 952 5781 velut
999 5726 1129 5781 ferae
1166 5724 1346 5781 instar
1380 5732 1433 5780 et
1479 5724 1654 5780 leonis
1707 5725 1938 5792 hiantis,
1975 5739 2126 5779 mare
