4004 6150
377 309 509 377 1:161

1724 313 2040 376 MAGNUS
2070 318 2341 377 CANON.

3498 322 3634 387 1362

371 426 516 489 κῶς·
553 424 647 476 καὶ
676 420 1104 493 μονὰς,ύπάρχω
1129 422 1195 491 τῇ
1232 419 1395 489 φύσει
1429 419 1689 491 ἡνωμένη
1709 435 1724 449 ⁸
1771 422 1799 473 6
1831 424 1944 475 Ιια-

2064 440 2100 477 .a
2138 444 2151 480 :
2188 427 2483 495 unitasquc
2508 428 2721 484 exsisto
2752 429 2906 482 unita
2947 439 3168 497 natura,
3197 428 3378 496 Pater,
3427 431 3630 504 inquit,

370 514 498 587 τηρ,
524 512 714 584 φησιν,
750 513 777 565 6
810 511 957 576 Υἱὸς,
987 512 1083 565 καλ⁵
1113 510 1256 564 θεῖον
1296 510 1543 582 Πνεῦμα.

885 604 995 659 Καὶ
1024 604 1159 660 νῦν.
1195 606 1433 659 Θεοτόκ.

455 695 520 751 Ἦ
554 700 740 768 μήτρα
790 714 884 751 σου
913 698 1050 751 Θεὸν
1104 700 1293 751 τέτοκε
1344 698 1780 768 μεμορφωμένον
1826 699 1949 752 καθ’

373 791 555 860 ἡμᾶς·
609 789 670 843 ὃν
716 790 792 852 ὡς
828 790 1070 859 Κτίστην
1124 791 1348 843 πάντων
1389 788 1652 854 δυσώπει,
1693 789 1949 857 Θεοτόκε,

375 882 464 936 ινα
492 883 610 944 ταῖς
635 880 961 950 πρεσϐείαις
989 883 1108 943 ταῖς
1142 883 1265 943 σαῖς
1298 880 1700 950 δικαιωθῶμεν.

678 972 1010 1028 Κοντάκιογ
1041 972 1215 1041 tam”.
1249 968 1382 1040 Ἦχ.
1422 975 1531 1025 πλ.
1559 968 1642 1035 β’.

441 1064 603 1133 Ψυχή
636 1080 759 1134 μου,
796 1064 942 1134 ψυχή
974 1080 1099 1133 μου,
1154 1063 1364 1116 ἀνάστα
1386 1076 1402 1091 ’
1448 1062 1502 1115 τί
1533 1060 1859 1129 καθεύδεις;
1889 1061 1952 1115 τδ

372 1157 525 1220 τέλος
567 1156 800 1225 ἐγγίζει,
849 1159 944 1209 καὶ
982 1156 1198 1225 μέλλεις
1225 1153 1599 1227 θορυϐεῖσθαι.
1649 1153 1951 1224 ’Δνάνηψον

372 1244 487 1312 οὖν,
521 1248 608 1302 ἵνα
634 1249 890 1319 φείσηταί
925 1264 1021 1301 σου
1069 1247 1307 1318 Χριστὸς
1351 1248 1382 1300 6
1411 1246 1567 1312 Θεὸς,
1603 1248 1631 1300 6
1672 1243 1952 1316 πανταχοῦ

382 1337 599 1410 παρὼν,
632 1340 724 1394 καὶ
746 1339 815 1392 τά
846 1338 1024 1392 πάντα
1056 1337 1299 1411 πληρῶν.

1031 1518 1096 1572 '0
1125 1517 1293 1576 οἶκος
1837 1565 1848 1576 .

1053 1539 1096 1572 υ
1125 1539 1253 1572 οικο
1837 1565 1848 1576 .

450 1609 524 1661 Τὸ
574 1607 667 1662 τοῦ
719 1610 954 1680 Χριστοῦ
1008 1539 1523 1682 ίατρεῖονςβλέπων
1576 1607 1952 1679 ἀνεῳγμένον,

375 1702 470 1754 καὶ
518 1702 616 1771 τὴν
656 1703 720 1754 ὲκ
776 1702 967 1755 τούτου
995 1701 1072 1771 τῷ
1112 1702 1284 1772 Ἀδὰμ
1334 1699 1695 1771 πηγάζουσαν
1744 1699 1954 1767 ὑγείαν,

2052 517 2244 585 Filius,
2269 534 2334 574 ac
2368 518 2591 574 divinus
2615 518 2878 589 Spiritus.

2474 609 2544 665 Et
2577 627 2738 666 nunc.
2778 612 2861 665 Ad
2897 611 3205 678 Deiparam.

2120 698 2237 754 Tua
2295 701 2459 756 vulva
2516 701 2686 756 Deum
2744 703 2956 771 peperit
3004 702 3058 755 in
3120 702 3357 757 humana
3421 702 3633 772 forma;

2050 806 2209 861 quem
2242 793 2388 848 velut
2424 794 2669 847 omnium
2701 792 3020 848 Creatorem
3060 808 3251 854 exora,
3290 802 3350 848 ut
3386 796 3513 861 tuis,
3542 794 3634 851 Dei

2050 880 2326 947 Genitrix,
2358 883 2857 939 intercessionibus
2878 883 3267 953 justificemur.

2335 972 2634 1029 Contacion
2662 975 2950 1028 idiomelon
2970 982 3075 1030 ton.
3104 975 3164 1039 2,
3187 974 3351 1042 obh‘q.

2120 1063 2319 1118 Anima
2351 1080 2471 1120 mea
2490 1106 2505 1131 ,
2530 1080 2673 1129 mea,
2707 1080 2965 1136 exsurge,
2996 1065 3179 1120 anima
3202 1082 3218 1132 ;
3240 1065 3372 1135 quid
3390 1056 3642 1122 dormis?

2050 1154 2305 1211 Imminet
2335 1154 2483 1220 linis,
2516 1167 2684 1225 atque
2719 1156 2818 1211 tibi
2864 1162 2948 1212 est
3001 1154 3184 1209 futura
3240 1156 3504 1210 turbatio.
3553 1158 3635 1211 Ad

2052 1245 2339 1300 meliorem
2366 1261 2500 1318 ergo
2538 1245 2753 1318 frugem
2786 1246 3113 1309 revertaris,
3163 1256 3219 1300 ut
3254 1246 3352 1300 tibi
3384 1247 3638 1303 Christus

2053 1337 2202 1395 Deus
2255 1339 2569 1411 ignoverit,
2640 1340 2737 1411 qui
2818 1339 3025 1411 ubique
3100 1353 3387 1410 praesens,
3450 1344 3635 1394 omnia

2053 1431 2249 1502 replet.
2652 1440 2678 1463 λ

2736 1522 2963 1579 Domus.

2130 1609 2334 1668 Videtis
2391 1610 2652 1669 diabolus
2756 1613 3026 1668 medicam
3098 1610 3306 1666 Christi
3364 1609 3634 1669 oﬂiciuam

2055 1710 2328 1773 apertam,
2350 1705 2588 1776 indeque
2616 1716 2929 1773 manantem
2964 1703 3095 1759 Adae
3127 1704 3445 1765 sanitatem,
3486 1718 3637 1757 com-

376 1787 597 1852 ἔπαθεν,
658 1789 869 1860 ἐπλήγη
934 1791 965 1843 δ
1015 1771 1297 1855 διάϐολος,
1340 1790 1434 1843 καὶ
1486 1789 1562 1852 ῶς
1622 1785 1949 1841 κινδυνεύων

2064 1771 2238 1850 ructus
2283 1805 2369 1851 est
2422 1771 2877 1867 et—perterritus
2909 1813 2924 1862 ;
2954 1811 3025 1851 ac
3052 1796 3204 1850 velut
3268 1796 3325 1849 in
3388 1796 3637 1865 periculo

374 1879 632 1951 ὠδύρετο,
663 1880 757 1933 καὶ
782 1883 895 1943 τοῖς
922 1882 1087 1935 αὑτοῦ
1113 1882 1288 1950 φίλοις
1318 1880 1580 1949 ἀνεϐόησε
1601 1897 1613 1911 ·
1646 1880 1713 1931 Τί
1737 1879 1949 1949 ποιήσω

375 1970 454 2040 τῷ
490 1970 602 2040 Υίῷ
633 1971 733 2040 τῆς
765 1971 984 2043 Μαρίας
1011 1989 1025 2035 ς
1081 1972 1297 2027 κτείνει
1330 1990 1396 2042 με
1424 1975 1453 2026 ὁ
1479 1971 1850 2041 Βηθλεεμίτης
1872 1989 1888 2003 ο
1919 1974 1949 2025 6

380 2062 657 2132 πανταχοῦ
686 2062 910 2135 παρὼν,
942 2064 1035 2117 καὶ
1063 2064 1134 2117 τά
1172 2065 1350 2117 πάντα
1380 2062 1626 2134 πληρῶν.

913 2156 980 2208 Τὸ
1017 2155 1416 2224 συναξάριον.

446 2245 525 2315 Τῇ
575 2246 712 2316 αὐτῇ
753 2247 959 2318 ἡμέρᾳ,
1016 2249 1159 2301 κατά
1205 2250 1302 2319 τὴν
1348 2252 1582 2321 ἀρχαίαν
1623 2252 1946 2323 παράδοσιν,

376 2331 653 2403 ψάλλομεν
676 2336 769 2387 καὶ
800 2335 898 2406 τὴν
927 2335 1021 2389 τοῦ
1061 2339 1299 2408 μεγάλου
1332 2342 1570 2404 Κανόνος
1596 2343 1943 2399 ἀκολουθίαν.

377 2421 576 2474 Τοῦτον
614 2422 707 2475 τὸν
734 2422 904 2481 ὅντως
935 2426 1173 2481 κανόνων
1221 2430 1498 2499 μέγιστον,
1529 2431 1784 2485 ἁπάντων
1826 2433 1948 2502 ἀρί-

380 2528 520 2573 στως
551 2514 646 2567 καὶ
674 2515 1011 2584 τεχνηέντως
1044 2520 1323 2590 ἡρμόσατο
1358 2525 1454 2575 καὶ
1512 2524 1872 2594 συνέγραψεν,
1919 2528 1947 2579 6

379 2607 437 2657 ὲν
476 2607 652 2672 ἁγίοις
696 2610 885 2683 Πατὴρ
939 2612 1098 2680 ἡμῶν
1131 2613 1386 2681 Ἀνδρέας
1432 2616 1460 2667 6
1515 2616 1946 2684 ἀρχιεπίσκοπος

380 2699 626 2769 Κρήτης,
675 2703 703 2753 6
759 2703 852 2755 καὶ
905 2702 1341 2773 Ἱεροσολυμίτης
1396 2706 1829 2777 ὀνομαζόμενοςο
1889 2710 1949 2774 ὃς

379 2787 608 2860 ὥρμητο
641 2793 741 2862 μὲν
786 2796 851 2847 ὲκ
879 2796 1209 2864 Δαμασκοῦ,
1242 2797 1337 2850 ἐπὶ
1371 2800 1950 2873 τεσσαρεσκαιδεκάτῳ

375 2879 436 2933 δὲ
464 2881 573 2934 ἔτει
594 2884 692 2953 τῆς
718 2885 884 2938 αὐτοῦ
918 2885 1134 2955 ἡλικίας
1152 2888 1522 2959 παιδευτηρίῳ
1552 2892 1951 2963 γραμματικῆς

379 2971 640 3036 ἑκδοθεῖς,
682 2976 776 3027 καὶ
806 2976 906 3045 τὴν
959 2976 1247 3044 ἐγκύκλιον
1289 2979 1571 3033 παίδευσιν
1616 2981 1947 3053 ἐξασκήσας,

2048 1900 2307 1950 versans,
2338 1886 2487 1941 luctu
2527 1887 2593 1941 ad
2625 1888 2840 1943 amicos
2886 1886 3193 1940 clamavit:
3249 1883 3391 1951 Quid
3437 1885 3634 1938 faciant

2048 1974 2233 2030 Maria:
2255 1974 2395 2031 Filio
2415 1976 2538 2032 lMe
2553 1976 2914 2034 Betltleemita
2942 1976 3037 2032 ille
3055 1976 3241 2046 perdit
3269 1993 3283 2031 :
3307 1977 3405 2046 qui
3434 1975 3635 2046 ubique

2050 2079 2317 2136 praesens;
2346 2066 2534 2121 omnia
2574 2067 2769 2137 replet.

2655 2157 3045 2228 Synaxart'um.

2119 2249 2322 2305 Eodem
2356 2251 2467 2317 die,
2502 2266 2567 2306 ex
2607 2253 2836 2320 antiqua
2872 2250 3182 2307 traditione
3226 2251 3481 2306 canimus
3522 2251 3634 2306 ofﬁ-

2049 2339 2195 2393 cium
2230 2341 2410 2410 magni
2442 2340 2708 2397 Canonis.
2737 2339 2896 2395 Hunc
2933 2355 3060 2395 vere
3081 2356 3149 2395 ex
3180 2340 3445 2396 omnibus
3470 2356 3641 2396 cauo-

2049 2431 2213 2485 nibus
2242 2433 2571 2499 maximum,
2596 2435 2802 2504 optime
2828 2441 2883 2489 et
2924 2434 3216 2505 ingeniose
3242 2435 3563 2505 composuit
3586 2444 3642 2491 et

2049 2527 2389 2595 conscripsit
2419 2514 2650 2583 sanctus
2706 2525 2871 2582 Pater
2904 2538 3095 2583 noster
3125 2527 3401 2592 Andreas,
3457 2529 3642 2582 archi-

2051 2621 2344 2689 episcopus
2397 2618 2593 2685 Cretae,
2639 2634 3010 2690 cognomento
3070 2620 3632 2692 Hierosolymitanus.

2051 2707 2153 2765 Hic
2185 2711 2456 2765 Damasco
2480 2712 2776 2777 oriundus,
2822 2712 3039 2767 decimo
3077 2719 3282 2782 quarto
3312 2712 3495 2766 :etatis
3526 2725 3641 2766 sua:

2050 2816 2196 2857 anno
2229 2804 2604 2873 grammaticae
2637 2803 2823 2858 studia
2876 2818 3172 2875 aggressus
3199 2843 3215 2868 ,
3261 2811 3317 2858 et
3371 2802 3636 2857 omnibus

2050 2894 2264 2950 artibus
2302 2894 2632 2951 liberalibus
2678 2895 2852 2965 probe
2874 2897 3156 2962 excultus,
3194 2895 3641 2965 Hierosolymam

2052 2986 2321 3055 pervenit,
2360 2987 2641 3059 vitamque
2670 2987 3034 3042 monasticam
3090 2985 3218 3041 iniit
3252 3004 3265 3041 :
3301 2984 3396 3056 qui
3451 2991 3643 3040 sancte

378 3065 457 3125 είς
501 3064 851 3135 Ἰεροσόλυμα
890 3066 1150 3136 γεγονὼς,
1200 3070 1291 3124 τὸν
1332 3073 1611 3144 μοναστὴν
1651 3075 1951 3146 ὑπέρχεται

2064 3089 2112 3131 et
2165 3078 2256 3148 pie
2310 3078 2476 3132 vitam
2509 3093 2803 3149 peragens,
2841 3079 2896 3132 in
2943 3078 3134 3148 quieto
3188 3077 3281 3130 illo
3318 3085 3372 3130 et
3399 3090 3428 3128 a
3463 3074 3644 3129 turbis

378 3156 525 3226 βίονο
559 3157 721 3222 ὁσίως
775 3158 832 3211 δὲ
866 3158 959 3211 καλ
1005 3159 1271 3230 θεοφιλῶς
1326 3163 1529 3232 διάγων
1575 3166 1620 3197 ¹⁸
1673 3170 1732 3221 ἐν
1764 3169 1953 3240 ἡσύχῳ

2064 3177 2272 3223 remoto
2303 3168 2520 3223 vivendi
2559 3170 2852 3234 instituto,
2896 3168 3067 3223 multa
3095 3167 3318 3239 quidem
3355 3181 3480 3220 cum
3532 3166 3642 3219 alia

380 3248 475 3300 καὶ
505 3249 766 3320 angam:
794 3253 861 3321 τῇ
910 3250 1097 3323 βιοτῇ,
1142 3253 1317 3307 πολλά
1368 3256 1464 3325 μὲν
1514 3257 1608 3309 καὶ
1655 3258 1792 3312 ἀλλα
1824 3276 1954 3328 συγ-

378 3336 687 3411 γράμματα
721 3342 962 3413 βιωφελῆ
991 3344 1310 3399 καταλείπει
1341 3349 1406 3418 τῇ
1434 3347 1530 3401 τοῦ
1555 3349 1691 3402 Θεοῦ
1727 3351 1955 3420 Ἐκκλη-

382 3435 497 3503 σία,
544 3433 735 3503 λόγους
764 3452 823 3489 τε
853 3438 947 3490 καὶ
994 3440 1260 3502 κανόνας·
1316 3441 1521 3508 μᾶλλον
1557 3441 1846 3513 ἀδρότερος
1896 3448 1955 3499 ὲν

378 3525 493 3585 τοῖς
540 3528 937 3595 πανηγυρικοῖς
980 3527 1265 3598 γινόμενός
1322 3546 1380 3582 τε
1436 3532 1530 3584 καὶ
1577 3532 1953 3603 δεικνύμενος.

381 3615 486 3668 Σὺν
518 3617 735 3681 πολλοῖς
764 3617 821 3670 δὲ
855 3618 1058 3685 ἀλλοις,
1096 3620 1191 3674 καὶ
1222 3621 1318 3675 τὸν
1349 3624 1601 3693 παρόντα
1636 3626 1814 3694 μέγαν
1838 3628 1956 3679 Κα-

381 3708 510 3764 νόνα
554 3711 837 3780 συνέταξε,
875 3714 1172 3781 κατάνυξιν
1224 3716 1456 3787 ἄπειρον
1503 3717 1721 3787 ἔχοντα.
1768 3721 1957 3775 ΙΙᾶσαν

381 3801 489 3873 γὰρ
530 3802 778 3867 Παλαιᾶς
812 3806 907 3859 καὶ
951 3805 1097 3869 Νέας
1143 3806 1716 3881 ἱστορίαν.Διαθήκης
1768 3813 1955 3882 ἐρανι-

384 3893 619 3964 σάμενος
649 3896 743 3948 καὶ
782 3896 1067 3968 ἀθροίσας,
1112 3898 1177 3951 τὸ
1220 3899 1397 3969 παρὸν
1450 3901 1734 3970 ἡρμόσατο
1770 3902 1956 3971 μέλος,

384 3985 494 4037 ἀπὸ
536 3986 708 4056 Ἀδάμ
735 3987 937 4058 δηλαδὴ
967 3989 1129 4060 μέχρι
1153 3989 1246 4042 καὶ
1275 3989 1451 4059 αὐτῆς
1486 3991 1727 4061 Χριστοῦ
1754 3993 1959 4063 ἀναλή-

384 4073 553 4143 ψεως,
582 4079 681 4130 καὶ
727 4077 823 4131 τοῦ
865 4080 976 4131 τῶν
1019 4080 1337 4135 ἀποστόλων
1383 4082 1773 4153 κηρύγματοςο
1820 4101 1960 4154 προσ

382 4168 648 4236 τρέπεται
671 4168 803 4237 γοῦν
840 4169 930 4224 διά
982 4170 1174 4224 τούτου
1227 4174 1409 4226 πᾶσαν
1441 4173 1639 4245 ψυχὴν,
1694 4175 1798 4228 ὅσα
1856 4176 1960 4246 μὲν

384 4258 567 4326 ἀγαθά
615 4262 720 4331 τῆς
780 4262 1026 4335 ἱστορίας
1078 4262 1274 4334 ζηλοῦν
1324 4265 1420 4318 καὶ
1474 4265 1762 4337 μιμεῖσθαι
1822 4267 1961 4338 πρὸς

386 4348 616 4420 δύναμιν
639 4369 653 4385 ο
690 4352 793 4407 ὅσα
822 4354 880 4407 δὲ
909 4353 1019 4409 τῶν
1058 4355 1303 4422 φαύλων,
1327 4357 1669 4427 ἀποφεύγειν
1692 4376 1707 4390 ο
1737 4361 1841 4414 καὶ
1872 4363 1961 4415 ἀεὶ

388 4442 529 4513 πρὸς
552 4443 690 4499 Θεδν
720 4446 1066 4518 ἀνατρέχειν,
1092 4448 1185 4501 διά
1216 4450 1527 4519 μετανοίας,
1558 4451 1650 4505 διά
1682 4452 1958 4524 δακρύων,
1993 4437 2037 4492 Ῑ)

387 4536 482 4587 καὶ
515 4534 981 4608 ὲξομολογήσεως,
1021 4539 1116 4592 καὶ
1147 4539 1247 4609 τῆς
1277 4540 1445 4612 ἄλλης
1477 4541 1727 4612 δηλονότι
1766 4544 1956 4617 εὐαρι·

389 4630 655 4699 στήσεως.
687 4630 833 4699 Πλὴν
863 4632 944 4695 είς
971 4632 1229 4685 τοσοῦτόν
1256 4632 1406 4686 ἐστιν
1432 4631 1630 4704 εὔρους
1658 4635 1753 4687 καὶ
1783 4636 1964 4705 ἐμμε-

384 4721 505 4791 λὴς,
535 4722 610 4783 ὡς
639 4723 731 4776 καὶ
758 4722 929 4795 αὐτὴν
967 4726 1067 4793 τὴν
1126 4725 1499 4797 σκληροτέραν
1543 4725 1725 4797 ψυχὴν
1761 4728 1963 4793 ἱκανῶς

390 4811 650 4880 μαλάξαι,
685 4814 781 4866 καὶ
825 4814 962 4883 πρὸς
999 4814 1265 4886 ἀνάνηψιν
1302 4816 1347 4847 ¹⁶
1378 4816 1584 4885 ἀγαθοῦ
1629 4820 1843 4890 ἐγεῖραι
1867 4839 1880 4853 ·
1911 4821 1963 4874 εἰ

395 4902 555 4973 μόνον
584 4905 725 4974 μετά
771 4908 1249 4978 συντετριμμένης
1292 4910 1521 4981 καρδίας
1561 4913 1655 4965 καὶ
1686 4915 1964 4987 προσοχῆς

391 4997 703 5067 ἀνηκούσης
728 4998 921 5069 ψάλλοι
949 5000 1016 5055 ⁸⁸.
1054 5001 1309 5071 Ἐποίησε
1339 5002 1396 5056 δὲ
1429 5001 1642 5066 τοῦτον,
1674 5004 1764 5057 ὅτε
1802 5006 1897 5059 καὶ
1936 5008 1966 5060 6

390 5086 742 5157 πατριάρχης
786 5088 1176 5160 Ἰεροσολύμων
1209 5093 1237 5144 6
1290 5090 1466 5162 μέγας
1515 5091 1843 5164 Σωφρόνιος,
1870 5096 1963 5149 τὸν

394 5174 494 5267 τῆς
534 5176 841 5263 Αἰγυπτίας
863 5179 1106 5267 ΔΜαρίας
1138 5180 1266 5267 Βςον
1323 5182 1723 5253 συνεγράψατο.
1772 5185 1962 5239 Κατά-

397 5264 547 5332 νυξιν
570 5268 680 5341 γὰρ
709 5260 803 5323 καὶ
824 5264 985 5335 οὗτος
1008 5273 1036 5325 6
1069 5260 1571 5344 βίοςπροδέδληται
1592 5274 1843 5347 ἄπειρον,
1867 5276 1963 5329 καὶ

399 5361 601 5432 πολλὴν
630 5365 744 5425 τοῖς
770 5363 1055 5417 ἐπταικόσι
1078 5365 1173 5419 καὶ
1205 5365 1576 5437 ἁμαρτάνουσι
1608 5368 1963 5437 παραμυθίαν

398 5453 608 5518 δίδωσι,
640 5458 687 5510 εί
723 5456 886 5525 μόνον
918 5457 1028 5510 τῶν
1075 5457 1298 5527 φαύλων
1330 5457 1634 5527 ἀποστῆναι
1666 5458 1959 5529 βούλοιντο.

2058 3260 2324 3315 Ecclesiae
2382 3260 2478 3316 Dei
2531 3262 2819 3315 fructuosa
2872 3260 3082 3330 ingenii
3140 3261 3226 3315 sui
3285 3267 3639 3313 monumenta

2059 3351 2308 3420 reliquit,
2340 3359 2454 3405 tum
2487 3354 2676 3407 varias
2732 3355 3022 3409 orationes
3071 3365 3126 3409 et
3175 3368 3459 3409 canones:
3518 3367 3640 3407 cre-

2059 3443 2213 3497 brior
2243 3453 2425 3498 tamen
2455 3453 2508 3497 et
2538 3445 2825 3514 copiosior
2855 3445 2908 3497 in
2960 3446 3315 3515 panegyricis
3364 3444 3639 3498 orationi-

2056 3533 2161 3589 bus
2185 3534 2427 3588 exsistit.
2471 3533 2551 3588 Ex
2592 3534 2783 3588 multis
2823 3541 3007 3590 autem
3038 3535 3186 3599 aliis,
3230 3534 3379 3588 hunc
3412 3550 3638 3604 quoque

2059 3640 2319 3694 magnum
2354 3624 2660 3688 Canonem,
2704 3625 2921 3680 infinita
2968 3625 3310 3681 contritione
3357 3626 3639 3693 animique

2058 3716 2487 3785 compunctioue
2512 3716 2801 3781 refertum,
2844 3716 3172 3771 elaboravit.
3201 3715 3447 3770 Collecta
3492 3716 3639 3769 etaim

2060 3808 2115 3861 in
2176 3823 2346 3862 unum
2398 3808 2661 3863 universa
2717 3807 2927 3864 Veteris
2993 3818 3048 3864 et
3107 3808 3244 3862 Novi
3299 3805 3640 3862 Te-tamenti

2059 3897 2313 3962 historia,
2347 3898 2627 3952 canticum
2658 3897 2761 3952 hoc
2810 3899 3165 3968 composuit:
3199 3898 3270 3953 ab
3310 3899 3522 3953 Adamo
3560 3900 3640 3950 vi-

2059 3991 2281 4050 delicet.
2315 4005 2488 4060 usque
2518 3990 2586 4044 ad
2612 3989 2821 4044 Christi
2864 3991 3317 4060 Assumptionem
3354 4003 3406 4045 et
3442 3991 3641 4060 praedi-

2061 4082 2340 4136 cationem
2375 4082 2756 4151 apostolorum
2791 4100 2803 4136 :
2835 4097 2947 4152 quo
2985 4082 3207 4152 quidem
3250 4099 3467 4136 omnem
3522 4084 3642 4136 ani-

2064 4189 2204 4227 utam
2235 4173 2588 4237 cohortatur,
2614 4183 2679 4228 ut
2710 4189 2772 4228 ea
2809 4189 2930 4244 quae
2975 4175 3027 4226 in
3070 4173 3301 4227 historia
3340 4174 3487 4229 videt
3518 4190 3642 4230 esse

2064 4266 2206 4320 bona
2234 4274 2289 4319 et
2316 4265 2636 4328 laudabilia,
2668 4280 2769 4335 pro
2800 4266 3009 4321 viribus
3045 4273 3329 4331 sectetur;
3364 4282 3486 4335 quae
3514 4282 3643 4323 vero

2065 4358 2232 4420 mala,
2269 4356 2446 4428 fugiat
2496 4364 2552 4411 et
2604 4366 2926 4422 aversetur;
2979 4370 3305 4427 semperque
3345 4358 3412 4410 ad
3473 4357 3642 4411 Deum

2068 4456 2316 4503 recurrat
2344 4463 2445 4518 per
2479 4448 2886 4517 prenitentiam,
2915 4462 3011 4516 per
3040 4447 3334 4519 lacrymas,
3389 4463 3486 4517 per
3513 4464 3644 4504 con‘

2070 4541 2411 4603 fessionem,‘
2429 4549 2488 4596 et
2508 4555 2603 4611 per
2636 4540 2744 4595 alia
2780 4538 3098 4609 hujusmodi
3152 4538 3319 4594 Deum
3364 4536 3642 4609 placandi,

2068 4634 2231 4702 eique
2261 4633 2515 4703 placendi
2556 4632 2756 4687 media.
2787 4629 2932 4697 Quin
2970 4631 3107 4687 adeo
3137 4629 3330 4685 Canon
3362 4631 3450 4685 hic
3477 4648 3646 4687 cano-

2069 4739 2165 4779 rus
2197 4734 2282 4779 est
2313 4732 2368 4779 et
2389 4725 2443 4778 in
2478 4724 2692 4777 animos
2721 4733 2831 4776 tam
2874 4720 3037 4775 facile
3072 4720 3271 4787 inﬂuit,
3303 4730 3362 4774 ut
3404 4732 3457 4776 et
3488 4739 3645 4775 men-

2070 4827 2216 4878 tem,
2269 4817 2371 4870 etsi
2437 4815 2782 4886 prazdnram,
2851 4814 3070 4868 abunde
3126 4815 3416 4880 emolliat,
3476 4824 3529 4868 et
3577 4816 3645 4868 ad

2069 4907 2450 4976 recipiendum
2503 4908 2553 4961 id
2606 4905 2757 4977 quod
2812 4908 3014 4961 bonum
3062 4913 3120 4960 et
3169 4906 3461 4960 honestum
3513 4913 3596 4959 est
3627 4944 3642 4968 ,

2068 5002 2306 5068 excitet;
2361 5000 2661 5057 dummodo
2694 4998 2865 5055 corde
2893 4999 3155 5061 contrito,
3184 5005 3239 5053 et
3272 4998 3459 5052 debila
3520 5013 3644 5052 cum

2068 5096 2372 5150 attentione
2424 5095 2708 5164 psallatur.
2746 5093 2898 5149 Fecit
2945 5102 3127 5148 autem
3163 5092 3311 5147 hunc
3361 5093 3643 5147 Canonem

2066 5201 2132 5242 co
2188 5194 2436 5256 tempore
2482 5201 2593 5256 quo
2645 5201 2876 5255 magnus
2932 5184 3277 5255 Sephronius
3332 5185 3646 5253 patriarcha

2073 5275 2626 5347 llierosolymitanus,
2657 5274 2839 5329 Vitam
2872 5275 3055 5329 Maria:
3086 5273 3646 5346 Egyptiacrelitteris

2073 5369 2389 5433 mandavit;
2426 5385 2549 5439 qua:
2577 5378 2633 5423 et
2684 5369 2802 5439 ipsa
2853 5366 3294 5438 contpunctiOnis
3328 5366 3644 5436 plenissima

2070 5469 2174 5521 est,
2223 5460 2503 5531 lapsisque
2534 5470 2587 5517 et
2620 5460 3004 5529 peccatoribus
3040 5459 3275 5514 multum
3317 5457 3647 5516 consolatio-

1619 5610 1860 5667 VARl/E
1901 5610 2300 5704 ΜΞΟΤΙΟΝΕξ.

469 5722 512 5753 ⁸³
551 5720 704 5789 Apud
744 5721 924 5780 Grcis.
953 5722 1186 5822 διαζῶν..
1282 5726 1331 5783 ,⁸⁵⁸
1357 5724 1533 5797 ϐηειε.
1563 5726 1848 5796 ἀνάληψιν.

1963 5728 2003 5759 ¹⁸
2026 5726 2204 5784 Grels.
2230 5726 2500 5792 ψάλλοιτο.
