4004 6150
469 296 604 360 1363

1623 289 1684 348 S.
1726 286 2054 350 ANDREE
2096 284 2516 345 CRETENSIS

3556 238 3662 336 1:363

467 412 555 464 nis
594 404 773 469 aﬂ‘ert.
807 405 853 460 si
906 401 1070 458 modo
1120 415 1152 456 a
1207 399 1394 470 pravis
1453 397 1715 468 operibus
1781 400 2048 455 desistere

2168 396 2511 466 Ἐτάχθησαν
2572 394 2628 448 δὲ
2682 393 2777 447 καὶ
2827 390 2969 445 κατά
3024 390 3122 461 τὴν
3157 388 3428 460 παροῦσαν
3486 387 3666 459 ἡμέραν

467 500 663 555 velint.
700 496 842 566 Lege
871 504 1055 549 autem
1082 498 1363 562 receptum
1385 500 1473 546 est
1510 498 1571 546 ιιι
1609 492 1711 546 hac
1746 491 1835 545 die
1866 491 2047 559 legan-

467 600 560 644 tur
586 589 690 643 hac
718 588 783 641 de
809 600 997 640 causa.
1026 583 1164 639 Cum
1199 585 1349 638 enim
1387 593 1578 640 sancta
1608 574 2046 653 Quadragesima

467 680 536 735 ad
573 684 732 735 linem
768 677 978 741 tendat,
1010 690 1077 731 ne
1110 674 1364 730 homines
1390 674 1681 744 segniores
1712 671 1888 729 eli'ecti
1929 673 2046 742 spi-

467 773 650 827 rilalia
706 769 1013 825 certamina
1069 768 1444 838 negligentios
1500 768 1711 830 ineant,
1768 768 2050 834 vitamque

467 864 715 919 sobriam
748 870 802 915 et
841 870 1237 931 temperantem
1270 860 1452 915 valere
1486 858 1741 928 jubeant,
1775 858 2050 915 maximus

436 954 626 1009 .adest
679 951 954 1016 Andreas,
989 951 1111 1021 qui,
1161 951 1310 1006 velut
1364 950 1597 1019 Aliptes,
1638 964 1736 1020 per
1787 949 2050 1004 historias

378 1107 385 1114 ,
467 1045 654 1114 magni
686 1043 953 1107 Canonis,
985 1040 1371 1099 enumerando
1411 1041 1775 1109 insigniorum
1804 1041 2049 1096 virorum

468 1137 759 1200 virtutem,
795 1145 852 1190 et
906 1134 1282 1205 improborum
1314 1148 1503 1189 casum
1558 1140 1614 1188 et
1679 1132 2047 1193 eversionem.

466 1237 565 1279 eos
609 1223 704 1295 qui
740 1223 1026 1278 laboribus
1057 1223 1343 1290 insistunt,
1390 1222 1714 1290 alacriores,
1767 1230 1843 1289 et,
1880 1230 1940 1277 ut
1975 1222 2051 1276 ita

469 1314 670 1380 dicam,
702 1314 1087 1385 generosiores
1120 1313 1292 1368 facit:
1324 1321 1383 1369 ut
1411 1314 1648 1368 viriliter
1686 1329 1750 1369 ea
1786 1328 1911 1383 quae
1957 1327 2052 1367 su-

470 1415 726 1474 persunt,
757 1415 1066 1476 capessant.
1117 1406 1357 1461 Sanctus
1393 1422 1524 1461 vero
1552 1405 1923 1475 Sophronius,
1956 1404 2055 1459 mi-

470 1496 631 1551 rabili
660 1512 759 1552 sua
789 1497 876 1551 illa
905 1499 1158 1553 oratione
1182 1508 1238 1553 et
1279 1506 1549 1561 tractatu,
1586 1500 1813 1554 sobrios
1839 1507 1893 1553 et
1935 1501 2054 1568 ipse

471 1588 624 1652 facit,
656 1596 708 1644 et
743 1588 808 1642 ad
842 1588 1008 1644 Deum
1034 1590 1259 1653 excitat,
1287 1606 1354 1645 ne
1376 1598 1662 1650 corruant,
1695 1604 1833 1644 neve
1859 1588 2054 1658 despe-

472 1688 620 1747 rent,
652 1681 780 1735 licet
801 1681 1079 1751 aliquibus
1103 1682 1348 1752 peccatis
1371 1682 1567 1737 irretiti
1589 1680 1819 1735 fuerint.
1839 1680 2050 1745 Quanta

472 1773 620 1828 enim
656 1773 728 1825 sit
760 1770 853 1826 Dei
879 1773 1198 1827 humanitas
1222 1782 1276 1827 et
1297 1773 1586 1827 clementia
1617 1772 1671 1826 in
1704 1772 1826 1828 illos
1857 1773 1949 1841 qui
1983 1788 2051 1828 ex

477 1873 591 1916 toto
624 1863 792 1919 corde
843 1864 1136 1935 praeteritae
1184 1864 1309 1919 vitae
1342 1879 1515 1919 noxas
1546 1864 1864 1934 relinquere
1898 1865 2052 1934 cogi-

474 1960 616 2019 tant,
649 1955 899 2008 narratio
924 1956 993 2010 de
1017 1956 1194 2010 Maria
1243 1955 1569 2027 Egyptians
1614 1956 1832 2013 abunde
1868 1958 2050 2013 docet.

473 2043 792 2112 Appellatur
818 2053 1000 2099 autem
1026 2060 1260 2115 magnus
1276 2044 1487 2109 Canon,
1514 2056 1574 2101 ut
1601 2046 1738 2102 forte
1759 2049 2052 2118 quisquam

458 2134 694 2201 ,daxerit,
751 2146 977 2207 propter
1031 2138 1195 2192 etiam
1250 2140 1652 2193 sententiarum
1714 2139 2053 2210 pondus'et

474 2230 819 2296 gravitatem,
850 2244 1086 2299 quarum
1129 2230 1513 2286 feraeissimus
1540 2240 1624 2286 est
1658 2231 1837 2300 hujus.
1869 2232 2053 2286 Cano-

474 2319 563 2372 nis
594 2330 786 2373 auctor
812 2336 827 2374 :
857 2320 912 2375 in
948 2321 1033 2376 bis
1060 2321 1453 2392 componendis
1483 2322 1744 2392 praeclare
1774 2323 2051 2377 exercita-

474 2417 570 2460 tus
616 2424 631 2461 :
683 2409 943 2478 quodque
994 2424 1119 2464 cum
1171 2411 1356 2465 caeteri
1403 2426 1671 2475 canones,
1704 2411 1929 2480 triginta
1956 2417 2055 2464 aut

476 2498 640 2566 paulo
684 2500 945 2568 amplius,
1005 2504 1247 2571 troparia
1294 2503 1651 2568 contineant,
1690 2504 1793 2558 iste
1841 2502 1909 2555 ad
1950 2502 2051 2555 du-

475 2600 634 2643 centa
685 2598 739 2644 et
791 2593 1193 2661 quinquaginta
1243 2594 1627 2662 progrediatur
1655 2632 1670 2656 ,
1710 2592 1960 2661 quolibet
1987 2606 2052 2646 ex

474 2680 588 2735 illis
607 2680 937 2736 ineffabilem
965 2683 1206 2737 stillante
1224 2682 1580 2738 dulcedinem
1608 2692 1664 2737 et
1686 2683 2048 2752 voluptatem

470 2767 602 2823 Jure
639 2771 809 2840 igitur
860 2774 1071 2842 optimo
1112 2781 1167 2826 et
1209 2775 1612 2828 convenienter
1659 2774 1935 2828 sancitum
1969 2780 2054 2828 est

473 2871 538 2915 ut
566 2875 796 2931 magnus
833 2862 939 2918 iste
965 2862 1185 2928 Canon,
1213 2873 1261 2919 et
1295 2865 1742 2934 compunctionis
1794 2866 2053 2935 plenissi-

472 2968 640 3018 mus,
687 2954 743 3007 in
782 2969 979 3024 magna
1038 2955 1231 3011 saltem
1272 2955 1706 3025 Quadragesima
1760 2957 2048 3027 psallatur.

2145 488 2446 557 ψάλλεσθαι
2498 486 2596 541 καὶ
2643 482 3118 552 ἀναγινώσκεσθαι
3167 481 3235 533 δι’
3282 482 3453 532 αἰτίαν
3478 478 3666 547 ταύτην.

2161 579 2382 649 Ἐπειδὴ
2410 580 2516 650 γὰρ
2561 577 2696 649 πρὸς
2721 577 2785 629 τὸ
2818 576 2972 638 τέλος
3011 574 3220 643 ἐγγίζει
3265 575 3297 643 ἡ
3351 572 3473 640 ἁγία
3511 589 3670 625 τεσσα·

2152 670 2416 741 ρακοστὴ,
2450 669 2537 723 ἴνα
2579 668 2653 738 μὴ
2700 669 2749 720 οἱ
2798 665 3085 736 ἄνθρωποι
3136 661 3366 734 ρᾴθυμοι
3407 660 3669 728 γεγονότες,

2151 761 2288 833 πρὸς
2331 759 2458 822 τοὺς
2494 757 2904 827 πνευματικοὺς
2946 754 3168 822 ἀγῶνας
3197 750 3539 821 ἀμελέστερον
3578 748 3673 801 δια-

2150 851 2372 914 τεθῶσι,
2396 849 2494 903 καὶ
2535 847 2629 902 τοῦ
2664 848 2964 918 σωφρονεῖν
2998 843 3253 913 καθάπερ
3296 843 3365 924 ὲν.
3399 843 3521 894 πᾶσι
3564 836 3672 893 ἀπό-

2154 957 2370 1011 σχοιντο
2389 957 2402 971 ο
2430 942 2458 993 ό
2483 939 2582 1010 μὲν
2617 938 2877 1007 μέγιστος
2912 935 3196 1007 Ἀνδρέας,
3218 929 3307 986 οἶά
3328 950 3408 995 τις
3433 932 3672 1000 ἀλείπτης,

2151 1033 2241 1088 διὰ
2275 1033 2383 1086 τῶν
2430 1030 2685 1098 ἱστοριῶν
2720 1028 2814 1083 τοῦ
2849 1028 3089 1099 μεγάλου
3122 1027 3384 1089 Κανόνος,
3412 1025 3512 1077 τῶν
3535 1024 3675 1093 μεγάο

2152 1119 2260 1174 λων
2279 1120 2490 1190 ἀνδρῶν
2513 1118 2692 1186 λέγων
2713 1117 2810 1187 τὴν
2830 1116 3056 1188 ἀρετὴν,
3082 1117 3178 1169 καὶ
3196 1115 3304 1168 τῶν
3329 1113 3533 1183 φαύλων
3554 1109 3676 1176 αὖθις

2152 1212 2250 1282 τὴν
2285 1210 2580 1281 ἐκτροπὴν,
2609 1209 2686 1273 ὡς
2727 1208 2792 1263 ἄν
2830 1226 2919 1272 τις
2952 1208 3113 1278 φαίη,
3156 1207 3549 1277 γενναιοτέρους
3578 1206 3678 1267 τοὺς

2154 1303 2466 1373 κάμνοντας
2512 1300 2948 1372 παρασκευάζει,
3006 1303 3106 1353 καὶ
3154 1300 3421 1370 ἀνδρικῶς
3468 1301 3567 1360 τοῖς
3600 1297 3679 1365 ἒμ-

2154 1392 2392 1460 προσθεν
2436 1390 2871 1443 ὲπεκτεῐνεσθαι.
2909 1389 2968 1441 '0
3007 1388 3065 1440 δὲ
3098 1387 3243 1457 ἱερὸς
3283 1386 3588 1455 Σωφρὸνιος,
3612 1384 3681 1436 διὰ

2154 1482 2249 1537 τοῦ
2293 1481 2608 1553 ὑπερφυοῦς
2657 1480 2824 1535 αὐτοῦ
2875 1480 3059 1548 λόγου,
3107 1480 3390 1550 σώςςρονας
3425 1478 3510 1530 καὶ
3556 1472 3682 1538 αὖθις

2156 1572 2297 1631 εἶναι
2342 1577 2505 1639 ποιεῖ,
2532 1573 2787 1645 καὶπρὸς
2818 1574 2951 1627 Θεὸν
2995 1573 3278 1643 διεγείρει,
3321 1571 3412 1624 καὶ
3442 1570 3511 1641 μὴ
3546 1585 3683 1623 κατα-

2158 1669 2400 1732 πίπτειν,
2458 1665 2595 1738 μηδὲ
2654 1664 3095 1733 ἀπογινώσκειν,
3145 1664 3196 1716 εἰ
3254 1665 3349 1717 καὶ
3402 1662 3527 1722 τέως
3568 1659 3682 1711 τισὶν

2158 1759 2406 1813 ἑάλωσαν
2439 1757 2909 1826 παραπτώμασιν.
2936 1756 3079 1824 Ὀση
3118 1755 3227 1825 γὰρ
3259 1756 3294 1825 ἡ
3324 1752 3412 1807 τοῦ
3444 1751 3565 1805 Θεοῦ
3589 1751 3685 1819 φιλ-

2150 1850 2436 1919 ανθρωπία
2477 1848 2570 1902 καὶ
2621 1847 2940 1917 συμπάθεια
2975 1887 2989 1912 ,
3021 1848 3142 1910 τοῖς
3190 1846 3464 1917 ὁλοψύχως
3501 1846 3558 1897 ἐκ
3597 1842 3684 1895 τῶν

2154 1940 2349 2013 πρώην
2408 1940 2778 2008 πταισμάτων
2836 1938 3196 2009 ἐπιστρέφειν
3252 1938 3608 2007 αἱρουμένοις,
3656 1936 3682 2005 ἡ

2153 2034 2295 2088 κατὰ
2320 2032 2422 2101 τὴν
2466 2032 2777 2099 Αἰγυπτίαν
2807 2030 3063 2101 διήγησις
3096 2032 3366 2101 παριστᾷ.
3410 2030 3615 2097 Λέγεται
3639 2026 3683 2079 δὲ

2156 2126 2329 2197 μέγας
2353 2125 2571 2191 Κανῶν,
2597 2125 2728 2189 ἴσως
2756 2124 2822 2179 ἄν
2855 2141 2939 2187 τις
2969 2123 3125 2198 εἴπῃ.
3158 2125 3256 2177 καὶ
3286 2125 3403 2177 κατ’
3432 2122 3582 2185 αὐτὰς
3606 2122 3684 2183 τὰς

2152 2219 2367 2280 ἐννοίας
2416 2218 2527 2271 καὶ.
2562 2217 2628 2270 τὰ
2663 2216 3056 2287 ἐνθυμήματα·
3099 2215 3332 2285 γόνιμος
3362 2215 3465 2285 γάρ
3518 2215 3684 2266 ἐστινὸ

2150 2310 2343 2363 τούτου
2382 2308 2636 2380 ποιητὴς,
2689 2308 2929 2379 ἅρίστως
2986 2308 3131 2361 αὐτὰ
3180 2308 3577 2377 συντιθέμενος·
3613 2303 3688 2357 καὶ

2153 2403 2236 2456 ὅτι
2267 2401 2376 2456 τῶν
2404 2400 2611 2454 λοιπῶν
2644 2394 2889 2455 κανόνων
2921 2400 3027 2455 ἀνὰ
3058 2403 3380 2474 τριάκοντα,
3408 2401 3497 2454 καὶ
3528 2398 3688 2469 μικρόν

2151 2511 2205 2547 τι
2245 2493 2385 2565 πρὸς
2436 2492 2752 2564 τροπαρίων
2815 2493 3073 2563 ἐχόντων,
3128 2485 3291 2557 οὗτος
3342 2493 3421 2556 εἰς
3480 2489 3688 2544 διακόσια

2154 2585 2248 2638 καὶ
2310 2584 2653 2654 πεντήκοντα
2697 2581 2977 2652 πρόεισιν,
3027 2582 3145 2645 ένδς
3208 2582 3442 2635 ἑκάστου
3493 2581 3688 2651 ἄρρητον

2154 2673 2560 2740 ἁποστῑὶζοντος
2586 2674 2806 2746 ἡδονήν.
2836 2674 3143 2745 Ἀρμοδίως
3176 2670 3279 2727 οὖν
3310 2673 3417 2745 ἄρα
3448 2673 3532 2726 καὶ
3553 2686 3691 2743 προσ-

2151 2769 2472 2838 ηκόντως,ό
2514 2768 2688 2837 μέγας
2740 2760 2898 2829 οὗτος
2928 2765 3147 2828 Κανῶν,
3203 2768 3303 2819 καὶ
3356 2764 3581 2835 μεγάλην
3619 2777 3691 2815 κε-

2156 2861 2422 2931 κτημένος
2457 2858 2774 2924 κατὰνυξιν,
2804 2856 2906 2911 κᾶν
2946 2860 3013 2928 τῇ
3052 2858 3276 2930 μεγάλῃ
3319 2857 3426 2910 τῶν
3454 2859 3692 2926 Τεσσαραο

2151 2952 2362 3006 κοστῶν
2393 2950 2817 3006 κατατέτακται.
2863 2948 3064 3002 Τοῦτον
3108 2950 3203 3002 τὸν
3251 2950 3472 3020 ἄριστον
3514 2949 3691 3001 Κανόνα

472 3040 635 3099 nunc
673 3044 1161 3114 praeclarissimum
1202 3054 1256 3101 et
1288 3048 1585 3100 maximqu
1619 3046 1918 3112 Canonem,
1946 3062 2047 3102 nec

2156 3046 2252 3098 καὶ
2287 3045 2568 3115 μέγιστον,
2620 3043 2716 3095 καὶ
2757 3042 2850 3095 τὸν
2894 3043 2994 3113 τῆς
3040 3043 3196 3105 ὁσίας
3238 3040 3459 3111 Μαρίας
3497 3037 3692 3108 λόγον,ό

471 3148 584 3191 ιιοη
639 3142 941 3190 kat-latum
998 3136 1140 3191 Vitae
1193 3147 1397 3192 sancta
1445 3137 1633 3192 Mariae
1691 3137 2050 3209 Egyptians,

472 3225 704 3295 ipsemet
729 3224 893 3279 Pater
922 3233 1113 3280 noster
1131 3225 1384 3280 Andreas
1416 3229 1628 3295 primus
1655 3225 2052 3283 Constantino-

473 3318 644 3390 polim
689 3317 853 3381 tulit,
891 3317 1114 3387 quando
1142 3318 1211 3372 ab
1250 3317 1753 3390 Hierosolymorum
1815 3319 2054 3388 patriar-

472 3408 577 3463 cha
607 3407 921 3474 Theodoro,
956 3408 1024 3462 ad
1053 3417 1262 3463 sextam
1295 3410 1566 3480 synodum
1598 3409 1852 3464 subsidio
1917 3408 2053 3461 mis-

472 3514 570 3555 sus
627 3505 734 3553 est.
794 3497 951 3553 Tunc
1003 3502 1147 3554 enim
1218 3500 1585 3553 monasticam
1647 3501 1812 3552 vitam
1871 3499 2052 3561 adhuc

472 3590 776 3661 proﬁteris,
833 3606 960 3646 cum
1026 3590 1296 3659 adversus
1368 3590 1759 3645 Monothelitas
1833 3591 2054 3647 fortiter

472 3682 835 3746 decertasset,
902 3681 1167 3737 Ecclesiae
1223 3670 1857 3752 ConstantinOpolitanae
1900 3683 2052 3738 clero

473 3777 752 3845 ascriptus
785 3782 869 3829 est
906 3791 919 3827 :
954 3773 1216 3843 deinceps
1250 3775 1301 3827 in
1330 3790 1392 3828 ea
1435 3775 1702 3829 diaconus
1728 3785 1782 3829 et
1813 3776 2050 3845 pupillo-

474 3881 600 3920 rum
632 3872 863 3919 Curator
891 3872 945 3919 et
982 3865 1124 3918 altor
1155 3864 1517 3920 constituitur
1552 3884 1566 3921 :
1612 3882 1713 3920 nec
1741 3865 2053 3937 longopost

475 3968 766 4025 tempore,
824 3955 1276 4027 archiepiscopus
1344 3956 1521 4011 Cretae
1592 3958 1881 4014 ordinatus
1944 3967 2049 4013 est.

472 4047 669 4102 Postea
703 4047 954 4115 proxime
985 4047 1056 4101 ad
1111 4047 1294 4102 locum
1322 4086 1337 4112 ,
1373 4048 1467 4119 qui
1518 4047 1768 4103 llier‘isus
1824 4049 2047 4115 dicitur,

473 4156 597 4196 cum
632 4138 956 4211 Mitylenum
983 4141 1343 4209 pervenisset,
1369 4140 1624 4210 migravit
1647 4141 1712 4194 ad
1736 4140 2047 4207 Dominum,

471 4248 597 4286 cum
656 4232 794 4287 satis
852 4232 1025 4286 multo
1085 4241 1331 4299 tempore
1385 4247 1542 4287 suam
1600 4233 1783 4287 sedem
1841 4232 2051 4287 tenuis-

473 4332 556 4379 set
587 4323 725 4392 (4i).
760 4323 896 4392 Ejus
962 4323 1457 4380 intercessionibus
1521 4325 1785 4379 miserere
1841 4324 2045 4390 nostri,

472 4414 635 4468 Deus.
675 4412 901 4482 (Deinde
920 4414 1170 4467 dicuntur
1199 4414 1567 4468 Beatitudines
1594 4431 1712 4468 cum
1741 4414 1950 4486 neniis.)

475 4500 608 4560 Ton.
661 4506 697 4559 2
762 4507 922 4576 obliq.
991 4505 1140 4561 Vera.
1195 4506 1457 4561 Memento
1499 4509 1638 4574 mei,
1693 4508 1939 4574 Domine,
1994 4509 2051 4563 in

1096 4594 1257 4646 regno
1296 4588 1406 4631 tuo.

544 4669 705 4737 Olim,
740 4672 985 4738 Christe,
1022 4673 1355 4726 clamantem
1380 4673 1449 4726 ad
1481 4680 1533 4727 te
1565 4673 1633 4729 de
1672 4688 1839 4728 cruce
1875 4674 2052 4726 latro-

474 4778 597 4816 nem
629 4781 642 4816 :
677 4782 695 4812 ι
745 4762 1021 4818 Memento
1050 4764 1154 4818 mei
1179 4763 1206 4803 h
1235 4805 1252 4831 ,
1286 4782 1303 4815 ι
1341 4765 1586 4835 paradisi
1616 4766 1793 4822 fecisti
1825 4765 1998 4820 civem
2030 4784 2043 4819 :

547 4942 577 4980 ιι
626 4940 763 4996 Luc.
826 4950 985 5003 χχιιι,
1054 4939 1143 4993 i2.

2155 3136 2321 3199 αὐτὸς
2352 3135 2543 3205 Πατὴρ
2584 3134 2740 3206 ἡμῶν
2775 3133 3031 3204 ’Δνδρέας
3065 3133 3289 3204 πρῶτος
3323 3136 3403 3197 εἰς
3436 3133 3529 3203 τὴν
3566 3133 3695 3185 Κων·

2157 3228 2438 3283 σταντίνου
2497 3225 2797 3296 κεκόμικεν
2823 3264 2837 3289 ,
2893 3225 2981 3277 ὃτι
3044 3224 3185 3294 πρὸς
3247 3224 3343 3278 τοῦ
3399 3222 3692 3293 πατριάρχου

2170 3318 2234 3371 Ίε
2247 3315 2569 3388 ροσολύμων
2594 3314 2897 3386 Θεοδώρου,
2914 3316 2980 3384 τῇ
3007 3314 3146 3386 ἕκτῃ
3180 3315 3390 3385 συνόδῳ
3420 3313 3613 3374 σταλεὶς
3632 3312 3695 3372 εις

2159 3411 2431 3481 βοήθειαν,
2463 3409 2823 3481 παρεγένετο.
2858 3408 2994 3460 Τότε
3025 3405 3134 3477 γὰρ
3169 3408 3420 3479 άρίστως
3456 3404 3583 3458 κατὰ
3608 3402 3695 3453 τῶν

2155 3502 2546 3572 Μονοθελητῶν
2576 3501 2991 3571 ἀγωνισάμενος
3022 3498 3105 3553 ἐτι
3157 3499 3426 3553 διατελῶν
3471 3502 3525 3552 ὲν
3563 3495 3697 3566 μονά-

2155 3595 2332 3659 ζουσι,
2382 3592 2461 3664 τῷ
2504 3592 2605 3659 τῆς
2657 3594 2714 3645 ὲν
2768 3592 3350 3645 Κωνσταντινουπόλει
3410 3587 3696 3657 Ἔκκλησίας

2155 3687 2344 3757 κλήρῳ
2394 3683 2792 3750 καταλέγεται·
2828 3676 2952 3735 εἶτα
2978 3682 3230 3745 διάκονος
3275 3681 3373 3736 καὶ
3405 3675 3698 3753 ὀρφανοτρό-

2155 3795 2257 3846 (ρος
2290 3780 2347 3830 ὲν
2375 3775 2547 3845 ταύτῃ
2591 3774 2960 3827 καθίσταται·
2996 3772 3096 3826 καὶ
3132 3774 3277 3842 μετὰ
3319 3773 3508 3842 μικρὸν
3561 3770 3694 3837 ἀρχι-

2155 3870 2457 3932 επίσκοτιος
2497 3870 2724 3938 Κρήτης
2769 3866 3178 3934 γενόμενος,ές
3232 3863 3460 3935 ὕστερον
3502 3857 3697 3930 ἄγχιστά

2154 3980 2258 4015 που
2290 3960 2428 4030 πρὸς
2460 3963 2527 4031 τῇ
2571 3958 2843 4030 λεγομένῃ
2880 3958 3088 4027 Ἰερισῷ
3139 3957 3489 4024 καταντήσας
3531 3955 3583 4005 ἐν
3614 3951 3695 4004 Μι-

2155 4054 2385 4124 τυλήνῃ,
2421 4053 2559 4122 πρός
2596 4049 2802 4121 Κύριον
2838 4048 3088 4116 ὲκδημεῖ,
3121 4047 3445 4116 ἀρκούντως
3473 4042 3559 4096 τοῦ
3589 4040 3692 4093 ἰδίου

2153 4146 2347 4216 θρόνου
2389 4147 2446 4198 ὲν
2483 4141 2699 4211 μεθέξει
2722 4139 3182 4208 γενόμενος.Ταί;
3212 4137 3382 4191 αὐτοῦ
3414 4133 3695 4207 πρεσϐείαις

2151 4239 2179 4291 ὁ
2208 4237 2338 4299 Θεὸς
2358 4235 2480 4304 ὲλέη
2490 4251 2579 4286 σον
2600 4234 2768 4304 ἡμᾶς.
2790 4227 2948 4304 (Εἷτα
2972 4230 3026 4283 οἱ
3041 4229 3426 4299 Μακαρισμοὶ
3447 4224 3581 4298 μετὰ
3600 4219 3693 4276 τῶν

2153 4325 2533 4399 μετανοιῶν).

2172 4510 2299 4578 Ἦχ.
2332 4509 2437 4561 ml.
2465 4470 2546 4570 βλ.
2567 4506 2857 4578 ΣνιχτῈι·
2892 4503 3273 4578 τῇβασιλείᾳ
3295 4519 3435 4568 σου,
3458 4500 3693 4572 prdem]-

2684 4577 2741 4627 τί
2764 4592 2917 4642 μου,
2952 4576 3150 4642 Κύριε.

2232 4664 2456 4740 Λῃστὴν
2507 4666 2601 4719 τοῦ
2656 4665 3010 4735 παραδείσου,
3067 4664 3299 4735 Χριστὲ,
3348 4663 3579 4729 πολίτην,
3621 4654 3691 4709 ἐπὶ

2161 4758 2396 4830 σταυροῦ
2435 4775 2517 4811 σοι
2546 4756 2756 4828 βοῶντα
2784 4756 2880 4820 τὸ,
2921 4773 2938 4806 ι
2980 4753 3271 4827 Μνήσθητί
3308 4771 3432 4822 μου,
3453 4771 3471 4805 ι
3505 4760 3688 4819 προειρ-

1722 5128 2106 5185 COMBEFISII
2147 5127 2375 5184 NOTE.

550 5222 656 5289 (All)
685 5221 817 5295 (Iam
870 5225 1003 5276 satis
1052 5223 1220 5277 multo
1284 5234 1512 5295 tempore
1557 5227 1727 5280 sedem
1780 5242 1932 5279 suam
1974 5234 2049 5277 te-

474 5297 694 5364 nuisset.
727 5294 801 5346 Ita
836 5295 1008 5347 visum
1043 5304 1125 5364 est
1172 5294 1398 5348 reddere
1440 5297 1568 5349 illud
1616 5296 1927 5364 ἀρκούντως
1956 5297 2050 5347 τοῦ

477 5363 611 5434 ἰδίου
639 5363 828 5434 θρόνῳ
870 5366 926 5415 ὲν
975 5363 1192 5434 μεθέξει
1235 5366 1548 5434 γενόμενος·
1585 5363 1766 5420 Grcis.
1808 5367 1881 5419 ita
1928 5366 2054 5419 red-

473 5433 687 5505 diderat
717 5447 733 5484 :
768 5431 897 5505 Cum
951 5432 1087 5505 sedis
1129 5431 1256 5489 suae
1286 5431 1519 5503 fructum
1569 5436 1838 5503 copiosum
1878 5452 2055 5505 perre-

474 5503 672 5572 pisset;
748 5503 907 5570 plana
966 5503 1218 5570 phrasis,
1272 5512 1327 5558 et
1385 5522 1490 5572 qua
1556 5509 1703 5559 clare
1756 5503 2049 5559 admodum

476 5568 635 5637 longa
667 5568 802 5624 satis
858 5568 1085 5644 {lintrem
1124 5568 1677 5644 sedessig'nilicelur.
1717 5574 1896 5629 Edidit
1932 5575 2051 5644 epi-

478 5641 978 5716 scrilius_egregiiim
1002 5641 1137 5716 illud
1172 5642 1315 5716 quod
1344 5641 1596 5716 dedimus
1624 5661 1735 5699 suae
1772 5645 1916 5716 sedis
1953 5641 2054 5714 pa-

479 5705 627 5788 troni
660 5704 768 5759 Titi
813 5704 1159 5787 c'ucomium;
1189 5704 1351 5768 'i‘orte
1400 5715 1564 5770 etiam
1618 5716 1764 5770 aliud
1820 5704 2048 5783 Nicolai,

1207 5789 1313 5803 ...ν-

2157 5224 2251 5293 qui
2282 5233 2334 5277 et
2370 5223 2483 5292 ipse
2531 5208 2839 5293 celebrisin
2877 5233 2949 5293 ea
2976 5216 3155 5293 insula
3184 5224 3296 5293 est.
3335 5222 3394 5270 ut
3423 5208 3688 5293 eturhilnus

2160 5278 2356 5348 nomen
2391 5278 2687 5346 'indiderit.
2733 5288 2918 5343 Potuit
2973 5288 3153 5341 eundo
3195 5278 3685 5348 Constantinopolin!

2634 5342 2717 5413 diu
2777 5342 2838 5413 ea
2899 5359 3076 5430 insula
3130 5371 3255 5430 qua:
3305 5342 3585 5430 initerjacci,

2159 5434 2407 5487 laborum
2459 5430 2677 5500 praemia
2728 5429 2909 5483 vocari
2967 5429 3036 5500 in
3070 5426 3296 5500 caelum.
3341 5425 3512 5478 Locus
3545 5425 3597 5500 in
3637 5426 3684 5500 ἒξ

2163 5489 2471 5573 ρπουΙίιιισίἐ
2504 5501 2601 5573 hic
2649 5497 3513 5573 notatus_milii_obscurus.est.
3545 5489 3685 5573 Pauca

2165 5558 2272 5626 alia
2300 5573 2379 5626 vel
2408 5571 2609 5626 omissa
2655 5569 2706 5622 in
2755 5568 3004 5622 versione
3040 5565 3219 5621 Grets.
3272 5558 3687 5633 restituinius,_nl

2164 5644 2248 5703 τὸ,
2290 5644 2432 5694 κατὰ
2463 5641 2561 5711 τὴν
2614 5638 2852 5691 παλαιάν
2902 5637 3237 5711 παράδοσιν-ς
3273 5635 3356 5697 τὺ,
3399 5633 3683 5701 ὑπερφυους·

2165 5715 2249 5769 vel
2279 5712 2462 5769 minus
2487 5706 2764 5781 expressa,
2799 5706 2997 5764 novum
3028 5706 3385 5764 reddidimus.
