4004 6150
314 239 449 352 1365

308 398 464 465 γάσω
498 415 513 431 ·
552 398 721 454 αὑτοῦ
776 402 878 474 τῆς
910 405 1203 474 μετανοίας
1235 407 1322 473 dii

309 490 481 555 ἀξιον.

311 610 476 677 Στιχ.
534 607 827 689 Μακάριοι
857 613 913 689 οξ
945 612 1283 689 πτωχοὶᾼτῷ
1319 618 1638 689 πνεύματι,
1664 618 1754 674 ὅτι
1784 622 1893 676 αὺ-

510 710 515 715 ~
732 679 853 735 τῶν
880 681 1053 757 ἐστιν
1154 683 1469 748 βασιλεία.

377 792 480 848 Τὸν
504 794 705 849 Μανωὲ
726 796 947 861 ἀκούεις
964 770 1172 867 λπάλαι,
1194 801 1342 874 ψυχή
1370 821 1495 874 μου,
1515 803 1653 858 Θεοῦ
1678 805 1737 858 ὲν
1759 823 1894 874 φαν-

307 884 472 955 τασίᾳ
533 886 847 956 γενόμενον,
906 889 1004 944 καὶ
1047 892 1139 945 τὸν
1162 894 1228 947 ὲκ
1259 895 1482 965 στείρας
1505 895 1627 948 τότε
1658 895 1895 952 λαϐόντα

310 975 521 1045 καρπὸν
566 977 906 1047 ἐπαγγελίας
939 995 952 1010 ·
1015 981 1184 1040 αὑτοῦ
1232 983 1296 1037 τὸ
1354 983 1580 1048 εὐσεϐὲς
1633 982 1893 1057 μιμησώο

355 1068 476 1122 εθα.

355 1085 476 1122 sua.

310 1085 351 1137 μ
412 1162 571 1229 Στιχ.
607 1160 903 1230 Μακάριοι
932 1165 988 1217 οἱ
1014 1165 1403 1233 πενθοῦντες,
1446 1169 1541 1225 ὅτι,
1566 1170 1763 1224 αὐτοί.

375 1270 487 1342 Τὴν
516 1272 613 1325 τοῦ
676 1273 920 1345 Σαμψὼν
946 1276 1242 1346 ζηλώσασα
1276 1278 1572 1352 ρᾳθυμίαν,
1603 1282 1703 1351 τὴν
1732 1281 1892 1348 δόξαν

305 1363 590 1436 ἀπεκείρω
608 1365 717 1419 τῶν
761 1364 939 1436 ἔργων
975 1384 1092 1433 σου,
1122 1368 1295 1441 ψυχὴ,
1327 1371 1608 1442 προδοῦσα
1645 1375 1761 1438 τοῖς
1794 1373 1890 1429 ἀλ-

304 1455 576 1526 λοφύλοις,
603 1457 695 1511 διὰ
726 1458 1043 1530 φιληδονίας
1070 1461 1171 1533 τὴν
1194 1461 1448 1533 σώφρονα
1473 1464 1621 1537 ζωὴν
1656 1466 1752 1521 καὶ
1783 1484 1891 1538 μα-

304 1546 517 1617 κάριον.

503 1643 666 1710 Στιχ.
690 1641 985 1711 Μακάριοι
1015 1645 1070 1699 οι
1097 1646 1331 1713 πραεῖς,
1358 1646 1449 1702 ὅτι
1477 1649 1674 1703 αὐτοί.

1659 307 1975 371 MAGNUS
2010 313 2283 379 CANON.

1327 426 1470 463 ωσον
1499 411 1644 484 κάμὲ
1676 415 1770 469 τὸν
1797 420 1885 471 ἀν-

2013 424 2162 479 ιιίειιι
2196 427 2330 483 mihi
2394 429 2641 505 indigno,
2681 436 2801 507 ejus
2837 440 3222 509 pcenitentiam
3277 448 3583 505 concedere

3444 334 3581 402 1365

1999 515 2271 587 digneris.

2006 627 2156 686 Vers.
2183 632 2343 689 Beati
2392 654 2649 709 pauperes
2693 643 2908 720 spiritu,
2959 649 3213 717 quoniam
3241 651 3477 720 ipsorum
3505 663 3581 710 est

2502 760 2503 763 η
2574 728 2793 783 regnum
2824 716 2870 786 ί,
2908 716 3013 773 etc.

2066 813 2261 882 Audis,
2298 834 2331 873 ο
2363 820 2546 877 anima
2577 840 2723 892 mea,
2755 837 2814 883 ut
2846 828 3016 885 Deum
3065 832 3196 887 olim
3264 833 3460 893 Manue
3499 837 3581 891 vi-

1995 902 2138 960 derit
2171 918 2219 972 ι,
2278 925 2458 980 usque
2513 923 2646 972 tunc
2706 920 3161 989 repromissionis
3216 923 3459 979 fructum
3512 927 3581 980 ab
3673 938 3679 944 '

1996 997 2179 1053 sterili
2262 1004 2540 1074 acceperit
2565 1022 2582 1074 ;

1995 1104 2139 1145 mur.

2142 1182 2291 1240 Vere.
2321 1184 2590 1263 Beatiqui
2616 1191 2824 1262 lugent,
2867 1198 3125 1267 quoniam
3155 1198 3280 1269 ipsi,
3323 1206 3432 1255 etc.

2065 1294 2305 1367 lmitata,
2339 1316 2373 1357 ο
2398 1303 2602 1371 anima,
2641 1304 2928 1365 Samsonis
2959 1310 3232 1382 ignaviam
3252 1310 3301 1377 ιι,
3332 1327 3573 1383 operum

1995 1393 2217 1443 tuorum
2280 1391 2510 1462 gloriam
2577 1399 2814 1452 detonsa
2879 1400 3151 1460 amisisti:
3207 1401 3320 1456 vita
3387 1403 3574 1458 sobria

1991 1486 2047 1533 et
2113 1480 2317 1549 beata,
2372 1485 2444 1540 ob
2513 1487 2760 1544 studium
2831 1492 3175 1563 voluptatis,
3243 1494 3576 1566 alienigenis

1993 1571 2215 1627 tradita.

2215 1662 2370 1719 Vers.
2403 1665 2562 1722 Beati
2585 1672 2769 1736 mites,
2801 1673 3056 1743 quoniam
3090 1674 3216 1742 ipsi,
3251 1684 3360 1731 etc.

2675 1007 2805 1078 ejus
2881 1026 2985 1068 nos
3067 1014 3329 1083 pietatem
3400 1016 3579 1072 imite-

387 1732 446 1785 Ὀ
471 1733 599 1802 πρὶν
650 1734 864 1802 σιαγόνι
914 1734 1039 1789 ὄνου
1099 1740 1333 1809 νικήσας
1362 1740 1491 1804 τοὺς
1523 1739 1880 1810 ἀλλοφύλους,

2058 1750 2164 1817 Qui
2222 1764 2351 1811 ante
2402 1761 2630 1816 maxilla
2689 1765 2831 1819 asini
2885 1766 3224 1837 alienigenas
3270 1766 3570 1832 vicisset'l,

301 1824 398 1877 νῦν
429 1825 811 1896 παρανάλωμα
839 1827 942 1898 τῆς
1000 1829 1291 1898 ἐμπαθοῦς
1346 1831 1606 1902 λαγνείας
1635 1834 1880 1906 εὑρέθηό

299 1916 420 1971 ἀλλ’
442 1917 670 1988 ἔκφυγε,
691 1918 839 1992 ψυχή
872 1922 1113 1994 μου,τὴν
1142 1923 1400 1997 μίμησιν,
1422 1926 1519 1998 τὴν
1539 1926 1767 1999 πρᾶξιν,
1783 1929 1884 2000 τὴν

298 2012 597 2081 χαύνωσιν.

403 2107 565 2172 Στιχ.
585 2103 965 2174 Μακάριοιόἱ
995 2107 1322 2175 πεινῶντες
1350 2108 1451 2163 καί
1478 2109 1795 2180 διψῶντες.

368 2192 559 2262 Βαράκ
615 2194 711 2248 καὶ
747 2195 958 2264 Ἰεφθᾶε
985 2236 1000 2262 ,
1037 2199 1085 2251 οἱ
1115 2197 1482 2271 στρατιάρχαι
1540 2202 1729 2271 κριταὶ¹
1784 2202 1881 2256 τοῦ
1965 2217 1969 2222 ·

310 2283 528 2357 Ἰσραὴλ
574 2286 1020 2359 προεκρίθησαν*
1056 2288 1177 2360 μεθ’
1201 2283 1275 2345 ὧν
1312 2292 1559 2364 Δεόόρρα
1588 2295 1621 2361 ἡ
1653 2294 1882 2365 ἄρρενό-

299 2392 473 2446 φρων.
550 2376 744 2432 Αὐτῶν
769 2381 889 2444 ταῖς
913 2380 1247 2452 ἀριστείαις,
1293 2382 1465 2455 ψυχὴ,
1496 2384 1884 2456 ἀρῤενωθεῖσα

300 2466 659 2539 κρατύνθητι.

440 2563 598 2629 Στιχ.
627 2560 917 2631 Μακάριοι
950 2565 1005 2616 ot
1028 2563 1381 2633 ἐλεήμονες,
1413 2565 1505 2621 ὅτι
1543 2568 1738 2624 αὐτοί.

368 2648 481 2720 Τὴν
525 2650 744 2723 ’1ωὴλ¹⁶
771 2652 1028 2724 ἀνδρείαν
1090 2653 1285 2723 ἔγνως,
1314 2655 1461 2727 ψυχή
1500 2675 1624 2728 μου,
1656 2657 1757 2729 τὴν
1790 2657 1883 2713 τὸν

299 2740 505 2811 Σισάρα
537 2743 668 2812 πρὶν
719 2743 1164 2816 σκολοι-ήσασαν,
1196 2748 1293 2799 καὶ
1329 2748 1609 2817 σωτηρίαν
1639 2750 1883 2820 ἐργασα-

302 2832 496 2902 μένην·
528 2832 619 2886 τὸν
653 2833 934 2889 πάσσαλον
986 2836 1228 2905 ἀκούεις,
1273 2837 1344 2890 δι’
1376 2832 1439 2893 οὗ
1475 2854 1561 2891 σοι
1590 2840 1619 2892 ὁ
1647 2841 1882 2912 σταυρὸς

298 2923 650 2988 εἰκονίζεται.

296 3016 462 3084 Στιχ.
511 3015 803 3087 Μακάριοι
827 3019 883 3072 οι
916 3017 1166 3140 tradat)?!
1211 3018 1285 3089 τῇ
1347 3019 1583 3090 καρδίᾳ,
1638 3022 1729 3077 ὅτι
1781 3025 1883 3079 αὺ-

1038 3105 1105 3140 το
1137 3130 1153 3140 .

1038 3105 1153 3146 τοι.

369 3176 565 3245 Θῢσον,
609 3178 776 3250 ψυχὴ,
826 3179 1021 3234 θυσίαν
1073 3181 1511 3252 ἐπαινουμένηνο
1559 3183 1761 3254 πρᾶξιν
1806 3184 1883 3249 ὡς

296 3266 574 3342 θυγατέρα
600 3272 914 3342 προσάγαγε
942 3273 1043 3343 τῆς
1076 3272 1291 3341 Ἱεφθᾶε
1321 3273 1747 3346 καθαρωτέραν,
1786 3275 1882 3329 καὶ

300 3359 527 3428 σφάξον,
544 3360 736 3435 ὥσπερ
760 3362 931 3434 θῦμα,
958 3363 1028 3417 τὰ
1048 3365 1195 3435 πάθη
1226 3365 1325 3436 τῆς
1354 3363 1559 3435 σαρκὸς
1590 3365 1666 3436 τῷ
1693 3366 1882 3438 Κυρίῳ

303 3468 425 3509 σου.
1716 3507 1719 3510 .

308 3528 341 3555 ³
402 3546 567 3612 Στιχ.
599 3543 889 3614 Μακάριοι
918 3547 975 3599 oi
1007 3546 1395 3615 εἰρηνοποιοί,
1427 3547 1517 3602 ὅτι
1543 3548 1741 3602 αὐτοί.

370 3633 475 3687 Τοῦ
508 3634 712 3689 Γεδεὼν
728 3636 820 3690 τὸν
843 3638 1010 3693 πόκον
1028 3640 1167 3704 νόει,
1195 3640 1343 3712 ψυχή
1379 3657 1483 3711 μου
1509 3655 1522 3670 ⁸
1552 3640 1615 3706 ἐξ
1642 3640 1879 3715 οὐρανοῦ

296 3726 399 3796 τὴν
424 3725 612 3797 δρόσον
642 3727 917 3794 ὑπόδεξαι.
952 3731 1063 3784 Καὶ
1105 3730 1278 3801 κῦψον
1329 3732 1520 3809 ὥσπερ
1562 3733 1711 3787 κύων
1732 3750 1746 3763 ·
1779 3737 1877 3790 καὶ

299 3819 391 3871 πίε
420 3820 479 3873 τὸ
504 3822 648 3894 νᾶμα
672 3822 732 3876 τὸ
755 3825 819 3877 ὲκ
841 3822 1007 3894 νόμου
1031 3824 1159 3896 ῥυὲν
1185 3827 1251 3897 τῇ
1269 3826 1561 3897 ἀποθλίψει
1582 3825 1675 3881 τοῦ
1696 3828 1880 3899 γράμ-

299 3925 491 3978 ματος.
662 3950 665 3953 μ

580 4004 744 4071 Στιχ.
786 4004 1077 4074 Μακάριοι
1102 4009 1156 4061 οἱ
1182 4005 1562 4079 δεδιωγμένοι
1580 4045 1593 4061 .

382 4112 526 4167 Ἠλεὶ
545 4114 638 4169 τοῦ
666 4115 855 4186 ἱερέως
902 4118 1001 4190 τὴν
1042 4120 1365 4192 καταδίκην,
1390 4122 1536 4194 ψυχή
1606 4140 1731 4195 μου,
1764 4108 1871 4180 ἀπέ-

296 4207 524 4262 εσπάσω
552 4208 620 4262 δι’
651 4208 858 4265 ἔνδειαν
881 4212 1093 4283 φρενῶν
1115 4229 1130 4244 ο
1155 4214 1504 4288 ἀνασχομένη
1532 4217 1600 4270 τὰ
1633 4216 1782 4288 πάθη
1810 4218 1869 4270 ὲν

299 4299 402 4363 σοὶ,
457 4297 648 4371 ὥσπερ
713 4303 968 4367 κάκεῖνος
990 4304 1059 4358 τὰ
1099 4304 1267 4359 τέκνα
1317 4309 1563 4379 ἐνεργεῖν
1584 4307 1655 4363 τὰ
1681 4307 1866 4380 παρά-

300 4406 459 4459 νομα.

296 4484 461 4548 Στιχ.
490 4482 784 4552 Μιικάριοί
827 4486 970 4540 ἐστε
1029 4488 1178 4542 ὅταν
1221 4489 1625 4553 ὀνειδήσωσιν
1675 4489 1870 4559 ἡμῶν.

378 4573 465 4627 Ἐν
495 4577 607 4639 τοῖς
638 4577 871 4646 Κριταῖς
896 4579 1150 4650 Λευίτης,
1180 4579 1249 4633 δι’
1278 4581 1576 4652 ἐμμελείας
1597 4578 1706 4653 τὴν.
1737 4583 1869 4635 ἑαυ-

296 4665 393 4720 τοῦ
425 4669 679 4735 γυναῖκα,
709 4672 831 4733 ταῖς
855 4669 1066 4727 δώδεκα
1099 4672 1292 4743 φυλαῖς
1320 4675 1504 4740 διεῖλε,
1536 4675 1703 4747 ψυχή»
1751 4692 1877 4743 μου,

301 4756 389 4811 ῐνα
404 4758 465 4811 τὸ
502 4759 669 4829 μῦσος
724 4761 1076 4836 θριαμϐεύσῃ
1103 4766 1162 4819 τὸ
1185 4767 1249 4819 ὲκ
1282 4767 1566 4837 Βενιαμὶν,
1598 4768 1663 4821 τὸ
1693 4766 1878 4839 παρά-

307 4865 485 4921 θομον.

377 5030 393 5099 Ῠ
453 5029 733 5092 Mallh.v.
762 5032 818 5086 5.
897 5038 915 5087 t
954 5031 1134 5091 Judic.
1170 5053 1294 5099 xm,
1345 5037 1395 5099 7,
1448 5037 1540 5090 22.

295 5106 328 5135 ¹¹
359 5096 535 5156 Judic.
571 5116 645 5168 tv,
689 5102 774 5157 17.

1650 5036 1677 5076 ιι
1707 5034 1888 5091 Judic.
1934 5053 2041 5095 xvi,
2092 5033 2182 5087 ‘20.

852 5103 1084 5162 °Judic.
1121 5123 1198 5176 ιι,
1231 5108 1321 5163 54.
1397 5116 1426 5157 P
1471 5105 1651 5162 Judic.
1723 5123 1817 5174 vn,
1880 5107 1931 5161 i5.

1987 1857 2136 1897 nunc
2167 1846 2308 1902 male
2337 1848 2581 1906 libidinis
2612 1869 2742 1909 esca
2768 1856 2986 1914 inutilis
3016 1872 3081 1913 ac
3111 1873 3212 1914 ceu
3234 1859 3571 1916 condimen-

1988 1944 2100 1990 tum
2135 1938 2391 1997 inventus
2420 1951 2503 1998 est
2539 1962 2553 1998 :
2591 1945 2737 2003 Cave
2768 1963 2925 2014 vero,
2975 1965 3009 2004 ο
3046 1950 3256 2020 anima,
3310 1953 3570 2020 imiteris,

1986 2025 2060 2082 ita
2095 2042 2246 2101 agas,
2277 2032 2359 2088 sic
2394 2035 2686 2094 molliaris.
3134 2022 3135 2025 Ἰ

2175 2120 2323 2179 Vere.
2363 2127 2522 2180 Beati
2574 2129 2667 2199 qui
2697 2130 2938 2186 esuriant
2967 2140 3018 2187 et
3046 2131 3255 2197 sitiunt,
3290 2141 3399 2189 etc.

2052 2213 2227 2271 Barac
2274 2224 2329 2271 et
2361 2218 2554 2288 Iephte
2577 2228 2618 2251 ³
2649 2222 2862 2291 praelati
2913 2229 3043 2278 sunt
3091 2223 3312 2293 judice:
3350 2225 3519 2281 Israel
3552 2244 3566 2280 :

1983 2320 2128 2377 quos
2159 2310 2378 2379 excepit
2401 2311 2594 2382 virago
2618 2312 2710 2367 illa
2734 2312 2971 2369 Debora.
3029 2314 3136 2383 Tu,
3165 2317 3382 2385 anima,
3410 2332 3570 2389 egre-

1984 2397 2071 2467 gie
2099 2403 2196 2470 per
2223 2416 2321 2458 eos
2355 2401 2531 2473 gestis
2559 2405 2845 2469 roborata,
2880 2403 3122 2463 ﬁrmare.
3179 2472 3199 2479 _
3226 2468 3271 2474 ,ν

2102 2577 2254 2635 Vere.
2282 2580 2439 2637 Beati
2463 2584 2859 2652 misericordes,
2887 2585 3142 2655 quoniam
3185 2586 3308 2657 ipsi,
3352 2595 3458 2644 etc.

2055 2667 2231 2745 Nosti,
2264 2688 2297 2726 ο
2326 2673 2512 2730 anima
2544 2690 2687 2740 mea,
2724 2674 2896 2731 Jaelis
2928 2676 3080 2733 illius
3106 2675 3486 2733 fortitudinem
3515 2688 3566 2742 ι’,

1983 2775 2106 2830 quae
2137 2761 2269 2816 olim
2297 2762 2547 2819 Sisaram
2580 2766 2704 2835 palo
2731 2767 3032 2832 transﬁxit,
3062 2782 3128 2822 ac
3148 2767 3278 2822 fecit
3298 2768 3572 2824 salutem?

1983 2853 2156 2909 Audis
2205 2857 2413 2925 palum,
2455 2871 2568 2927 quo
2603 2859 2698 2915 tibi
2730 2874 2830 2915 ceu
2866 2859 2924 2915 in
2957 2859 3200 2931 imagine
3240 2874 3379 2916 crux
3413 2860 3569 2914 exhi-

1986 2944 2185 3000 betur?
2461 2942 2465 2946 ⁸

2106 3033 2259 3092 νεα.
2289 3037 2446 3094 Beati
2478 3039 2676 3095 mundo
2708 3040 2889 3108 corde,
2920 3042 3171 3112 quoniam
3197 3043 3321 3111 ipsi,
3354 3050 3461 3098 etc.

2065 3192 2351 3262 Sacriﬁca,
2386 3211 2419 3252 o
2448 3199 2650 3263 anima,
2686 3197 2963 3254 laudabile
3001 3198 3373 3266 sacriﬁcium;
3435 3196 3570 3253 offer

1992 3285 2268 3342 actionem
2322 3287 2448 3343 lilia:
2501 3288 2707 3354 instar,
2772 3290 3085 3348 mundioris
3136 3291 3229 3346 illa
3272 3288 3517 3360 Jephteo
3550 3330 3565 3353 ,

1990 3390 2058 3431 ac
2093 3377 2245 3432 velut
2302 3377 2585 3433 victimam
2613 3418 2630 3445 ,
2663 3379 2887 3435 immola
2926 3379 3037 3437 Deo
3068 3387 3167 3437 tuo
3204 3368 3388 3437 carnis
3435 3380 3567 3436 all‘c-

1989 3467 2225 3524 ctiones.

2179 3556 2321 3613 Vers.
2348 3558 2500 3613 Beati
2533 3559 2771 3630 paciﬁci,
2796 3560 3050 3631 quoniam
3081 3560 3203 3629 ipsi,
3242 3570 3350 3617 etc.

2058 3648 2280 3721 Cogita,
2310 3665 2343 3705 ο
2368 3650 2553 3706 anima
2574 3664 2716 3713 mea,
2750 3650 2927 3706 vellus
2946 3649 3269 3706 Gedeonisp
3300 3667 3313 3703 :
3348 3648 3571 3719 suscipe

1986 3755 2164 3797 rorem
2233 3742 2301 3799 de
2353 3743 2494 3799 coelo
2538 3760 2551 3796 :
2613 3750 2665 3798 te
2720 3750 2780 3797 ut
2837 3742 2993 3798 canis
3047 3742 3251 3797 inclina
3287 3741 3453 3814 (42),
3504 3755 3566 3792 ac

1987 3832 2112 3889 bibe
2142 3832 2402 3890 ﬂuentem
2438 3847 2469 3887 a
2509 3835 2651 3902 lege,
2692 3847 2885 3901 pressa
2919 3833 3129 3899 littera,
3154 3831 3398 3887 laticem.

2094 3986 2243 4062 Vera.
2275 4004 2431 4059 Beati
2459 4005 2549 4076 qui
2579 4004 3000 4075 persecutionem
3028 4005 3330 4072 patiuntur,
3363 4012 3471 4059 etc.

2056 4116 2176 4174 Heli
2241 4117 2546 4175 sacerdotis
2577 4126 2605 4168 ιι
2635 4116 3042 4171 damnationem
3097 4116 3269 4181 illam,
3315 4131 3349 4170 ο
3385 4116 3569 4169 anima

1985 4225 2125 4274 mea,
2158 4224 2268 4279 prae
2300 4208 2498 4264 mentis
2528 4207 2735 4277 inopia,
2767 4205 3010 4262 ascivisti
3041 4223 3054 4260 :
3096 4222 3216 4276 quae
3247 4222 3412 4278 passa
3465 4207 3567 4271 sis,
3606 4260 3611 4265 ,

1988 4310 2046 4353 ιιι
2072 4300 2416 4364 all'ectiones,
2446 4300 2634 4371 iniqua
2669 4299 2724 4354 in
2761 4306 2814 4353 te
2836 4316 2850 4366 ;
2871 4294 3340 4369 quemadmodum
3374 4298 3492 4369 ipse
3511 4309 3570 4352 ut

1987 4389 2103 4459 lilii,
2137 4400 2539 4464 perpetrarent.

2102 4484 2249 4541 Vers.
2284 4482 2437 4538 Beati
2462 4486 2614 4539 eritis
2639 4499 2759 4539 cum
2811 4484 3251 4552 exprobraverint
3285 4481 3456 4537 vobis.

2059 4581 2207 4638 Scite
2264 4582 2505 4648 Levites,
2541 4590 2600 4637 ut
2641 4589 2725 4639 est
2757 4579 2941 4636 Judic.
2979 4581 3123 4635 libro
3188 4591 3235 4645 τ,
3297 4594 3330 4633 o
3382 4579 3569 4634 anima

1988 4691 2130 4741 mea,
2172 4688 2399 4730 uxorem
2438 4689 2617 4741 suam,
2654 4674 2709 4729 in
2743 4672 3040 4730 duodecim
3077 4673 3255 4728 tribus
3291 4670 3570 4727 membra-

1986 4768 2085 4822 tim
2116 4768 2324 4832 divisit,
2357 4775 2417 4822 ut
2444 4767 2716 4823 nefarium
2751 4766 3189 4838 Benjamitarum
3231 4765 3420 4821 scelus
3455 4771 3565 4818 tra-

1985 4861 2235 4917 duceret.

2299 5033 2312 5073 ³
2349 5033 2534 5089 Jmlic.
2571 5050 2661 5096 xv,
2702 5035 2791 5089 lii.
2904 5043 2942 5065 "
3003 5033 3187 5089 Jmlic.
3253 5032 3401 5099 Iv,5;
3429 5035 3574 5098 xx,l.

2012 5115 2041 5157 ιι
2070 5106 2086 5160 l
2114 5105 2247 5178 Reg.
2278 5122 2340 5171 ιι,
2370 5106 2456 5160 12.
2534 5113 2556 5143 ι’
2593 5102 2785 5189 Jud-ic.
2845 5121 2959 5169 χιιι,
3008 5105 3101 5161 99.

1603 5283 1838 5341 ἾΛΒΙᾹΞ
1882 5284 2286 5341 LECTIONES.

412 5363 459 5396 ¹⁸
497 5376 661 5447 Ἰαηλ.

1595 5488 1975 5548 COMBEFISII
2013 5494 2242 5553 NOTJE.

373 5588 489 5659 (ιὲ)
535 5588 605 5644 Te
649 5600 706 5644 ut
762 5591 909 5644 canis
958 5588 1177 5643 inclina.
1236 5587 1404 5659 Quod
1449 5585 1708 5641 nimirum
1757 5603 1877 5657 pro-

303 5657 485 5730 hisio:
516 5661 572 5714 in
649 5661 991 5730 spiritalibus
1064 5660 1127 5711 ad
1204 5673 1352 5730 quae
1394 5657 1691 5717 hortatur,
1763 5674 1872 5711 non

303 5729 580 5791 imbellem
634 5727 867 5800 arguant
921 5727 1356 5796 animum,’sed
1415 5741 1766 5807 generosum,
1822 5737 1876 5783 et

1982 5593 2074 5716 (ίῖῖὶ
2127 5595 2219 5674 βὶι
2289 5605 2448 5667 aptus
2508 5597 2717 5668 prmliis
2776 5597 3028 5663 Domini;
3090 5598 3316 5668 pulchra
3373 5599 3568 5668 piaque

1983 5679 2010 5715 a
2060 5679 2199 5716 usro.
3410 5692 3413 5695 ι

1983 5679 2199 5719 anusw.
3410 5692 3413 5695 ’
