4004 6150
482 350 619 418 1367

569 461 714 518 Verr.
738 459 976 516 Gaudete
1001 469 1050 516 et
1084 460 1370 526 exsultate,
1410 462 1535 528 quia
1563 476 1758 515 merces
1789 469 1985 515 vestra.

555 554 736 610 Oraus
781 544 1015 622 sapiens
1046 551 1205 606 Anna
1237 561 1286 614 ³,
1315 551 1456 606 labia
1489 551 1716 621 quidem
1745 551 1810 606 ad
1845 550 2086 605 laudem.

482 643 770 708 movebat;
801 649 858 694 at
889 655 991 696 vox
1023 639 1146 711 ejus
1165 641 1592 712 haudquaquam
1623 641 1760 696 foris
1791 642 2061 706 sonabat;

483 735 601 804 ipsa
630 732 991 788 nihilominus
1023 733 1250 800 sterilis,
1295 733 1524 805 dignum
1585 734 1842 805 precibus
1891 733 2062 787 lilium

482 834 646 896 partu
675 824 810 880 edit.

597 915 750 974 Vera.
773 917 1036 974 Memento
1071 919 1266 982 nostri,
1298 915 1554 982 Domine,
1573 933 1698 972 cum
1729 917 1958 972 veneris.

553 1013 959 1082 Annae‘proles,
1001 1026 1233 1082 magnus
1275 1009 1518 1074 Samuel,
1563 1025 1725 1080 quem
1754 1009 2066 1064 Armathaea

483 1101 576 1157 illa
615 1102 874 1157 educavit
903 1104 958 1158 in
990 1103 1160 1158 domo
1187 1103 1428 1169 Domini,
1458 1103 1743 1173 iudicibus
1774 1118 2063 1168 accensus,

382 1185 386 1188 ’
477 1193 644 1264 judex
673 1193 776 1248 iuit
813 1195 868 1262 t;
896 1210 1022 1250 eum
1055 1203 1133 1259 tu,
1165 1195 1350 1249 anima
1377 1210 1520 1262 mea,
1543 1196 1832 1262 temularc;
1869 1203 2066 1267 tuaque

483 1284 656 1355 ipsius
685 1299 874 1355 opera,
909 1297 1037 1341 ante
1075 1287 1242 1348 alios,
1264 1286 1476 1357 iudica.

602 1375 750 1431 Vera.
783 1377 1050 1432 Memento
1083 1380 1256 1433 nostri
1288 1387 1368 1442 tu,
1399 1381 1543 1444 here,
1581 1395 1701 1434 cum
1731 1381 1958 1433 ueneris.

553 1463 779 1522 Electus
808 1466 976 1523 David
1012 1469 1067 1522 in
1105 1484 1316 1539 regem,
1341 1468 1514 1523 divini
1545 1470 1654 1525 olei
1694 1483 1888 1534 cornu,
1911 1482 2066 1522 more

483 1557 636 1627 regio
693 1570 894 1614 unctus
947 1569 1141 1616 est“:
1192 1575 1294 1631 age
1350 1575 1504 1632 ergo,
1568 1559 1752 1615 anima
1809 1575 1962 1626 mea,
2019 1559 2066 1614 si

482 1649 640 1716 cupis
690 1663 920 1721 regnum
971 1653 1220 1717 ccelestc,
1275 1652 1424 1708 velut
1467 1659 1750 1724 unguento
1802 1651 2066 1722 lacrymis

484 1757 709 1813 ungere.

667 1833 814 1890 Vera.
850 1835 1111 1892 Memento
1139 1836 1330 1900 nostri,
1357 1842 1562 1902 sancte,
1596 1851 1736 1901 rum,
1775 1843 1884 1890 etc.

551 1923 636 1982 'l‘u
665 1927 1012 1994 misericors,
1053 1929 1320 1983 miserere
1363 1926 1611 1998 ﬁgmenti
1645 1927 1725 1982 tui
1757 1945 1773 1980 :
1803 1925 2066 1982 miserare

479 2031 622 2087 Opus
653 2033 912 2073 manuum
956 2027 1202 2086 tuarum,
1235 2033 1299 2074 ac
1327 2034 1499 2090 parce
1531 2017 1922 2088 peccatoribus
1945 2031 2064 2071 om-

479 2111 677 2179 nibus;
707 2112 954 2181 mihique
985 2128 1111 2168 cum
1142 2113 1358 2184 primis,
1393 2113 1489 2184 qui
1518 2126 1630 2184 pra:
1657 2111 1918 2166 omnibus
1971 2117 2064 2164 tua

479 2203 740 2259 mandata
775 2205 1031 2273 despesi.

621 2293 812 2350 Gloria
841 2295 1018 2361 Patri,
1047 2305 1096 2350 et
1141 2293 1306 2361 Filio,
1353 2303 1404 2350 et
1447 2292 1678 2365 Spiritui
1710 2303 1919 2348 sancto.

546 2384 802 2459 lngenito
827 2387 966 2460 (45).
1002 2386 1276 2457 Nataque.
1320 2395 1376 2443 et
1423 2385 1749 2442 Procedenti
1790 2405 1801 2440 :
1841 2385 2062 2440 Patrem

477 2475 650 2532 adoro
672 2480 766 2548 qui
797 2479 992 2551 genuit
1027 2499 1041 2536 :
1068 2480 1316 2552 gloriﬁco
1341 2477 1540 2532 Filium
1565 2478 1658 2547 qui
1689 2478 1910 2547 genitus
1939 2485 2060 2532 est:

479 2569 594 2638 pari
626 2569 880 2628 claritate
900 2587 1027 2626 cum
1061 2571 1219 2629 Patre
1239 2579 1293 2628 et
1315 2569 1456 2626 Filio
1487 2569 1753 2642 Spiritum
1782 2578 2060 2635 sanctum,

477 2660 710 2717 canticis
731 2661 972 2718 celebro.

1151 2754 1217 2810 In
1244 2754 1457 2823 Deipar.

549 2842 802 2900 Divinum
837 2854 992 2901 tuum
1034 2845 1236 2900 Filium
1291 2847 1622 2910 adoramus;
1661 2856 1773 2897 non
1807 2838 2062 2896 dividen-

475 2943 582 3002 tes,
611 2952 644 2990 ο
692 2935 786 2993 Dei
821 2937 1096 3004 Genitrix,
1127 2953 1294 3008 quam
1345 2952 1412 2992 ex
1443 2944 1496 2992 te
1527 2942 1695 2990 natus
1729 2932 1916 2988 infans
1952 2947 2059 2988 na-

475 3037 602 3083 tura
641 3029 876 3099 gloriam
915 3029 1095 3086 habet.
1129 3028 1342 3099 Quippe
1371 3042 1543 3084 unum
1575 3039 1836 3099 persona;
1873 3024 2060 3096 dupli-

474 3133 594 3175 cem
623 3119 846 3176 naturis
870 3119 1225 3176 conﬁtemur.

1043 3211 1152 3266 Ode
1189 3211 1242 3266 Ἰ.
1275 3211 1323 3266 11
1331 3214 1517 3266 irmns.

554 3317 578 3352 ι
611 3299 1003 3369 Peccavimus;
1025 3302 1216 3374 inique
1238 3303 1484 3374 egimus;
1509 3301 1712 3372 injuste
1736 3300 1968 3358 fecimus
1988 3311 2049 3355 ν»

473 3407 656 3448 coram
697 3401 771 3461 te,
805 3409 906 3450 nec
935 3395 1304 3460 servavimus,
1343 3403 1507 3451 autve
1551 3394 1806 3462 fecimus,
1857 3409 2054 3466 quem-

472 3484 768 3541 admodum
795 3487 958 3543 nohis
985 3488 1254 3544 mandasti
1283 3507 1297 3544 :
1335 3502 1524 3544 verum
1560 3503 1628 3544 ne
1653 3502 1776 3555 nos,
1818 3496 1872 3544 tu
1909 3485 2052 3544 Deus

471 3585 711 3648 patrum,
751 3577 1048 3634 tradideris
1076 3579 1130 3633 in
1161 3579 1342 3634 (laeui.

541 3668 792 3737 Peccavi,
825 3671 1014 3741 inique
1039 3671 1148 3741 egi,
1175 3684 1240 3724 ac
1271 3671 1592 3726 mandatum
1625 3678 1778 3724 tuum
1808 3669 2010 3725 vnolavi
2035 3687 2048 3723 :

469 3758 672 3828 quippe
705 3767 870 3814 natus
902 3775 1026 3815 sum
1078 3758 1133 3814 in
1184 3761 1451 3831 peccatis,
1507 3758 1807 3830 addidique
1851 3759 2052 3816 vulnus

471 3848 738 3905 livoribus
788 3851 930 3906 meis
965 3869 978 3906 :
1015 3867 1206 3907 verum
1239 3860 1296 3907 tu
1333 3853 1484 3908 velut
1531 3852 1858 3910 misericors
1883 3895 1898 3920 ,
1952 3852 2046 3922 qui

468 3949 687 4010 patrum
714 3957 775 3998 es
799 3941 962 4008 Deus,
995 3945 1283 4002 miserere.

535 4032 764 4089 Occulta
809 4035 994 4092 cordis
1032 4037 1138 4093 mei
1167 4038 1267 4094 tibi
1317 4053 1440 4094 meo
1474 4037 1652 4109 judici
1683 4038 2044 4104 annuntiavi;

467 4125 592 4182 vide
646 4127 1011 4184 humilitatem
1061 4145 1279 4199 meam;
1323 4131 1450 4186 vide
1482 4139 1537 4187 et
1578 4145 1755 4186 meam
1797 4129 2048 4185 amictio-

395 4239 402 4246 -
465 4232 696 4282 nem,ac
721 4219 942 4275 intende
967 4220 1183 4290 judicio
1218 4238 1368 4291 meo;
1395 4224 1612 4294 meique
1641 4223 1760 4292 ipse
1789 4230 1848 4276 ut
1878 4223 2045 4280 misc-

465 4308 665 4376 ricors,
697 4311 790 4382 qui
824 4327 884 4367 es
919 4311 1064 4368 Deus
1091 4322 1335 4384 patrum,
1355 4315 1622 4372 miserere
1641 4328 1689 4371 ι.

531 4400 670 4456 Cum
701 4403 831 4458 olim
865 4402 1020 4464 Saul,
1051 4420 1085 4461 ο
1108 4407 1314 4468 anima,
1342 4407 1523 4478 patris
1557 4407 1642 4462 sui
1673 4405 1859 4462 asinas
1906 4405 2044 4460 ami-

1647 350 1709 412 s.
1733 347 2068 410 unum
2098 328 2520 410 CRETENSIS

2089 461 2132 519 A
2165 461 2328 528 Στιχ.
2352 461 2596 529 Χαίρετε
2627 455 2728 512 και
2756 453 3134 528 ἀγαλλιᾶσθε
3157 459 3244 517 ὅτι
3264 461 3297 514 ὀ
3311 459 3537 530 μισθὸς
3552 459 3742 530 ἡμῶν·

3619 345 3747 411 1368

2253 551 2316 604 Ἦ
2344 550 2706 622 φιλοσώιρρων
2736 552 2906 605 Ἀννα
2932 551 3371 622 προσευχομένη,
3397 553 3469 605 τὰ
3480 552 3637 622 χείλη
3658 552 3745 621 μὲν

2165 643 2333 698 ἐκίνει
2361 642 2499 714 πρὸς
2532 645 2773 698 αἶ’νεσιν⁶
2814 643 2968 715 φωνὴ
2999 643 3062 698 δὲ
3087 642 3294 716 ταύτης
3334 644 3437 696 οὐκ
3467 643 3740 714 ὲξηχεῖτο²

2165 735 2280 790 ἀλλ’
2307 735 2458 806 ὅμως
2493 736 2681 806 στεῖρα
2714 730 2850 788 οὖσα
2869 773 2884 799 ,
2914 734 3030 788 υἱὸν
3057 733 3158 805 τῆς
3215 733 3535 804 προσευχῆς
3581 732 3746 786 τίκτει

2164 826 2337 894 ἄξιον.

2286 924 2452 990 Στιχ.
2483 918 2799 986 Μνήσθητι
2820 917 3010 988 ἡμῶν,
3031 920 3226 990 Κύριε,
3245 919 3394 973 ὅταν·
3417 919 3630 986 ἔλθῃς.

2249 1014 2337 1067 Ἐν
2367 1015 2480 1076 τοῖς
2503 1012 2758 1083 Κριταῖς,
2787 1009 2818 1063 ὁ
2850 1013 3051 1080 Ἀννης
3093 1011 3293 1082 ἐκρίθη
3331 1011 3506 1080 τόνος.
3525 1012 3556 1064 ὁ
3585 1009 3748 1079 μέγας

2167 1102 2443 1173 Σαμουὴλ,
2466 1100 2527 1154 ὃν
2557 1100 2828 1170 ἐθρέψατο
2859 1102 2894 1172 ἡ
2922 1101 3246 1172 Ἀρμαθαὶμ
3275 1103 3334 1154 ὲν
3363 1101 3498 1170 οἴκῳ
3523 1099 3746 1168 Κυρίουο

2165 1194 2330 1249 αὐτὸν
2355 1191 2544 1263 ζήλου,
2560 1190 2710 1264 ψυχή
2748 1210 2873 1264 μου,
2897 1193 2994 1248 καὶ
3016 1195 3202 1264 κρῖναι
3219 1191 3328 1263 πρὸ
3351 1191 3461 1245 τῶν
3491 1189 3669 1244 ἄλλων
3690 1192 3750 1242 τὰ

2166 1288 2308 1358 ἔργα
2337 1303 2452 1340 σου.

2203 1380 2387 1446 ;Στιχ.
2422 1375 2738 1444 Μνήσθητι
2759 1375 2952 1444 ήμῶν,
2984 1373 3286 1436 Δέσποτα,
3315 1373 3466 1427 ὅταν
3487 1374 3704 1440 ἔλθῃς.

2237 1465 2402 1521 Δαϐὶδ
2439 1467 2521 1530 εἰς
2555 1466 2784 1536 βασιλέα
2822 1465 3238 1535 ἐκλελεγμένος,
3275 1464 3579 1535 βασιλικῶς
3611 1465 3751 1535 ἐχρί-

2170 1558 2271 1630 σθη
2293 1557 2372 1627 τῷ
2401 1558 2591 1629 κέρατι
2619 1558 2718 1611 τοῦ
2743 1557 2890 1611 θείου
2925 1557 3100 1628 μύρου
3135 1571 3150 1586 ⁸
3185 1557 3252 1610 σὺ
3272 1555 3386 1620 οὖν,
3446 1556 3597 1627 ψυχή
3635 1572 3752 1624 μου,

2167 1649 2266 1718 τὴν
2292 1647 2404 1702 ἄνω
2431 1647 2706 1718 βασιλείαν
2742 1649 2792 1700 εἰ
2821 1646 3018 1711 θέλεις,
3073 1645 3232 1719 μύρῳ
3280 1649 3466 1718 χρῖσαι
3531 1649 3646 1710 τοῖς
3674 1647 3755 1701 δά-

2179 1757 2397 1812 κρυσιν.

2381 1838 2546 1904 Στιχ.
2582 1832 2896 1900 Μνήσθητι
2922 1831 3092 1902 ἡμῶν
3115 1871 3132 1896 ,
3157 1831 3308 1900 ἅγιε,
3337 1830 3504 1884 ὅταν.

2250 1927 2502 1998 Ἐλέησον
2525 1926 2587 1978 τὸ
2616 1925 2843 1994 πλάσμα
2895 1940 3012 1988 σου,
3047 1923 3292 1995 ἐλεήμων
3313 1941 3328 1954 ο
3354 1922 3630 1994 οἷκτειρον
3648 1921 3753 1976 τῶν

2165 2017 2364 2090 χειρῶν
2396 2035 2490 2072 σου
2517 2017 2580 2071 τὸ
2610 2017 2843 2089 ποίημα,
2897 2017 2994 2070 καὶ
3023 2017 3207 2086 φεῖσαι
3257 2015 3478 2068 πάντων
3505 2017 3751 2086 ἡμιιρτιιι⁸

2166 2110 2338 2164 κότων
2360 2151 2375 2174 ,
2407 2107 2589 2180 κάμοῦ
2618 2107 2713 2162 τοῦ
2748 2107 2890 2178 ὑπὲρ
2925 2107 3138 2171 πάντας
3167 2109 3282 2170 τοῖς
3323 2108 3438 2170 σοῖς
3469 2106 3750 2177 ὑπεριδόν-

2164 2216 2256 2264 to;
2286 2199 2727 2272 προστάγμασιν.
3193 2194 3199 2200 ’

2283 2292 2440 2356 Δόξα
2465 2291 2666 2359 Harp},
2696 2290 2794 2344 καὶ
2825 2290 2958 2358 Υιῷ,
2993 2289 3096 2343 καὶ
3127 2288 3277 2359 ἁγιῳ
3306 2289 3638 2357 Πνεύμίιτι,

2247 2385 2516 2454 ’Δνάρχῳ,
2551 2383 2648 2437 καὶ
2700 2380 3043 2453 Γεννηθέντι,
3089 2380 3186 2434 καὶ
3237 2381 3478 2450 Προόδῳ.
3531 2380 3748 2450 Πατέρα

2165 2475 2458 2548 προσκυνῶ
2514 2474 2608 2528 τὸν
2637 2475 3010 2552 γεννήσαντα·
3063 2472 3162 2526 xui.
3214 2471 3343 2524 Υῐδν
3394 2470 3606 2536 δοξάζω
3657 2471 3748 2524 τὸν

2163 2569 2531 2639 γεννηθένταο
2584 2567 2741 2638 ὑμνῶ
2775 2567 2835 2620 τὸ
2871 2565 3255 2636 συνεκλάμπον
3309 2564 3484 2636 Πατρί
3542 2581 3605 2618 τε
3656 2564 3750 2618 καὶ

2165 2660 2302 2732 me,
2331 2661 2392 2714 τὸ
2420 2659 2645 2732 Πνεῦμα
2675 2660 2851 2728 ἄτιον.

2837 2753 3080 2808 Θεοτόκ.

2233 2843 2338 2900 Τὸν
2393 2845 2536 2916 ὑπὲρ
2588 2845 2752 2914 φύσιν
2784 2845 2960 2898 Τόκον
3009 2861 3105 2897 σου
3170 2841 3751 2915 προσκυνοῦμεν-τὴν

2163 2935 2304 2991 κατὰ
2333 2935 2494 3008 φύσιν
2537 2936 2698 3003 δόξαν
2738 2935 2833 2989 τού
2866 2935 3104 3006 βρέφους
3144 2951 3241 2988 σου
3270 2935 3348 3005 μὴ
3375 2931 3745 3004 διαιροῦντες,

2160 3030 2552 3102 Θεογεννῆτορ.
2593 3029 2656 3084 '0
2684 3023 2767 3094 εἷς
2810 3029 2920 3102 γὰρ
2949 3029 3027 3102 τῷ
3056 3031 3360 3100 προσώπῳ,
3385 3026 3588 3090 ’διττὸς
3617 3028 3754 3095 ὁμο·

2109 3151 2130 3193 ι
2162 3123 2222 3178 ita
2231 3126 2404 3193 γεῖται
2425 3125 2547 3188 ταῖς
2577 3123 2828 3191 φύσεσιν.

2643 3214 2780 3287 ᾨδὴ
2809 3213 2852 3276 ξ
2871 3254 2886 3270 .
2917 3215 2980 3270 Ὀ
3009 3213 3245 3284 Εἱρμός.

2241 3325 2260 3358 ι
2298 3306 2654 3377 Ἦμάρτομεν
2679 3321 2694 3335 °
2747 3307 3110 3378 ήνομήσαμεν
3141 3321 3157 3338 ·
3212 3304 3564 3376 ἠδικήσαμεν
3588 3323 3608 3357 ι
3667 3305 3756 3356 ἐν·

2161 3399 2334 3454 ώπιόν
2355 3415 2474 3463 σου,
2507 3397 2647 3451 ὀὖδέ
2687 3397 3166 3469 συνετηρήσαμεν,
3221 3396 3344 3450 οὐδὲ
3379 3397 3753 3466 ἐποιήσαμεν,

2161 3488 2343 3554 καθὼς
2377 3489 2631 3543 ὲνετείλω
2677 3489 2810 3559 ἡμῖν
2839 3505 2851 3519 ο
2882 3488 3020 3542 ἀλλὰ
3053 3490 3130 3560 μὴ
3161 3478 3651 3562 παραὸᾡης’ήμᾶς
3675 3489 3754 3550 εἰς

2159 3579 2330 3644 τέλος,
2357 3581 2386 3634 ὁ
2416 3579 2525 3633 τῶν
2560 3579 2815 3649 πατέρων
2843 3579 2997 3644 Θεός.

2241 3671 2592 3743 Ἦμάρτηκα,
2651 3669 3080 3742 ὲπλημμέλησα,
3142 3671 3238 3723 καὶ⁵
3263 3669 3512 3741 ὴθὲτησα
3541 3671 3644 3742 τὴν
3667 3671 3756 3722 ἐν-

2156 3762 2318 3836 τολήν
2371 3778 2497 3816 σου⁶
2519 3764 2600 3816 ὅτι
2635 3764 2694 3816 ὲν
2723 3763 3027 3833 ἁμαρτίαις
3087 3761 3399 3833 προήχθην,
3450 3765 3550 3816 καὶ
3579 3779 3756 3834 προσ-

2157 3858 2332 3928 έθηκα
2367 3859 2480 3920 τοῖς
2506 3854 2734 3926 μώλωψι
2765 3854 2989 3926 τραῦμα
3009 3855 3135 3926 ἐμοί
3157 3872 3170 3885 ·
3198 3855 3314 3908 ἀλλ’
3337 3855 3505 3920 αὐτὸς
3526 3855 3755 3927 ὲλέηπτ

2154 3949 2230 4014 ὡς
2251 3947 2650 4018 εὖσπλαγχνος,
2681 3949 2710 4001 ὀ
2730 3948 2840 4000 τῶν
2863 3947 3120 4019 πατέρων
3145 3948 3299 4010 Θεός.

2225 4040 2308 4094 Τὰ
2328 4039 2538 4112 κρύφια
2589 4040 2690 4110 τῆς
2743 4041 2972 4112 καρδίας
3031 4059 3134 4112 μου
3181 4029 3639 4113 ἐξῆγὸρευσάσοι
3673 4042 3752 4112 τῷ

2155 4135 2316 4202 κριτῇ
2383 4149 2485 4203 μου
2513 4149 2526 4163 ·
2558 4133 2636 4185 ῐδε
2669 4149 2774 4203 μου
2825 4133 2924 4201 τὴν
2975 4133 3345 4189 ταπείνωσιν·
3379 4134 3458 4188 Γδε
3493 4138 3596 4189 καὶ
3651 4136 3752 4205 τὴν

2154 4225 2334 4296 Θλίψιν
2371 4243 2496 4296 μου,
2545 4227 2642 4280 καὶ
2667 4227 2908 4296 πρόσχες
2936 4230 3001 4297 τῇ
3037 4227 3220 4298 κρίσει
3269 4245 3373 4298 μου
3406 4245 3424 4261 ο
3457 4230 3560 4282 καὶ
3587 4230 3750 4292 αὑτός

2155 4335 2223 4390 με
2261 4319 2485 4390 ἐλέησον
2522 4318 2600 4382 ὡς
2649 4319 3048 4389 εὖσπλαγχνος,
3073 4323 3102 4375 ὁ
3125 4321 3236 4373 τῶν
3281 4321 3546 4390 πατέρων
3591 4321 3746 4383 Θεός.

2223 4411 2398 4465 Σαούλ
2453 4426 2588 4463 ποτε
2609 4447 2626 4474 ,
2677 4409 2753 4475 ὡς
2809 4412 3065 4466 ἀπώλεσε
3113 4411 3211 4466 τοῦ
3265 4413 3485 4481 Πατρὺς
3541 4411 3745 4475 αὐτοῦ,

460 4493 718 4560 ιίεεοιῐς
757 4497 1082 4552 accessione
1121 4498 1191 4553 ad
1240 4500 1527 4554 oraculum
1559 4499 1700 4570 (ιι),
1755 4513 1855 4553 ceu
1895 4495 2042 4552 aliud

2179 4502 2320 4574 ουχὴ,
2345 4501 2446 4566 τὰς
2493 4503 2672 4566 ὅνους,
2725 4503 3006 4575 πάρεργον
3027 4503 3088 4558 τὸ
3121 4502 3396 4574 βασίλειον
3444 4497 3580 4576 εὗρε
3607 4503 3748 4573 πρὸς

460 4601 652 4656 agens,
712 4604 940 4660 regnum
991 4591 1245 4648 invenit:
1281 4591 1404 4647 vide
1453 4598 1660 4656 autem,
1713 4605 1782 4644 ne
1833 4589 2042 4656 nescia,

461 4677 649 4735 hrutas
677 4687 804 4736 tuas
833 4680 1170 4750 cupiditates
1197 4683 1460 4752 praeferas
1491 4698 1664 4754 regno
1685 4681 1917 4738 Christi.

533 4854 602 4907 ‘l
659 4854 790 4928 Reg.
834 4870 874 4922 ι,
927 4855 1022 4928 l5:
1101 4857 1122 4894 ί
1155 4854 1172 4910 l
1205 4855 1340 4928 Ileg.
1373 4875 1469 4926 vn,
1512 4860 1602 4919 l5.

459 4941 648 4992 xxxiv,
703 4927 796 4980 25.
875 4935 904 4974 7
935 4925 954 4978 l
990 4925 1127 4998 Reg.
1159 4943 1216 4992 ι,
1245 4925 1304 4983 2.

1678 4873 1706 4902 ιι
1743 4861 1764 4914 1
1795 4862 1927 4934 Reg.
1965 4879 2078 4933 ινι,
2114 4866 2205 4922 15.
2291 4873 2320 4904 ν
2355 4864 2494 4920 Dan.
2553 4865 2711 4930 11,5.

2152 4592 2512 4666 ἁνάρῤησινίτ
2539 4610 2552 4624 ·
2579 4593 2697 4648 ἀλλ’
2717 4594 2842 4664 ὅρα,
2873 4593 2950 4667 μὴ
2979 4593 3148 4664 λάθῃς
3169 4593 3374 4664 σαυτὴν
3398 4596 3500 4656 τὰς
3530 4593 3746 4664 κτηνὼο

2151 4687 2262 4752 δεις
2282 4685 2491 4758 ὀρέξεις
2515 4702 2610 4740 σου
2642 4687 3016 4759 προκρίνουσα
3035 4688 3132 4758 τῆς
3159 4687 3445 4760 βασιλείας
3476 4683 3738 4760 Χριστοῦ.

2788 4863 2986 4920 ItPsal.
3023 4883 3234 4938 xxxv",
3285 4869 3376 4936 l9;
3439 4885 3591 4936 xxxv,
3649 4865 3735 4924 l8;

1735 5041 1970 5099 VARUE
2009 5043 2415 5104 LECTIONES.

529 5159 576 5192 ³⁷
607 5156 748 5215 cm.
780 5158 1104 5231 ἀνάρρυσιν.

1746 5249 2128 5310 COMBEFISII
2162 5253 2390 5312 NOTE.

529 5372 640 5444 (45)
680 5370 944 5444 lngenito.
982 5367 1252 5444 Cogi_mur_
1297 5369 1370 5422 ita
1423 5367 1838 5444 explicarc._tb,
1869 5369 2040 5442 ἀνάρο

2138 5371 2343 5450 prium;
2400 5384 2501 5450 nec
2544 5386 2590 5450 _a
2621 5371 2896 5450 'l't'initate
2937 5379 3367 5450 removendum,
3411 5389 3726 5450 quanquam

451 5437 571 5524 χῳξ
595 5437 1314 5524 _'appropriatum.'Patri.n
1331 5446 1386 5520 et
1411 5437 1624 5524 .contra
1675 5439 1935 5524 γέννησιν
1980 5437 2042 5496 ἐι
2136 5437 2203 5524 eo
2237 5441 2369 5496 olim
2399 5441 2560 5496 abusi
2613 5443 2726 5498 sint
2764 5445 3030 5512 haeretici,
3077 5457 3140 5502 ut
3177 5457 3261 5504 est
3307 5437 3456 5521 apud
3486 5437 3730 5507 Athana-

452 5505 930 5584 πρὼδοιζίιυῖιηιε
951 5509 1149 5584 Filius,
1190 5517 1247 5564 et
1279 5505 1520 5584 Spiritus
1547 5505 1798 5584 sanctus,
1830 5505 2038 5584 secun-

450 5580 583 5636 dum
615 5580 896 5652 propriam
945 5580 1219 5650 cujusque
1265 5580 1664 5652 emanationem
1715 5580 2038 5651 signiﬁcan-

453 5663 568 5722 tnr,
615 5648 980 5722 distinctum;
1023 5657 1084 5722 ut
1133 5648 1788 5722 peculiaritchdicatur'
1817 5667 1912 5722 per
1942 5667 2038 5722 nc-

2135 5513 2302 5566 sinm.

2205 5581 2318 5653 (44)
2352 5583 2676 5664 ΑςξιξιερὶοιιεΔ
2707 5585 2777 5638 ad
2810 5587 3110 5664 oraculum.
3149 5589 3446 5664 Πάρεργον
3472 5594 3535 5647 τὸ
3573 5589 3724 5664 βασες

1517 5649 1912 5730 .dicatur:_pcr
1942 5667 2038 5730 nc:
2132 5649 2457 5730 15mm;
2505 5655 2831 5730 ᾴνᾴῤῥησιν.
2885 5659 3206 5728 Accipimus
3238 5649 3720 5730 secundum'quad

451 5719 721 5798 gationem
779 5719 1124 5798 tﬁ;.alth;,
1171 5727 1228 5772 et
1275 5719 1530 5798 principii
1589 5719 2032 5798 esscttdi,_quml
2131 5719 2436 5798 exponitur
2474 5724 2557 5798 ab
2591 5719 2862 5798 llésj‘chio
2910 5747 2924 5784 τ

2981 5731 3290 5804 πρὸἐιέησις
3315 5749 3331 5762 ·
3382 5735 3718 5804 προαγόμεν-

449 5797 534 5844 εει
586 5787 844 5845 uestrum
890 5787 1203 5858 ingenitum,
1261 5787 1471 5875 eodem
1519 5806 1682 5847 scusu
1715 5789 1863 5875 Patri
1904 5787 2036 5862 pro-
2132 5787 2236 5855 σιξ.
2275 5792 2345 5852 L't
2395 5795 2664 5868 signiticet
2699 5787 2818 5856 'non
2855 5787 3060 5857 tantum
3091 5787 3363 5859 'c'déctum
3405 5787 3443 5859 α’
3471 5787 3721 5862 Samaeis
