4004 6150
382 255 519 324 1369
1684 255 1946 317 MAGNIS

2062 253 2332 315 CANON.
3513 244 3649 311 1370

448 375 617 430 Δαὸίδ
667 375 849 428 ποτεό
877 374 1199 446 πατρόοερς,
1241 374 1288 426 εἰ
1339 374 1435 427 καὶ⁵
1473 374 1690 446 ἥμαρτε
1743 372 1946 437 διττῶς.

2134 370 2462 439 Quanquam
2498 366 2628 423 olim
2664 361 2761 419 Dei
2799 380 2999 436 parens
3030 363 3202 419 David
3225 404 3240 429 ,
3278 364 3481 434 duplex
3519 381 3648 435 pec-

376 469 524 540 ψυχή
576 484 680 537 μου
704 483 719 499 ⁸
758 467 926 538 (βέλει
959 468 1059 538 μὲν
1110 466 1387 533 τοξευθεὶς
1428 467 1528 536 τῆς
1560 464 1829 537 μοιχείας,
1881 464 1946 533 τῷ

2065 470 2251 516 catum
2287 471 2333 526 ι,
2359 474 2393 514 o
2422 459 2603 513 anima
2636 471 2780 523 mea,
2816 456 3063 526 peccavit
3094 474 3107 509 :
3143 455 3401 511 adulterii
3424 455 3645 524 quidem

376 560 434 614 δὲ
489 557 676 629 δόρατι
717 559 883 622 ἁλοὺς
926 559 1025 627 τῆς
1050 558 1146 611 τοῦ
1196 558 1359 625 φόνου
1401 556 1590 626 ποινῆς
1609 556 1649 625 ·)
1674 555 1788 608 ἀλλ’
1818 553 1946 624 αὐτῆ

2064 552 2388 606 vulneratus
2414 549 2624 620 jaculo,
2675 550 2865 602 lancea
2917 562 3047 602 vero
3103 545 3328 615 injustae
3372 546 3525 600 necis
3580 559 3647 599 ae

375 649 444 703 τὰ
465 648 747 719 βαρύτερα
800 648 911 702 τῶν
957 649 1134 722 ἔργων
1177 650 1374 711 νοσεῖς,
1406 648 1525 710 ταῖς
1560 646 1700 699 κατὰ
1731 644 1946 716 γνώμην

2063 641 2352 696 homicidii
2407 648 2601 708 captus
2662 638 2958 707 victusque
3013 656 3027 691 :

375 741 599 812 ὁρμαῖς.

446 831 661 901 Συνῆψε
689 831 788 901 μὲν
812 834 840 885 ό
871 831 1036 884 Δαόίδ
1062 847 1194 884 ποτε
1220 830 1536 901 ἀνομήματι
1560 827 1659 897 τὴν
1687 826 1916 896 ἀνομίαν
1936 839 1950 855 ⁶

377 922 523 993 φόνῳ
549 922 657 992 γὰρ
686 922 784 990 τὴν
814 925 1060 992 μοιχείαν
1086 922 1279 991 ἐκίρνα
1302 921 1400 989 τὴν
1455 918 1749 986 μετάνοιαν
1792 916 1954 977 εὐθὺς

376 1010 706 1081 παραδείξας
752 1011 947 1079 διπλὴν
965 1027 977 1038 ·
1009 1010 1126 1062 ἀλλ’
1146 1010 1287 1079 αὑτὴ
1311 1008 1652 1078 πονηρότερα
1684 1004 1950 1075 εἰργάσω,

372 1102 542 1173 ψυχὴ,
572 1103 647 1173 μὴ
679 1101 1027 1172 μεταγνοῦσα
1057 1100 1196 1170 Θεῷ.

442 1273 608 1327 Δαόίδ
655 1290 784 1325 ποτε
838 1273 1203 1342 ἀνεστὴλωσε,
1262 1270 1720 1343 συγγραψάμενος
1776 1270 1853 1332 ὡς
1895 1270 1953 1322 ἐν

376 1361 564 1426 είκόνι,
612 1359 801 1431 ὕμνον,
835 1362 904 1413 δι’
925 1356 986 1415 οὖ
1005 1362 1105 1431 τὴν
1159 1360 1360 1429 πρᾶξιν
1392 1360 1627 1429 ἐλέγχει,
1663 1359 1732 1429 ἢν
1760 1359 1952 1429 εἰργά-

378 1466 526 1514 σατο,
585 1450 942 1522 κραυγὰζωνο
977 1471 996 1499 ι
1035 1452 1289 1521 Ἐλέησόν
1344 1468 1410 1520 με
1445 1466 1458 1479 ⁶
1517 1450 1600 1502 σοὶ
1652 1447 1762 1518 γὰρ
1808 1448 1953 1518 μόνῳ

375 1541 682 1613 ἐξήμαρτον
712 1540 789 1611 τῷ
812 1542 1031 1597 πάντων
1050 1541 1169 1613 Θεῷ
1190 1559 1205 1573 ο
1224 1541 1388 1605 αὐτὸς
1424 1537 1718 1611 καθάρισόν
1742 1555 1828 1608 με.
1856 1556 1875 1589 ι

3088 637 3206 711 ipsa
3258 635 3643 700 nihilominus,

2062 732 2320 804 graviora
2356 731 2616 800 operibus
2645 744 2867 798 peccas.
2900 728 3068 781 animi
3116 727 3535 796 cupiditatibus.

2138 824 2303 877 David
2357 823 2610 892 equidem
2647 821 2829 876 scelus
2858 821 3055 875 sceleri
3088 820 3142 873 id
3179 818 3441 887 temporis
3491 817 3645 872 addi-

2062 913 2142 968 dit
2176 932 2190 966 :
2222 914 2424 981 quippe
2477 912 2755 980 duplicem
2806 912 2996 964 statim
3056 909 3439 978 paenitentiam
3475 908 3637 961 exhi-

2059 1007 2215 1068 bens,
2245 1004 2546 1058 homicidio
2579 1003 2904 1057 adulterium
2936 1003 3180 1056 miscuit.
3213 1000 3281 1055 At
3319 1008 3399 1065 tu,
3435 1000 3639 1066 anima,

2060 1097 2411 1170 gravioribus
2477 1095 2839 1162 commissis,
2903 1108 3012 1148 non
3074 1092 3188 1147 Deo
3253 1092 3641 1163 pmnilentiam

2059 1190 2242 1262 egisti.

2132 1282 2299 1336 David
2355 1282 2507 1345 olim,
2562 1282 2712 1338 velut
2766 1282 2823 1337 in
2874 1280 3112 1351 imagine
3162 1279 3485 1348 depingens,
3537 1291 3639 1332 ceu

2059 1375 2223 1443 cippo
2257 1373 2584 1443 inscriptum
2628 1374 2890 1446 hymnum
2939 1372 3278 1443 publicavit,
3311 1384 3420 1439 quo
3450 1384 3639 1439 repre-

2057 1466 2305 1521 hendens
2375 1473 2653 1536 patratum
2714 1465 2936 1520 facinus
2995 1465 3253 1519 clamat:
3310 1480 3329 1514 ι
3383 1461 3638 1516 MisPrere

2057 1559 2161 1613 mei
2190 1578 2204 1614 :
2236 1559 2336 1613 tibi
2391 1558 2496 1614 soli
2542 1558 2768 1627 peccavi
2821 1556 3067 1612 omnium
3100 1555 3243 1622 Deo;
3282 1555 3399 1624 ipse
3431 1552 3634 1607 munda

2057 1661 2216 1703 mea.
2259 1667 2277 1699 ι

457 1716 520 1770 Ἦ
546 1717 780 1781 κιϐωτὸς
802 1718 880 1781 ὡς
900 1718 1131 1788 ἐφέρετο
1161 1719 1493 1790 ἐπιδίφριος,
1533 1715 1693 1781 Ὀζὰν
1718 1718 1946 1779 ἐκεῖνος,

2124 1738 2259 1793 Cum
2313 1754 2442 1793 arca
2492 1739 2547 1793 in
2598 1730 2772 1792 curru
2828 1738 3145 1797 veheretur.
3182 1742 3242 1789 ut
3270 1742 3481 1787 tantum
3523 1729 3631 1785 Oza

371 1809 459 1861 ὅτε
484 1808 893 1878 ἀνατραπέντος
935 1807 1032 1861 τοῦ
1090 1809 1294 1879 μόσχου
1351 1808 1512 1879 μόνον
1557 1807 1759 1878 ἥψατο,
1814 1805 1950 1858 Θέοὗ

372 1897 638 1969 ἐπειράθη
662 1898 832 1969 ὀργῆς
858 1913 874 1929 ⁸
909 1899 1025 1952 ἀλλ’
1051 1898 1217 1953 αὑτοῦ
1237 1899 1335 1970 τὴν
1356 1898 1651 1954 αὐθάδειαν
1681 1898 1949 1970 φυγοῦσα,

370 1988 539 2060 ψυχὴ,
564 1988 730 2043 σέϐου
759 1991 827 2044 τὰ
853 1988 974 2044 θεῖα
999 1989 1202 2055 καλῶς.

453 2168 728 2237 ’Λκήκοας
800 2164 896 2218 τοῦ
948 2165 1310 2238 Ἀϐεσσαλὼμ
1342 2209 1358 2232 ,
1402 2168 1521 2232 πῶς
1573 2167 1674 2236 τῆς
1735 2168 1950 2236 φύσεως

369 2255 770 2324 ἀντεξανίστης
804 2256 1017 2323 Ἐγνως
1060 2254 1160 2317 τὰς
1227 2257 1443 2325 ἐναγεῖς
1498 2257 1665 2311 αὐτοῦ
1696 2258 1946 2329 πράξεις,

369 2342 459 2411 αἷς
475 2348 728 2417 ἐξύϐρισε
753 2347 852 2419 τὴν
868 2346 1058 2417 κοίτην
1081 2348 1247 2428 ῥασὶδ
1274 2349 1365 2402 τοῦ
1391 2349 1627 2419 πατρός·
1654 2348 1775 2402 ἀλλ’
1808 2349 1947 2420 αὐτὴ

371 2441 629 2511 ἐμιμήσω
673 2438 774 2502 τὰς
824 2437 990 2491 αὑτοῦ
1043 2438 1310 2508 ἐμπαθεῖς
1368 2438 1462 2492 καὶ
1508 2438 1826 2508 φιληδόνους
1852 2442 1947 2511 ὁρ-

374 2531 504 2601 μάς.

451 2620 757 2685 Ὑπέταξας
820 2621 883 2675 τὸ
940 2622 1243 2677 ἁδούλωτόν
1299 2641 1394 2677 σου
1449 2624 1695 2695 ἀξίωμα,
1726 2624 1804 2695 τῷ
1835 2626 1943 2678 σώο

373 2712 505 2782 ματί
543 2729 666 2765 σου·
700 2713 860 2767 ἄλλον
905 2713 1015 2785 γὰρ
1059 2714 1443 2785 Ἀρχιτόφελ¹⁸
1469 2715 1707 2786 εὑροῦσα
1729 2715 1819 2769 τὸν
1853 2716 1945 2785 ἐχ-

370 2802 520 2871 θρόν,
574 2802 743 2873 ψυχὴ,
805 2805 1066 2875 συνῆλθες
1112 2808 1232 2870 ταῖς
1280 2807 1475 2860 τούτου
1535 2806 1749 2876 βουλαῖς
1777 2825 1789 2837 ο
1828 2806 1945 2860 ἀλλ’

369 2894 541 2957 αὐτὰς
597 2893 943 2950 διεσκέδασεν
969 2898 1134 2961 αὐτὸς
1160 2900 1188 2952 ό
1217 2899 1471 2969 Χριστὸς,
1506 2898 1592 2953 ῖνα
1623 2900 1687 2953 σὺ
1724 2898 1943 2964 πάντως

370 2984 571 3056 σωθῇς.

449 3055 514 3130 ⁸0
544 3075 797 3147 Σολομὼν
836 3078 865 3130 ὁ
900 3079 1207 3149 θαυμάσιος
1229 3124 1243 3147 ,
1278 3082 1306 3135 ό
1335 3083 1434 3136 καὶ
1481 3082 1705 3154 χάριτος
1750 3082 1942 3150 σοφίας
1973 3055 2016 3113 C

368 3162 583 3235 πλήρης
604 3186 619 3199 ο
648 3160 804 3230 οὗτος
824 3167 886 3221 τὸ
907 3170 1164 3239 πονηρὸν,
1212 3172 1457 3225 ἐναντίον
1511 3171 1605 3225 τοῦ
1637 3170 1773 3225 Θεοῦ
1808 3187 1941 3223 ποτε

371 3258 622 3327 ποιήσας,
645 3258 852 3329 ἀπέστη
888 3259 1055 3313 αὐτοῦ
1076 3275 1090 3290 ο
1124 3254 1169 3329 ᾧ
1205 3261 1345 3332 αὐτὴ
1399 3262 1491 3314 τὸν
1523 3262 1797 3343 ἐπᾴρατόν
1848 3277 1940 3314 σου

370 3345 502 3416 βίον,
528 3346 697 3418 ψυχὴ,
730 3349 1266 3418 προσαφωμοίωσας.

435 3526 568 3589 Ταῖς
592 3526 806 3596 ἡδοναῖς
836 3527 1195 3598 ἐξελκόμενος
1221 3528 1331 3583 τῶν
1352 3527 1543 3581 παθῶν
1588 3528 1775 3596 αὑτοῦ,
1811 3548 1941 3584 κατ-

367 3616 687 3690 ερρυποῦτο.
713 3618 910 3687 Οῖμοιί
954 3620 1014 3671 '0
1041 3619 1281 3689 ἐραστὴς
1322 3620 1421 3690 τῆς
1456 3619 1669 3687 σοφίας,
1705 3622 1940 3692 ἐραστὴς

370 3707 582 3777 πορνῶν
604 3706 900 3775 γυναικῶν,
925 3708 1022 3760 καὶ
1044 3706 1195 3772 ξένος
1219 3708 1377 3762 Θεοῦο
1405 3709 1465 3761 ὃν
1497 3710 1640 3781 αὐτὴ
1676 3713 1937 3783 ἐμιμήσω

367 3797 504 3852 κατὰ
529 3797 675 3864 νοῦν,
705 3793 750 3850 ὦ
780 3798 950 3868 ψυχὴ,
982 3798 1344 3867 ἡδυπαθείαις
1367 3801 1643 3873 αἰσχραῖς.

434 3888 539 3940 Τὸν
574 3888 815 3959 Ῥοὸοὰμ
861 3890 1291 3959 παρεζήλωσας,
1352 3889 1698 3961 ἁλογήσαντα
1741 3891 1937 3962 βουλῆς

366 3978 630 4048 πατρῴας
666 3993 679 4008 ·
744 3978 864 4046 ἅμα
910 3977 969 4029 δὲ
1006 3979 1103 4031 καὶ
1152 3978 1244 4031 τὸν
1300 3979 1560 4032 κάκιστον
1611 3977 1798 4034 δοῦλον
1838 3981 1937 4035 Ἰε-

369 4066 596 4136 ροόοὰμ,
627 4067 720 4120 τὸν
749 4069 878 4139 πρὶν
908 4068 1241 4140 ἀποστάτην,
1272 4067 1442 4139 ψυχή·
1477 4067 1612 4122 ἀλλὰ
1641 4069 1811 4139 φεῦγε
1836 4071 1936 4141 τὴν

367 4158 600 4229 μίμησιν
627 4198 641 4223 ,
687 4160 783 4213 καὶ
828 4160 1031 4232 κράξον
1080 4160 1236 4231 Θεῷο
1296 4160 1603 4232 Ἥμαρτον,
1656 4162 1936 4235 οῖκτειρόν

367 4266 457 4320 με.
1838 4290 1851 4299 .

2056 1831 2168 1895 ille,
2195 1832 2343 1901 quod
2375 1831 2587 1884 vitulus
2614 1830 2989 1893 subverteret,
3015 1842 3244 1880 manum
3272 1824 3632 1883 admovisset.

2055 1922 2149 1977 Dei
2211 1923 2352 1977 iram
2402 1929 2664 1992 expertus
2717 1920 2861 1976 estb
2900 1937 2913 1973 :
2950 1927 3210 1974 caeterum
3269 1917 3391 1985 ejus
3445 1921 3502 1967 tu
3553 1921 3634 1967 te-

2053 2014 2365 2069 meritatem
2412 2030 2658 2079 cavens,
2723 2027 2757 2067 o
2814 2012 3025 2078 anima,
3078 2007 3249 2080 probe
3293 2007 3420 2061 diva
3472 2020 3634 2060 vene-

2052 2118 2196 2158 rare.
2707 2122 2715 2129 ’

2121 2194 2453 2247 Absalonem
2510 2194 2714 2249 audisti
2756 2202 2816 2250 ut
2857 2193 3126 2249 adversus
3153 2196 3406 2244 naturam
3446 2186 3632 2240 insur-
3745 2247 3751 2253 ,

2051 2284 2290 2338 rexerit?
2325 2285 2478 2339 Nosti
2507 2286 2745 2341 scelesta
2780 2285 2904 2353 ejus
2942 2299 3127 2354 opera.
3157 2290 3218 2335 ut
3247 2279 3423 2349 patris
3450 2277 3631 2332 cubile

2049 2376 2310 2444 polluerit
2330 2377 2395 2430 οἳ
2420 2376 2715 2431 Enimvero
2744 2377 2973 2431 vitiosas
3001 2376 3124 2445 ejus
3151 2370 3627 2443 voluptariasque.

2048 2474 2102 2521 et
2130 2466 2273 2537 ipsa,
2297 2469 2558 2522 aemulata
2591 2484 2652 2525 es
2678 2468 3030 2546 cupiditates.

2117 2643 2371 2697 Liberam
2401 2653 2552 2697 tuam
2587 2641 2917 2711 dignitatem
2956 2648 3052 2694 tuo
3079 2638 3298 2708 corpori
3330 2636 3626 2705 subjectam

2045 2734 2268 2789 voluisti
2298 2752 2312 2787 :
2341 2734 2568 2787 invento
2599 2733 2806 2802 quippe
2838 2732 3002 2786 hoste
3056 2730 3164 2785 alio
3210 2728 3538 2799 Achitophel
3572 2725 3624 2791 ά,

2043 2840 2076 2879 o
2140 2823 2347 2887 anima,
2408 2823 2529 2893 ejus
2600 2823 2860 2877 consiliis
2926 2821 3192 2876 obsecuta
3247 2835 3309 2877 es
3362 2840 3375 2875 :
3439 2834 3626 2875 verum

2044 2929 2108 2970 ea
2171 2912 2431 2969 Christus
2484 2912 2807 2983 dissipavit;
2861 2912 3023 2983 plane
3079 2919 3140 2967 ut
3189 2912 3422 2967 salutem
3488 2925 3626 2965 con-

2047 3020 2323 3074 sequaris.

2119 3094 2379 3150 Salomon
2414 3094 2508 3149 ille
2538 3093 2835 3157 mirabilis,
2870 3093 2964 3163 qui
3012 3100 3066 3148 et
3111 3092 3399 3163 sapientia:
3449 3093 3623 3163 gratia
3718 3148 3723 3155 ,

2045 3185 2243 3255 plenus
2266 3193 2447 3254 esset;
2484 3184 2555 3244 is.
2582 3184 2834 3253 inquam,
2857 3185 3061 3239 malum
3087 3186 3218 3239 olim
3243 3185 3297 3239 in
3329 3196 3624 3253 conspectu

2045 3274 2140 3331 Dei
2215 3274 2459 3339 faciens,
2522 3275 2591 3329 ab
2649 3289 2716 3330 eo
2777 3275 3037 3332 discessit
3093 3287 3117 3315 ο
3176 3294 3190 3332 :
3256 3277 3387 3330 huic
3441 3285 3495 3330 tu
3526 3312 3556 3343 ,-
3592 3291 3626 3329 ο

2043 3368 2248 3429 anima,
2310 3354 2711 3423 exsecrabilem
2778 3376 2933 3422 tuam
2987 3368 3157 3421 vitam
3206 3368 3447 3427 similem
3497 3367 3626 3422 red-

2040 3458 2251 3513 didisti.
3276 3505 3293 3511 -

2110 3548 2202 3603 Ille
2237 3556 2456 3612 tantus,
2505 3547 2857 3603 trahentibus
2905 3546 3260 3602 atl‘ectionum
3307 3547 3607 3609 illecebris,

2040 3647 2444 3710 conspurcatus
2477 3648 2584 3695 est.
2619 3636 3103 3708 Heul‘Sapientia:
3140 3646 3375 3699 amator,
3410 3644 3624 3690 amator

2040 3735 2354 3799 mulierum,
2385 3747 2448 3786 ac
2477 3733 2570 3787 Dei
2598 3733 2805 3802 hospes
2838 3750 2852 3785 :
2890 3747 3015 3786 eum
3052 3742 3105 3785 tu
3133 3731 3338 3796 anima,
3367 3729 3623 3783 obscenis

2040 3825 2222 3879 animo
2255 3824 2656 3892 voluptatibus,
2692 3823 2903 3876 imitata
2936 3837 3017 3877 es.

2111 3914 2357 3968 Boboam
2400 3911 2655 3966 aemulata
2688 3926 2770 3976 es,
2809 3927 2842 3965 o
2870 3912 3079 3976 anima,
3144 3918 3431 3976 paternum
3488 3924 3620 3963 con-

2037 4004 2221 4059 silium
2260 4012 2606 4072 spernentem
2650 4018 2662 4055 :
2692 4001 3039 4070 pariterque,
3069 4016 3287 4056 servum
3312 4002 3619 4070 pessimum

2036 4093 2330 4149 Jeroboam
2362 4094 2494 4147 olim
2539 4093 2875 4147 desertorem
2920 4091 2965 4147 τ.
3001 4090 3120 4145 .lam
3156 4106 3318 4157 cave,
3350 4091 3614 4155 imiteris;

2037 4197 2091 4242 et
2120 4186 2294 4240 clama
2323 4184 2391 4239 ad
2424 4183 2592 4239 Deum
2624 4204 2637 4240 :
2671 4183 2925 4251 Peccavi,
2968 4184 3239 4239 miserere
3277 4183 3405 4238 mei.

433 4340 538 4393 Τὸν
572 4340 779 4411 ’Δχαὰδ
818 4341 1220 4412 παρεζήλωσας
1265 4343 1378 4405 τοῖς
1441 4341 1737 4411 μιάσμασι,
1789 4342 1933 4415 ψυχή

2109 4361 2530 4431 lnquinamenta
2558 4362 2769 4423 Achab,
2797 4378 2831 4417 o
2854 4361 3042 4417 anima
3074 4376 3217 4427 mea,
3248 4375 3307 4415 es
3331 4359 3540 4413 imitata
3567 4360 3615 4413 ‘.

366 4448 492 4501 μου.
547 4433 743 4501 Οίμοιῑ
771 4432 1009 4501 Γέγονας
1045 4431 1325 4501 σαρκικῶν
1372 4434 1736 4502 μολυσμάτων
1766 4451 1937 4488 κατα-

365 4522 563 4591 γώγιον
587 4563 602 4587 ,
662 4524 756 4577 καὶ
812 4523 1005 4586 σκεῦος
1064 4522 1291 4593 αἰσχρὸν
1333 4522 1444 4576 τῶν
1494 4523 1685 4577 παθῶν
1717 4539 1731 4554 ·
1802 4524 1939 4579 ἀλλὰ

364 4615 537 4686 φεῦγε
573 4617 670 4686 τὴν
703 4616 956 4687 μίμησιν,
1006 4616 1102 4669 καὶ
1128 4615 1277 4687 ’λέγε
1327 4616 1446 4687 Θεῷ
1508 4616 1609 4680 τὰς
1666 4616 1939 4688 ἁμαρτίας

367 4725 487 4764 σου.

2043 4451 2210 4506 Facta
2257 4468 2317 4507 es
2361 4452 2665 4506 carnalium
2732 4452 3207 4508 immunditiarum
3251 4458 3618 4519 conceptacu-

2000 4567 2013 4615 χ
2042 4545 2177 4604 lum,
2227 4557 2291 4596 ac
2330 4557 2429 4597 vas
2475 4549 2635 4612 turpe
2686 4543 2979 4613 vitiorum;
3024 4559 3159 4600 cave
3198 4543 3313 4615 jam
3362 4539 3617 4605 imiteris,

2044 4641 2245 4704 tuaque
2276 4642 2503 4703 peccata
2532 4631 2623 4688 dic
2651 4632 2786 4692 Deo.

435 4887 689 4966 ιιιιιεε.
733 4887 909 4966 33,3,
942 4886 1033 4941 is.
1110 4857 1317 4966 (gssit.
1351 4900 1404 4966 ι...
1462 4885 1698 4966 ιειλθἐ
1767 4884 1793 4923 δ
1835 4886 1946 4941 un

2073 4905 2154 4966 ν),
2190 4892 2245 4946 6.
2302 4892 2556 4966 filling.
2587 4912 2677 4960 xv,
2714 4896 2738 4950 1
2798 4856 2952 4966 seqq.
3033 4910 3144 4959 xu,
3185 4895 3273 4947 2|.
3350 4891 3375 4931 ά
3412 4890 3451 4945 ll
3485 4890 3615 4960 Reg.

361 4972 471 5023 xw,
507 4960 598 5013 91.
640 4954 701 4997 ὀ
733 4955 796 5011 lll
830 4956 966 5026 Reg.
1010 4971 1091 5021 ιιι,
1134 4954 1223 5020 42;
1257 4970 1332 5019 SI,
1367 4956 1422 5009 4.
1504 4955 1523 4994 ί
1557 4955 1624 5010 lll
1664 4955 1795 5025 Reg.
1831 4973 1927 5025 xu,

2092 4961 2185 5015 eo.
2296 4964 2321 5003 ε
2354 4962 2422 5018 ιιι
2456 4954 2588 5037 ιιὲε.
2628 4954 2743 5032 x'vi,
2770 4966 2861 5021 σο.

1680 5074 1910 5130 νΔιιιΑῑ
1949 5077 2351 5136 LEGTIONES.

464 5165 509 5199 “
529 5181 621 5236 γρ.
658 5162 962 5234 Ἀχιτόφελ.

812 5305 837 5337 ο
1677 5276 2064 5335 COMBEFISII
2090 5279 2325 5337 ΝΟΤΔΕ.
2362 5332 2369 5335 ,

357 5369 580 5426 oraculo
627 5384 765 5439 quas
815 5371 1094 5441 quaerebat
1130 5371 1307 5441 patris
1354 5372 1563 5435 asinas,
1606 5372 1700 5427 sed
1742 5381 1795 5424 et
1847 5386 1935 5425 re-

357 5456 523 5510 gnum
569 5442 875 5510 accepisse,
912 5442 1007 5494 illo
1047 5440 1344 5509 inungente
1384 5443 1437 5495 in
1482 5456 1688 5508 regem,
1723 5441 1791 5495 de
1829 5455 1938 5510 quo

360 5509 737 5580 necngitabat
786 5510 1053 5577 quidem;
1108 5525 1284 5578 eoque
1338 5526 1467 5566 vere
1524 5511 1799 5580 πάρεργον
1850 5509 1932 5574 τὸ,

361 5578 835 5659 ἀνάρρυσιςυψιοό
863 5580 1278 5659 -Ιιξσιιοὶιειυν,
1322 5589 1380 5634 et
1420 5578 1830 5659 emendavimus
1866 5594 1932 5633 ex

366 5648 530 5704 altera
562 5648 825 5716 editione,
863 5649 1065 5705 hcbd.t
1107 5648 1394 5719 jejunior.,
1440 5665 1546 5705 non
1599 5648 1816 5704 videtur
1843 5664 1932 5704 sa-
1962 5671 1977 5682 -

2045 5387 2176 5426 num
2205 5393 2219 5427 :
2247 5386 2563 5443 quanquam
2615 5374 2760 5428 enim
2795 5377 2970 5439 possit
3000 5373 3195 5442 exponi
3243 5372 3421 5443 θυσία,
3468 5371 3618 5443 ricti-

2044 5458 2153 5504 ma,
2196 5452 2255 5495 ut
2288 5453 2374 5499 est
2420 5442 2568 5512 apud
2598 5444 2833 5513 Etymol.
2869 5454 2923 5499 et
2966 5445 3122 5507 Saul,
3152 5443 3311 5513 velut
3344 5442 3408 5496 ad
3459 5442 3616 5513 vieti-

2042 5526 2186 5584 mam
2235 5509 2547 5584 occurrisse
2584 5509 2854 5584 videatur.
2901 5512 3163 5584 quamrid
3209 5514 3471 5581 temporis
3511 5509 3616 5584 βη-

2043 5582 2186 5654 muel
2242 5581 2484 5654 laceret;
2526 5583 2708 5639 minus
2739 5580 2931 5640 tamen
2954 5583 3227 5654 quadrat;
3262 5580 3382 5636 nam
3425 5591 3476 5637 ct
3511 5580 3614 5635 hoc

2043 5650 2325 5723 πάρεργον
2350 5652 2469 5708 fuit.
2970 5650 2984 5654 ⁷
3490 5688 3493 5693 ν
