4004 6150
318 317 455 383 1373

943 429 1247 498 Ἀνδρέου.

382 523 495 593 Τῆς
551 523 788 586 πίστεως
826 524 884 577 ὲν
914 525 981 594 τῇ
1010 521 1217 592 πέτρῃ,
1258 519 1379 579 ταῖς
1410 513 1729 587 πρεσϐείαις
1787 526 1880 562 σου

311 613 584 685 στήριξον,
630 615 828 685 πάτερ,
858 613 1007 683 φόϐῳ
1044 628 1111 681 με
1134 609 1211 679 τῷ
1237 611 1295 663 ὲν
1316 606 1435 675 Θεῷ
1463 603 1738 674 τειχίζων.
1771 601 1882 655 Καὶ

312 705 620 775 μετάνοιαν,
657 703 900 775 Ἀνδρέα,
921 701 1204 771 παράσχου
1249 716 1357 768 μοι,
1384 694 1622 750 δυσωπῶ
1665 710 1748 758 σε,
1785 693 1880 746 καὶ

309 792 470 866 ῥῦσαί
496 810 562 863 με
592 793 819 862 παγίδος
845 791 1079 863 ἐχθρῶν,
1105 789 1214 844 τῶν
1243 787 1619 857 ὲκζητούντων
1649 801 1738 854 με.

1009 879 1187 943 Δόξα.

373 973 545 1043 Τριάς
577 973 745 1043 ἁπλῆ,
777 972 1073 1043 ἁδιαίρετε,
1109 969 1384 1041 ὁμοούσιε,
1415 967 1512 1021 καὶ
1560 964 1721 1035 φύσις
1753 964 1872 1033 μία,

302 1061 465 1116 Φῶτα
512 1062 609 1116 καὶ
659 1061 778 1125 Φῶς
812 1077 827 1093 ο
870 1061 965 1115 καὶ
1012 1060 1144 1129 ἆγια
1180 1060 1308 1132 τρία
1326 1057 1419 1112 καὶ
1453 1057 1511 1110 ἒν
1535 1057 1728 1124 Ἀγιον
1762 1056 1873 1125 ὐμ-

304 1157 471 1208 νεῖται
497 1154 629 1217 Θεὸς
647 1156 679 1223 ή
698 1154 869 1223 Τριάς
888 1168 901 1182 ·
932 1152 1048 1206 ἀλλ’
1079 1152 1413 1220 ἀνύμνησον,
1440 1149 1667 1213 δόξασον
1694 1147 1870 1217 Ζωὴν,

300 1244 394 1297 καὶ
421 1242 884 1315 ζωῆς,ψυχὴ,τῶν
912 1241 1132 1296 πάντων
1167 1240 1321 1295 Θεόν.

967 1417 1209 1472 Θεοτόκ.

258 1499 264 1505 ’
372 1509 693 1581 ’Υμνοῦμέν
726 1527 784 1563 σε
805 1527 819 1542 ·
851 1509 1183 1580 εὐλογοῦμεν
1216 1526 1297 1572 σε,
1334 1503 1754 1578 προσκυνοῦμεν
1785 1519 1868 1565 σε,

297 1599 685 1669 Θεογεννῆτορ,
719 1599 800 1653 ὃτι
833 1599 932 1667 τῆς
962 1600 1270 1670 ἀχωρίστου
1291 1597 1520 1668 Τριάδος
1546 1595 1869 1665 ἀπεκύησας

295 1691 385 1743 τὸν
405 1692 500 1743 ⁸ἐνα
529 1690 658 1744 Υἱδν
697 1691 793 1744 καὶ
812 1690 946 1761 Θεόν
968 1706 982 1720 ·
1010 1690 1106 1743 καὶ
1152 1688 1289 1759 αὐτὴ
1317 1685 1678 1759 προηνέῳξας
1706 1687 1862 1756 ἡμῖν,

293 1783 406 1844 τοῖς
429 1783 488 1834 ἐν
510 1785 604 1853 γῇ,
639 1782 707 1835 τὰ
741 1782 1063 1851 ἐπουράνια.

610 1872 627 1883 ’
705 1870 777 1924 Τὸ
804 1868 1091 1937 τριώδιον.
1120 1866 1221 1940 ἦχ.
1254 1872 1359 1923 πλ.
1389 1869 1459 1924 δ’.

784 1960 920 2031 per,
950 1967 1025 2028 η’.
1070 1961 1123 2014 ὀ
1164 1963 1405 2028 Εἰρμός.

358 2050 463 2104 Τὸν
498 2051 731 2122 ἄναρχον
772 2051 1013 2104 Βασιλέα
1061 2051 1404 2122 τῆς-δόξης,
1444 2049 1503 2104 ὃν
1546 2050 1862 2121 φρίττουσιν

283 2139 527 2211 οὐρανῶν
544 2142 600 2193 ai
627 2140 905 2210 δυνάμεις,
937 2142 1033 2194 καὶ
1053 2142 1320 2211 τρέμουσι
1370 2140 1479 2195 τῶν
1522 2140 1769 2210 ἀγγέλων
1801 2142 1883 2205 al,

283 2231 488 2297 τάξεις,
517 2233 741 2301 ὑμνεῖτε
787 2234 952 2302 ἱερεῖς
978 2235 1069 2286 καὶ
1098 2232 1240 2295 λαός.

365 2322 452 2385 Ὠς
477 2322 744 2394 ἄνθρακες
770 2324 863 2376 τοῦ
892 2325 1060 2394 πυρὸς
1084 2324 1178 2377 τοῦ
1205 2323 1392 2387 ἀΰλου,
1422 2323 1766 2394 συμφλέξατε
1788 2323 1858 2378 τὰ

284 2414 457 2486 ὑλώδη
487 2434 588 2485 μου
616 2416 788 2486 πάθη,
812 2416 1143 2480 ἀνάποντές
1173 2434 1264 2488 μοι
1289 2415 1386 2470 νῦν
1428 2417 1520 2471 τὸν
1547 2415 1727 2488 ἔρωτα
1753 2415 1855 2486 τῆς

282 2506 452 2570 θείας,
483 2507 794 2570 ἀπόστολοι,
822 2507 1066 2575 ἀγάπης.
1747 2492 1754 2498 ’

349 2595 461 2657 Τὰς
489 2596 797 2665 σάλπιγγας
820 2597 920 2658 τὰς
946 2598 1175 2666 εὐήχους
1202 2594 1296 2651 τοῦ
1320 2596 1483 2664 λόγου
1508 2595 1850 2666 τιμήσωμεν,

279 2685 346 2737 δι’
376 2679 450 2738 ὧν
477 2686 731 2740 πέπτωκε
761 2689 917 2758 τείχη
936 2690 1195 2758 ἀνίδρυτοι
1230 2688 1420 2759 ἐχθροῦ
1441 2727 1455 2753 ,
1489 2687 1584 2740 καὶ
1610 2690 1709 2759 τῆς
1736 2686 1853 2739 θεο-

277 2774 514 2842 γνωσίας
541 2775 880 2847 ὲδράσθησαν
905 2777 1181 2841 ἐπάλξεις.

361 2865 675 2934 Ἰνδάλματα
703 2867 922 2936 ἐμπαθῆ
954 2869 1051 2937 τῆς
1079 2859 1259 2937 ψυχῆς
1292 2885 1393 2938 μου
1426 2865 1770 2940 συντρίψατε,
1796 2865 1847 2919 οἱ

276 2954 436 3019 ναούς
462 2972 523 3008 τε
548 2956 642 3009 καὶ
668 2958 866 3027 στήλας
894 2958 1288 3028 συντρίψαντες
1313 2956 1531 3030 ἐχθροῦ,
1558 2956 1846 3013 ἀπόστολοι

273 3045 481 3118 Κυρίου
509 3048 850 3118 ἡγιασμένοι.

937 3142 1173 3196 Θεοτόκ.

352 3229 669 3301 Ἐχώρησας
705 3231 797 3286 τὸν
837 3232 1123 3303 ἀχώρητον
1163 3232 1355 3303 φύσει·
1400 3232 1709 3295 ἐϐάστασας
1746 3231 1838 3285 τὸν

271 3315 607 3389 βαστάζοντα
649 3320 823 3374 πάντα
846 3337 860 3352 θ
898 3321 1199 3390 ἐθήλασας,
1236 3321 1410 3392 ἁγνὴ,
1445 3320 1537 3374 τὸν
1570 3321 1836 3391 τρέφοντα

268 3406 370 3481 τὴν
397 3409 592 3476 κτίσιν,
616 3411 853 3482 Χριστὸν
884 3411 975 3465 τδν
1002 3410 1290 3480 ζωοδότην.

486 3584 728 3653 Ἕτερον
761 3583 1049 3653 τριώδιον.
1079 3584 1299 3654 ΕΙρμὸς
1332 3586 1365 3637 ὁ
1397 3584 1599 3649 αὑτός.

336 3673 442 3728 Τοῦ
464 3674 605 3727 Πνεύ
614 3690 781 3745 ματος
800 3677 865 3746 τῇ
893 3676 1292 3746 ἀρχιτεκτονίᾳ,
1316 3674 1630 3744 δειμάμενοι
1656 3675 1833 3729 πᾶσαν

262 3765 362 3835 τὴν
388 3765 711 3835 Ἐκκλησίαν
741 3766 791 3819 οἱ
828 3766 1112 3820 ἀπόστολοι
1147 3764 1415 3837 Χριστοῦ,
1450 3766 1507 3819 ὲν
1538 3764 1711 3839 ταύτῃ
1744 3766 1832 3819 εὐο

261 3857 469 3924 λογείτε
497 3858 735 3927 Χριστὸν
758 3860 838 3921 είς
864 3858 992 3921 τοὺς
1018 3858 1242 3921 αἰῶνας.

328 3947 699 4010 Σαλπίσαντες
738 3947 993 4017 σάλπιγξι
1029 3950 1139 4002 τῶν
1171 3948 1490 4018 δογμάτων,
1530 3945 1826 4017 κατέστρε-

256 4038 366 4107 ψαν
393 4039 442 4090 οἱ
476 4038 763 4092 ἀπόστολοι
799 4040 977 4093 πᾶσαν
1010 4040 1220 4110 πλάνην
1253 4038 1558 4110 είδωλικὴν,
1590 4040 1827 4109 Χριστὸν

184 4200 188 4204 θ
258 4129 659 4199 ὐπερυψοῦντες
686 4131 767 4194 είς
793 4131 999 4194 πάντας
1028 4131 1156 4195 τοῦς
1181 4130 1402 4196 αἰῶνας.

337 4218 665 4284 ’Δπόστολοι,
705 4221 740 4290 ἠ
781 4220 923 4292 καλὴ
966 4221 1232 4291 μετοικία,
1270 4223 1321 4275 οἱ
1365 4222 1553 4292 ἔφοροι
1591 4224 1820 4294 κόσμου,

251 4311 348 4364 καὶ
368 4309 477 4363 τῶν
499 4310 742 4380 οὐρανῶν
766 4312 1003 4377 πολῖται,
1024 4315 1151 4377 τοὺς
1173 4314 1316 4384 ὑμᾶς
1337 4314 1422 4367 ἀεὶ
1445 4316 1821 4388 ἀνευφημοῦν-

249 4418 373 4467 τας,
402 4400 718 4473 λυτρώσατε
750 4403 1030 4458 κινδύνων.

806 4493 988 4560 Ἆνδρ.
1026 4493 1249 4567 [Δόξα].

317 4582 596 4657 Τρισήλιε,
620 4584 886 4656 παμφαὴς
910 4584 1161 4654 θεαρχία,
1179 4586 1421 4656 όμόδοξε,
1446 4588 1539 4642 καὶ
1557 4588 1818 4660 ὁμόθρονε

246 4670 405 4741 φύσις
424 4689 438 4703 ⁸
465 4674 651 4744 Πατὴρ
677 4676 705 4726 ὀ
734 4674 1089 4746 παντουργὸς,
1111 4675 1236 4743 Υἱὲ,
1268 4676 1363 4729 καὶ
1392 4676 1533 4730 Θεῖον
1558 4678 1813 4751 Πνεῦμαο

244 4761 398 4832 ὑμνῶ
426 4779 485 4816 σε
517 4763 596 4826 εις
624 4762 851 4827 αἰῶνας.

745 4939 856 4993 Kal
890 4938 1029 4994 νῦν.
1068 4942 1306 4995 Θεοτόκ.
1519 4958 1523 4963 δ
1720 4998 1728 5005 ,

320 5029 407 5092 Ὠς
439 5029 655 5099 ἔντιμον
680 5030 773 5083 καὶ
801 5030 1105 5102 ὑπέρτατον
1129 5032 1339 5103 Θρόνον,
1365 5033 1695 5105 ὑμνήσωμεν
1715 5034 1807 5088 τοῦ

1618 304 1933 367 MAGNUS
1962 300 2232 363 CANON.

1915 420 1963 475 Δ

3438 283 3570 347 1374

2582 410 2652 465 In
2687 408 2971 465 Andream.

2058 503 2162 570 Me,
2199 511 2376 573 pater,
2431 502 2487 556 in
2520 501 2643 557 ﬁdei
2685 511 2881 571 petra;
2919 497 3017 553 Dei
3063 495 3320 551 muniens
3357 494 3554 549 timore

1983 593 2482 649 intercessionibus
2513 593 2628 647 tuis
2654 591 2945 654 conlirma,
2978 602 3042 642 ac
3080 588 3265 658 praebe
3292 587 3566 656 pmniten-

1982 684 2150 750 tiam;
2210 684 2512 755 liberaque,
2532 697 2693 755 rogo,
2725 700 2760 740 ο
2804 681 3047 746 Andrea,
3107 693 3139 733 a
3198 676 3561 748 quaerentium

1980 777 2198 845 laqueo.

2656 862 2864 919 Gloria.
3252 914 3265 927 ,

2045 955 2295 1010 Trinitas
2315 954 2546 1024 simplex
2588 954 2900 1019 individua,
2949 949 3469 1010 consubstantialis,
3492 961 3559 1001 ac

1977 1054 2175 1101 natura
2235 1062 2367 1101 una.
2420 1045 2654 1100 Lumina
2716 1045 2854 1113 (l7),
2913 1043 3265 1112 Lumenque;
3327 1055 3391 1094 ac
3450 1039 3557 1092 tria

1974 1137 2196 1203 Sancta,
2227 1151 2512 1205 unumque
2541 1135 2804 1191 Sanctum
2841 1136 3100 1189 laudatur
3129 1134 3270 1188 Deus
3291 1131 3555 1186 Trinitas.

1970 1230 2173 1286 Verum
2211 1227 2397 1295 lauda,
2444 1227 2694 1298 gloriﬁca
2744 1226 2952 1293 Vitam,
2996 1226 3226 1296 vitaeque
3273 1224 3557 1279 universu-

1973 1335 2096 1377 rum
2120 1319 2317 1383 Deum,
2348 1333 2383 1374 o
2421 1319 2633 1374 anima.

2594 1410 2678 1463 Ad
2708 1409 2929 1479 Πείραι’.

2043 1502 2120 1558 Te
2149 1503 2459 1567 laudamus;
2500 1511 2550 1557 te
2583 1502 2987 1567 benedicimus;
3025 1509 3077 1556 te
3106 1500 3421 1563 adoramus,
3455 1494 3551 1552 Dei

1969 1592 2224 1649 Genitrix
2258 1613 2271 1648 :
2299 1596 2444 1665 quod
2482 1609 2649 1647 unum
2683 1593 2752 1649 de
2798 1574 3084 1647 individua
3116 1589 3410 1654 Trinitate,
3460 1586 3551 1641 Fi-

1968 1682 2100 1735 lium
2139 1683 2417 1752 Deumque
2459 1683 2763 1753 genueris;
2818 1683 3049 1752 ipsaque
3091 1680 3291 1749 praevio
3318 1680 3372 1732 in
3405 1687 3549 1732 terra

1967 1772 2166 1843 positis
2207 1772 2366 1827 nobis
2391 1810 2409 1835 ,
2441 1773 2693 1827 coelestia
2731 1770 3037 1840 aperueris.
3204 1786 3208 1790 ·

2394 1861 2696 1916 Triodium.
2727 1871 2834 1914 tan.
2870 1861 2903 1913 4
2943 1859 3103 1929 obliq.

2518 1950 2630 2007 Ode
2676 1951 2729 2007 8.
2784 1948 3029 2006 Hirmus.

2030 2042 2319 2099 Eternum
2342 2041 2548 2114 Regem
2585 2041 2793 2113 gloriae,
2828 2058 2992 2112 quem
3025 2042 3251 2097 horrent
3288 2045 3545 2115 angelica:

1960 2142 2281 2204 potestates,
2313 2143 2666 2203 tremuntque
2693 2134 3015 2204 angelorum
3035 2133 3285 2198 ordines,
3301 2134 3538 2200 laudate,

1958 2224 2277 2281 Sacerdotes
2307 2234 2360 2280 et
2386 2225 2594 2295 p0pnli.

2028 2314 2189 2370 Velut
2237 2308 2507 2370 carbones
2552 2313 2696 2383 ignis
2749 2313 2899 2389 illius
2940 2313 3248 2384 spiritalis,
3294 2314 3540 2368 carnalia

1955 2420 2075 2462 mea
2105 2407 2244 2461 vitia
2278 2406 2611 2468 comburite,
2655 2405 2970 2475 divinaeque
3011 2405 3065 2458 in
3111 2420 3197 2461 me
3229 2404 3539 2461 dilecuionis

1954 2512 2218 2562 amorem,
2252 2514 2285 2553 o
2317 2498 2575 2568 apostoli,
2615 2497 2926 2552 accendite.
3511 2564 3519 2572 _

2024 2587 2187 2643 Verbi
2224 2604 2460 2644 sonoras
2505 2589 2664 2644 tubas
2710 2588 2900 2642 honori
2953 2586 3284 2650 habeamus;
3337 2587 3535 2657 quibus

1950 2678 2176 2750 fragiles
2217 2681 2400 2735 hostis
2442 2680 2589 2748 muri
2632 2686 2989 2747 corruerunt,
3034 2679 3358 2749 ﬁrmataque
3405 2690 3534 2734 sunt

1949 2773 2192 2829 scientiae
2225 2772 2315 2827 Dei
2352 2772 2795 2843 propugnacula:

1958 2900 1966 2907 .
2021 2862 2258 2918 Vitiosas
2298 2878 2364 2918 ac.
2430 2864 2681 2919 carnales
2724 2846 2923 2917 animae
2980 2863 3530 2932 repraesentationes,

1920 2953 2040 3022 'qui
2072 2954 2284 3008 inimici
2334 2955 2533 3024 templa
2579 2963 2911 3023 erectosque
2963 2952 3156 3023 cippos
3195 2952 3527 3008 comminui-

1869 3065 1914 3123 ρ
1947 3046 2070 3113 stis,
2101 3063 2133 3103 ο
2158 3047 2415 3118 apostoli,
2446 3046 2825 3102 comminuite.

2565 3137 2647 3189 Ad
2690 3135 2912 3205 Πείραι’.

2014 3227 2150 3283 Eum
2185 3236 2343 3284 utero
2367 3228 2632 3296 habuisti,
2658 3230 2752 3297 qui
2782 3237 2977 3283 natura
3004 3228 3126 3299 capi
3156 3241 3264 3283 non
3297 3233 3475 3296 potest
3505 3242 3520 3278 :

1946 3321 2171 3389 portasti
2239 3335 2406 3386 eum,
2459 3321 2554 3390 qui
2620 3327 2804 3389 portat
2867 3320 3106 3386 omnia;
3169 3319 3429 3381 lactasti,
3489 3334 3524 3374 ο

1942 3418 2113 3475 casta,
2137 3409 2418 3465 Christum
2443 3416 2630 3465 creata
2652 3409 2842 3463 omnia
2868 3409 3125 3475 alentem,
3151 3425 3214 3465 ac
3240 3418 3520 3467 auctorem

1941 3499 2087 3552 vitae.

2249 3588 2527 3643 Triodium
2555 3587 2733 3644 aliud.
2770 3585 2921 3642 Idem
2970 3587 3210 3644 Hirmus.

1937 3662 1944 3669 ’
2009 3676 2117 3743 Qui~
2152 3680 2596 3736 architectonica
2647 3680 2917 3750 Spiritus,
2966 3681 3278 3735 universam
3314 3680 3521 3736 Christi

1937 3765 2263 3833 Ecclesiam,
2309 3787 2343 3825 ο
2394 3773 2660 3842 apostoli,
2714 3773 3021 3840 tediﬁcatis,
3075 3773 3127 3827 in
3174 3788 3238 3828 ea
3296 3773 3519 3832 laudate

1935 3855 2213 3912 Christum
2257 3860 2308 3913 in
2342 3861 2568 3915 saecula.

2006 3947 2106 4001 Ubi
2128 3948 2443 4018 dogmatum
2471 3951 2621 4006 tubis
2643 3952 2881 4021 apostoli
2907 3952 3268 4018 clausissent,
3289 3971 3511 4013 omnem

1933 4038 2202 4093 idolorum
2253 4040 2613 4110 proﬂigarunt
2647 4057 2927 4109 errorem,
2960 4043 3258 4109 Christum,
3299 4046 3352 4099 in
3386 4062 3517 4100 om-

1931 4127 2021 4182 nia
2044 4129 2263 4191 saecula.
2292 4132 2786 4198 superexaltantes.

1999 4220 2268 4289 Apostoli,
2319 4221 2549 4290 pulchra
2596 4221 2844 4289 colooia,
2897 4220 3090 4275 mundi
3146 4222 3406 4291 praesides
3447 4234 3508 4280 et

1929 4314 2288 4385 inspectores,
2318 4330 2381 4369 ac
2417 4315 2566 4370 cives
2597 4316 2744 4385 caeli,
2773 4332 2867 4371 eos
2898 4331 2928 4369 a
2963 4317 3221 4387 periculis
3249 4318 3506 4387 liberate,

1847 4407 1892 4463 1)
1919 4406 2014 4476 qui
2050 4406 2273 4479 jugihus
2304 4407 2595 4477 praeconiis
2635 4408 2936 4463 celebrant.

2609 4497 2818 4553 Gloria.

1996 4586 2091 4642 Sol
2149 4588 2329 4655 trine,
2382 4588 2831 4659 splendidissime
2894 4591 3079 4647 divine
3126 4591 3503 4661 principatus,

1923 4678 2109 4733 eadem
2156 4680 2355 4750 gloria,
2398 4680 2705 4750 thronoque
2747 4681 2938 4736 eodem
2977 4682 3232 4738 sublimis
3276 4689 3500 4743 natura,

1921 4769 2085 4825 Pater
2119 4772 2501 4825 universorum
2535 4771 2737 4841 opifex,
2762 4771 2890 4840 Fili,
2918 4782 2972 4829 et
3015 4773 3252 4847 Spiritus
3284 4783 3498 4840 sancte,

1920 4860 2086 4917 laudo
2117 4869 2171 4917 te
2208 4863 2262 4916 in
2293 4864 2519 4918 saecula.

2406 4952 2472 5007 Et
2498 4970 2653 5008 mmc.
2679 4955 2762 5007 Ad
2789 4954 3009 5025 Deipar.

1986 5040 2300 5099 Laudemus
2322 5042 2547 5114 iugiter,
2578 5047 2725 5101 velut
2758 5047 3059 5116 gloriosum
3095 5046 3493 5102 celsissimum-

238 5119 373 5173 Θεοῦ
400 5121 496 5191 τὴν
515 5122 741 5191 Μητέρα
754 5122 1071 5186 ἀπαύστως,
1097 5124 1147 5175 οί
1174 5122 1290 5176 λαοί
1310 5137 1323 5152 ο
1354 5124 1452 5193 τὴν
1480 5124 1645 5195 μόνην
1673 5126 1808 5195 μετά

1971 5149 2022 5188 ιο
2049 5134 2328 5199 thronum,
2372 5149 2475 5190 nos
2518 5138 2728 5206 populi,
2770 5137 2863 5192 Dei
2909 5137 3179 5205 Matrem;
3225 5153 3348 5208 quae
3375 5139 3492 5193 sola

235 5210 416 5276 τόκον,
450 5213 663 5283 μητέρα
694 5214 788 5266 καὶ
818 5213 1104 5285 παρθένον.

791 5302 1011 5371 Εἱρμὸς
1050 5303 1259 5369 ἄλλος.

311 5390 411 5445 ’ον
444 5393 694 5463 στρατιαὶ
728 5394 971 5464 οὐρανῶν
1004 5395 1319 5462 δοξάζουσιν
1344 5411 1357 5425 ·
1392 5394 1452 5448 ὃν
1485 5395 1705 5466 φρίσσει
1740 5400 1808 5454 τὰ

1890 5232 2040 5294 οροει
2069 5232 2310 5295 partum,
2348 5227 2504 5297 virgo
2535 5236 2589 5283 et
2642 5236 2820 5283 mater
2854 5228 3179 5299 permansit.

2494 5319 2716 5373 Hirmus
2755 5319 2917 5373 alius.

1983 5410 2157 5475 Quem
2191 5408 2414 5464 laudant
2448 5412 2701 5468 caelestes
2723 5413 3003 5468 exercitus
3032 5428 3047 5465 :
3086 5425 3248 5481 quem
3280 5409 3489 5467 Cheru-

1518 5535 1902 5599 COMBEFISII
1948 5545 2183 5601 NOTAE.

306 5614 419 5695 (4:1)
468 5614 718 5695 Dulichia,
746 5619 1063 5695 ιιιηιεηᾳιιε.
1117 5623 1226 5678 Pro
1281 5625 1381 5679 hac
1421 5623 1689 5695 theologia
1732 5632 1811 5685 vi-

236 5683 453 5743 dendus
496 5688 551 5742 in
582 5683 794 5747 suis‘dc
827 5683 1118 5765 theologia,
1139 5695 1437 5766 Gregorius
1465 5683 1794 5769 Tlteo'logus,

1908 5635 2076 5762 εὲαὲξῑ
2100 5637 2758 5767 ἒὲῧῗιῗῖι⁵ω¹³ἓεῗὶξὲιῗρέί¹¹⁰
2798 5640 3244 5712 Α¹¹¹¹⁵¹¹⁵¹⁰⁰¹¹⁵¹¹¹¹¹
3274 5644 3331 5702 ί¹¹
3375 5658 3477 5703 ¹¹⁰⁴
