4004 6150
593 243 733 311 1375

1747 252 1808 312 s.
1842 249 2167 311 ANDREIE
2204 250 2622 312 CRETENSIS
2768 286 2779 296 -
2892 282 2905 288 ς
3650 265 3749 333 me

586 362 703 419 bim
734 370 789 418 et
819 360 1109 432 Seraphim
1142 367 1385 417 tremunt
1414 375 1435 423 ι,
1463 359 1695 431 spiritus
1716 360 1920 427 omnis,
1944 368 2156 416 creata-

2193 365 2237 418 A
2266 362 2549 434 Χερουϐὶμ
2587 365 2680 419 καὶ
2718 366 2787 420 τὰ
2827 365 3112 437 Σεραφίμο
3150 370 3295 423 πᾶσα
3329 370 3455 441 πνοὴ
3492 375 3573 427 καὶ
3603 382 3745 447 κτίσις,

587 470 696 523 que
727 454 931 517 omnia,
955 469 1139 508 coram
1175 452 1432 508 omnibus
1463 452 1703 521 laudate,
1746 453 2075 518 benedicite,
2104 459 2160 508 et

586 545 1022 615 superexaltate.

658 638 943 702 Miserere,
984 638 1255 706 Salvator,
1291 638 1636 709 peccatoris;
1675 641 1884 695 suscita
1915 641 2157 695 animum

587 739 649 786 ut
681 739 1010 798 convertar;
1045 733 1266 801 suscipe
1308 733 1704 801 pmnitentem;
1742 734 2005 787 miserare
2043 734 2158 787 cla-

584 831 821 876 mantem
849 822 1018 887 rtibi
1068 823 1172 877 soli
1202 824 1459 893 peccavi;
1508 824 1697 894 inique
1739 824 1849 893 egi,
1896 823 2161 878 miserere

583 914 712 968 mei.

652 1004 887 1059 Currum
945 1004 1136 1076 auriga
1202 1005 1347 1060 Elias
1381 1013 1429 1068 ο,
1484 1021 1680 1076 nempe
1725 1008 1980 1071 virtutes,
2027 1023 2161 1061 con-

582 1096 873 1153 scendens.
912 1096 1061 1150 velut
1110 1097 1164 1150 in
1210 1098 1402 1162 ccelos,
1451 1112 1619 1166 supra
1658 1105 1874 1153 terrena
1907 1100 2035 1153 olim
2070 1114 2161 1153 ve-

584 1185 815 1240 hebatur
874 1203 889 1240 :
954 1186 1075 1256 ejus
1132 1202 1265 1258 ergo
1315 1197 1392 1254 tu,
1467 1180 1671 1251 anima,
1721 1202 2013 1244 ascensum
2075 1204 2159 1244 re-

581 1278 787 1347 cogita.
1726 1296 1729 1303 ‘

656 1368 785 1422 Elia:
825 1368 1106 1437 quondam
1158 1385 1257 1439 per
1298 1369 1556 1426 Elisaeum
1599 1371 1821 1436 melote,
1863 1372 1993 1427 hinc
2031 1371 2159 1427 inde

580 1457 837 1513 Iordanis
890 1456 1089 1514 ﬂuvius
1146 1460 1298 1523 stetit
1339 1471 1368 1510 Ρ
1411 1479 1426 1514 :
1476 1477 1668 1516 verum
1710 1462 1851 1530 ipsa,
1897 1476 1930 1515 ο
1975 1461 2157 1515 anima

582 1564 724 1614 mea,
753 1550 826 1605 ob
866 1550 1344 1616 incontinentiam,
1387 1567 1510 1608 eam
1544 1553 1775 1623 gratiam
1806 1568 1913 1607 non
1942 1568 2001 1607 es
2022 1568 2159 1607 con-

580 1652 789 1696 secuta.

649 1731 885 1803 Accepta
932 1734 1141 1802 pridem
1191 1734 1421 1790 Elisaeus
1471 1736 1671 1790 mclotc
1712 1746 1761 1799 τι,
1811 1736 2082 1805 duplicem
2122 1754 2149 1789 a

583 1821 818 1877 Domino
877 1828 1088 1893 accepit
1127 1826 1365 1892 gratiam
1411 1841 1424 1877 :
1474 1827 1569 1881 sed
1604 1834 1684 1888 tu.
1730 1843 1764 1882 ο
1798 1828 1979 1880 anima
2010 1843 2149 1893 mea,

582 1910 976 1964 incontinentia
1007 1920 1099 1965 tua
1148 1926 1256 1966 non
1289 1913 1586 1981 percepisti
1616 1927 1735 1967 eam
1768 1914 2020 1982 gratiam.

650 2001 831 2056 Proba
861 2003 991 2055 olim
1030 2011 1209 2057 mente
1238 2001 1540 2057 Sunamitis
1575 2013 1596 2041 τ
1620 2044 1634 2065 ,
1670 2005 1927 2073 hospitio,
1954 2020 1988 2059 ο
2023 2005 2156 2059 aui-—

581 2107 695 2155 ma,
741 2091 961 2146 Justum
1004 2094 1213 2163 recepit
1260 2112 1273 2147 :
1320 2101 1377 2148 tu
1417 2109 1566 2158 vero,
1602 2111 1704 2148 nec
1743 2096 2013 2165 hospitem
2055 2112 2157 2151 nec

582 2184 931 2253 peregrinum
966 2186 1020 2239 in
1049 2175 1289 2241 'domum
1341 2186 1644 2253 induxisti;
1686 2188 2041 2257 quamobrem
2077 2190 2159 2243 luo

580 2290 719 2346 gens
750 2275 990 2344 ejicieris
1019 2277 1286 2333 thalamo.

653 2365 939 2419 Sordidam
981 2366 1133 2421 Giezi
1166 2377 1403 2423 mentem
1448 2376 1501 2433 ι,
1540 2368 1770 2438 ubique,
1804 2371 2005 2425 misera
2031 2371 2156 2425 ani-

580 2473 691 2519 ma,
731 2459 942 2511 imitata
995 2473 1055 2513 es
1092 2478 1103 2511 :
1142 2459 1262 2527 ejus
1295 2460 1377 2514 vel
1422 2460 1479 2514 in
1535 2470 1823 2516 senectute
1869 2462 2158 2516 avaritiam

583 2547 798 2616 abjice;
850 2531 980 2605 cave
1023 2551 1286 2621 gehennae
1335 2554 1544 2623 ignem,
1577 2569 1605 2607 a
1637 2554 1748 2609 tuis
1786 2555 1945 2609 malis
1975 2553 2161 2610 disce-

579 2639 737 2694 dens.

652 2728 843 2785 Oziam
868 2730 1044 2796 illum,
1069 2746 1102 2786 ο
1123 2733 1334 2800 anima,
1361 2734 1600 2799 imitata,
1626 2710 1832 2806 ejus.in
1866 2748 1919 2793 te
1954 2739 2159 2809 lepram

472 2836 475 2843 ·
580 2819 750 2889 duplo
799 2822 1039 2875 habuisti
1081 2823 1144 2875 τε
1191 2826 1393 2893 quippe
1444 2825 1625 2894 turpia
1669 2826 1915 2894 COgitas,
1948 2838 1999 2880 et
2042 2828 2159 2899 agis

580 2910 770 2979 iniqua
810 2929 825 2966 :
855 2913 1070 2971 dimitte
1111 2931 1235 2986 quae
1266 2916 1540 2985 possides,
1589 2926 1643 2972 et
1679 2918 1746 2972 ad
1777 2921 2159 2988 paenitentiam

587 3016 839 3057 accurre.

650 3090 891 3162 Audisti,
933 3100 1147 3164 anima,
1190 3097 1495 3168 Ninivitas,
1541 3101 1597 3156 in
1644 3116 1807 3158 sacco
1847 3112 1903 3158 et
1949 3105 2152 3172 cinere,

580 3182 693 3239 Deo
722 3189 1102 3257 paenitentiam
1122 3200 1393 3261 agentes‘l
1428 3211 1441 3247 :
1470 3208 1564 3248 eos
1595 3195 1821 3249 minime
1838 3211 1896 3251 es
1919 3196 2153 3261 imitata,

582 3277 677 3331 sed
714 3281 969 3335 omnibus
997 3283 1093 3350 qui
1130 3284 1213 3338 vel
1238 3296 1368 3340 ante
1412 3286 1497 3341 vel
1536 3294 1659 3356 post
1689 3287 1862 3357 legem
1895 3302 2152 3358 peccave-

583 3374 736 3432 runt,
770 3370 990 3425 stultior
1010 3375 1194 3444 egisti.

652 3454 945 3514 Jeremiam
972 3463 1201 3529 audisti,
1230 3478 1264 3518 ο
1284 3466 1486 3529 anima,
1518 3468 1571 3521 in
1593 3470 1711 3523 lacu
1736 3468 1861 3530 luti,
1892 3467 2017 3523 altis
2045 3469 2157 3522 cla-

581 3548 828 3606 moribus
861 3553 1050 3607 urbem
1099 3552 1230 3609 Sion
1261 3557 1688 3630 lamentantem,
1714 3573 1780 3613 ac
1814 3570 2152 3628 quaerentem

581 3640 854 3711 lacrymas
882 3653 910 3682 ν
944 3660 958 3697 :
988 3645 1205 3700 imitare
1255 3646 1564 3702 luctuosam
1604 3647 1727 3715 ejus
1765 3650 1954 3717 vitam,
1987 3661 2040 3706 et
2068 3667 2157 3707 sa-

582 3730 751 3784 lutem
781 3734 1161 3801 consequeris.

651 3820 817 3891 Fugit
841 3821 1010 3879 Jonas
1039 3825 1092 3879 in
1120 3825 1368 3895 Tharsis,
1392 3831 1690 3898 praesciens
1722 3831 1995 3890 Ninivitas
2018 3851 2154 3890 con-

583 3915 875 3972 vertendos
916 3929 963 3971 ι.
997 3916 1233 3973 Noverat
1263 3921 1444 3987 enim,
1472 3923 1762 3992 propheta,
1807 3925 1899 3981 Dei
1936 3927 2153 3981 miseri-

582 4003 825 4059 cordiam
857 4024 870 4061 :
904 4023 1076 4089 quare
1103 4011 1467 4068 aemulabatur
1499 4022 1558 4069 ut
1587 4031 1661 4071 ne
1689 4019 1978 4089 prophetia
2015 4019 2151 4074 falsa

581 4097 752 4153 videri
791 4108 1000 4169 posset.
1045 4087 1061 4099 ’

655 4190 891 4257 Audisti,
916 4208 950 4246 ο
980 4194 1180 4260 anima,
1212 4204 1270 4250 ut
1304 4195 1514 4260 Daniel,
1545 4213 1642 4254 ora
1685 4200 1906 4257 leonum
1935 4204 1989 4257 in
2029 4204 2150 4261 lacu

580 4280 953 4337 ohturaverit?
985 4282 1141 4353 Nosti
1189 4294 1250 4339 ut
1293 4287 1522 4343 Azarias
1576 4290 1821 4361 sociique
1876 4295 2154 4351 exstinxe-

579 4372 689 4426 rint
716 4372 988 4430 ﬂammam
1028 4377 1232 4433 camini
1261 4378 1511 4435 ardentis
1538 4382 1661 4436 r1?

652 4576 856 4631 Omnes
890 4577 1010 4641 tibi,
1040 4594 1074 4633 ο
1121 4580 1326 4645 anima,
1380 4580 1566 4638 Veteri
1618 4581 1971 4642 Testamento
2003 4603 2155 4644 com-

581 4669 888 4735 mendatos,
922 4672 977 4725 in
1006 4673 1317 4742 exemplum
1351 4673 1572 4729 adduxi.
1605 4674 1901 4733 lmitandas
1935 4692 2156 4735 assume

576 4760 853 4829 justorum
886 4763 1172 4836 religiosas
1205 4765 1487 4834 actiones;
1538 4781 1673 4822 cave
1708 4783 1835 4824 vero
1883 4770 2150 4826 malorum

578 4861 823 4925 peccata.

648 4959 755 5029 Tu,
797 4962 973 5020 Judex
1012 4964 1160 5035 jnste
1192 4964 1469 5031 Salvator,
1511 4968 1804 5037 miserere;
1862 4986 2057 5043 meque
2087 4973 2153 5028 li-

577 5055 710 5112 bera
741 5057 811 5110 ab
843 5056 951 5126 igni
999 5057 1307 5128 minisque,
1354 5059 1556 5129 quibus
1589 5062 1786 5117 merito
1819 5064 1923 5118 sim
1972 5065 2150 5119 obno-

576 5147 702 5202 sius
741 5147 795 5201 in
816 5147 1062 5217 judicio;
1106 5151 1323 5207 remitte
1358 5151 1493 5206 mihi
1538 5168 1631 5224 per
1664 5154 1923 5210 virtutem
1954 5162 2008 5210 et
2037 5172 2174 5226 paen.

578 5240 896 5307 nitentiam,
928 5241 1255 5313 priusquam
1290 5242 1414 5301 linis
1441 5254 1693 5316 occupet.

648 5349 807 5407 Sicut
842 5352 984 5409 latro
1040 5354 1219 5425 palam
1245 5355 1467 5413 clamo:
1511 5377 1530 5410 ι
1570 5358 1840 5417 Memento
1866 5362 1973 5419 mei
2008 5373 2071 5430 ll;
2114 5382 2133 5416 ι

646 5518 793 5606 ἶνιν
850 5519 987 5594 Reg.
1019 5524 1201 5606 It_,_ll.
1280 5530 1477 5606 P_ihid.
1520 5531 1608 5586 id.
1648 5543 1716 5606 __q
1745 5531 1965 5606 ibid._9.
2056 5541 2076 5570 ι’
2122 5532 2192 5588 IV
2225 5533 2360 5606 Reg.
2394 5552 2469 5601 tv,
2500 5534 2553 5590 8.
2634 5542 2656 5606 ξ
2689 5532 2752 5586 IV
2812 5534 2949 5606 Reg.
3016 5549 3071 5595 ν,
3105 5535 3194 5606 29.

1804 5599 2074 5660 'Jcrcm.
2132 5599 2372 5672 xxxviii,
2425 5599 2491 5667 ϐ’.

576 5587 617 5641 II
654 5593 777 5645 Par.
842 5587 995 5656 xxv't,
1050 5587 1137 5649 2|.

1220 5607 1271 5667 _“
1310 5596 1462 5656 Jonas
1524 5614 1611 5670 tu,
1648 5601 1697 5658 5.

575 5669 601 5699 ι
635 5656 768 5711 Luc.
800 5675 960 5726 mu,
1020 5663 1108 5716 42.

2273 457 2493 526 ὑμνεῖτε
2513 496 2529 521 ,
2561 457 2865 527 εὐλογεῖτε,
2898 460 2995 513 καὶ
3024 459 3360 530 ὑπερυᾴοῦτε
3388 465 3463 527 εἰς
3489 467 3676 531 πάντας.

2345 631 2757 704 Ἥμαρτηκότα,
2792 635 2999 708 Σῶτερ,
3036 638 3283 709 ἐλέησον·
3316 639 3557 711 διέγειρόν
3583 661 3661 712 μου
3684 647 3743 699 τὸν

2262 723 2385 777 νοῦν
2419 725 2554 794 πρὸς
2589 726 2924 796 ἐπιστροφήν
2942 744 2957 757 ·
2987 728 3135 793 δέξαι
3159 731 3528 799 μετανοοῦνταο
3546 735 3745 804 οἱκτείρῃ-

2263 832 2353 866 σον
2397 814 2607 884 βοῶντα
2634 835 2648 847 ·
2677 818 2960 890 Ἦμαρτόν
3003 838 3087 875 σοι
3137 821 3281 893 μόνῳ
3302 839 3316 852 ·
3358 823 3607 894 ὴνὸμησα,
3640 825 3742 897 ἐλέη-

2263 904 2353 957 σόν
2389 922 2478 972 με.

2343 997 2401 1051 Ὀ
2434 997 2763 1069 διφρελάτης
2791 999 3008 1067 Ἠλίας,
3038 1001 3285 1075 νᾶρματιέ
3311 1005 3424 1066 ταῖς
3453 1005 3637 1074 ἀρεταῖς
3660 1007 3742 1060 ἑτι-

2262 1088 2383 1150 6ὰς,
2411 1088 2487 1151 ὡς
2520 1090 2600 1152 εἰς
2633 1090 2894 1161 οὐρανοὺς
2927 1092 3095 1161 ἧτετο
3128 1093 3379 1163 ὑπεράνω
3413 1094 3528 1146 ποτὲ
3557 1096 3643 1147 τῶν
3665 1099 3741 1149 ἑπι-

2261 1177 2424 1243 γείων
2450 1195 2464 1209 ·
2504 1178 2698 1232 τούτου
2744 1179 2860 1244 οὖν,
2900 1180 3047 1251 ψυχή
3096 1199 3223 1250 μου,
3271 1183 3367 1252 τὴν
3412 1184 3572 1236 dvodov
3606 1186 3741 1237 ἁναὶοο

2262 1266 2439 1333 γίζου.
2579 1266 2585 1270 ’
2860 1284 2877 1299 κ
3322 1290 3327 1293 τ

2332 1358 2440 1412 Τοῦ
2477 1359 2742 1429 Ἰορδάνου
2787 1362 2850 1414 τὸ
2898 1360 3115 1432 ῥεῖθρον
3165 1362 3442 1433 πρότερον,
3485 1366 3542 1433 τῇ
3586 1363 3743 1432 μηλωτῇ

2274 1450 2455 1502 Ἠλίου
2507 1450 2779 1505 Ἐλισσαιέ
2813 1453 2998 1523 διέστη
3062 1452 3191 1507 ἔνθα
3249 1455 3340 1505 καὶ
3372 1453 3490 1507 ἔνθα
3511 1469 3523 1481 ⁸
3554 1454 3663 1523 αὑτὴ
3684 1454 3743 1511 δὲ.

2259 1535 2305 1593 ὦ
2332 1542 2475 1611 ψυχή
2509 1560 2633 1612 μου,
2663 1544 2867 1612 ταύτης
2915 1544 2977 1597 οὐ
3031 1545 3292 1614 μετέσχες
3338 1547 3429 1615 τῆς
3483 1547 3665 1615 χάριτος
3695 1546 3742 1597 δι’

2260 1634 2551 1702 ἀκρασίαν.

2341 1726 2397 1778 '0
2426 1724 2727 1788 Ἐλισσαῖός
2753 1742 2885 1778 ποτε
2914 1726 3209 1796 δεξάμενος
3237 1726 3330 1796 τὴν
3360 1726 3599 1795 μηλωτὴν,
3622 1725 3742 1779 ἔλαθε

2252 1816 2446 1886 διπλῆν
2476 1818 2639 1888 χάριν
2670 1818 2820 1888 παρὰ
2858 1819 3065 1889 Κυρῖου
3086 1835 3100 1849 ·
3142 1818 3279 1887 αὑτὴ
3317 1818 3392 1881 δὲ,
3425 1810 3465 1868 ὦ
3499 1818 3619 1887 ψυχή
3651 1832 3738 1884 μου,

2257 1910 2462 1978 ταύτης
2492 1910 2553 1963 οὐ
2587 1909 2850 1978 μετέσχες
2878 1909 2979 1977 τῆς
3011 1909 3238 1978 καρίτος
3268 1908 3332 1960 δι’
3362 1909 3613 1979 ἀκρασίαν.

2339 1996 2404 2048 Ἠ
2436 1996 2744 2065 Σωμανίτίς
2774 2014 2903 2049 ποτε
2932 1998 3023 2049 τὸν
3051 1998 3277 2051 Δίκαιον
3306 1994 3600 2061 ὲξένισεν,ὣ
3620 2000 3738 2069 ψυχή,

2256 2087 2453 2159 γνώμῃ
2493 2088 2672 2159 ἀγαθῇ
2697 2106 2710 2118 ο
2754 2091 2817 2143 σὺ
2858 2089 2915 2142 δὲ
2956 2089 3055 2142 οὐκ
3101 2091 3396 2149 εἰσοικίσω.
3427 2092 3483 2143 οὗ
3520 2091 3654 2158 ξένον,
3676 2095 3739 2160 οὑχ

2258 2179 2437 2249 ὁδίτην
2459 2195 2471 2208 ’
2507 2180 2628 2233 ὅθεν
2653 2180 2746 2233 τοῦ
2774 2180 3063 2251 νυμφῶνος
3095 2183 3302 2252 ριφήση
3330 2181 3427 2246 ἔξω
3454 2183 3737 2253 θρηνωδοῦσσ.

2329 2359 2435 2412 Τοῦ
2467 2360 2627 2431 Γιεζῆ
2671 2361 2947 2437 ἐμιμήσω,
2974 2363 3231 2430 ταλαίνα,
3258 2364 3354 2434 τὴν
3374 2362 3573 2433 γνώμην
3592 2362 3665 2430 τὴν
3682 2363 3737 2431 ῥυ-

2260 2453 2465 2521 παρὰν,
2508 2454 2760 2520 πάντοτε,
2798 2455 2944 2526 ψυχή
2970 2474 2985 2487 ·
3025 2452 3086 2511 οὗ
3106 2459 3209 2527 τὴν
3241 2456 3573 2527 φιλαργυρίαν
3598 2453 3737 2508 ἀπόθου

2259 2545 2361 2596 κάν
2397 2546 2454 2596 ὲν
2488 2545 2639 2616 γήρᾳ
2664 2563 2678 2578 ·
2719 2545 2887 2615 φεῦγε
2922 2548 3023 2618 τῆς
3057 2551 3288 2621 γεέννης
3322 2549 3380 2601 τὸ
3414 2548 3539 2619 πῦρ,
3568 2547 3736 2600 ἑκττᾶσα

2259 2651 2367 2686 των
2397 2651 2585 2687 κακων
2616 2653 2732 2689 σου.

2330 2726 2403 2779 Σὺ
2426 2726 2517 2779 τὸν
2543 2726 2750 2792 Ὀζίαν,
2771 2729 2941 2800 ψυχὴ,
2970 2729 3287 2799 ζηλώσασα,
3310 2730 3403 2800 τὴν
3421 2729 3581 2783 τούτω
3596 2726 3738 2794 λέπραν

2261 2819 2319 2870 ὲν
2345 2816 2428 2870 σοὶ
2454 2817 2610 2888 ἔσχες
2638 2819 2695 2872 ὲν
2719 2819 2893 2889 διπλῷ
2917 2835 2931 2849 ·
2964 2821 3146 2875 ἄτοπα
3172 2822 3282 2891 γὰρ
3307 2820 3504 2891 λογίζῃ,
3530 2817 3740 2888 παράνομα

2259 2908 2316 2961 δὲ
2361 2910 2660 2980 πράττεις·
2704 2911 2841 2979 ἄφες
2883 2912 2921 2967 ἃ
2961 2914 3243 2984 κατέχεις,
3284 2913 3375 2968 καὶ
3414 2911 3670 2983 πρόσδραμι
3695 2910 3738 2975 τῇ

2158 3014 2165 3018 ‘
2184 3026 2227 3084 ε
2264 3000 2540 3073 μετανοίᾳ.

2333 3091 2475 3156 Τοὺς
2522 3094 2844 3163 Νινευῖτας,
2891 3096 3074 3167 ψυχὴ,
3121 3098 3392 3168 ἀκήκοας,
3440 3094 3741 3166 μετανοοῦντας

2261 3184 2401 3255 Θεῷ,
2433 3186 2621 3256 σάκκῳ
2651 3188 2745 3241 καὶ
2778 3189 2959 3258 σποδῷ
2985 3206 2998 3221 ·
3029 3190 3264 3250 τούτους
3290 3190 3387 3243 οὐκ
3412 3185 3642 3258 ἐμιμήσω,
3662 3177 3730 3233 ἀλλ

2262 3277 2450 3348 ὤφθης
2484 3281 2817 3351 σκαιοτέρα.
2856 3283 3073 3336 πάντων
3108 3282 3221 3337 τῶν
3251 3282 3355 3354 πρὸ
3382 3281 3527 3350 νόμον
3552 3273 3625 3329 καὶ
3647 3267 3741 3339 μετὰ

2262 3371 2424 3441 νόμον
2454 3373 2817 3428 ἐπταικότων.

2332 3464 2434 3517 Τὸν
2478 3465 2536 3517 ὲν
2580 3465 2656 3534 τῷ
2704 3465 2891 3536 λάκκῳ
2943 3466 3213 3540 βορϐόρου
3261 3469 3485 3539 ἤκουσας
3514 3461 3738 3533 Ἱερεμίαν,

2260 3554 2425 3625 ψυχὴν
2463 3555 2618 3608 πόλιν
2654 3555 2751 3626 τὴν
2774 3557 2915 3609 Σιὼν
2950 3557 3178 3626 θρήνοις
3218 3556 3562 3615 καταϐοῶντα,
3584 3551 3656 3603 καὶ
3675 3547 3739 3598 δά-

2262 3664 2404 3718 κρυα
2454 3647 2758 3716 ζητοῦντα’
2806 3649 3043 3720 μίμησαι
3083 3651 3179 3704 τὸν
3219 3649 3313 3703 τοῦ
3354 3647 3524 3703 τούτου
3562 3639 3737 3712 θρηνκῖιδη

2264 3740 2399 3810 βίον,
2433 3740 2526 3793 καὶ
2558 3741 2802 3813 σωθήσῃ.
3270 3806 3273 3808 1
3337 3806 3346 3813 Ι

2345 3832 2403 3885 '0
2441 3833 2625 3896 Ἰωνᾶς
2672 3834 2752 3895 εἰς
2798 3833 3036 3903 Sapo-sig
3085 3834 3374 3906 ἀπέδραμε
3418 3826 3643 3900 προγνοὺς
3673 3819 3737 3887 τὴν

2262 3924 2600 3994 ἐπιστροφὴν
2627 3924 2737 3976 τῶν
2766 3924 3087 3977 Νινευῖτῶν·
3109 3924 3255 3993 ἔγνω
3285 3924 3387 3993 γὰρ
3413 3923 3482 3984 ὡς
3510 3914 3733 3988 προφήτης.

2260 4013 2396 4067 Θεοῦ
2428 4014 2528 4083 τὴν
2560 4010 2965 4084 εὐσπλαγχνίαν
2993 4015 3115 4069 ὅθεν
3150 4013 3451 4086 παρεζήλου
3478 4010 3561 4081 τὴν
3585 4018 3734 4076 προφη-

2260 4106 2412 4161 τείαν
2445 4107 2519 4177 μὴ
2552 4106 2876 4176 ψευσθῆναι.

2329 4196 2437 4249 Τὺν
2469 4197 2670 4267 Δανιὴλ
2704 4198 2765 4250 ὲν
2791 4196 2872 4268 τῷ
2903 4198 3094 4268 λάκκῳ
3128 4200 3391 4271 ἤκουσας.
3424 4195 3531 4263 πῶς
3553 4186 3730 4259 ἐφραξενο

2259 4281 2304 4341 ὧ
2326 4287 2496 4359 ψυχὴ,
2523 4289 2770 4358 στόματα
2794 4288 2978 4359 θηρῶν
3000 4307 3014 4322 ’
3051 4289 3303 4358 ἔγνωκας
3330 4289 3441 4350 πῶς
3461 4288 3505 4339 ol
3530 4280 3683 4339 παῖδες.
3700 4273 3730 4324 οε

2188 4374 2230 4429 0
2258 4384 2385 4454 περὶ
2413 4379 2702 4452 Ἀζαρίαν,
2744 4380 2975 4435 ἔσϐεσαν
3020 4384 3088 4453 τῇ
3123 4381 3306 4436 πίστει
3326 4420 3341 4446 ,
3386 4374 3587 4447 καμίνου
3618 4365 3730 4437 φλόγα

2253 4472 2587 4544 καιομένης;

2327 4588 2439 4659 Τῆς
2478 4587 2723 4652 Παλαιᾶς
2759 4589 3033 4660 Διαθήκης
3070 4588 3319 4675 ἅπαντας
3355 4576 3630 4675 παρήγαγον

2254 4675 2432 4747 ψυχῆς
2465 4677 2602 4748 πρὸς
2632 4678 3000 4749 ὗπογραμμόν
3028 4695 3042 4709 ·
3077 4666 3314 4749 μίμησαι
3344 4675 3446 4727 τῶν
3471 4666 3647 4725 δικαίων
3665 4666 3725 4759 τῗς

2256 4766 2540 4836 φιλοθέους
2580 4768 2840 4840 πράξεις·
2883 4768 3091 4838 ἔκφυγε
3134 4768 3193 4821 δὲ
3238 4767 3396 4822 πάλιν
3431 4761 3525 4817 τῶν
3553 4762 3725 4821 πονηραν

2253 4853 2355 4916 τὰς
2384 4854 2680 4925 ἁμαρτίας.

2325 4967 2676 5039 Δικαιοκρίτα
2708 4969 2911 5042 Σῶτερ,
2944 4969 3296 5040 ὲλέησον,καὶ
3324 4964 3469 5040 ῥῦσαὲ
3496 4978 3551 5033 με
3574 4952 3643 5009 τοῦ
3662 4964 3725 5000 τ’·

2258 5061 2349 5131 ρδς
2377 5060 2471 5114 xui
2501 5061 2598 5131 τῆς
2628 5060 2883 5131 ἀπειλῆς,
2910 5058 2980 5135 ἦς
3009 5062 3186 5132 μέλλω
3216 5064 3276 5115 ἐν
3303 5064 3364 5131 τῇ
3391 5056 3548 5129 κρίσει
3569 5045 3722 5102 δικαίως

2252 5153 2573 5224 ὑποστῆναι’
2604 5154 2729 5218 ἄνεες
2758 5172 2848 5226 μοι
2877 5154 2982 5227 πρὸ
3007 5156 3194 5220 τέλους
3221 5154 3287 5209 δι’
3315 5150 3496 5224 ἀρετῆς
3517 5142 3592 5198 καὶ
3612 5148 3721 5209 μεῖον

2249 5247 2419 5310 νοίας.

2335 5361 2422 5425 Ὧς
2447 5361 2476 5414 ὁ
2500 5360 2702 5433 λῃστὴς
2725 5360 2905 5416 ὲκὸοῶ
2929 5361 3013 5429 τὸ,
3045 5381 3064 5414 ι
3095 5359 3405 5432 Μνήσθητι·
3436 5376 3452 5408 ι
3477 5355 3541 5415 ὡς
3563 5345 3714 5413 Πέτρος.

3300 5534 3319 5571 ι
3358 5529 3419 5587 tv
3447 5527 3560 5595 Reg.
3584 5511 3712 5595 ιτ,ιῇ

2579 5612 2606 5641 ι
2632 5580 2780 5659 Jonas
2816 5580 2949 5672 gs:
3016 5580 3273 5659 ἱῖῖὑὲιη.
3328 5580 3546 5670 nam
3572 5580 3708 5650 ιιιίε·

3862 1136 3868 1197 l
