4004 6150
276 318 407 382 1377

1539 317 1852 380 MAGNUS
1887 316 2030 379 CAN
2035 317 2135 379 ON
2148 365 2161 380 .

3378 320 3510 387 1378

276 447 295 480 ι
332 426 522 482 Κλαίω
552 425 784 495 πικρῶς.
838 443 858 478 ι
888 424 1047 487 "Ave;
1080 386 1191 494 μοι,
1226 422 1441 495 Σῶτερ;
1475 427 1686 497 κράζω,
1712 426 1787 491 ὡς
1817 429 1844 480 6

1954 434 2006 479 ιιι
2027 422 2240 490 Petrus,
2271 442 2289 477 ι
2329 437 2513 480 amare
2537 424 2640 481 ﬂeo
2661 426 2727 493 lt;
2766 443 2785 478 ι
2828 425 3001 482 clamo
3026 435 3085 482 ut
3110 426 3508 498 Publicanusc;

271 516 526 587 Τελώνης
545 533 560 548 ο
592 514 813 585 δακρύω
843 514 917 577 ὡς
950 516 983 582 ἡ
1020 515 1193 586 πόρνη
1212 530 1226 544 ·
1261 514 1408 579 δέξαι
1446 533 1550 587 μου
1582 516 1674 570 τὸν
1702 515 1840 588 θρῆ-

272 624 382 673 νον,
411 605 596 669 καθώς
626 622 756 658 ποτε
784 605 884 674 τῆς
910 605 1243 668 Χαναναίας.

343 698 454 768 Τῆν
486 696 779 767 σηπεδόνα,
808 696 1015 766 Σῶτερ,
1048 696 1414 767 θεράπευσον,
1448 699 1550 768 τῆς
1577 699 1842 769 ταπεινῆς

185 822 199 836 .
276 806 377 859 μου
415 787 627 859 ψυχῆς·
666 788 794 857 μόνε
840 787 1014 867 ἰατρὲ,
1059 787 1328 857 μάλαγμά
1372 806 1463 859 μοι
1503 790 1712 855 ἐπίθες,
1748 790 1871 867 καὶ,

273 879 451 933 ἔλαιον
488 879 583 931 καὶ
626 875 796 943 οἶνον,
834 863 974 948 ἔργα
1020 880 1340 948 μετανοίας,
1377 879 1666 943 κατάνυξιν
1704 880 1843 950 μετὰ

273 970 548 1042 δακρύων.

345 1064 454 1134 Τὴν
475 1058 786 1115 Χαναναίαν
809 1059 963 1129 κάγὼ
990 1059 1346 1131 μιμούμενος,
1376 1078 1395 1110 ι
1419 1058 1674 1129 Ἐλέησόν
1698 1075 1785 1127 με,
1818 1075 1836 1110 ι

276 1150 381 1221 βοῶ
404 1150 481 1221 τῷ
507 1150 622 1219 Υἰῷ
650 1149 847 1203 Δαϐίδ·
876 1149 1119 1218 ἅπτομαι
1143 1148 1237 1201 τοῦ
1265 1147 1571 1217 κρασπέδου
1599 1147 1674 1211 ὡς
1700 1150 1731 1218 ἡ
1760 1149 1846 1201 αἰ-

278 1241 617 1313 μοῤῥοοῦσα·
654 1238 827 1293 κλαίω
857 1238 931 1302 ὡς
962 1238 1227 1309 ήΜάρθα
1261 1240 1356 1293 καί
1386 1238 1574 1309 Μαρία
1607 1239 1703 1292 ἐπὶ
1736 1240 1846 1292 Λα-

276 1334 464 1405 ζάρου.
1200 1374 1205 1379 η

343 1424 419 1479 Τὸ
457 1422 565 1477 τῶν
602 1422 878 1492 δακρύων,
913 1422 1117 1491 Σῶτερ,
1158 1421 1523 1492 ἀλάϐαστρον,
1560 1420 1635 1485 ὡς
1676 1418 1845 1491 μύρον

274 1514 561 1569 κατακενῶ
593 1514 689 1568 ὲπί
725 1512 970 1584 κεφαλῆς
990 1529 1004 1543 ο
1039 1513 1226 1584 κράζω
1257 1530 1340 1566 σοι
1372 1515 1447 1578 ὡς
1481 1516 1514 1584 ἡ
1548 1514 1718 1585 πόρνη
1752 1513 1844 1565 τὸν

275 1606 451 1660 ἔλαιον
484 1604 744 1677 ζητοῦσα.
798 1605 997 1684 Δέησιν
1031 1605 1320 1676 προσάγω,
1355 1606 1449 1658 καὶ
1483 1605 1677 1674 ἄφεσιν
1709 1604 1845 1658 αἰτῶ

274 1697 459 1751 λαϐεῖν
491 1714 578 1766 με.

1944 517 2161 571 remitte
2189 516 2341 583 mihi,
2378 518 2669 581 Salvator;
2718 519 2994 589 lacrymor
3041 523 3401 576 ut‘merctrix
3432 521 3460 563 δ
3493 542 3508 579 :

1944 613 2002 659 tu
2039 606 2185 659 velut
2214 606 2343 658 olim
2383 604 2727 673 Chananaeae,
2762 608 2971 661 luctum
3000 607 3181 662 meum
3212 611 3429 679 suscipe
3461 622 3508 665 ο.

2014 693 2176 749 Putre
2201 696 2358 750 ulcus
2397 697 2622 751 humilis
2652 698 2848 752 anima:
2879 712 3030 761 mete,
3062 713 3217 761 cura,
3252 715 3284 752 o
3317 699 3513 755 Salva-

1944 794 2076 842 tor:
2118 796 2173 842 tu
2204 791 2357 845 solus
2390 788 2633 844 medicus
2675 790 2966 858 malagma,
3000 790 3292 858 oleumque
3333 803 3387 845 et
3430 793 3514 846 vi-

1944 894 2075 933 num
2096 917 2112 943 ,
2136 895 2329 949 nempe
2361 880 2694 949 paenitentia:
2719 894 2885 949 Opera
2906 919 2922 944 ,
2966 882 3355 935 contritionem
3387 898 3511 936 cum

1945 970 2205 1041 lacrymis
2237 972 2457 1027 adhibe.

2013 1059 2189 1113 Etiam
2235 1077 2336 1130 ego
2397 1060 2767 1117 Chananaeam
2823 1061 3091 1124 imitatus,
3150 1060 3316 1115 David
3372 1058 3516 1114 Filio

1943 1152 2142 1218 clamo,
2184 1170 2202 1202 ι
2259 1151 2520 1207 Miserere
2567 1154 2669 1207 mei
2740 1152 2801 1218 f;
2867 1171 2885 1205 ι
2931 1163 3092 1221 tango
3133 1152 3423 1215 ﬁmbriam,
3458 1162 3518 1205 ut

1944 1241 2374 1297 haemorrhoissa
2399 1244 2461 1308 8;
2489 1242 2593 1298 ﬂeo
2614 1253 2674 1298 ut
2700 1241 2916 1298 Martha
2939 1253 2994 1298 et
3012 1243 3184 1296 Maria
3216 1257 3384 1312 super
3420 1242 3517 1295 La-

1945 1348 2136 1386 zarum
2164 1333 2215 1385 Ιι.

2013 1424 2410 1494 Lacrymarum
2468 1424 2807 1480 alabastrum
2828 1465 2843 1490 ,
2873 1440 2906 1479 o
2938 1425 3213 1492 Salvator,
3251 1431 3513 1499 unguenti

1946 1512 2144 1576 instar,
2193 1528 2361 1583 super
2390 1522 2559 1584 caput
2612 1529 2822 1569 evacuo
2865 1510 2931 1582 i;
2977 1517 3157 1571 clamo
3210 1518 3308 1572 tibi
3370 1520 3516 1573 sicut

1946 1604 2208 1656 meretrix
2266 1604 2359 1655 illa
2429 1602 2869 1658 misericordiam
2926 1620 3181 1673 quaerens
3234 1605 3282 1661 ἱ.
3333 1605 3514 1663 Oﬂ‘ero

1948 1707 2163 1762 preces,
2204 1693 2707 1763 reinissionemque
2737 1694 2998 1765 elllagito.

344 1789 405 1842 Et
433 1790 525 1842 καὶ
558 1787 744 1859 μηδεὶς
772 1786 848 1851 ὡς
875 1785 987 1855 ἐγώ
1022 1802 1105 1839 σοι
1136 1786 1412 1858 ἥμαρτεν,
1445 1786 1558 1840 ἀλλ’
1581 1787 1732 1857 ὅμως
1759 1788 1844 1841 δέ·

2016 1781 2340 1852 Quanquam
2384 1799 2545 1838 nemo
2582 1784 2656 1837 ita
2702 1795 2760 1837 ut
2791 1799 2893 1853 ego
2938 1785 3179 1854 graviter
3222 1786 3510 1855 peccavit;

276 1882 362 1946 ξαι
397 1882 575 1951 κάμὲ,
610 1878 958 1949 εὔσπλαγχνε
1002 1876 1184 1949 Σῶτερ
1206 1918 1221 1941 ,
1258 1877 1406 1947 φόϐῳ
1444 1878 1805 1948 μετανοοῦντα
1828 1919 1843 1943 ,

275 1975 370 2027 καὶ
396 1972 546 2041 πόθῳ
571 1970 900 2041 κεκραγότα·
934 1967 1248 2038 «Ἥμαρτον
1271 1983 1354 2019 σοι
1383 1967 1550 2038 μόνῳ,
1575 1968 1845 2040 ὴνόμησα,

275 2064 500 2133 ἐλέησόν
534 2079 622 2133 με.
661 2080 679 2113 ι

345 2157 554 2220 Φείσαι,
586 2153 792 2225 Σῶτερ,
826 2150 919 2206 τοῦ
956 2150 1086 2204 ἰδίου
1124 2149 1457 2220 πλάσματος,
1490 2150 1581 2204 καὶ
1616 2149 1848 2220 ζήτησον

273 2244 350 2309 ῶς
375 2243 577 2313 ποιμὴν
602 2243 661 2294 τὸ
687 2241 965 2304 ἀπολωλὸς
989 2239 1257 2311 πρόϐατον
1283 2256 1295 2270 ·
1327 2241 1664 2312 πλανηθέντα
1690 2241 1850 2312 ἐξάρ-

277 2350 450 2388 πασον
486 2332 578 2387 τοῦ
612 2332 812 2385 λύκουο
854 2329 1078 2400 ποίησόν
1118 2346 1185 2400 με
1223 2329 1475 2401 θρέμμα,
1516 2334 1573 2384 ὲν
1608 2334 1673 2403 τῇ
1711 2334 1846 2403 μονῇ

277 2426 385 2479 τῶν
417 2425 525 2478 σῶν
554 2424 862 2494 προϐάτων.

350 2516 518 2569 Ὀταν
543 2515 775 2587 καθίσῃς
802 2515 1009 2586 Κριτὴς
1034 2514 1109 2577 ὡς
1134 2514 1525 2586 εῦσπλαγχνος,
1551 2515 1649 2569 καὶ
1671 2514 1849 2587 δείξῃς

278 2608 378 2678 τὴν
403 2607 640 2678 φοϐερὰν
662 2607 820 2670 δόξαν
849 2622 964 2671 σου,
992 2606 1198 2676 Χριστὲ
1220 2647 1234 2671 ,
1262 2599 1307 2658 ὧ
1332 2609 1481 2669 ποῖος
1508 2607 1672 2675 φόϐος
1694 2607 1845 2660 τότεί

281 2697 512 2769 καμίνου
543 2697 837 2767 καιομένης
860 2712 872 2724 ·
910 2698 1127 2752 πάντων
1155 2695 1477 2751 δειλιώντων
1500 2699 1562 2751 τὸ
1590 2698 1850 2752 ἄστεκτον

280 2786 375 2841 τοῦ
401 2786 646 2857 βήματός
676 2803 789 2854 σου.

883 2963 997 3033 Τῆς
1027 2964 1157 3019 Ὀσί
1160 2982 1251 3030 ας.

367 3057 431 3111 Ἠ
466 3057 562 3110 τοῦ
603 3057 782 3121 Φωτὸς
816 3057 912 3111 τοῦ
952 3056 1148 3111 ἀδύτου
1201 3059 1401 3129 Μήτηρ
1443 3075 1501 3111 σε
1544 3060 1848 3127 φωτίσασα,

284 3149 594 3218 σκοτασμοῦ
650 3149 809 3202 ἔλυσε
864 3149 1093 3229 παθῶνο
1149 3148 1271 3203 ὅθεν
1318 3150 1698 3221 εἰσδεδεγμένη
1755 3152 1850 3205 τοῦ

282 3240 594 3311 Πνεύματος
622 3242 720 3309 τὴν
745 3240 934 3311 χάριν,
964 3239 1228 3308 φώτισον,
1260 3241 1448 3312 Μαρία
1468 3281 1482 3304 ,
1510 3241 1636 3305 τούς
1669 3258 1729 3295 σε
1761 3260 1852 3295 πι-

284 3330 424 3393 στῶς
454 3315 920 3401 άνευξρημοῦντας.

350 3422 543 3492 Θαῦμα
575 3423 759 3477 καινὸν
784 3422 1017 3477 κατιδὼν
1046 3423 1294 3489 ἐξίστατο
1326 3425 1353 3477 ὁ
1386 3424 1527 3489 θεῖος
1561 3426 1727 3492 ὄντως
1749 3468 1761 3490 ,
1794 3429 1853 3481 ὲν

283 3514 385 3577 σοὶ,
416 3516 628 3588 Μῆτερ,
655 3516 937 3585 Ζωσιμᾶςο
962 3514 1194 3583 ἄγγελον
1222 3516 1330 3587 γὰρ
1359 3516 1503 3587 ἑώρα
1529 3520 1587 3570 ὲν
1615 3517 1849 3587 σώματι,

281 3604 380 3657 καὶ
430 3605 674 3673 θάμϐους
720 3604 839 3668 ὅλος
885 3602 1208 3674 ἐπληροῦτο,
1254 3605 1488 3675 Χριστὸν
1532 3606 1732 3675 ὑμνοῦν
1774 3609 1854 3670 εἰς

281 3696 410 3757 τοὺς
440 3695 661 3757 αἰῶνας.

912 3873 1211 3942 Ἀνδρέου.

368 3965 455 4029 Ὡς
488 3965 799 4037 παρρησίαν
831 3966 970 4035 ἔχων
1006 3966 1143 4035 πρὸς
1176 3965 1403 4036 Κύριον»
1438 3963 1679 4035 Ἀνδρέα’
1699 3965 1852 4036 Κρή’

282 4073 384 4127 της
413 4058 607 4110 σεπτὸν
638 4056 816 4120 κλέος,
847 4056 1099 4117 δυσωπῶ,
1131 4057 1397 4127 πρέσϐευε
1428 4056 1522 4110 τοῦ
1552 4056 1750 4126 δεσμοῦ
1786 4074 1851 4127 με

283 4149 384 4219 τῆς
424 4148 654 4216 ἀνομίας
696 4148 850 4200 λύσιν
890 4146 983 4200 νῦν
1024 4150 1203 4218 εὑρεῖν
1242 4150 1426 4219 εὐχαῖς
1472 4164 1595 4212 σου,
1635 4150 1710 4212 ὡς
1752 4148 1853 4218 τῆς

288 4240 577 4309 μετανοίας
605 4238 943 4304 διδάσκαλος,
972 4239 1134 4291 ὁσίων
1162 4238 1307 4304 δόξα.

1950 1874 2043 1928 sed
2072 1884 2127 1927 et
2155 1889 2239 1928 me
2262 1875 2646 1937 nihilominus,
2675 1875 2918 1929 clemens
2944 1875 3222 1940 Salvator,
3261 1878 3477 1946 suscipe
3497 1915 3515 1939 ,

1949 1964 2151 2018 timore
2209 1968 2605 2033 paenitentem,
2673 1979 2738 2018 ac
2799 1965 3077 2019 desiderio
3132 1966 3511 2021 clamantem:

1956 2075 1974 2108 ι
2010 2054 2129 2109 Tibi
2164 2057 2269 2111 soli
2306 2057 2525 2125 peccavi
2553 2072 2570 2122 ;
2598 2055 2784 2123 inique
2814 2056 2933 2125 egi;
2966 2055 3227 2110 miserere
3256 2056 3385 2110 mei.
3420 2074 3441 2107 ι

2021 2145 2215 2210 Parce,
2280 2145 2555 2209 Salvator,
2612 2157 2704 2199 tuo
2760 2146 3056 2214 ﬁgmento,
3110 2160 3175 2198 ac
3220 2146 3368 2199 velut
3422 2160 3519 2215 pa-

1951 2242 2088 2298 stor,
2123 2250 2278 2289 ovem
2315 2250 2504 2304 quaere
2541 2251 2661 2303 quae
2690 2235 2851 2303 periit
2880 2233 2908 2273 ¹ι
2937 2253 2950 2287 ;
2985 2244 3260 2288 errantem
3295 2250 3326 2288 a
3360 2236 3520 2290 leone

1950 2326 2099 2394 eripe
2133 2338 2149 2378 :
2178 2325 2267 2379 fac
2321 2340 2405 2380 me
2451 2325 2732 2379 alumnum
2775 2325 2829 2377 in
2864 2325 3020 2378 cauta
3062 2327 3243 2378 ovium
3277 2336 3517 2379 tuarum.

2023 2505 2258 2571 Quando
2299 2504 2473 2560 Judex
2523 2504 2736 2560 sederis
2790 2505 2937 2559 velut
2974 2504 3237 2570 clemens,
3262 2510 3520 2573 tuamque

1950 2594 2251 2649 terribilem
2279 2596 2538 2665 gloriam,
2569 2610 2601 2647 ο
2627 2593 2865 2659 Christe,
2899 2592 3211 2648 ostenderis
3237 2608 3251 2646 :
3283 2607 3315 2644 ο
3340 2608 3521 2661 quau-

1954 2693 2043 2739 tus
2080 2696 2210 2738 tunc
2240 2685 2405 2738 timor
2443 2683 2458 2737 ι
2491 2684 2709 2737 camino
2738 2698 2990 2746 accensa,
3024 2682 3393 2752 omnibusque
3428 2697 3521 2748 ρει·
3605 2682 3615 2690 ’

1952 2777 2207 2831 ventibus
2243 2776 2486 2830 tribunal
2535 2776 2669 2847 illud
2729 2784 2908 2839 tuum,
2966 2774 3112 2846 quod
3161 2775 3302 2829 nihil
3346 2775 3522 2829 latere

1949 2868 2146 2938 possit.

2549 2957 2616 3011 1η
2644 2956 2923 3013 Sanctam.

2024 3051 2162 3107 Cum
2201 3059 2251 3106 te
2288 3050 2539 3105 Luminis
2571 3049 2763 3116 Mater,
2806 3049 2951 3119 quod
2983 3065 3239 3106 occasum
3287 3053 3517 3116 nesciat,

1955 3143 2343 3207 illuminasset,
2389 3142 2652 3196 vitiorqu
2702 3142 2942 3196 tenebris
2972 3143 3247 3197 absolvit:
3293 3160 3524 3215 quapro-

1910 3248 1915 3259 ί
1956 3243 2094 3303 pter,
2146 3241 2423 3301 suscepta.
2471 3247 2504 3286 o
2553 3226 2721 3284 Maria
2777 3231 3017 3301 Spiritus
3064 3233 3262 3303 gratia,
3314 3243 3366 3289 te
3416 3236 3523 3291 liJe

1956 3324 2295 3377 celebrantes
2332 3323 2601 3375 illumina.

2026 3413 2239 3467 Novum
2299 3413 2354 3464 in
2407 3422 2459 3464 te
2504 3412 2832 3465 miraculum
2886 3421 3180 3476 contuens,
3234 3430 3268 3470 ο
3325 3415 3518 3482 Mater,

1956 3518 2083 3560 vere
2136 3503 2473 3558 admirabilis
2533 3502 2783 3557 Zosimas
2851 3494 3182 3572 obstupuit,
3248 3520 3313 3560 ac
3374 3509 3521 3562 velut

1955 3605 2137 3649 mente
2162 3604 2377 3648 emotus
2407 3604 2490 3649 est
2519 3610 2533 3645 :
2572 3592 2786 3646 videbat
2830 3595 2974 3646 enim
3012 3595 3065 3647 in
3096 3610 3327 3665 corpore
3354 3613 3521 3666 auge-

1956 3684 2090 3748 lum,
2128 3692 2385 3753 totusque
2436 3694 2661 3752 stupore
2695 3684 3032 3752 replebatur,
3083 3686 3316 3742 laudans
3365 3688 3521 3742 Chri-

1956 3784 2101 3830 stum
2142 3776 2197 3829 in
2226 3775 2446 3829 swcula.

2536 3864 2602 3917 1η
2647 3864 2933 3919 Andream.

2026 3957 2185 4011 Velut
2229 3956 2323 4026 qui
2348 3958 2621 4022 ,tiduciam
2670 3958 2813 4025 apud
2866 3959 3153 4012 hominum
3210 3959 3434 4026 habeas,
3484 3978 3519 4017 ο
3563 3950 3570 3955 ’

1955 4047 2197 4112 Andrea,
2233 4048 2549 4101 venerabile
2572 4047 2750 4101 Cretae
2794 4048 2982 4113 decus,
3031 4050 3299 4118 obsecro;
3340 4054 3518 4109 inter-

1955 4139 2145 4204 cedas,
2185 4145 2246 4191 ut
2281 4139 2393 4192 tuis
2424 4153 2573 4191 nunc
2607 4137 2882 4207 precibus,
2932 4139 3024 4208 qui
3071 4141 3407 4209 pmnitentia:
3439 4145 3516 4198 sis

1957 4228 2168 4291 doctor,
2204 4241 2267 4279 ac
2302 4225 2475 4295 gloria
2507 4233 2856 4290 sanctorum,
2889 4226 3291 4295 absolutionem
3318 4245 3347 4285 a
3387 4246 3517 4302 pec-

1957 4318 2066 4370 cati
2096 4317 2319 4371 vinculo
2347 4318 2658 4371 nauciscar.

335 4443 723 4513 Εὐλογοῦμεν
745 4443 1001 4511 Πατέρα,
1033 4440 1189 4504 Υἱὸν,
1218 4446 1315 4499 καὶ
1347 4445 1520 4515 ἅγιον
1540 4445 1798 4515 Πνεῦμα.

1958 4430 2326 4485 Benedicimus
2367 4429 2605 4496 Patrem,
2653 4440 2705 4515 et
2744 4428 2971 4496 Filium,
3002 4440 3051 4485 et
3083 4430 3345 4500 Spiritum
3393 4452 3518 4490 sau-

356 4600 593 4670 Ἀναρχε
617 4600 820 4671 Πάτερ,
846 4600 941 4654 Υἱὲ
965 4601 1165 4655 συνάνα
1177 4617 1291 4670 ρχε,
1318 4599 1645 4671 Παράκλητε
1668 4599 1854 4668 ἀγαθὲ,

281 4690 508 4760 Πνεῦμα
557 4692 617 4743 τὸ
664 4692 839 4757 εὐθὲς,
889 4691 1064 4757 Λόγον
1118 4690 1252 4743 Θεοῦ
1298 4691 1601 4761 Γεννῆτορ,
1650 4690 1859 4761 [ἰατρὸς

282 4784 521 4853 ἀνάρχου
544 4780 714 4849 Λόγε,
739 4782 959 4852 Πνεῦμα
983 4781 1090 4846 ζῶν
1116 4781 1208 4834 καὶ
1233 4779 1434 4846 κτίζον,
1461 4781 1630 4852 me;
1654 4782 1857 4848 Μονὰς,

282 4874 503 4945 ἐλέησόν
533 4891 619 4945 με.

952 4986 1187 5041 Θεοτόκ.

346 5073 361 5093 ⁸
381 5078 451 5138 Ως
482 5080 546 5129 ὲκ
577 5076 751 5147 βαφῆς
776 5075 1129 5146 ἂλουργίδος,
1159 5078 1425 5148 ἄχραντε,
1456 5078 1489 5146 ἡ
1520 5076 1684 5146 νοητὴ
1717 5094 1854 5147 πορ-

280 5169 442 5241 φυρὶς
493 5167 586 5221 τοῦ
617 5168 982 5238 Ἐμμανουήλ,
1019 5168 1165 5223 ἔνδον
1205 5170 1263 5221 ὲν
1304 5172 1371 5239 τῇ
1418 5168 1617 5239 γαστρί
1661 5185 1777 5233 σου,
1818 5171 1850 5240 ἡ

283 5260 421 5330 σὰρξ
454 5260 859 5330 συνεξυφάνθη;
890 5262 1010 5314 ὅθεν
1039 5259 1299 5313 Θεοτόκον
1328 5261 1386 5313 ὲν
1411 5260 1638 5332 ἀληθείᾳ
1672 5277 1731 5312 σε
1764 5277 1848 5313 τι-

287 5350 516 5419 μοῦμεν.
556 5351 906 5421 (Αινοῦμεν,
943 5350 1341 5419 εὐλογοῦμεν·
1382 5351 1478 5405 καί
1521 5351 1707 5405 πάλιν
1741 5351 1849 5404 τὸν

283 5442 545 5511 είρμόνο)

395 5632 423 5672 δ
469 5630 598 5687 Luc.
650 5649 786 5695 xm.
822 5632 911 5689 6‘2.
1018 5643 1040 5672 ε
1081 5632 1218 5686 Lnr.
1271 5645 1429 5691 vvm,
1504 5631 1589 5685 l5.

288 5714 363 5766 lx,
395 5702 462 5755 20
495 5717 647 5772 seq-1.
724 5704 748 5742 ιι
773 5702 1012 5765 .Ιο;ιιι.λι,
1044 5703 1136 5765 55,
1168 5701 1254 5754 ⁸54.

1686 5630 1710 5670 ἀ
1766 5630 1900 5684 Luc.
1955 5646 2054 5693 vn,
2100 5587 2232 5685 .53.

1375 5701 1386 5737 ί
1430 5701 1623 5755 Matth.
1666 5716 1814 5767 xxvi,
1846 5700 1896 5769 7;
1926 5699 2094 5757 Marc.
2127 5717 2235 5768 xnv,
2272 5700 2325 5754 3.
2407 5700 2420 5749 i
2461 5700 2595 5756 Luc.
2629 5718 2724 5768 vn,
2759 5703 2849 5759 58.

2657 4513 2825 4553 ctum.

2025 4590 2252 4646 ASterne
2307 4589 2488 4654 Pater,
2544 4587 2646 4642 Fili
2696 4597 2989 4655 coaeterne,
3026 4590 3169 4646 bone
3214 4572 3517 4658 Paraclete,

1955 4692 2107 4736 recte
2138 4680 2401 4752 Spiritus.
2439 4678 2605 4735 Verbi
2645 4680 2741 4735 Dei
2793 4677 3053 4745 Genitor,
3104 4682 3279 4737 Patris
3329 4688 3517 4738 aeterni

1954 4771 2215 4839 Verbum,
2267 4771 2506 4841 Spiritus
2537 4773 2657 4827 vive
2701 4781 2756 4827 et
2786 4772 3036 4838 Creator,
3095 4771 3338 4830 Trinitas
3388 4773 3522 4827 Uni-

1959 4874 2174 4937 tasque,
2212 4866 2481 4923 miserere
2504 4867 2631 4924 mei.

2567 4978 2651 5031 Ad
2693 4978 2909 5049 Deipar.

2028 5068 2189 5123 Velut
2230 5084 2292 5123 ev
2347 5070 2557 5124 murice
2600 5072 2861 5138 quodam,
2910 5087 2943 5126 o
2976 5072 3324 5138 intemerata,
3371 5074 3520 5128 iutus

1954 5161 2010 5215 in
2046 5170 2201 5215 utero
2228 5170 2339 5227 tuo,
2374 5162 2638 5232 spiritalis
2685 5161 3060 5218 Emmanuelis
3109 5180 3355 5234 purpura
3403 5166 3520 5229 illa,

1955 5268 2087 5307 caro
2119 5260 2374 5307 contexta
2414 5261 2541 5308 est:
2575 5254 2931 5322 quamobrem
2974 5265 3026 5309 te
3059 5270 3187 5310 vere
3226 5256 3517 5325 Deiparam

1956 5348 2314 5403 houoramns.
2372 5346 2726 5421 (Laudamus,
2782 5348 3172 5413 benedicimus;
3225 5366 3286 5403 ac
3332 5366 3519 5405 rursus

1962 5438 2258 5510 llirmum.)

2950 5632 2969 5670 τ
3000 5633 3154 5689 ibitl..
3259 5638 3286 5675 ‘
3320 5634 3513 5691 Matth.

2946 5702 2971 5741 ¹ι
2999 5703 3142 5761 I'sal.
3174 5720 3361 5773 cxvin,
3394 5708 3519 5764 176.

2340 5640 2364 5669 ε
2391 5630 2587 5686 Matth.
2621 5648 2709 5697 xv,
2743 5633 2833 5686 99..
