4004 6150
471 260 609 324 i379

856 369 1130 426 Triodium
1177 383 1196 424 :
1245 376 1354 422 ton.
1429 368 1464 424 ι
1510 365 1674 436 obliq.

973 535 975 537 ι
1153 457 1264 514 Ode
1328 459 1385 514 9.

544 553 620 610 Te
648 553 742 609 Dei
769 551 1022 618 Matrem,
1049 567 1150 623 per
1182 560 1234 606 te
1263 550 1397 605 facti
1429 547 1597 615 salvi,
1628 563 1662 604 ο
1695 555 1850 605 casta
1875 547 2056 616 virgo,

477 645 696 716 praprie
735 642 1072 698 conﬁtemur
1104 658 1122 699 :
1171 649 1227 697 te
1271 640 1696 712 magniﬁca‘mus
1735 653 1861 694 cum
1897 636 2058 708 spiri-

475 743 631 790 tuum
670 734 881 788 choris.

547 822 684 888 Vos,
709 823 946 894 apostoli
980 821 1247 878 salutaris
1287 820 1474 876 laticis
1522 817 1703 874 fontes
1728 816 1910 872 effecti
1943 814 2064 870 ani-

478 931 625 970 mam
653 931 778 985 quae
808 917 896 970 siti
923 913 1132 984 peccati
1157 913 1564 974 contabuisset,
1601 925 1702 964 ceu
1729 908 1906 962 all'uso
1935 919 2066 961 rore

477 1007 701 1062 abunde
732 995 1031 1076 irrigastis.

549 1097 844 1152 Natantem
920 1095 1114 1166 pelago
1177 1092 1546 1163 perditionis,
1605 1105 1672 1146 ac
1735 1089 1848 1158 jam
1903 1084 2066 1156 aquis

478 1191 738 1247 obrutum
792 1197 886 1242 tua
923 1203 1011 1242 me
1061 1187 1314 1250 dextera,
1371 1185 1623 1248 Domine,
1681 1183 1900 1238 salvum
1954 1179 2064 1242 fac,

479 1281 626 1337 sicut
655 1279 880 1332 Petrum
921 1275 962 1332 ι.

553 1369 714 1426 Velut
769 1369 861 1439 qui
919 1365 1243 1422 salutarium
1274 1355 1626 1438 ".dogmatum
1673 1363 1755 1418 sal
1821 1361 1946 1418 sitis
2004 1368 2069 1426 ’⁸,

481 1469 643 1532 putre
681 1460 886 1516 mentis
922 1474 1054 1515 mea:
1077 1459 1286 1514 siccate
1311 1457 1497 1521 ulcus,
1522 1453 1894 1525 tenebrasque
1917 1453 2069 1524 igno-

483 1555 677 1609 rantis:
705 1553 1002 1622 dispellite.

552 1643 716 1698 Velut
765 1644 1032 1714 gaudium
1074 1642 1266 1706 enixa,
1319 1649 1373 1696 tu
1420 1639 1558 1695 mihi
1606 1639 1815 1694 luctum
1849 1637 2068 1708 praebe;

1460 284 1512 300 -⁴
1602 254 1661 315 s.
1703 249 2032 316 Annam
2057 205 2486 311 CRETENSIS

2092 367 2140 426 Α
2389 369 2392 372 .

3636 236 3778 300 1380

2573 358 2649 416 Τὸ
2678 357 2970 428 τριώδιον.
3137 357 3243 410 πλ.
3275 354 3348 410 δ’.

2835 446 2977 517 per.
3013 445 3082 501 θ’.

2230 544 2473 614 Κυρίως,
2491 541 2774 607 Θεοτόκον,
2789 557 2850 593 σε
2885 537 3286 610 ὁμολογοῦμεν,
3321 539 3374 592 οἱ
3407 537 3504 592 διὰ
3539 538 3645 592 σοῦ
3685 556 3773 594 σε·

2164 635 2456 706 σωσμένοι,
2480 633 2728 704 Παρθένε
2755 633 2894 702 ἁγνή
2921 645 2937 660 ·
2967 631 3065 683 σὺν
3089 630 3402 700 ἀσωμάτων
3423 630 3689 700 χορείαις
3715 647 3770 682 σε

2167 727 2566 798 μεγαλύνορεν.

2236 818 2421 889 Πηγαὶ
2442 817 2538 872 τοῦ
2567 817 2839 888 σωτηρίου
2861 815 3104 886 νάματος
3127 813 3456 884 δειχθέντες.
3483 813 3590 884 τὴν
3611 814 3772 866 tam.

2167 915 2355 966 κεῖσαν
2378 910 2558 980 ψυχὴν
2584 926 2707 979 μου,
2733 907 3046 974 ἀπόστολοι,
3073 911 3172 980 τῆς
3194 907 3486 978 ἁμαρτίας
3510 909 3579 977 τῇ
3604 905 3767 975 δίψει,

2167 1003 2608 1076 κατεδροσήσατε
2625 1003 2692 1056 ⁸⁸.

2237 1093 2558 1163 Νηχόμενον
2590 1091 2820 1160 πελάγει
2847 1091 2926 1162 τῷ
2949 1090 3050 1161 τῆς
3080 1091 3361 1155 ἀπολείας,
3390 1091 3490 1144 καὶ
3523 1087 3773 1159 ὕποὸρύ·

2169 1202 2285 1255 χιον
2309 1185 2410 1256 ήδη
2439 1184 2752 1254 γενόμενον,
2779 1186 2845 1254 σῇ
2873 1183 3025 1251 δεξιᾷ
3047 1183 3124 1247 ὡς
3149 1181 3226 1254 τῷ
3256 1183 3454 1254 Πέτρῳ
3473 1184 3546 1248 υ,
3574 1180 3774 1250 Κύριε,

2173 1275 2348 1329 σῶσόν
2381 1293 2470 1346 με.

2251 1367 2342 1430 Ὠς
2359 1367 2493 1430 ἃλας
2508 1365 2618 1420 τῶν
2643 1365 2914 1436 νοστίμων
2938 1364 3095 1428 ὄντες
3123 1364 3506 1435 διδαγμάτων,
3549 1363 3661 1432 τὴν
3689 1371 3780 1433 mf.

2173 1461 2373 1516 πεδόνα
2402 1460 2524 1524 νοός
2555 1476 2659 1528 μου
2689 1459 2984 1532 ξηράνατε,
3017 1459 3113 1512 καὶ
3138 1457 3240 1528 τῆς
3265 1457 3498 1526 ἀγνοίας
3523 1460 3592 1510 τὸ
3645 1459 3774 1510 cxi-

2172 1568 2264 1615 τος
2295 1550 2658 1616 ἀποδιώξατε.
3583 1543 3594 1551 ’

2244 1645 2438 1716 Χαρὰν
2469 1643 2546 1707 ὡς
2570 1644 2850 1706 τετοκυῖα,
2875 1641 3070 1705 πένθος
3106 1657 3199 1710 μοι
3230 1639 3526 1712 παράσχου
3555 1655 3568 1666 ·
3602 1639 3680 1691 δι’
3721 1634 3782 1694 οὗ

483 1751 594 1806 quo
623 1713 957 1802 divinamin
979 1734 1175 1804 judicii
1207 1733 1394 1788 futura
1433 1733 1524 1788 die
1555 1730 2014 1796 consolationem,
2038 1745 2072 1786 ο

2216 1737 2275 1808 ὴν
2293 1713 2446 1789 θείαν
2463 1734 2835 1806 παράκλησιν,
2858 1734 3148 1798 Δέσποινα,
3167 1735 3226 1786 ὲν
3244 1735 3312 1804 τῇ
3337 1731 3620 1802 μελλούσῃ
3643 1730 3750 1800 ήμέ
3764 1761 3782 1770 -

488 1829 737 1892 Domina,
769 1827 1022 1882 invenire
1056 1840 1280 1895 queam.

1067 1914 1296 1969 Hirmus
1329 1913 1490 1968 alius.

558 2007 637 2065 Te
680 2007 809 2064 caeli
867 2015 1141 2076 terraeque
1192 2005 1596 2070 mediatricem,
1655 2002 2078 2073 magniﬁcamus

489 2117 684 2158 omnes
723 2102 1150 2172 generationes:
1201 2099 1426 2168 quippe,
1473 2095 1664 2166 Virgo,
1709 2096 1979 2152 habitavit
2020 2097 2075 2151 in

491 2207 544 2250 te
566 2195 854 2265 plenitudo
881 2193 1196 2249 divinitatis
1223 2190 1594 2261 corporaliter
1622 2197 1677 2244 ιι.

561 2285 660 2351 Te,
694 2287 958 2356 praeclare
1005 2285 1382 2354 apostolorum
1419 2289 1668 2346 senatus,
1701 2281 1936 2338 canticis
1959 2295 2078 2336 ma-

492 2377 839 2447 gniﬁcamus.
870 2375 1008 2430 Nam
1043 2375 1178 2430 facti
1228 2375 1366 2431 estis
1399 2374 1520 2428 laeta
1554 2371 1854 2426 luminaria
1897 2374 2082 2444 expet.

491 2470 668 2522 lentes
701 2481 972 2522 errorem.

561 2559 891 2635 Erangelica
944 2565 1130 2614 vestra
1188 2571 1393 2628 sagena
1439 2558 1724 2628 capientes
1779 2556 2082 2614 rationales

493 2653 698 2724 pisces,
733 2666 832 2708 eos
849 2666 1066 2722 semper
1096 2649 1346 2715 Christo,
1373 2664 1406 2704 ο
1437 2650 1586 2706 beati
1621 2651 1884 2721 apostoli,
1916 2648 1973 2702 in
1999 2649 2082 2702 ci-

495 2743 625 2796 bum
648 2739 884 2797 oﬂertis.
1383 2777 1393 2788 .

571 2827 628 2882 In
661 2831 858 2882 vestris
891 2827 958 2880 ad
985 2826 1155 2881 Deum
1212 2825 1474 2896 precibus
1527 2825 1727 2892 nostri,
1756 2839 1791 2880 o
1824 2825 2080 2894 apostoli,

499 2927 868 2976 mementote:
899 2933 1160 2986 rogamus
1213 2928 1272 2970 ut
1303 2918 1370 2971 ab
1399 2917 1550 2971 omni
1580 2918 1881 2972 liberemur
1906 2927 2084 2973 tenta-

498 3013 668 3076 tione,
691 3011 783 3082 qui
813 3024 912 3064 vos
932 3008 1207 3063 desiderio
1247 3007 1566 3077 laudamus,

1196 3100 1405 3156 Gloria.

571 3195 764 3252 Laudo
814 3203 889 3260 te,
920 3193 1091 3258 trine,
1125 3193 1521 3249 subsistentem
1581 3194 1870 3262 unitatem,
1903 3195 2087 3264 Pater,

503 3289 628 3355 Fili,
655 3295 710 3342 ct
748 3285 993 3356 Spiritus
1018 3295 1214 3338 sancte
1245 3301 1259 3338 :
1290 3282 1461 3338 Deum
1507 3301 1677 3338 unum
1717 3286 2090 3341 consubstan-

503 3383 725 3448 tialem;
762 3377 1092 3432 Trinitatem
1122 3376 1374 3447 ejusdem
1423 3376 1654 3432 virtutis
1691 3386 2088 3450 aeternamque.

573 3474 651 3531 Te
692 3473 918 3528 Matrem
955 3473 1164 3542 pariter
1190 3471 1596 3542 virginemquc,
1629 3473 1847 3527 beatam
1901 3473 2091 3529 dicunt

502 3583 695 3624 omnes
731 3566 1155 3638 generationes;
1197 3563 1348 3617 velut
1376 3577 1474 3632 per
1506 3573 1558 3618 te
1597 3577 1628 3617 a
1681 3564 1974 3618 maledicto
1999 3579 2091 3620 re-

503 3659 740 3725 demptae
769 3674 782 3708 :
809 3655 1014 3724 quippe
1045 3647 1517 3721 gaudium'nobis,
1542 3651 1834 3707 Dominum
1856 3655 2091 3722 scilicet,

505 3745 765 3818 genuisti.

786 3831 864 3888 De
893 3848 1084 3904 magno
1117 3830 1356 3888 Conone.
1389 3832 1614 3889 Hirmus
1642 3835 1806 3890 alius.

577 3927 1001 3998 Conceptionem
1025 3926 1146 3982 sine
1180 3927 1389 3982 semine
1417 3941 1658 3996 sequens
1687 3935 1898 3997 partus,
1934 3927 2092 3984 inex-

509 4021 784 4094 plicabilis
825 4029 931 4074 est.
977 4018 1306 4086 lncorrupta
1349 4016 1540 4073 Matris
1573 4019 1749 4073 virum
1795 4019 2094 4076 nescientis

508 4113 806 4184 pra-.gnatio
834 4129 847 4166 :
881 4111 1087 4182 quippe
1114 4117 1347 4165 naturas
1378 4109 1474 4165 Dei
1499 4110 1762 4166 nativitas
1815 4111 2090 4167 innovat:

507 4205 876 4274 Quamobrem
903 4213 1050 4259 tuam
1085 4201 1475 4272 generationes
1515 4215 1732 4266 omnes,
1767 4216 1869 4257 ceu
1900 4201 2094 4258 Matris

510 4298 622 4352 nco
663 4307 902 4366 sponse,
948 4290 1413 4362 magnitudinem,
1455 4290 1762 4346 orthodoxe
1817 4292 2094 4362 praedica-

509 4401 656 4442 ιιιιιε.

583 4477 736 4536 Mens
783 4475 979 4533 saucia
1039 4481 1144 4541 est,
1207 4487 1417 4543 corpus
1479 4472 1813 4539 emollitum,
1870 4474 2101 4543 spiritus

509 4577 759 4642 aegrotat,
791 4567 936 4622 ratio
969 4565 1302 4630 inﬁrmatur,
1343 4565 1454 4619 vita
1490 4573 1576 4620 est
1608 4563 1851 4632 defecta;
1883 4563 2007 4621 linis
2046 4566 2102 4620 in

507 4660 718 4732 januis.
749 4657 893 4726 Quid
929 4672 1082 4728 ergo,
1121 4657 1323 4712 misera
1348 4655 1554 4720 anima,
1593 4655 1808 4711 factura
1843 4656 1942 4723 sis,
1977 4673 2102 4712 cum

509 4755 688 4810 Judex
729 4762 823 4806 tua
859 4758 1214 4831 scrutaturus
1252 4750 1508 4805 venerit?

585 4845 764 4900 Moses
797 4843 922 4909 tibi,
947 4857 980 4898 o
1011 4843 1216 4907 anima,
1256 4842 1458 4898 librum
1493 4841 1560 4898 de
1599 4839 1788 4897 mundi
1819 4843 2101 4900 creatione

511 4936 769 4994 exhibuit
794 4955 808 4992 :
839 4935 1076 5006 indeque
1107 4949 1328 4990 omnem
1351 4935 1631 5004 justorum
1654 4935 2103 5006 injustorumque

512 5027 828 5091 historiam,
864 5026 1026 5082 libris
1080 5025 1261 5082 sacris
1303 5033 1668 5081 contentam:
1711 5041 1742 5082 e
1782 5027 2006 5096 quibus,
2069 5045 2102 5083 ο

512 5122 720 5185 anima,
755 5118 1090 5190 posteriores
1117 5116 1331 5174 imitata
1360 5132 1442 5183 es,
1463 5132 1570 5173 non
1589 5117 1826 5189 priores,
1856 5120 1910 5172 in
1931 5119 2100 5176 Deum

513 5224 784 5280 peccans.

585 5301 694 5357 Lex
726 5301 1000 5356 infirmata
1028 5307 1149 5368 est;
1183 5300 1397 5357 desidet
1428 5301 1822 5372 Evangelium;
1849 5303 2104 5357 universa

2180 1845 2249 1900 ρα
2273 1829 2454 1898 εὑρεῖν
2487 1829 2812 1900 δυνήσομαι.

2727 1920 2945 1990 Είρμός
2993 1919 3205 1985 ἄλλος.

2250 2013 2319 2066 Σὲ
2350 2013 2451 2080 τὴν
2473 2012 2706 2085 οὐρανοῦ
2755 2013 2852 2066 καὶ
2901 2013 3007 2082 γῆς
3057 2014 3268 2082 μεσίτιν
3316 2010 3526 2073 πάντες
3592 2011 3786 2077 γενεαὶ

2182 2105 2563 2176 μεγαλύνομεν
2595 2121 2610 2136 ·
2659 2105 2997 2176 σωματικῶς
3050 2104 3160 2174 γὰρ
3221 2105 3543 2174 ἐσκήνωσεν
3591 2106 3656 2156 ἐν
3703 2105 3783 2156 ac!

2177 2198 2240 2250 τὸ
2269 2197 2568 2268 πλήρωμα,
2600 2195 2872 2268 Παρθένε,
2899 2198 3000 2266 τῆς
3025 2195 3302 2265 θεότητος.

2251 2289 2322 2344 Σὲ
2379 2288 2440 2342 τὸ
2501 2289 2726 2353 εὐκλεὲς
2765 2289 2876 2342 τῶν
2933 2288 3256 2342 ἀποστόλων
3297 2284 3564 2356 σύστημα
3614 2285 3780 2357 sed;

2185 2382 2586 2453 μεγαλύνομεν.
2618 2381 2918 2452 ⁴ι)‹;.›στῆρε;ς
2948 2380 3054 2454 γὰρ
3079 2380 3302 2451 φαιδροὶ
3331 2378 3648 2450 ἐδείχθητε,
3683 2381 3780 2449 τὴν

2183 2474 2394 2545 πλάνην
2415 2474 2794 2538 ὲκδιώκοντες.
3009 2532 3012 2536 _
3415 2535 3426 2547 .

2253 2565 2636 2636 Εὐαγγελλικῇ
2663 2564 2821 2636 ὑμῶν
2849 2564 3063 2637 σαγήνῃ
3079 2564 3333 2633 λογικοῦς
3361 2562 3558 2636 ἰχθύας
3574 2563 3782 2634 ἀγρεύ-

2183 2675 2357 2724 οντες,
2389 2659 2588 2722 αὐτοὺς
2612 2658 2954 2728 προσφέρετε
2976 2658 3214 2712 πάντοτε
3249 2656 3478 2728 Χριστῷ
3521 2656 3778 2726 ὀψώνιον,

2185 2751 2476 2804 ἀπόστολοι
2503 2751 2786 2820 μακάριοι.

2270 2842 2359 2896 Ἐν
2387 2844 2456 2912 τῇ
2489 2842 2624 2912 πρὸς
2655 2841 2786 2894 Θεὸν
2818 2843 2850 2912 ἡ
2861 2841 2976 2912 μῶν
2999 2841 3216 2911 αἰτήσει
3239 2880 3256 2905 ,
3290 2839 3579 2910 μέμνησθε
3599 2837 3782 2908 ἡμῶν,

2189 2931 2478 2984 ἀπόστολοι
2500 2945 2513 2958 ·
2551 2931 2662 2984 ἀπὸ
2697 2931 2898 2992 παντὸς
2920 2931 3267 3002 λυτρωθῆναι
3305 2927 3628 3000 πειρασμοῦ
3668 2927 3782 2980 δεό-

2116 3045 2160 3104 C
2197 3017 2358 3088 μεθα,
2390 3020 2517 3083 τοὺς
2545 3019 2694 3091 πόθῳ
2725 3019 3098 3090 ἀνυμνοῦντας
3125 3019 3292 3090 ὑμᾶς.

2896 3111 3072 3176 Δόξα.

2263 3203 2332 3256 Σὲ
2360 3202 2456 3274 τὴν
2489 3203 2927 3276 τρισυπόστατον
2963 3203 3189 3274 μονάδα,
3237 3201 3444 3272 Πάτερ,
3500 3199 3626 3265 Υἱὲ,
3691 3200 3784 3253 σὺν

2193 3293 2268 3365 τῷ
2321 3295 2622 3364 Πνεύματι,
2675 3295 2773 3348 ἕνα
2835 3295 2972 3348 Θεὸν
3026 3294 3313 3366 ὀμοούσιον
3341 3293 3534 3365 ὑμνῶο
3571 3292 3786 3363 Τριὰδα

2191 3385 2529 3456 ὁμοδύναμον
2569 3386 2664 3440 καὶ
2682 3386 2940 3460 ἄναρχον.

2265 3475 2333 3527 Σὲ
2379 3476 2479 3546 τὴν
2529 3477 2858 3532 Παιδοτόκον
2914 3480 3008 3532 καὶ
3055 3479 3336 3550 Παρθένον
3385 3481 3566 3534 πᾶσαι
3597 3480 3786 3548 γενεαὶ

2197 3573 2600 3646 μακαρίζομεν,
2657 3573 2732 3634 ὡς
2775 3573 2866 3627 διὰ
2901 3571 2996 3624 σοῦ
3049 3571 3420 3643 λυτρωθέντες
3458 3575 3568 3644 τῆς
3607 3574 3781 3644 api;-

2193 3669 2368 3741 χαρὰν
2392 3667 2502 3738 γὰρ
2529 3667 2662 3736 ἡμῖν
2687 3663 2882 3727 ἔτεκες
2907 3665 3002 3718 τὸν
3033 3664 3262 3736 Κύριον.

2311 3915 2315 3920 ⁸
2374 3845 2486 3900 Τοῦ
2509 3843 2780 3914 μεγάλου
2808 3843 3104 3909 Κανόνος.
3135 3842 3360 3912 Ειρμὸς
3389 3843 3609 3909 ἄλλος.

2277 3937 2544 4006 Ἀσπόρου
2579 3935 2893 4006 συλλήψεως
2929 3938 2957 3989 ὀ
2982 3935 3142 3998 τόκος
3185 3935 3626 4004 ἁνερμήνευτος.
3672 3933 3784 4003 Μη-

2193 4029 2322 4102 τρὸς
2353 4028 2618 4098 ἀνάνδρου
2655 4026 2948 4098 ἄφθοροςὴ
2986 4025 3184 4096 κύησις
3209 4041 3223 4056 ’
3275 4024 3417 4078 Θεοῦ
3449 4027 3564 4096 γὰρ
3589 4029 3624 4095 ἡ
3669 4025 3784 4093 γέν-

2195 4138 2350 4193 νησις
2381 4120 2800 4182 καινοποιεῖτὰς
2832 4118 3028 4188 φύσεις
3063 4134 3079 4149 ο
3109 4118 3191 4171 διό
3222 4134 3282 4170 σε
3314 4121 3492 4171 πᾶσαι
3523 4120 3583 4170 αἱ
3605 4117 3783 4186 γενεαὶ

2193 4214 2268 4278 ὡς
2299 4213 2603 4284 θεόνυμφον
2623 4211 2854 4282 Μητέρα
2874 4209 3170 4284 ὀρθοδόξως
3208 4209 3614 4281 μεγαλύνομεν.

2285 4479 2344 4533 'O
2366 4477 2492 4542 νοῦς
2519 4477 2990 4550 τετραυμάτισται
3019 4493 3032 4507 ⁸
3061 4477 3122 4532 τὸ
3146 4475 3310 4546 σῶμα
3333 4475 3749 4547 μεμαλάκιπέι
3766 4490 3780 4506 ·

2204 4573 2350 4626 νοσεῖ
2379 4570 2442 4624 τὸ
2470 4569 2691 4640 πνεῦμα
2719 4583 2733 4596 ⁸
2773 4571 2802 4623 ὁ
2829 4569 3007 4638 Λόγος
3039 4567 3345 4639 ἠσθένησεν
3364 4584 3381 4599 ο
3415 4570 3446 4621 ὁ
3477 4569 3600 4638 βίος
3649 4567 3784 4620 νενέ-

2205 4680 2237 4714 κ
2247 4679 2414 4732 ρωται
2433 4677 2448 4692 ο
2472 4661 2534 4716 τὺ
2557 4660 2710 4726 τέλος
2741 4662 2836 4714 ἐπὶ
2857 4659 3071 4731 θύραις.
3115 4659 3207 4714 Διό
3240 4677 3334 4732 μοι
3362 4661 3606 4715 τάλαινα
3629 4659 3780 4730 ψυχὴ,

2203 4755 2256 4807 τι
2287 4753 2537 4824 ποιήσεις
2559 4751 2692 4806 ὅταν
2713 4739 2894 4822 ἐλθῃ’ὀ
2941 4751 3156 4821 Κριτής
3187 4749 3571 4820 ἀνερευνῆσαι
3595 4751 3668 4804 τὰ
3691 4749 3783 4814 si;

2277 4844 2525 4906 Μωσέως
2545 4845 2891 4914 παρήγαγον,
2909 4841 3078 4913 ψυχὴ,
3111 4843 3212 4912 τὴν
3250 4842 3678 4912 κοσμογένεσιν,
3706 4843 3786 4894 καὶ

2207 4933 2267 4999 ἐξ
2297 4937 2509 4988 ἐκείνου
2537 4935 2718 4986 πᾶσαν
2740 4932 3048 4986 ἐνδιάθετον
3083 4929 3308 5002 γραφὴν
3339 4932 3680 5004 ἱστοροῦσάν
3715 4946 3786 4983 σοι

2204 5025 2450 5087 δικαίους
2485 5023 2583 5077 καὶ
2623 5021 2845 5084 ἀδίκους
2873 5039 2887 5052 ο
2913 5015 2990 5074 ὧν
3010 5021 3140 5084 τοὺς
3168 5020 3491 5093 δευτέρους,
3536 5016 3586 5076 ὧ
3636 5022 3784 5090 ψυχὴ.

2207 5120 2487 5190 ἐμιμήσω,
2521 5117 2580 5170 οὐ
2612 5116 2740 5178 τοὺς
2772 5113 3051 5186 πρώτους,
3071 5115 3154 5178 εἰς
3180 5113 3318 5167 Θεὸν
3335 5113 3784 5186 ὲξαμαρτήσασι.

2291 5304 2348 5355 ’0
2385 5303 2550 5374 νόμος
2583 5303 2912 5374 ἠσθένησεν
2955 5301 3120 5370 ἀργεῖ
3160 5297 3224 5352 τὸ
3255 5297 3637 5368 Εὗαγγέλιον·
3663 5297 3782 5367 Γρι-

515 5393 616 5446 tibi
649 5391 940 5462 Scriptura
973 5393 1217 5462 neglecta
1254 5400 1370 5459 est;
1406 5391 1688 5462 prephette
1715 5393 2078 5461 elanguerunt

2216 5391 2284 5462 φὴ
2304 5392 2362 5446 δὲ
2398 5395 2548 5446 πᾶσα
2566 5393 2622 5447 ἐν
2658 5394 2742 5446 σοὶ
2801 5389 3194 5464 παρημέληται
3236 5407 3251 5422 ·
3291 5390 3587 5462 προφῆται
3611 5390 3778 5460 ﬁed".

595 5503 610 5544 ι
647 5502 840 5557 Matth.
869 5519 981 5571 xw,
1015 5504 1104 5560 3i.
1179 5511 1218 5535 "
1249 5503 1443 5558 Matth.
1478 5503 1643 5570 ν,15.
1725 5516 1754 5545 ιι
1781 5505 1998 5562 Coloss.
2030 5509 2084 5570 it,

3459 5501 3468 5520 ὶ

1827 5595 2062 5653 YAliI/E
2111 5593 2522 5652 LECTlONES.

593 5684 632 5713 ¹¹
663 5683 750 5736 ιον.
785 5683 990 5740 σεσατε.
1101 5689 1146 5720 ²¹
1177 5686 1268 5740 τὸν
1303 5685 1530 5756 Πέτρον.
