4004 6150
293 312 430 378 1335

1511 307 1762 368 CANON
1806 304 1888 366 IN
1925 301 2306 364 LAZARUM.

3407 292 3544 358 1386

295 434 517 506 μνοῦτοο
558 431 652 486 καὶ
676 425 1041 484 συνεσκότασε
1065 429 1124 482 τ’.
1145 427 1264 498 φῶς
1286 428 1344 480 ὲν
1385 427 1572 498 ἡμέρᾳ
1622 422 1872 494 καθορῶν

2009 417 2364 487 quatiebatur;
2413 411 2755 484 spoliabatur
2823 409 3100 478 infernus;
3149 410 3462 480 lumenque,
3513 429 3548 466 ο

294 544 376 595 σε,
413 524 617 596 Ἰησοῦ,
653 521 1082 594 προσηλωμένον
1110 521 1295 591 σακρί.

377 703 586 768 Ἀξίους
620 700 916 772 μετανοίας
939 689 1186 771 καρποὺς
1213 697 1287 769 μὴ
1315 699 1626 771 ἀπαιτήσεις
1659 715 1762 764 μου
1791 713 1803 727 ·
1835 699 1868 767 ἡ

293 794 402 865 γὰρ
441 791 594 863 ίσχύς
627 809 730 862 μου
761 793 820 844 ὲν
853 791 978 862 ἐμοὶ
1013 789 1253 854 ἐξέλιπε.
1283 790 1530 859 Καρδίαν
1564 807 1656 858 μοι
1691 788 1872 859 δώρη-

295 885 502 939 σαιιᾶεὶ
533 883 1034 953 συντετριμμένην,
1069 879 1342 949 πτωχείαν
1371 880 1428 932 δὲ
1467 879 1870 948 πνευματικὴν,

294 977 378 1029 ἵνα
425 973 600 1028 ταῦτά
647 991 728 1026 σοι
785 971 1084 1043 προσοίσω,
1137 971 1212 1035 ὡς
1257 970 1454 1040 δεκτὴν
1494 969 1706 1034 θυσίαν,
1745 969 1876 1040 μὸνε

293 1066 498 1136 Σῶτερ.

363 1152 544 1222 Κριτά
578 1167 681 1222 μου
713 1151 809 1204 καὶ
835 1150 1058 1218 γνωστὰ
1088 1168 1190 1222 μου
1220 1167 1233 1181 ο
1263 1151 1290 1203 ὁ
1324 1149 1537 1220 μέλλων
1572 1149 1732 1205 πάλιν
1779 1149 1874 1220 ἔρ-

292 1243 482 1314 χεσθαι
520 1244 616 1294 σὺν
648 1243 762 1304 τοῖς
797 1241 1076 1309 ἀγγέλοις,
1109 1234 1295 1313 ¹κρῖναι
1351 1242 1560 1312 κόσμον
1613 1241 1829 1295 ἅπαντα
1858 1255 1876 1304 ζ

297 1335 420 1404 ίλέῳ
445 1349 542 1386 σου
567 1331 778 1402 ὄμματι
803 1332 926 1384 τότε
957 1331 1080 1385 ἰδών
1116 1350 1208 1403 με,
1245 1335 1430 1401 φεῖσαι
1477 1333 1573 1384 καὶ
1607 1331 1877 1402 οῐκτειρόν

298 1441 388 1495 με,
421 1423 622 1492 Ἰησοῦ,
670 1421 763 1475 τὸν
824 1421 968 1493 ὑπὲρ
1022 1425 1206 1476 πᾶσαν
1237 1421 1402 1491 φύσιν
1434 1423 1543 1475 τῶν
1571 1419 1878 1493 ἀνθρώπων

295 1515 717 1586 ἁμαρτήσαντα.

830 1667 844 1683 ι
893 1602 1010 1672 Τῆς
1045 1603 1269 1668 Ὀσίας.

379 1695 712 1764 Ἐξέστησας
765 1693 1018 1757 ἅπαντας
1057 1697 1122 1765 τῇ
1171 1694 1298 1769 ξένῃ
1327 1696 1573 1767 πολιτείᾳ
1608 1709 1702 1749 σου
1726 1711 1742 1727 ⁶
1775 1697 1874 1764 ἀγ.

309 1787 470 1856 ίέλων
507 1785 695 1850 τάξεις
721 1824 736 1848 ,
782 1783 994 1856 βροτῶν
1025 1786 1094 1837 τὰ
1134 1791 1460 1856 συστήματα
1481 1805 1494 1818 ·
1525 1787 1708 1849 ἅΰλως
1749 1787 1912 1858 βιὼ-,

301 1895 463 1941 σασα,
493 1878 587 1930 καὶ
612 1877 777 1946 φύσιν
817 1873 1137 1945 ὑπερϐᾶσα·
1171 1875 1290 1928 ἀνθ’
1311 1871 1386 1928 ὧν
1417 1876 1598 1939 ἀθλως
1629 1879 1741 1939 τοῖς
1781 1894 1880 1930 πο-

301 1971 386 2022 σὶν
421 1968 806 2036 ὲπιϐαίνουσα,
839 1968 1050 2037 Μαρία,
1093 1967 1368 2038 Ἰορδάνην
1399 1967 1755 2038 διεπέρασας.

383 2233 630 2289 ἰλέωσαι
662 2231 755 2286 τδν
783 2229 1030 2304 Κτίστην
1055 2229 1195 2304 ὑπὲρ
1221 2231 1332 2286 τῶν
1371 2231 1767 2302 εὐφημούντων
1799 2247 1882 2296 σε,

299 2328 424 2382 ὁσία
461 2328 678 2398 Μῆτερ,
729 2325 996 2396 ρυσθῆναι
1036 2324 1334 2380 κακώσεων
1360 2327 1452 2378 καὶ
1489 2324 1746 2394 θλίψεων,
1775 2323 1885 2378 τῶν

303 2419 490 2488 κύκλῳ
523 2416 1026 2486 συνεπιτιθεμένων
1048 2431 1063 2446 ο
1105 2415 1193 2468 ἵνα
1222 2415 1508 2485 ῥυσθέντες
1548 2413 1658 2466 τῶν
1689 2429 1886 2484 πειρα-

305 2509 480 2581 σμῶν,
517 2509 915 2581 μεταλύνωμεν
965 2506 1285 2574 ἀπαύστως,
1334 2507 1428 2562 τὸν
1457 2503 1768 2574 δοξάσαντά
1800 2521 1884 2574 σε,

303 2600 534 2676 Κύριον.

942 2690 1248 2761 Ἀνδρέου.

387 2782 612 2855 ’Δνδρέα
667 2783 959 2852 σεϐάσμιε,
1017 2784 1116 2836 καὶ
1183 2783 1368 2852 Πάτερ
1415 2785 1883 2856 τρισμακάριστε,

305 2875 510 2946 ποιμὴν
551 2875 652 2943 τῆς
681 2875 908 2945 Κρήτης
931 2914 946 2940 ,
989 2874 1066 2945 μὴ
1099 2874 1286 2947 παύσῃ
1311 2875 1566 2946 δεόμενος
1604 2877 1744 2949 ὑπὲρ
1776 2876 1886 2930 τῶν

308 2981 370 3018 σε
403 2963 716 3034 ὑμνούντων
741 2981 756 2997 ο
783 2965 873 3017 ἵνα
903 2963 1200 3042 ,ῥυσθῶμεν
1242 2965 1426 3034 πάσης
1453 2966 1623 3038 ὀργῆς
1649 2969 1746 3022 καὶ
1770 2968 1886 3022 θλί-

1913 1756 1955 1810 Β

303 3058 471 3128 ψεως,
500 3057 595 3110 καὶ
633 3055 840 3125 φθορᾶς
889 3056 988 3109 καὶ
1017 3056 1378 3126 πταισμάτων
1422 3058 1761 3113 ἅνεικάστων
1785 3097 1802 3126 ,
1834 3059 1886 3113 οἱ
1912 3095 1958 3154 c

305 3148 576 3220 τιμῶντές
607 3165 702 3201 σου
726 3147 824 3218 τὴν
853 3148 1018 3218 τιμὴν
1048 3148 1284 3222 πιστῶς.

1016 3240 1194 3305 Δόξα.
1785 3279 1800 3286 -

380 3331 552 3400 Τριὰς
579 3330 860 3401 ὁμοούσιε,
891 3331 1076 3394 Μόνας
1107 3334 1139 3401 ἡ
1171 3331 1610 3402 τρισυπόστατος
1635 3335 1654 3364 ·’
1682 3334 1742 3385 σὲ
1770 3333 1892 3386 ἀνυ-

315 3423 578 3495 μνοῦμεν,
601 3424 821 3490 Πατέρα
844 3423 1182 3488 δοξάζοντες,
1202 3424 1330 3477 Υίὺν
1359 3425 1778 3494 μεγαλύνοντες,
1797 3425 1893 3478 καὶ

314 3515 544 3584 Πνεῦμα
573 3514 1029 3585 προσκυνοῦντες,
1053 3515 1144 3568 τὸν
1167 3515 1265 3570 ἕνα
1287 3515 1450 3586 φύσει
1471 3516 1689 3586 ἀληθῶς
1729 3517 1859 3570 Θεὸν
1877 3551 1892 3582 ,

315 3606 462 3678 ζωήν
487 3623 546 3660 τε
579 3607 674 3660 καὶ
709 3606 876 3672 ζωὰς,
907 3607 1188 3677 βασιλείαν
1226 3607 1607 3679 ἀτελεύτητον.

983 3783 1227 3836 Θεοτόκ.

389 3869 500 3939 Τὴν
531 3871 686 3924 πόλιν
712 3885 804 3923 σου
833 3871 1070 3940 φύλαττε
1091 3914 1106 3937 ,
1135 3874 1506 3944 Θεογεννῆτορ
1533 3868 1768 3944 ἄχραντε
1791 3885 1806 3907 δ
1837 3875 1896 3928 ὲν

321 3963 408 4016 σοὶ
431 3963 540 4033 γὰρ
567 3961 708 4032 αὕτη
735 3963 943 4025 πιστῶς
970 3963 1351 4034 βασιλεύουσα,
1379 3967 1437 4018 ὲν
1463 3965 1546 4018 σοὶ
1575 3967 1671 4018 καὶ
1695 3965 1898 4038 κρατύο

319 4069 470 4106 νεται
495 4069 508 4082 ·
536 4055 631 4106 καὶ
651 4053 740 4106 διὰ
765 4052 860 4105 σοῦ
887 4055 1094 4106 νικῶσα
1115 4093 1130 4118 ,
1157 4055 1456 4124 τροποῦται
1498 4057 1678 4110 πάντα
1706 4073 1896 4127 πειρα-

322 4145 481 4213 σμὸν,
531 4145 630 4199 καὶ
666 4145 917 4198 σκυλεύει
948 4145 1263 4216 πολεμίους,
1291 4148 1386 4200 καὶ
1425 4147 1602 4201 διέπει
1657 4147 1720 4200 τὸ
1752 4147 1896 4219 ὑπή-ο

325 4249 475 4288 κοον.

1972 510 2124 572 Jesu,
2155 509 2349 564 videns
2377 520 2542 561 carne
2578 507 2854 560 conﬁxum
2893 503 3086 569 clavis,
3116 503 3205 558 die
3231 502 3410 559 media
3445 504 3546 562 ob-

1975 598 2318 654 tenebratum
2347 604 2453 652 est.

2044 687 2318 758 Ne,rogo,
2347 687 2546 758 dignos
2577 701 2607 742 ιι
2642 704 2729 744 me
2755 686 3098 758 paenitentiae
3119 686 3333 742 fructus
3355 701 3549 756 exege-

1977 778 2082 844 ris;
2113 793 2236 831 nam
2261 778 2438 832 virtus
2478 791 2597 830 mea
2636 776 2690 830 in
2721 791 2807 830 me
2834 775 3058 830 defecit.
3091 775 3240 831 Dona
3271 789 3367 830 cor
3400 790 3551 830 sem-

1977 883 2074 937 per
2106 868 2423 930 contritum,
2469 878 2524 922 et
2553 867 2784 935 spiritus
2823 875 3238 938 paupertatem;
3275 884 3384 938 quo
3435 869 3552 924 bare

1978 973 2214 1025 semper,
2238 958 2338 1012 tibi
2363 957 2462 1012 soli
2485 957 2784 1022 Salvatori,
2809 959 3277 1027 utacceptabilcm
3311 959 3550 1014 hostiam

1976 1047 2224 1102 oﬂeram.
3583 1057 3608 1112 ι’

2045 1137 2224 1194 Judex
2263 1153 2422 1194 meus
2458 1146 2512 1194 et
2538 1139 2788 1210 cognitor
2814 1154 3001 1206 meus;
3031 1140 3124 1210 qui
3155 1149 3424 1197 venturus
3451 1142 3554 1196 ite.

1979 1246 2100 1285 rum
2141 1245 2200 1286 es
2234 1245 2360 1285 cum
2393 1230 2602 1301 angelis
2631 1230 2988 1300 iudicaturus
3037 1232 3298 1285 mundum
3334 1231 3556 1286 univcr-

1979 1337 2100 1377 sum
2133 1339 2146 1375 :
2177 1330 2308 1376 tunc
2342 1337 2429 1376 me
2455 1321 2726 1391 propitius
2755 1321 3003 1386 intuens,
3036 1337 3194 1392 parce
3231 1337 3294 1378 ac
3323 1324 3552 1379 misere-

1979 1429 2061 1478 re,
2084 1427 2118 1466 ο
2152 1412 2306 1479 Iesu,
2335 1413 2431 1483 qui
2474 1427 2642 1484 supra
2695 1413 3012 1470 universum
3055 1415 3354 1470 humanum
3381 1430 3554 1484 genus
3653 1443 3664 1454 -

1981 1493 2227 1574 peccavi.

2595 1593 2664 1650 In
2683 1595 2962 1652 Sanctam.
3071 1599 3077 1604 ’

2051 1685 2168 1741 Tua
2201 1687 2295 1740 illa
2323 1703 2464 1743 nova
2497 1689 2709 1743 vivendi
2758 1691 2974 1745 ratione
3007 1685 3294 1748 u'niversos
3339 1693 3394 1747 in
3435 1705 3556 1750 stu-

1983 1790 2171 1845 porem
2205 1777 2400 1847 egisti;
2435 1786 2555 1831 tum
2590 1780 2872 1849 angelicas
2913 1782 3160 1846 ordines,
3202 1792 3318 1836 tum
3350 1797 3558 1840 11101⁸13-

1983 1865 2118 1921 lium
2149 1878 2326 1922 castus
2355 1885 2369 1921 :
2395 1884 2518 1938 qua:
2557 1871 2706 1924 velut
2754 1871 2874 1924 sine
2910 1885 3145 1940 corpore
3193 1873 3420 1936 vixeris.
3452 1877 3558 1930 sis-

1984 1972 2092 2028 que
2133 1969 2494 2030 supe'rgressa
2525 1969 2780 2014 naturam
2813 1962 3208 2031 :quamobrem
3253 1966 3404 2018 velut
3439 1969 3561 2022 sine

1985 2063 2219 2119 corpore
2286 2051 2516 2120 pedibus
2573 2050 2856 2120 incedens,
2911 2067 2946 2108 ο
3005 2052 3200 2122 Maria,
3261 2055 3560 2114 Jordanem

1983 2138 2320 2194 transivisti.

2057 2227 2130 2284 lis
2148 2219 2460 2287 Creatorem
2487 2233 2668 2302 placa,
2699 2249 2732 2289 ο
2751 2241 2942 2291 sancta
2965 2233 3154 2300 Mater,
3183 2237 3277 2306 qui
3310 2246 3362 2292 te
3383 2238 3564 2304 laudi-

1985 2320 2092 2377 bus
2115 2322 2430 2390 celebrant;
2460 2333 2520 2379 ut
2564 2339 2595 2380 a
2647 2325 2808 2382 malis
2852 2337 2908 2381 et
2951 2328 3364 2386 calamitatibus
3393 2331 3564 2387 unde-

1986 2427 2208 2484 quaque
2261 2415 2680 2474 imminentibus
2735 2418 3076 2474 liberemur:
3121 2436 3232 2489 quo
3277 2422 3491 2478 liberati
3531 2439 3564 2478 a

1985 2505 2414 2573 tentationibus,
2449 2505 2740 2562 Dominum
2766 2509 2862 2578 qui
2885 2508 3015 2564 fecit
3039 2509 3358 2580 gloriosam,
3392 2513 3567 2570 inces-

1987 2601 2174 2650 santer
2195 2595 2628 2666 magniﬁcemus.

2577 2689 2644 2744 In
2679 2692 2968 2748 Andream.

2058 2777 2276 2834 Andrea
2324 2781 2674 2847 venerabilis,
2711 2797 2776 2838 ac
2814 2785 3136 2842 beatissime
3165 2786 3344 2857 Pater,
3389 2790 3565 2848 Creta:

1987 2879 2200 2940 pastor,
2237 2885 2306 2926 ne
2334 2873 2642 2928 cessaveris
2677 2888 2835 2930 orare
2865 2891 2966 2945 pro
2994 2877 3064 2934 iis
3094 2879 3190 2949 qui
3220 2889 3270 2934 te
3301 2881 3564 2950 laudant;

1990 2968 2048 3014 ut
2071 2963 2142 3018 ab
2171 2961 2320 3016 omni
2348 2963 2452 3027 ira,
2484 2972 2537 3020 et
2564 2965 2876 3031 afﬂictione,
2911 2970 3212 3040 exitioque,
3249 2973 3566 3032 immensis-

1988 3066 2096 3120 que
2145 3052 2391 3122 lapsibus
2419 3053 2753 3123 liberemur,
2791 3057 2883 3128 qui
2912 3057 3056 3115 ﬁdeli
3094 3070 3145 3116 te
3179 3062 3364 3119 animo
3389 3064 3564 3121 hono-

1991 3158 2200 3198 ramus.

2673 3240 2880 3295 Gloria.

2061 3317 2304 3381 Trinitas
2321 3329 2826 3395 consubstantialis,
2850 3330 3044 3390 Unitas
3061 3335 3206 3390 trine
3231 3338 3565 3407 subsistens,

1995 3421 2046 3468 le
2095 3413 2415 3479 laudamus;
2463 3415 2680 3473 Patrem
2715 3420 3113 3488 gloriﬁcantes,
3151 3428 3568 3496 magniﬁcantcs

1993 3501 2220 3571 Filium,
2251 3520 2314 3560 ac
2356 3504 2622 3577 Spiritum
2658 3509 2972 3576 adorantes,
3007 3527 3176 3566 unum
3205 3529 3332 3570 vere
3372 3529 3572 3574 natura

1991 3594 2185 3661 Deum,
2225 3597 2505 3668 vitamque
2553 3607 2606 3654 et
2637 3600 2780 3656 vitas
2826 3600 2972 3672 (49);
3025 3603 3434 3662 interminabile
3479 3625 3570 3664 re-

1993 3701 2180 3758 gnunn

2631 3780 2700 3835 In
2727 3781 2945 3852 Πείραι’.

2069 3865 2270 3923 Urbem
2305 3878 2452 3924 tuam
2485 3885 2662 3932 serva,
2685 3871 2778 3926 Dei
2805 3876 3037 3943 geniti-ix
3063 3877 3418 3948 intemerata;
3446 3884 3496 3937 in
3522 3893 3576 3940 te

2001 3961 2270 4030 siquidem
2293 3962 2526 4017 ﬁdeliter
2559 3971 2775 4032 regnat,
2799 3979 2859 4018 ac
2883 3965 2936 4018 in
2969 3975 3020 4020 te
3057 3968 3339 4039 ﬁrmatur;
3371 3983 3577 4044 tuaque

1999 4051 2202 4106 victrix
2243 4067 2407 4120 opera
2432 4091 2446 4116 ,
2487 4054 3102 4116 tentationemomnem
3152 4061 3326 4131 fugat,
3361 4067 3576 4122 hostes-

2001 4155 2109 4210 que
2137 4141 2432 4211 prasdatur,
2465 4155 2528 4198 ac
2556 4144 2872 4200 moderatur
2898 4147 3203 4217 subjectos.

319 4345 556 4421 Εἰς-τὸ-
635 4344 1035 4421 Ἀπόδειπνον,
1084 4344 1419 4421 ψολλνζομεν
1475 4351 1582 4421 τὸν
1633 4351 1893 4418 παρόντα

2009 4341 2094 4421 Λιι-
2138 4355 2378 4411 vesperas
2429 4339 2809 4421 [Parasceves
2866 4355 2993 4400 ante
3051 4343 3276 4421 Ramos]
3338 4353 3580 4408 canimus

394 4417 634 4494 {iurgi-9
659 4431 672 4445 ·
729 4417 962 4494 Στιξοζημιι
1004 4417 1112 4494 to?
1136 4417 1339 4494 ..ἁγίου
1375 4420 1622 4494 Δπατρὸς·
1689 4417 1898 4488 κυρίου
1933 4441 1976 4494 ι)

408 4483 689 4552 Ἀνδρέου
717 4483 956 4552 Κρήτης
989 4486 1096 4540 τοῦ
1136 4483 1632 4556 ἰεροσολυμιτού.

561 4587 563 4590 ﬁ
728 4597 862 4669 ᾨδὴ
891 4605 963 4652 α’.
995 4595 1096 4669 ἧχ.
1121 4605 1194 4654 α’.
1213 4599 1274 4652 Ὀ
1295 4601 1531 4669 Εἱρμός,

409 4709 560 4782 ᾮδὴν
585 4711 850 4766 ἐπινίκιον
875 4710 1096 4782 ᾄσωμεν
1131 4713 1332 4774 πάντες
1362 4711 1482 4782 Θεῷ
1509 4711 1586 4782 τῷ
1608 4713 1898 4782 ποιήσαντι

326 4801 616 4868 θαυμαστὰ
653 4802 858 4872 τέρατα
889 4802 1138 4872 βραχίονι
1166 4801 1377 4873 ὑψηλῷ,
1411 4804 1509 4856 καὶ
1541 4803 1777 4856 σώσαντι
1804 4803 1896 4856 τὸν

339 4891 582 4962 Ἰσραήλ·
615 4891 696 4943 ὅτι
720 4889 1050 4954 δεδόξασται.

397 4981 610 5053 Νεκρὸν
665 4983 1042 5053 τετραήμερον
1087 4982 1482 5054 ἐξαναστήσας,
1535 4983 1718 5053 Σῶτέρ
1775 4997 1897 5054 μου,

403 5167 434 5211 ιι
475 5159 624 5214 Psal.
675 5173 760 5223 cv,
793 5159 892 5212 21.

2074 4411 2270 4485 [iuncte
2315 4411 2590 4485 curionem,
2637 4411 2837 4466 editum
2883 4432 2915 4467 a
2943 4427 3124 4470 sancto
3171 4411 3320 4485 pat're
3367 4422 3580 4478 dontiuo

2078 4481 2291 4534 Andrea
2313 4479 2580 4544 Eretensi,
2617 4495 2957 4552 cognomento
2989 4479 3433 4557 Hierosolymita.

2453 4594 2564 4650 Ode
2603 4597 2648 4663 Ι,
2678 4608 2787 4651 ton.
2830 4613 2867 4654 I.
2903 4598 3148 4656 Hirmus.

2079 4705 2284 4762 Omnes
2333 4722 2434 4777 pro
2486 4707 2718 4764 victoria
2757 4707 2868 4765 Deo
2909 4722 3192 4769 cantemus
3249 4715 3459 4783 laudes,
3487 4719 3580 4788 qui

2011 4797 2142 4854 fecit
2171 4806 2425 4869 portenta
2451 4799 2720 4853 mirabilia
2750 4801 2976 4856 bracbio
3003 4806 3244 4872 excelso,
3277 4817 3331 4862 et
3355 4811 3585 4864 salvavit

2007 4891 2263 4945 lsraelem
2292 4899 2356 4954 ct;
2383 4891 2642 4958 quoniam
2677 4892 3018 4960 gloriﬁcatus
3056 4908 3162 4954 est.

2080 4979 2432 5047 Suscitando,
2481 4995 2516 5034 ο
2557 4996 2710 5037 meus
2753 4982 3026 5056 Salvator,
3063 4988 3330 5047 Lazarum
3375 4998 3588 5066 quatri~

1652 5312 2036 5372 COMBEFISII
2063 5313 2297 5370 ΝΟΤᾸΕ.

398 5406 514 5488 (49)
561 5407 833 5478 Vitamque
855 5416 924 5488 ἐι
965 5381 1122 5488 uitus.
1153 5409 1307 5480 Ζωήν
1349 5425 1411 5462 τε
1439 5410 1538 5488 καὶζ
1563 5409 1746 5488 ζωᾶς.
1774 5406 1893 5488 ῌοε

2009 5406 2531 5488 sit_ne,_simulqu_e
2597 5411 2760 5488 vitae,
2805 5427 2916 5488 .ceu
2973 5414 3225 5488 omnium
3293 5419 3588 5488 archetypa

332 5475 608 5556 ultimum,
654 5475 780 5556 cum
825 5477 897 5556 sit
935 5475 1295 5556 abstractum,
1333 5493 1444 5532 non
1490 5479 1715 5556 videtur
1740 5478 1901 5530 aliter
2009 5477 2145 5556 vita.
2197 5477 2308 5556 Est
2380 5475 2574 5534 modus
2643 5475 2944 5556 loquendi,
3013 5487 3262 5556 mysticis
3319 5475 3588 5555 transilite,

333 5554 547 5624 saneet
577 5561 608 5601 e
637 5547 909 5617 theologia
942 5549 996 5624 in
1044 5545 1321 5624 Deo_dici,
1359 5564 1524 5624 quam
1565 5547 1904 5624 intellectum
2117 5547 2319 5624 quibus
2369 5563 2601 5621 magnus
2657 5545 2761 5606 fuit
2805 5545 3089 5620 Andreas;
3115 5571 3375 5624 perquam
3430 5545 3590 5614 fami;

332 5617 482 5670 velut
511 5617 566 5671 in
594 5631 756 5672 sensu
785 5615 990 5670 causali
1019 5635 1034 5670 :
1061 5623 1122 5670 ut
1149 5616 1366 5670 dicatur
1380 5615 1534 5671 'Deus
1559 5625 1613 5672 et
1639 5615 1904 5680 Trinitas,

334 5685 394 5744 in
421 5698 482 5742 se
517 5696 570 5743 et
615 5685 1050 5742 substantialiter
1080 5686 1229 5752 vita;
1270 5687 1417 5754 quod
1461 5695 1547 5742 est
1581 5685 1904 5757 singularis-

665 5781 942 5842 PATROL.
978 5780 1095 5843 Gn.
1123 5779 1376 5842 XCVII.

1941 5805 2038 5821 “ua...

2014 5617 2189 5673 tiaris.

3148 5783 3228 5843 Μ»
