4004 6150
308 333 442 401 i389

1545 321 1794 398 CANON
1834 335 1916 396 IN
1957 322 2338 397 LAZARUM.

3423 337 3562 404 1390

387 443 742 513 Ἐσεέσθησαν
789 444 857 497 τὰ
904 447 1107 516 ταμεῖα
1151 447 1247 500 τοῦ
1286 447 1451 515 ᾅδου,
1498 447 1573 511 ὼς
1617 444 1881 516 ὲψυχοῦτο

2059 444 2340 499 Con-cassa
2379 449 2508 498 sunt
2573 441 2775 498 inferni
2807 443 3174 514 receptacula,
3201 451 3259 500 ut
3286 453 3416 504 tunc
3450 460 3564 506 sta.

304 537 469 602 εὐθὺς
487 537 634 591 κάτω
659 535 907 607 Λάζαρος
929 539 1071 604 τότε,
1117 543 1181 612 τῇ
1219 545 1368 613 φωνῇ
1416 541 1510 594 τοῦ
1539 539 1880 606 ζωώσαντος.

777 630 916 701 ᾨδὴ
957 639 1028 700 γ’.
1070 633 1133 685 '0
1169 635 1409 703 Εἱρμός.

383 738 401 771 ι
435 718 599 773 Λίθον
627 719 687 772 ὃν
713 721 1121 793 ὲπεδοκξμησαν
1163 725 1211 776 oi
1239 724 1655 795 οἰκοδομοῦντες
1676 765 1692 790 ,
1727 715 1884 787 οῦτος

304 809 538 880 ἐγενήθη
574 810 656 873 εἰς
678 811 922 881 κεφαλὴν
949 813 1178 881 γωνίας·
1213 833 1230 866 ι
1263 814 1424 879 αὐτός
1452 815 1600 867 ἐστιν
1629 815 1882 884 ήπὲτρα,

306 897 420 976 ἕνῇ
462 903 764 971 ὲστερέωσε
799 904 1034 974 Χριστος
1068 905 1168 975 τὴν
1205 905 1536 978 Ἐκκλησίαν
1574 904 1737 960 αὑτοῦ
1762 946 1778 974 ,
1815 903 1884 976 ἢν

303 992 364 1060 ἐξ
395 990 566 1045 ἐθνῶν
596 990 830 1065 ὲξηγορή
841 1011 993 1048 σατο.

373 1081 573 1152 Θαῦμα
601 1081 750 1148 ξένον
782 1085 877 1137 καὶ
908 1087 1212 1158 παράδοξον
1238 1103 1252 1120 ο
1279 1087 1397 1152 πῶς
1421 1090 1450 1142 ὁ
1478 1080 1721 1163 Κτίστης
1745 1091 1884 1146 πάν-

304 1189 431 1238 των,
462 1175 600 1244 ὅπερ
627 1173 726 1226 οὐκ
749 1175 956 1244 ἠγνόει,
985 1173 1059 1240 ὡς
1086 1177 1296 1245 ἀγνοῶν
1311 1178 1533 1249 ἠρώτας
1562 1180 1670 1234 Ποῦ
1703 1185 1881 1236 κεῖται

304 1265 363 1318 ὃν
394 1264 676 1338 θρηνεῖτε;
709 1266 818 1320 Ποῦ
848 1268 1113 1322 τέθαπται
1147 1269 1419 1342 Λάζαρος,
1440 1272 1499 1325 ὃν
1534 1275 1653 1344 μετ’
1685 1274 1883 1345 ὀλίγων

306 1359 371 1410 ἐκ
403 1357 632 1428 νεκρῶν,
663 1357 841 1422 ζῶντα
869 1361 1004 1430 ἡμῖν
1034 1360 1380 1434 ὲξανεστήσω
1409 1349 1558 1435 ἓγώς

377 1538 539 1592 Λίθον
583 1537 643 1591 ὄν
689 1555 771 1591 σοι
823 1537 1226 1608 προσεκύλισαν
1280 1541 1330 1592 οῖ
1381 1541 1745 1610 κηδεύσαντὲς
1795 1560 1876 1610 σε,

307 1628 494 1684 τοῦτον
523 1630 848 1698 συγκινῆσαι
879 1631 906 1683 ὁ
946 1629 1153 1699 Ἰησοῦς
1182 1631 1516 1702 προστάξας,
1547 1633 1711 1697 εὐθὺς
1744 1635 1882 1690 ἀνέ-

309 1720 476 1791 στησὲ
539 1736 620 1783 σε,
685 1721 942 1791 φωνήσας
990 1739 1074 1773 σοι
1099 1738 1112 1750 ο
1166 1721 1381 1793 Λάζαρε
1411 1762 1426 1790 ,
1452 1724 1695 1779 ἀνάστα·
1721 1723 1881 1798 δεῦρο

307 1812 444 1882 πρός
481 1829 548 1882 με
573 1827 588 1842 ο
629 1813 718 1866 ἵνα
751 1812 848 1883 τὴν
876 1814 972 1884 σὴν
1001 1816 1028 1867 ὁ
1057 1813 1190 1884 ᾷδης
1219 1813 1397 1886 πτήξῃ
1425 1819 1628 1887 φωνήν.

377 1904 577 1975 Μάρθα
609 1907 704 1959 καὶ
727 1907 935 1975 Μαρία,
965 1907 1137 1977 Κύριε
1159 1946 1173 1970 ,
1206 1907 1462 1977 ὀδυρμοῖς
1492 1908 1683 1962 ὲῦάων·
1719 1927 1739 1960 ι
1777 1909 1880 1963 Ἴδε

304 1995 364 2047 ὃν
388 1996 591 2063 ἐφίλεις
611 1999 922 2064 τεταρταῖος
940 1997 1141 2061 ὖζει.Εἰ
1160 1994 1227 2070 ἦς
1248 1993 1350 2053 ὧδε
1365 2001 1509 2064 τότε,
1531 2002 1630 2054 οὐκ
1650 2001 1881 2074 ἔθνησκε

305 2085 576 2159 Λάζαρος.
615 2107 634 2138 ι
679 2089 818 2140 Ἀλλ’
849 2087 924 2152 ὡς
950 2088 1252 2162 ἀχώριστος
1277 2094 1439 2146 παντὶ
1463 2133 1478 2159 ,
1507 2093 1695 2148 τοῦτον
1721 2095 1881 2159 εὐθὺς

307 2180 564 2249 φωνήσας
594 2179 846 2250 ἤγειρας.

387 2359 580 2422 Ῥἀνας
617 2358 710 2411 ἐπὶ
747 2356 885 2428 φίλῳ
923 2359 1136 2431 δάκρυα
1177 2361 1244 2414 δι’
1286 2364 1629 2435 οἰκονομῑαν,
1671 2365 1880 2434 ἔδειξας

301 2449 400 2520 τὴν
431 2451 609 2521 σάρκα
632 2450 729 2518 τὴν
759 2449 818 2514 ἐξ
846 2450 1005 2521 ἡμῶν
1033 2451 1334 2523 ληφθεῖσαν
1358 2495 1373 2520 ,
1404 2455 1562 2529 οὐσίᾳ
1582 2500 1597 2524 ,
1631 2460 1692 2512 οῦ
1721 2459 1884 2532 δοκή-

305 2559 389 2594 σει
413 2583 428 2607 ,
463 2541 646 2612 Σῶτερ
675 2582 690 2607 ,
733 2542 1029 2595 ἑνωθείσάν
1081 2561 1164 2596 σοι
1197 2561 1211 2574 ·
1252 2547 1346 2600 καὶ
1383 2547 1458 2612 ὡς
1499 2549 1880 2624 φιλάνθρωπος

302 2631 454 2697 Θεὸς,
487 2631 676 2686 τοῦτον
696 2633 858 2697 εὐθὺς
886 2635 1166 2705 φωνήσας,
1205 2637 1459 2710 ἤγειρας.

373 2771 575 2880 Οἶμοίῑ
619 2808 787 2873 ὅντως
837 2807 930 2863 νῦν
973 2809 1248 2874 ἀπόλωλα,
1279 2809 1487 2863 ἐκϐοῶν
1512 2812 1540 2864 ὀ
1572 2809 1706 2883 ᾅδης
1735 2813 1876 2867 οῦτω
1925 2799 1952 2822 ⁷

302 2897 645 2969 προσεφώνει
672 2899 751 2970 τῷ
775 2895 992 2971 θανάτῳ
1020 2901 1212 2969 λέγων·
1259 2901 1387 2955 Ἰδοὺ
1416 2905 1443 2955 ὁ
1469 2899 1783 2975 Ναζαραῖος
1805 2907 1875 2962 τὰ

303 2988 454 3044 κάτω
477 2990 778 3054 συνέσεισε,
804 2991 899 3045 καὶ
926 2995 1022 3062 τὴν
1044 2992 1286 3063 γαστέρα
1312 3011 1413 3064 μου
1433 2994 1640 3064 τεμὼν,
1669 2997 1873 3050 ἄπνουν

301 3081 516 3152 νεκρὸν,
546 3081 800 3152 φωνήσας
823 3081 1034 3152 ἤγειρε.

375 3170 485 3225 Ποῦ
517 3171 550 3240 ὴ
580 3170 689 3223 τῶν
733 3170 1000 3239 Ἐϐραίων
1029 3169 1222 3238 ἄνοιας
1252 3171 1363 3224 Ποῦ
1400 3173 1434 3243 ἡ
1465 3172 1694 3226 ἀπιστία
1720 3189 1735 3239 ;
1769 3174 1874 3238 ἕως

303 3263 434 3316 πότε
471 3262 659 3316 πλάνοι
687 3279 703 3327 ;
739 3261 884 3327 Ἕως
914 3263 1045 3316 πότε
1074 3263 1249 3330 νόθοι;
1293 3262 1490 3334 Ὁρᾶτε
1519 3263 1610 3318 τὸν
1643 3265 1876 3320 θανόντα

303 3354 454 3423 φωνῇ
483 3351 858 3422 ἐξαλλόμενον,
897 3354 992 3407 καὶ
1017 3353 1300 3406 ἀπιστεῖτε
1331 3352 1410 3424 τῷ
1457 3354 1682 3426 Χριστῷ
1705 3372 1720 3422 ;
1746 3356 1875 3406 Ὄν-

300 3461 410 3507 τως
448 3443 556 3496 υἱοὶ
578 3440 673 3496 τοῦ
698 3442 922 3506 σκότους
954 3443 1156 3504 πάντες
1184 3443 1366 3512 ὑμεῖς.

999 3556 1174 3619 Δόξα.

375 3643 509 3701 Ἕνα
540 3647 638 3719 τῆς
659 3645 886 3719 Τριάδος
915 3642 1032 3700 οἷδά
1063 3664 1120 3698 σε
1142 3686 1156 3709 ,
1187 3645 1234 3698 εἰ
1265 3645 1359 3698 καὶ
1389 3645 1709 3716 ἐσαρκὼθης
1733 3659 1748 3676 ·
1781 3646 1878 3700 ἕνα

304 3739 401 3791 καὶ
428 3737 632 3803 δοξάζω
659 3739 788 3792 Υἱὸν
814 3738 1232 3808 σεσαρκωμένον
1267 3738 1357 3791 τὸν
1383 3741 1448 3792 ὲκ
1486 3740 1586 3809 τῆς
1612 3740 1875 3793 Θεοτόκου

304 3828 558 3901 ἀσπόρως
593 3829 998 3899 βλαστήσαντα,
1027 3830 1121 3883 καὶ
1156 3832 1254 3883 σὺν
1287 3829 1464 3900 Πατρὶ
1493 3831 1588 3883 καὶ
1625 3829 1878 3902 Πνεῦμα-

303 3936 382 3986 τι,
416 3919 513 3972 ἕνα
541 3919 670 3972 Υἱὺν
691 3918 1163 3989 δοξολογούμενον.

942 4032 1052 4084 Kal
1107 4031 1243 4087 νῦν.

377 4143 536 4199 Ξένον
561 4147 655 4199 καὶ
685 4144 914 4216 φρικτὸν
935 4146 1011 4197 τὸ
1057 4146 1258 4216 ὅραμα,
1291 4146 1348 4213 ἐξ
1381 4148 1712 4218 οἰκονομίας,
1742 4147 1877 4219 ὅπερ

309 4235 602 4306 προεώρων
630 4238 682 4288 οἱ
706 4237 961 4306 ἀψευδεῖς
989 4237 1266 4307 προφῆται
1289 4239 1564 4308 Παρθένον
1592 4239 1875 4300 Θεότοκον,

307 4327 561 4398 ἀσπὸρως
612 4328 710 4396 μὲν
757 4327 996 4381 κυοῦσαν
1045 4330 1336 4399 ἀσπὸρως,
1386 4330 1682 4384 τίκτουσαν
1709 4330 1875 4394 Θεὸν,

310 4417 572 4488 μένουσαν
599 4418 656 4472 δὲ
698 4418 837 4489 μετά
886 4421 1043 4472 τόκον
1068 4420 1260 4490 ἁγνήν.

586 4539 588 4541 ·
771 4529 906 4601 per;
971 4531 1040 4585 δ.
1092 4531 1146 4584 Ὁ
1180 4531 1416 4598 Εἱρμός.

388 4639 636 4710 Ἐπήρθη
665 4643 693 4693 ὁ
720 4640 890 4709 ἥλιος,
918 4642 1016 4694 καὶ
1047 4641 1080 4711 ἡ
1130 4639 1325 4711 σελήνη
1357 4638 1489 4709 ἔστη
1521 4641 1579 4692 ὲν
1617 4643 1682 4710 τῇ
1727 4641 1879 4707 τάξει

307 4729 494 4798 αὐτῆς.
516 4729 788 4800 Ὑψώθης,
815 4731 1157 4800 μακρόθυμε,
1181 4733 1274 4784 ἐπὶ
1300 4729 1395 4784 τοῦ
1426 4729 1605 4794 ξύλου,
1632 4731 1725 4784 καὶ
1748 4731 1880 4801 ἔπη-

306 4819 403 4886 ξας
433 4823 490 4873 ἐν
516 4820 665 4889 αὖτῷ
695 4821 793 4892 τὴν
837 4822 1166 4891 Ἐκκλησίαν
1193 4839 1310 4876 σου.

389 4911 726 4981 Έδέικρυσας
746 4952 760 4975 ,
788 4910 961 4979 Κύριε
989 4951 1002 4976 ,
1033 4912 1125 4964 ἐπὶ
1157 4910 1396 4980 Λαζάρῳ
1418 4950 1432 4975 ,
1460 4909 1639 4975 δείξας
1667 4909 1874 4973 ὄτι-ἀν-

307 4998 522 5074 θρωπος
554 4996 604 5052 εῐ
634 5039 649 5063 ,
683 5001 777 5051 καὶ
815 5001 1041 5070 ἤγειρας
1069 5041 1083 5065 ,
1116 5000 1366 5053 Δέσποτα
1385 5041 1399 5066 ,
1426 4999 1517 5052 τὸν
1565 5000 1833 5077 τεθνεῶτα
1858 5039 1874 5062 ,

306 5091 399 5142 καὶ
436 5090 640 5154 ἔδειξας
673 5089 783 5154 τοῖς
813 5091 984 5155 λαοῖς,
1009 5092 1090 5143 ὅτι
1127 5091 1254 5153 Υἱὸς
1283 5088 1333 5144 εἴ
1353 5091 1447 5144 τοῦ
1469 5090 1629 5146 Θεοῦ.

387 5182 445 5232 ’0
495 5181 700 5244 ἄπνους
738 5183 938 5252 ἤκουσε
981 5182 1042 5234 τὸ
1086 5183 1415 5253 πρόσταγμά
1449 5198 1578 5235 σου·
1638 5202 1657 5235 ι
1710 5183 1880 5252 Δεῦρο

305 5271 430 5337 ἔξω,
461 5273 678 5343 Λαζάρε
701 5289 714 5303 ·
747 5293 765 5324 ›
789 5274 1045 5344 δρομαῖος
1077 5275 1329 5327 ἀνίστατο
1365 5276 1461 5328 σὺν
1490 5276 1602 5338 τοῖς
1633 5275 1880 5346 σπαργά-

303 5379 437 5429 νοις,
467 5365 559 5416 καὶ
584 5364 800 5433 ἦλλατο,
836 5364 1030 5433 ἀγαθὲ,
1057 5365 1268 5428 δεικνὺς
1299 5366 1357 5418 τὸ
1389 5365 1592 5436 κράτος
1619 5383 1734 5420 σου.

375 5540 488 5610 Τῆς
525 5540 759 5612 Μάρθας
797 5545 869 5598 τὰ
914 5543 1151 5616 δάκρυα,
1187 5544 1279 5597 καλ⁵
1304 5545 1404 5614 τῆς
1449 5545 1670 5615 Μαρίας
1717 5547 1878 5600 κατέ-

380 5722 404 5756 ε
441 5713 586 5770 Psal.
616 5731 787 5785 cxvu,
831 5715 936 5776 εει
976 5716 1168 5772 Matth.
1206 5732 1316 5785 ιιι,
1347 5715 1436 5771 49..

1517 5725 1539 5752 ⁸
1575 5715 1737 5775 Joan.
1781 5733 1854 5778 XI.
1915 5719 2102 5787 59.9.1.

1985 536 2083 589 tim
2116 535 2445 590 vivificantis
2477 548 2610 589 voce
2638 533 2882 590 Lazarus
2911 537 3272 592 animarctur.

2077 625 2083 631 ’
2541 624 2653 680 Odc
2679 625 2732 678 5.
2773 625 3017 679 Hirmus.

2060 734 2078 767 ι
2116 713 2376 785 Lapidem
2401 729 2560 785 quem
2599 716 3035 784 reprobaverunt
3083 717 3439 788 aedificantes,
3471 721 3562 777 hic

1985 803 2169 859 factus
2193 814 2278 860 cst
2307 804 2366 858 in
2389 812 2560 874 caput
2587 804 2772 876 anguli
2801 813 2881 859 ι’.»
2905 804 3030 860 Haec
3055 815 3208 876 petra
3223 815 3326 872 est,
3362 811 3416 864 in
3451 826 3560 880 qua

1982 895 2241 953 Christus
2271 897 2544 962 fundavit,
2593 909 2758 968 quam
2808 912 2874 953 ex
2907 898 3165 967 gentibus
3191 901 3428 957 redemit
3458 902 3562 958 Ec-

1983 987 2238 1044 clesiam.
3354 983 3357 987 '

2055 1076 2377 1131 hli'rac‘ulum
2411 1089 2617 1131 novum
2669 1084 2729 1132 et
2772 1077 3081 1134 insolitum.
3109 1076 3400 1146 Quomodo
3440 1085 3561 1139 uni-

1983 1183 2273 1224 versorum
2315 1167 2566 1234 Creator,
2584 1169 2733 1224 velut
2755 1171 3058 1240 ignoraret,
3080 1171 3226 1240 quod
3259 1187 3366 1227 non
3400 1173 3558 1245 igno-

1982 1263 2162 1324 rabat,
2196 1261 2673 1333 percontabatur?
2697 1262 2803 1318 Ubi
2837 1264 3061 1333 positus
3101 1275 3188 1319 est
3217 1280 3378 1335 quem
3412 1267 3562 1338 luge-

1983 1352 2094 1408 tis?
2131 1351 2236 1408 Ubi
2269 1353 2522 1423 sepultus
2547 1351 2812 1420 Lazarus,
2845 1367 3010 1426 quem
3039 1367 3143 1426 ego
3189 1349 3338 1411 b'revi
3373 1371 3497 1412 sum
3529 1373 3560 1412 a

1983 1445 2216 1502 mortuis
2275 1439 2690 1502 suscitaturus?
3419 1496 3430 1506 .

2051 1537 2312 1608 Lapidem
2339 1552 2500 1608 quem
2528 1537 2628 1592 tibi
2662 1537 3044 1600 advolverant,
3075 1539 3172 1610 qui
3201 1546 3355 1594 tuum
3399 1555 3562 1596 cura-

1981 1632 2109 1681 rant
2141 1625 2330 1694 funus,
2388 1628 2486 1681 ubi
2541 1625 2704 1682 Jcsus
2743 1641 2774 1680 a
2803 1625 3291 1698 Judaeisjussisset
3325 1629 3558 1694 revolvi,

1983 1729 2037 1775 te
2067 1720 2250 1776 statim
2275 1719 2630 1776 resuscitavit
2652 1733 2893 1786 ;vocans
2921 1727 3008 1774 te:
3029 1719 3258 1787 Lazare,
3287 1737 3514 1794 resurgo
3540 1739 3555 1788 ;

1986 1812 2110 1868 veni
2145 1811 2213 1866 ad
2246 1825 2368 1878 me,
2401 1819 2462 1866 ut
2492 1818 2585 1866 tua
2618 1811 2894 1866 infernum
2929 1827 3064 1869 voce
3099 1814 3450 1884 percelleres.

2058 1903 2267 1958 Martha
2322 1901 2626 1972 Mariaque,
2669 1915 2703 1956 ο
2757 1902 3012 1968 Domine,
3042 1904 3309 1974 gemenda
3352 1906 3558 1959 clama~

1983 1996 2162 2052 bant:
2203 2013 2223 2047 ι
2284 1993 2428 2050 Ecce
2459 2010 2620 2065 quem
2668 1994 2915 2062 amabas,
2965 1995 3370 2065 quatriduanus
3405 1995 3554 2085 fetet‘.

1985 2087 2042 2142 Si
2087 2086 2294 2142 fuisses
2350 2086 2466 2152 hic,
2516 2101 2626 2141 non
2667 2085 2864 2141 fuisset
2889 2094 3140 2140 mortuus
3173 2084 3417 2142 Lazarus
3447 2087 3494 2140 '.
3534 2084 3553 2137 ι

1982 2176 2188 2234 Verum
2228 2177 2323 2249 qui
2354 2191 2626 2248 nusquam
2660 2176 2904 2242 deesses,
2935 2191 3060 2232 eum
3093 2177 3276 2232 statim
3313 2178 3559 2232 vocando

1981 2267 2330 2326 resuscitasti
2343 2306 2356 2321 .

2055 2361 2285 2415 St’illans
2319 2357 2732 2428 dispensatione
2775 2357 3051 2428 lacrymas
3091 2369 3260 2426 super
3291 2357 3556 2417 amicum,

1982 2468 2204 2508 carnem
2240 2459 2406 2540 quam
2440 2465 2508 2506 ex
2535 2450 2695 2504 nobis
2721 2448 3148 2517 assumpsisses,
3181 2449 3426 2503 essentia
3449 2463 3556 2501 non

1981 2537 2324 2614 apparentia,
2387 2544 2596 2598 unitam
2661 2541 2761 2594 tibi
2824 2539 3113 2594 ostendisti
3151 2557 3164 2592 :
3196 2550 3366 2609 utque
3415 2537 3560 2592 Deus

1909 2640 1918 2647 ’
1979 2634 2254 2701 benignus
2283 2648 2349 2688 ac
2383 2632 2721 2696 misericors,
2754 2646 2878 2686 eum
2906 2633 3091 2684 statim
3116 2631 3367 2705 vocando
3401 2645 3559 2686 resu-

1981 2727 2222 2780 scitasti.

2050 2817 2164 2874 Heu
2193 2818 2317 2872 me!
2373 2827 2502 2872 vere
2564 2829 2712 2869 nunc
2751 2812 2888 2881 perii
2925 2825 2989 2866 ac
3021 2810 3089 2866 de
3121 2826 3207 2866 me
3237 2817 3418 2864 actum
3450 2819 3557 2872 est,

1978 2911 2252 2967 clamabat
2279 2910 2530 2964 infernus
2570 2907 2638 2961 ad
2672 2909 2907 2961 inertem
2951 2923 2965 2960 :
3001 2905 3144 2960 Ecce
3201 2905 3347 2958 enim
3392 2902 3570 2957 Nara-

1979 3019 2121 3058 rams
2162 3003 2252 3057 ille
2284 2995 2500 3056 inferna
2529 2997 2839 3064 concussit,
2872 3007 3132 3066 sectoque
3177 3011 3300 3050 meo
3345 3003 3560 3058 ventre,

1899 3115 1942 3172 ο
1979 3101 2254 3148 mortuum
2286 3091 2404 3146 sine
2436 3090 2659 3159 spiritu,
2685 3086 2937 3143 vocando
2971 3086 3346 3141 resuscitavit.

2053 3181 2154 3236 Ubi
2195 3173 2919 3248 llebraeorumddementia?
2978 3173 3078 3229 Ubi
3150 3171 3562 3228 incredulitas?

1981 3269 2236 3345 Quandiu
2293 3269 2655 3338 impostores?
2719 3265 2962 3337 quandiu
3014 3264 3287 3319 adulteri?
3349 3261 3560 3345 Videtis

1981 3344 2258 3414 mortuum
2276 3358 2343 3412 ad
2367 3373 2554 3412 vocem
2576 3373 2737 3412 unam
2751 3357 3116 3419 cxsilientem,
3137 3364 3314 3410 etnon
3335 3344 3562 3411 creditis

1982 3449 2240 3505 Christo?
2262 3447 2400 3502 Vere
2432 3461 2530 3503 vos
2566 3462 2758 3502 omnes
2791 3447 2884 3500 ﬁlii
2915 3446 3285 3512 tenebrarum.

2670 3559 2877 3614 Gloria.

2056 3653 2132 3707 Te
2161 3668 2329 3708 unum
2365 3651 2430 3706 de
2463 3650 2733 3706 Trinitate
2757 3650 2904 3714 novi,
2936 3664 3249 3719 quanquam
3282 3665 3343 3706 es
3377 3651 3563 3708 incar-

1983 3755 2178 3810 natus;
2239 3759 2518 3813 unumque
2548 3741 2798 3812 gloriﬁco
2831 3738 3029 3794 Filium
3068 3741 3438 3808 incarnatum,
3491 3760 3559 3799 et

1986 3833 2216 3904 Deipara
2249 3836 2367 3890 sine
2397 3836 2608 3890 semine
2661 3843 2873 3895 natum,
2900 3835 3191 3904 ipsumque
3220 3850 3347 3888 cum
3371 3833 3559 3902 Patre,

1984 3937 2031 3983 et
2066 3926 2276 3996 Spiritu
2308 3921 2731 3990 sancto,Filium
2767 3939 2933 3977 unum
2964 3925 3352 3995 glorificatum.

2617 4031 2688 4086 Et
2762 4047 2922 4086 nunc.

2052 4147 2228 4209 Nova,
2244 4161 2309 4200 ex
2331 4144 2764 4214 dispensatione,
2787 4148 2950 4212 visio,
2974 4154 3030 4201 et
3060 4146 3356 4214 horrenda,
3389 4163 3554 4216 quam

1985 4234 2356 4304 praevideruut
2383 4247 2610 4290 veraces
2655 4236 2933 4304 prophetae
2962 4253 2975 4288 :
3009 4251 3227 4304 nempe,
3263 4235 3553 4306 Deiparam

1986 4325 2286 4396 Virginem,
2328 4333 2596 4394 conceptu
2635 4333 2907 4397 partuque
2930 4325 3053 4383 sine
3083 4327 3314 4390 semine,
3345 4331 3553 4384 casta‘m

1911 4455 1954 4509 Β
1985 4435 2015 4472 ιι
2046 4426 2203 4488 partu
2236 4427 2568 4472 manentem.

2529 4525 2642 4580 Ode
2664 4527 2716 4580 4.
2745 4525 2988 4581 Hirmus.

2054 4641 2311 4697 Elevatus
2342 4648 2426 4694 est
2459 4643 2542 4694 sol
2571 4643 2616 4706 ι,
2641 4641 2879 4710 lunaque
2931 4642 3086 4696 stetit
3126 4641 3180 4694 in
3214 4641 3406 4697 ordine
3429 4657 3550 4698 suo.

1982 4733 2237 4788 Elevatus
2264 4747 2324 4785 es
2355 4733 2406 4784 iu
2439 4731 2606 4802 ligno,
2643 4747 2675 4787 ο
2703 4731 3051 4804 longanimis,
3106 4740 3368 4804 tuamque
3401 4735 3455 4788 in
3487 4751 3552 4789 eo

1972 4823 2273 4878 Ecclesiam
2311 4819 2498 4876 ﬁxisti.

2043 4911 2403 4982 Lacrymatus
2426 4927 2508 4975 es,
2539 4913 2786 4978 Domine,
2823 4929 2988 4984 super
3025 4914 3292 4969 Lazarum
3329 4930 3342 4966 :
3377 4914 3554 4968 homi-

1974 5020 2096 5059 nem
2166 5014 2216 5058 te
2283 5005 2400 5073 ipse
2438 5004 2779 5068 ostendens,
2851 5008 3238 5077 excitastique,
3301 5006 3549 5071 Domine,

1978 5107 2281 5156 mortuum,
2313 5109 2375 5148 ac
2419 5105 2471 5148 le
2500 5098 2720 5166 populis
2755 5096 2846 5152 Dei
2867 5096 3062 5152 Filium
3088 5098 3354 5166 probasti.

2053 5185 2272 5240 Audivit
2303 5185 2396 5254 qui
2430 5186 2548 5240 sine
2593 5187 2790 5256 spiritu
2848 5195 2968 5242 erat
2999 5197 3326 5257 praeceptum
3361 5193 3551 5242 tuum:

1989 5295 2008 5328 ‹
2049 5276 2276 5342 Lazare,
2311 5275 2432 5331 veni
2479 5276 2626 5334 foras
2673 5291 2732 5344 u;
2781 5299 2799 5330 ι
2856 5278 3200 5348 festinusque
3255 5279 3557 5333 resurrexit

1985 5385 2109 5422 cum
2152 5366 2370 5429 fasciis;
2429 5367 2823 5438 exsiliensque,
2876 5384 2908 5422 ο
2952 5369 3114 5433 bone,
3151 5374 3254 5422 tuaI
3301 5367 3558 5437 potentize

1985 5459 2263 5529 specimen
2303 5456 2577 5510 exhibuit.
2609 5501 2612 5504 .

2058 5545 2273 5601 Sedasti
2339 5543 2562 5601 Martha:
2609 5559 2662 5601 et
2708 5547 2891 5603 Mariae
2930 5550 3225 5621 lacrymas,
3257 5563 3290 5605 0
3338 5550 3559 5606 Christe

2193 5734 2207 5758 ι
2256 5723 2423 5782 losue
2461 5739 2514 5786 ι,
2551 5721 2634 5776 l5.
2722 5734 2744 5759 "
2769 5722 2930 5779 Jean.
2968 5740 3042 5791 ιι,
3074 5727 3168 5781 ιε.
