4004 6150
447 256 578 333 133.1
1313 316 1341 335 .

1632 269 1697 330 S.
1730 270 2062 332 ANDREfE
2096 268 2517 338 CRETENSIS

3573 285 3704 355 1392

444 369 591 430 Deus
622 389 634 425 :
666 372 937 427 Lazarum
971 372 1299 428 auctoritate
1327 374 1822 441 vocans,vocando
1843 375 2019 430 susei-

2150 396 2354 443 :a.uca.;,
2390 379 2594 449 Χριστέ
2628 381 2655 433 ὁ
2683 380 2812 444 Θεός
2839 399 2853 414 ο
2889 384 3152 455 φωνήσας
3167 385 3259 440 τὸν
3297 387 3550 460 Λάζαρον
3575 393 3702 444 αὐτ-

446 467 618 533 tasti;
654 466 810 536 isque
841 475 894 520 te
930 464 1200 520 adoravit.

508 644 874 716 Lacrymatus
898 660 1062 714 super
1088 641 1355 700 Lazarum
1377 659 1474 714 pro
1512 643 1750 699 hominis
1787 644 2018 711 ratione,

440 738 691 793 eumdem
757 752 864 806 qua
927 736 1074 791 Deus
1137 737 1393 792 excitasti
1427 753 1440 788 :
1473 737 1893 805 percontabaris
1922 778 1938 802 ,
1988 751 2022 792 o

443 834 619 895 boue,
687 831 778 884 ubi
836 838 987 885 esset
1052 832 1301 900 sepultus
1367 831 1795 900 quatriduanus,
1858 828 2019 884 ﬁdem

442 933 697 978 astruens
722 932 1023 991 assumpta:
1053 921 1400 977 humanitati.
1892 963 1896 966 .

512 1015 718 1070 Volens
748 1013 1022 1084 passionis
1059 1023 1167 1068 tua:
1191 1022 1245 1068 et
1274 1012 1459 1068 crucis
1485 1011 1760 1084 symbola,
1788 1022 1822 1065 ο
1854 1013 2018 1077 bone,

441 1109 761 1172 declarare;
786 1104 1089 1160 insatiabili
1124 1114 1286 1174 rupto
1319 1102 1523 1159 inferni
1566 1113 1774 1169 ventre,
1808 1102 2021 1174 quatri-

442 1202 684 1256 duanum
722 1196 1070 1252 resuscitasti
1103 1195 1290 1251 divina
1332 1203 1621 1265 potestate.

510 1290 648 1355 Quis
681 1287 841 1350 vidit,
872 1285 997 1355 quis
1028 1285 1263 1351 audivit,
1307 1293 1366 1339 ut
1402 1295 1657 1341 mortuus
1713 1287 1877 1341 homo
1902 1286 2019 1354 jam

443 1380 621 1446 fetcns
675 1377 1085 1433 resurrexerit?
1146 1376 1414 1447 Equidem
1466 1377 1779 1431 excitarunt
1846 1376 2017 1440 Elias,

442 1469 815 1548 Elisceusque';
867 1465 1013 1522 haud
1073 1473 1256 1522 tamen
1301 1482 1368 1522 ex
1421 1466 1657 1534 tumulo,
1688 1467 1772 1522 vel
1804 1466 2021 1536 quatri-

443 1562 709 1616 duanum.

511 1651 706 1715 Tuam,
739 1649 987 1715 Domine,
1016 1647 1307 1703 laudamus
1336 1648 1634 1718 potentiam
1662 1667 1677 1714 ;
1727 1646 2016 1702 laudamus
2060 1699 2067 1706 .

2124 470 2417 536 εξουσίως,
2465 473 2798 544 συνήγειρας
2836 477 2903 545 τῇ
2947 480 3100 549 φωνῇ
3130 516 3145 542 ,
3184 480 3277 531 καὶ
3321 485 3702 554 «passu-imas

2125 574 2228 612 σοι.

2192 651 2483 723 Δακρύσας
2505 652 2581 718 ὠς
2599 653 2885 727 ἄνθρωπος
2911 656 3003 710 ἐπὶ
3028 657 3290 731 Λαζάριρ,
3307 661 3600 734 ἐξήγειρας
3619 665 3704 716 αὑ-

2119 740 2213 797 τὸν
2244 743 2320 806 ὼς
2354 744 2508 809 Θεὸς.
2549 747 2796 816 Ἦρὼτας
2840 748 2943 800 ποῦ
2975 749 3241 803 τέθαπται
3290 754 3319 804 ὀ
3349 757 3701 823 τεταρταῖος,

2123 834 2507 907 πιστούμενος,
2540 838 2733 906 ἀγαθὲ,
2759 839 2860 908 τὴν
2881 839 3299 910 ἐνανθρὼπησίν
3333 859 3447 896 σου.

2192 1008 2299 1064 Τοῦ
2322 1009 2526 1074 πάθους
2551 1010 2618 1064 τά
2646 1012 2913 1082 σύμϐολα,
2942 1015 3036 1067 καὶ
3066 1012 3161 1068 τοῦ
3184 1017 3423 1089 σταυροῦ
3449 1035 3547 1073 σου
3574 1039 3707 1089 γνω-

2124 1101 2275 1172 ρίσαι
2328 1101 2635 1172 βουληθεὶς,
2692 1105 2889 1172 ἀγαθὲ,
2944 1104 3041 1158 τοῦ
3095 1107 3222 1178 ᾅδου
3274 1110 3374 1180 τὴν
3428 1112 3707 1182 ἄπληστον

2118 1192 2360 1263 γαστέρα
2385 1193 2576 1264 ῥήξας,
2604 1194 2909 1266 ἀνέστησας
2929 1196 3004 1261 ὡς
3027 1198 3158 1262 Θεὸς
3185 1201 3277 1253 τὸν
3305 1204 3706 1275 τετραήμερον.

2191 1282 2287 1347 Τίς
2316 1281 2446 1350 εἶδε,
2472 1284 2554 1348 τίς
2584 1286 2836 1356 ἤκουσεν,
2876 1290 2957 1341 ὅτι
3002 1290 3202 1362 ἀνέστη
3253 1292 3710 1369 ἀνθρωπονεκρὸς

2117 1374 2357 1439 ὀδωδώς·
2398 1376 2580 1439 Ἠλίας
2612 1377 2710 1447 μὲν
2749 1379 2937 1450 ἤγειρε
2969 1381 3063 1435 καὶ
3105 1382 3430 1451 Ἐλισσαῖος,
3469 1385 3586 1439 ἀλλ’
3610 1389 3711 1440 οὐκ

2118 1467 2183 1521 ἐκ
2213 1468 2514 1539 μνήματος,
2548 1468 2663 1522 ἀλλ’
2691 1469 2811 1522 οὐδὲ
2841 1475 3177 1542 τεταρταῖον.

2198 1640 2508 1713 Ὗμνοῦμέν
2533 1661 2649 1707 σου,
2681 1644 2877 1716 Κύριε,
2916 1646 3014 1718 τὴν
3044 1646 3398 1704 δυναστείαν·
3427 1650 3708 1722 ὕμνοῦμεν

441 1750 496 1795 et
522 1754 662 1803 tuas,
689 1755 722 1795 ο
750 1739 992 1804 Christe,
1022 1739 1347 1808 passiones;
1379 1739 1471 1792 illa
1492 1740 1712 1810 quidem
1754 1748 2015 1808 tauquam

2150 1733 2214 1784 παὶ
2240 1732 2309 1786 τὰ
2340 1735 2508 1806 πάθη,
2562 1737 2766 1806 Χριστέ
2786 1752 2800 1766 ⁸
2829 1740 2895 1809 τῇ
2949 1739 3049 1808 μέν
3074 1740 3182 1810 γὰρ
3205 1740 3281 1804 ὠς
3304 1740 3704 1812 εὖσπλαγχνος,

443 1833 795 1895 misericors,
829 1829 1097 1883 miracula
1150 1830 1470 1898 operabaris
1507 1849 1521 1884 :
1554 1831 1652 1887 has
1690 1838 1869 1884 autem
1900 1831 2017 1885 dis-

440 1923 768 1992 pensatione
793 1918 1013 1973 subiisti
1055 1927 1116 1971 ut
1145 1917 1327 1972 homo.

516 2012 660 2067 Deus
698 2025 757 2065 es
775 2019 936 2079 atque
959 2008 1142 2073 homo,
1162 2022 1288 2061 vera
1314 2008 1479 2063 rebus
1497 2008 1738 2079 probans
1768 2009 2016 2062 nomina.

449 2100 554 2169 Tu,
591 2101 850 2166 Verbum,
903 2113 1071 2153 carne
1102 2109 1516 2175 monumentum
1579 2100 1767 2165 adisti,
1807 2102 2021 2167 quatri-

442 2196 799 2262 duanumque
820 2191 1005 2246 divina
1027 2191 1358 2245 auctoritate
1398 2189 1701 2246 suscitasti.

514 2286 956 2354 Obstupuerunt,
996 2280 1245 2348 Domine,
1284 2281 1639 2336 Hebraeorum
1700 2282 1913 2352 populi,
1962 2292 2023 2336 ut

442 2376 697 2433 viderunt
724 2372 793 2428 ad
821 2381 969 2425 tuam
1003 2387 1189 2426 vocem
1222 2373 1601 2428 resurrexisse
1652 2371 1916 2427 Lazarum
1955 2376 2022 2429 de

442 2469 730 2540 sepulcro;
764 2463 988 2532 tuisque
1018 2463 1385 2519 nihilominus
1422 2462 1710 2520 miraculis
1749 2463 2020 2520 increduli

443 2569 814 2632 permansere.

1125 2643 1331 2701 Gloria.

513 2733 810 2793 Eternum
845 2752 875 2791 a
929 2736 1091 2791 Patre
1124 2744 1242 2803 tuo,
1267 2751 1300 2788 ο
1336 2734 1611 2799 Salvator,
1643 2747 1742 2788 ceu
1777 2750 1920 2790 unus
1954 2735 2022 2790 de
2074 2754 2089 2769 ·

442 2840 636 2883 sancta
663 2829 932 2884 Triuitate
968 2828 1223 2883 eﬂulsisti
1259 2845 1271 2880 :
1303 2827 1358 2880 in
1396 2836 1641 2892 tempore
1676 2834 1883 2891 autem,
1924 2828 2020 2896 qui

443 2920 522 2975 sis
551 2919 728 2987 major
746 2919 1084 2983 substantia,
1113 2918 1167 2971 in
1191 2917 1412 2987 spiritu,
1437 2930 1502 2971 ex
1527 2916 1893 2987 sanguinibus
1914 2919 2023 2973 vir-

443 3006 748 3079 ginalibus,
777 3014 1001 3077 sumpta
1041 3020 1211 3067 carne
1241 3005 1514 3076 prodiisti.

1094 3095 1161 3150 Et
1211 3113 1368 3150 nunc.

511 3188 612 3245 Dei
642 3190 952 3246 Genitricis
995 3190 1287 3259 conceptio
1328 3188 1450 3243 sine
1495 3188 1962 3258 semine;partus
1989 3203 2018 3242 a

443 3281 818 3350 corruptionis
866 3280 1167 3336 violatione
1225 3278 1509 3333 immunis.
1562 3278 1705 3334 Deus
1747 3281 2019 3350 siquidem

446 3382 745 3441 utrumque
798 3378 1062 3439 operatus
1118 3370 1469 3433 miraculum,
1520 3369 1679 3425 nobis
1721 3371 2019 3437 uuiendus,

443 3462 686 3531 seipsum
720 3459 1051 3516 exiuanivit.

992 3553 1102 3605 Ode
1132 3552 1185 3607 5.
1224 3552 1467 3607 Hirmus.

512 3643 589 3697 Da
627 3644 805 3707 nobis,
850 3642 952 3696 Fili
980 3641 1097 3707 Dei,
1129 3656 1315 3711 pacem
1341 3650 1491 3695 tuam
1516 3655 1655 3695 :non
1680 3641 1828 3695 enim
1868 3651 2022 3697 extra

444 3743 499 3788 te
552 3732 941 3802 c03noscimus
992 3731 1163 3785 alium
1210 3731 1375 3785 Deum
1414 3747 1427 3783 :
1464 3730 1669 3801 quippe
1716 3729 1858 3786 Deus
1907 3735 2022 3802 ipse

443 3828 693 3879 vivorum
737 3832 1196 3892 mortuorumque
1227 3823 1472 3878 exsistis.

513 3914 617 3981 Qui
654 3910 731 3970 Sis
761 3915 894 3980 vita,
938 3912 1168 3968 Domine
1202 3923 1257 3968 et
1316 3913 1409 3966 lux
1439 3927 1595 3976 vera,
1631 3913 1883 3968 vocando
1916 3913 2022 3967 La-

441 4023 656 4070 nrum,
716 4005 1073 4062 exsuscitasti
1104 4021 1118 4057 :
1154 4014 1212 4059 ut
1266 4015 1464 4075 potens
1522 4006 1692 4072 cnim,
1749 4004 1916 4060 Deum
1970 4016 2025 4062 te

444 4101 693 4152 rivorum
724 4107 780 4153 et
812 4109 1156 4152 mortuorum
1186 4097 1509 4151 exbibuisti.

512 4192 634 4245 Nun
666 4190 881 4254 ferens,
923 4206 956 4243 0
1006 4188 1160 4251 Jcsu,
1194 4188 1467 4253 infernus,
1500 4190 1855 4260 impartabile
1888 4206 2025 4261 νινε·
2081 4186 2090 4194 ’

443 4292 661 4354 ceptum
692 4295 885 4348 tuum;
929 4294 1248 4350 quanquam
1300 4288 1583 4350 receperat
1634 4283 1856 4347 multos,
1892 4299 2024 4337 cun-

444 4384 725 4429 sternatus
751 4382 867 4436 est;
909 4374 1203 4440 vivumque
1252 4371 1522 4424 Lazarum
1554 4375 1622 4425 ad
1669 4375 1899 4443 primam
1930 4390 2022 4427 vo-

442 4479 563 4521 cem
598 4473 772 4529 tuam,
798 4477 906 4515 non
942 4471 1218 4519 mortuum
1248 4459 1417 4514 dedit.

512 4553 618 4621 Qui
650 4553 819 4607 verbo
842 4552 971 4607 olim
1006 4552 1261 4621 spiritum
1296 4552 1535 4620 jungens
1572 4552 1809 4623 pulveri,
1842 4555 2019 4607 lutum

443 4645 641 4717 spiritu
672 4644 1034 4703 animaveras,
1087 4657 1120 4695 o
1152 4640 1556 4704 Vcrbnmvitm,
1601 4658 1746 4697 nunc
1799 4660 2022 4714 quoque

443 4736 633 4795 verbo,
707 4749 741 4788 e
799 4733 1154 4802 corruptione
1218 4733 1731 4803 sublerraueisque,
1782 4735 2019 4789 amicum

443 4821 753 4893 suscitasti.
1189 4886 1195 4891 _

517 4932 537 4965 ι
567 4912 761 4967 Nullus
812 4919 920 4974 est,
991 4909 1238 4975 Domine,
1273 4910 1365 4979 qui
1416 4919 1523 4964 tum
1580 4910 1846 4965 voluntati
1888 4908 2022 4967 resi-

440 5017 551 5063 stat
584 5015 653 5055 ':
695 5023 714 5055 ι
752 5003 937 5068 Quare
987 5002 1078 5055 ubi
1139 5011 1419 5056 mortuum
1475 5002 1686 5057 vocasti
1729 5001 2020 5064 Lazarum,

439 5114 567 5155 mox
604 5095 698 5167 qui
730 5097 851 5150 sine
886 5094 1085 5164 spiritu
1143 5104 1286 5157 erat,
1332 5095 1680 5161 resurrexit;
1731 5093 2024 5165 ferensque

438 5192 659 5245 vincula
679 5228 695 5255 ,
725 5186 957 5258 pedibus
990 5185 1367 5256 gradiebatur.

510 5281 557 5343 Ο
576 5279 889 5334 Iudaeorum
923 5286 1259 5333 amentatum
1285 5279 1299 5330 !
1325 5277 1371 5333 Ο
1402 5277 1643 5331 hostium
1672 5278 2018 5333 cmcitatem!

441 5372 580 5440 Quis
607 5372 741 5426 vidit
765 5380 1042 5425 mortuum
1072 5373 1404 5425 suscitatnm
1436 5371 1505 5425 de
1539 5369 1832 5440 sepulcro?
1869 5369 2019 5424 Elius

440 5468 572 5523 olim
600 5463 961 5520 exsuscitarit
984 5464 1229 5533 quidem,
1260 5462 1407 5518 haud
1437 5471 1621 5518 tamen
1656 5476 1690 5518 e
1739 5464 2020 5533 sepulcro,

445 5573 537 5614 aut
575 5556 1004 5628 quatriduanum
1016 5575 1063 5619 ι,

516 5681 541 5712 '
573 5672 772 5725 Esther
798 5687 918 5736 sui,
942 5672 1000 5727 9.
1029 5681 1056 5711 ι
1130 5671 1198 5728 ιιι
1235 5676 1349 5740 Reg
1394 5679 1508 5728 xm
1539 5667 1655 5733 ,η

2044 3047 2092 3109 C

2119 1821 2584 1894 ἐθαυματούργεις
2607 1841 2622 1855 σ
2654 1824 2721 1878 τὰ
2750 1824 2807 1878 δὲ
2833 1827 3193 1897 οἰκονομικῶς
3209 1827 3342 1899 ἧλον
3385 1828 3463 1891 ὡς
3491 1829 3703 1899 ἄνθρω-

2119 1930 2239 1967 ποῖ.

2189 2004 2321 2068 Θεὸς
2342 2002 2389 2058 εἳ
2416 2007 2511 2059 καὶ
2531 2007 2842 2079 ἄνθρωπος,
2868 2006 3246 2078 ἐπαληθεῦων,
3269 2010 3383 2072 τοῖς
3411 2009 3707 2080 πράγμασι

2120 2096 2185 2150 τὰ
2219 2097 2493 2167 ὀνόματα’
2546 2101 2784 2170 ἐπέστης
2834 2099 2913 2169 τῷ
2973 2101 3223 2170 μνήματι
3267 2102 3436 2173 σαρκὶ⁵
3459 2104 3488 2155 ὁ
3511 2101 3703 2171 Λόγος,

2121 2190 2212 2241 καὶ
2246 2190 2475 2261 ἤγειρας
2499 2190 2574 2254 ὡς
2598 2192 2733 2255 Θεὸς
2763 2191 2854 2244 τὸν
2885 2194 3287 2264 τετραήμερον.

2204 2282 2555 2352 Ἑξὲστησαν,
2588 2284 2855 2348 Δέσποτα,
2899 2283 3168 2354 Ἐϐραίων
3218 2285 3406 2354 δῆμοι,
3435 2285 3515 2349 ὡς
3566 2281 3710 2339 εἶδον

2122 2373 2430 2425 ἀναστάντα
2480 2373 2673 2444 νεκρὸν
2700 2376 2764 2426 ἐκ
2807 2375 2980 2442 τάερου
3008 2374 3259 2445 Λάζαρον
3300 2375 3401 2427 σὺν
3437 2379 3505 2447 τῇ
3557 2380 3709 2448 qur/ﬁ

2123 2479 2238 2525 σου,
2272 2464 2367 2515 καὶ
2391 2464 2614 2534 ἔμειναν
2649 2462 2895 2527 ἀπειθεῖς
2921 2464 3031 2517 τῶν
3056 2463 3383 2535 θαυμασίων
3412 2483 3531 2520 σου.

2818 2636 2995 2703 Δόξα.

2205 2728 2481 2801 Ἀνάρχως
2515 2728 2829 2800 ἐξέλαμψας
2884 2731 2949 2781 ἐκ
3002 2727 3097 2782 τοῦ
3133 2730 3348 2801 Πατρός
3378 2748 3496 2797 σου,
3522 2733 3600 2797 ὡς
3628 2728 3712 2797 εἷς

2119 2819 2218 2889 τῆς
2241 2818 2491 2890 Τριάδος,
2524 2819 2710 2887 Σῶτερ
2728 2835 2742 2849 ’
2771 2820 2829 2871 ἐν
2855 2818 3058 2888 χρόνῳ,
3085 2818 3144 2869 ἐν
3173 2818 3473 2888 πνεύματι,
3505 2822 3715 2893 παρθε-

2121 2910 2287 2965 νικῶν
2318 2913 2382 2963 σὺ
2415 2910 2686 2981 προῆλθες
2716 2910 2985 2981 αἱμάτων,
3019 2909 3199 2978 σάρκα
3235 2909 3440 2976 λαϐὼν,
3473 2913 3502 2965 ὁ
3536 2913 3712 2984 ὑπερ-

2121 2999 2182 3054 ού
2192 3016 2326 3064 σιος.

2777 3090 2888 3146 Καὶ
2919 3090 3054 3145 νῦν.

2202 3183 2271 3235 Ἦ
2293 3182 2552 3252 σύλληψις
2602 3184 2845 3254 ἄσπορος
2875 3182 2975 3253 τῆς
3013 3183 3305 3237 Θεοτῦκουθ
3337 3186 3366 3238 ὁ
3391 3187 3553 3250 τόκος
3578 3187 3715 3242 ἄνευ

2122 3275 2328 3337 πάθους
2359 3274 2586 3346 φθορᾶς.
2633 3275 2767 3338 Θεὸς
2800 3276 2910 3345 γάρ
2952 3275 3244 3345 ἀμφότερα
3283 3278 3713 3350 Θαυματουργή-

2100 3372 2247 3427 ’σας,
2272 3366 2541 3419 ἐκένωσεν
2583 3365 2801 3432 ἐαυτὸν,
2833 3365 2922 3418 ἴνα
2949 3367 3083 3436 ἡμῖν
3115 3366 3317 3438 ἐνωθῇ.
3706 3378 3735 3412 ⁵

2611 3548 2750 3618 ᾨδὴ
2793 3556 2859 3603 ε’.
2903 3549 2956 3602 '0
2986 3553 3225 3619 ΕΙρμός.

2194 3636 2309 3705 Τὴν
2339 3635 2437 3707 σὴν
2488 3639 2714 3708 εἰρήνην
2758 3640 2847 3702 δὸς
2892 3643 3045 3710 ἡμῖν,
3081 3641 3182 3694 Υἱὲ
3203 3640 3300 3695 τοῦ
3343 3642 3521 3697 Θεοῦ·
3553 3645 3716 3700 ἄλλον

2122 3728 2230 3798 γὰρ
2260 3729 2417 3791 ἐκτός
2454 3745 2569 3793 σου,
2597 3730 2731 3784 Θεὸν
2760 3732 2821 3784 οὗ
2856 3732 3225 3804 γινώσκομεν,
3267 3735 3350 3789 ὅτι
3386 3736 3523 3800 Θεὸς
3571 3738 3713 3802 (ch-

2120 3838 2231 3874 των
2273 3823 2366 3874 καὶ
2390 3822 2500 3875 τῶν
2521 3823 2741 3892 νεκρῶν
2769 3825 3061 3894 ὑπάρχεις.

2194 3915 2318 3984 Ζωὴ
2338 3916 2626 3985 ὑπάρχων,
2656 3917 2855 3988 Κύριε,
2887 3920 2981 3971 καὶ
3008 3920 3125 3988 φῶς
3148 3919 3367 3990 ἀληθινέ
3379 3939 3445 3991 τί
3468 3924 3716 3993 Λάζαρον

2124 4007 2381 4075 φωνήσας
2424 4008 2735 4075 ἀνέστησας
2754 4024 2768 4038 ·
2801 4009 2876 4070 ὡς
2901 4009 3127 4071 δυνατὸς
3160 4009 3269 4079 γὰρ
3283 4009 3455 4064 πᾶστν
3477 4012 3710 4076 ἔδειξας,

2121 4100 2205 4151 ὅτι
2225 4098 2356 4160 Θεὸς
2385 4096 2603 4160 ζώντων
2635 4099 2730 4151 καὶ
2758 4100 2866 4151 τῶν
2888 4100 3097 4169 νεκρῶν
3128 4101 3427 4171 ὑπάρχεις.

2194 4188 2305 4257 Τὴν
2343 4188 2609 4241 ἄστεκτόν
2658 4205 2751 4241 σου
2781 4189 3107 4257 πρόσταξιν,
3126 4190 3203 4260 μὴ
3244 4191 3458 4261 φέρων,
3509 4193 3709 4262 Ἰησοῦ,

2125 4277 2279 4348 ᾅδης,
2310 4277 2338 4328 ὁ
2365 4277 2597 4339 πολλοὺς
2627 4277 2945 4346 δεξάμενος,
2992 4277 3233 4345 ,ἐπτηξεο
3266 4280 3363 4331 καὶ
3391 4285 3711 4352 τεταρταῖον

2125 4370 2267 4435 ὅντα,
2301 4369 2571 4439 Λάζαρον,
2622 4370 2719 4422 σὺν
2753 4372 2821 4440 τῇ
2860 4372 3011 4439 φωνῇ
3040 4368 3243 4438 ζῶντα,
3293 4373 3391 4424 καὶ
3419 4375 3480 4426 οὐ
3513 4377 3712 4444 νεκρὸν

2123 4462 2320 4517 ἐδίδου.

2193 4551 2300 4604 Τὸν
2327 4550 2459 4621 χοῦν
2506 4551 2749 4620 συνάψας
2800 4551 3098 4620 πνεύματι,
3129 4552 3159 4602 ὁ
3209 4552 3383 4606 πάλαι
3417 4554 3509 4605 τὸν
3541 4555 3713 4623 mihi

2123 4642 2395 4711 ’πνεύματι
2435 4641 2697 4712 ψυχὼσας
2722 4683 2737 4706 ,
2774 4642 2920 4711 ζωῆς
2956 4643 3119 4709 Λὸγε,
3149 4642 3295 4712 λόγῳ
3330 4661 3452 4706 σου,
3488 4648 3585 4697 καὶ
3615 4647 3714 4697 νῦν

2122 4733 2176 4786 δὲ
2203 4733 2347 4804 λόγῳ
2368 4732 2756 4803 ἐξανέστησας,
2791 4734 2855 4785 ἐκ
2884 4732 2985 4802 τῆς
3014 4733 3244 4804 φθορᾶς,
3270 4733 3451 4802 φίλον,
3480 4737 3577 4789 καὶ
3600 4737 3713 4788 τῶν

2122 4824 2517 4893 καταχθονίων.

2199 4936 2219 4966 ι
2256 4916 2347 4985 Τῷ
2376 4915 2606 4984 νεύματξ
2640 4932 2757 4977 σου,
2810 4915 3005 4985 Κῦριε,
3056 4915 3398 4987 ἀνθέστηκεν
3439 4920 3638 4979 οὐδείς.
3686 4937 3706 4970 ι

2125 5008 2290 5062 Ὅθεν
2310 5010 2398 5062 ὅτε
2414 5007 2605 5078 νεκρὸν
2626 5005 2853 5075 ὲςὼνεις
2872 5008 2964 5060 τὸν
2980 5008 3251 5077 Λάζαρον,
3272 5011 3439 5074 εὐθὺς
3456 5016 3485 5065 ὁ
3504 5013 3713 5075 ima;

2122 5096 2467 5165 ἐξανίστατο,
2492 5096 2585 5150 καὶ
2604 5097 2673 5149 τά
2699 5097 2874 5167 δεσμά
2902 5097 3103 5168 φέρων,
3129 5101 3256 5151 ποσὶ
3286 5104 3638 5171 περιεπάτει.

2194 5269 2268 5327 Ὦ
2302 5272 2570 5327 Ἰουδαίων
2604 5271 2792 5325 avom!
2820 5265 2893 5322 Ὅ
2916 5270 3171 5341 πώρωσις
3200 5270 3448 5341 ἑχθρῶνῐ
3476 5275 3564 5337 τις
3601 5270 3711 5328 εἶδε

2124 5367 2321 5439 νεκρὸν
2343 5368 2409 5419 ἐκ
2433 5365 2613 5433 τάφου.
2635 5362 2948 5451 ἐγείραντα.
2989 5362 3177 5424 Ἠλίας
3208 5364 3381 5416 πάλαι
3414 5365 3712 5438 tina-:1?

2128 5475 2219 5513 σεν
2239 5475 2252 5489 ·
2280 5458 2397 5511 ἀλλ’
2429 5456 2529 5509 οὐκ
2556 5457 2619 5509 ἐκ
2652 5456 2939 5526 μνήματος
2959 5471 2975 5485 '
3009 5453 3129 5509 ἀλλ’
3166 5455 3288 5508 οὑδέ
3328 5462 3672 5530 τεταρταῐον.

2345 5765 2405 5778 οι-
