4004 6150
356 316 488 382 11.97

930 472 936 477 ς
1015 430 1253 485 Θεοτόκ.

424 525 491 578 Σὲ
522 521 734 592 εὐλογῶ
786 521 880 577 καὶ
935 522 1229 594 προσκυνῶ
1260 523 1350 576 τὸν
1377 518 1654 601 τεχθέντα
1711 526 1775 579 ἐκ
1834 524 1935 594 τῆς

352 615 656 687 Παρθένου,
693 614 770 686 μὴ
792 615 1134 687 χωρισθέντα
1164 614 1256 668 τοῦ
1296 613 1488 685 θρόνου
1516 612 1619 684 τῆς
1648 616 1809 685 ἁγίας
1846 616 1936 668 δό-

354 708 449 777 ξης
466 722 596 761 'aou.
706 720 733 735 κ
1350 697 1362 707 ’

840 797 977 870 ᾨδὴ
1015 799 1087 853 θ’.
1133 798 1187 851 Ὀ
1219 798 1457 867 Εἶρμός.

428 908 449 942 ι
491 888 748 960 Ἐποίησε
788 888 992 958 κράτος
1041 890 1102 942 ὲν
1156 889 1404 961 βραχίονι
1455 886 1659 943 αὐτοῦ’
1716 887 1934 941 καθεῖλε

351 981 462 1051 γὰρ
489 981 760 1045 δυναστὰς
792 981 902 1035 ἀπὸ
933 981 1160 1053 θρόνων,
1193 981 1289 1035 καὶ
1342 980 1530 1050 ὖψωσε
1558 980 1874 1045 ταπεινοὺς,
1908 982 1937 1032 6

350 1076 485 1139 Θεὸς
510 1074 605 1128 τοῦ
650 1074 888 1146 Ἰσραὴλ,
921 1076 981 1129 ὲν
1012 1070 1097 1139 οἷς
1111 1075 1459 1145 ἐπεσκέψατο
1484 1075 1654 1145 ἡμᾶς,
1675 1072 1935 1144 ’Λνατολὴ

352 1168 412 1232 ἐξ
431 1167 621 1238 ὕψους,
652 1168 748 1222 καὶ
776 1162 1110 1222 κατεθθυνεν
1141 1170 1291 1238 ἡμᾶς
1311 1170 1392 1233 είς
1411 1168 1529 1222 ὁδὸν
1559 1169 1805 1245 είρήνης.
1841 1185 1861 1218 ι

431 1256 709 1328 ’Υμνείτω
738 1259 800 1312 τὸ
831 1258 1018 1328 θαῦμα
1063 1258 1309 1329 Βηθανία
1351 1259 1448 1313 σὺν
1467 1260 1602 1330 ἡμῖν
1621 1274 1636 1290 ⁸
1667 1260 1728 1312 ὲν
1760 1258 1935 1330 ταύτῃ

352 1349 462 1418 γὰρ
504 1349 804 1419 ἐδάκρυσεν
854 1350 884 1403 6
918 1348 1196 1418 Κτίστης,
1247 1348 1340 1403 τὸν
1393 1348 1644 1427 Λάζαρον
1677 1348 1934 1414 ἀνιστῶν,

351 1440 502 1509 νόμῳ
524 1440 742 1508 φύσεως
762 1440 970 1512 σαρκός
987 1455 1000 1470 °
1028 1440 1123 1495 καὶ
1150 1440 1386 1512 Μάρθας
1406 1440 1475 1495 τὰ
1496 1440 1706 1512 δάκρυα
1727 1439 1934 1507 λοιπὸν,

351 1531 446 1582 καὶ
476 1528 568 1582 τὸν
588 1530 868 1601 κλαυθμὸν
897 1531 1121 1603 Μαρίας
1169 1533 1251 1595 είς
1273 1531 1452 1602 χαρὰν
1473 1530 1814 1603 μεταϐαλὼν,
1843 1533 1938 1586 τὸν

352 1622 546 1692 νεκρὸν
577 1622 809 1694 ἐγείρει.

316 1766 319 1769 .
421 1712 812 1780 Πιστούμενος,
840 1712 1004 1781 Λόγε,
1028 1711 1128 1784 τὴν
1154 1713 1451 1768 ἀνάστασιν
1470 1713 1569 1785 τὴν
1598 1714 1719 1784 σὴν,
1746 1715 1936 1769 ἐκάλε-

1545 311 1805 380 CANON
1848 318 1933 379 IN
1973 321 2358 408 LAZARUM.

1960 438 2008 494 Δ

3483 323 3618 389 1393

2666 430 2729 487 In
2777 430 2995 504 Deipar.

2104 528 2379 585 lienedico
2407 538 2457 586 te
2486 536 2541 585 ct
2567 528 2759 594 adoro,
2795 529 2891 597 qui
2928 534 3090 583 natus
3125 542 3192 582 ex
3225 525 3470 599 Virgine,
3502 544 3613 587 non

2036 618 2326 674 excessisti
2359 619 2558 675 throno
2594 617 2782 690 gloriae
2810 626 3019 675 sanctae
3043 627 3166 674 tuae.

2573 797 2684 853 Ode
2702 799 2756 854 8.
2804 796 3048 851 Hirmus.

2112 906 2135 939 ‹
2157 886 2309 943 Fecit
2335 889 2630 959 potentiam
2661 890 2715 943 in
2741 889 2969 963 brachio
2994 902 3097 943 suo
3127 905 3140 942 :
3177 886 3431 957 deposuit
3469 887 3616 943 enim

2037 986 2290 1048 potentes
2306 979 2374 1035 de
2391 981 2541 1046 sede,
2574 988 2630 1036 et
2653 980 2918 1035 exaltavit
2945 980 3204 1044 humiles,
3239 979 3384 1036 Deus
3415 980 3615 1045 Israel;

2038 1069 2092 1122 in
2120 1070 2323 1139 quibus
2353 1071 2596 1126 visitavit
2621 1087 2741 1135 nos,
2776 1071 2974 1126 Oriens
2997 1085 3064 1126 ex
3093 1070 3246 1137 alto;
3278 1086 3489 1143 nosque
3537 1071 3621 1126 di-

2037 1162 2183 1216 rexit
2203 1162 2259 1216 in
2287 1162 2431 1216 viam
2466 1162 2724 1233 pacisda

2110 1255 2233 1309 Pari
2302 1256 2566 1312 Bethania
2633 1256 2921 1311 nobiscum
2971 1254 3191 1310 cantico
3237 1254 3485 1310 celebret
3513 1255 3619 1309 mi-

2039 1346 2285 1401 raculum
2312 1364 2325 1401 :
2355 1347 2410 1402 in
2443 1360 2508 1401 ea
2536 1347 2682 1401 enim
2705 1346 3148 1402 naturalicarnis
3180 1346 3317 1416 lege,
3350 1344 3619 1400 Lazarum

2039 1437 2415 1493 suscitaturus
2454 1435 2686 1492 Creator
2724 1436 2916 1504 ﬂevit;
2968 1437 3342 1507 deincepsque
3396 1436 3622 1491 Marthae

2038 1527 2296 1599 lacrymis
2333 1542 2397 1585 ac
2429 1528 2615 1585 Mariae
2652 1529 2801 1585 luctu
2834 1529 3061 1585 mutatis
3086 1528 3140 1583 in
3169 1527 3455 1599 gaudium,
3475 1542 3623 1583 mor-

2039 1625 2194 1673 tuum
2223 1620 2351 1675 vita:
2374 1621 2639 1675 restituit.
2783 1693 2790 1699 _

2112 1708 2230 1775 Quo
2252 1717 2425 1775 tuam,
2476 1709 2740 1778 Verbum,
2791 1712 3258 1778 resurrectionem
3319 1720 3619 1776 astrueres,

349 1820 451 1868 σας
478 1804 568 1858 τὸν
600 1773 852 1875 Λάζαρον
896 1773 962 1859 δὲ
990 1773 1213 1875 ⁷τάφου,
1248 1806 1344 1861 καὶ
1392 1773 1625 1877 ἦγειρας
1756 1806 1891 1871 Θεός
1914 1824 1928 1841 ·

2050 1773 2311 1855 Lazarum
2343 1773 2659 1873 esepulcro
2720 1773 2956 1870 vocasti,
3001 1802 3299 1874 divinaque
3346 1773 3623 1875 potestate

352 1895 443 1949 ἵνα
466 1894 646 1966 δείξῃς
669 1899 785 1960 τοῖς
806 1897 978 1962 λαοῖς,
1010 1896 1144 1950 Θεόν
1176 1913 1237 1951 τι
1263 1897 1361 1952 καὶ
1387 1897 1677 1968 ἄνθρωπον
1695 1898 1835 1969 ὁμοῦ
1874 1899 1936 1953 ὲν

347 1985 580 2059 ἀληθείᾳ
610 1987 772 2053 ὄντα,
801 1988 897 2041 καὶ
933 1988 1228 2059 ἐγείραντα
1259 1987 1407 2055 ναὸν,
1431 1988 1522 2042 τὸν
1543 1988 1637 2043 τοῦ
1680 1988 1935 2061 σώματός

351 2094 471 2132 σου.

423 2164 791 2230 «Συνὲσεισας
811 2166 857 2199 ³⁵
883 2166 1054 2224 πάλαι
1082 2166 1176 2222 καλ⁸
1203 2168 1435 2240 μοχλοὺς
1469 2168 1599 2233 τοὺς
1623 2169 1892 2241 σιδηροῦςο
1908 2189 1926 2223 ι

347 2255 625 2327 ἐφόϐησας
665 2256 758 2310 τὸν
811 2256 945 2328 ᾅδην
977 2259 1059 2328 τῇ
1099 2261 1252 2329 φωνῇ
1285 2275 1404 2324 σου,
1439 2259 1535 2312 καὶ
1584 2258 1786 2330 ἔπτηξε
1834 2260 1933 2314 σὺν

347 2347 497 2417 αὐτῷ
542 2349 639 2401 καὶ
667 2347 696 2400 ό
728 2347 960 2412 θάνατος
989 2347 1156 2414 εὐθὺς
1180 2390 1197 2414 ,
1244 2350 1322 2414 ὡς
1350 2346 1491 2404 εἶδον
1533 2350 1625 2405 τὸν
1659 2351 1930 2421 Λάζαρον,

347 2438 554 2511 Σῶτερ,
597 2440 691 2494 τὸν
738 2439 872 2511 παρ’
905 2441 1096 2505 αὐτοῖς
1146 2439 1456 2515 δεσμώτην,
1508 2441 1831 2514 ψυχωθέντα
1862 2446 1932 2517 τῇ

348 2537 522 2602 φωνῇ,
562 2529 659 2584 καὶ
687 2531 1085 2602 ἐξαναστάντα.

429 2625 762 2695 Ἐξέστησαν
784 2624 989 2689 πάντες
1009 2625 1086 2688 ὡς
1104 2622 1304 2697 ¹ἑώρων
1326 2642 1407 2693 σε,
1431 2626 1638 2699 Σῶτερ,
1663 2629 1932 2701 δακρύον-

344 2730 413 2765 τα
441 2712 536 2767 τὺν
565 2712 823 2784 Λάζαρον
854 2712 1108 2777 θανόντα,
1140 2715 1236 2768 καὶ
1259 2713 1452 2783 ἔλεγον
1484 2719 1533 2770 oi
1554 2718 1753 2772 δεινοί·
1790 2719 1931 2773 «Ἴδε

344 2805 465 2867 πῶς
497 2803 660 2857 αὑτὸν
701 2804 869 2874 φιλεῖ.
910 2822 930 2856 ι
965 2803 1143 2868 Εὐθὺς
1171 2804 1267 2859 οὖν
1294 2804 1585 2875 ὲφώνησας
1610 2807 1796 2877 αὐτὸν,
1837 2811 1932 2864 καὶ

343 2893 587 2958 ἀναστάς
607 2895 636 2948 6
654 2894 881 2960 ἄπνους,
909 2895 1176 2966 ἀφῃρεῖτο
1203 2895 1301 2967 τὴν
1323 2895 1550 2968 φθοράν,
1581 2896 1658 2970 τῷ
1690 2900 1932 2972 προστά-

344 3001 379 3053 γ
388 2985 516 3055 ματί
546 3002 662 3039 σου.

2038 1890 2381 1948 resuscitasti
2406 1910 2421 1959 ;
2451 1902 2512 1948 ut
2547 1901 2600 1949 te
2631 1894 2874 1965 populis,
2911 1893 3086 1949 Deum
3121 1895 3327 1963 pariter
3361 1904 3414 1951 et
3446 1896 3622 1950 homi-

2035 1996 2159 2036 nem
2183 1982 2531 2051 ostenderes,
2556 1984 2651 2055 qui
2681 1985 2944 2055 templum
2971 1984 3107 2039 illud
3130 1987 3388 2056 corporis
3417 1987 3495 2041 tui
3527 2003 3622 2042 ex-

2036 2071 2297 2127 citaveris
2318 2084 2365 2128 ε.
3494 2122 3509 2133 .

2112 2161 2384 2221 «Ferreos
2407 2166 2574 2225 etiam
2603 2173 2791 2225 vectes
2825 2168 2958 2225 olim
2979 2168 3340 2226 contrivistit
3381 2188 3397 2226 :
3443 2188 3462 2222 ι
3496 2183 3622 2239 per-

2036 2255 2282 2311 terruisti
2312 2264 2404 2315 tua
2433 2272 2566 2313 voce
2593 2258 2905 2329 infernum;
2931 2276 3171 2332 moxque
3191 2276 3313 2317 cum
3337 2275 3423 2325 eo,
3450 2260 3621 2319 etiam

2034 2347 2255 2418 expavit
2301 2364 2474 2414 mors,
2503 2356 2565 2405 ut
2592 2349 2875 2416 viderunt,
2907 2368 2941 2407 ο
2977 2350 3254 2419 Salvator,
3290 2366 3451 2421 quem
3474 2349 3619 2420 apud

2034 2451 2094 2492 se
2126 2437 2395 2495 Lazarum
2417 2439 2662 2494 vinctum
2686 2440 3025 2509 detinebant,
3054 2440 3269 2497 reddita
3325 2454 3458 2496 voce
3496 2440 3619 2495 ani-

2034 2542 2144 2591 ma,
2178 2527 2303 2584 vitae
2332 2529 2726 2586 instauratum.

2103 2616 2517 2690 Obstupuerunt
2577 2636 2789 2690 omnes,
2815 2638 2849 2679 ο
2876 2622 3159 2689 Salvator,
3190 2632 3252 2679 ut
3276 2622 3533 2679 viderunt
3563 2629 3620 2678 te

2032 2707 2251 2766 ﬂentem
2285 2719 2562 2766 mortuum
2593 2712 2901 2780 Lazarum,
2939 2713 3318 2785 dixeruntque
3365 2712 3566 2768 nefarii
3600 2730 3617 2782 ς

2038 2819 2057 2853 ι
2082 2799 2226 2856 Ecce
2252 2801 2532 2873 quomodo
2553 2804 2872 2874 diligiteum
2906 2804 2929 2858 ἓ
2953 2823 2972 2857 ι
3011 2802 3181 2860 Ocius
3201 2818 3335 2874 ergo
3363 2818 3489 2858 eum
3520 2817 3620 2857 vo-

2031 2896 2192 2965 casti,
2242 2913 2649 2971 resurgensque
2682 2901 2777 2971 qui
2811 2901 3077 2958 amiserat
3132 2900 3412 2971 spiritum,
3440 2899 3618 2970 impe-

2031 2997 2189 3047 rante
2210 2998 2280 3057 te,
2305 2992 2720 3063 corruptionem
2755 2992 3010 3064 deponit.

428 3073 786 3145 Ἐσείσθησαν
818 3073 1009 3139 πύλαι,
1039 3054 1439 3148 συνετρίϐησαν
1470 3079 1659 3150 μοχλοί
1680 3098 1693 3112 ο
1731 3080 1926 3154 ἐλύθη-

2101 3054 2404 3139 Concussae
2458 3054 2589 3141 sunt
2650 3054 2869 3155 portae;
2905 3084 3134 3143 contriti
3172 3091 3398 3155 vectes;
3433 3085 3615 3149 soluta

346 3178 447 3215 σαν
478 3163 652 3233 δεσμά
673 3163 767 3235 τοῦ
795 3164 1124 3229 τεθνεῶτοςο
1168 3167 1197 3218 6
1239 3166 1373 3237 ᾅδης
1401 3168 1479 3232 δὲ,
1519 3172 1668 3240 φωνῇ
1704 3170 1803 3240 τῆς
1836 3172 1926 3225 δυ-

348 3251 563 3324 νάμεως
609 3253 869 3327 Χριστοῦ,
928 3256 1145 3328 πικρῶς
1177 3257 1527 3325 ἀνεστέναξε,
1563 3262 1658 3314 καὶ
1700 3262 1924 3316 ἀνεϐόα’

347 3344 538 3416 Οἵμοιι
567 3345 654 3409 τίς
689 3347 783 3400 καὶ
806 3346 973 3402 πόθεν
1008 3350 1051 3421 ἡ
1074 3347 1248 3420 φωνὴ,
1275 3350 1309 3420 ἡ
1344 3351 1574 3422 νεκροὺς
1600 3350 1853 3422 Cosmica;

428 3536 665 3591 Ἀνάστα
694 3500 968 3606 ὲντείὶθεν,
993 3538 1316 3626 ὑπακούσας
1342 3542 1441 3613 τῆς
1466 3545 1652 3613 φωνῆς
1671 3559 1687 3576 ⁶
1715 3545 1745 3599 6
1773 3543 1926 3613 φίλος

345 3643 440 3685 σου
476 3628 583 3699 γὰρ
631 3628 737 3695 ἔξω
770 3633 1092 3701 προσφωνεῖ
1121 3647 1214 3685 σε·
1246 3626 1403 3697 οὗτός
1439 3636 1610 3701 ἐστιν,
1641 3637 1670 3689 6
1702 3635 1763 3689 τὸ
1794 3637 1925 3706 πρὶν

341 3721 656 3792 ἀναστήσας
688 3720 817 3784 τοὺς
844 3721 1073 3790 νεκρούς
1094 3739 1110 3754 ·
1150 3724 1334 3788 Ἠλίας
1363 3724 1463 3794 μὲν
1488 3725 1677 3797 ἤγειρε
1707 3728 1921 3798 νεκρὸν,
1956 3759 1972 3771 ο

342 3810 437 3863 καὶ
473 3811 775 3877 Ἐλισσαῖος
829 3810 981 3883 ἀμαο
1035 3814 1152 3868 ἀλλ’
1181 3815 1346 3880 αὐτὸς
1384 3811 1453 3889 ἦν
1477 3817 1546 3870 δι’
1588 3816 1790 3886 αὐτῶν,
1826 3820 1923 3875 καὶ

340 3898 518 3955 λαλῶν
540 3904 634 3956 καὶ
664 3905 939 3975 πράττων.
974 3942 977 3945 ς

421 3990 732 4064 ’Υμνοῦμέν
791 4012 909 4062 σου,
968 3998 1110 4066 Λόγε
1140 4037 1155 4063 ,
1206 3999 1309 4070 τὴν
1354 3998 1678 4055 ἀνείκαστον
1724 4000 1916 4071 ίσχὺνο

352 4079 613 4149 Ὀστέοις
645 4082 756 4155 γὰρ
790 4086 890 4140 καί
923 4088 1183 4155 νεύροις,
1212 4088 1305 4142 τὸν
1337 4088 1568 4143 θανόντα
1598 4089 1847 4160 ἤγειρας
1874 4093 1921 4126 ³⁸

338 4166 482 4242 λόγῳ
508 4172 586 4244 τῷ
613 4174 713 4243 σῷ,
744 4174 820 4239 ὡς
849 4176 956 4229 τῶν
986 4176 1122 4230 ὅλων
1169 4177 1544 4250 πλαστουργός
1565 4196 1578 4210 ·
1608 4180 1702 4234 καὶ
1728 4181 1920 4237 τοῦτον
1956 4248 1969 4259 _

338 4263 664 4338 ἀνέστησας,
704 4269 915 4341 Σῶτερ,
947 4271 1013 4323 ἐκ
1034 4270 1144 4324 τῶν
1172 4271 1563 4343 καταχθονίων,
1590 4274 1667 4338 ὡς
1695 4273 1793 4346 τῆς
1816 4276 1919 4347 χή-

2027 3173 2271 3232 deiuncti
2300 3176 2543 3233 vincula.
2582 3174 2757 3232 Porro
2782 3176 3060 3241 infernus,
3088 3174 3294 3231 Christi
3325 3175 3614 3246 perculsus

2026 3282 2185 3333 voce,
2216 3283 2403 3325 amare
2429 3268 2717 3338 ingemuit,
2780 3266 3255 3337 succlamavitque
3285 3283 3299 3321 :
3335 3252 3455 3322 Heu
3485 3268 3611 3324 me!

2026 3356 2315 3426 Quaenam,
2343 3366 2398 3416 et
2420 3359 2580 3430 cujus
2611 3374 2715 3415 vox
2753 3359 2871 3425 illa,
2898 3375 3021 3430 qua:
3048 3367 3298 3416 mortuos
3332 3357 3401 3413 ad
3443 3358 3614 3415 vitam

2025 3450 2284 3505 reducit?

2095 3537 2335 3595 Proinde
2412 3530 2694 3611 resurgas,
2727 3537 2852 3596 voci
2899 3536 3166 3593 obediens
3198 3548 3288 3593 :te
3312 3536 3444 3593 foris
3466 3537 3613 3591 ami~

2023 3644 2124 3685 cus
2156 3637 2284 3687 tuus
2302 3630 2567 3698 advocat;
2600 3632 2717 3701 ipse
2745 3637 2832 3688 est
2854 3631 2951 3702 qui
2973 3631 3106 3684 olim
3138 3629 3431 3687 suscitavit
3459 3646 3611 3687 mor-

2023 3727 2168 3775 tuos.
2203 3720 2467 3792 Equidem
2493 3729 2768 3777 mortuum
2787 3722 3245 3789 excitavitElias,
3278 3723 3601 3793 pariterque

2022 3814 2256 3872 Elisaaus
2291 3834 2308 3885 ;
2338 3817 2411 3871 ita
2446 3816 2808 3873 nihilominus
2834 3823 2895 3873 ut
2917 3832 3109 3874 eorum
3148 3817 3266 3889 ipse
3291 3816 3601 3881 ministerio

2023 3908 2343 3979 loqueretur
2374 3923 2440 3963 ac
2462 3916 2803 3977 operaretur.

2094 3997 2289 4063 Tuam,
2321 4013 2355 4053 ο
2382 3997 2617 4053 Verbum
2639 4037 2656 4063 ,
2692 3998 3184 4069 incomparabilem
3225 3998 3606 4054 fortitudinem

2020 4090 2311 4147 laudamus
2347 4106 2360 4143 :
2394 4088 2617 4151 Ossibus
2679 4089 2951 4158 siquidem
2971 4099 3022 4145 et
3062 4092 3257 4156 nervia,
3289 4090 3457 4145 verbo
3485 4099 3602 4157 tuo,

2019 4184 2172 4239 velut
2200 4183 2585 4239 universorum
2633 4179 2815 4249 ﬁctor,
2866 4190 3149 4234 mortuum
3197 4181 3601 4250 compegiati‘:

2021 4260 2297 4344 huncquc,
2329 4270 3091 4339 Salvator,quemadmodum
3136 4270 3312 4326 illium
3346 4270 3519 4328 vidua:
3545 4271 3611 4337 iu

340 4370 440 4423 ρας
463 4356 525 4410 τὸ
559 4359 674 4413 υίδν
701 4359 795 4414 τὸν
815 4360 909 4413 ἐπὶ
930 4360 1031 4431 τῆς
1055 4362 1268 4433 κλίνης.

2050 4371 2163 4427 acto
2180 4363 2476 4434 iacentem,
2495 4364 2565 4418 ab
2582 4361 2816 4420 infernis
2842 4362 3207 4421 resuscitasti.

1037 4453 1213 4517 Δόξα.
1268 4462 1293 4471 “

2718 4453 2928 4510 Gloria.

410 4534 579 4607 Τριάς
604 4539 868 4607 πανατία,
897 4530 1313 4614 Πάτερ’ἄναρχε
1340 4541 1462 4609 Oet,
1494 4544 1796 4617 συνάναρχι
1816 4546 1917 4601 Υίδ

2086 4544 2447 4605 Sanctissima
2494 4543 2776 4609 Trinitas,
2813 4542 2978 4600 Pater
3000 4552 3205 4601 aeterne
3258 4543 3436 4610 Deus,
3490 4544 3651 4601 Fili:

337 4626 433 4680 καὶ
461 4627 591 4682 Θεῖε
638 4630 807 4700 Λόγε,
854 4632 1181 4705 Παράκλητε
1236 4634 1431 4700 ἀγαθὲ,
1477 4636 1704 4708 Πνεῦμα
1758 4637 1916 4709 ἅγιον

2050 4646 2287 4692 oaterne
2310 4642 2365 4692 et
2397 4634 2540 4692 Deus
2589 4633 2832 4692 Verbum
2856 4675 2873 4701 ,
2901 4636 3042 4691 bone
3069 4634 3375 4700 Paraclete,
3401 4644 3599 4693 sancte

334 4715 471 4801 Gem?
492 4732 506 4747 ·
544 4719 608 4773 τὸ
639 4718 699 4773 ἓν
722 4721 817 4775 καὶ
854 4722 1135 4793 τρισήλιον
1182 4725 1338 4794 φάος,
1380 4725 1413 4795 ἡ
1444 4728 1698 4798 συμφυὴς
1733 4728 1914 4801 οὐσία,

2050 4727 2108 4782 »εἰ
2142 4726 2416 4797 Spiritus,
2442 4741 2610 4782 unum
2634 4726 2765 4781 trini
2796 4724 2944 4783 Solis
2964 4725 3149 4783 lumen
3169 4765 3185 4793 ,
3213 4725 3462 4797 ejusdem
3497 4741 3598 4789 na-

332 4796 415 4867 εἷς
448 4805 581 4871 Θεδς
616 4808 715 4862 καὶ
739 4808 968 4881 Κύριος,
1003 4811 1278 4884 οῖκτειρον
1305 4812 1398 4867 τὸν
1422 4796 1665 4885 κόσμον.
1897 4796 1908 4801 ⁷

2050 4833 2152 4873 arae
2183 4796 2512 4886 substantia,
2550 4817 2694 4874 Deus
2721 4833 2867 4881 unus
2900 4825 2958 4874 et
2984 4817 3275 4886 Dominus,
3307 4826 3365 4883 tu
3400 4818 3608 4883 mundi.

2015 4909 2299 4973 miserere.

999 4991 1243 5047 Θεοτόκ.

2646 4999 2715 5054 In
2746 4998 2962 5070 Deipar.

412 5073 471 5127 Ὀ
519 5075 702 5131 πάντα
731 5080 962 5149 ποιήσας
1005 5081 1065 5133 ἐν
1106 5081 1292 5153 σοφίᾳ,
1336 5082 1535 5155 Ίῆσοῦ,
1564 5086 1660 5140 καὶ
1685 5086 1808 5142 ὅλον
1841 5106 1909 5160 με

2084 5091 2187 5159 Qui
2212 5091 2468 5153 universa
2498 5093 2551 5148 in
2586 5094 2877 5157 sapientia,
2902 5107 2936 5147 ο
2962 5090 3114 5156 Jesu,
3144 5091 3368 5155 creasti,
3397 5107 3594 5161 meque

332 5167 570 5255 φορέσας
602 5171 668 5222 ὲκ
720 5171 1023 5240 Παρθένου,
1072 5174 1167 5227 καὶ
1215 5174 1337 5240 ὅλος
1390 5176 1567 5247 μένων
1594 5179 1680 5253 ἀεὶ
1714 5179 1772 5232 ὲν
1798 5183 1913 5244 τοῖς

2050 5191 2185 5236 itum
2214 5199 2279 5238 ex
2308 5181 2530 5254 Virgine
2559 5183 2812 5248 induisti,
2845 5184 3052 5255 quique
3084 5192 3233 5239 totus
3260 5182 3313 5237 iu
3353 5194 3581 5252 paterno

331 5254 551 5345 κόλποις
584 5259 678 5311 τοῦ
706 5261 951 5331 Πατρός·
985 5262 1045 5317 τὸ
1083 5263 1241 5332 ἅγιόν
1275 5282 1367 5319 σου
1397 5268 1643 5336 Πνεῦμα,
1674 5271 1906 5341 Χριστὲ,

2050 5289 2223 5343 amper
2243 5290 2434 5331 inanes
2461 5275 2621 5343 sinu;
2655 5283 2732 5342 tu,
2761 5254 3005 5342 Christe,
3034 5274 3297 5345 Spiritum
3330 5283 3585 5339 sanctum

328 5342 426 5398 ἐπὶ
448 5345 513 5485 :6
539 5348 793 5489 2:019.va
830 5366 948 5419 σου,
985 5355 1350 5426 καταπέμψας
1381 5357 1458 5421 ὡς
1476 5360 1629 5427 Θεὸς,
1652 5362 1906 5418 ἐπισκιά-

330 5446 425 5485 σον
480 5452 534 5489 λα
577 5447 625 5489 c’.
1400 5478 1413 5489 λ

2050 5381 2170 5420 num
2225 5370 2279 5422 in
2329 5376 2480 5422 tuum
2540 5368 2682 5423 ovile
2724 5369 2912 5433 divina
2956 5370 3181 5425 mittens
3232 5369 3585 5443 auctoritate,

2055 5474 2114 5489 no
2143 5459 2401 5489 Λιιηηιιηη.
2431 5469 2476 5489 Α·
2518 5469 2738 5489 ηηηιηιυι

330 5446 425 5485 σον
456 5446 625 5504 apag:

396 5546 424 5583 ¢
464 5544 598 5601 Luc.
642 5564 680 5615 I,
711 5550 802 5617 5i,
825 5551 920 5617 52,
954 5555 1042 5621 78,
1077 5555 1163 5610 79.

2016 5473 2117 5517 nos
2142 5459 2403 5515 obumhra
2429 5469 2483 5515 et
2517 5469 2760 5531 protege.

1260 5567 1285 5596 ο
1317 5556 1475 5614 Joan.
1507 5576 1581 5629 ιι,
1620 5564 1700 5618 i9.
1784 5566 1941 5628 Msa.
1981 5573 2192 5633 “v.2.
2272 5575 2297 5612 ε
2329 5572 2509 5637 Johx,
2550 5573 2629 5627 Il.

1635 5657 1862 5714 \‘ARIJE
1903 5655 2304 5720 LEC'l‘iUNES.

392 5732 436 5764 "
475 5748 560 5810 γρ.
590 5735 943 5802 συνέκλασας.
1020 5740 1064 5771 ¹⁶
1096 5740 1179 5793 ἵσ.
1216 5740 1494 5811 ἔσφιγξας.
