4004 6150
323 320 456 388 1401

1546 331 1873 401 TRIODIA
1911 339 2079 405 MAI.
2122 346 2226 407 HE
2235 349 2348 411 BD.

3442 351 3581 417 1402

210 448 222 453 -
323 433 482 500 ξένην
544 434 941 506 μεταποίησιν,
1001 440 1097 493 καὶ
1158 439 1298 512 ὑπὲρ
1357 441 1522 510 νοῦν,
1580 448 1890 520 οἰκονομίαν

2009 456 2324 513 mirabiliur
2354 466 2576 517 mutatae
2597 458 2644 528 ι,
2680 456 2946 531 majorem
2978 464 3193 519 ratione
3208 461 3569 533 dispensatio.

324 525 518 597 ἔσχονο
553 528 647 580 σοῦ
674 528 730 581 δὲ
776 530 810 598 ὴ
848 529 1032 602 νηδὺς,
1064 532 1471 607 θεογεννήτρια,
1523 538 1682 595 τόκον
1725 543 1897 596 καινί-

324 615 407 681 {et
434 619 639 672 καὼόν.

547 713 718 777 Κα9.,
741 707 842 781 ἧκ.
872 711 944 767 δ’.
990 714 1333 786 Ἐπεφάνης
1373 720 1663 789 σήμερον.

392 799 507 869 Τῆς
531 802 702 871 συκῆς
732 805 793 856 τὸ
826 804 1094 876 ἔγκλημα.
1134 810 1208 880 μὴ
1239 810 1298 863 σὲ
1327 813 1638 886 προφθάσῃ.
1665 813 1781 867 ἀλλ’
1808 815 1900 869 εύο

323 890 566 959 κάρπους
602 893 905 947 σπούδασον
936 897 1163 967 καρδίας
1194 899 1388 963 αῦλαξι
1417 901 1587 972 ψυχὴ,
1620 903 1699 974 τῷ
1740 921 1895 974 ποιη-

324 981 390 1050 τῇ
423 996 517 1033 σου
542 982 762 1054 Χριστῷ
791 985 1039 1054 ἀγαγεῖν,
1081 990 1140 1041 ὲν
1175 991 1434 1062 μετανοίᾳ
1482 992 1631 1064 αὑτῷ
1665 1010 1901 1065 προσκο-

330 1072 584 1139 μίσουσα.

558 1163 695 1235 ᾨδή
720 1172 794 1232 η’.
835 1166 947 1221 Τὸν
970 1169 1039 1222 ἐν
1063 1169 1180 1237 ὄρει
1208 1172 1356 1240 ἁγίῳ
1380 1170 1671 1235 δόξασαν.

393 1247 721 1326 Σωφροσύνη
753 1260 1133 1329 κοσμήσαντες
1176 1263 1269 1316 τὸν
1327 1264 1462 1332 βίον,
1494 1267 1588 1317 καὶ
1636 1264 1897 1335 φρονήσει

324 1341 660 1410 φυλάξαντες
685 1346 784 1417 τὴν
813 1347 1015 1413 πίστιν,
1063 1350 1411 1423 δικαιοσύνης
1452 1353 1692 1423 τρόπους
1738 1370 1897 1424 πορι-

325 1431 546 1502 σώμεθα
572 1476 586 1499 ,
635 1436 721 1489 ἵνα
771 1440 829 1491 ὲν
874 1440 1096 1515 ἀνδρείᾳ
1141 1444 1607 1516 ἀκολουθήσαντες
1649 1443 1893 1516 Χριστῷ,

323 1524 819 1596 συσταυρωθῶμεν,

395 1608 598 1678 Ἀλλην
626 1609 770 1664 Εὔαν
805 1611 984 1682 εὑρὼν
1027 1615 1125 1685 τὴν
1174 1614 1500 1683 Αἰγυπτίαν,
1542 1618 1645 1671 οὐκ
1681 1618 1893 1687 mam;

322 1696 457 1767 πρὸς
492 1699 870 1770 ἀνοσιουργίαν
893 1705 921 1756 6
953 1706 1297 1776 πατριάρχης
1336 1708 1552 1776 Ἰωσὴφ,
1585 1707 1701 1760 ἀλλ’
1730 1707 1892 1776 ἕστη-

2002 562 2122 601 nem
2155 549 2465 605 habuerunt
2489 570 2504 607 :
2531 560 2586 607 at
2618 561 2768 619 tuus,
2793 551 2886 610 Dei
2907 552 3186 622 Genitrix,
3210 568 3409 609 novum
3440 567 3573 624 μετα

2000 644 2116 690 tum
2151 637 2333 693 initiat
2360 647 2569 711 uterus,

2176 729 2357 794 Cat/t.,
2395 749 2485 787 seu
2507 750 2637 789 seu.
2670 743 2781 790 ton.
2804 737 2856 793 4.
2894 735 3200 806 Apparuisti
3224 735 3393 790 hodie.

2067 817 2146 873 Ne
2179 830 2247 885 te,
2281 823 2484 886 anima,
2522 834 2755 895 occupet
2804 826 2941 882 ficus
2976 824 3337 891 crime‘n;sed
3386 825 3566 893 stude,

1997 915 2055 960 ut
2094 910 2261 976 probe
2296 912 2539 975 sulcans,
2591 913 2788 968 fertilia
2820 913 3065 979 Christo,
3095 924 3193 969 tuo
3240 917 3450 971 auctori
3478 923 3573 971 ad—

1999 998 2171 1053 ducas
2199 1000 2390 1065 corda,
2416 1017 2478 1055 ea
2513 1004 2587 1057 illi
2621 1005 2674 1058 in
2699 1007 3021 1075 pmniteutia
3059 1005 3320 1062 offerens.
3632 988 3643 999 I

2112 1178 2223 1234 Ode
2240 1179 2292 1233 8.
2327 1179 2463 1234 Eum
2490 1182 2733 1251 glori/ica
2756 1199 2844 1252 qm
2877 1184 3024 1236 estin
3057 1192 3230 1237 monte
3252 1192 3458 1237 sancto.

2067 1272 2246 1328 Vitam
2277 1277 2529 1330 castitate
2562 1286 2844 1344 ornantes,
2872 1293 2936 1331 ac
2966 1278 3254 1347 prudentia
3285 1286 3568 1333 servantes

1998 1363 2178 1423 ﬁdem.
2211 1363 2392 1432 justos
2441 1380 2825 1435 comparemus
2856 1383 3062 1434 mores,
3096 1377 3153 1423 ut
3175 1368 3457 1425 Christum
3495 1370 3568 1424 vi-

1995 1455 2173 1509 riliter
2202 1468 2517 1528 sequentes,
2540 1450 2674 1513 cum
2704 1476 2769 1515 eo
2804 1462 3213 1533 crnciﬁgamur.

2061 1634 2199 1689 Cum
2229 1634 2430 1706 Ioseph
2467 1637 2800 1706 patriarcha,
2827 1640 2993 1696 Evam
3027 1642 3188 1697 aliam
3210 1684 3226 1709 ,
3254 1640 3566 1713 Egyptian!

1996 1723 2318 1789 invenisset,
2372 1727 2796 1796 haudquaquam
2845 1733 3231 1800 potuitinduci
3266 1734 3330 1786 ad
3364 1734 3569 1803 impro-

322 1804 415 1841 κεν
444 1790 632 1863 ῶσπερ
660 1809 744 1857 τις
767 1794 999 1865 ἀδάμας,
1025 1797 1129 1850 ὑπὸ
1151 1798 1256 1851 τῶν
1286 1798 1473 1852 παθῶν
1507 1798 1582 1871 μὴ
1609 1799 1774 1863 ἁλοὺς
1793 1800 1890 1872 τῆς

2009 1832 2120 1871 ium
2172 1817 2413 1884 facinus;
2450 1790 2551 1874 sed
2588 1821 2742 1874 stetit
2773 1790 2919 1877 veiut
2970 1822 3196 1879 adamas
3223 1790 3468 1893 quidam,
3498 1820 3566 1876 ad

322 1878 615 1949 ἁμαρτίας.

392 1972 712 2042 ΙΙαροδεύων
749 1977 845 2029 τοῦ
874 1976 990 2047 βίου
1041 1980 1143 2041 τὰς
1198 1981 1449 2051 πορείας,
1475 1974 1521 2034 ὧ
1550 1979 1731 2049 Σῶτέρ
1764 1996 1887 2050 μου,

319 2062 613 2127 ὲπείνασας
650 2067 928 2138 βουλήσει,
958 2071 1059 2142 τὴν
1103 2073 1377 2144 σωτηρίαν
1409 2073 1628 2125 πάντων
1665 2072 1891 2141 ἐφιέμε-

319 2171 445 2218 νοςο
495 2155 661 2211 τοῦτο
683 2161 794 2232 γὰρ
834 2162 1094 2230 ὲπείνας,
1143 2164 1244 2235 τὴν
1289 2166 1631 2236 ἐπιστροφὴν
1662 2153 1773 2220 τῶν
1824 2166 1891 2219 ἐκ

320 2245 416 2300 σοῦ
444 2250 891 2316 ἀποσφαλέντων.

401 2338 461 2391 ’0
494 2343 798 2413 προπάτωρ
825 2343 1164 2415 γευσάμενος
1195 2345 1292 2399 τοῦ
1324 2346 1503 2412 ξύλου,
1536 2348 1611 2412 ὡς
1643 2345 1889 2416 ἐγνώσθη

318 2430 527 2497 γυμνὸς
554 2430 649 2483 καὶ
677 2432 1049 2502 ᾐσχυμμένος,
1097 2434 1270 2503 φύλλα
1301 2437 1470 2506 συκῆς
1497 2435 1676 2489 λαϐὼν
1706 2452 1890 2506 περιε-

321 2519 562 2584 ζώσατο·
597 2521 696 2592 τὴν
727 2526 1054 2598 συναγωγὴν
1102 2526 1202 2602 τὴν
1238 2528 1621 2600 γυμνωθεῖσαν
1648 2526 1887 2600 Χριστοῦ

319 2613 699 2681 προδιετύπου.

400 2702 741 2772 Ἐτοιμάζου,
778 2707 948 2777 duxi},
980 2708 1089 2779 πρὸ
1147 2710 1242 2778 τῆς
1296 2709 1514 2775 ἐξόδου·
1566 2710 1888 2782 εὐτρεπίζου

319 2793 456 2864 πρὸς
482 2797 570 2847 τὸν
597 2798 803 2851 ἐκεῖθεν
840 2799 972 2868 βίον,
1015 2799 1109 2853 καὶ
1131 2800 1209 2869 τῷ
1236 2801 1459 2871 Χριστῷ
1492 2802 1684 2855 παθεῖν
1710 2802 1798 2854 διὰ
1831 2803 1891 2854 σὲ

318 2884 624 2948 σπεύδοντι,
651 2886 738 2940 ἵνα
773 2889 832 2941 σὲ
868 2888 1091 2963 δοξάσῃ,
1145 2890 1379 2946 σπεῦσον
1422 2893 1750 2964 συμπαθεῖν,
1795 2895 1890 2947 καὶ

317 2972 499 3036 θανεῖν
528 2978 619 3030 καὶ
643 2979 1042 3050 σταυρωθῆναι.

315 3251 492 3321 πτήξῃ
526 3254 553 3304 ὅ
580 3252 712 3322 ᾅδης
743 3254 1017 3308 συναντῶν
1062 3272 1165 3319 σοι,
1211 3256 1333 3310 κατ’
1370 3256 1632 3309 ἐὐδοκίαν
1667 3255 1806 3326 πρὸς
1829 3254 1890 3308 τὸ

316 3343 488 3407 πάθος
520 3344 823 3411 σπεύδοντι,
864 3347 959 3401 καὶ
988 3348 1128 3418 ὑπὲρ
1156 3348 1378 3415 ἀδίκων,
1408 3349 1552 3424 ὀρῶν
1591 3364 1651 3405 σε
1694 3347 1890 3405 παθεῖν

310 3433 635 3504 ἐληλυθότα.

385 3525 494 3577 Τοῦ
543 3526 794 3599 Λαζάρου
829 3528 933 3602 τὴν
978 3529 1474 3602 ἔγερσινὸρῶντες
1518 3529 1783 3595 Ἰουδαῖοι,
1815 3530 1890 3583 ἱε-

318 3616 432 3687 ρεῖς
471 3617 563 3668 καὶ
615 3615 859 3681 Λευῖται,
907 3621 1248 3690 συνομωσίαν
1282 3620 1465 3691 φθόνῳ
1513 3620 1887 3674 συσκευάσαν-

315 3720 428 3768 τες,
451 3705 587 3774 δόλῳ
607 3706 897 3777 προδοσίας
923 3708 1013 3761 τὸν
1036 3710 1273 3780 Χριστὸν
1299 3708 1910 3784 προύδίδουνείςθάναο,

314 3810 409 3847 τον
443 3796 487 3847 Π
495 3795 677 3867 ιλάτῳ.

395 3884 462 3938 Ἦ
491 3887 668 3956 ἀμνὰς
703 3904 796 3941 σου
844 3890 942 3941 καὶ
981 3887 1141 3959 δούλη
1180 3890 1274 3943 καὶ
1321 3888 1613 3961 παρθένος,
1660 3888 1796 3960 πρὸς
1828 3889 1888 3942 τὸ

314 3974 485 4038 πάθος
511 3978 771 4049 ὁρμῶντά
803 3996 863 4033 σε
883 3979 1084 4050 ὁρῶσα,
1116 3983 1213 4034 καὶ
1243 3980 1341 4052 τὴν
1367 3981 1547 4052 ψυχὴν
1572 3982 1709 4053 ὑπὲρ
1732 3982 1887 4052 ἡμῶν

315 4066 671 4137 προθέμενον,
707 4068 799 4122 τὸν
831 4071 995 4124 καλὸν
1024 4072 1281 4142 ποιμένα,
1327 4072 1656 4142 σπλάγχνοις
1693 4088 1887 4144 μητρι-

314 4160 431 4220 κοίς
471 4159 563 4212 ἐπὶ
596 4160 680 4212 σοι
710 4161 1112 4230 προσωῖυνᾶτο.
1321 4220 1329 4227 _
1740 4166 1747 4170 ’

1023 4254 1196 4319 Δόξα.

396 4342 484 4405 Ὡς
516 4345 720 4414 μονάδα
763 4348 828 4415 τῇ
870 4345 1029 4416 οὐσίᾳ
1068 4346 1221 4416 ὑμνῶ
1253 4363 1350 4400 σε·
1402 4348 1478 4411 ὡς
1521 4349 1728 4418 Τριάδα
1776 4350 1885 4411 τοῖς

1990 1907 2217 1961 vitiosas
2247 1908 2820 1966 aﬂ'eetionesinvictus
2850 1920 2911 1966 ω.

2065 1997 2200 2053 Vitae
2226 1998 2388 2067 hujus
2450 2000 2650 2055 itinera
2713 2016 3059 2073 peragens,o
3091 2001 3339 2057 Salvator
3386 2017 3564 2067 meus,

1990 2091 2216 2146 esuriSIi
2246 2093 2544 2156 voluntate,
2600 2093 2926 2149 desiderans
2978 2094 3363 2150 universorum
3414 2096 3566 2149 salu—

1992 2189 2098 2235 tem
2125 2200 2138 2236 :
2164 2183 2279 2236 lure
2303 2183 2505 2253 quippe
2542 2192 2633 2237 tua
2665 2191 2786 2238 erat
2815 2184 2986 2241 fames
3013 2201 3028 2251 ;
3056 2199 3247 2240 eorum
3278 2185 3568 2240 conversio

1991 2276 2081 2344 qni
2115 2290 2142 2326 a
2171 2282 2223 2329 te
2248 2276 2660 2347 aberrassontn.

2060 2363 2277 2419 Primus
2309 2382 2525 2435 parens,
2552 2376 2610 2420 ut
2642 2367 2788 2437 ligno
2820 2375 3063 2437 gustato,
3095 2382 3154 2423 se
3177 2368 3434 2438 cognovit
3462 2384 3567 2422 nu-

1990 2453 2120 2508 dum
2170 2469 2232 2510 ac
2254 2456 2577 2511 erubescere
2628 2457 2819 2527 cmpit,
2878 2458 3118 2527 acceptis
3175 2457 3324 2512 foliis
3401 2458 3562 2520 ficus,

1990 2542 2231 2612 seipsum
2259 2543 2608 2614 succingcns,
2642 2544 2984 2616 Synagogam
3046 2545 3302 2599 nudatam
3341 2545 3565 2602 Christo

1993 2636 2365 2704 pra‘iiguravit
2383 2645 2425 2690 °.

2062 2726 2138 2782 Te
2172 2735 2242 2788 te,
2278 2728 2482 2789 anima,
2531 2744 2778 2800 praepara
2834 2736 2962 2783 ante
3023 2727 3271 2794 exitum;
3329 2727 3561 2797 teipsam

1990 2831 2247 2885 cennpara
2272 2818 2335 2872 ad
2369 2819 2534 2871 vitam
2586 2819 2734 2872 illam
2796 2818 2964 2874 futuri
3012 2820 3135 2884 aevi,
3185 2833 3249 2872 ac
3291 2833 3395 2871 una
3437 2833 3561 2871 cum

1989 2906 2234 2973 Christo,
2271 2907 2337 2961 ad
2377 2909 2686 2977 passionem
2744 2924 2840 2979 pro
2866 2918 2918 2965 te
2966 2894 3328 2979 properante,
3367 2916 3425 2961 ut
3449 2908 3564 2978 glo-

1993 3000 2128 3053 riam
2187 3007 2362 3070 paret,
2421 2999 2686 3055 contende
2734 3001 2869 3071 pati,
2917 3000 3207 3070 morique,
3263 3014 3330 3056 ac
3377 2998 3562 3055 cruci-

386 3158 511 3222 Πῶς
549 3159 622 3231 μὴ
657 3158 822 3233 φρίξῃ
853 3162 882 3216 6
934 3161 1182 3227 θάνατος,
1225 3163 1410 3235 Σῶτέρ
1463 3180 1601 3234 μουο
1638 3164 1755 3227 πῶς
1814 3165 1888 3235 μὴ
1993 3087 2103 3235 ῆεδ

2060 3178 2164 3244 Qui
2198 3194 2303 3233 non
2329 3179 2603 3234 horruerit
2631 3193 2799 3240 mors,
2828 3193 2861 3233 ο
2884 3178 3181 3234 Salvator?
3206 3176 3296 3249 qui
3327 3192 3433 3232 non
3464 3192 3562 3233 oc-

1989 3282 2222 3324 currens
2248 3267 2518 3327 infernus.
2558 3267 2754 3323 festino
2787 3268 2851 3322 ad
2880 3268 3186 3337 passionem
3206 3269 3361 3338 juxta
3391 3269 3561 3324 bene-

1988 3360 2253 3430 placitum
2288 3361 2632 3422 accurrenti,
2662 3360 2979 3428 expaverit;
3011 3376 3076 3415 ac
3103 3359 3291 3416 videns
3317 3368 3562 3426 euntem,

1991 3458 2049 3504 ut
2080 3465 2178 3518 pro
2208 3449 2411 3519 iniquis
2436 3449 2689 3527 moriaris
2718 3467 2733 3515 ;

2063 3542 2134 3598 Ut
2181 3541 2374 3607 Judaei,
2420 3542 2846 3611 sacerdotesque
2892 3548 2949 3596 et
2974 3540 3240 3605 -Levitze,
3307 3541 3563 3597 viderunt

1989 3635 2256 3689 Lazarum
2289 3634 2617 3689 suscitatum
2643 3643 2694 3693 Ρ,
2724 3632 2893 3686 livido
2919 3632 3104 3687 animo
3126 3632 3560 3701 coniurationem

1990 3723 2658 3795 fecerunt,Christumque
2680 3723 2804 3778 dolo
2829 3722 3119 3784 traditum,
3145 3721 3318 3776 Pilato
3342 3722 3395 3775 in
3416 3736 3563 3776 mor-

1986 3823 2096 3872 tem
2132 3816 2500 3870 tradiderunt.

2057 3907 2170 3962 Tua
2206 3907 2295 3960 illa
2322 3921 2481 3977 agna,
2509 3906 2819 3975 aneillaque
2844 3917 2895 3962 et
2916 3907 3091 3978 virgo,
3110 3907 3300 3962 videns
3319 3906 3385 3962 ad
3411 3921 3562 3961 mor-

1988 4006 2095 4052 tem
2153 3996 2575 4050 contendentem
2627 3995 2908 4065 Pastorem
2968 3998 3197 4061 bonum,
3243 4013 3343 4067 pro
3397 3997 3558 4053 nobis

1986 4084 2295 4156 positurum
2323 4083 2623 4151 animanm,
2651 4085 2918 4141 maternis
2941 4086 3248 4142 visceribus
3263 4085 3560 4143 condolens

1986 4178 2360 4234 cruciabatur.

2689 4269 2892 4324 Gloria.
3416 4328 3421 4331 ν

2060 4359 2246 4413 [.ando
2279 4364 2377 4424 te,‘
2401 4369 2458 4415 ut
2491 4361 2727 4415 essentia
2792 4361 3054 4415 unitatem
3081 4378 3096 4427 ;
3130 4360 3271 4425 colo,
3333 4366 3395 4415 ut
3442 4358 3563 4416 Tri-

314 4434 629 4507 προσώποις
678 4453 737 4489 σε
790 4436 971 4503 σέϐω,
1014 4439 1219 4507 Πάτερ,
1276 4439 1393 4502 Υἱὲ,
1440 4440 1535 4492 καὶ
1574 4440 1797 4510 Πνεῦμα
1829 4440 1889 4494 τὸ

2012 4455 2214 4507 nitatem
2237 4453 2507 4523 pel-senis,
2535 4454 2716 4516 Pater,
2746 4451 2872 4516 Fili,
2904 4468 2969 4507 ac
2998 4452 3349 4509 sanctissime
3384 4450 3562 4522 Spiri-

313 4529 579 4597 πανάγιον
605 4546 619 4560 ·
681 4530 923 4601 ἄναρχον
962 4532 1024 4585 τὸ
1066 4532 1266 4603 κράτος
1317 4533 1415 4603 τῆς
1460 4533 1557 4603 σῆς
1610 4532 1888 4603 βασιλείας

314 4619 524 4686 δοξάζω
553 4623 633 4685 είς
659 4622 882 4686 αἰῶνας.

981 4716 1220 4771 Θεοτόκ.

381 4804 636 4856 Δυσωπεῖ
662 4821 741 4861 σε.
773 4806 998 4877 Χριστὲ,
1022 4807 1057 4878 ἡ
1081 4805 1341 4869 Θεοτόκος
1362 4823 1377 4836 ·
1403 4805 1633 4861 ἱκετεύει
1658 4805 1767 4858 τῶν
1786 4823 1889 4876 μα-

313 4890 491 4963 θητῶν
516 4894 721 4964 δῆμος·
749 4896 847 4968 τὴν
888 4895 985 4968 σὴν
1021 4897 1243 4968 εἰρήνην
1283 4895 1526 4967 δώρησαι
1567 4896 1646 4969 τῷ
1696 4898 1887 4967 κόσμῳ

162 4994 209 5014 ’θ
312 5000 428 5046 σου,
483 4987 577 5038 καὶ
621 4985 749 5048 τοὺς
793 4987 1109 5058 οἰκτιρμούς
1165 5005 1292 5054 σου,
1342 4980 1886 5058 χάρισαι.πλουσίως

307 5077 443 5143 ἡμῖν
469 5079 548 5138 εἰς
592 5078 720 5140 τοὺς
757 5078 980 5140 αἰῶνας.

321 5169 455 5241 ᾨδή
501 5173 569 5225 θ’.
617 5171 966 5241 Ἀλλὸτριον
1004 5172 1122 5231 τῶν
1163 5172 1435 5242 μητέρων
1474 5175 1511 5241 ἡ
1573 5177 1881 5243 παρθενίη.

392 5258 701 5329 ’Δλλότριον
765 5261 877 5317 τῶν
940 5262 1192 5333 ἀσέμνων
1255 5266 1288 5333 ἡ
1354 5265 1716 5337 σωφροσύνηο
1788 5267 1881 5318 καὶ

308 5349 460 5416 ξένον
495 5353 609 5414 τοῖς
649 5352 880 5417 δικαίοις
930 5356 964 5423 ἡ
1011 5355 1233 5424 ἀνομία.
1274 5357 1473 5426 Ἰωσὴφ
1515 5357 1572 5411 δὲ
1622 5358 1650 5409 6
1683 5357 1877 5427 μέγας,

307 5440 550 5508 ἐξέκλινε
604 5443 704 5514 τὴν
760 5445 1055 5516 ἁμαρτίαν,
1092 5447 1185 5500 καὶ
1240 5448 1597 5519 σωφροσύνην
1635 5448 1880 5519 ἐχρημά-

305 5547 487 5586 τισενο
522 5532 684 5588 εἰκὼν
716 5536 809 5590 καὶ
832 5535 1003 5601 τύπος
1032 5539 1199 5603 ὅντως
1232 5539 1488 5609 Χριστοῦ.

384 5640 405 5683 ι
434 5643 611 5699 Exod.
644 5663 722 5710 Iv,
748 5649 814 5711 5;
840 5648 998 5706 Num.
1032 5668 1145 5705 xvtl
1166 5691 1180 5711 .
1211 5654 1265 5711 8.

305 5726 387 5780 ιι,
447 5713 515 5768 47
548 5731 701 5790 seqq.
796 5727 825 5769 ει
861 5718 998 5774 Joan
1038 5737 1090 5786 κ,
1125 5713 1209 5778 ﬂ.
1289 5733 1311 5763 ν
1355 5724 1488 5779 Gen.
1516 5741 1702 5789 xxxix,
1739 5713 1790 5782 8.

1362 5663 1401 5739 ξ
1441 5653 1576 5709 σου·
1612 5657 1840 5739 κκκιξιδ
1906 5682 2060 5739 seqq.
2142 5667 2355 5724 llJoan.
2409 5685 2479 5734 Iv,
2540 5662 2603 5721 7.
2660 5676 2681 5697 °

1985 4554 2105 4610 tus;
2157 4554 2421 4601 aeternum
2487 4544 2637 4614 regni
2668 4545 2747 4598 tui
2781 4544 2846 4597 irr
2860 4544 3070 4614 perium
3104 4543 3353 4613 gloritieo
3380 4543 3434 4597 in
3462 4557 3564 4599 sa:-

1988 4637 2130 4693 Cuia.

2622 4727 2685 4783 In
2720 4726 2934 4797 Deipar.

2060 4820 2156 4885 Te,
2194 4821 2439 4888 Christe,
2499 4819 2726 4892 Deipara
2759 4830 2917 4888 orat;
2954 4820 3229 4890 supplicat
3261 4817 3562 4888 discipulo-

1994 4928 2112 4966 rum
2141 4913 2376 4982 populus
2408 4930 2420 4964 :
2454 4920 2597 4965 lnam
2621 4911 2826 4967 utuntlo
2855 4920 2953 4965 tuo
2974 4912 3118 4965 dona
3144 4924 3367 4980 pacem;
3395 4909 3561 4964 misc-

1993 5004 2348 5073 rationesque
2409 5005 2531 5059 illas
2582 5015 2704 5058 tuas
2754 5004 2971 5060 abunde
3033 5002 3195 5059 nobis
3242 5003 3297 5057 in
3359 5001 3561 5058 saecula

1993 5096 2210 5166 largire.

2234 5184 2344 5241 Ode
2366 5184 2419 5239 9.
2457 5184 2751 5257 Virginitas
2774 5202 2806 5238 a
2839 5185 3315 5240 matribusalwna.

2058 5275 2245 5331 Aliena
2269 5276 2668 5330 abinhonestis
2715 5276 3099 5346 turpibusque,
3155 5273 3417 5338 castitas;
3478 5270 3563 5339 jlt-

1991 5366 2226 5434 stisque.
2253 5367 2535 5436 peregrina
2561 5366 2843 5437 iniquitas.
2869 5367 3044 5421 Porro
3087 5381 3318 5438 magnus
3346 5363 3435 5418 ille
3465 5360 3561 5416 Jo-

1988 5460 2142 5529 scph,
2178 5460 2348 5515 vitato
2369 5470 2615 5530 peccato,
2651 5444 2924 5517 castitatis
2972 5459 3194 5531 collegit
3250 5455 3558 5522 divitias';

1988 5552 2192 5608 Clu-isti
2216 5567 2404 5607 revera
2429 5552 2606 5623 imago
2635 5560 2688 5607 et
2714 5552 2902 5624 ﬁgura.
3468 5540 3471 5541 ν

2873 5666 3011 5723 Gen.
3068 5682 3153 5734 ιιι,
3197 5666 3249 5722 7.
3324 5674 3352 5717 ι’
3391 5662 3544 5720 Joan-
