4004 6150
535 199 672 270 1383

1680 201 1742 264 S.
1769 202 1868 262 AN
1878 202 2104 262 DREx‘E
2135 201 2564 264 CRETENSIS

3593 211 3685 280 138i

608 311 864 370 Christus
891 308 1274 382 paralyticum,
1308 309 1449 366 lecto
1482 309 1696 366 sublato
1724 311 2120 376 ambulantem,

2298 310 2617 382 Παράλυτον
2650 309 2841 380 ἧγειρε
2885 307 3120 380 Χριστδς
3162 311 3258 382 τὴν
3305 311 3474 385 κλίνην
3515 314 3684 387 ἄραντα.

534 407 712 462 erexit
736 413 757 435 ⁶
777 445 793 471 ,
831 412 1220 472 mortuumque
1255 401 1657 458 adolescentem
1681 444 1698 471 ,
1725 403 1906 458 viduae
1927 404 2122 470 lilium,

536 492 902 552 exsuscitavit
934 492 997 559 1t;
1051 508 1151 548 nec
1185 509 1295 547 non
1330 508 1558 563 puerum
1599 495 1940 550 centurionis
1969 505 2028 560 0;
2061 509 2126 548 ac

535 602 596 641 se
624 585 985 640 Samaritana:
1019 584 1280 652 prodens,
1322 585 1698 640 adorationem
1732 586 1830 642 tibi
1866 586 1920 641 in
1959 586 2127 656 spiri-

535 688 614 743 tu,
647 692 680 732 ο
709 679 916 742 anima,
953 675 1286 731 deformavit
1310 674 1363 729 ά.

606 791 836 847 Sanavit
869 790 1138 845 Dominus
1185 789 1415 846 fimbriae
1451 798 1605 846 tactu
1650 791 1919 860 sanguine
1949 791 2126 846 ﬂuen-

533 891 642 938 tem
673 892 736 948 ος
772 880 1065 935 mundavit
1111 881 1400 950 leprosos;
1451 894 1631 934 caecos
1666 891 1719 934 ct
1745 880 1969 936 claudos
2005 881 2126 934 illu-

533 971 750 1025 minans
810 969 1037 1024 erexit:
1103 969 1307 1025 surdos
1369 967 1610 1036 denique
1663 976 1719 1023 et
1763 980 1942 1022 mutos
1980 965 2025 1034 ι,
2061 982 2127 1022 ac

535 1061 822 1116 mulierem
855 1059 1118 1116 deorsum
1151 1059 1500 1122 inclinatam,
1537 1074 1794 1114 sermone
1816 1059 2121 1114 curavit‘:

536 1161 594 1207 ιιι
627 1161 706 1216 ιιι,
735 1151 934 1206 misera
959 1152 1165 1214 anima,
1207 1150 1438 1204 salutem
1461 1150 1840 1220 consequaris.

605 1241 829 1297 Morbos
889 1257 1096 1296 curans
1147 1241 1406 1296 Christus
1469 1239 1735 1305 Verbum,
1792 1241 2125 1311 pauperibus

531 1335 974 1404 evangelizavit;
1024 1333 1257 1388 claudos
1292 1333 1540 1400 curavit;
1577 1332 1820 1388 comedit
1861 1347 1988 1387 cum
2021 1347 2125 1402 pu-

537 1428 808 1493 blicanis;
839 1442 963 1480 cum
999 1425 1384 1496 peccatoribus
1407 1425 1866 1480 consuetudinem
1891 1425 2078 1479 habuit
2106 1441 2120 1478 :

537 1526 608 1572 tat
631 1527 687 1571 tu
720 1532 917 1572 manus
950 1518 1191 1571 animam
1223 1516 1346 1572 lilia
1367 1515 1504 1571 Jairi
1539 1532 1662 1588 qure
1690 1516 1805 1586 jam
1833 1516 2124 1588 migrasset

534 1622 790 1678 corpore,
823 1609 1043 1662 reduxit
1069 1605 1119 1660 h.

604 1721 941 1776 Publicanus
968 1721 1154 1776 salvus
1171 1720 1472 1776 evadebatl
1501 1727 1590 1785 ;et
1613 1721 1868 1774 meretrix
1891 1726 2074 1778 castal
2101 1745 2117 1794 ς
2163 1771 2174 1779 .

533 1821 592 1866 at
632 1811 944 1868 l’liarisaeus
991 1813 1337 1882 superbiens,
1370 1819 1582 1864 reatum
1615 1811 1937 1866 incurrebat
1964 1831 1976 1866 :
2010 1816 2124 1885 pri-

535 1917 663 1958 mus
697 1903 973 1971 siquidem
1011 1903 1102 1956 ille
1124 1903 1361 1964 dicebat,
1403 1919 1422 1952 ι
1462 1901 1746 1956 Εειοίιιὶιιί
1781 1905 2115 1974 ριόρίιίιιε;ι

537 1993 631 2047 illa
665 2008 796 2048 vero
830 2010 844 2045 :
880 2010 898 2044 ι
940 1991 1202 2047 Miserere
1230 1991 1371 2056 mei;
1407 2009 1427 2043 ι
1467 1993 1666 2046 tertius
1697 1991 1938 2062 denique
1975 1995 2120 2052 fastu

535 2085 778 2156 glorians
821 2085 1093 2138 clamabat
1120 2101 1133 2137 :
1169 2100 1188 2134 ι
1221 2080 1442 2137 Gratias
1467 2098 1568 2152 ago
1591 2084 1708 2148 tibi,
1741 2082 1922 2153 Deus;
1951 2086 1966 2137 i
2001 2106 2022 2140 ι
2066 2097 2122 2142 et

534 2191 656 2246 qua:
684 2175 946 2243 deinceps
968 2181 1272 2242 sequuntur
1297 2176 1613 2242 arrogantia
1648 2163 1836 2230 verba.

606 2265 929 2326 Zacchzens.
949 2279 1268 2335 quanquam
1298 2265 1624 2332 publicanus
1642 2265 1690 2329 κ,
1716 2266 1904 2320 salvus
1923 2267 2123 2322 nihilo-

535 2359 720 2412 minus
752 2354 1096 2410 eiﬁciebatur
1134 2373 1148 2408 :
1189 2353 1494 2424 Simonque
1543 2353 1859 2410 Pharisznus
1896 2355 2122 2412 falleba-

506 2456 628 2504 ⁷ιιιι-
665 2445 710 2513 ι,
761 2449 1058 2502 meretrice
1099 2447 1319 2502 interim
1354 2447 1736 2502 remissionem
1782 2448 1852 2502 ab
1878 2463 1944 2503 eo
1972 2450 2122 2503 obti-

534 2547 721 2603 ncnte,
765 2557 786 2591 ι
824 2539 918 2608 qui
947 2547 1276 2606 potestatem
1313 2539 1482 2594 habet
1518 2539 1573 2593 in
1607 2541 2122 2616 terraﬁimittendi

534 2641 758 2702 peccata
782 2640 824 2668 ιιι
852 2646 868 2696 ;
903 2648 922 2681 ι
965 2645 1128 2700 quem
1163 2630 1262 2684 tibi
1295 2629 1436 2700 ipsa,
1469 2645 1503 2686 ο
1545 2631 1752 2697 anima,
1797 2632 1965 2688 redde
1997 2649 2124 2704 pro-

535 2721 751 2792 pitium.

606 2831 728 2886 Non
773 2846 834 2886 cs
875 2827 1178 2898 imitata,‘o
1211 2832 1415 2888 misera
1449 2834 1655 2902 anima,
1689 2836 2033 2892 meretricem
2059 2837 2126 2892 il-

537 2923 644 2977 lam
679 2937 822 2994 qute,
860 2933 1088 2992 accepto
1109 2925 1386 2978 alabastro
1425 2927 1710 2994 unguenti,
1740 2927 1996 2999 lacrymis
2019 2944 2122 2983 un-

2225 406 2319 458 καὶ
2340 403 2623 458 νεανίσκον
2646 399 2878 454 θανέντα
2905 399 3170 473 διήγειρε,
3205 402 3300 472 τῆς
3333 406 3489 476 χήρας
3518 409 3567 460 τὸ
3600 411 3689 482 κύη.

2229 512 2306 566 μα
2326 509 2340 524 ο
2375 494 2472 548 καὶ
2515 492 2609 547 τοῦ
2631 491 3038 564 ἑκατοντάρχου
3057 507 3071 522 ·
3099 495 3193 546 καὶ
3209 495 3522 566 Σαμαρείτιδι
3545 501 3688 568 φανεὶς,

2224 586 2324 657 τὴν
2362 588 2420 640 ἐν
2444 583 2720 656 πνεύματι
2750 582 3012 652 λατρείαν
3059 599 3169 649 σοι,
3213 583 3371 656 ψυχὴ,
3424 588 3689 658 προεζωγρά.

2227 691 2421 746 φησεν.
2657 682 2664 690 ’

2295 789 2612 860 Αἱμόρρουν
2657 785 2847 840 ίάσατο
2877 785 2993 856 ἁφῇ
3042 785 3345 858 κρασπέδου
3399 787 3602 860 Κύριος·
3635 791 3694 844 λε.

2225 881 2398 952 προὺς
2449 879 2659 951 καθῆρε
2689 894 2704 908 ο
2750 877 2986 946 τυφλοὺς
3031 879 3127 931 καὶ
3174 877 3482 948 χωλεύοντας
3525 881 3694 949 φωτίσσς

2226 971 2527 1044 άνώρθωσε
2565 987 2580 1000 ο
2623 970 2842 1036 κωφούς
2869 984 2930 1022 τε
2963 970 3061 1022 καὶ
3098 969 3343 1032 ἀλάλους,
3383 971 3466 1023 καὶ
3494 970 3572 1040 τὴν
3609 988 3696 1040 συγ-

2226 1064 2540 1118 κύπτουσαν
2568 1061 2765 1133 χαμαὶ,
2799 1059 3136 1129 ἐθεράπευσε
3167 1060 3243 1131 τῷ
3268 1060 3422 1132 λόγῳ,
3469 1063 3542 1114 ἵνα
3563 1065 3612 1116 σὺ
3630 1079 3697 1114 ευ-

2227 1157 2350 1228 θῇς,
2383 1154 2544 1209 ἀθλία
2567 1153 2740 1224 ψυχή.

2217 1303 2220 1312 ,
2297 1248 2409 1312 Τὰς
2437 1248 2627 1310 νόσους
2660 1244 2914 1315 ἰώμενος,
2963 1245 3204 1315 πτωχοῖς
3245 1245 3585 1317 εὐηγγελίζετο
3615 1246 3702 1316 Χρι-

2228 1337 2350 1402 στδς
2383 1339 2412 1391 ό
2437 1337 2643 1404 Λόγοςο
2677 1334 2906 1398 κυλλοὺς
2938 1334 3279 1406 ἐθεράπευσε
3302 1353 3314 1365 ·
3344 1335 3572 1397 τελώναις
3618 1351 3704 1386 συν-

2225 1430 2448 1503 ήσθιενο
2481 1429 2828 1498 ἁμαρτωλοῖς
2865 1427 3064 1499 ὡμίλει
3084 1442 3098 1456 ⁸
3152 1429 3249 1498 τῆς
3279 1427 3488 1499 Ἰαείρου
3514 1427 3706 1498 θυγατρός

2225 1524 2326 1596 τὴν
2357 1523 2536 1595 ψυχὴν
2569 1523 3031 1594 προμεταστᾶσαν
3060 1522 3173 1592 ἀφῇ
3222 1521 3315 1592 τῆς
3340 1521 3522 1593 χειρός.

2295 1712 2546 1796 Τελῶνης
2594 1724 2851 1788 ἐσώζετο,
2908 1722 3005 1777 καὶ
3062 1723 3240 1794 πόρνη
3287 1719 3602 1793 ἐσωφρόνιζε,
3646 1719 3714 1772 καὶ

2221 1817 2515 1887 Φαρισαῖος
2529 1815 2712 1888 αὐχῶν
2747 1814 3130 1885 κατεκρίνετο·
3171 1815 3199 1866 ό
3227 1815 3322 1884 μὲν
3351 1813 3470 1886 γὰρ.
3503 1811 3716 1878 illisit;-

2222 1925 2304 1974 τι,
2350 1927 2368 1960 ι
2398 1909 2431 1977 ἡ
2472 1907 2551 1972 δέ,
2597 1927 2615 1960 ι
2669 1907 2923 1973 Ἐλέησόν
2949 1923 3019 1977 με
3051 1923 3066 1939 ο
3102 1924 3123 1959 ι
3157 1907 3186 1959 ό
3213 1905 3289 1970 δέ,
3321 1901 3568 1976 ἐκόμπαζε
3589 1902 3714 1972 βοῶν·

2227 2017 2247 2052 ι
2293 1999 2352 2054 ’0
2385 1998 2540 2066 Θεὸς,
2570 1997 2879 2070 εὐχαριστῶ
2917 2013 3001 2050 σοι
3034 2012 3050 2028 ·
3089 2015 3109 2050 ι
3156 1997 3250 2050 καὶ
3281 1995 3403 2065 ἐξῆς
3445 1995 3506 2048 τὰ
3545 1992 3624 2060 τῆς
3649 1992 3716 2043 ἀν-

2222 2091 2339 2155 οίας
2366 2091 2526 2162 ῥητά.

2297 2267 2565 2336 Ζακχαῖος
2595 2262 2832 2334 τελώνης
2853 2257 2943 2334 ἦν,
2976 2261 3092 2316 ἀλλ’
3127 2263 3280 2334 ὅμως
3318 2258 3604 2324 διεσώζετο’
3653 2251 3720 2306 ui

2221 2361 2516 2430 Φαρισαῖος
2535 2359 2562 2411 ό
2593 2353 2784 2426 Σιμὼν
2815 2354 3139 2424 ἐσφάλλετο,
3181 2355 3275 2407 καὶ
3303 2353 3464 2424 πόρνη
3511 2345 3719 2416 ἐλάμϐανε

2220 2451 2320 2512 τὰς
2367 2448 2672 2519 ἀφεσίμους
2723 2445 2928 2510 λύσεις,
2991 2446 3155 2518 παρὰ
3211 2464 3230 2497 ι
3264 2444 3353 2498 τοῦ
3399 2445 3588 2514 ἔχοντος
3608 2437 3720 2508 ἰσχὺν

2222 2543 2442 2613 ἀφιέναι
2471 2539 2748 2610 ἁμαρτίας
2789 2555 2804 2571 ο
2845 2557 2864 2590 ι
2893 2537 2974 2604 δν,
3003 2537 3182 2610 ψυχὴ,
3215 2538 3380 2608 σαυτῇ
3413 2535 3618 2588 ἱλέωσαι.

2295 2829 2404 2900 Τὴν
2429 2827 2658 2895 πόρνην,
2683 2820 2728 2880 ὧ
2755 2824 2985 2880 τάλαινα
3011 2783 3161 2895 (ξιυχή
3198 2839 3320 2894 μου,
3353 2822 3446 2876 οὐκ
3477 2817 3724 2889 ﬁniam?

2222 2922 2257 2992 ἦ
2287 2939 2370 2985 τις
2409 2919 2649 2972 λαϐοῦσα
2695 2916 2866 2988 μύρου
2917 2916 2979 2969 τὸ
3025 2915 3372 2984 ἀλάϐαστρον
3408 2913 3496 2966 σὺν
3524 2911 3728 2975 δάκρυσιν

537 3017 616 3071 xit
653 3018 971 3071 Dontinicos
1003 3016 1192 3085 pedes,
1227 3027 1282 3070 et
1325 3016 1557 3071 extersit
1595 2996 2010 3088 capillis;vejus
2037 3021 2122 3074 ni-

2225 3011 2416 3082 ἧλειψε
2476 3007 2604 3070 τοὺς
2647 3007 2814 3068 πόδας
2872 3003 2968 3058 τοῦ
3017 3003 3254 3074 Κυρίου,
3308 3001 3520 3073 ἐξὲμαξε
3562 2998 3609 3051 δὲ
3641 2996 3731 3053 ταῖς

535 3110 764 3169 mirum.
796 3109 892 3178 qui
928 3119 1174 3164 veterum
1213 3109 1294 3162 illi
1351 3109 1648 3164 criminum
1687 3111 2124 3183 chirographum

489 3248 501 3257 .
535 3198 870 3254 discidisset.

607 3289 784 3355 Nosti,
823 3304 857 3343 ο
888 3289 1073 3344 anima
1109 3304 1252 3352 mea,
1289 3296 1350 3344 ut
1398 3292 1562 3348 urbes
1611 3291 1819 3361 quibus
1865 3291 2124 3347 Christus

537 3379 893 3452 Evangelium
929 3381 1272 3450 praedicavit,
1305 3381 1512 3435 fuerint
1545 3383 1853 3436 maledicta:
1883 3390 1949 3448 τις
1993 3383 2127 3438 time

534 3472 877 3540 exemplum,
938 3478 998 3524 ut
1047 3485 1117 3526 ne
1169 3473 1366 3526 similis
1416 3473 1662 3527 evaseris
1708 3490 1724 3526 :
1767 3475 1888 3528 urbi
1952 3473 2124 3542 siqui-

535 3565 660 3619 dem
695 3565 1056 3619 Sodomorum
1093 3564 1387 3620 conferens
1415 3579 1511 3618 eas
1533 3565 1820 3631 Dominus,
1845 3567 1915 3622 ad
1947 3580 2124 3636 usque

535 3653 813 3710 infernum
845 3653 1146 3706 damnavit.

606 3745 706 3810 Ne,
729 3760 763 3799 ο
789 3745 970 3798 anima
1004 3759 1146 3808 mea,
1169 3742 1558 3812 desperatione
1585 3745 1826 3801 deterior
1843 3747 1971 3813 llas;
1999 3761 2123 3816 qua

535 3835 862 3891 Chanatnea:
913 3836 1074 3890 [Idem
1105 3835 1370 3900 audieris,
1422 3853 1530 3907 qua
1583 3837 1776 3901 ﬁliam,
1807 3839 1898 3894 Dei
1949 3839 2121 3895 verbo

537 3929 753 3982 sanavit
787 3943 802 3980 :
839 3928 1022 3981 Clama
1049 3942 1112 3980 cx
1141 3928 1251 3981 imo
1283 3928 1472 3993 corde,
1519 3929 1665 3982 sicut
1708 3929 1802 3983 illa
1845 3930 2071 3990 Christo
2103 3954 2116 3989 :

541 4037 561 4071 ι
605 4019 766 4073 Salva
799 4033 886 4073 me
916 4033 1160 4089 quoque,
1195 4015 1297 4072 Fili
1329 4019 1504 4074 David
1534 4025 1581 4072 ο.
1634 4037 1652 4070 ι

609 4219 904 4282 Miserere;
953 4219 1103 4273 salva
1143 4233 1265 4285 me,
1314 4217 1416 4273 Fili
1477 4219 1664 4287 David,
1713 4221 1998 4288 miserere,
2025 4225 2120 4295 qui

535 4315 703 4368 verbo
738 4312 948 4368 sanusﬁ
984 4317 1211 4365 vexatos
1255 4325 1284 4364 a
1321 4313 1572 4366 daemone
1615 4311 2022 4370 Misericordem
2053 4316 2118 4370 il-

537 4409 664 4470 lam,
721 4406 868 4460 velut
919 4404 1048 4457 olim
1103 4403 1326 4466 latroni,
1391 4403 1522 4457 mihi
1591 4405 1816 4476 loquere
1868 4423 2055 4462 vocem
2102 4425 2115 4462 :

2225 3102 2391 3173 θριξὶ,
2440 3099 2550 3154 τῶν
2608 3097 2852 3168 ἀρχαίων
2883 3095 3276 3165 εέγκλημάτων
3335 3095 3396 3148 τὸ
3436 3092 3732 3164 χειρόγραφον

2227 3193 2526 3265 ῥηγνύντος
2555 3194 2716 3261 αὐτῇ.

2295 3285 2406 3347 Τὰς
2438 3283 2619 3346 πόλεις
2643 3277 2732 3344 αἷς
2771 3280 2939 3334 ἔδωκε
2969 3281 3210 3353 Χριστὸς
3235 3281 3295 3334 τὸ
3322 3276 3634 3346 Εὐαγγέλιον,
3655 3269 3735 3340 ψη·

2223 3377 2290 3446 χὴ
2327 3392 2450 3446 μου.
2476 3373 2648 3442 ἔγνως
2675 3373 2826 3435 ὅπως
2847 3389 2986 3441 κατη
2997 3371 3243 3443 pii-01161»
3263 3386 3278 3402 °
3310 3368 3468 3440 φοϐοῦ
3491 3366 3545 3418 τὸ
3562 3361 3734 3416 ὑπόδει·

2222 3483 2360 3536 γμα,
2395 3465 2469 3536 μὴ
2499 3467 2632 3534 γένῃ
2659 3463 2734 3526 ὡς
2763 3463 2968 3515 ἐκεῖναι
2991 3478 3003 3491 ·
3039 3463 3143 3526 τὰς
3165 3464 3225 3516 ἐν
3251 3462 3494 3531 Σοῖόμοις
3537 3458 3628 3525 γὰρ
3664 3451 3738 3504 αὖ·

2221 3557 2320 3621 τὰς
2375 3558 2403 3608 ό
2455 3557 2734 3626 Δεσπότης
2777 3555 3148 3624 παρεικάσας,
3187 3555 3328 3626 ᾲδουν
3351 3549 3656 3638 κατεδίκασε.

2292 3734 2398 3808 Μὴ
2417 3737 2638 3808 χείρων,
2671 3731 2717 3791 ὦ
2739 3735 2884 3807 ψυχή
2918 3753 3042 3807 μου,
3070 3740 3254 3808 φανῇς
3300 3736 3368 3790 δι’
3401 3733 3712 3800 ἀπογνώσεως
3724 3740 3736 3754 ⁹

2219 3831 2319 3901 τῆς
2351 3830 2666 3894 Χαναναίας
2703 3829 2802 3900 τὴν
2839 3828 3024 3884 πίστιν
3061 3829 3367 3894 ἀκούσασα,
3397 3826 3463 3881 δι’
3490 3821 3550 3896 ἧς
3585 3823 3637 3875 τὸ
3670 3819 3742 3871 θυι

2221 3921 2444 3992 γάτρεον
2473 3921 2617 3989 λόγῳ
2654 3922 2791 3976 Θεοῦ
2829 3923 2952 3994 ἰάθη
2989 3938 3004 3952 ·
3049 3941 3068 3974 ι
3094 3923 3192 3977 Υίέ
3228 3923 3360 3976 Θεοῦ
3394 3921 3554 3974 σῶσον
3579 3913 3733 3982 κάμω

2220 4013 2525 4082 ἀναϐόησον
2569 4014 2633 4064 ἐκ
2675 4012 2874 4082 βάθους
2915 4012 3017 4082 τῆς
3046 4011 3304 4084 καρδίας,
3340 4009 3414 4074 ὡς
3444 4005 3611 4075 ἐκείνη
3635 4002 3740 4068 Χρι-

2222 4103 2352 4171 στῷ.

2291 4215 2734 4286 Σπλαγχνίσθητι
2768 4232 2783 4247 ·
2806 4215 2978 4270 σῶσόν
3005 4234 3076 4286 με
3100 4234 3116 4250 ο
3141 4217 3240 4270 Υἱέ
3279 4204 3458 4282 Δαϐὶδ,
3493 4203 3742 4279 ἐλέησονΛ

2220 4306 2592 4378 δαιμονῶντας
2647 4305 2792 4377 λόγῳ
2847 4308 3167 4376 ιαςάμενος.
3226 4307 3414 4378 Φωνὴν
3471 4305 3525 4358 δι
3566 4293 3742 4371 τὴνεῦ-

2225 4398 2555 4466 σπλάγχνον,
2581 4397 2657 4461 ὼς
2693 4399 2958 4472 τῷλῃστῇ
2990 4416 3080 4468 μοι
3144 4400 3354 4473 φράσον
3377 4414 3391 4428 ·
3427 4416 3445 4449 ι
3487 4393 3640 4464 Ἀμήν
3679 4399 3742 4438 σοι

541 4517 560 4549 ι
597 4495 765 4552 Anien
800 4495 924 4550 dico
957 4493 1209 4556 tihi,eris
1235 4509 1450 4550 tnecum
1477 4495 1530 4548 in
1571 4495 1832 4566 paradiso
1855 4506 1902 4562 ι),
1941 4516 1960 4550 ι
1992 4511 2117 4552 cum

2221 4489 2384 4558 λέγω,
2420 4491 2538 4560 μετ’
2560 4489 2696 4559 ἐμοῦ
2721 4490 2821 4564 ἔσῃ
2845 4493 2903 4544 ἐν
2935 4491 3010 4562 τῷ
3035 4493 3372 4564 παραδείσῳ,
3407 4510 3426 4544 ι
3487 4491 3602 4544 ὅταν
3634 4480 3741 4536 ἐλθω

537 4589 594 4644 in
631 4603 748 4642 mea
790 4587 964 4658 gloria
998 4587 1236 4641 veniam.

2221 4585 2277 4636 ἐν
2299 4586 2364 4654 τῇ
2390 4583 2517 4656 δόξῃ
2543 4601 2666 4652 μου.

607 4700 685 4756 'l'e
715 4701 859 4754 latro
881 4698 1200 4763 accusabat,
1230 4685 1368 4752 latro
1399 4697 1756 4752 nihilominus
1786 4696 1952 4752 Deum
1981 4715 2118 4768 prae-

2288 4696 2506 4770 Λῃστὴς
2559 4697 2858 4770 κατηγόρει.
2905 4715 2988 4752 σοι
3017 4713 3030 4729 ο
3095 4699 3304 4772 λῃστὴς
3360 4695 3610 4762 ἐθεολόγει
3649 4700 3740 4742 σοι·

537 4795 754 4850 dicabat
790 4811 805 4847 :
839 4793 1001 4848 ambo
1042 4791 1186 4846 enim
1217 4790 1530 4876 pepdebant
1580 4806 1610 4846 e
1641 4805 1830 4846 cruce.
1855 4791 1936 4847 Tu
1963 4809 2114 4857 vero,

2221 4788 2522 4859 ἀμφότεροι
2551 4789 2662 4861 γὰρ
2719 4789 2940 4860 σταυρῷ
2971 4793 3367 4861 συνεκρεμᾶτο.
3424 4787 3576 4849 ’Δλλ’,
3608 4775 3743 4837 ὢτω-

538 4894 599 4942 ut
625 4886 810 4940 multm
835 4883 1248 4944 misericordias,
1277 4875 1443 4937 etiam
1477 4883 1636 4948 mihi,
1677 4884 1822 4938 velut
1858 4883 2005 4938 ﬁdeli
2036 4885 2116 4938 illi

2221 4878 2648 4950 λυεύσπλαγχνε,
2701 4880 2776 4944 ὡς
2832 4881 2910 4951 τῷ
2957 4881 3132 4952 πιστῷ
3185 4883 3359 4954 λῃστῇ
3415 4875 3622 4946 σου,τῷ
3647 4875 3743 4923 ἔπε’

539 4978 762 5042 latroni,
801 4977 894 5048 qui
940 4983 994 5032 te
1047 4976 1218 5030 Deum
1269 4974 1509 5046 agnovit,
1555 4975 1782 5047 gloriosi
1833 4975 1911 5030 tui
1960 4975 2116 5046 regni

2229 4973 2412 5041 γνόντί
2446 4991 2505 5026 σε
2540 4975 2694 5038 Θεὸν,
2729 4975 2900 5044 κάμοὶ
2926 4975 3136 5041 ἄνοιξον
3169 4976 3274 5045 τὴν
3301 4976 3470 5047 θύραν
3499 4971 3593 5041 τῆς
3627 4961 3745 5020 ένδ⁶¹

538 5071 688 5143 aperi
721 5071 970 5141 januam.

2221 5064 2310 5128 ξου
2341 5065 2626 5135 βασιλείας
2658 5083 2772 5120 σου.
3088 5082 3093 5088 ’

611 5181 812 5238 Videns
837 5188 892 5235 te
935 5185 1190 5236 creatura
1229 5175 1450 5231 allixum
1504 5177 1656 5232 cruci
1687 5176 1864 5233 deﬁxa
1898 5177 2090 5233 tenella

2305 5178 2366 5230 'H
2392 5180 2566 5242 κτῖσις
2610 5179 2906 5250 συνείχετο,
2938 5180 3344 5254 σταυρούμενόν
3374 5195 3432 5233 σε
3472 5177 3710 5248 βλέπουσα
3731 5180 3744 5194 '

539 5282 902 5342 tur;montes
950 5280 1006 5328 et
1044 5279 1213 5343 petra:
1249 5269 1444 5324 timore
1480 5266 1940 5335 dissecabantur;
1973 5279 2115 5324 terra

2221 5270 2322 5341 ὅρη
2354 5275 2450 5325 καὶ
2470 5272 2670 5342 πέτραι
2699 5271 2850 5342 φόϐῳ
2875 5273 3268 5344 διερρήγνυντο
3292 5289 3307 5303 ο
3356 5272 3448 5326 καὶ
3484 5269 3606 5340 ᾅδης
3642 5266 3760 5329 ἐτψ.

1662 5462 1684 5490 ε
1728 5448 1918 5504 Matth.
1953 5465 2066 5512 vm,

2254 5448 2278 5487 ἀ
2305 5447 2466 5503 Juan.
2499 5465 2573 5514 ιν,
2602 5450 2690 5506 24.
2793 5464 2817 5491 ε
2853 5450 3038 5504 Matth.
3081 5466 3152 5504 Ix.
3199 5449 3273 5505 20
3305 5465 3455 5516 seqq.
3533 5447 3552 5484 ί
3589 5437 3746 5516 Μπίίδζ

1501 5516 1527 5558 ³
1562 5519 1727 5576 Marc.
1765 5539 1820 5585 ν,
1850 5519 1921 5573 2?.
1974 5504 2126 5588 seqq.
2215 5519 2256 5589 ,ι
2301 5521 2433 5572 Luc.
2469 5504 2599 5574 xviii
2626 5504 2754 5589 [Η.
2873 5519 2886 5571 i
2919 5504 3331 5589 Lttc.xvttt,il.
3381 5504 3562 5572 ίιίιιιε.
3592 5504 3746 5589 xm}

1565 5599 1604 5628 "
1645 5577 1842 5648 Matth.
1873 5605 1949 5656 ix,
1983 5589 2035 5643 6.
2058 5577 2106 5588 ”

2221 5577 2641 5665 [ιιισλήοεοιιί
2701 5602 2725 5630 ο
2759 5591 2950 5646 Matth.
3005 5605 3091 5654 xv,
3117 5577 3221 5658 22:
3304 5600 3332 5640 ιι
3364 5590 3491 5646 Luc.
3524 5577 3753 5658 xxnx,t3._

613 5463 640 5494 ι
674 5449 864 5503 Matth.
895 5464 974 5510 rx,
1023 5448 1077 5502 6.
1153 5449 1184 5490 ι»
1216 5449 1328 5506 Luc
1360 5466 1456 5514 vn,
1497 5451 1581 5504 14.

542 5537 620 5584 ιι,
661 5522 695 5575 5
722 5535 901 5588 seqq:
959 5521 984 5560 ⁸
1007 5519 1140 5574 Luc.
1170 5535 1287 5584 xm,
1317 5523 1404 5575 ll.

543 5605 698 5658 sum.
806 5586 853 5628 '1‘
881 5587 1016 5643 Luc.
1065 5605 1162 5656 vn,
1197 5590 1267 5646 56
1298 5605 1452 5662 seqq.
