4004 6150
287 314 402 380 1335
427 373 430 376 .
1477 299 1735 368 CANON
1778 306 1860 368 IN

1958 302 2278 363 AZARUM.
3390 297 3526 362 1386

287 436 488 508 μνοῦτο·
529 433 624 488 καὶ
647 425 1012 486 συνεσκότασε
1035 431 1094 484 τὸ
1115 429 1232 500 φῶς
1255 430 1312 482 ὲν
1354 423 1542 498 ἡμέρᾳ
1593 423 1844 495 καθορῶν
1871 473 1880 488 ι

1958 417 2335 490 quatiebatur;
2385 412 2734 486 spoliabatur
2801 407 3081 480 infernus;
3131 413 3440 482 lumenque,
3491 430 3524 468 ο

286 504 354 597 σε,
386 527 589 598 Ἰησοῦ,
625 523 1053 596 προσηλωμένον
1081 521 1266 593 σακρί.

1958 511 2096 573 lesu,
2127 510 2320 565 videns
2349 521 2514 562 carne
2549 505 2830 560 conﬁxum
2870 505 3062 570 clavis,
3093 505 3181 560 die
3207 504 3384 560 media
3421 505 3520 564 ob-

1947 599 2289 654 tenebratum
2319 605 2425 653 est.

355 704 558 769 Ἀξίους
592 701 888 774 μετανοίας
911 691 1158 773 καρποὺς
1185 699 1259 772 μὴ
1287 700 1598 772 ἀπαιτήσῃς
1631 716 1734 765 μου
1763 715 1775 729 ·
1807 700 1840 768 ἡ

2016 689 2290 759 Ne,rogo,
2319 688 2518 758 dignos
2549 702 2580 742 a
2614 703 2702 744 me
2728 687 3072 758 pmnitentiae
3091 687 3306 742 fructus
3327 701 3522 758 exege-

283 795 376 866 γὰρ
413 795 566 865 ἰσχύς
599 811 702 864 μου
733 795 792 846 ὲν
825 794 950 863 ἐμοὶ
984 791 1224 857 ἐξέλιπε.
1255 791 1502 861 Καρδίαν
1537 809 1630 860 μοι
1663 789 1844 860 δώρη-

1958 779 2054 845 ris;
2085 794 2209 832 nam
2234 779 2410 832 virtus
2449 792 2568 832 mea
2609 777 2662 830 in
2693 792 2779 830 me
2807 776 3030 831 defecit.
3063 775 3212 831 Dona
3243 791 3340 832 cor
3373 791 3524 831 sem-

284 887 474 941 σαιιάεὶ
506 885 1006 956 συντετριμμένην,
1040 881 1314 950 πτωχείαν
1343 881 1400 934 δὲ
1440 881 1842 950 πνευματικὴν,

1958 884 2046 938 per
2078 869 2396 931 contritum,
2441 879 2496 923 et
2525 868 2756 936 spiritus
2795 876 3210 938 paupertatem;
3247 885 3356 938 quo
3407 869 3525 924 haec

283 979 356 1031 ἵνα
399 975 572 1032 ταῦτα
619 993 701 1028 σοι
757 972 1056 1045 προσοίσω,
1109 972 1185 1036 ὡς
1229 971 1425 1042 δεκτὴν
1466 971 1678 1035 θυσίαν,
1717 970 1848 1041 μόνε

1958 973 2186 1026 semper,
2210 959 2310 1012 tibi
2335 958 2436 1012 soli
2457 957 2756 1023 Salvatori,
2781 959 3250 1027 utacceptabilem
3284 959 3522 1014 hostiam

281 1068 412 1122 Σῶτε
423 1085 470 1122 ο.

1958 1049 2196 1103 onerant.
3557 1059 3582 1112 ,-

551 1169 654 1224 μου
686 1153 782 1206 καὶ
811 1151 1030 1220 γνωστά
1060 1170 1162 1224 μου
1192 1169 1205 1184 ·
1235 1153 1262 1205 ὁ
1296 1151 1510 1222 μέλλων
1545 1151 1706 1207 πάλιν
1752 1150 1846 1221 ἔρ-

2019 1138 2196 1194 Judex
2237 1153 2395 1194 meus
2430 1147 2484 1194 et
2510 1139 2761 1210 cognitor
2787 1155 2974 1206 meus;
3004 1141 3096 1210 qui
3128 1150 3396 1198 venturus
3425 1143 3527 1196 ite-

279 1245 455 1316 χεσθαι
493 1246 588 1296 σὺν
621 1245 734 1306 τοῖς
769 1243 1048 1310 ἀγγέλοις,
1081 1235 1268 1314 ’κρῖναι
1323 1243 1534 1314 κόσμον
1585 1243 1802 1296 ἅπαντα
1830 1257 1848 1305 ζ

1958 1247 2074 1286 rum
2113 1246 2172 1287 es
2207 1245 2332 1286 cum
2365 1231 2574 1302 angelis
2603 1231 2960 1301 iudicaturus
3010 1232 3270 1286 mundum
3307 1233 3528 1287 univer-

283 1337 394 1406 ίλέῳ
419 1351 514 1388 σου
541 1334 751 1404 ὄμματι
776 1334 900 1387 τότε
929 1332 1054 1386 ἰδών
1089 1351 1180 1404 με,
1217 1337 1403 1402 φεῖσαι
1450 1335 1545 1386 καὶ
1580 1333 1850 1403 οἵκτειρόν

1958 1338 2074 1378 sum
2105 1340 2118 1377 :
2149 1331 2280 1377 tunc
2315 1339 2402 1377 me
2427 1322 2699 1392 propitius
2729 1323 2975 1387 intuens,
3009 1338 3167 1392 parce
3203 1338 3267 1378 ac
3295 1325 3524 1378 misere-

282 1444 364 1497 με,
395 1425 596 1494 Ἰησοῦ,
643 1423 736 1478 τὸν
797 1423 940 1495 ὑπὲρ
995 1427 1178 1478 πᾶσαν
1211 1422 1374 1493 φύσιν
1407 1423 1516 1477 τῶν
1543 1421 1852 1494 ἀνθρώπων

1958 1430 2034 1479 re,
2057 1429 2091 1468 ο
2124 1413 2278 1480 Jesu,
2309 1414 2404 1484 qui
2447 1427 2616 1484 supra
2667 1414 2982 1470 universum
3029 1416 3327 1469 humanum
3355 1429 3527 1486 genus
3625 1443 3638 1454 ο

279 1517 666 1588 ἁμαρτήσαντα
677 1556 690 1568 .
1481 1569 1486 1574 ,

1958 1506 2200 1576 peccavi.

803 1669 815 1685 ἱ
867 1604 982 1672 Τῆς
1019 1605 1242 1670 Ὀσίας.

2569 1595 2635 1650 In
2657 1595 2934 1654 Sanctam.

355 1698 684 1766 Ἐξέστησας
737 1695 991 1759 ἅπαντας
1031 1699 1096 1767 τῇ
1143 1697 1272 1771 ξένῃ
1300 1698 1546 1768 πολιτείᾳ
1581 1709 1676 1750 σου
1699 1714 1716 1729 ⁸
1749 1699 1847 1766 ἀγ-

2025 1687 2142 1742 Tua
2175 1688 2268 1742 illa
2295 1704 2437 1744 nova
2469 1689 2682 1744 vivendi
2731 1691 2946 1746 ratione
2981 1685 3267 1748 universos
3313 1694 3368 1747 in
3409 1705 3529 1751 stu-

290 1757 443 1858 ίέλων
481 1757 708 1852 τάξεις,
755 1757 1467 1858 βροτῶνήταησύστῖματα·
1499 1757 1681 1851 άΰλως
1721 1757 1880 1859 sui».

1958 1791 2144 1846 porem
2177 1779 2374 1848 egisti;
2409 1787 2528 1833 tum
2563 1781 2844 1850 angelicos
2886 1782 3132 1848 ordines,
3175 1791 3290 1837 tum
3323 1797 3532 1840 morta-

281 1897 436 1944 σασα,
467 1881 560 1932 καὶ
585 1879 750 1948 φύσιν
789 1875 1110 1947 ὑπερϐᾶσα·
1145 1877 1263 1931 ἀνθ’
1285 1873 1359 1931 ὦν
1389 1878 1570 1941 sum;
1602 1881 1715 1941 τοῖς
1755 1895 1854 1930 πο-

1958 1867 2092 1922 lium
2122 1879 2299 1923 cretus
2329 1886 2342 1922 :
2369 1885 2491 1939 qua:
2530 1873 2679 1924 velut
2727 1871 2847 1924 sine
2883 1886 3118 1940 corpore
3167 1873 3392 1935 vixeris.
3425 1877 3532 1931 sis-

281 1974 360 2025 σ¹ιν
395 1971 778 2037 ὲπιϐαίνουσα,
811 1969 1024 2040 Μαρία,
1067 1969 1342 2040 Ἰορδάνην
1372 1969 1728 2039 διεπέρασας.

1958 1973 2066 2029 que
2105 1973 2467 2030 supergressa
2499 1969 2753 2014 naturam
2785 1963 3182 2031 :quamobrem
3227 1966 3378 2019 velut
3413 1968 3534 2022 sine

1958 2065 2192 2120 corpore
2259 2051 2488 2120 pedibus
2547 2051 2830 2120 incedens,
2885 2069 2919 2108 ο
2978 2053 3173 2122 Maria,
3234 2055 3534 2114 Jordaneut

1957 2139 2293 2194 transivisti.

358 2235 604 2291 Ἰλέωσαι
636 2233 728 2288 τὸν
757 2233 1002 2306 Κτίστην
1028 2232 1168 2306 ὑπὲρ
1194 2233 1305 2287 τῶν
1344 2233 1740 2305 εὐφημούντων
1773 2249 1856 2298 σε,

2031 2229 2104 2284 lis
2121 2229 2434 2288 Creatorem
2460 2234 2641 2303 placa,
2673 2249 2704 2290 ο
2723 2242 2914 2292 sancta
2938 2234 3126 2300 Mater,
3156 2237 3251 2305 qui
3283 2245 3335 2292 te
3357 2238 3536 2293 laudi-

277 2331 398 2384 ὁσία
436 2330 652 2400 Μῆτερ,
703 2327 970 2399 ρυσϐἦναι
1010 2325 1308 2381 κακώσεων
1333 2329 1426 2380 καὶ
1462 2326 1720 2396 Θλίψεων,
1749 2325 1858 2378 τῶν

1959 2321 2065 2378 bus
2089 2323 2403 2391 celebrant;
2433 2333 2494 2380 ut
2537 2341 2568 2380 a
2619 2326 2781 2382 malis
2825 2337 2881 2382 et
2925 2329 3336 2386 calamitatibus
3367 2331 3537 2386 unde-

281 2421 464 2490 κύκλῳ
497 2419 1000 2488 συνεπιτιθεμένων
1022 2432 1036 2448 ο
1078 2416 1166 2469 ἵνα
1195 2416 1482 2487 ρυσθέντες
1522 2415 1632 2468 τῶν
1663 2431 1860 2485 πειρα-

1960 2428 2182 2484 quaque
2235 2416 2653 2473 imminentibus
2709 2419 3048 2474 liberemur:
3095 2436 3205 2489 quo
3249 2422 3464 2478 liberati
3505 2439 3536 2477 a

281 2512 454 2584 σμῶν,
491 2511 888 2583 μεγαλύνωμεν
938 2508 1258 2576 ἀπαύστως,
1307 2509 1401 2563 τὸν
1431 2505 1742 2576 δοξάσαντά
1773 2522 1858 2574 σε,

1959 2505 2388 2574 tentationibus,
2423 2507 2712 2563 Dominum
2739 2509 2834 2580 qui
2859 2508 2988 2564 fecit
3012 2509 3332 2580 gloriosam,
3365 2513 3541 2570 inces-

280 2603 508 2677 Κύριον.

1961 2603 2148 2650 santer
2168 2596 2602 2666 magniﬁcemus.

917 2691 1222 2762 Ἀνδρέου.
2551 2689 2618 2745 1η
2653 2693 2940 2750 Andream.

361 2785 586 2858 Ἀνδρέα
642 2785 933 2854 σεϐάσμιε,
991 2785 1090 2838 καὶ
1158 2785 1342 2854 Πάτερ
1389 2786 1858 2858 τρισμακάριστε,

2032 2778 2250 2835 Andrea
2297 2782 2648 2848 venerabilis,
2685 2797 2749 2839 ac
2787 2786 3108 2843 beatissime
3138 2787 3317 2857 Pater,
3361 2790 3538 2848 Creta:

279 2878 484 2948 ποιμὴν
526 2876 626 2944 τῆς
656 2877 882 2947 Κρήτης
905 2915 920 2942 ,
963 2876 1040 2946 μὴ
1072 2876 1259 2949 παύσῃ
1285 2877 1541 2948 δεόμενος
1578 2879 1718 2950 ὑπὲρ
1750 2878 1861 2931 τῶν

1961 2881 2174 2940 pastor,
2211 2885 2280 2926 ne
2308 2874 2616 2929 cessaveris
2650 2889 2808 2931 orare
2839 2892 2940 2945 pro
2968 2877 3038 2933 iis
3067 2881 3164 2949 qui
3193 2889 3244 2934 te
3273 2881 3536 2950 laudant;

282 2983 342 3020 σε
376 2965 692 3038 ὑμνούντων
714 2983 730 2998 ·
757 2966 846 3018 ἵνα
877 2965 1174 3040 ῥυσθῶμεν
1216 2967 1400 3036 πάσης
1427 2968 1597 3039 ὀργῆς
1622 2971 1720 3023 καὶ
1744 2969 1860 3024 θλί-

1963 2970 2022 3016 ut
2046 2964 2116 3018 ab
2145 2963 2295 3018 omni
2323 2964 2425 3028 ira,
2457 2973 2511 3021 et
2538 2965 2849 3032 afﬂictione,
2884 2970 3186 3040 exitioque,
3222 2973 3540 3032 immensis-

277 3061 445 3130 ψεως,
473 3059 568 3112 καὶ
607 3057 814 3127 φθορᾶς
863 3039 962 3110 καὶ
990 3058 1352 3129 πταισμάτων
1396 3059 1735 3114 ἀνεικάστων
1759 3099 1776 3127 ,
1808 3060 1860 3114 οί

1962 3067 2070 3121 que
2119 3053 2365 3123 lapsibus
2394 3053 2726 3123 liberemur,
2765 3057 2856 3128 qui
2886 3058 3029 3115 fideli
3067 3039 3119 3116 te
3153 3062 3338 3119 animo
3363 3065 3538 3121 hono-

278 3150 548 3222 τιμῶντές
581 3167 676 3202 σου
701 3149 800 3220 τὴν
827 3149 992 3221 τιμὴν
1023 3149 1259 3226 πιστῶς.
1895 3149 1931 3155 ⁷
1965 3159 2174 3200 ramus.

990 3243 1168 3307 Δόξα.
1761 3281 1774 3286 -

2647 3241 2854 3296 Gloria.

353 3334 526 3403 Τριὰς
553 3333 834 3403 ὁμοούσιε,
865 3333 1050 3396 Μόνας
1081 3336 1114 3403 ἡ
1146 3333 1584 3404 τρισυπόστατος
1609 3335 1628 3366 ”
1655 3335 1717 3386 σε
1744 3335 1867 3387 ἁνυ-

2035 3321 2278 3382 Trinitas
2295 3329 2800 3395 consubstantialis,
2823 3331 3018 3390 Unitas
3035 3336 3180 3391 trine
3205 3337 3539 3408 subsistens,

285 3425 424 3497 μ.νοῦ
433 3443 554 3494 μεν,
575 3426 796 3492 Πατέρα
818 3425 1156 3490 δοξάζοντες,
1176 3426 1304 3480 Υίὸν
1335 3427 1752 3496 μεγαλύνοντες,
1772 3427 1868 3480 καὶ

1969 3423 2020 3470 te
2068 3414 2389 3478 laudamus;
2437 3416 2654 3473 Patrem
2689 3421 3087 3488 gloriﬁcantes,
3125 3427 3543 3496 magniﬁcantes

283 3517 518 3586 Πνεῦμα
547 3517 1004 3587 προσκυνοῦντες,
1028 3517 1118 3569 τὸν
1143 3517 1240 3572 ἕνα
1261 3517 1424 3587 φύσει
1446 3517 1664 3588 ἀληθῶς
1703 3518 1866 3584 Θεὸν,

1968 3503 2194 3572 Filium,
2224 3521 2289 3561 ac
2330 3505 2596 3578 Spiritum
2632 3509 2946 3576 adorantes,
2980 3528 3150 3566 unum
3179 3531 3306 3570 vere
3346 3527 3546 3574 natura

284 3609 436 3681 ζωήν
461 3626 520 3690 τε
554 3609 648 3662 καὶ
683 3608 850 3674 ζωὰς,
881 3609 1164 3679 βασιλείαν
1201 3609 1582 3680 ἀτελεύτητον.

1965 3595 2159 3662 Deum,
2199 3597 2480 3669 vitamque
2527 3609 2580 3655 et
2611 3600 2754 3657 vitas
2801 3601 2946 3672 (49);
2999 3603 3408 3690 interminabile
3453 3625 3543 3666 re-

1968 3703 2154 3759 gnunn

958 3783 1202 3838 Θεοτόκ.
2286 3795 2288 3799 ’
2605 3781 2674 3836 In
2701 3782 2919 3853 Πείραι’.

362 3870 474 3942 Τὴν
507 3873 661 3926 πόλιν
687 3888 779 3925 σου
808 3873 1044 3942 φύλαττε
1067 3915 1080 3939 ,
1111 3876 1482 3946 Θεογεννῆτορ
1509 3871 1742 3946 ἄχραντε
1767 3887 1780 3908 ⁶
1812 3877 1872 3928 ὲν

2043 3866 2244 3924 Urbem
2279 3879 2426 3925 tuam
2459 3887 2637 3933 serva,
2659 3872 2752 3927 Dei
2779 3876 3011 3943 genitrix
3037 3878 3394 3949 intemerata;
3421 3884 3471 3938 in
3497 3895 3550 3942 te

287 3966 381 4018 σοὶ
405 3965 514 4036 γὰρ
541 3963 683 4034 αὕτη
709 3965 918 4027 πιστῶς
945 3965 1326 4036 βασιλεύουσα,
1353 3967 1412 4019 ὲν
1438 3967 1522 4019 σοὶ
1550 3967 1646 4020 καὶ
1669 3966 1874 4038 κρατύ-

1975 3963 2244 4031 siquidem
2267 3963 2501 4018 lidelitcr
2533 3971 2750 4033 regnat,
2773 3980 2834 4018 ac
2857 3966 2911 4019 in
2944 3976 2995 4022 te
3032 3969 3314 4039 ﬁrmatur;
3346 3983 3552 4044 tuaque

284 4071 446 4108 νεται
469 4071 484 4085 ο
512 4057 606 4108 καὶ
626 4055 716 4108 διὰ
740 4055 836 4107 σοῦ
862 4057 1068 4108 νικῶσα
1091 4095 1105 4120 ,
1133 4057 1432 4126 τροποΰται
1473 4059 1654 4112 πάντα
1681 4075 1871 4128 πειρα-

1975 4053 2176 4107 victrix
2218 4067 2382 4121 opera
2406 4092 2421 4117 ,
2462 4055 2824 4108 tentationem
2859 4073 3076 4113 omnem
3127 4061 3302 4131 fugat,
3335 4067 3551 4123 hostes-

287 4146 456 4216 σμὺν,
506 4147 606 4200 καὶ
641 4147 892 4200 σκυλεύει
924 4147 1238 4218 πολεμίους,
1267 4150 1362 4202 καὶ
1401 4148 1577 4202 διέπει
1633 4148 1694 4202 τὸ
1727 4149 1871 4220 ὑπή-

1976 4157 2084 4211 que
2111 4142 2406 4212 prazdatur,
2439 4157 2504 4198 ac
2531 4145 2848 4201 moderatur
2873 4148 3178 4218 subjectos.

289 4251 450 4291 κοον.

282 4347 396 4411 Εἰς
445 4347 530 4421 τό-
609 4346 1011 4421 Ἀπόδειπνον,
1061 4346 1394 4421 ’ψάλνᾏομεν
1450 4352 1558 4404 τὸν
1608 4353 1876 4418 παρόντα

1979 4343 2068 4421 Λά-
2113 4357 2354 4412 vespera:
2405 4340 2784 4421 [Parasceves
2841 4354 2968 4401 ante
3025 4345 3250 4421 Ramos]
3313 4353 3554 4409 canimus

367 4419 610 4496 ῌανένᾳ
635 4434 648 4447 ·
705 4420 938 4496 ποίημα
979 4412 1094 4496 2037
1111 4412 1314 4496 “dy-lci)
1350 4421 1598 4496 ⁸πατρὸς
1664 4412 1873 4488 ,Συρίου

2049 4412 2244 4496 [iuncte
2289 4412 2566 4496 geminent,
2612 4413 2812 4466 editum
2858 4432 2890 4468 a
2917 4427 3099 4496 sancto
3146 4412 3296 4486 pat're
3342 4423 3555 4479 domino

382 4485 664 4554 Ἀνδρέου
693 4479 932 4554 Κρήιίὴς
965 4488 1071 4542 τοῦ
1111 4479 1608 4558 Ἱεροσολυμιέοὸ.
1734 4479 1752 4488 ’

2051 4482 2266 4535 Andrea
2289 4479 2554 4545 Cretensi,
2591 4495 2932 4552 cognomento
2965 4479 3408 4558 Hierosolymita.

703 4599 838 4670 ᾩδὴ
867 4607 939 4654 α’.
970 4596 1072 4671 ἦχ.
1097 4607 1170 4655 α’.
1188 4600 1249 4654 Ὀ
1271 4603 1507 4671 Εἰρμός,

2429 4595 2539 4650 Ode
2577 4597 2624 4664 Ι,
2653 4609 2762 4651 ton.
2805 4613 2842 4655 l.
2879 4599 3124 4656 Hirmus.

383 4711 536 4784 ᾨδὴν
561 4712 825 4767 ἐπινίκιον
851 4713 1071 4784 ᾄσωμεν
1106 4714 1307 4776 πάντες
1338 4712 1457 4782 Θεῷ
1485 4713 1562 4784 τῷ
1584 4713 1873 4783 ποιήσαντι

2054 4707 2258 4763 Omnes
2309 4722 2410 4778 pro
2461 4708 2693 4764 victoria
2732 4707 2843 4764 Deo
2885 4722 3168 4769 cantemus
3223 4715 3434 4782 laudes,
3462 4719 3556 4788 qui

289 4803 591 4871 Θαυμαστὰ
629 4803 834 4873 τέρατα
863 4805 1114 4874 βραχίονι
1142 4803 1352 4874 ὑψηλῷ,
1387 4806 1484 4857 καὶ
1518 4805 1752 4857 σώσαντι
1780 4805 1872 4858 τὸν

1987 4799 2117 4855 fecit
2148 4806 2400 4870 portenta
2427 4799 2696 4854 mirabilia
2725 4801 2951 4856 brachio
2978 4806 3220 4872 excelso,
3252 4817 3306 4863 et
3330 4811 3560 4865 salvavit

303 4893 557 4964 Ἰσραήλ·
590 4893 672 4946 ὅτι
696 4893 1027 4956 δεδόξασται.

1983 4891 2238 4946 lsraelem
2268 4899 2331 4955 tt;
2358 4892 2617 4960 quoniam
2653 4893 2992 4961 gloriﬁcatur;
3031 4908 3138 4954 est.

370 4983 586 5055 Νεκρὸν
640 4985 1018 5054 τετραήμερον
1062 4985 1458 5055 ἐξαναστήσας,
1511 4984 1694 5054 Σῶτέρ
1752 4999 1873 5055 μου,

2055 4981 2408 5048 Suscitando,
2456 4996 2490 5035 ο
2531 4997 2686 5038 meus
2729 4982 3002 5056 Salvator,
3039 4989 3306 5046 Lazarum
3350 4997 3564 5066 quatri--

375 5170 408 5214 ιι
450 5161 600 5216 Psal.
651 5175 736 5225 ον,
769 5161 868 5214 21.

1628 5313 2012 5373 COMBEFISII
2039 5313 2272 5371 NOTAE.

372 5409 490 5487 (49)
537 5409 900 5487 Vitamque_et
941 5409 1098 5487 vitas.
1129 5409 1284 5481 Ζωήν
1325 5426 1386 5463 τε
1415 5410 1721 5487 και-ζωᾶς.
1751 5407 1878 5487 -ῌοο
1984 5407 2122 5487 sime
2149 5449 2166 5474 ,
2191 5409 2507 5487 _simulqu‘e
2573 5411 2736 5487 vita,
2781 5428 2892 5487 .ceu
2948 5415 3193 5470 omnium
3269 5419 3565 5487 archetypa

291 5477 584 5564 ultimum,
614 5477 756 5564 cum
801 5479 874 5560 sit
911 5477 1270 5564 abstractum,
1308 5495 1420 5534 non
1465 5481 1691 5564 videtur.
1716 5479 1878 5564 aliter
1984 5478 2121 5559 vita.
2172 5477 2284 5564 ,εἰει
2357 5477 2550 5536 modus
2619 5477 2920 5564 loquendi.
2989 5487 3238 5556 mysticis
3295 5477 3564 5564 tttaxin't'e,

291 5564 443 5625 sane
469 5557 523 5625 et
553 5563 584 5603 e
614 5547 885 5619 theologia
919 5551 972 5625 in
1019 5547 1296 5625 Deo_tlici,
1336 5565 1499 5625 quam
1541 5548 1880 5625 intellectum
1987 5547 2043 5625 in
2093 5549 2296 5625 quibus
2345 5563 2578 5622 magnus
2632 5547 2737 5606 fuit
2781 5547 3064 5621 Andreas;
3089 5570 3350 5625 perquam
3405 5547 3566 5613 fatui;

291 5619 458 5674 velut
487 5619 542 5673 in
569 5632 731 5674 sensu
761 5617 966 5672 causali
995 5637 1010 5672 :
1037 5625 1098 5672 ut
1125 5617 1510 5672 dicatur’Deus
1535 5625 1590 5672 et
1616 5617 1880 5680 Trinitas,
1991 5617 2166 5674 tiaris.
2440 5617 2450 5644 ⁵

293 5687 368 5746 in
395 5701 458 5744 se
493 5699 546 5746 et
591 5687 1025 5743 substantialiter
1057 5687 1206 5754 vita;
1246 5689 1394 5757 quod
1437 5695 1524 5744 est
1557 5687 1880 5758 singularis-

641 5783 918 5844 PATROL.
954 5782 1070 5844 Gn.
1099 5781 1352 5844 XCVII.
1917 5806 1972 5820 --
1991 5813 2014 5822 υ
2405 5845 2408 5849 _
3123 5783 3203 5842 5-3
