4004 6150
328 334 462 401 1339
1561 327 1815 395 CANON
1854 335 1937 395 IN
1977 320 2358 396 LAZARUM.
3453 340 3590 405 1390

408 443 762 514 Ἐσείσθησαν
808 445 876 498 τά
923 447 1124 516 ταμεϊα
1169 446 1264 500 τοῦ
1301 445 1468 515 ᾅδου,
1515 441 1592 508 ὡς
1636 443 1908 516 ἐψυχοῦτο
1937 447 1983 502 Α

2079 443 2360 498 Concussa
2398 447 2528 497 sunt
2593 435 2801 495 inferni
2831 445 3202 514 receptacula,
3229 453 3286 500 ut
3313 453 3444 504 tunc
3475 461 3588 506 sta.

325 537 490 602 εὐθὺς
507 537 654 591 κάτω
679 535 927 607 Λάζαρος
949 539 1090 604 τότε,
1137 543 1200 612 τῇ
1237 543 1387 612 φωνῇ
1435 537 1529 592 τοῦ
1559 537 1900 604 ζωώσαντος.

1713 555 1900 602 ταντος.
2005 535 2103 588 tim
2137 534 2465 590 vivificantis
2497 547 2630 588 voce
2658 531 2904 587 Lazarus
2934 537 3294 592 animaretur.

797 630 936 702 ᾨδὴ
975 639 1048 700 γ’.
1090 633 1152 685 '0
1188 635 1428 703 Ειρμός.
2097 623 2104 630 ’

2097 623 2104 630 ’
2561 623 2673 678 Ode
2699 623 2753 677 '5.
2795 623 3039 678 Hirmus.

403 739 422 772 ι
455 719 620 774 Λίθον
647 719 708 772 ὃν
733 721 1141 793 ὲπεδοκίμησαν
1183 725 1232 776 oi
1259 724 1675 794 οἰκοδομοῦντες
1697 765 1712 791 ,
1747 715 1904 786 οὗτος

2081 733 2099 766 ι
2137 711 2396 785 Lapidem
2421 728 2580 784 quem
2619 714 3057 783 reprobaverunt
3104 716 3460 787 aedificantes,
3491 721 3582 776 hic

325 809 560 881 ιγενήθη
595 811 676 874 είς
697 811 942 881 κεφαλὴν
969 814 1198 880 γωνίας·
1232 833 1250 866 ι
1283 814 1444 878 αὐτός
1473 815 1620 867 ἐστιν
1649 815 1902 884 ήπέτρα,

2005 802 2189 858 factus
2213 813 2298 859 est
2327 803 2386 858 in
2413 811 2580 873 caput
2608 803 2793 875 anguli
2821 811 2901 858 τε»
2925 803 3050 860 Haec
3075 813 3230 874 petra
3243 814 3347 872 est,
3381 811 3436 862 in
3472 825 3580 880 qua

327 897 442 976 ἕνῇ
483 903 786 972 ὲστερέωσε
819 904 1054 974 Χριστος
1087 905 1188 976 τὴν
1225 903 1556 978 Ἐκκλησίαν
1594 903 1758 960 αὑτοῦ
1783 946 1799 973 ,
1835 903 1905 976 ην

2003 896 2262 953 Christus
2291 896 2565 962 fundavit,
2613 907 2780 967 quam
2829 911 2895 952 ex
2928 897 3185 966 gentibus
3212 899 3448 956 redemit
3477 901 3581 957 Ec-

325 991 386 1060 ὲξ
416 991 586 1045 ἐθνῶν
616 989 851 1065 ὲξηγορή
861 1011 1014 1048 σατο.

2004 986 2258 1044 clesiam.
3373 981 3377 986 ‘

394 1081 594 1153 Θαῦμα
621 1081 770 1148 ξένον
803 1085 897 1137 καὶ
929 1087 1232 1158 παράδοξον
1259 1103 1274 1120 ο
1299 1087 1417 1151 πῶς
1442 1089 1470 1142 6
1498 1079 1742 1162 Κτίστης
1766 1090 1905 1145 πάν-

2077 1075 2398 1131 Mirac‘ulum
2431 1089 2638 1130 novum
2689 1083 2750 1131 et
2792 1076 3102 1132 insolitum.
3129 1073 3420 1144 Quomodo
3461 1084 3580 1138 uni-

325 1189 452 1239 των,
483 1175 620 1244 ὅπερ
647 1173 746 1227 οὐκ
769 1175 976 1244 ἠγνόει,
1005 1177 1080 1239 ὼς
1107 1177 1316 1244 ἀγνοῶν
1331 1178 1553 1249 ἠρώτας
1583 1180 1692 1233 Ποῦ
1723 1183 1902 1236 κεῖται

2004 1181 2294 1223 versorum
2335 1166 2586 1234 Greater,
2605 1169 2754 1222 velut
2777 1170 3078 1239 ignoraret,
3100 1170 3247 1240 quod
3279 1185 3386 1226 non
3420 1172 3577 1244 igno-

325 1265 384 1319 ὃν
415 1263 696 1339 θρηνεῖτε;
730 1266 838 1320 Ποῦ
869 1267 1134 1322 τέθαπται
1168 1269 1440 1341 Λάζαρος,
1460 1272 1520 1324 ὃν
1555 1273 1674 1342 μετ’
1705 1273 1904 1344 ὀλίγων

2003 1261 2183 1324 rabat,
2217 1260 2694 1332 percontabatur?
2717 1261 2824 1317 Ubi
2858 1262 3082 1332 positus
3121 1273 3208 1318 est
3237 1279 3398 1334 quem
3431 1266 3582 1336 luge-

327 1359 392 1410 ἐκ
424 1357 654 1429 νεκρῶν,
683 1357 862 1422 ζῶντα
890 1361 1026 1430 ἡμῖν
1055 1360 1400 1434 ὲξανεστήσω
1429 1348 1580 1434 ἒτώι

2004 1351 2116 1407 tis?
2153 1351 2257 1408 Ubi
2290 1353 2542 1422 sepultus
2567 1350 2833 1418 Lazarus,
2865 1365 3030 1424 quem
3059 1367 3164 1424 ego
3209 1349 3360 1410 brevi
3393 1370 3518 1412 sum
3549 1371 3580 1411 a

2003 1445 2238 1500 mertuis
2296 1443 2710 1501 suscitaturus?
3439 1494 3450 1504 _

398 1539 560 1592 Λίθον
603 1537 664 1592 ὃν
709 1555 792 1592 σοι
843 1537 1246 1608 προσεκύλισαν
1301 1541 1352 1592 oi
1401 1540 1766 1610 κηδεύσαντές
1817 1559 1898 1609 σε,

2073 1535 2333 1607 Lapidem
2361 1551 2522 1608 quem
2549 1537 2648 1592 tibi
2683 1537 3065 1600 advolverant,
3095 1537 3192 1608 qui
3221 1545 3376 1594 tuum
3421 1553 3581 1594 cura-

327 1629 516 1684 τοῦτον
545 1630 868 1698 συγκινῆσαι
899 1631 927 1684 6
966 1628 1174 1699 Ἰησοῦς
1203 1631 1538 1702 προστάξας,
1569 1633 1732 1697 εὐθὺς
1765 1635 1904 1688 ἀνέ-

2002 1631 2130 1680 rant
2163 1625 2351 1692 funus,
2409 1628 2506 1680 ubi
2562 1623 2725 1680 Jcsus
2763 1640 2794 1679 a
2823 1623 3312 1697 Judaeisjnssisset
3345 1627 3579 1692 revolvi,

330 1720 497 1790 στησὲ
559 1737 640 1782 σε,
706 1721 962 1791 φωνήσας
1011 1739 1095 1774 σοι
1120 1738 1133 1750 ·
1187 1719 1402 1793 Λάζαρε
1431 1761 1447 1789 ,
1473 1723 1716 1778 ἀνάσταο
1742 1723 1902 1797 δεῦρο

2003 1728 2058 1774 te
2089 1719 2272 1775 statim
2295 1718 2650 1775 resuscitavit
2673 1731 2914 1785 ;vocans
2941 1727 3028 1774 te:
3050 1718 3280 1786 Lazare,
3307 1736 3534 1792 resurgo
3561 1738 3575 1786 ;

329 1777 466 1883 πρός
501 1829 568 1882 με
595 1827 608 1842 ·
629 1777 738 1865 ,ἵνα
772 1777 868 1884 τὴν
896 1777 994 1884 air)
1021 1815 1050 1867 6
1079 1813 1211 1884 ᾅδης
1241 1777 1650 1886 πτή.ξῃ’φωεθήν.
1752 1777 1763 1779 _
1815 1777 1856 1797 Ἰ
1884 1777 1896 1778 7

1931 1777 1978 1833 Β
2006 1811 2131 1867 veni
2167 1811 2234 1866 ad
2267 1823 2389 1876 me,
2422 1817 2484 1864 ut
2513 1817 2606 1864 tua
2639 1809 2914 1864 infernum
2949 1825 3085 1868 voce
3119 1813 3469 1882 percelleres.

397 1903 598 1976 Μάρθα
631 1907 725 1958 καὶ
747 1905 956 1975 Μαρία,
985 1907 1158 1977 Κύριε
1179 1946 1194 1970 ,
1227 1907 1484 1977 ὀδυρμοῖς
1513 1908 1705 1962 ὲόόων·
1741 1926 1760 1960 t
1797 1907 1902 1962 Ἴδε

2079 1901 2287 1956 Martha
2343 1900 2647 1971 Mariaque,
2690 1914 2724 1954 ο
2777 1900 3032 1968 Domine,
3063 1903 3330 1972 gemendo
3373 1905 3577 1958 clama-

325 1995 386 2047 ὃν
409 1995 613 2063 ἐφίλεις
631 1999 942 2064 τεταρταῖος
961 1996 1162 2060 δζει.Εί
1180 1993 1248 2069 ἦς
1269 1992 1370 2053 ὧδε
1385 2000 1530 2064 τότε,
1551 2001 1651 2054 οὐκ
1671 2001 1902 2074 ἔθνησκε

2005 1995 2138 2051 bant
2171 2009 2184 2045 :
2224 2013 2244 2046 ι
2306 1992 2449 2049 Ecce
2480 2009 2642 2062 quem
2690 1993 2936 2060 amabas,
2985 1993 3391 2063 quatriduanus
3425 1993 3573 2082 fetet‘.

326 2085 598 2158 Λάζαρος.
636 2107 654 2138 ι
701 2089 840 2140 Ἀλλ’
870 2087 944 2152 ὡς
971 2088 1274 2162 ἀχώριστος
1297 2093 1460 2146 παντὶ
1484 2133 1499 2159 ,
1527 2093 1716 2147 τοῦτον
1743 2093 1903 2159 εὐθὺς

2006 2085 2064 2141 Si
2109 2085 2315 2141 fuisses
2371 2085 2488 2150 hic,
2537 2099 2647 2139 non
2687 2083 2885 2140 fuisset
2909 2093 3162 2139 mortuus
3193 2083 3438 2140 Lazarus
3467 2085 3516 2139 '.
3555 2103 3573 2135 ι

327 2181 586 2249 φωνήσας
615 2179 866 2250 ἤγειρας.

2003 2175 2208 2233 Verum
2249 2176 2344 2248 qui
2375 2189 2648 2247 nusquam
2682 2175 2926 2240 deesses,
2958 2189 3082 2230 eum
3114 2175 3296 2230 statim
3333 2176 3579 2230 vocando

2003 2267 2377 2324 resuscitasti.

407 2359 601 2422 Ῥάνας
638 2358 732 2410 ἐπὶ
769 2355 906 2429 φίλῳ
944 2359 1157 2430 δάκρυα
1197 2361 1264 2414 δι’
1307 2363 1650 2435 οἰκονομίαν,
1693 2365 1902 2434 ἔδειξας

2077 2359 2306 2414 St‘illans
2341 2355 2754 2427 dispensatione
2797 2355 3072 2426 lacrymas
3113 2367 3282 2424 super
3313 2355 3576 2416 amicum,

323 2449 422 2521 τὴν
451 2451 630 2521 σάρκα
653 2449 751 2518 τὴν
781 2449 839 2514 ἐξ
867 2450 1026 2522 ἡμῶν
1055 2450 1356 2523 ληφθεῖσαν
1379 2495 1394 2520 ,
1425 2455 1584 2528 οὐσία
1603 2499 1618 2524 ,
1653 2459 1713 2512 οὐ
1743 2457 1904 2531 δοκή-

2003 2467 2226 2506 carnem
2261 2457 2427 2532 quam
2461 2463 2528 2505 ex
2557 2447 2716 2502 nobis
2743 2446 3170 2515 assumpsisses,
3203 2447 3448 2501 essentia
3469 2461 3576 2500 non

327 2559 448 2608 σει,
483 2541 668 2612 Σῶτερ
696 2582 712 2608 ,
755 2541 1050 2595 ἐνωθείσάν
1103 2560 1186 2596 σοι
1219 2560 1232 2574 ο
1274 2547 1368 2599 καὶ
1405 2547 1480 2612 ὡς
1521 2547 1900 2622 φιλάνθρωπος

2003 2541 2345 2612 apparentia,
2409 2543 2618 2596 unitam
2682 2539 2782 2593 tibi
2845 2537 3388 2607 ostendistiurtque
3436 2535 3581 2591 Deus

324 2631 476 2698 Θεὸς,
507 2632 698 2686 τοῦτον
717 2633 879 2697 εὐθὺς
908 2636 1187 2705 φωνήσας,
1227 2637 1480 2710 ἤγειρας.
1859 2701 1870 2708 _

2001 2633 2276 2700 benignus
2305 2646 2371 2686 ac
2405 2631 2742 2695 misericors,
2775 2643 2900 2684 eum
2927 2631 3113 2683 statim
3139 2629 3388 2702 vocando
3421 2643 3579 2684 resu-

551 2771 568 2786 .
2002 2725 2244 2779 scitasti.

395 2808 556 2880 Οτμοι
583 2809 597 2863 l
640 2809 809 2872 ὅντως
858 2807 952 2863 νῦν
994 2807 1270 2875 ἀπόλωλα,
1300 2809 1509 2863 ἐκϐοῶν
1534 2811 1562 2864 ό
1593 2809 1727 2883 ᾅδης
1756 2811 1898 2866 οὕτω
1947 2799 1972 2822 ’

2071 2815 2186 2873 Heu
2215 2817 2338 2872 mel
2395 2827 2524 2871 vere
2585 2827 2734 2867 nunc
2773 2811 2909 2880 perii
2947 2823 3010 2863 ac
3042 2809 3112 2864 de
3143 2825 3228 2864 me
3259 2816 3440 2863 actum
3471 2817 3578 2870 est,

324 2897 667 2970 προσεφώνει
693 2899 772 2970 τῷ
798 2897 1014 2971 Θανάτῳ
1041 2901 1234 2970 λέγων’
1280 2901 1409 2954 Ἰδοὺ
1438 2905 1465 2955 6
1491 2899 1806 2975 Ναζαραῖος
1827 2907 1898 2961 τὰ

2010 2909 2274 2966 clamabat
2301 2908 2552 2964 infernus
2593 2906 2660 2960 ad
2693 2909 2928 2959 moi-tem
2973 2921 2986 2958 :
3023 2903 3166 2959 Ecce
3223 2903 3369 2956 enim
3414 2901 3591 2955 Nara-

326 2988 475 3044 κάτω
498 2989 800 3054 συνέσεισε,
825 2991 920 3045 καὶ
948 2995 1044 3062 τὴν
1065 2993 1308 3063 γαστέρα
1333 3009 1435 3064 μου
1455 2993 1662 3064 τεμὼν,
1691 2997 1895 3050 ἄπνουν

2001 3017 2143 3058 rzeus
2184 3001 2275 3056 ille
2307 2997 2522 3054 inferna
2551 2995 2860 3063 concussit,
2893 3005 3153 3065 sectoque
3199 3009 3322 3049 meo
3367 3001 3581 3056 ventre,

323 3081 538 3153 νεκρὸν,
567 3081 823 3152 φωνήσας
845 3081 1056 3152 ἤγειρε.

1921 3114 1964 3172 ο
2000 3101 2276 3148 mortuum
2307 3091 2426 3145 sine
2458 3089 2680 3158 spiritu,
2707 3085 2958 3141 vocando
2993 3084 3367 3140 resuscitavit.

397 3170 507 3226 Ποῦ
539 3171 572 3240 ή
602 3171 711 3223 τῶν
755 3170 1022 3239 Ἐϐραίων
1050 3169 1243 3238 ἄνοιας
1273 3171 1384 3224 Ποῦ
1422 3173 1456 3243 ἡ
1487 3171 1716 3225 ἀπιστία
1742 3188 1757 3238 ;
1790 3173 1896 3237 ἕως
1935 3169 1963 3172 ’ί

2075 3180 2176 3236 Ubi
2217 3171 2941 3248 llebrocorumﬂdementia?
2999 3172 3100 3228 Ubi
3172 3169 3583 3226 incredulitas!

325 3263 456 3318 πότε
493 3263 682 3316 πλάνοι
710 3279 725 3328 ;
760 3263 906 3327 Ἕως
936 3263 1067 3316 πότε
1095 3263 1270 3330 νόθοι;
1315 3261 1512 3334 Ὁρᾶτε
1541 3263 1632 3318 τὸν
1665 3263 1898 3318 θανόντα

2003 3269 2258 3344 Quandiu
2315 3267 2677 3337 impostores?
2740 3263 2984 3336 quandiu
3035 3263 3308 3318 adulteri?
3371 3259 3581 3344 Videtis

326 3355 476 3423 φωνῇ
505 3352 881 3422 ἐξαλλόμενον,
918 3354 1013 3407 καὶ
1039 3353 1322 3406 ἀπιστεῖτε
1353 3353 1432 3424 τῷ
1479 3354 1704 3426 Χριστῷ
1727 3371 1742 3421 ;
1769 3355 1896 3406 Ὄν-

2003 3342 2280 3413 mortunm
2297 3357 2364 3412 ad
2388 3371 2576 3411 vocem
2599 3372 2759 3410 unam
2773 3355 3138 3418 exsilientem,
3159 3363 3212 3409 et
3227 3367 3335 3409 non
3357 3342 3583 3410 creditis

323 3461 432 3507 τως
469 3443 579 3498 υἱοὶ
601 3441 696 3497 τοῦ
721 3442 944 3506 σκότους
976 3443 1178 3505 πάντες
1206 3443 1388 3512 ὑμεῖς.

2004 3447 2262 3504 Christo?
2284 3445 2422 3502 Vere
2453 3459 2552 3502 vos
2588 3459 2780 3501 omnes
2813 3445 2906 3499 filii
2937 3444 3306 3510 tenebrarum.

1022 3556 1196 3620 Δόξα.

2692 3557 2898 3614 Gloria.

397 3643 532 3702 Ἕνα
561 3648 660 3720 τῆς
681 3645 908 3720 Τριάδος
937 3641 1054 3700 οἶδά
1085 3664 1142 3699 σε
1164 3687 1178 3710 ,
1209 3646 1256 3698 εί
1287 3645 1381 3698 καὶ
1411 3645 1731 3716 ὲσαρκώθης
1754 3659 1770 3676 ⁸
1803 3645 1899 3699 ἕνα

2078 3652 2154 3707 Te
2184 3667 2352 3707 unum
2387 3651 2453 3705 de
2485 3649 2755 3705 Trinitate
2779 3649 2925 3714 novi,
2957 3663 3270 3718 quanquam
3304 3663 3364 3704 es
3398 3650 3583 3706 incar-

326 3739 422 3792 καὶ
449 3737 654 3804 δοξάζω
681 3739 810 3792 Υίὸν
837 3738 1254 3810 σεσαρκωμὲνον
1289 3738 1379 3791 τὸν
1405 3741 1470 3792 ὲκ
1508 3739 1608 3809 τῆς
1634 3740 1897 3792 Θεοτόκον

2004 3755 2200 3810 natus;
2260 3758 2540 3812 unumque
2570 3739 2820 3812 gloriiico
2854 3737 3051 3794 Filium
3089 3740 3460 3807 incarnatum,
3513 3758 3580 3797 et

326 3829 581 3901 ἀσπόρως
615 3829 1020 3900 βλαστήσαντα,
1049 3830 1143 3884 καὶ
1178 3832 1276 3884 σὺν
1309 3829 1486 3901 Πατρὶ
1515 3831 1611 3882 καὶ
1647 3829 1899 3902 Πνεύμαά

2008 3833 2238 3904 Deipara
2271 3835 2390 3889 sine
2420 3835 2630 3890 semine
2683 3842 2895 3894 natum,
2922 3833 3213 3902 ipsumque
3242 3849 3369 3887 cum
3394 3831 3580 3900 Patre,

325 3937 404 3988 τι,
439 3919 536 3972 ἕνα
564 3919 692 3972 Υἰδν
714 3918 1186 3990 δοξολογοὺμενον.

2006 3936 2053 3982 et
2089 3926 2298 3996 Spiritu
2329 3935 2544 3990 sancto,
2563 3919 2753 3978 Filium
2789 3939 2955 3976 llllllm
2986 3925 3373 3993 glorificatum.

964 4032 1074 4084 Καὶ
1129 4031 1266 4087 νῦν.

2639 4029 2711 4085 Et
2784 4047 2943 4084 nunc.

399 4143 558 4200 Ξένον
584 4147 678 4200 καὶ
708 4143 937 4216 φρικτὸν
957 4146 1033 4198 ’τὸ
1079 4146 1281 4217 ὅραμα,
1313 4147 1370 4214 ἐξ
1403 4147 1735 4218 οἰκονομίας,
1765 4147 1900 4219 ὅπερ

2074 4146 2250 4208 Nova,
2267 4160 2332 4198 ex
2352 4143 2786 4214 dispensatione,
2809 4147 2972 4210 visio,
2995 4153 3052 4200 et
3083 4145 3378 4212 horrenda,
3411 4161 3575 4216 quam

330 4235 624 4307 προεώρων
653 4238 704 4289 οἱ
729 4237 984 4306 ἀψευδεῖς
1011 4238 1289 4308 προφῆται
1311 4239 1586 4310 Παρθένον
1615 4239 1898 4301 Θεὸτοκον,

2007 4234 2378 4304 prmiderunt
2405 4245 2633 4289 veraces
2677 4235 2998 4303 prophetae:
3032 4249 3249 4303 nempe,
3285 4235 3574 4306 Deiparam

329 4328 584 4399 ἀσπὸρως
634 4329 732 4396 μὲν
781 4327 1019 4381 κυοῦσαν
1068 4330 1358 4399 ἀσπόρως,
1409 4330 1704 4384 τίκτουσαν
1731 4330 1898 4394 Θεὸν,

2009 4325 2308 4395 Virginem,
2351 4333 2618 4394 conceptu
2658 4331 2930 4396 partuque
2953 4325 3076 4382 sine
3105 4326 3336 4389 semine,
3367 4329 3575 4382 casta‘m

331 4418 596 4489 μένουσαν
622 4418 678 4472 δὲ
721 4419 860 4488 μετὰ
909 4421 1066 4472 τόκον
1091 4420 1283 4488 ἁγνήν.
1713 4477 1728 4486 ν

1009 4437 1066 4472 ον
1091 4420 1283 4488 ἁγνήν.
1713 4477 1728 4486 ν
1935 4455 1976 4508 D
2007 4434 2038 4472 a
2069 4426 2226 4488 partu
2259 4425 2590 4472 manentem.

794 4530 928 4602 ’ῼδὴ
993 4532 1063 4585 δ’.
1115 4531 1168 4584 Ὁ
1203 4531 1438 4598 Ειρμός.

1429 4569 1438 4581 .
2551 4525 2664 4580 Ode
2687 4527 2738 4579 4.
2767 4527 3010 4580 Ilirmus.

411 4639 546 4710 Ἐπή
559 4639 659 4710 ρθη
688 4643 716 4693 6
743 4641 912 4710 ἥλιος,
941 4642 1040 4694 καὶ
1070 4641 1103 4711 ἡ
1153 4639 1348 4710 σελήνη
1380 4638 1512 4709 ἔστη
1543 4641 1602 4692 ὲν
1639 4642 1705 4710 τῇ
1749 4639 1902 4707 τάξει

2077 4641 2334 4696 Elevatus
2364 4647 2448 4694 est
2481 4642 2566 4694 sol
2593 4642 2640 4706 ι,
2663 4640 2902 4709 lunaque
2953 4641 3109 4694 stetit
3148 4640 3202 4694 in
3236 4641 3428 4696 ordino
3450 4656 3571 4696 suo.

328 4729 517 4798 αὐτῆς.
539 4729 811 4800 Ὑψώοης,
837 4729 1180 4801 μακρόουμε,
1204 4733 1297 4784 ἐπὶ
1323 4729 1418 4783 τοῦ
1449 4729 1628 4794 ξύλου,
1655 4731 1748 4783 καὶ
1770 4731 1903 4801 ἔπη-

2005 4733 2260 4788 Elcvatus
2287 4746 2346 4784 es
2378 4733 2429 4784 in
2461 4730 2628 4801 ligno,
2665 4747 2698 4786 ο
2727 4729 3073 4803 longanimis,
3129 4739 3390 4802 tuamque
3423 4733 3477 4786 in
3510 4749 3573 4787 eo

329 4819 426 4887 ξας
455 4823 514 4873 ὲν
540 4821 688 4890 αὐτῷ
717 4822 816 4892 τὴν
859 4822 1189 4891 Ἐκκλησίαν
1216 4839 1333 4875 σου.

938 4822 1189 4891 ικλησίαν
1216 4839 1333 4875 σου.
1995 4821 2296 4878 Ecclesium
2334 4819 2519 4875 fixisti.

413 4911 750 4981 Ἐδέικρυσας
769 4953 784 4975 ,
811 4910 984 4980 Κύριε
1011 4951 1026 4976 ,
1056 4912 1148 4964 ἐπὶ
1180 4911 1455 4981 Λαζάρῳ,
1483 4909 1662 4975 δείξας
1691 4907 1771 4962 ὅτι
1801 4909 1898 4963 ἄν·

2065 4911 2425 4982 Lacrymatus
2449 4927 2531 4974 es,
2561 4911 2810 4976 Domine,
2847 4927 3012 4983 super
3047 4913 3314 4967 Lazarum
3351 4929 3365 4965 :
3399 4913 3575 4967 homi-

330 4999 545 5074 prrro;
577 4996 628 5052 εἶ
657 5039 672 5063 ,
706 5000 800 5051 καὶ
838 5001 1063 5070 ἧγειρας
1093 5041 1106 5064 ,
1139 5000 1389 5053 Δέσποτα
1409 5041 1422 5066 ,
1448 4999 1540 5052 τὸν
1587 5000 1856 5076 τεθνεῶτα
1881 5019 1896 5062 ,

1997 5019 2120 5059 nem
2189 5014 2239 5058 te
2305 5005 2423 5074 ipse
2461 5003 2802 5068 ostendens,
2874 5007 3260 5076 excitastique,
3323 5005 3571 5070 Domine,

329 5091 422 5142 καὶ
459 5090 663 5154 ἔδειξας
696 5087 807 5154 τοῖς
836 5090 1006 5156 λαοῖς,
1032 5091 1113 5144 ὅτι
1150 5091 1276 5154 Υἱὸς
1306 5088 1356 5144 εἴ
1376 5091 1470 5144 τοῦ
1491 5089 1652 5146 Θεοῦ.

2001 5107 2303 5156 mortuum.
2335 5109 2398 5147 ac
2443 5103 2494 5148 te
2523 5097 2742 5165 populis
2777 5095 2868 5151 Dei
2889 5095 3084 5150 Filium
3110 5097 3375 5165 probasti.

411 5181 469 5233 Ὀ
518 5182 724 5244 ἄπνους
761 5182 961 5253 ἢκουσε
1004 5183 1065 5234 τὸ
1109 5183 1438 5253 πρόσταγμά
1473 5198 1602 5235 σου·
1661 5201 1680 5234 ι
1733 5183 1903 5252 Δεῦρο

2075 5183 2296 5240 Audivit
2326 5184 2420 5254 qui
2453 5185 2571 5239 sine
2617 5186 2812 5255 spiritu
2871 5193 2991 5241 erat
3021 5195 3348 5255 praeceptum
3383 5191 3573 5240 tuum:

327 5271 454 5338 ἔξω,
483 5273 702 5343 Λαζάρε
724 5289 738 5304 ·
770 5293 788 5324 ι
811 5275 1068 5344 δρομαῖος
1100 5275 1352 5327 ἀνίστατο
1387 5275 1484 5328 σὺν
1513 5275 1626 5337 τοῖς
1656 5275 1902 5345 σπαργά-

2013 5295 2030 5328 ι
2071 5276 2300 5342 Lazare,
2333 5274 2456 5330 veni
2501 5275 2650 5332 foras
2696 5287 2755 5342 u;
2804 5298 2822 5328 ι
2879 5277 3224 5347 festinusque
3277 5277 3579 5332 resurrexit

326 5379 461 5430 νοις,
490 5366 582 5417 καὶ
607 5365 823 5434 ἧλλατο,
859 5365 1052 5434 ἀγαθὲ,
1080 5365 1291 5427 δεικνὺς
1321 5366 1380 5418 τὸ
1411 5365 1615 5436 κράτος
1643 5383 1757 5420 σου.

2008 5385 2132 5422 cum
2174 5366 2393 5428 fasciis;
2451 5365 2846 5437 exsiliensquc,
2899 5383 2931 5421 ο
2975 5368 3136 5432 bone,
3173 5373 3277 5420 tua
3323 5366 3579 5436 potentias

2008 5459 2287 5529 specimen
2326 5455 2599 5509 exhibuit.
2631 5499 2635 5502 .

397 5541 511 5612 Τῆς
549 5541 784 5613 Μάρθας
820 5545 892 5598 τὰ
937 5544 1173 5617 δάκρυα,
1210 5544 1427 5614 καὶτῆς
1471 5545 1694 5615 Μαρίας
1741 5547 1901 5600 κατὲο

2081 5545 2296 5601 Sedasti
2361 5541 2584 5600 Marthae
2633 5557 2686 5600 et
2731 5546 2914 5602 Mariae
2953 5548 3247 5620 lacrymas,
3279 5559 3312 5604 0
3361 5547 3581 5604 Christe

401 5725 426 5758 τ
462 5715 608 5774 Psal.
639 5733 812 5784 cxvn,
855 5716 960 5777 22:
998 5716 1190 5772 Matth.
1229 5733 1340 5784 ut,
1369 5716 1460 5772 42.
1540 5726 1562 5753 ³
1599 5715 1760 5776 Joan.
1803 5733 1876 5778 xl.
1938 5721 1982 5776 5‘.

1609 5715 1760 5776 loan.
1803 5733 1876 5778 xl.
1938 5719 2126 5788 59.9.1.
2215 5734 2230 5758 ι
2279 5723 2446 5780 Josue
2483 5739 2536 5786 ι,
2573 5721 2657 5776 15.
2745 5721 2954 5778 "Joan.
2991 5739 3064 5790 xi,
3097 5725 3190 5779 ιε.
