4004 6150
520 243 650 321 ἱῧῖιί
1380 304 1408 323 .

1705 258 1770 318 S.
1803 258 2136 320 ANDRE/E
2170 256 2591 327 CRETENSIS

3580 280 3679 352 1392

517 356 664 417 Deus
695 376 708 412 :
740 359 1010 414 Lazarum
1044 361 1370 416 auctoritate
1397 362 1896 428 vocans,vocando
1916 363 2093 418 susci-

2193 383 2429 431 παυσας,
2464 368 2669 437 Χριστέ
2702 370 2729 422 ό
2757 368 2886 433 Θεός
2913 387 2927 402 ·
2963 373 3221 444 φωνήσας
3236 374 3320 430 τὸν
3354 378 3564 453 Λάζαρον
3583 388 3678 439 αὐτ.

520 454 648 513 tasti
676 470 692 521 ;
727 453 884 524 isque
916 462 968 508 te
1003 452 1272 507 adoravit.

581 632 946 704 Lacrymatus
971 646 1135 701 super
1160 628 1428 687 Lazarum
1449 646 1547 702 pro
1584 631 1824 687 hominis
1860 632 2091 700 ratione,

514 725 763 780 eurudem
830 739 936 792 qua
999 723 1146 778 Deus
1209 724 1465 779 excitasti
1500 740 1513 776 :
1546 726 1966 792 percontabar-is
1996 765 2012 790 ,
2061 740 2095 780 ο

516 822 691 881 bone,
759 818 851 871 ubi
909 825 1059 872 esset
1125 819 1373 887 sepultus
1439 818 1868 887 quatriduauus,
1931 816 2093 872 iidem

515 921 769 965 astruens
795 919 1096 978 assumpta:
1125 908 1473 964 humanitati.

585 1001 790 1057 Volens
821 1000 1096 1071 passionis
1131 1010 1239 1055 tuae
1263 1010 1317 1056 et
1347 1000 1532 1056 crucis
1558 999 1833 1073 symbola,
1862 1010 1895 1054 0
1927 1001 2091 1065 bone,

514 1096 833 1159 declarare;
858 1092 1162 1146 insatiabili
1196 1102 1358 1161 rupto
1392 1091 1595 1147 inferni
1638 1101 1847 1158 ventre,
1881 1091 2093 1162 quatri-

515 1189 757 1244 duanum
794 1184 1142 1239 resuscitasti
1174 1182 1362 1239 divina
1405 1191 1693 1252 potestate.

582 1276 720 1342 Quis
754 1273 914 1336 vidit,
944 1273 1070 1342 quis
1101 1273 1335 1339 audivit,
1380 1281 1438 1327 ut
1475 1283 1729 1329 mortuus
1786 1275 1950 1329 homo
1975 1274 2092 1343 jam

516 1367 694 1433 fetens
746 1364 1158 1419 resurrexerit?
1218 1363 1485 1434 Equidem
1538 1365 1852 1419 excitarunt
1919 1364 2090 1428 Elias,

514 1456 887 1535 Elisreusque;
939 1452 1085 1508 haud
1146 1460 1327 1509 tamen
1374 1469 1440 1510 ex
1492 1454 1729 1522 tumulo,
1761 1455 1844 1510 vel
1877 1455 2094 1525 quatri-

516 1550 781 1604 duanum.

583 1638 778 1702 Tuam,
812 1635 1059 1702 Domine,
1088 1634 1378 1691 laudamus
1408 1637 1706 1707 potentiam
1734 1654 1748 1702 ;
1800 1634 2088 1691 laudamus
2132 1688 2139 1695 .

2197 458 2490 525 εξουσιως,
2540 461 2872 532 συνήγειρας
2911 466 2977 533 τῇ
3020 468 3216 537 φωνῇ,
3253 470 3337 521 καὶ
3376 480 3681 547 προσεκύνηςέ

2198 563 2302 600 σοι.

2266 640 2556 711 Δακρύσας
2579 641 2655 706 ὡς
2674 642 2959 716 ἄνθρωπος
2985 645 3077 698 ἐπὶ
3102 646 3349 720 Λαζάρὶρ,
3365 651 3607 725 ὲξήγειρας
3621 658 3684 709 αὑ-

2192 729 2286 785 τὸν
2318 731 2393 795 ὡς
2428 733 2582 798 Θεός.
2623 735 2869 805 Ἠρώτας
2913 736 3016 789 ποῦ
3048 738 3306 792 τέθαπται
3350 744 3376 795 ὀ
3403 749 3682 814 τεταρταῖος,

2196 823 2580 896 πιστούμενος,
2613 826 2807 895 ἀγαθὲ,
2833 827 2932 897 τὴν
2953 828 3358 899 ὲνανθρὼπησίν
3389 849 3487 886 σου.

2265 996 2372 1053 Τοῦ
2395 997 2599 1064 πάθους
2624 999 2692 1053 τά
2719 1000 2986 1071 σύμϐολα,
3015 1003 3109 1055 καὶ
3139 1003 3232 1057 τοῦ
3255 1007 3468 1077 σταυροῦ
3491 1025 3569 1063 σου
3589 1029 3687 1078 γνω-

2197 1090 2347 1161 ρίσαι
2401 1090 2708 1161 βουληθεὶς,
2765 1094 2961 1161 ἀγαθὲ,
3017 1093 3115 1148 τοῦ
3169 1096 3290 1167 ᾅδου
3339 1099 3429 1169 τὴν
3475 1101 3691 1172 ἄπληστον

2191 1181 2433 1252 γαστέρα
2458 1182 2649 1253 ῥήξας,
2678 1183 2982 1254 ἀνέστησας
3002 1185 3077 1250 ὡς
3100 1187 3230 1252 Θεὸς
3257 1189 3342 1242 τὸν
3367 1193 3689 1263 τετραήμερον.

2263 1270 2359 1336 Τίς
2390 1270 2519 1339 εἶδε,
2545 1274 2627 1336 τίς
2656 1275 2909 1345 ἤκουσεν,
2949 1279 3030 1330 ὄτι
3075 1279 3273 1350 ἀνέστη
3321 1280 3693 1353 ἀνθρωπονεκρὸς

2189 1363 2430 1427 ὀδωδώς·
2471 1365 2653 1428 Ἠλίας
2685 1366 2783 1436 μὲν
2822 1368 3009 1439 ἤγειρε
3042 1371 3137 1423 καὶ
3181 1350 3478 1438 Ἐλισσαῖος,
3510 1350 3693 1427 ἀλλὀὐκ
3768 1350 3771 1359 1

2190 1456 2255 1510 ἐκ
2286 1457 2587 1528 μνήματος,
2621 1457 2736 1510 ἀλλ’
2764 1458 2883 1511 οὐδὲ
2914 1464 3250 1532 τεταρταῖον.

2271 1629 2580 1703 Ὑμνοῢμέν
2606 1649 2721 1697 σου,
2754 1633 2950 1705 Κύριε,
2989 1635 3087 1707 τὴν
3118 1636 3452 1692 δυναστείανυ
3476 1636 3695 1709 ὑμνοῦμεν

514 1738 569 1783 et
594 1741 734 1791 tuas,
760 1742 794 1782 0
823 1726 1064 1791 Christe,
1094 1727 1418 1796 passiones;
1450 1727 1543 1780 illa
1564 1728 1784 1798 quidem
1826 1736 2087 1797 tanquam

2194 1722 2287 1774 καὶ
2312 1720 2381 1775 τὰ
2413 1724 2580 1795 πάθη,
2634 1725 2838 1795 Χριστέ
2859 1741 2872 1755 ·
2902 1729 2969 1798 τῇ
3022 1728 3122 1796 μὲν
3149 1729 3257 1799 γάρ
3279 1730 3349 1793 ὡς
3372 1728 3692 1798 εὖσπλαγχνος,

515 1821 867 1884 misericors,
901 1817 1169 1871 miracula
1222 1818 1541 1887 operaharis
1579 1837 1593 1873 :
1626 1820 1724 1874 has
1762 1826 1941 1873 autem
1972 1820 2089 1874 dis-

511 1911 839 1981 pensatione
864 1906 1084 1962 subiisti
1128 1916 1187 1960 ut
1216 1906 1398 1960 homo.

589 2001 731 2056 Deus
769 2013 829 2054 es
846 2008 1007 2067 atque.
1031 1997 1213 2061 homo,
1234 2011 1360 2050 vera
1386 1996 1550 2052 rebus
1570 1997 1810 2067 probans
1841 1999 2088 2051 nomina.

522 2086 627 2158 Tu,
663 2090 922 2156 Verbum,
974 2102 1144 2142 carne
1174 2097 1588 2164 monumentum
1650 2089 1840 2154 adisti,
1879 2091 2094 2157 quatri-

515 2186 870 2251 duanumque
892 2180 1076 2235 divina
1099 2180 1431 2234 auctoritate
1470 2178 1773 2235 suscitasti.

586 2276 1028 2343 Obstupuerunt,
1069 2269 1317 2338 Domine,
1356 2270 1711 2325 Hebraeorum
1772 2271 1985 2341 populi,
2035 2280 2095 2326 ut

514 2366 770 2423 viderunt
797 2361 865 2416 ad
893 2370 1041 2415 tuam
1074 2376 1261 2416 vocem
1295 2362 1674 2417 resurrexisse
1724 2361 1988 2417 Lazarum
2028 2365 2094 2419 de

515 2459 803 2529 sepulcro;
836 2452 1060 2522 tuisque
1090 2452 1457 2508 nihilominus
1495 2452 1783 2509 miraculis
1822 2452 2092 2509 increduli

516 2558 886 2621 permansere.

1198 2633 1404 2690 Gloria.

586 2722 882 2781 Eternum
919 2741 948 2780 a
1002 2724 1164 2780 Patre
1197 2733 1314 2792 tuo,
1340 2741 1373 2778 ο
1408 2724 1684 2788 Salvator,
1716 2736 1815 2778 ceu
1851 2740 1993 2780 unus
2027 2724 2094 2779 de
2148 2742 2161 2759 ·

516 2829 709 2872 sancta
736 2817 1006 2872 Trinitate
1041 2815 1295 2871 eﬂulsisti
1332 2834 1344 2869 :
1375 2816 1430 2869 in
1469 2825 1713 2881 tempore
1749 2823 1956 2880 autem,
1997 2817 2092 2885 qui

516 2909 595 2963 sis
624 2907 802 2976 major
819 2907 1157 2972 substantia,
1186 2907 1240 2960 in
1265 2906 1484 2975 spiritu,
1510 2920 1575 2961 ex
1599 2906 1966 2976 sanguinibus
1987 2909 2095 2962 vir-

517 2994 821 3067 ginalibus,
851 3003 1073 3066 sumpta
1114 3009 1283 3056 carne
1315 2994 1587 3065 prodiisti.
2117 3036 2164 3099 Ο

1167 3083 1234 3139 Et
1284 3101 1440 3140 nunc.

584 3177 685 3234 Dei
710 3178 1025 3239 ,Genitricis
1069 3179 1360 3247 conceptio
1401 3178 1523 3232 sine
1568 3178 2034 3247 semine;partus
2062 3193 2092 3232 a

516 3270 891 3339 corruptionis
940 3268 1240 3325 violatione
1299 3267 1581 3322 innnunis.
1635 3267 1778 3324 Deus
1820 3270 2092 3339 siquidem

520 3371 818 3429 utrumque
870 3367 1133 3428 operatus
1192 3358 1541 3422 miraculum,
1592 3358 1752 3414 nobis
1793 3360 2091 3428 unicndus,

517 3450 758 3520 seipsum
794 3448 1123 3505 exinanivit.

1066 3542 1175 3594 Ode
1205 3540 1258 3595 5.
1297 3541 1538 3597 Hirmus.

584 3631 662 3687 Da
700 3633 879 3696 nobis,
924 3630 1025 3685 Fili
1053 3630 1169 3696 Dei,
1202 3645 1388 3700 pacem
1415 3640 1563 3684 tuam
1589 3645 1728 3685 :non
1754 3630 1900 3685 enim
1941 3640 2095 3687 extra

514 3730 572 3776 te
626 3706 1013 3791 cegnoscimus
1066 3719 1235 3774 alium
1284 3720 1448 3774 Deum
1486 3737 1499 3773 :
1537 3720 1741 3790 quippe
1789 3718 1931 3776 Deus
1980 3724 2095 3793 ipse

515 3816 766 3867 vivorum
811 3820 1268 3881 mm‘tuorumque
1300 3813 1544 3868 exsistis.

587 3903 690 3970 Qui
727 3898 804 3958 Sis
834 3904 967 3969 vita,
1011 3901 1241 3956 Domine
1276 3912 1329 3957 et
1388 3902 1481 3956 lux
1512 3916 1666 3966 vera,
1704 3903 1954 3958 vocando
1988 3902 2125 3969 [ιιι-Ἰ

514 4012 728 4060 turum,
789 3994 1190 4050 exsuscitasti:
1227 4003 1284 4048 ut
1339 4004 1536 4063 potens
1595 3994 1765 4061 enim,
1822 3993 1988 4050 Deum
2043 4006 2096 4051 te

518 4089 766 4141 rivorum
798 4095 853 4142 et
885 4097 1229 4141 mortuorum
1259 4085 1581 4141 exbibuisti.

586 4180 706 4234 Non
739 4178 953 4244 ferens,
996 4194 1028 4232 o
1078 4176 1233 4241 Jesu,
1268 4178 1539 4243 infernus,
1573 4180 1927 4249 importabile
1961 4175 2120 4250 μαθέ
2154 4176 2162 4185 ’

516 4281 735 4342 ceptum
765 4284 957 4338 tuum;
1002 4284 1321 4340 quanquam
1373 4277 1655 4340 receperat
1707 4273 1929 4337 milites,
1965 4289 2097 4327 eun—

517 4373 797 4418 sternatus
824 4370 940 4426 est;
983 4363 1275 4430 vivumque
1325 4360 1593 4425 Lazarum
1627 4364 1694 4415 ad
1727 4365 1970 4432 primam
2004 4380 2095 4417 vo-

515 4467 637 4509 cem
671 4461 845 4518 tuam,
871 4466 979 4504 non
1015 4461 1290 4509 mortuum
1321 4449 1489 4503 dedit.

586 4542 690 4610 Qui
723 4542 891 4596 verbo
916 4541 1044 4596 olim
1080 4542 1333 4611 spirituum
1369 4541 1607 4609 jungens
1645 4541 1881 4613 pulveri,
1916 4544 2091 4598 lutum

517 4633 714 4705 spiritu
745 4632 1106 4693 animaveras,
1160 4646 1192 4685 o
1224 4629 1463 4684 Verbum
1484 4632 1628 4694 vitae,
1673 4647 1818 4686 nunc
1873 4650 2094 4704 quoque

517 4725 705 4784 verbo,
781 4737 812 4777 e
872 4723 1226 4791 corruptione
1292 4722 1804 4793 subterraneisque,
1856 4724 2092 4779 anticum

516 4809 825 4883 suscitasti.
1261 4875 1267 4880 _

591 4900 833 4954 (Nullus
885 4908 992 4963 est,
1064 4898 1311 4964 Domine,
1346 4899 1437 4969 qui
1488 4908 1596 4954 tuae
1653 4900 1918 4955 voluntati
1961 4897 2094 4959 resi-

515 5004 623 5052 stat
656 5003 724 5043 V:
768 5012 787 5044 ι
826 4991 1010 5057 Quare
1061 4991 1151 5044 ubi
1211 4999 1491 5046 mortuum
1547 4992 1759 5046 vocasti
1802 4991 2092 5055 Lazarum,

513 5102 640 5142 mox
677 5083 770 5155 qui
803 5086 924 5139 sine
959 5083 1157 5153 spiritu
1216 5092 1358 5146 erat,
1406 5084 1753 5150 resurrexit;
1803 5083 2096 5155 ferensque

512 5179 730 5232 vincula
752 5217 768 5243 ,
799 5175 1029 5246 pedibus
1063 5174 1438 5244 gradiebatur.

584 5269 629 5331 0
650 5266 961 5322 Iudaeorum
996 5274 1330 5321 amcntatum
1358 5267 1371 5319 Ξ
1399 5266 1443 5322 Ο
1475 5266 1715 5321 hostium
1745 5268 2090 5322 cazcitatem!

515 5359 652 5427 Quis
681 5359 813 5414 vidit
838 5368 1114 5413 mortuum
1145 5361 1476 5414 suscitatam
1509 5359 1577 5414 de
1611 5358 1904 5430 sepulcro?
1943 5358 2091 5414 Elius

515 5455 644 5509 olim
674 5450 1034 5506 exsuscitavit
1057 5451 1301 5521 quidem,
1335 5450 1479 5506 haud
1509 5458 1693 5507 tamen
1729 5465 1762 5508 e
1812 5453 2093 5522 sepulcro,

520 5558 611 5600 aut
650 5544 1077 5614 quatriduanum
1090 5562 1136 5607 ι,

591 5666 614 5697 τ
648 5642 845 5712 Esther
872 5674 991 5723 xui,
1015 5659 1073 5713 9.
1103 5668 1129 5697 ι
1203 5658 1270 5715 ιιι
1308 5663 1421 5727 Reg
1466 5667 1581 5716 xvn
1613 5656 1727 5722 .23.

2192 1810 2657 1883 ἐθαυματούργεις
2681 1830 2695 1845 ο
2727 1813 2794 1867 τὰ
2823 1813 2880 1867 δὲ
2906 1816 3269 1887 οἰκονομικῶς
3282 1817 3405 1888 ἦλου
3443 1816 3508 1879 ὡς
3531 1815 3693 1884 ἄνθρωυ

2191 1919 2312 1955 ποτ.

2262 1994 2393 2058 Θεὸς
2414 1990 2461 2048 εἶ
2488 1996 2583 2049 καῖ
2604 1996 2916 2068 ἄνθρωπος,
2942 1995 3318 2067 ἐπαληθεύων,
3341 1998 3443 2059 τοῖς
3466 1994 3697 2066 πράγμασι

2192 2085 2258 2139 τὸ.
2291 2086 2565 2157 ὀνόματα·
2619 2090 2857 2159 ἐπέστης
2908 2088 2986 2159 τῷ
3046 2090 3296 2161 μνήματι
3340 2085 3695 2161 σαρκῖόΛόγος.

2193 2180 2284 2231 καὶ
2318 2180 2547 2250 ἤγειρας
2572 2180 2646 2243 ὡς
2671 2181 2805 2245 Θεὸς
2836 2181 2927 2234 τὸν
2958 2184 3358 2253 τετραήμερον.

2276 2271 2627 2342 Ἐξέστησαν,
2661 2274 2928 2338 Δέσποτα,
2973 2273 3246 2343 Ἐϐραίων
3294 2273 3464 2343 δῆμοι,
3489 2271 3553 2335 ὡς
3594 2264 3701 2322 εἶδον
3738 2338 3741 2343 Ι

2194 2362 2503 2415 ἀναστάντα
2553 2363 2746 2434 νεκρὸν
2772 2365 2837 2414 ἐκ
2880 2365 3053 2431 τάφου
3081 2364 3333 2434 Λάζαρον
3371 2363 3460 2415 σὺν
3490 2364 3547 2431 τῇ
3587 2361 3699 2428 φωνῇ

2196 2468 2310 2514 σου,
2345 2453 2440 2505 καὶ
2464 2453 2687 2524 ἔμειναν
2721 2452 2968 2517 ἀπειθεῖς
2995 2454 3106 2506 τῶν
3135 2454 3446 2525 θαυμασέων
3471 2469 3569 2505 σου.

2891 2626 3069 2692 Δόξα.

2277 2719 2554 2791 Ἀνάρχως
2588 2717 2902 2790 ἐξέλαμψας
2958 2722 3022 2772 ἐκ
3076 2717 3177 2772 τοῦ
3212 2718 3417 2790 Πατρός
3444 2734 3543 2783 σου,
3564 2715 3624 2777 ὡς
3645 2707 3703 2775 εἷς

2192 2809 2291 2879 τῆς
2314 2809 2564 2879 Τριάδος,
2596 2808 2783 2877 Σῶτερ
2802 2825 2815 2839 ·
2845 2810 2902 2861 ἐν
2929 2807 3137 2878 χρόνῳ,
3165 2808 3223 2860 ἐν
3251 2806 3527 2876 πνεύματι,
3552 2801 3707 2874 παρθε-

2194 2900 2360 2954 νικῶν
2391 2902 2455 2953 σὺ
2488 2899 2759 2971 προῆλθες
2791 2900 3058 2970 αἱμάτων,
3092 2899 3278 2969 σάρκα
3313 2897 3497 2961 λαϐὼν,
3526 2897 3550 2948 ό
3576 2895 3706 2962 Omp-

2194 2990 2398 3053 ούσιος.

2851 3079 2962 3135 Καὶ
2993 3079 3134 3135 νῦν.

2275 3172 2345 3225 Ἦ
2366 3172 2625 3243 σύλληψις
2676 3173 2917 3244 ἄσπορος
2948 3172 3048 3244 τῆς
3087 3173 3379 3226 Θεοτάκουο
3409 3172 3435 3225 ὁ
3457 3171 3591 3231 τόκος
3612 3167 3711 3221 ἄνευ

2195 3265 2401 3328 πάθους
2432 3264 2658 3336 φθορᾶς.
2707 3266 2840 3328 Θεὸς
2874 3265 2983 3335 γὰρ
3026 3266 3323 3335 ἀμφότερα
3360 3258 3710 3332 θαυματουργή-

2174 3360 2319 3417 ’σας,
2344 3355 2614 3409 ἐκένωσεν
2657 3355 2874 3422 ἑαυτὸν,
2908 3356 2994 3409 ἵνα
3023 3357 3164 3425 ἡμῖν
3195 3355 3391 3426 ἐνωθῇ.
3704 3350 3725 3385 δ

2685 3537 2823 3608 ’ῼδὴ
2867 3546 2933 3593 ε’.
2977 3539 3030 3592 '0
3060 3542 3304 3610 Εἱρμός.

2267 3625 2382 3696 Τὴν
2413 3625 2510 3697 σὴν
2561 3628 2787 3699 εἰρήνην
2832 3630 2920 3693 δὸς
2967 3632 3123 3700 ἡμῖν,
3161 3632 3261 3684 Υἱὲ
3284 3628 3377 3682 τοῦ
3417 3627 3570 3681 Θεοῦ⁶
3595 3623 3715 3677 ἄλλον

2194 3718 2303 3788 γὰρ
2334 3719 2490 3780 ἐκτός
2527 3735 2642 3783 σου,
2671 3719 2805 3774 Θεὸν
2833 3721 2894 3774 οὐ
2929 3722 3304 3794 γινώσκομεν,
3347 3723 3423 3776 ὅτι
3455 3719 3570 3780 Θεὸς
3609 3715 3711 3779 ζών-

2194 3828 2304 3864 των
2346 3813 2439 3864 καὶ
2463 3812 2572 3865 τῶν
2595 3813 2813 3882 νεκρῶν
2842 3814 3140 3885 ὑπάρχεις.

2267 3904 2391 3974 Ζωὴ
2411 3905 2699 3976 ὑπάρχων,
2730 3906 2927 3978 Κύριε,
2961 3909 3054 3961 καὶ
3082 3910 3205 3978 φῶς
3229 3906 3507 3977 ἀληθινέηνί
3526 3902 3715 3967 Λάζαρην

2196 3997 2453 4065 φωνήσας
2498 3998 2808 4065 ἀνέστησας
2828 4012 2841 4028 ’
2875 3998 2949 4060 ὡς
2974 3998 3207 4061 δυνατὸς
3242 3997 3350 4068 γὰρ
3363 3995 3517 4051 πᾶσιν
3536 3988 3713 4052 ἔδειξας.

2194 4088 2428 4150 ὅτιθεὸς
2458 4086 2676 4151 ζώντων
2709 4089 2803 4141 καὶ
2832 4089 2939 4141 τῶν
2961 4089 3176 4159 νεκρῶν
3209 4090 3492 4158 ὑπάρχεις.

2267 4178 2377 4247 Τὴν
2416 4178 2682 4231 ἄστεκτόν
2732 4195 2824 4231 σου
2853 4179 3185 4249 πρόσταξιν,
3206 4179 3285 4250 μὴ
3326 4178 3518 4248 φέρων,
3562 4164 3713 4240 Ἰητοῦ.

2198 4267 2350 4338 ᾅδης,
2383 4267 2410 4318 ὁ
2438 4267 2671 4329 πολλοὺς
2701 4267 3018 4337 δεξάμενος,
3064 4266 3314 4335 ,ἐπτηξεο
3346 4266 3437 4318 καὶ
3462 4259 3714 4329 τεταρταῖον

2198 4359 2339 4425 ὄντα
2375 4359 2644 4431 Λάζαρον,
2695 4359 2792 4413 σὺν
2816 4362 2894 4430 ,τῇ
2933 4362 3085 4430 φωνῇ
3116 4358 3325 4427 ζῶντα,
3373 4357 3463 4411 καὶ
3487 4356 3539 4409 ού
3567 4348 3715 4419 νεκρὸν

2196 4451 2392 4508 ἐδίδου.

2266 4540 2373 4595 Τὸν
2400 4540 2531 4611 χοῦν
2579 4540 2822 4610 συνάψας
2874 4541 3177 4611 πνεύματι,
3210 4542 3239 4592 ὁ
3291 4539 3456 4595 πάλαι
3485 4535 3564 4589 τὸν
3589 4527 3715 4599 πηλὸν

2196 4632 2468 4702 πνεύματι
2508 4631 2770 4702 ψυχώσας
2796 4673 2811 4697 ,
2847 4632 2993 4702 ζωῆς
3030 4633 3199 4700 Λόγε,
3230 4632 3374 4701 λόγῳ
3407 4646 3515 4688 σου,
3547 4625 3624 4675 καὶ
3648 4618 3716 4670 νῦν

2195 4723 2249 4776 δὲ
2277 4723 2419 4793 λόγῳ
2441 4723 2830 4794 ἐξανέστησας,
2866 4724 2928 4776 ἐκ
2958 4722 3057 4793 τῆς
3087 4722 3325 4794 φθορᾶς,
3350 4720 3515 4791 φίλον,
3539 4707 3715 4767 καὶτῶν

2196 4813 2589 4884 καταχθονίων.

2272 4926 2291 4956 ι
2329 4905 2419 4976 Τῷ
2449 4904 2679 4975 νεύματί
2714 4922 2830 4969 σου,
2883 4905 3077 4976 Κύριε,
3133 4904 3469 4976 ἀνθέστηκεν
3505 4894 3665 4954 οὐδείς.
3697 4905 3711 4939 ³

2199 4999 2362 5052 Ὅθεν
2383 5000 2470 5051 ὅτε
2488 4997 2678 5069 νεκρὸν
2700 4995 2927 5066 ἐφώνεις
2946 4998 3036 5051 τὸν
3051 4998 3334 5067 Λάζαρον,
3355 4996 3506 5057 εὐθὺς
3520 4997 3544 5046 ὁ
3561 4991 3718 5043 ἄπνους

2196 5085 2540 5155 ἐξανίστατο,
2566 5086 2658 5140 καὶ
2678 5087 2746 5140 τὰ
2773 5086 2948 5158 δεσμά
2975 5085 3182 5157 φέρων,
3210 5088 3338 5140 ποσὶ
3367 5081 3666 5157 περιεπάτει.

2267 5258 2340 5316 Ὦ
2376 5262 2643 5317 Ἰουδαίων
2679 5261 2865 5316 ἄνοιαῐ
2895 5255 2965 5313 Ὦ
2990 5259 3253 5330 πώρωσις
3284 5256 3512 5329 ἐχθρῶνε
3537 5252 3607 5312 τις
3637 5241 3717 5299 εἶδε
3751 5260 3755 5263 ·

2196 5356 2393 5429 νεκρὸν
2417 5357 2482 5410 ἐκ
2506 5355 2688 5424 τάφου.
2709 5353 3020 5424 ἐγείραντα.
3059 5351 3259 5415 Ἠλίας
3292 5352 3455 5405 πάλαι
3484 5343 3720 5412 ἐξανέστη·

2202 5464 2292 5504 σεν
2313 5465 2325 5479 ·
2354 5448 2470 5501 ἀλλ’
2502 5446 2601 5499 οὐκ
2629 5447 2693 5500 ἐκ
2727 5430 3011 5516 μνήματος
3030 5459 3044 5475 ο
3083 5443 3209 5498 ἀλλ’
3249 5443 3369 5497 οὐδὲ
3406 5436 3693 5510 τεταρταῖον.
