4004 6150
379 330 517 398 1393

1606 340 1859 410 CANON
1892 349 1972 412 ΙΝ
2007 353 2388 421 LAZARUM.

3501 373 3637 439 1394

457 443 794 551 Ἄνακας-τε,
825 449 1169 522 μακρέθυμε,
1203 451 1231 504 ὁ
1266 451 1445 508 πάντα
1475 446 1545 505 δι’
1569 453 1743 525 ἡμᾶς,
1785 460 1954 530 πράτ-

2127 466 2628 540 lncomparabilis,
2690 469 3186 550 longanimis,qui
3253 489 3478 551 propter
3535 496 3635 536 nos

370 548 481 586 των
516 533 592 596 ὡς
642 535 796 600 Θεὸς,
835 540 928 593 καὶ
986 541 1213 612 πάσχων
1241 543 1317 607 ὡς
1366 543 1688 615 ἄνθρωπος·
1741 551 1953 614 πάντας

377 626 637 694 μετόχους
657 627 804 697 ἡμᾶς
826 631 1050 702 ποίησον
1071 635 1167 705 τῆς
1189 635 1286 706 σῆς
1311 635 1610 706 βασιλείας,
1631 643 1954 714 πρεσϐείαις

371 715 467 768 τοῦ
497 716 773 787 Λαζάρου.

1077 815 1254 882 Δόξα.

441 900 782 974 Πρῖιάναρχε,
838 904 1168 978 συνάναρχε,
1219 911 1450 982 ὁμότιμε
1501 914 1714 986 Τριάς·
1771 915 1954 988 Πάτερ

371 991 775 1063 παντοκράτορ,
809 995 926 1056 Υἱὲ,
969 996 1194 1068 Πνεῦμα
1228 999 1404 1067 ἅγιον,
1434 1002 1620 1066 Μόνας
1641 1003 1771 1072 ἁγία
1800 1021 1950 1076 τρισ-

371 1079 644 1136 υπόστατε
665 1099 678 1114 ·
735 1084 860 1149 τοὺς
880 1086 940 1152 ἐξ
967 1085 1140 1159 Ἀδὰμ
1162 1089 1326 1156 σῶζε,
1351 1091 1559 1156 πιστῶς
1577 1109 1636 1146 σε
1655 1094 1954 1165 ἀνυμνοῦν-

366 1185 488 1238 τας.

1036 1277 1276 1332 Θεοτόκ.

440 1356 551 1428 Τὴν
589 1358 860 1432 ἄχραντον
887 1367 1134 1439 γαστέρα
1159 1369 1544 1438 σου,ἡγξασεν,
1577 1371 1740 1442 ἁγνὴ,
1773 1374 1953 1444 σάρκα

367 1447 428 1513 ἐξ
451 1450 623 1532 αὐτῆς
651 1452 852 1520 λαϐὼν,
874 1459 903 1510 ὁ
923 1457 1210 1531 ὑπέρθεος,
1246 1460 1275 1513 ὁ
1296 1463 1354 1514 ὲν
1383 1463 1578 1532 Τριάδι
1608 1464 1952 1535 προσκυνού-

367 1538 552 1684 ἓεὲος,
585 1545 614 1598 ὁ
660 1546 726 1600 ἐκ
775 1549 991 1622 Πατρδς
1043 1539 1234 1620 Λόγος,
1279 1554 1376 1608 καὶ
1429 1557 1526 1611 σὺν
1563 1557 1643 1629 τῷ
1673 1557 1953 1632 Πνεύματι

414 1633 524 1700 εός.

862 1733 998 1805 per;
1025 1735 1105 1800 ς’.
1146 1735 1211 1790 'o
1230 1737 1468 1808 ειρμάς.

2052 557 2260 621 omnia,
2313 561 2641 631 etopercris
2674 573 2732 618 ut
2755 560 2921 630 Deus,
2954 577 3009 649 et
3051 571 3282 640 patiaris
3335 579 3394 626 ut
3423 571 3628 630 homo:

2053 661 2246 794 gmnles
2277 665 2377 706 nos
2403 656 2555 726 regni
2583 655 2661 711 tui
2684 654 2854 715 facito
2902 661 3202 735 participes
3226 661 3634 721 intercessioni-

2095 754 2156 794 us
2220 742 2390 794 azari.
2543 765 2546 768 ’

2095 754 2156 795 us
2173 742 2390 799 Lazari.

2735 840 2942 903 Gloria.

2123 921 2470 990 Prataeterna,
2535 941 2830 998 coaeterna,
2863 931 3056 986 eodem
3087 930 3296 987 honore
3337 929 3584 988 Trinitas
3614 950 3630 996 ;
3663 936 3666 940 ’

2054 1011 2218 1069 Pater
2261 1017 2636 1088 omnipotens,
2685 1019 2814 1085 Fili,
2867 1021 3108 1091 Spiritus
3169 1029 3396 1088 sancte,
3433 1010 3666 1078 Unilas'

2053 1115 2244 1161 sancta
2285 1109 2428 1164 triue
2483 1111 2839 1180 subsistens;
2895 1114 3026 1170 Ada‘:
3077 1115 3220 1172 filios
3260 1114 3434 1181 salva,
3465 1113 3557 1184 qui
3581 1119 3634 1169 to

2053 1198 2292 1256 canticis
2329 1202 2634 1260 celebrant.

2705 1313 2739 1349 τι
2793 1295 3013 1350 Deivar.

2705 1313 2739 1349 rt
2793 1295 2890 1350 Dei
2968 1313 3013 1348 r.

2123 1359 2512 1418 lntemeratum
2538 1295 3034 1430 ιιιιιηξιιιυτωέῗει
3055 1383 3120 1423 eo
3137 1382 3356 1426 carnem
3383 1380 3630 1429 sumens,

2053 1449 2440 1517 sanctificavit,
2507 1467 2541 1506 ο
2601 1467 2778 1520 casta,
2842 1456 3230 1512 divinissimus
3272 1455 3514 1524 ille,qui
3579 1455 3633 1509 in

2054 1539 2346 1610 Trinitate,
2400 1545 2543 1603 Deus
2599 1545 2836 1605 Verbum
2897 1565 2967 1608 ex
3031 1552 3209 1620 Patre,
3261 1566 3387 1606 cum
3426 1541 3632 1621 Spiritu

2051 1643 2266 1702 sancto,
2295 1635 2580 1694 adorator.

2607 1731 2720 1789 Ode
2756 1732 2810 1790 6.
2842 1737 3085 1790 Hirmus.

446 1837 465 1869 ι
488 1820 826 1893 Ἀπέρῤιψάς
857 1842 924 1896 με
947 1829 1028 1890 εἰς
1053 1827 1194 1898 βάθη
1222 1829 1452 1900 καρδίας
1483 1829 1780 1904 θαλάσσης,
1812 1851 1830 1885 ι
1857 1835 1954 1890 καὶ

2130 1840 2151 1875 ι
2195 1819 2483 1894 Projecisti
2515 1840 2602 1881 me
2639 1827 2692 1880 in
2741 1825 3078 1897 profundum
3113 1825 3294 1883 cordis
3336 1823 3506 1890 maris
3529 1834 3628 1894 γε»

367 1909 582 1976 ἔσωσας
614 1932 703 1984 με,
737 1917 941 1990 Σῶτερ,
965 1918 1212 1984 δουλείας
1234 1920 1493 1988 θανάτου,
1523 1925 1618 1980 καὶ
1641 1924 1838 1991 ἔλυσας
1863 1928 1953 1982 τὸν

365 2001 565 2072 δεσμὸν
588 2005 698 2060 τῶν
727 2009 968 2080 ἀνομιῶν
1025 2029 1154 2082 μου.

449 2093 772 2166 Ἠρὼτησας
786 2099 890 2152 ποῦ
917 2102 1055 2170 ειμι,
1073 2105 1102 2155 ὁ
1130 2105 1310 2158 nivea
1345 2104 1634 2174 γινώσκων
1655 2118 1674 2138 ⁶
1717 2107 1952 2180 ἐδάκρυεν

367 2185 468 2248 σάς
510 2204 600 2258 με,
630 2189 836 2260 Σῶτερ,
863 2191 941 2256 ὡς
970 2192 1262 2264 ἄνθρωπος
1295 2197 1478 2267 φύσει,
1513 2200 1608 2253 καὶ
1629 2199 1859 2272 ἤγειρας
1881 2220 1952 2276 με

367 2279 562 2349 νεκρὸν
599 2281 677 2352 τῷ
707 2283 1094 2353 προστάγματι
1125 2304 1240 2342 σου.
1897 2277 1902 2280 ’

451 2366 766 2458 ξΕφώνησάς
805 2388 872 2442 με
934 2373 995 2440 ἐξ
1041 2372 1191 2444 ᾅδου,
1225 2375 1430 2449 Σῶτερ,
1464 2381 1814 2438 κατωτάτοψ
1847 2385 1950 2458 6οᾷ

365 2456 622 2530 Λάζαρος
669 2461 808 2532 πρὸς
851 2462 913 2516 σὲ
945 2463 1038 2517 τὸν
1071 2464 1241 2540 λύτην
1264 2469 1360 2522 τοῦ
1404 2469 1534 2542 ᾅδου
1555 2490 1568 2504 ·
1597 2473 1691 2527 καὶ
1724 2456 1952 2548 ἤγειρας

367 2549 560 2618 νεκρὸν
587 2549 665 2622 τῷ
705 2554 1090 2626 προστάγματί
1127 2573 1246 2614 σου.

449 2640 736 2704 Ἐνέδυσάς
761 2661 852 2714 με,
871 2643 1153 2716 Σῶτερπιτ
1179 2649 1404 2722 πήλινον
1434 2652 1620 2726 σῶμα,
1643 2657 1737 2710 καὶ
1757 2655 1952 2718 ἔπνευ-

367 2733 468 2794 σάς
503 2751 593 2802 μοι
617 2733 781 2808 ζωὴν,
813 2739 907 2792 καὶ
939 2735 1079 2795 εἷδον
1111 2741 1172 2794 τδ
1201 2743 1316 2813 φῶς
1343 2760 1436 2798 σου
1455 2761 1468 2776 ·
1501 2746 1598 2799 καὶ
1629 2747 1860 2819 ἢγειράς
1883 2767 1952 2820 με

366 2823 560 2896 νεκρὸν
587 2823 666 2896 τῷ
695 2829 1090 2900 προστάγματξ
1122 2849 1241 2888 σου.

439 2913 760 2987 Ἐψύχωσας
782 2921 847 2974 σὺ
864 2921 964 2992 τὴν
985 2923 1190 2978 ἄπνουν
1223 2925 1438 2998 μορφὴν
1467 2928 1566 3000 τῆς
1597 2930 1800 3004 σαρκός
1824 2948 1951 3002 μου⁶

371 3022 390 3055 ¢
417 3004 788 3076 Συνέσφιγξάς
817 3027 885 3080 με
913 3012 1123 3078 ὀστέοις
1147 3015 1241 3069 καὶ
1271 3017 1514 3090 νεύροις·
1545 3037 1565 3072 ι
1599 3021 1693 3075 καὶ
1722 3022 1953 3095 ἧγειράς

370 3111 438 3166 με
464 3097 657 3168 νεκρὸν
709 3099 788 3170 τῷ
823 3104 1206 3174 προστάγματὶ
1233 3123 1350 3163 σου.

2055 1913 2415 1983 salvumque,
2439 1928 2473 1968 o
2513 1913 2858 1981 Salvator-,a
2890 1917 3090 1972 mortis
3127 1915 3393 1980 servitute
3431 1913 3636 1985 fecisti,

2053 2019 2118 2059 ac
2149 2004 2494 2075 impietatum
2531 2021 2777 2062 mearum
2805 2007 3027 2075 vinculo
3051 2007 3365 2064 absolvisti.

2122 2098 2480 2164 Percontatus
2504 2113 2576 2167 es.
2598 2099 2694 2166 ubi
2727 2114 2930 2164 essem,
2958 2099 3051 2169 qui
3082 2101 3230 2156 nosti
3255 2101 3438 2156 omnia
3479 2116 3493 2151 :
3527 2115 3632 2165 me,

2055 2186 2328 2250 Salvator.
2354 2189 2508 2244 velut
2562 2189 2726 2244 homo
2779 2197 3000 2252 natura,
3039 2191 3310 2264 lacrymis
3342 2207 3404 2248 es
3439 2205 3635 2263 prosc-

2053 2289 2253 2348 cutus;
2295 2287 2502 2350 tuoque
2526 2289 2797 2344 mortuum
2823 2281 3107 2345 suscitasti
3137 2290 3436 2354 praecepto.

2124 2373 2228 2439 Me,
2255 2373 2530 2443 Salvator,
2593 2375 2826 2442 vocasti,
2865 2390 2944 2440 ex,
2980 2377 3092 2442 imo
3141 2376 3394 2441 inferno,
3432 2375 3635 2431 clamat

2052 2467 2121 2524 ad
2148 2476 2200 2523 te
2224 2465 2468 2523 Lazarus
2508 2467 2712 2523 inferni
2731 2467 3079 2526 liberatorem
3100 2482 3208 2540 ;,ac
3237 2481 3326 2524 me
3355 2476 3632 2522 mortuum

2052 2569 2150 2616 tuo
2180 2559 2465 2616 suscitasti
2497 2565 2796 2630 praecepto.

2124 2651 2235 2717 Me,
2264 2649 2542 2716 Salvator,
2581 2666 2784 2722 corpus
2829 2650 2898 2706 de
2936 2651 3054 2706 luto
3079 2647 3332 2715 induisti,
3375 2655 3430 2704 et
3458 2647 3633 2719 inspi-

2051 2727 2186 2796 rasti
2211 2741 2270 2796 in
2297 2755 2382 2797 me
2406 2741 2596 2804 vitam.
2634 2741 2857 2812 vidique
2881 2741 3064 2798 lumen
3085 2747 3239 2796 tuum
3265 2757 3289 2802 ξ
3305 2753 3370 2794 ac
3424 2747 3518 2794 tuo
3547 2751 3638 2804 me

2051 2843 2330 2901 mortuum
2357 2833 2640 2888 suscitasti
2670 2840 2965 2903 praecepto.

2124 2923 2207 2978 Tu
2241 2939 2417 2980 meam
2460 2925 2580 2980 sine
2619 2925 2813 2995 spiritu
2844 2939 3068 2979 carnem
3131 2921 3393 2978 animasli
3425 2937 3440 2975 :
3482 2939 3501 2972 ο
3535 2915 3636 2976 Os—

2055 3014 2322 3085 sibusque
2356 3021 2410 3069 et
2451 3015 2638 3070 nervis
2671 3015 2994 3086 compegisti
3037 3029 3121 3070 me
3151 3023 3207 3082 ις
3245 3031 3264 3066 ι
3305 3027 3369 3068 ac
3416 3020 3516 3070 tuo
3548 3025 3635 3066 me

2053 3117 2332 3160 mortuum
2361 3107 2644 3164 suscitasti
2687 3113 2980 3178 praecepto.

419 3164 880 3262 ‘Tﬁvv‘nawpc-i‘fou
899 3164 1202 3268 διαρρήξας
1227 3201 1477 3271 γαστέρα
1497 3201 1592 3256 τοῦ
1612 3203 1762 3274 ᾅδου,
1791 3204 1884 3276 eaq
1894 3222 1952 3277 ρ-

2126 3196 2392 3268 Dirupisti
2421 3198 2668 3254 omnium
2695 3199 2918 3254 edacem
2963 3196 3166 3252 inferni
3203 3206 3418 3252 uterum
3463 3210 3477 3247 :
3509 3208 3594 3249 me
3614 3232 3634 3258 ,

371 3279 550 3342 πασάς
579 3297 668 3349 με,
701 3281 906 3354 Σῶτερ,
936 3288 1002 3357 τῇ
1034 3289 1100 3358 σῇ
1137 3287 1448 3362 δυναστείᾳ,
1491 3292 1586 3346 καὶ
1621 3294 1850 3365 ἤγειρας
1882 3313 1952 3366 με

368 3370 582 3440 νεκρὸν,
609 3372 683 3444 τῷ
719 3377 1104 3448 προστάγματί
1145 3396 1262 3436 σου.

455 3462 755 3534 Ἐφόρεσάς
787 3485 913 3538 μου,
950 3471 1154 3544 Σῶτερ,
1199 3473 1260 3528 τδ
1296 3474 1530 3546 φύραμα
1567 3477 1720 3533 ὅλον·
1753 3479 1955 3551 ἐφύλα-

371 3551 468 3618 εας
489 3555 545 3608 δὲ
576 3558 880 3648 ἁγνὴνᾲτὴν
911 3561 1185 3648 εξχραντον
1221 3568 1456 3640 μήτραν,
1492 3568 1553 3634 ἐξ
1589 3565 1658 3644 ἦς
1685 3573 1956 3645 προῆλθες

371 3649 698 3718 σαρκωθεὶς,
725 3646 804 3716 εἷς
835 3653 910 3707 ὣν
931 3646 1030 3727 τῆς
1060 3657 1312 3726 Τριάδος.

1073 3750 1250 3816 Δόξα.

445 3834 617 3906 Τριὰς
640 3836 794 3906 ἁγία,
815 3836 1024 3907 δοξάζω
1049 3841 1146 3912 τὴν
1162 3841 1262 3914 σὴν
1283 3842 1712 3916 εὖσπλαγχνίαν,
1740 3849 1834 3904 καὶ
1859 3849 1957 3904 σὺν

373 3927 630 3994 ἀγγέλοις
675 3929 830 4000 ὑμνῶ
883 3932 976 3986 τὸν
1010 3933 1218 4004 Τρισάγ
1231 3952 1310 3991 ιον
1345 3935 1550 4008 ὕμνον·
1600 3939 1824 4012 ἐλέησον
1857 3943 1958 4008 τὰς

372 4015 551 4088 ψυχὰς
580 4019 760 4090 ὑμῶν,
790 4021 902 4076 τῶν
923 4040 984 4076 σε
1005 4025 1408 4095 ἀνυμνούντων.

1047 4115 1284 4171 Θεοτόκ.

447 4195 558 4292 Τξιν
588 4199 858 4271 ἄχραντόν
887 4219 981 4258 σου
1015 4207 1198 4278 νηδὺν,
1231 4209 1398 4264 ὑπέδυ
1427 4209 1456 4264 ὁ
1487 4211 1659 4283 Λόγος
1683 4229 1698 4244 ⁶
1723 4214 1960 4292 ἐτήρησε

375 4287 431 4382 δὲ
451 4287 609 4382 αὖθις
641 4295 781 4362 μετὰ
810 4296 1085 4368 γέννησιν,
1108 4299 1314 4372 ταύτην
1341 4303 1533 4376 ἁγνὴν,
1567 4287 1958 4382 Θεογεννῆτορ,

285 4429 290 4434 .
375 4377 559 4452 θαῦμα
588 4383 756 4448 ὅντως
789 4389 1109 4458 παράδοξον.

751 4487 756 4492 ’
869 4476 1008 4548 ᾮδὴ
1039 4475 1102 4539 ζ’.
1144 4481 1213 4532 '0
1238 4483 1473 4550 Εἱρμόςο

453 4581 472 4613 σ
509 4562 649 4628 Τοὺς
681 4563 740 4617 ὲν
779 4567 996 4639 καμίνῳ
1025 4569 1220 4635 παῖδάς
1252 4587 1370 4638 σου,
1402 4571 1607 4644 Σῶτερ,
1635 4576 1734 4648 οὐχ
1761 4577 1960 4653 ἥψατο,

1983 4499 2046 4560 D

2055 3286 2328 3350 Salvator.
2365 3288 2612 3344 liberasti
2647 3299 2739 3344 tua
2791 3288 3068 3360 potentia;
3119 3303 3182 3344 ac
3220 3295 3496 3345 mortuum
3539 3295 3637 3352 tuo

2053 3375 2334 3432 suscitasti
2364 3385 2661 3448 praecepto.

2125 3465 2317 3522 Totam
2350 3482 2524 3523 meam
2573 3483 2837 3532 massam,
2865 3483 2896 3525 o
2933 3466 3467 3539 Salvator,_portasti
3494 3485 3509 3522 :
3539 3478 3636 3521 ca-

2053 3565 2308 3630 stamque
2357 3560 2593 3616 servasti
2651 3561 2870 3616 vulvam
2925 3561 3328 3624 intemeratam,
3381 3573 3448 3616 ex
3500 3572 3634 3638 qua,

2055 3665 2198 3708 unus
2221 3651 2288 3708 de
2316 3649 2586 3707 .Trinitate
2615 3652 2911 3717 exsistens,
2947 3649 3292 3724 processisti.

2731 3742 2938 3798 Gloria.

2127 3837 2324 3905 Tuam,
2365 3836 2613 3899 Trinitas
2645 3815 3129 3910 san-ctaglorilico
3171 3833 3666 3900 misericordiam,

2055 3941 2261 3988 etcum
2291 3929 2506 4001 angelis
2541 3927 2868 3997 Trisagium
2915 3928 3179 3998 hymnum
3201 3927 3436 3984 decanto
3475 3926 3658 3982 :lau-..

2055 4023 2305 4082 dantium
2335 4028 2389 4078 te
2419 4021 2732 4076 animarum
2767 4019 3056 4075 miserere.

2695 4109 2761 4172 In
2804 4109 3022 4178 Deipar.
3535 4155 3540 4160 .

2130 4201 2623 4262 Subiit-Verbum
2695 4209 2852 4257 tuum
2919 4203 3310 4263 intemeratum
3363 4206 3640 4260 uiarum;

2057 4297 2428 4366 eumdemque
2458 4308 2680 4358 rursus,
2723 4302 3020 4364 postquam
3051 4290 3155 4350 fuit
3184 4301 3370 4359 natus,
3401 4289 3498 4346 Dei
3531 4289 3642 4346 Ge-

2058 4387 2254 4456 nitrix,
2295 4401 2408 4442 rem
2440 4384 2602 4457 plane
2629 4383 2978 4447 mirandam!
3013 4383 3258 4443 servavit
3285 4389 3524 4437 castum.

2617 4475 2727 4542 ode
2753 4477 2809 4535 7.
2847 4477 3092 4532 Hirmus.

2136 4593 2158 4627 ι
2201 4571 2410 4628 Pueros
2464 4577 2591 4625 tuos
2637 4569 2850 4640 positos
2893 4567 2946 4622 in
2997 4565 3245 4632 fornace,
3288 4583 3320 4622 ο
3364 4565 3642 4630 Salvator,

373 4653 498 4706 οὑδὲ
541 4658 940 4729 παρηνώχλησε
970 4661 1032 4714 τὸ
1061 4661 1173 4735 πῦρ
1193 4677 1208 4692 ο
1237 4663 1360 4716 τότε
1397 4667 1447 4718 οἱ
1476 4669 1628 4738 τρεῖς
1649 4668 1725 4733 ὼς
1757 4671 1816 4737 ἐξ
1842 4671 1954 4736 ἑνὸς

2082 4680 2168 4726 non
2203 4662 2382 4733 tetigit
2409 4661 2579 4733 ignis,
2616 4674 2718 4716 nec
2751 4659 2834 4714 eis
2866 4658 3077 4729 aliquid
3111 4658 3381 4714 molestiae
3429 4658 3638 4712 attulit.

377 4747 670 4816 στόματος,
707 4751 909 4821 ὕμνουν
943 4752 1037 4806 καὶ
1070 4752 1349 4820 εὐλόγουν,
1383 4755 1635 4825 λέγοντες
1659 4773 1672 4788 ·
1717 4759 1961 4836 Εὐλογη-

373 4837 464 4901 τὸς
482 4839 511 4892 ὁ
543 4840 675 4904 Θεὸς
700 4843 728 4895 ὁ
751 4842 860 4896 τῶν
894 4844 1148 4916 πατέρων
1173 4845 1356 4917 ἡμῶν.
1396 4866 1416 4900 ο

460 5014 584 5067 Ἐπὶ
637 5017 816 5088 νεκρῷ
851 5019 1177 5091 ἐδάκρυσας,
1215 5022 1402 5096 Σῶτερ
1445 5025 1823 5099 φιλάνθρωπε,
1869 5029 1974 5084 ἵνα

377 5104 556 5179 δείξῃς
586 5109 722 5160 πᾶσι
756 5112 870 5174 τοῖς
897 5111 1070 5178 λαοῖς,
1097 5114 1180 5168 ὅτι
1201 5115 1334 5170 Θεὸς
1367 5115 1463 5182 ὢν,
1481 5117 1550 5172 δι’
1577 5120 1728 5196 ἡμᾶς,
1747 5120 1960 5194 ἄνθρω-

379 5197 724 5293 ποςῶςρθης.
757 5203 867 5255 Καὶ⁸
893 5204 1036 5259 ὲκὼν
1067 5205 1396 5282 ἐδάκρυσας,
1427 5208 1634 5293 τύπους
1665 5213 1798 5282 ἡμῖν
1827 5229 1974 5284 προσ.

378 5290 550 5357 τιθεὶς
579 5295 888 5350 ἐνδιαθέτου
921 5300 1177 5372 στοργῆς.

463 5474 524 5528 Ὁ
557 5479 878 5548 τεταρταῖος
902 5479 1172 5551 Λάζαρος,
1217 5481 1423 5552 Σῶτερ,
1459 5483 1534 5548 ὡς
1583 5485 1781 5555 ἢκουσε
1808 5486 1961 5542 κάτω

382 5562 486 5636 τῆς
511 5569 695 5639 φωνῆς
723 5584 838 5636 σου,
862 5569 1100 5634 ἀναστὰς
1120 5571 1400 5643 ἀνύμνησέ
1425 5590 1484 5627 σε
1503 5589 1516 5604 ⁸
1553 5575 1647 5628 καὶ
1683 5574 1955 5644 γεγηθὼς,

1118 5762 1148 5804 1
1179 5752 1348 5810 Imm.
1383 5769 1441 5820 tt,
1483 5754 1528 5809 ι.
1608 5764 1628 5794 ⁷
1661 5753 1762 5812 Job
1787 5772 1838 5821 κ,
1873 5756 1955 5814 ll.

2058 4756 2215 4812 Tunc
2248 4755 2300 4810 bi
2333 4764 2444 4812 tres
2473 4753 2635 4824 quasi
2667 4769 2734 4808 ex
2755 4765 2872 4818 uno
2917 4766 3015 4806 ore
3045 4749 3342 4806 laudabant
3381 4756 3437 4804 et
3478 4749 3648 4804 bene-

2059 4847 2338 4911 dicebant,
2370 4846 2620 4908 dicentes
2655 4859 2670 4896 :
2701 4841 3038 4899 Benedictus
3077 4841 3227 4897 Deus
3279 4848 3502 4913 patrum
3543 4853 3644 4902 no.-

2065 4949 2308 5002 strorum
2345 4927 2394 4996 ιζ
2417 4958 2448 5012 ⁹ι
2961 4922 2972 4930 ’

2135 5033 2358 5090 Flevisti
2409 5046 2576 5102 super
2616 5038 2914 5097 mortuum,
2973 5027 3642 5092 misericorsSalvatpr,

2065 5139 2176 5194 quo
2217 5122 2436 5193 populis
2481 5121 2762 5187 omnibus,
2800 5129 2853 5176 te
2903 5119 3073 5174 nostri
3109 5133 3298 5195 causa,
3333 5133 3460 5173 cum
3499 5116 3644 5174 Deus

2065 5226 2243 5276 esses,
2287 5209 2496 5263 factum
2536 5209 2818 5275 hominem
2849 5207 3199 5264 ostenderes.
3223 5207 3301 5261 Ae
3333 5215 3532 5276 sponte
3566 5209 3646 5260 la-

2067 5309 2348 5381 Cl‘ymatus
2376 5316 2458 5365 es,
2489 5298 2724 5355 formam
2754 5297 2916 5354 nobis
2969 5297 3132 5353 velut
3159 5312 3189 5352 a
3226 5306 3420 5357 natura
3459 5298 3643 5362 inditi,

2070 5393 2390 5467 paternique
2411 5391 2615 5446 amoris
2640 5405 2980 5462 proponens.

2139 5483 2556 5553 Quatriduanus
2579 5481 2848 5544 Lazarus,
2909 5488 2968 5535 ut
2991 5491 3140 5534 tuum
3178 5479 3412 5546 inferne,
3451 5478 3642 5538 Salva-

2071 5585 2176 5644 tor,
2201 5589 2386 5630 vocem
2416 5573 2642 5639 audivit,
2664 5569 3194 5628 excitatuslaudavit
3217 5580 3306 5640 te;
3331 5571 3643 5644 gaudioque

2040 5769 2064 5797 ι
2093 5754 2228 5813 Dan.
2268 5766 2349 5821 ιιι,
2373 5757 2469 5812 26'.

3698 4965 3718 5000 \
