4004 6150
487 297 627 367 1395

1673 306 1734 366 S.
1761 305 2091 365 ANDREE
2132 305 2554 368 CBETENSIS

3586 310 3696 378 1396

483 408 773 465 exsultans
805 408 859 464 in
895 409 1039 464 hunc
1095 409 1316 464 modum
1359 407 1634 463 clamabat
1664 424 1678 460 :
1720 408 1800 463 'l‘n
1839 409 1981 465 Deus
2007 419 2061 465 et

2168 410 2335 475 οὕτως
2369 413 2532 466 ἐϐόαο
2566 415 2638 468 Σὺ
2671 414 2804 479 Θεὸς
2829 415 2924 469 καὶ
2961 417 3209 488 Κτίστης
3239 436 3340 489 μου
3361 434 3376 450 ⁸
3418 420 3474 474 σὲ
3502 438 3698 494 προσκυ-

481 497 710 554 Creator
725 515 908 568 meus;
933 508 984 555 te
1001 500 1169 556 adoro
1192 515 1256 556 ac
1279 500 1442 555 laudo
1465 501 1555 569 qui
1574 501 1919 556 resuscitasti
1944 516 2051 557 me.

553 587 875 658 Quanquam
898 605 1018 644 sum
1061 590 1296 646 vinculis
1329 589 1614 656 astrictus,
1640 605 1672 645 ο
1703 589 2054 660 Redemptor,

483 679 998 735 elamabatinferne
1037 680 1319 749 Lazarus,
1392 683 1813 752 haudquaquam
1871 689 2054 735 tamen

483 766 756 826 mansero‘
770 770 822 824 in
854 778 1045 826 ventre
1076 773 1296 838 inferni,
1332 775 1492 829 modo
1547 783 1758 828 tantum
1796 772 2058 828 inclama-

483 865 630 921 veris
675 882 688 918 :
733 883 751 916 ι
814 865 1057 931 Lazare,
1118 869 1245 924 veni
1296 868 1447 924 foras
1500 885 1515 923 :
1559 888 1578 922 ι
1621 869 1823 940 quippe
1874 870 2058 923 lumen

483 970 664 1009 meum
701 965 864 1026 atque
891 959 1001 1012 vita
1035 975 1116 1014 es.

553 1045 710 1118 Rogo
759 1060 831 1116 te,
889 1051 1088 1122 inquit,
1146 1050 1398 1108 Lazare:
1433 1067 1697 1124 resurge;
1733 1051 1819 1107 exi
1873 1051 1986 1105 cito
2028 1065 2060 1104 a

483 1141 621 1194 meis
671 1141 928 1198 claustris
976 1159 991 1197 :
1039 1143 1126 1196 abi
1179 1157 1310 1213 ergo
1353 1158 1368 1194 :
1414 1141 1649 1198 Praastat
1702 1149 1760 1196 ut
1817 1142 2058 1196 ablatum

485 1245 676 1294 unum,
706 1247 869 1302 quam
919 1241 978 1286 ut
1040 1246 1234 1288 omnes
1264 1247 1403 1303 quos
1433 1233 1563 1292 olim
1595 1231 1846 1288 esuriens
1869 1231 2062 1287 absor-

484 1321 600 1382 bui,
628 1335 818 1375 amare
849 1322 1030 1375 ticam.

554 1411 697 1477 Quid
734 1427 882 1478 vero,
916 1412 1120 1482 inquit,
1161 1413 1394 1480 Lazare,
1441 1428 1625 1473 moras
1656 1411 1874 1468 nectis?
1908 1408 2061 1465 Ami-

2157 504 2234 558 νῶ
2269 506 2361 558 καὶ
2392 506 2568 576 ὑμνῶ,
2593 506 2686 560 τὸν
2723 509 3109 580 ἀναστήσαντα
3143 526 3231 579 με.

2227 597 2290 650 Ei
2311 599 2406 650 καὶ
2426 598 2601 668 δεσμὰ
2624 598 2968 669 περίκειμαι,
2996 602 3026 654 ὁ
3043 600 3294 670 Λάζαρος
3324 601 3559 656 κάτωθεν
3577 604 3696 673 ἐϐόα,

2157 685 2443 754 Λυτρωτά,
2467 687 2584 740 ἀλλ’
2607 681 2861 758 οὐδαμῶς
2889 691 2946 742 ὲν
2977 692 3044 759 τῇ
3068 689 3269 760 γαστρὶ
3293 693 3438 759 μενῶ
3463 691 3550 745 τοῦ
3575 693 3696 762 ᾆδον,

2158 776 2254 829 ἐὰν
2308 776 2469 846 μόνον
2509 777 2720 849 κράξῃς
2773 796 2839 848 με
2863 795 2876 808 ·
2921 797 2938 831 ι
2980 779 3232 850 Λάζαρε,
3257 779 3416 851 δεῦρο
3448 781 3562 847 ἔξω.
3594 801 3610 833 ι
3641 783 3696 836 Σὺ

2159 867 2268 938 γάρ
2295 885 2397 937 μου
2423 867 2539 938 φῶς
2567 870 2661 922 καὶ
2691 870 2828 939 ζωή.

2233 1043 2547 1114 Παρακαλῶ
2590 1061 2671 1110 σε,
2709 1043 2952 1116 Λάζαρε,
2988 1046 3186 1116 φησίν·
3241 1045 3698 1118 ἀνάστηθι’ἔξε).θι

2158 1137 2268 1190 τῶν
2299 1138 2567 1210 κλείθρων
2588 1137 2702 1209 ’μου
2729 1140 2890 1209 ταχύ.
2923 1125 3234 1194 ’Λπιθιόὗν
3258 1157 3273 1171 ’
3307 1141 3468 1194 καλόν
3504 1158 3584 1211 μοι
3616 1142 3700 1211 γὰρ

2160 1227 2257 1281 ενα
2287 1227 2556 1298 θρηνῆσαι
2609 1229 2821 1298 πικρῶς
2850 1228 3282 1300 ἀφαιρούμενον,
3335 1230 3485 1300 παρὰ
3531 1230 3699 1293 πάντας

2161 1318 2255 1384 οὓς
2281 1309 2411 1390 πρὶν
2439 1321 2644 1374 πεινῶν
2671 1320 2956 1376 κατέπιον.

2232 1413 2340 1466 Καὶ
2367 1412 2420 1466 τί
2453 1412 2760 1483 βραδύνεις,
2815 1413 3059 1485 Λάζαρε,
3106 1415 3306 1484 φησιν’
3339 1416 3367 1470 ὸ
3414 1416 3557 1484 φίλος
3611 1433 3700 1476 σον.

483 1517 582 1558 cus
617 1503 859 1558 clamat:
900 1521 920 1556 ι
963 1502 1100 1560 Veni
1135 1504 1302 1563 foras.
1335 1524 1354 1560 ι
1394 1505 1638 1576 Surgcns
1683 1519 1814 1576 ergo
1855 1503 1965 1568 exi,
2004 1508 2064 1555 ut

2169 1521 2188 1556 ι
2223 1501 2394 1573 Δεῦρο
2422 1502 2527 1568 ἔξω
2551 1523 2569 1557 ι
2595 1505 2822 1578 κράζει·
2843 1505 3092 1576 ἑστηκὼς
3121 1505 3307 1570 ἔξελθε
3336 1502 3446 1571 οὖν,
3483 1508 3561 1560 ἵνα
3582 1507 3703 1574 κάγὼ

483 1599 539 1647 et
567 1608 669 1663 ego
703 1595 1086 1650 remissionem
1129 1596 1358 1652 habeam
1394 1614 1408 1650 :
1441 1613 1508 1654 ex
1560 1612 1671 1668 quo
1708 1598 1853 1653 enim
1878 1602 1932 1650 te
1967 1609 2064 1650 co-

484 1682 654 1746 medi,
683 1683 816 1738 mihi
840 1699 965 1740 esca
995 1685 1046 1739 in
1073 1686 1336 1741 vomitum
1373 1701 1530 1743 versa
1564 1696 1670 1742 est.

2163 1593 2346 1648 ἄνεσιν
2401 1593 2584 1648 λάϐω·
2633 1596 2727 1666 ἀφ’
2755 1587 2817 1648 οὗ
2845 1596 2953 1666 γάρ
2989 1613 3048 1650 σε
3100 1596 3327 1667 ἔφαγον,
3360 1599 3438 1663 είς
3485 1598 3701 1670 ἔμετονή

2165 1687 2339 1758 τροφὴ
2370 1687 2738 1758 άντικατέστη
2775 1706 2862 1758 μοι
2874 1731 2888 1745 .

555 1773 669 1834 Cur
697 1791 808 1832 non
828 1777 938 1831 cito
954 1779 1473 1848 exsurgis,Lazare,
1501 1778 1772 1833 clamabat
1798 1775 1866 1832 ab
1895 1775 2063 1832 infer—

2237 1781 2302 1838 Τί
2329 1781 2431 1834 οὐκ
2454 1780 2663 1852 ἐγείρῃ,
2690 1779 2932 1853 Λάζαρε,
2965 1781 3131 1852 ταχύς
3157 1782 3428 1854 άνὲκραζε
3447 1780 3658 1836 κάτωθεν
3681 1783 3704 1834 ὀ

485 1867 576 1925 nis
617 1867 812 1934 lugens
839 1869 1127 1936 infernus;
1162 1885 1262 1925 cur
1290 1885 1399 1925 non
1435 1870 1564 1925 hinc
1597 1870 1782 1926 statim
1817 1869 2064 1925 exsusci-

487 1969 632 2021 tatus
661 1961 858 2025 curris,
894 1969 952 2014 ut
982 1977 1050 2017 ne
1080 1969 1136 2017 et
1169 1963 1328 2030 alios,
1359 1971 1413 2020 te
1431 1963 1770 2020 resuscitans
1787 1961 2060 2030 Christus,

489 2052 622 2105 mihi
653 2052 867 2109 auferat
889 2054 1171 2123 captivos?

557 2141 754 2208 FuiSti,
809 2145 1028 2201 Christe
1086 2146 1334 2211 Domine,
1392 2147 1618 2204 habitus
1687 2146 2062 2220 admirationi,

489 2235 676 2290 multis
696 2235 746 2290 id
779 2237 1041 2308 temporis
1078 2237 1394 2312 insignibus
1441 2239 1506 2298 ad
1541 2239 1865 2297 miraculum
1892 2247 2069 2310 patra-

488 2327 556 2380 tis
588 2343 601 2378 :
633 2326 834 2396 quippe
865 2326 1158 2382 reddidisti
1191 2333 1373 2384 lumen
1425 2329 1586 2388 caecis
1613 2345 1628 2396 ;
1661 2329 2066 2398 surdorumque

487 2433 650 2473 aures
678 2433 931 2474 sermone
957 2419 1240 2488 aperuisti,
1279 2435 1342 2475 ac
1375 2421 1614 2475 amicum
1661 2417 1952 2488 Lazarum,
1984 2420 2066 2476 di-

487 2511 614 2564 vina
644 2525 847 2576 vocans
871 2513 1222 2572 auctoritate.
1254 2527 1285 2567 a
1318 2514 1550 2570 mortuis
1572 2512 1884 2570 suscitasti.

1171 2601 1379 2658 Gloria.

557 2688 845 2747 Trinitatis
899 2691 1214 2764 cantionem
1263 2707 1604 2763 promamus,
1653 2691 2062 2762 gloriﬁcantes,

486 2791 754 2836 aeternum
798 2781 1038 2845 Patrem,
1061 2782 1391 2854 Filiumque,
1414 2793 1467 2839 et
1501 2783 1765 2854 Spiritum
1815 2792 2061 2850 rectum;

489 2875 660 2932 solam
723 2889 884 2926 unam
963 2875 1375 2941 substantiam,
1431 2890 1496 2929 ac
1555 2875 1696 2930 trine
1743 2874 2064 2942 laudemus,

492 2968 719 3039 Sancta,
754 2973 967 3028 sancta,
997 2974 1189 3020 sancta
1217 2982 1275 3022 es
1301 2965 1570 3022 Trinitas.

1109 3056 1176 3122 In
1221 3057 1433 3126 Deipar.

561 3147 658 3212 'l‘e,
687 3147 927 3212 Christe,
958 3156 1022 3205 ut
1079 3165 1248 3204 unum
1287 3148 1660 3221 gloriﬁcamus
1685 3148 1754 3205 de
1777 3147 2065 3213 Trinitate,

490 3241 634 3309 quod
681 3256 846 3296 carne
895 3257 960 3296 ex
1019 3239 1268 3312 Virgine,
1315 3241 1434 3296 sine
1484 3244 1787 3296 mutatione
1819 3249 2065 3310 sumpta,

490 3335 733 3386 lnunano
791 3347 941 3387 more
995 3332 1327 3387 sustinueris
1369 3331 1589 3408 omnia;
1621 3346 1730 3386 non
1772 3330 2066 3396 ercedens,

491 3438 804 3510 quanquam
835 3422 994 3478 nobis
1025 3423 1236 3486 nuitus,
1273 3436 1304 3474 o
1326 3419 1476 3488 Jesu,
1522 3429 1750 3492 paterna
1777 3429 1994 3475 natura.

1045 3513 1156 3570 Ode
1188 3513 1240 3567 8.
1277 3512 1522 3568 Hirmus.

570 3603 753 3664 (Coeli
803 3604 1102 3670 caelorum,
1153 3611 1210 3658 et
1261 3616 1418 3671 aquae
1475 3617 1598 3672 qua:
1649 3617 1817 3672 super
1897 3602 2070 3658 caelos

495 3708 624 3762 sunt
645 3701 672 3738 ιι
699 3742 714 3766 ,
741 3696 1075 3761 benedicite,
1129 3695 1375 3762 laudate,
1428 3704 1483 3751 et
1525 3694 1939 3772 superesaltate
1963 3695 2074 3750 Do-

499 3793 708 3845 minum
751 3789 802 3842 in
829 3787 1028 3852 saecula
1051 3797 1099 3842 ο.
1129 3805 1148 3840 ι

569 3881 672 3947 Qui
702 3880 907 3934 creavit
962 3886 1016 3934 et
1075 3887 1366 3942 conservat
1409 3878 1634 3945 omnia,
1696 3877 2075 3933 misericordia

498 3979 682 4038 motus
712 3968 1032 4034 Bethaniam
1060 3968 1281 4036 advenit
1309 3967 1576 4026 Lazarum
1608 3967 1995 4025 suscitaturus.

571 4142 988 4210 Quatriduanus
1018 4141 1220 4206 fetens,
1279 4156 1344 4214 ac
1398 4140 1604 4198 institis
1647 4140 1990 4226 )‘nvolutus,
2024 4148 2079 4198 te

2167 1872 2302 1945 ᾅδης
2349 1871 2639 1943 θρηνωδῶν
2679 1888 2692 1902 ·
2733 1872 2787 1924 τί
2817 1872 2919 1925 οὐκ
2949 1873 3114 1938 εὐθὺς
3148 1873 3473 1938 ἐξαναστάς,
3525 1875 3704 1943 τρέχεις

2165 1962 2274 2016 τῶν
2309 1956 2435 2026 ὧδε,
2462 1961 2550 2015 ἵνα
2583 1961 2658 2032 μὴ
2708 1961 2805 2014 καὶ
2847 1961 3044 2040 ἄλᾉους
3071 1979 3163 2033 μοι
3205 1961 3572 2032 αἱχμαλωτίσῃ
3595 1963 3704 2032 Χρι-

2169 2055 2314 2118 στὸς,
2347 2053 2723 2124 ἐξαναστήσας
2749 2070 2832 2119 σε;

2249 2141 2735 2214 Ἐθαυμαστώθης,
2795 2144 3045 2198 Δέσποτα
3101 2145 3337 2217 Χριστὲ,
3376 2143 3572 2208 ἐξαίσια
3609 2140 3703 2195 τότε

2167 2233 2546 2304 ἐργασάμενος
2602 2233 2776 2287 πολλά
2799 2249 2815 2264 ·
2865 2234 2980 2304 φῶς
3011 2235 3121 2307 γάρ
3173 2235 3433 2304 τυφλοῖς’
3460 2233 3634 2301 κωφῶν
3660 2231 3705 2283 δὲ

2167 2322 2281 2382 ὦτα
2323 2324 2542 2397 ἧνοιξας
2591 2325 2759 2397 λόγῳ,
2793 2327 2888 2380 καὶ
2919 2326 3013 2380 τὸν
3066 2327 3219 2396 φίλον
3249 2327 3522 2398 Λάζαρον,
3544 2326 3602 2378 ὲκ
3619 2321 3704 2376 τῶν

2167 2417 2401 2489 νεκρῶν,
2427 2417 2502 2481 ὡς
2533 2414 2686 2482 Θεὸς,
2717 2417 2974 2487 φωνήσας
3001 2417 3251 2488 ἤγειρας.

2851 2591 3029 2657 Δόξα.

2240 2687 2539 2759 Τριαδικὴν
2572 2687 2909 2758 ὕμνήσωμεν
2942 2686 3110 2759 ᾠδὴν,
3153 2687 3473 2754 δοξάζοντες
3515 2686 3705 2756 ἄναρχον

2169 2782 2412 2853 Πατέρα,
2435 2783 2530 2836 καὶ
2557 2782 2704 2846 Υίὸν,
2737 2782 2830 2835 καὶ
2853 2783 3075 2852 Πνεῦμα
3097 2782 3275 2845 εὐθὲς,
3311 2780 3584 2851 μοναδικὴν
3607 2779 3707 2850 μίαν

2167 2873 2467 2944 οὒσίαν,ῆν
2495 2874 2730 2945 τρισσῶς
2751 2873 3116 2945 ὑμνήσωμεν·
3149 2875 3367 2944 Ἄγιος,
3398 2874 3560 2942 ἅγιος,
3586 2871 3708 2936 ἅγιος

2168 2960 2221 3020 εῐ
2247 2968 2280 3038 ἡ
2303 2967 2492 3038 Τριάς.

2843 3058 3082 3114 Θεοτόκ.

2249 3151 2340 3214 Ὣς
2365 3150 2464 3219 τῆς
2499 3150 2730 3224 Τριάδος
2789 3151 2890 3208 ἕνα
2925 3168 3008 3218 σε,
3038 3149 3268 3222 Χριστὶ,
3330 3149 3619 3219 δοξάζομεν,
3645 3145 3711 3198 ὅτι

2170 3239 2237 3291 ὲκ
2277 3239 2560 3310 Παρθένου
2597 3229 2924 3311 σαρκωθεὶς,
2977 3240 3103 3310 δίχα
3136 3241 3372 3312 τροπῆς,
3399 3234 3712 3308 ἀνθρωπικῶς

2171 3334 2350 3388 πάντα
2369 3333 2623 3403 ἠνέσχου,
2651 3334 2727 3404 μὴ
2747 3333 2947 3396 ἐκστὰς
2967 3333 3068 3402 τῆς
3094 3332 3320 3401 φύσεως
3339 3333 3434 3402 τῆς
3458 3326 3710 3401 Πατρικῆςι

2183 3423 2386 3496 Ἰησοῦ,
2415 3426 2464 3480 εί
2503 3425 2598 3480 καὶ
2627 3423 2841 3494 ήνώθης
2874 3426 3028 3494 ἡμῖν.

2657 3515 2795 3590 ᾮὸὴ
2827 3520 2903 3583 η’.
2946 3516 3008 3568 Ὀ
3042 3515 3286 3582 Είρμός.

2248 3627 2266 3660 ι
2301 3609 2364 3662 Oi
2387 3607 2610 3680 οὐρανοὶ
2639 3607 2750 3660 τῶν
2777 3605 3026 3678 οὐρανῶν
3045 3645 3060 3670 ,
3111 3605 3209 3659 καὶ
3244 3606 3310 3659 τὺ
3340 3606 3479 3674 ὓδωρ
3498 3601 3551 3654 τὸ
3579 3601 3714 3666 ὑπερ-

2175 3699 2286 3753 άνω
2316 3699 2425 3752 τῶν
2473 3698 2721 3770 οὐρανῶν
2750 3737 2766 3762 ,
2824 3698 3122 3767 εὐλογεῖτε,
3160 3697 3406 3766 ὑμνεῖτε,
3441 3693 3528 3747 καὶ
3577 3691 3712 3754 ὑπερ-

2174 3789 2376 3862 υψοῦτε
2403 3789 2492 3842 τὸν
2516 3789 2723 3860 Κύριον
2763 3789 2849 3854 είς
2866 3791 2993 3853 τοὺς
3022 3788 3248 3851 αἰῶνας.
3293 3805 3312 3839 ι

2257 3883 2316 3936 Ὀ
2343 3880 2575 3954 ποιητὴς
2621 3884 2716 3936 καὶ
2759 3881 3020 3952 συνοχεὺς
3065 3879 3176 3933 τῶν
3225 3878 3498 3937 ἁπάντων.
3548 3872 3606 3926 δι’
3641 3869 3712 3922 εὐ-

2178 3975 2515 4045 σπλαγχνίαν
2546 3976 2605 4028 ὲν
2645 3974 2890 4050 Βηθανίᾳ
2926 3973 3159 4044 ἐπέστη,
3211 3972 3427 4042 ἐγεῖραι
3460 3967 3545 4022 τὸν
3565 3961 3712 4025 MC:-

2181 4085 2293 4139 ρον.

2259 4157 2320 4212 '0
2357 4157 2677 4228 τεταρταῖος
2710 4154 2940 4220 ὀδωδὼς,
2986 4156 3083 4210 καὶ
3125 4153 3368 4224 κειρίαις
3395 4139 3711 4218 συνειλημμέσ

498 4239 752 4295 vocante,
811 4239 1093 4302 resumpto
1151 4230 1348 4302 spiritu
1393 4228 1622 4296 exsiliit,
1667 4230 1763 4303 qui
1829 4238 2065 4288 mortqu

2179 4266 2290 4318 νος,
2322 4250 2491 4321 ἥλατο
2521 4247 2763 4322 ἔμπνους
2789 4249 2817 4303 ὁ
2850 4246 3076 4314 ἄπνους,
3105 4245 3414 4317 φωνοῦντος
3451 4258 3555 4296 σου.
3659 4292 3664 4298 .

498 4331 616 4389 erat
645 4323 762 4378 sine
789 4322 1008 4393 spiritu.

570 4413 644 4470 Ut
702 4413 839 4476 vidit
889 4412 1153 4478 Iudaicus
1206 4411 1476 4484 populus,
1551 4413 1622 4468 ad
1682 4424 1833 4468 tuam
1891 4427 2065 4470 vocen'

2257 4423 2379 4477 Τῶν
2407 4421 2681 4476 Ἰουδαίων
2701 4423 2730 4476 ὁ
2763 4420 2918 4486 λαὸς,
2947 4419 3023 4484 ὡς
3057 4418 3206 4491 ἑώρα
3254 4419 3349 4478 τδν
3397 4413 3640 4474 τεθνεῶτα
3660 4407 3710 4475 τῇ

503 4505 888 4578 resuscitatum
913 4511 1216 4573 mortuum,
1247 4518 1280 4560 ο
1308 4503 1549 4575 Christe,
1573 4504 1976 4568 dissecabatur.

573 4592 876 4650 Tenebrosi
923 4593 1074 4647 circa
1126 4593 1313 4663 lumen
1369 4591 1565 4665 Judaei,
1618 4593 1810 4663 quidni
1863 4593 2106 4658 habetis.

505 4687 668 4750 ﬁdem
695 4686 1090 4744 resurrectioni
1118 4685 1353 4757 Lazari?
1387 4701 1450 4744 ea
1489 4686 1696 4752 Christi
1729 4687 1944 4754 [acinus
1973 4696 2079 4744 est.

576 4777 828 4835 Exsultet
860 4776 1014 4843 Sion,
1077 4777 1371 4847 [audetque
1397 4777 1523 4833 vita:
1553 4787 1855 4844 auctorem,
1891 4780 1984 4851 qui
2012 4781 2082 4836 de

505 4873 780 4944 sepulcro,
809 4887 1064 4928 sermone
1086 4870 1439 4940 resuscitavit
1460 4869 1753 4924 Lazarum.

578 4967 656 5021 Te
703 4966 964 5022 ccelorum
1010 4964 1232 5029 militiae,
1293 4963 1806 5035 terrigenarumque
1861 4978 2034 5033 genus
2067 5001 2082 5026 ,

505 5073 538 5120 ο
571 5056 846 5123 Salvator,
895 5056 1279 5126 laudaverunt,
1322 5071 1446 5112 cum
1505 5053 1854 5126 resuscitasti
1912 5053 2083 5128 Laza-

503 5163 653 5216 rum.

1193 5241 1403 5296 (Iluria.

577 5337 714 5392 Cum
747 5335 927 5400 Patre,
980 5334 1251 5404 Filioque,
1287 5337 1450 5390 etiam
1489 5333 1756 5404 Spiritum
1794 5332 2082 5404 glorilico;

510 5445 611 5498 nec
644 5429 877 5484 laudans
902 5426 1085 5481 dicere
1108 5443 1265 5494 cesso
1297 5445 1308 5481 :
1344 5426 1450 5492 Ter
1483 5435 1673 5482 sancte
1696 5426 1860 5489 Deus,
1889 5435 1940 5481 te
1968 5426 2088 5496 glo-

518 5521 692 5590 [itit-0.

593 5698 618 5759 l‘
661 5699 806 5777 {‘sal,
841 5719 1062 5772 csum,
1106 5710 1158 5762 4.
1236 5723 1257 5749 ε
1301 5709 1433 5765 Dan.
1489 5727 1570 5778 ut,
1607 5709 1695 5763 60.

2184 4518 2252 4587 σῇ
2285 4516 2435 4586 φωνῇ
2462 4511 2791 4578 ἀναστάντα,
2827 4512 3058 4583 Χριστὲ.
3083 4511 3384 4583 διεπρίετο.

2255 4609 2319 4662 Oi
2367 4605 2637 4658 σκοτεινοὶ
2679 4605 2809 4675 περὶ
2836 4604 2899 4657 τὺ
2929 4603 3045 4672 φῶς
3075 4605 3346 4668 Ἰουδαῖοι,
3378 4604 3431 4656 τί
3477 4597 3712 4656 ἀπιστείτι

2185 4701 2250 4771 τῇ
2273 4699 2367 4752 τοῦ
2395 4697 2647 4766 Λαζάρου
2674 4697 2928 4766 ἐγέρσει;
2968 4697 3209 4767 Χριστοῦ
3247 4699 3309 4750 τὸ
3341 4693 3640 4765 ἐγχείρημα.

2269 4788 2641 4858 ’Λγαὶλιάσθω
2674 4789 2708 4859 ἠ
2747 4786 2909 4851 Σιὼν,
2936 4788 3030 4841 καὶ
3083 4789 3326 4858 ὑμνείτω
3354 4787 3443 4839 τὸν
3469 4781 3710 4850 ζωοδότηνο

2183 4881 2276 4935 τὸν
2309 4882 2690 4949 ἀναστήσαντα
2721 4880 2864 4950 λόγῳ
2894 4881 2956 4932 ὲκ
2977 4880 3151 4948 τάφου
3169 4880 3262 4932 τὸν
3281 4877 3542 4947 Λάζαρον.

2255 4971 2321 5023 Ai
2359 4969 2605 5040 στρατιαὶ
2626 4968 2733 5020 τῶν
2764 4965 3030 5038 οὐρανῶν,
3056 4967 3150 5021 καὶ
3183 4968 3244 5020 τὸ
3265 4967 3423 5034 γένος
3443 4964 3546 5017 τῶν
3578 4971 3711 5027 γηγε-

2189 5063 2294 5113 νῶν
2353 5060 2411 5111 σὲ
2457 5059 2740 5130 ὕμνησανο
2792 5051 2904 5120 ὅτε,
2963 5058 3149 5130 ξῶτὲρ
3208 5075 3331 5130 μου,
3373 5057 3462 5110 τὸν
3507 5052 3712 5116 Λάζαρον

2185 5153 2435 5222 mera:-

2896 5242 3073 5304 Δόξα.

2258 5337 2362 5389 Σὺν
2396 5334 2474 5404 τῷ
2499 5334 2695 5404 Πατρὶ,
2735 5334 2827 5386 καὶ
2852 5333 2930 5404 τῷ
2958 5333 3091 5403 Υίῷ,
3134 5335 3227 5388 καὶ
3263 5333 3324 5386 τὸ
3355 5327 3564 5398 Πνεῦμα
3591 5319 3711 5384 δοξο-

2189 5429 2353 5499 λογῶ,
2389 5429 2481 5481 καὶ
2508 5426 2691 5497 ὑμνῶν
2713 5427 2991 5497 ἁσιγήτως
3027 5426 3156 5496 βοῶ·
3189 5423 3465 5498 Τρισάγιε,
3495 5417 3608 5482 ὁοξα
3629 5427 3709 5478 σοις
