4004 6150
340 315 472 381 12.()“Ι

914 470 919 477 ι
998 428 1236 486 Θεοτόκ.

409 524 475 578 Σὲ
506 521 718 592 εὐλογῶ
770 521 864 576 καὶ
918 521 1211 594 προσκυνῶ
1244 518 1333 572 τὸν
1361 518 1638 591 λεχθέντα
1695 525 1759 579 ὲκ
1818 525 1918 595 τῆς

337 615 640 687 Παρθένου,
677 613 755 685 μὴ
776 614 1118 686 χωρισθέντα
1148 612 1239 667 τοῦ
1279 611 1472 684 θρόνου
1500 598 1603 683 τῆς
1632 616 1793 685 ἁγίας
1830 615 1920 669 δό-

339 708 433 777 ξης
450 721 581 760 'aou.
688 720 719 737 π’
1333 696 1345 705 ’

824 796 960 869 per.
1000 799 1071 852 ο.
1117 797 1172 851 ’0
1203 798 1441 866 Είρμός.

413 907 433 941 ι
476 888 732 959 Ἐποίησε
772 888 976 957 κράτος
1026 889 1086 942 ὲν
1141 889 1388 961 βραχίονι
1439 886 1643 942 αὐτοῦ’
1700 887 1918 942 καθεῖλε

335 980 446 1050 γάρ
473 981 744 1044 δυναστὰς
777 981 886 1035 ἀπὸ
917 980 1144 1053 θρόνων,
1177 981 1273 1035 καὶ
1326 980 1514 1050 ὖψωσε
1542 980 1858 1046 ταπεινοὺς,
1892 981 1921 1033 ό

335 1074 469 1138 Θεὸς
495 1073 589 1128 τοῦ
635 1074 872 1146 Ἰσραὴλ,
905 1076 965 1128 ὲν
996 1070 1080 1139 οἷς
1095 1074 1443 1144 ἐπεσκέψατο
1468 1075 1638 1144 ἡμᾶς,
1659 1072 1919 1144 Ἀνατολὴ

337 1167 397 1231 ἐξ
415 1166 605 1237 ὕψους,
636 1168 732 1222 καὶ
760 1161 1094 1222 κατεῦθυνεν
1125 1169 1275 1238 ἡμᾶς
1295 1170 1376 1233 είς
1395 1168 1513 1222 ὁδὸν
1543 1168 1789 1245 είρήνης.
1825 1185 1845 1219 ι

416 1255 693 1327 ’Υμνεῐτω
722 1259 784 1311 τὸ
815 1258 1002 1328 θαῦμα
1047 1258 1293 1329 Βηθανία
1335 1259 1432 1312 σὺν
1451 1260 1586 1330 ἡμῖν
1605 1274 1620 1289 ·
1651 1260 1712 1312 ὲν
1744 1258 1918 1330 ταύτῃ

336 1348 447 1418 γάρ
488 1348 788 1418 ἐδάκρυσεν
838 1349 868 1402 ὁ
902 1347 1180 1417 Κτίστης,
1231 1348 1324 1402 τὸν
1376 1348 1628 1427 Λάζαρον
1661 1348 1918 1415 ἀνιστῶν,

336 1440 487 1509 νόμῳ
509 1440 726 1507 φύσεως
746 1440 954 1511 σαρκός
971 1455 984 1469 °
1011 1440 1106 1495 καὶ
1135 1440 1370 1511 Μάρθας
1390 1440 1458 1495 τὰ
1480 1440 1690 1512 δάκρυα
1710 1439 1918 1507 λοιπὸν,

335 1530 430 1582 καὶ
460 1528 552 1581 τὸν
572 1529 852 1601 κλαυθμὸν
881 1531 1105 1602 Μαρίας
1152 1532 1235 1595 είς
1257 1531 1436 1602 χαρὰν
1457 1530 1799 1603 μεταϐαλὼν,
1826 1532 1922 1585 τὸν

336 1622 530 1691 νεκρὸν
562 1621 792 1693 ἐγείρει.

405 1711 795 1779 Πιστούμενος,
824 1712 988 1780 Δόγε,
1012 1710 1112 1783 τὴν
1138 1712 1435 1767 ἀνάστασιν
1454 1712 1553 1785 τὴν
1582 1713 1703 1784 σὴν,
1730 1714 1920 1768 ἐκάλε-

1529 291 1799 379 οΑΝοΝ
1833 318 1917 379 IN
1958 321 2343 408 Lausum.

3364 410 3367 415 η
3468 324 3603 390 1393

2649 431 2714 487 In
2762 428 2979 502 θείμαν,

2089 528 2362 585 lienedico
2391 538 2442 586 te
2470 536 2525 586 et
2551 529 2743 594 adoro,
2778 527 2873 596 qui
2911 535 3076 585 natus
3109 542 3177 582 cx
3210 526 3454 599 Virgine,
3486 545 3597 588 non

2020 618 2310 675 excessisti
2343 619 2541 676 throno
2578 618 2766 691 gloria:
2794 626 3003 674 sancta:
3028 628 3150 675 tum.

2557 797 2668 854 Ode
2686 799 2740 855 8.
2788 796 3032 852 Hirmus.

2096 906 2119 939 ‹
2141 886 2293 943 Fecit
2318 889 2614 959 potentiam
2646 890 2699 944 in
2725 889 2952 964 brachio
2978 903 3080 943 suo
3110 906 3124 943 ε
3160 886 3415 958 deposuit
3453 888 3600 944 enim

2021 986 2274 1048 potentes
2290 980 2358 1035 de
2375 981 2525 1046 sede,
2558 988 2614 1036 et
2638 980 2901 1035 exaltavit
2929 980 3188 1044 humiles,
3222 980 3368 1036 Deus
3398 980 3599 1046 Israel;

2022 1069 2076 1123 in
2104 1071 2307 1139 quibus
2336 1070 2580 1126 visitavit
2605 1087 2725 1135 nos,
2760 1071 2957 1127 Oriens
2981 1085 3048 1126 ex
3076 1071 3189 1126 alto
3213 1088 3229 1138 ;
3262 1086 3473 1144 nosque
3521 1072 3605 1127 di-

2021 1162 2167 1216 rexit
2187 1162 2243 1216 in
2271 1162 2416 1217 viam
2450 1162 2707 1233 paeisda

2094 1254 2217 1310 Pari
2285 1256 2549 1312 Bethania
2617 1256 2905 1311 nobiscum
2955 1255 3175 1310 cantico
3221 1255 3468 1311 celebret
3497 1256 3603 1310 mi-

2022 1346 2270 1401 raculum
2296 1365 2309 1400 :
2339 1347 2394 1402 in
2426 1361 2492 1401 ea
2520 1347 2666 1402 enim
2688 1347 3133 1402 naturalicarnis
3163 1346 3300 1417 lege,
3334 1345 3603 1400 Lazarum

2023 1438 2399 1493 suscitaturus
2437 1436 2669 1492 Creator
2708 1436 2901 1505 ﬂevit;
2952 1437 3326 1507 deincepsque
3379 1436 3606 1492 Marthae

2022 1527 2280 1599 lacrymis
2317 1543 2381 1585 ac
2414 1529 2599 1585 Mariae
2636 1530 2785 1585 luctu
2818 1529 3045 1585 mutatis
3070 1528 3124 1583 in
3154 1528 3607 1599 gaudium,mor-

2024 1625 2178 1673 tuum
2206 1620 2335 1675 vita:
2358 1621 2623 1676 restituit.
2767 1693 2774 1700 ’

2095 1708 2214 1775 Quo
2236 1717 2409 1776 tuam,
2459 1709 2723 1779 Verbum,
2775 1712 3241 1778 resurrectionem
3303 1720 3602 1777 astrucrcs,

333 1819 435 1867 σας
462 1804 552 1857 τὸν
584 1773 836 1875 Ᾰάζαρον
880 1773 946 1858 ἐκ
974 1773 1196 1875 τάφου,
1232 1805 1327 1861 καὶ
1377 1773 1608 1877 ἤγειρας
1740 1806 1874 1871 Θεός
1898 1823 1911 1840 ·

2031 1773 2294 1855 Lazarum
2327 1773 2643 1873 esepulcro
2704 1773 2940 1870 vocasti,
2985 1803 3283 1875 divinaque
3329 1773 3606 1875 potestate

337 1894 427 1948 ἵνα
450 1893 630 1965 δείξῃς
653 1898 768 1960 τοῖς
790 1896 961 1961 λαοῖς,
994 1896 1127 1950 Θεόν
1160 1913 1221 1951 τι
1246 1896 1344 1952 καὶ
1371 1896 1661 1968 ἄνθρωπον
1678 1898 1818 1969 ὁμοῦ
1858 1900 1919 1954 ὲν

331 1984 564 2059 ἀληθείᾳ
594 1986 756 2053 ὄντα,
785 1987 881 2040 καὶ
917 1987 1211 2058 ἐγείραντα
1243 1987 1390 2055 ναὸν,
1415 1987 1505 2041 τὸν
1527 1988 1621 2042 τοῦ
1663 1988 1918 2061 σώματός

335 2093 454 2131 σου.

406 2184 426 2224 ι
446 2163 775 2229 Συνέσεισας
794 2166 840 2199 ³⁵
867 2165 1038 2223 πάλαι
1065 2166 1160 2221 καὶ
1187 2167 1419 2239 μοχλοὺς
1453 2168 1582 2233 τοὺς
1606 2169 1909 2240 σιδηροῦςοι

331 2255 609 2326 ἐφόϐησας
648 2255 742 2309 τὸν
794 2255 929 2327 ᾅδην
961 2259 1042 2327 τῇ
1082 2260 1235 2329 φωνῇ
1269 2274 1387 2324 σου,
1423 2258 1519 2312 καὶ
1567 2257 1769 2329 ἔπτηξε
1818 2260 1917 2313 σὺν

330 2346 480 2416 αὐτῷ
526 2348 623 2400 καὶ
650 2347 680 2399 ό
712 2346 943 2411 θάνατος
972 2346 1140 2413 εὐθὺς
1164 2389 1180 2413 ,
1227 2349 1305 2413 ὡς
1333 2345 1474 2403 εἶδον
1516 2350 1609 2405 τὸν
1643 2350 1914 2421 Λάζαρον,

331 2438 538 2510 Σῶτερ,
579 2439 675 2493 τὸν
722 2439 855 2511 παρ’
889 2440 1079 2504 αὐτοῖς
1128 2439 1439 2514 δεσμώτην,
1491 2441 1815 2513 ψυχωθέντα
1846 2446 1916 2516 τῇ

332 2536 506 2601 φωνῇ,
545 2529 643 2583 καὶ
671 2530 1069 2601 ἐξαναστάντα.

412 2624 746 2695 Ἐξέστησαν
767 2623 972 2688 πάντες
992 2624 1069 2687 ὡς
1097 2622 1287 2696 ἑώρων
1310 2642 1391 2693 σε,
1415 2626 1622 2699 Σῶτερ,
1647 2628 1916 2701 δακρύον-

328 2729 396 2765 τα
425 2712 519 2765 τδν
548 2711 807 2783 Λάζαρον
838 2712 1091 2776 θανόντα.
1124 2715 1219 2768 καὶ
1242 2712 1435 2783 ἔλεγον
1467 2718 1517 2770 οί
1538 2717 1737 2771 δεινοί·
1774 2718 1915 2773 «Ἴδε

328 2804 448 2867 πῶς
480 2803 644 2856 αὑτὸν
684 2803 852 2873 φιλεῖ.
893 2822 913 2855 ι
948 2802 1127 2868 Εὐθὺς
1155 2803 1251 2858 οὖν
1278 2803 1568 2875 ὲφώνησας
1593 2807 1780 2876 αὐτὸν,
1820 2811 1915 2865 καὶ

326 2892 571 2957 ἀναστὰς
590 2894 619 2947 ὁ
638 2893 864 2960 ἄπνους,
892 2894 1159 2966 ἀφῃρεῖτο
1186 2894 1285 2966 τὴν
1307 2895 1533 2968 φθορὰν,
1565 2896 1641 2970 τῷ
1673 2900 1915 2972 προστά-

328 2984 499 3054 γματί
529 3001 646 3038 σου.

2021 1890 2365 1948 resuscitasti
2390 1910 2405 1959 ;
2435 1902 2496 1948 ut
2531 1901 2583 1949 te
2615 1894 2857 1965 pepulis,
2894 1893 3069 1949 Deum
3105 1895 3310 1964 pariter
3345 1904 3397 1952 et
3430 1896 3605 1951 homi-

2018 1996 2142 2036 nem
2166 1982 2514 2051 ostenderes,
2539 1984 2635 2055 qui
2665 1985 2928 2056 templum
2955 1984 3090 2039 illud
3114 1987 3370 2056 corporis
3400 1988 3479 2042 tui
3510 2003 3605 2042 ex-

2018 2071 2280 2127 citaveris
2301 2084 2348 2128 θ.
3478 2122 3491 2135 κ

2096 2162 2368 2221 «Ροτι-θοε
2391 2166 2557 2225 etiam
2587 2173 2775 2225 vectes
2809 2168 2941 2225 olim
2962 2168 3323 2226 contrivistit
3365 2188 3380 2227 :
3427 2189 3446 2223 ι
3479 2184 3605 2240 per-

2020 2255 2265 2311 terruisti
2296 2264 2388 2313 tua
2417 2272 2549 2314 voce
2577 2258 2888 2329 infernum;
2914 2276 3153 2333 moxque
3174 2277 3297 2317 cum
3320 2276 3406 2325 eo,
3434 2261 3604 2321 etiam

2017 2348 2238 2417 expavit
2285 2364 2457 2413 mors,
2486 2356 2548 2405 ut
2576 2350 2858 2417 viderunt,
2890 2367 2924 2407 o
2961 2351 3238 2420 Salvator,
3273 2367 3435 2422 quem
3458 2350 3602 2421 apud

2018 2451 2078 2492 se
2109 2437 2379 2495 Lazarum
2400 2440 2646 2494 vinctum
2670 2440 3009 2510 detinebant,
3038 2440 3252 2498 reddita
3308 2454 3442 2496 voce
3479 2441 3602 2495 ani-

2018 2542 2127 2590 ma,
2162 2527 2286 2583 vita:
2315 2529 2709 2586 instauratum.

2086 2616 2502 2690 Obstupuerunt
2561 2636 2773 2690 onmes,
2798 2638 2833 2679 ο
2859 2622 3142 2689 Salvator,
3173 2632 3235 2680 ut
3260 2623 3516 2679 viderunt
3546 2630 3603 2679 te

2015 2707 2234 2766 ﬂentem
2268 2719 2545 2766 mortuum
2576 2712 2884 2781 Lazarum,
2922 2713 3301 2785 dixeruntque
3348 2713 3549 2769 nefarii
3583 2731 3599 2781 ξ

2022 2819 2040 2853 ι
2066 2799 2209 2856 Ecce
2235 2801 2515 2873 quomodo
2537 2803 2855 2875 diligiteum
2890 2804 2955 2858 2»
2994 2803 3164 2861 Ocius
3185 2818 3317 2874 ergo
3345 2818 3472 2859 eum
3504 2817 3603 2858 vo-

2015 2897 2176 2965 casti,
2225 2913 2632 2971 resurgensque
2665 2901 2759 2971 qui
2794 2901 3060 2958 amiserat
3114 2901 3395 2971 spiritum,
3422 2899 3601 2971 impe-
3653 2939 3676 2971 ς

2014 2998 2172 3046 rante
2193 2999 2264 3058 te,
2288 2992 2704 3063 corruptionem
2738 2992 2994 3065 deponit.

411 3071 769 3144 Ἐσείσθησαν
801 3072 993 3139 πύλαι,
1022 3075 1422 3148 συνετρίϐησαν
1453 3079 1642 3150 μοχλοί
1663 3097 1677 3112 ο
1714 3080 1910 3154 ἐλύθη-

2084 3081 2387 3139 Concussae
2441 3095 2572 3141 sunt
2634 3093 2852 3155 portae;
2888 3085 3117 3143 contriti
3155 3092 3381 3153 vectes;
3416 3085 3598 3145 soluta

329 3177 430 3214 σαν
461 3162 634 3233 δεσμὰ
656 3162 750 3235 τοῦ
778 3163 1106 3229 τεθνεῶτος·
1151 3166 1180 3218 ὁ
1223 3165 1356 3236 ᾅδης
1384 3167 1462 3232 δὲ,
1502 3172 1652 3240 φωνῇ
1687 3170 1786 3240 τῆς
1819 3171 1909 3225 δυ-

331 3250 547 3323 νάμεως
592 3253 853 3326 Χριστοῦ,
911 3255 1128 3328 πικρῶς
1160 3257 1509 3325 ἀνεστέναξε,
1546 3261 1641 3314 καὶ
1683 3262 1908 3316 ἀνεϐόαο

330 3344 520 3415 Οἴμοιι
549 3344 637 3408 τίς
672 3346 766 3400 καὶ
790 3345 956 3401 πόθεν
991 3349 1033 3420 ἡ
1058 3347 1231 3420 φωνὴ,
1258 3350 1292 3420 ἡ
1327 3351 1556 3421 νεκροὺς
1583 3349 1796 3415 ζωοῦσα
1820 3371 1836 3423 ;

411 3535 648 3590 Ἀνάστα
676 3500 951 3605 ἐντεῦθεν,
976 3538 1298 3625 ὑπακούσας
1324 3541 1423 3613 τῆς
1449 3544 1635 3613 φωνῆς
1653 3559 1670 3576 ο
1698 3545 1728 3598 ό
1756 3543 1909 3613 φίλος

328 3643 423 3685 σου
459 3627 566 3699 γὰρ
614 3627 721 3694 ἔξω
753 3632 1075 3700 προσφωνεῖ
1104 3646 1197 3684 σε·
1228 3625 1386 3696 οὗτός
1422 3636 1593 3701 ἐστιν,
1616 3637 1653 3695 ό
1685 3635 1746 3689 τὸ
1777 3636 1908 3706 πρὶν

324 3720 639 3791 ἀναστήσας
671 3720 800 3784 τοὺς
827 3721 1057 3789 νεκρούς
1077 3739 1093 3754 ⁸
1133 3723 1317 3787 Ἦλίας
1346 3724 1446 3794 μὲν
1470 3725 1660 3797 ἤγειρε
1689 3727 1903 3798 νεκρὸν,
1940 3758 1955 3771 ο

324 3810 420 3862 καὶ
456 3810 758 3876 Ἐλισσαῖος
812 3810 964 3882 ἀμαο
1018 3813 1134 3867 ἀλλ’
1165 3815 1329 3880 αὐτὸς
1367 3811 1436 3888 ἦν
1460 3816 1529 3870 δι’
1571 3816 1773 3886 αὐτῶν,
1809 3820 1906 3875 καὶ

322 3898 501 3954 λαλῶν
523 3902 618 3955 καὶ
647 3899 943 3974 πράττων,

404 3990 715 4063 ’Υμνοῦμέν
774 4012 892 4062 σου,
951 3998 1093 4066 Λόγε
1123 4037 1138 4063 ,
1189 3998 1291 4070 τὴν
1337 3998 1661 4054 ἀνείκαστον
1707 3999 1899 4071 ἰσχύν·

2010 3173 2255 3233 defuncti
2283 3176 2526 3234 vincula.
2564 3174 2741 3232 Porro
2765 3176 3043 3241 infernus,
3071 3175 3277 3231 Christi
3308 3175 3596 3246 perculsus

2009 3282 2168 3333 voce,
2199 3284 2386 3324 amare
2412 3269 2701 3337 ingemuit,
2763 3267 3237 3338 succlamavitque
3268 3283 3282 3321 :
3318 3254 3438 3322 Heu
3469 3268 3593 3324 me!

2009 3356 2297 3426 Quaenam,
2326 3366 2381 3416 et
2403 3359 2564 3430 cujus
2595 3374 2698 3415 vox
2736 3359 2854 3425 illa,
2881 3375 3003 3431 quae
3031 3366 3281 3416 mortuos
3315 3357 3384 3414 ad
3427 3359 3597 3415 vitam

2008 3449 2267 3505 reducit?

2078 3537 2318 3595 Proinde
2394 3529 2677 3611 resurgas,
2710 3537 2834 3596 voci
2882 3536 3148 3594 obediens
3182 3548 3271 3593 :te
3295 3536 3427 3593 foris
3449 3537 3596 3591 ami-

2006 3644 2107 3685 cus
2140 3638 2267 3686 tuus
2285 3630 2550 3698 advocat;
2583 3632 2700 3702 ipse
2728 3638 2815 3688 est
2837 3630 2934 3702 qui
2956 3631 3089 3685 olim
3121 3629 3415 3687 suscitavit
3442 3647 3593 3687 mor-

2006 3727 2150 3775 tuos.
2186 3719 2449 3792 Equidem
2476 3729 2751 3777 mortuum
2770 3722 3035 3778 excitavit
3054 3722 3227 3789 Elias,
3260 3723 3583 3793 pariterque

2006 3814 2239 3872 Elisaaus
2274 3834 2291 3885 ;
2320 3817 2395 3871 ita
2429 3817 2791 3873 nihilominus
2817 3824 2877 3872 ut
2900 3832 3092 3875 eorum
3130 3818 3249 3889 ipse
3274 3817 3583 3883 ministerio

2007 3908 2327 3978 loqueretur
2357 3923 2423 3963 ac
2445 3916 2785 3977 operaretur.

2076 3997 2272 4062 Tuam,
2305 4013 2338 4053 ο
2365 3997 2600 4053 Verbum
2622 4036 2639 4064 ,
2675 3998 3167 4069 incomparabilem
3207 3999 3588 4055 fortitudinem

2003 4090 2294 4146 laudamus
2330 4106 2343 4143 :
2377 4088 2600 4153 Ossibus
2662 4088 2933 4159 siquidem
2954 4099 3006 4145 et
3044 4092 3240 4156 nervis,
3272 4090 3440 4145 verbo
3467 4099 3585 4157 tuo,

2002 4183 2155 4239 velut
2183 4183 2568 4238 universorum
2616 4179 2798 4249 ﬁctor,
2849 4190 3131 4234 mortuum
3179 4182 3584 4250 compegistt":

2003 4260 2279 4344 hancque,
2313 4270 3073 4340 Salvator,quemadmodum
3119 4271 3295 4326 ﬁlium
3328 4271 3501 4329 viduae
3528 4272 3593 4337 in

2003 4364 2145 4427 lecto
2163 4363 2458 4435 iacentem,
2478 4364 2547 4418 ab
2565 4361 2799 4419 infernis
2824 4363 3190 4419 resuscitasti.

2700 4453 2910 4510 Gloria.

2068 4544 2429 4603 Sanctissima
2477 4543 2759 4609 Trinitas,
2796 4542 2961 4601 Pater
2983 4552 3187 4601 aeterne
3239 4543 3419 4611 Deus,
3473 4544 3633 4601 Fili:

1994 4646 2269 4693 coaeterne
2292 4642 2347 4692 et
2379 4635 2522 4693 Deus
2571 4634 2814 4692 Verbum
2838 4676 2855 4700 ,
2883 4636 3025 4692 bone
3051 4634 3357 4701 Paraclete,
3383 4644 3581 4693 sancte

1995 4727 2091 4781 Dei
2124 4726 2399 4797 Spiritus,
2424 4741 2593 4782 unum
2615 4725 2747 4782 trini
2778 4724 2926 4783 Solis
2947 4726 3132 4782 lumen
3151 4766 3167 4793 ,
3195 4726 3445 4797 ejusdem
3479 4742 3581 4789 na-

1996 4825 2135 4873 tura
2165 4819 2495 4887 substantia,
2532 4817 2678 4875 Deus
2704 4833 2850 4881 unus
2882 4825 2940 4874 et
2966 4818 3257 4886 Dominus,
3290 4826 3348 4882 tu
3382 4818 3589 4883 mundi.

1998 4924 2281 4966 miserere.

333 4079 597 4148 Ὀστέοις
628 4082 739 4154 γὰρ
773 4085 873 4138 καί
906 4088 1166 4155 νεύροις,
1194 4088 1288 4142 τὸν
1320 4087 1551 4142 θανόντα
1581 4088 1830 4160 ἤγειρας
1857 4092 1903 4125 ’⁸

319 4165 465 4241 λόγῳ
491 4171 569 4243 τῷ
597 4172 695 4242 σῷ,
727 4175 804 4238 ὡς
832 4175 939 4228 τῶν
969 4176 1104 4230 ὅλων
1152 4176 1527 4249 πλαστουργός
1548 4195 1561 4210 ⁸
1590 4180 1685 4234 καὶ
1710 4181 1903 4237 τοῦτον
1938 4248 1952 4259 .

320 4263 646 4338 ἀνέστησας,
687 4268 897 4340 Σῶτερ,
930 4270 995 4323 ὲκ
1017 4270 1127 4323 τῶν
1155 4271 1545 4343 καταχθονίων,
1572 4273 1651 4337 ὡς
1678 4272 1776 4346 τῆς
1799 4276 1902 4348 χή-

322 4369 422 4423 ρας
446 4355 508 4409 τὸ
542 4358 656 4413 υἱὸν
684 4359 778 4412 τδν
798 4359 892 4413 ἐπὶ
912 4359 1014 4430 τῆς
1038 4361 1251 4432 κλίνης.

1020 4452 1196 4517 Δόξα.
1250 4461 1275 4470 -
1930 4439 1976 4498 1)

393 4533 562 4606 Υριάς
587 4538 851 4607 παναγία,
880 4529 1295 4614 Πάτεράναρχε
1323 4540 1445 4609 Θεὶ,
1477 4544 1778 4617 συνάναρχε
1799 4546 1899 4601 Tit

318 4625 416 4679 ml.
444 4627 574 4680 Θιῖε
621 4629 790 4699 Δόγε,
837 4631 1164 4704 Παράκλητε
1218 4634 1414 4700 ἀγαθὲ,
1458 4636 1687 4707 Πνεῦμα
1741 4637 1899 4709 ἅγιον

316 4714 455 4801 θεοῦ
475 4731 490 4745 ·
528 4718 591 4771 τὸ
622 4717 682 4773 ἓν
705 4720 800 4773 καὶ
837 4722 1118 4792 τρισήλιον
1165 4724 1321 4793 φάος,
1363 4726 1396 4795 ή
1427 4727 1682 4798 συμφυὴς
1715 4728 1897 4801 οὐσία,

314 4795 397 4865 εἷς
430 4804 563 4870 Θιδς
599 4807 698 4860 καὶ
722 4807 951 4881 Κύριος,
985 4810 1261 4884 οίκτειρον
1288 4810 1381 4866 τὸν
1404 4795 1631 4885 κόσμον,

981 4990 1226 5047 Θεοτόκ.

2628 4999 2697 5054 In
2729 4998 2944 5071 Deipar.

394 5072 453 5126 Ὀ
502 5074 685 5129 πάντα
714 5078 945 5148 ποιήσας
988 5081 1047 5133 ὲν
1089 5080 1275 5152 σοφίᾳ,
1318 5081 1518 5154 ’1ῆσοῦ,
1547 5086 1643 5139 καὶ
1668 5086 1790 5141 ὅλον
1824 5106 1892 5159 με

2067 5091 2169 5159 Qui
2193 5091 2450 5153 universa
2480 5093 2534 5147 in
2568 5094 2859 5157 sapientia,
2884 5107 2918 5147 o
2944 5089 3096 5156 Jcsu,
3126 5091 3351 5156 creasti,
3379 5107 3576 5162 "neque

314 5166 553 5255 φορέσας
585 5171 651 5221 ὲκ
704 5170 1005 5239 Παρθένου,
1055 5173 1149 5226 καὶ
1198 5174 1319 5239 ὅλος
1373 5176 1549 5246 μένων
1577 5178 1663 5231 ἀεὶ
1696 5179 1755 5231 ὲν
1781 5183 1895 5244 τοῖς

2031 5191 2168 5236 )tum
2196 5199 2261 5237 ex
2290 5181 2513 5254 Virgine
2542 5183 2795 5248 induisti,
2828 5184 3033 5255 quique
3066 5191 3216 5239 totus
3242 5183 3295 5236 iu
3335 5194 3563 5253 paterno

313 5254 534 5345 κόλποις
566 5258 661 5310 τοῦ
690 5259 902 5331 Πατρός
921 5277 934 5291 ·
968 5262 1028 5316 τὸ
1065 5263 1224 5333 ἅγιόν
1258 5282 1350 5319 σου
1380 5267 1626 5335 Πνεῦμα,
1657 5270 1888 5341 Χριστὲ,

2031 5289 2204 5343 emper
2226 5291 2417 5331 manes
2443 5275 2604 5343 sinu;
2637 5283 2714 5342 tu,
2743 5254 2987 5342 Christe,
3016 5274 3279 5345 Spiritum
3313 5283 3567 5341 sanctum

310 5342 408 5398 ἐπὶ
430 5344 495 5443 τὸ
523 5347 776 5443 ποίμνιόν
813 5364 931 5418 σου,
967 5354 1332 5426 καταπέμψας
1363 5357 1440 5421 ὡς
1459 5359 1611 5427 Θεὸς,
1634 5362 1889 5417 ἐπισκιά-

2031 5342 2152 5419 tium
2207 5369 2261 5422 in
2310 5377 2462 5421 tuum
2522 5342 2664 5423 ovile
2706 5368 2894 5433 divina
2938 5342 3163 5425 mittens
3214 5368 3567 5443 auctoritate,

313 5445 407 5484 σον
438 5434 607 5503 ἡμᾶςς
1382 5480 1395 5495 ι
1999 5474 2099 5516 nos
2124 5459 2385 5514 obumbra
2411 5468 2464 5514 et
2499 5468 2742 5531 protege.

379 5546 407 5581 αι
446 5543 580 5601 Luc.
624 5563 664 5613 ι,
694 5548 902 5617 51,52,
937 5554 1024 5620 78,
1059 5554 1145 5609 79.
1191 5601 1196 5605 .
1243 5567 1267 5595 ο
1299 5555 1457 5613 Joan.
1490 5576 1563 5629 ιι,
1600 5563 1682 5621 19.
1767 5565 1785 5617 ί
1823 5565 1903 5627 lsa

2031 5572 2174 5633 v,9..
2255 5575 2280 5612 ⁸
2312 5572 2493 5637 Jobx,
2532 5572 2611 5627 ll.

788 5665 803 5682 ι
854 5688 859 5692 .
1618 5656 1844 5713 γΑιιυΕ
1884 5654 2286 5720 LEC'l'iUNES.

374 5731 418 5773 ι·
456 5747 542 5809 γρ.
572 5733 925 5801 συνέκλασας.
1003 5740 1046 5770 ³⁸
1078 5740 1160 5793 lar.
1198 5739 1477 5812 ἔσφιγξας.
