4004 6150
279 331 412 400 1401

281 536 476 608 ἔσχον·
510 537 605 589 σού
631 537 688 590 δὲ
733 538 767 606 ὴ
805 537 989 609 νηδὺς,
1020 536 1429 609 θεογεννήτρια,
1480 539 1640 596 τόκον
1684 542 1856 596 καινίο

282 626 365 692 ζει
392 629 598 682 καινόν.

506 722 677 785 Ka0.,
699 715 801 789 ἦχ.
832 718 903 774 δ’.
949 721 1292 790 Ἐπεφάνης
1332 723 1622 792 σήμερον.

352 810 466 879 Τῆς
490 812 661 880 συκῆς
692 813 753 864 τὸ
786 812 1054 883 ἔγκλημα,
1094 815 1168 885 μὴ
1199 814 1258 867 σὲ
1287 815 1599 888 προφθάσῃ.
1626 813 1742 867 ἀλλ’
1769 815 1861 868 εὐ-

282 901 526 970 κάρπους
562 902 867 955 σπούδασον
897 902 1124 974 καρδίας
1154 903 1349 967 αθλαξι
1377 904 1548 975 ψυχὴ,
1581 904 1660 975 τῷ
1701 922 1856 973 ποιη·

284 993 351 1061 τῇ
384 1007 478 1043 σου
502 990 724 1062 Χριστῷ
752 992 1000 1061 ἀγαγεῖν,
1042 995 1101 1047 ὲν
1136 994 1396 1065 μετανοίᾳ
1444 993 1593 1066 αὐτῷ
1626 1009 1862 1065 προσκο-

292 1083 547 1151 μίσουσα.

521 1172 657 1245 ᾨδὴ
682 1179 757 1240 η’.
798 1173 910 1228 Τὸν
933 1175 1002 1228 ἐν
1025 1174 1143 1242 ὄρει
1170 1175 1319 1245 ἁγίῳ
1343 1174 1633 1238 δόξασαν.

356 1255 685 1335 Σωφροσύνη
716 1267 1096 1336 κοσμήσαντες
1139 1267 1233 1320 τὸν
1290 1267 1426 1335 βίον,
1457 1269 1552 1319 καὶ
1600 1264 1860 1335 φρονήσει

288 1352 624 1421 φυλάξαντες
649 1354 748 1426 τὴν
777 1354 979 1419 πίστιν,
1028 1356 1375 1426 δικαιοσύνης
1416 1355 1655 1425 τρόπους
1703 1369 1861 1423 πορι-

289 1442 511 1513 σώμεθα
537 1486 551 1510 ,
599 1445 686 1498 ἵνα
736 1448 794 1499 ὲν
840 1446 1061 1521 ἀνδρείᾳ
1106 1447 1572 1519 ἀκολουθήσαντες
1615 1442 1858 1517 Χριστῷ,

288 1533 785 1604 σνσταυρωθῶμεν.

361 1618 564 1688 Ἀλλην
592 1618 736 1672 Εὕαν
772 1618 950 1689 εὑρὼν
994 1620 1092 1691 τὴν
1141 1619 1466 1686 Αἰγυπτίαν,
1509 1620 1612 1672 οὐκ
1648 1618 1860 1686 ἔκλάπη

288 1706 425 1778 πρὸς
459 1709 837 1779 ἀνοσιουργίαν
860 1712 888 1762 ὀ
920 1711 1264 1781 πατριάρχης
1302 1711 1519 1778 Ἰωσὴφ,
1551 1708 1668 1761 ἀλλ’
1697 1707 1859 1775 ἔστη·

1502 332 1830 400 TRIODIA
1868 338 2037 403 MAI.
2079 344 2183 404 HE
2192 346 2305 407 BD.

158 462 171 465 ’
280 444 438 512 ξένην
501 442 897 515 μεταποίησιν,
957 446 1052 499 καὶ
1112 442 1254 513 ὑπὲρ
1313 440 1480 512 νοῦν,
1537 448 1855 520 οἰκονομίαν

1986 454 2282 509 nirahilitrr
2312 461 2534 510 mutatae
2555 449 2603 520 ι,
2638 446 2900 521 majorem
2931 449 3155 509 ratione
3171 451 3530 522 dispensatio.

3404 340 3543 406 1402

1960 560 2081 598 nem
2114 546 2423 600 habuerunt
2448 564 2462 601 :
2490 552 2545 600 at
2577 552 2726 610 tuus,
2751 540 2843 599 Dei
2863 539 3148 612 Genitrix,
3173 558 3371 599 novum
3401 555 3534 611 parv-

1959 642 2075 688 tum
2111 634 2292 688 initiat
2319 642 2528 705 uterus,

2136 725 2318 789 Cat/1.,
2355 744 2445 782 seu
2467 744 2596 782 seu.
2630 735 2740 782 ton.
2763 727 2816 784 4.
2853 725 3161 795 Apparuiin
3185 724 3354 778 hodie.

2028 814 2106 870 Ne
2140 827 2208 881 te,
2242 818 2445 880 anima.
2483 826 2716 887 occupet
2765 818 2901 872 licus
2936 814 3297 881 crime‘n;sed
3347 812 3527 879 stude,

1958 913 2017 958 ut
2055 906 2222 973 probe
2257 907 2500 969 sulcans,
2552 907 2749 961 fertilia
2781 905 3026 968 Christo,
3057 914 3154 958 tuo
3201 904 3411 959 auctori
3439 910 3534 957 au-

1961 996 2133 1051 ducas
2160 996 2353 1060 corda,
2378 1012 2441 1049 ea
2474 998 2549 1051 illi
2583 998 2636 1051 in
2661 997 2983 1068 pmniteutia
3021 995 3282 1051 otTerens.
3594 974 3603 983 ί

2076 1175 2187 1231 Ode
2203 1175 2256 1229 8.
2290 1174 2426 1229 Eum
2453 1175 2697 1245 glori/ica
2720 1191 2807 1244 qm
2840 1175 2986 1227 estin
3019 1182 3193 1229 monte
3215 1179 3421 1226 sancto.

2031 1270 2210 1325 Vitam
2241 1271 2493 1325 castitate
2527 1278 2809 1336 ornantes,
2836 1284 2900 1322 ac
2930 1268 3218 1338 prudentia
3249 1273 3531 1320 servantes

1963 1361 2143 1420 ﬁdem.
2176 1360 2357 1429 justos
2406 1374 2790 1429 comparemus
2821 1374 3027 1424 mores,
3060 1366 3117 1412 ut
3140 1356 3421 1413 Christqu
3459 1357 3533 1410 vi-

1960 1453 2138 1507 riliter
2168 1463 2482 1522 sequentes,
2516 1468 2639 1508 cum
2669 1468 2735 1509 eo
2770 1453 3179 1523 crttciiigamur.

2028 1631 2166 1687 Cum
2196 1630 2397 1701 Joseph
2433 1630 2767 1700 patriarcha,
2793 1632 2960 1687 Evam
2994 1632 3155 1686 aliam
3178 1672 3193 1697 ,
3222 1627 3532 1700 Egyptian]

1964 1722 2286 1784 invenisset,
2339 1722 2763 1790 haudquaquam
2812 1721 3199 1792 potuitinduci
3233 1722 3297 1774 ad
3331 1721 3536 1790 impro-

289 1816 383 1852 ιιεν
412 1800 599 1872 ὥσπερ
628 1818 712 1865 τις
735 1801 967 1872 ἀδάμας,
993 1802 1097 1855 ὑπὸ
1119 1803 1224 1855 τῶν
1254 1801 1441 1855 παθῶν
1475 1800 1550 1872 μὴ
1577 1800 1741 1863 ἁλοὺς
1761 1799 1858 1871 τῆς

1986 1829 2088 1868 tum
2140 1813 2381 1879 facinus;
2418 1813 2514 1867 sed
2556 1814 2710 1867 stetit
2741 1813 2887 1867 velut
2938 1813 3164 1868 adamas
3192 1809 3436 1881 quidam,
3466 1806 3534 1862 ad

289 1889 584 1960 ἁμαρτίας.

362 1981 681 2053 Παροδεύων
719 1984 815 2037 τοῦ
844 1983 960 2054 βίου
1010 1985 1112 2046 τὰς
1167 1984 1419 2055 πορείας,
1445 1976 1490 2036 ὦ
1519 1980 1701 2050 Σῶτέρ
1733 1996 1856 2050 μου,

289 2073 583 2136 ὲπείνασας
620 2075 899 2146 βουλήσει,
928 2077 1029 2148 τὴν
1073 2076 1347 2148 σωτηρίαν
1379 2075 1597 2127 πάντων
1636 2072 1861 2141 ἐφιέμε-

289 2183 416 2229 νος·
465 2165 625 2220 τοῦτο
654 2169 765 2240 γὰρ
806 2169 1065 2235 ὲπείνας,
1114 2170 1215 2239 τὴν
1260 2167 1602 2238 ἐπιστροφὴν
1633 2165 1744 2220 τῶν
1794 2165 1862 2217 ἐκ

291 2257 387 2312 σοῦ
415 2259 863 2326 ἁποσφαλέντων.

373 2349 433 2402 '0
467 2351 770 2421 προπάτωρ
797 2350 1136 2421 γευσάμενος
1167 2349 1264 2403 τοῦ
1296 2349 1475 2415 ξύλου,
1508 2350 1583 2412 ὡς
1615 2345 1862 2416 ἐγνώσθη

291 2440 500 2508 γυμνὸς
527 2439 621 2492 καὶ
650 2439 1022 2509 ᾐσχυμμένος,
1071 2439 1244 2508 φύλλα
1274 2440 1443 2508 συκῆς
1470 2437 1649 2491 λαϐὼν
1679 2451 1863 2505 περιε-

294 2530 535 2595 ζώσατο⁹
570 2531 670 2600 τὴν
700 2532 1027 2605 συναγωγὴν
1076 2531 1176 2607 τὴν
1212 2530 1594 2604 γυμνωθεῖσαν
1622 2525 1861 2600 Χριστοῦ

293 2622 673 2692 προδιετύπου.

374 2713 716 2782 Ἐτοιμάζου,
753 2714 923 2784 ψυχὴ,
956 2714 1064 2785 πρὸ
1121 2714 1217 2782 τῆς
1271 2713 1490 2778 ἐξόδου·
1541 2709 1863 2782 εύτρεπίζου

294 2804 431 2874 πρὸς
458 2807 546 2857 τδν
572 2806 779 2859 ἐκεῖθεν
816 2806 948 2875 βίον,
991 2804 1185 2873 καὶτῷ
1212 2803 1435 2875 Χριστῷ
1468 2803 1659 2857 παθεῖν
1686 2801 1773 2867 διὰ
1807 2802 1867 2853 σὲ

294 2894 601 2957 σπεύδοντι,
627 2895 715 2948 ἵνα
749 2896 808 2949 σὲ
844 2895 1068 2969 δοξάσῃ,
1121 2894 1356 2949 σπεῦσον
1398 2893 1727 2966 συμπαθεῖν,
1772 2894 1866 2946 καὶ

294 2984 476 3047 θανεῖν
506 2987 596 3038 καί
620 2986 1020 3057 σταυρωθῆναι.

364 3169 489 3232 Πῶς
528 3168 601 3240 μὴ
636 3166 801 3241 φρίξῃ
832 3169 861 3222 ό
912 3167 1161 3232 θάνατος,
1203 3167 1389 3237 Σῶτέρ
1442 3181 1580 3236 μου*
1617 3164 1733 3227 πῶς
1793 3164 1867 3234 μὴ

294 3261 472 3331 πτήξῃ
506 3264 532 3314 ὁ
560 3261 691 3332 ᾅδης
722 3261 997 3315 συναντῶν
1042 3278 1144 3323 σοι,
1190 3259 1313 3313 κατ’
1350 3258 1611 3311 ἐὐδοκίαν
1647 3255 1785 3326 πρὸς
1809 3253 1870 3307 τὸ

296 3353 468 3417 πάθος
500 3353 803 3419 σπεύδοντι,
844 3354 939 3407 καὶ
968 3353 1108 3422 ὑπὲρ
1136 3353 1358 3417 ἀδίκων,
1388 3351 1532 3426 ὁρῶν
1571 3365 1632 3405 σε
1674 3346 1871 3404 παθεῖν

293 3443 616 3515 ἐληλυθότα.

366 3535 476 3588 Τοῦ
525 3535 776 3607 Λαζάρου
811 3536 914 3608 τὴν
960 3533 1455 3606 ἔγερσινόρῶντες
1499 3530 1765 3595 Ἰουδαῖοι,
1797 3529 1872 3582 ἰε-

299 3627 414 3699 ρεῖς
453 3626 546 3678 καὶ
598 3623 841 3688 Λευῖται,
889 3626 1231 3695 συνομωσίαν
1266 3622 1447 3693 φθόνῳ
1495 3620 1869 3675 συσκευάσαν-

297 3731 410 3779 τες,
434 3714 570 3784 δόλῳ
590 3714 879 3785 προδοσίας
906 3714 996 3767 τδν
1019 3715 1256 3784 Χριστὸν
1282 3708 1893 3783 προύδίδουνείςθάνα-⁸

297 3821 392 3859 τον
427 3805 660 3875 Πιλάτῳ.

378 3895 446 3949 Ἦ
476 3896 652 3965 ἀμνάς
688 3912 780 3948 σου
828 3896 926 3948 καὶ
966 3892 1126 3963 δούλη
1164 3894 1259 3947 καὶ
1306 3891 1598 3963 παρθένος,
1645 3888 1780 3960 πρὸς
1812 3888 1873 3941 τδ

298 3985 470 4048 πάθος
496 3986 756 4059 ὀρμῶντά
788 4003 848 4040 σε
868 3985 1070 4056 ὁρῶσα,
1101 3987 1198 4039 καὶ
1228 3984 1326 4055 τὴν
1353 3983 1532 4054 ψυχὴν
1557 3982 1695 4054 ὑπὲρ
1717 3980 1873 4052 ἡμῶν

299 4076 657 4147 προθέμενον,
692 4076 785 4131 τδν
817 4077 981 4131 καλὸν
1010 4076 1266 4147 ποιμένα,
1313 4074 1641 4144 σπλάγχνοις
1679 4087 1873 4144 μητρι-

300 4171 417 4231 κοῖς
456 4168 550 4222 ἐπὶ
582 4169 666 4221 σοὶ
696 4168 1099 4238 πῳσωίυνᾶτο.
1308 4222 1315 4230 ,
1726 4166 1733 4171 ’

1010 4259 1184 4325 Δόξα.

383 4353 471 4415 Ὡς
504 4353 708 4423 μονάδα
751 4355 816 4422 τῇ
857 4351 1017 4422 οὐσία
1055 4350 1209 4421 ύμνῶ
1241 4366 1338 4403 σε’
1391 4350 1466 4412 ὡς
1509 4349 1716 4419 Τριάδα
1764 4349 1873 4410 τοῖς

1959 1905 2186 1959 vitiosas
2216 1904 2531 1957 aﬂ'eetiones
2550 1902 2789 1957 invictus
2818 1911 2880 1957 ω.

2035 1995 2170 2050 Vitae
2196 1994 2358 2063 hujus
2420 1994 2619 2049 itinera
2682 2007 3028 2064 peragens,o
3060 1991 3309 2046 Salvator
3355 2003 3533 2052 meus,

1960 2088 2186 2143 esuristi
2217 2089 2515 2150 voluntate,
2570 2086 2897 2141 desiderans
2948 2084 3333 2139 universorum
3385 2082 3537 2135 salu—

1963 2187 2069 2232 tem
2097 2197 2110 2233 :
2136 2180 2251 2232 haec
2274 2178 2476 2248 quippe
2513 2185 2603 2229 tua
2636 2183 2757 2231 erat
2786 2175 2957 2231 fames
2984 2191 2999 2241 ;
3027 2187 3218 2230 eorum
3249 2170 3538 2227 conversio

1963 2273 2052 2342 qui
2087 2287 2114 2323 a
2143 2279 2195 2325 te
2220 2272 2631 2343 aberrassentn.

2032 2361 2250 2415 Primus
2282 2376 2497 2431 parens,
2524 2368 2582 2413 ut
2614 2359 2761 2429 ligno
2792 2365 3035 2428 gustato,
3068 2371 3127 2412 se
3150 2355 3406 2426 cognovit
3435 2370 3539 2408 nu~

1963 2451 2094 2506 dum
2143 2466 2205 2506 ac
2228 2450 2550 2506 erubescere
2601 2448 2792 2519 cmpit,
2851 2448 3091 2517 acceptis
3148 2445 3297 2500 foliis
3374 2445 3535 2506 ﬁcus,

1965 2539 2205 2609 scipsum
2233 2537 2582 2608 succingrns,
2616 2536 2957 2608 Synagogam
3020 2534 3276 2588 nudatam
3314 2531 3538 2588 Christo

1968 2631 2340 2702 prmiiguravit
2358 2640 2400 2685 °.

2037 2723 2113 2779 Te
2147 2731 2217 2784 te,
2253 2723 2458 2783 anima.
2506 2736 2753 2792 prmpara
2808 2726 2937 2775 ante
2998 2717 3246 2782 exitum;
3305 2714 3536 2784 teipsam

1966 2828 2223 2882 compara
2248 2813 2311 2867 ad
2345 2813 2510 2865 vitam
2562 2812 2710 2865 illam
2772 2809 2940 2864 futuri
2988 2809 3110 2873 aevi,
3160 2821 3225 2860 ac
3267 2820 3371 2858 una
3413 2819 3537 2857 cum

1965 2904 2211 2969 Christo,
2248 2903 2315 2956 ad
2354 2902 2663 2972 passionem
2720 2915 2817 2971 pro
2843 2910 2895 2955 te
2942 2886 3304 2970 properante,
3344 2903 3401 2948 ut
3425 2894 3541 2964 glo-

1970 2998 2106 3050 riam
2165 3002 2340 3067 paret,
2399 2992 2664 3048 contende
2711 2993 2846 3063 pati,
2894 2989 3184 3060 morique,
3240 3002 3307 3043 ac
3355 2983 3540 3041 cruci-

1893 3118 1937 3176 c
1972 3084 2081 3155 ﬁgi.

2039 3175 2143 3241 Qui
2177 3190 2282 3229 non
2308 3173 2582 3227 horruerit
2610 3185 2779 3231 mors,
2807 3185 2840 3225 ο
2863 3167 3160 3225 Salvator?
3184 3165 3275 3237 qui
3306 3179 3412 3219 non
3443 3178 3540 3219 oc-

1969 3280 2201 3321 currens
2227 3262 2498 3321 infernus.
2538 3261 2734 3316 festiue
2767 3259 2831 3313 ad
2859 3257 3340 3328 passionemjuxta
3370 3255 3540 3310 bene-

1968 3356 2234 3427 placitum
2268 3354 2613 3414 accurrenti,
2642 3351 2959 3420 expaverit;
2992 3365 3056 3404 ac
3083 3348 3272 3404 videns
3297 3354 3542 3411 euntem,

1972 3456 2030 3502 ut
2061 3460 2159 3515 pro
2189 3444 2393 3514 iniquis
2418 3442 2670 3521 moriaris
2699 3458 2714 3507 ;

2044 3538 2116 3595 Ut
2162 3536 2356 3601 Judaei,
2402 3535 2827 3603 sacerdotesque
2874 3528 3221 3593 eLLevitae,
3289 3528 3544 3583 viderunt

1972 3632 2239 3687 Lazarum
2272 3628 2599 3685 suscitatam
2625 3636 2677 3685 ιε,
2706 3624 2875 3678 livido
2902 3622 3086 3676 animo
3108 3619 3542 3689 coniurationem

1973 3718 2641 3788 fecerunt,Christumque
2663 3715 2788 3770 dolo
2812 3712 3102 3773 traditum,
3127 3709 3301 3763 Pilato
3325 3709 3378 3762 in
3399 3722 3546 3761 mor-

1970 3821 2080 3869 tem
2115 3812 2484 3866 tradiderunt.

2041 3904 2155 3958 Tua
2190 3903 2280 3956 illa
2307 3915 2466 3971 agna,
2494 3899 2803 3967 ancillaque
2828 3907 2879 3953 et
2900 3897 3076 3967 virgo,
3094 3895 3285 3949 videns
3304 3893 3369 3949 ad
3396 3906 3547 3946 mor-

1973 4004 2081 4049 tem
2138 3990 2561 4046 contendentem
2611 3988 2894 4042 Pastorem
2953 3988 3182 4049 bonum.
3228 4000 3329 4055 pro
3382 3983 3544 4038 nobis

1973 4080 2281 4154 positurum
2309 4077 2544 4132 animam
2560 4087 2610 4144 ει,
2637 4076 2904 4131 maternis
2928 4075 3233 4130 visceribus
3249 4072 3546 4128 condoieus

1973 4174 2346 4231 cruciabatur.

2676 4261 2879 4316 Gloria.
3404 4314 3407 4317 .

2048 4356 2234 4410 Laudo
2267 4359 2365 4419 te,‘
2389 4363 2447 4409 ut
2479 4353 2715 4408 essentia
2780 4352 3042 4405 unitatem
3070 4367 3084 4416 ;
3118 4348 3259 4412 colo,
3321 4353 3383 4402 ut
3430 4344 3551 4401 Tri-

303 4444 618 4518 προσώποις
666 4461 725 4497 σε
778 4443 960 4509 σέϐω,
1004 4445 1208 4511 Πάτερ,
1265 4442 1382 4504 Υἱὲ,
1429 4442 1524 4493 καὶ
1563 4440 1786 4510 Πνεῦμα
1818 4439 1868 4492 τὲ

1986 4452 2203 4503 nitatem
2226 4446 2496 4519 personis,
2523 4447 2706 4508 Pater,
2735 4443 2861 4507 Fili,
2893 4458 2958 4498 ac
2987 4441 3339 4499 sanctissime
3372 4436 3551 4508 Spiri-

302 4539 568 4606 πανάγιον
593 4554 609 4569 ο
670 4538 913 4608 ἄναρχον
952 4537 1014 4591 τδ
1055 4537 1256 4608 κράτος
1307 4535 1405 4605 τῆς
1449 4535 1547 4605 σῆς
1600 4533 1877 4604 βασιλείας

303 4630 515 4697 δοξάζω
544 4632 622 4695 εἰς
648 4629 873 4693 αἰῶνας.

972 4720 1211 4777 Θεοτόκ.

373 4814 627 4865 Δυσωπεῖ
653 4829 733 4870 σε.
765 4812 990 4884 Χριστὲ,
1014 4813 1049 4883 ἡ
1072 4810 1333 4872 Θεοτόκος
1354 4825 1369 4839 ·
1395 4805 1625 4863 ἱκετεύει
1650 4805 1759 4858 τῶν
1778 4822 1881 4876 μα-

304 4902 483 4974 θητῶν
509 4904 713 4973 δῆμοςο
741 4903 839 4976 τὴν
880 4901 978 4973 σὴν
1013 4902 1236 4972 εἰρήνην
1276 4898 1518 4970 δὼρησαι
1560 4896 1638 4969 τῷ
1688 4897 1879 4966 κόσμῳ

190 5020 208 5027 ε
306 5011 422 5056 σου,
475 4996 570 5047 καὶ
614 4994 742 5056 τοὺς
786 4992 1103 5064 οἰκτιρμούς
1158 5008 1286 5057 σου,
1335 4988 1879 5061 χάρισαιςπλουσίως

301 5088 435 5154 ἡμῖν
462 5089 543 5147 εἰς
586 5087 714 5148 τοὺς
750 5084 974 5146 αἰῶνας.

314 5180 449 5252 ᾨδή
495 5183 563 5234 θ’.
610 5180 961 5247 Ἀλλότριον
998 5177 1116 5237 τῶν
1157 5176 1430 5247 μητέρων
1469 5176 1506 5242 ἡ
1568 5176 1876 5244 παρθενίη.

385 5268 695 5339 Ἀλλότριον
760 5267 871 5323 τῶν
935 5268 1188 5338 ἁσὲμνων
1250 5269 1284 5337 ἡ
1349 5265 1712 5337 σωιρροσύνη’
1782 5266 1877 5317 καὶ

303 5360 455 5427 ξένον
489 5363 605 5423 τοῖς
645 5361 876 5424 δικαίοις
927 5363 960 5429 ή
1006 5359 1229 5430 ἀνομία.
1269 5359 1469 5427 Ἰωσὴφ
1512 5359 1569 5413 δὲ
1619 5358 1646 5409 ὁ
1679 5357 1873 5427 μέγας,

302 5451 547 5519 ιξέκλινε
601 5451 701 5521 τὴν
757 5452 1052 5521 ἁμαρτίαν,
1089 5451 1181 5505 καὶ
1237 5449 1594 5520 σωφροσύνην
1632 5448 1877 5519 ἐχρημά-

301 5559 483 5598 τισεν·
518 5541 682 5597 εἰκὼν
713 5543 806 5597 καὶ
830 5541 1001 5607 τύπος
1030 5544 1196 5606 ὅντως
1230 5541 1486 5611 Χριστοῦ.

380 5652 401 5695 ι
431 5656 609 5710 Exod.
643 5671 721 5718 tv,
746 5657 779 5707 5
800 5673 813 5719 ;
837 5656 997 5713 Num.
1031 5673 1178 5719 xvii.
1209 5657 1263 5714 8.

305 5738 384 5792 ιι,
442 5725 511 5779 47
546 5740 700 5799 seqq.
794 5718 823 5777 It
860 5724 996 5781 Joan
1037 5742 1089 5792 ιι,
1125 5718 1208 5782 ﬂ.
1289 5736 1310 5765 τ
1354 5725 1488 5780 Gen.
1516 5742 1702 5789 xntx,
1737 5718 1789 5781 8.

1361 5665 1400 5737 ξ
1439 5654 1575 5710 GM-
1610 5656 1839 5737 κικιξιδ
1905 5681 2059 5737 seqq.
2141 5663 2353 5720 Mean.
2407 5679 2478 5728 tv,
2538 5655 2602 5714 7.
2659 5669 2680 5690 °

1974 4553 2095 4607 tus;
2147 4551 2411 4596 :rternum
2477 4537 2626 4608 regni
2658 4537 2737 4590 tui
2770 4536 2835 4589 itr
2850 4534 3060 4605 perium
3094 4530 3342 4602 gloriﬁco
3370 4530 3423 4584 in
3451 4543 3553 4585 sa:-

1978 4634 2120 4690 Cuia.

2613 4720 2676 4775 In
2711 4718 2925 4788 Πείραι’.

2052 4817 2148 4882 Te,
2186 4817 2431 4882 Christe,
2492 4813 2718 4885 Deipara
2751 4821 2908 4879 orat;
2946 4809 3221 4880 supplicat
3253 4804 3554 4875 discipulo-

1987 4925 2105 4964 rum
2134 4908 2369 4978 populus
2400 4924 2413 4959 :
2446 4914 2590 4959 tuam
2613 4903 2819 4960 mundo
2848 4911 2946 4956 tuo
2966 4901 3111 4956 dona
3137 4913 3360 4969 pacem;
3388 4895 3553 4951 mise-

1987 5002 2342 5069 rationesque
2402 4999 2525 5053 illas
2576 5008 2698 5051 tuas
2747 4994 2964 5050 abunde
3026 4991 3188 5048 nobis
3235 4990 3291 5044 in
3352 4987 3554 5045 sacula

1988 5093 2204 5163 largire.

2228 5179 2339 5237 Ode
2360 5179 2413 5234 θ.
2452 5178 2745 5250 Virgiuitos
2769 5194 2800 5230 a
2833 5174 3310 5229 matribusalwna.

2054 5271 2241 5325 Aliena
2265 5270 2663 5324 abinhonestis
2710 5267 3095 5337 turpibusque,
3150 5261 3413 5324 castitas;
3474 5256 3559 5325 ju-

1987 5363 2222 5431 stisque.
2249 5361 2532 5432 peregrina
2557 5359 2839 5429 iniquitas.
2865 5357 3040 5412 Porro
3083 5368 3314 5425 magnus
3341 5349 3431 5404 ille
3461 5345 3557 5402 Jo-

1985 5457 2139 5527 scph,
2175 5456 2346 5510 vitato
2367 5464 2612 5525 peccato,
2648 5451 2922 5508 castitatis
2969 5448 3191 5520 collegit
3247 5442 3555 5507 divitias";

1986 5548 2190 5605 Christi
2214 5562 2402 5603 revera
2427 5546 2603 5615 imago
2633 5552 2686 5600 et
2711 5544 2900 5616 ﬁgura.

2871 5656 3010 5712 Gen.
3067 5670 3152 5722 ιιι,
3196 5653 3248 5708 7.
3323 5647 3543 5705 9108!!-
