4004 6150
543 301 676 367 14οἸ
1706 300 1769 360 S.
1809 299 1910 358 AN
1918 296 2124 359 DREI

2178 297 2598 362 CBETENSIS
3619 308 3722 379 “08

541 416 771 487 scipulis
811 415 947 478 suis,
983 413 1221 470 futuram
1267 412 1803 469 consummationem
1839 410 2110 481 praedixe-

2139 409 2185 467 Α
2216 409 2486 480 μαθηταῖς
2516 412 2702 478 αὑτοῦ,
2728 412 3105 484 προανεφώνει
3131 415 3302 484 λέγων
3328 417 3422 486 τὴν
3450 420 3716 477 συντέλειαν·

541 509 662 562 rit:
714 521 838 575 quae
874 520 1037 575 porro
1092 512 1245 558 tuum
1301 504 1465 557 ﬁnem
1521 501 1869 572 cognoveris,
1921 508 2113 571 parata

2222 499 2426 567 γνοῦσα
2483 501 2541 555 δέ
2573 518 2668 555 σου
2709 502 2770 555 τὺ
2800 503 2976 571 τέλος,
3005 504 3294 575 ὲτοιμάζου
3344 505 3515 561 λοιπόν
3536 525 3549 538 ·
3577 511 3719 582 καιρδς

545 601 804 667 deinceps
837 606 956 651 esto
986 616 999 652 :
1047 606 1265 664 tempus
1306 595 1487 650 exitus
1517 596 1690 650 venit.

996 640 999 652 .
1047 606 1265 664 tempus
1306 595 1487 650 exitus
1517 596 1690 650 venit.
2216 590 2398 656 ἐξόδου
2431 591 2577 661 ἥκει.

616 690 758 755 Scis,
806 689 988 741 anima
1042 687 1411 751 infructuosa,
1461 674 1773 755 eiemplum
1824 684 1967 739 servi
2023 699 2114 737 ne-

2293 683 2525 750 Ἔγνως,
2558 680 2717 751 ἆγονε
2747 684 2914 756 ψυχὴ,
2945 684 3039 739 τοῦ
3070 687 3310 758 πονηροῦ
3338 689 3533 742 οἰκέτου
3557 689 3605 742 τὸ
3626 691 3719 744 ὑπὸ·

545 795 706 849 quauu
742 777 980 842 i?time,
1020 792 1081 831 ac
1111 793 1179 832 ne
1220 777 1425 831 donum
1476 776 1787 847 neglexeris
1826 774 1972 845 quod
2022 789 2117 830 ac-

2219 772 2454 844 δειγμα;
2488 775 2659 845 φοϐοῦ
2692 814 2709 839 ,
2739 777 2834 831 καὶ
2869 777 2943 848 μὴ
2971 777 3169 845 ἀμέλει
3214 777 3309 831 τοῦ
3338 779 3654 849 χαρίσματος,
3676 778 3720 836 οὗ

530 871 758 941 cepisti.
832 887 939 925 non
974 880 1031 925 ut
1065 870 1378 925 occultares
1413 870 1467 924 in
1515 878 1681 934 terra,
1735 868 1828 924 sed
1863 876 1926 921 ut
1957 883 2111 943 nego-

2220 865 2405 931 ἐδέξω,
2439 869 2538 939 οὐχ
2568 868 2656 922 ἵνα
2694 870 3057 944 κατακρύψῃς
3086 871 3167 934 εἰς
3190 870 3316 940 γῆν,
3345 872 3454 927 ἀλλ’
3479 872 3556 927 ἴνα
3591 874 3719 945 ἐμπο-

544 962 784 1015 tiareris.

2225 956 2415 1028 ρεύσῃ.

612 1052 758 1106 Laeta
807 1052 879 1107 sit
925 1060 979 1104 et
1038 1052 1188 1107 clara
1236 1051 1446 1120 lampas
1483 1047 1547 1114 ις
1609 1052 1849 1104 exundet
1897 1062 2122 1118 quoque

2290 1047 2667 1119 Φαιδρυνέσθω
2721 1050 2755 1118 ἡ
2810 1049 3036 1121 λαμπάς
3062 1090 3078 1114 ,
3114 1051 3531 1122 ὑπερδρεχέσθω
3569 1054 3722 1123 ταύτης

472 1180 475 1183 -
544 1142 919 1211 exuheretque
948 1140 1070 1209 ejus
1096 1141 1301 1203 oleum,
1321 1138 1783 1209 quemadmodum
1813 1137 1866 1190 id
1906 1146 2053 1206 temp

2221 1138 2316 1190 καὶ
2340 1135 2401 1188 τὸ
2432 1136 2632 1201 ἔλαιον,
2663 1137 2738 1200 ὡς
2765 1139 2885 1201 ταῖς
2917 1137 3215 1208 παρθένοις
3244 1138 3366 1191 τότε
3394 1140 3425 1209 ἡ
3452 1139 3720 1208 συμπάθεια,

546 1234 626 1292 ris
650 1232 1026 1287 misericordia
1057 1232 1109 1285 in
1146 1232 1478 1300 virginibus,
1515 1240 1573 1283 ut
1604 1229 1909 1295 inveneris,
1943 1244 1977 1284 ο
2005 1229 2122 1282 aui-

2223 1228 2310 1282 ἵνα
2337 1227 2526 1300 εὕρῃς,
2554 1228 2699 1299 ψυχή
2737 1245 2839 1300 μου
2864 1270 2879 1295 ,
2907 1230 2997 1284 τὸν
3028 1230 3300 1305 νυμφῶνα
3341 1233 3457 1285 τότε
3500 1233 3723 1303 ἀνεῳγμέ-

547 1340 656 1385 tua,
682 1333 929 1393 apertum
972 1323 1064 1375 illa
1107 1321 1242 1375 hora
1272 1322 1598 1375 thalamum.
2221 1339 2333 1376 νον.

616 1416 750 1468 Cum
786 1413 1094 1482 Prmceptor
1141 1412 1379 1466 Sabbato
1402 1422 1456 1467 et
1485 1411 1664 1465 hieme
1703 1411 1881 1493 fusam
1910 1409 2042 1464 dicit
2074 1407 2121 1476 ι,

2306 1416 2395 1469 Ἐν
2418 1414 2684 1485 Σαϐϐάτῳ
2721 1413 2820 1485 τὴν
2853 1413 3033 1486 φυγὴν
3070 1413 3167 1468 καὶ
3201 1414 3261 1467 ὲν
3286 1415 3505 1485 χειμῶνι
3527 1415 3725 1483 λέγωνώ

547 1514 950 1576 tempestatem,
988 1519 1112 1575 qua:
1154 1505 1255 1557 aevi
1290 1502 1456 1571 hujus
1508 1502 1846 1557 hebdomade
1878 1510 1996 1566 'est,
2033 1502 2123 1554 iu-

2223 1504 2576 1567 Διδάσκαλος,
2612 1505 2711 1574 τὴν
2737 1505 2839 1574 τῆς
2890 1505 3128 1574 ἑϐδόμης
3179 1506 3347 1575 ζάλην
3391 1506 3725 1576 προαινὶττεται

544 1596 701 1662 nuit;
733 1611 837 1664 qua
876 1594 1021 1663 fluis,
1056 1595 1255 1650 hiemis
1289 1594 1485 1659 instar,
1538 1602 1978 1665 superventurus
2026 1594 2118 1651 sit.

2221 1595 2313 1647 τοῦ
2346 1595 2611 1665 παρόντος
2639 1595 2855 1660 αἰῶνος,
2886 1597 2943 1649 ὲν
2975 1589 3020 1664 ᾧ
3051 1597 3334 1669 ἐπανήξει,
3358 1595 3548 1667 ὥσπερ,
3569 1597 3726 1669 χειμὼν

2225 1686 2284 1738 τὺ
2311 1686 2483 1748 τέλος.

615 1779 853 1843 Audisti,
878 1779 1083 1844 anima,
1129 1781 1246 1835 fore
1273 1787 1405 1834 tunc
1434 1777 1738 1834 terribilem
1787 1778 1864 1830 tui
1903 1775 2118 1829 Domini
2154 1744 2196 1800 Β

2154 1744 2196 1800 Β
2298 1744 2510 1848 Ὥσπερ
2545 1777 2711 1849 τάχος
2751 1780 3045 1849 ἀστραπῆς
3090 1780 3464 1851 διερχομένης,
3489 1780 3611 1834 οὕτω
3638 1780 3728 1834 τότε

543 1871 842 1926 adventum
889 1878 974 1935 ³,
1027 1870 1201 1924 instar
1261 1869 1492 1939 fulguris
1552 1870 1664 1922 cito
1720 1867 2057 1923 transeuntis
2103 1884 2118 1923 :

2223 1869 2444 1924 ἔσεσθαι
2501 1870 2600 1941 τὴν
2642 1870 2909 1941 φοϐερὰν
2960 1871 3181 1941 ἐκείνην
3234 1871 3327 1924 τοῦ
3377 1872 3613 1924 Δεσπότου
3659 1888 3728 1924 σου

544 1980 688 2035 pone
716 1963 783 2018 de
807 1973 1006 2018 caetero
1041 1976 1289 2033 operam,
1313 1967 1371 2016 ut
1410 1971 1603 2032 parata
1630 1961 1728 2015 sis.

2224 1961 2550 2033 παρουσίαν,
2583 1961 2730 2033 ψυχή
2762 1980 2890 2033 μου,
2921 1963 3165 2033 ἤκουσας
3197 1981 3214 1995 ·
3255 1964 3443 2033 ἑτοίμη
3487 1963 3641 2016 λοιπὸν
3660 1978 3729 2032 γι-

2223 2052 2408 2106 νέσθαι
2445 2051 2705 2106 σπεῦσον.

613 2143 750 2198 Cum
784 2152 914 2197 tunc.
944 2141 1117 2197 Iudex
1139 2142 1193 2196 in
1233 2142 1500 2206 millibus,
1534 2143 1843 2197 ctmillium
1877 2142 2122 2199 millibus

2296 2146 2464 2197 Ὅταν
2501 2143 2628 2214 ἔλθῃ
2684 2143 2712 2195 ὁ
2748 2143 2957 2215 Κριτὴς
2992 2143 3049 2196 ὲν
3079 2144 3285 2214 χιλιάσι
3307 2144 3424 2198 τότε
3477 2144 3730 2214 μυριάσιτσ

512 2228 883 2290 ὀιονρίιιιιιιη
914 2236 1232 2300 angelorum
1256 2242 1310 2289 et
1335 2236 1599 2289 virtutum
1622 2235 1831 2289 venerit
1865 2245 1892 2272 ιι
1924 2254 1937 2288 :
1980 2249 2088 2304 qua

2221 2232 2531 2302 ἀγγελικῶν
2575 2233 2873 2301 ταγμάτων
2920 2233 3016 2287 καὶ
3059 2234 3347 2305 δυνάμεων
3372 2249 3386 2263 ’
3428 2237 3562 2295 ποῖος
3589 2232 3725 2301 φόὸος,

543 2327 634 2390 lis,
667 2342 699 2379 ο
724 2329 927 2393 anima,
978 2327 1194 2382 futurus
1234 2336 1318 2381 est
1347 2327 1549 2381 timor?
1592 2327 1809 2396 qualis;
1843 2326 1949 2382 heu
1992 2329 2117 2383 me!

2220 2322 2365 2392 ψυχή
2396 2338 2498 2391 μου
2520 2338 2535 2389 ἱ
2561 2323 2713 2385 ποῖοῖ
2763 2320 3004 2393 τρόμος;
3036 2321 3189 2394 οἶμοι
3218 2336 3233 2350 ’
3287 2321 3497 2395 γυμνῶν
3537 2319 3728 2383 Est-tim"

543 2419 784 2473 tremor?
807 2419 1113 2474 astantibus
1150 2419 1310 2473 nudis
1342 2418 1623 2473 omnibus.
2224 2414 2462 2468 πάντων.

1228 2526 1440 2585 Gloria.
2544 2578 2551 2595 ι

2544 2578 2551 2595 ³
2910 2524 3086 2588 Δόξα.

611 2620 768 2677 Unus
798 2621 982 2690 itaque
1019 2618 1163 2675 Deus
1195 2630 1279 2676 est
1317 2620 1601 2688 Trinitas;
1640 2639 1748 2677 non
1777 2624 1924 2678 velut
1958 2624 2136 2680 Pater’

2292 2613 2388 2679 Εἷς
2418 2616 2549 2680 Θεὸς
2578 2610 2671 2671 οὖν
2700 2617 2734 2687 ἠ
2758 2616 2933 2687 Τριάς
2962 2634 2977 2650 ο
3009 2617 3069 2670 οὐ
3114 2615 3217 2669 τοῦ
3251 2616 3456 2687 nam;
3499 2613 3727 2672 ἐκστάντος

540 2727 768 2767 excessu
797 2710 915 2764 Filii
948 2712 1215 2766 rationem
1263 2713 1560 2777 asciverit,
1613 2724 1774 2770 antve
1811 2716 1980 2772 Filius
2027 2732 2121 2771 ra-

2221 2712 2301 2772 εῑς
2336 2708 2581 2778 υἱότητα,
2609 2709 2728 2761 οὐδὲ
2776 2707 2906 2762 Υἱοῦ
2966 2707 3278 2777 τραπέντος
3315 2708 3391 2770 εἰς
3422 2705 3691 2773 ὲκπὸρευσιν
3714 2714 3726 2729 ·

541 2803 746 2857 tionem
781 2801 1185 2870 proressionis;
1219 2801 1482 2857 distincte
1522 2818 1586 2857 ac
1620 2819 1713 2871 per
1747 2821 1826 2868 se,
1862 2806 2120 2874 quodque

2220 2802 2336 2855 ἀλλ’
2370 2800 2478 2872 ἰδίᾳ
2527 2802 2621 2855 καὶ
2661 2800 2829 2872 ἄμφω
2870 2800 2984 2870 φῶς
3014 2800 3148 2854 Θεὸν
3199 2800 3270 2853 τά
3298 2796 3445 2872 τρία,
3471 2797 3644 2861 δοξάζω
3669 2795 3727 2856 εἰς

543 2893 756 2958 lumen;
795 2892 897 2944 tria
942 2890 1112 2945 Deum
1150 2892 1398 2961 gloriﬂco
1432 2893 1488 2947 in
1524 2895 1746 2950 swcula.
2020 2924 2026 2930 -
2222 2894 2448 2957 αἰῶνας.

610 3062 611 3065 η
1164 3010 1230 3062 In
1285 3007 1499 3065 Deivar.

1423 3025 1499 3062 ar.
2762 3008 3004 3062 Θεοτόκ.

1164 3024 1230 3062 m
1285 3024 1499 3076 ueipar.
1606 3070 1609 3077 ε

613 3100 864 3172 Suscipe,
892 3118 926 3155 o
960 3101 1126 3165 Deus,
1161 3117 1349 3171 preces
1397 3108 1640 3166 nostras,
1688 3099 1783 3155 Dei
1823 3101 2119 3158 Genitricis
2145 3071 2189 3130 ϐ

2762 3024 3005 3062 osorem.

2149 3071 2189 3130 ε
2291 3101 2422 3162 Ταῖς
2447 3074 2788 3169 πρεσϐείαις,
2812 3093 2857 3151 ὦ
2881 3099 3013 3164 Θεὸς
3030 3139 3044 3164 ,
3068 3099 3174 3168 τῆς
3203 3099 3483 3160 Θεοτόκου,
3508 3094 3636 3169 δέχου
3656 3088 3730 3156 τὴν

541 3194 1076 3261 intercessionibus;
1101 3194 1457 3262 vicissimque
1484 3202 1632 3248 tuam
1664 3193 1718 3246 in
1747 3208 1939 3248 omnes
1968 3195 2119 3264 large

2219 3189 2385 3260 εὐχὴν
2425 3189 2581 3259 ἡμῶν
2618 3204 2633 3219 ’
2667 3188 3162 3260 ἅντικατάπεμψον
3195 3189 3255 3243 δὲ
3290 3189 3356 3242 τὰ
3400 3187 3512 3254 ὲλέη
3545 3200 3622 3234 σου
3662 3178 3730 3229 ἐπὶ

540 3285 609 3340 de
637 3287 776 3339 erelo
799 3290 952 3341 mitte
986 3285 1451 3351 misericordiam;
1481 3296 1741 3355 tuamque
1783 3293 1876 3340 tuo
1909 3286 2116 3356 populo

2220 3282 2429 3346 πάντας
2459 3281 2754 3348 πλουσίως,
2788 3283 2884 3336 καὶ
2905 3280 3004 3354 τὴν
3031 3281 3130 3353 σὴν
3164 3281 3446 3353 παράσχου
3475 3267 3730 3347 εἰρήνηντῷ

540 3384 740 3445 praesta
764 3391 975 3447 pacem.

902 3392 975 3430 m.
2217 3373 2330 3445 λαῷ
2365 3390 2481 3428 σου.

1074 3489 1187 3546 Ode
1225 3489 1279 3545 9.
1336 3489 1581 3544 Ilirmus.
1844 3466 1847 3469 ν
2380 3526 2385 3531 -

1844 3466 1847 3469 '
2380 3526 2385 3531 .
2687 3481 2828 3552 ’ῼδὴ
2869 3484 2938 3536 θ’.
2974 3480 3037 3534 ’0
3076 3482 3319 3550 Εὶρμός.

611 3579 755 3635 Olim
796 3580 850 3635 in
885 3589 1093 3646 monte,
1125 3583 1180 3635 in
1218 3581 1357 3635 rubo
1382 3589 1436 3635 et
1463 3582 1574 3650 igni
1611 3581 1950 3636 declaratum
1991 3598 2117 3651 par-

2287 3574 2393 3629 Τὸν
2411 3573 2831 3646 προδηλωοὲντα
2851 3575 2909 3627 ὲν
2936 3573 3053 3642 ὄρει
3081 3573 3161 3643 τῷ
3178 3570 3438 3641 νομοθέτῃ
3462 3571 3514 3621 ὲν
3531 3565 3641 3637 πυρὶ
3662 3561 3729 3616 καὶ

542 3682 655 3727 tum
710 3681 734 3708 ο
760 3714 775 3735 ,
824 3673 1151 3743 legislatori,
1194 3674 1249 3726 in
1285 3682 1529 3727 nostram
1581 3674 1819 3727 fidelium
1857 3675 2111 3739 salutem,

2219 3670 2400 3742 βάτῳο
2437 3670 2597 3723 τόκον
2650 3669 2742 3722 τὸν
2769 3670 2872 3739 τῆς
2935 3668 3330 3738 Ἀειπαρθένου
3388 3667 3464 3728 εἰς
3502 3660 3635 3734 ἡμῶν
3652 3656 3729 3710 τῶν

542 3781 822 3835 nunquam
857 3764 1110 3822 tacituris
1151 3766 1390 3822 canticis
1416 3767 1860 3837 magnificentius.

2217 3763 2424 3815 πιστῶν
2456 3759 2752 3832 σωτηρίαν,
2780 3761 2840 3813 ὲν
2871 3759 3069 3831 ὕμνοις
3136 3759 3429 3829 ἅσιγήτοις
3476 3749 3729 3824 μεγαλύνω-

2262 3869 2340 3906 εν.

614 3943 856 4005 Audisti,
900 3958 933 3996 ο
972 3943 1174 4009 anima,
1206 3909 1702 4015 ipso’prtediceute
1751 3942 1948 3999 Juilice
1981 3955 2006 3994 ρ
2051 3960 2115 4000 ac

2262 3869 2340 3906 εν.

2220 3869 2260 3924 μ
2290 3941 2772 4013 Ἤκουσας.ψυχὴ,
2794 3941 2887 3996 τοῦ
2909 3939 3117 4011 Κριτοῦ
3160 3937 3645 4014 προαναφωνοῦντος
3660 3928 3729 3984 καὶ

542 4041 595 4088 te
627 4035 860 4090 docente
889 4042 1105 4104 tempus
1150 4036 1681 4093 consummationis:
1720 4053 1966 4107 przepara
1993 4054 2115 4106 qua:

2215 4036 2560 4099 διδάσκοντος
2613 4052 2695 4098 σε,
2733 4037 2832 4103 τῆς
2884 4036 3206 4102 συντελείας
3250 4038 3341 4092 τὸν
3368 4034 3563 4107 χρόνον.
3602 4021 3729 4080 Ἑτοί-

539 4141 679 4194 opus
707 4125 877 4181 habes
906 4125 973 4181 ad
1002 4127 1209 4181 exitum
1245 4142 1435 4197 opera,
1468 4136 1525 4184 ut
1560 4143 1629 4183 ne
1660 4127 1802 4184 forte
1847 4130 1994 4185 velut
2024 4144 2114 4185 re-

2220 4128 2359 4197 μαζε
2385 4127 2455 4181 τά
2483 4127 2619 4196 πρὸς
2643 4125 2743 4196 τὴν
2770 4125 2947 4192 ἔξοδον
2966 4126 3127 4198 ἔργα,
3155 4130 3377 4198 μήπως,
3405 4126 3477 4189 ὡς
3501 4122 3721 4188 ἀδόκιμος.

540 4218 706 4289 proba
786 4233 817 4273 a
849 4221 962 4275 Deo
995 4221 1291 4291 rejiciaris.

1280 4262 1291 4277 .
2215 4220 2351 4274 Θεοῦ
2373 4222 2626 4292 ἑκριῳῇς.
2856 4278 2861 4283 ,

609 4311 655 4364 Α
686 4308 770 4366 fici
795 4313 995 4367 arbore
1021 4322 1049 4362 τι
1071 4352 1085 4377 ,
1107 4327 1140 4367 o
1186 4313 1391 4380 anima,
1413 4313 1575 4368 finem
1597 4313 1843 4374 addisce,
1868 4326 1994 4368 cum
2033 4320 2113 4369 te-

2299 4312 2434 4366 Ἀπδ
2466 4313 2565 4382 τῆς
2596 4312 2789 4382 συκῆς,
2815 4304 2859 4364 ὧ
2878 4311 3052 4381 ψυχὴ,
3087 4311 3345 4366 διδάσκου
3377 4309 3436 4363 es
3460 4307 3612 4368 τέλος,
3633 4302 3729 4354 ὅταν

540 4402 683 4457 uella
716 4402 920 4458 fuerint
961 4404 1089 4459 folia
1138 4417 1191 4459 et
1221 4408 1355 4459 rami
1403 4408 1550 4469 uati;
1588 4407 1702 4473 jam
1753 4407 2013 4475 deinceps
2049 4413 2104 4460 et

2208 4402 2474 4474 άπαλώσῃ
2502 4403 2569 4457 τὰ
2588 4387 2765 4473 φύλλα
2807 4402 2905 4456 καὶ
2942 4401 3123 4474 ἐκφύῃ
3170 4403 3302 4467 τοὺς
3330 4400 3562 4461 κλάδους,
3582 4393 3727 4462 θέρως

509 4500 724 4557 "testas;
780 4502 839 4547 tu
877 4507 1102 4564 quoque
1158 4510 1281 4551 cum
1337 4495 1456 4551 haec
1505 4494 1739 4562 videris,
1797 4495 1938 4551 scito
1970 4495 2090 4564 qui:

2147 4478 2190 4533 υ
2217 4496 2336 4566 ὥρα
2358 4495 2547 4549 λοιπόν
2569 4512 2585 4526 ·
2615 4495 2708 4549 καὶ
2741 4496 2806 4548 σὺ
2839 4495 2966 4548 ὅταν
3004 4493 3181 4549 ταῦτα
3218 4496 3336 4567 ἴδῃς
3355 4535 3370 4559 ,
3399 4490 3552 4562 γνῶθι
3591 4488 3657 4540 ὅτι
3687 4486 3728 4534 ἐν

539 4601 708 4659 prope
773 4594 856 4641 est
912 4586 966 4640 in
1009 4587 1218 4655 januis.

1009 4587 1218 4655 januis.
2214 4585 2408 4655 θύραις
2431 4583 2569 4636 ἐστί.

608 4677 747 4743 Quis
775 4672 929 4732 extra
966 4686 1018 4732 te
1060 4676 1224 4740 alius,
1273 4674 1489 4731 Patrem
1524 4684 1675 4730 tuum
1707 4676 1997 4745 cognoscit
2044 4676 2113 4731 vi

2282 4677 2379 4739 Τίς
2411 4675 2568 4737 ἐκτός
2605 4690 2697 4726 σου
2723 4673 2904 4738 ἄλλος,
2945 4674 3037 4729 τὸν
3082 4674 3174 4727 σὺν
3205 4673 3463 4742 γινώσκει
3506 4670 3720 4737 Πατέρσς

538 4769 743 4834 Quisve
776 4776 1005 4840 excepto
1049 4777 1122 4833 te,
1149 4769 1291 4823 diem
1323 4776 1375 4824 et
1408 4769 1593 4823 horam
1625 4770 1776 4823 novit
1802 4769 1865 4822 εἳ
1895 4788 1914 4821 ι
1952 4770 2113 4840 Apud

2212 4771 2245 4842 ἢ
2274 4770 2360 4834 τίς
2384 4768 2525 4841 πλὴν
2553 4769 2647 4822 σοῦ
2673 4763 2781 4821 οἶδε
2804 4769 2905 4839 τὴν
2927 4768 3079 4839 ὤραν
3106 4769 3140 4838 ἥ
3168 4768 3273 4837 τὴν
3305 4767 3542 4837 ἠμέραν;
3569 4783 3585 4814 ι
3610 4756 3724 4828 Παρὰ

540 4869 597 4915 te
630 4880 649 4912 ι
684 4861 830 4916 enim
870 4869 1017 4925 sunt,
1049 4876 1083 4915 ο
1118 4859 1336 4916 Christe
1377 4859 1540 4923 Deus.
1580 4879 1598 4912 ι
1639 4875 1831 4916 omnes
1858 4861 2109 4916 thesauri

2212 4862 2308 4916 σοῦ
2354 4863 2463 4933 γὰρ
2512 4861 2870 4937 οἱ-θησαυροὶ
2906 4862 3004 4931 τῆς
3054 4861 3253 4929 σοφίας
3302 4861 3493 4922 πάντες
3541 4852 3724 4918 ἐνυπάρ-

539 4952 821 5027 sapientiae
856 4954 897 5006 ι.
912 4970 930 5004 ι

2214 4970 2393 5025 χουσι,
2446 4972 2464 5004 ι
2497 4951 2705 5020 Χριστὲ
2734 4952 2761 5004 ὁ
2791 4951 2946 5015 Θεός.

609 5043 767 5109 Tune
798 5044 1013 5098 thronis
1049 5045 1242 5116 positis
1272 5045 1590 5116 aperientur
1633 5045 1793 5109 libri;
1838 5045 2112 5116 nudisque

2285 5044 2467 5097 Βίϐλοι
2490 5045 2871 5115 ἁνοιγήσονται
2896 5045 3019 5098 τότε
3052 5046 3263 5117 θρόνων
3287 5046 3540 5100 τεθέντων
3560 5057 3575 5072 ο
3610 5031 3720 5103 Πρά-

539 5136 817 5190 stantibus
865 5137 1125 5192 omnibus
1173 5138 1422 5194 actiones
1470 5146 1815 5209 arguentur:
1875 5136 2109 5208 Quippe,

2215 5138 2327 5205 ξεις
2353 5137 2407 5190 δὲ
2445 5137 2755 5207 ἐλέγχονται
2790 5139 3013 5208 γυμνῶν
3051 5140 3305 5194 ἑστώτων
3339 5139 3541 5193 πάντων
3565 5147 3579 5163 ’
3616 5124 3721 5179 ιτε-

544 5242 564 5274 σ
605 5228 789 5279 omnia
823 5224 932 5281 Deo
963 5235 1151 5297 aperta
1194 5237 1322 5282 sunt
1353 5241 1381 5267 ιι
1416 5248 1434 5281 ›

2213 5229 2631 5301 τραχηλισμένα
2663 5230 2771 5302 γὰρ
2802 5230 2869 5283 τὰ
2899 5231 3077 5285 πάντα
3108 5231 3285 5299 Θεῷ.)

609 5312 770 5372 Venit
806 5319 1053 5372 omnium
1087 5317 1284 5385 Judex,
1342 5329 1400 5374 ut
1445 5321 1511 5375 ad
1546 5318 1786 5377 tribunal
1832 5321 2110 5377 ducatur:

2295 5321 2556 5392 Ἔρχεται
2601 5323 2630 5374 ὁ
2678 5321 2899 5375 πάντων
2932 5321 3161 5392 Κριτὴς.
3194 5322 3422 5391 ἀχθῆναι
3451 5317 3525 5377 εἰς
3551 5310 3719 5383 κρίσιν·

541 5416 709 5480 atque
760 5409 807 5465 is
847 5412 942 5482 qui
998 5411 1153 5468 sedet
1216 5429 1384 5486 super
1428 5415 1735 5471 Cherubieo
1786 5415 2008 5478 throno,
2048 5424 2109 5469 ut

2215 5415 2244 5467 ὁ
2275 5414 2368 5466 ἐπὶ
2414 5411 2508 5466 τοῦ
2559 5412 2750 5484 θρόνου
2810 5412 2922 5468 τῶν
2977 5412 3265 5483 Χερουϐὶμ
3336 5395 3722 5481 ὲφεδρεΰων,ὧς

623 5582 640 5638 ί
679 5587 875 5643 Matth.
914 5606 1042 5652 xxv.
1080 5590 1163 5645 l8.
1242 5590 1267 5630 ιι
1308 5589 1498 5643 Matth.
1546 5605 1673 5649 xxv,
1716 5590 1762 5644 I.
1844 5588 1861 5626 ι
1897 5586 2089 5641 Matth.
2120 5602 2267 5650 xxiv,
2308 5582 2399 5640 ΞΟ.
2508 5592 2546 5614 "
2580 5583 2771 5641 Matth.
2797 5586 3052 5643 “"327.
3143 5591 3173 5621 ι’
3208 5580 3365 5637 Iudae
3398 5578 3475 5652 l-i_.
3540 5583 3559 5604 ⁸

492 5701 496 5705 .
549 5669 631 5775 ιιιὶ,
800 5640 1044 5716 {51521132
1075 5640 1223 5725 τίῆν,
1258 5640 1798 5715 4.⁷⁷“”‹ῐίὶῴίάζ”5ἐ.“τ
1834 5640 2266 5725 Μειῑιιιξιιιξθτί
2323 5662 2343 5688 ³
2397 5656 2596 5710 Matth.
2644 5640 2793 5722 αυτ,
2842 5640 2937 5712 36.
2968 5640 2983 5641 ί
3028 5640 3288 5712 ίϐοὶοες.
3341 5669 3396 5713 ιι,
3436 5649 3487 5703 '5.
3552 5658 3573 5684 “
3601 5640 3719 5695 "vbr-

618 5761 633 5788 ,
737 5762 754 5780 .

3897 4660 3900 4819 Ὗ
