4004 6150
333 319 472 387 1413

1563 300 1895 369 TRIODIA
1934 310 2075 371 MAI
2086 357 2099 370 .
2140 309 2366 370 HEBD.

402 430 475 486 Ὦ
503 429 791 502 μακαρίων
813 423 1046 497 χειρῶνι
1098 424 1164 476 Ὦ
1191 418 1395 492 τριχῶν
1420 414 1514 471 καὶ
1541 415 1776 487 χειλέων
1814 419 1915 474 τῶν

2097 421 2141 478 Ο
2174 427 2358 476 beatas
2388 418 2617 475 manus!
2646 416 2690 470 Ο
2719 409 2903 468 crines
2927 417 2983 467 et
3008 384 3154 471 labia
3191 414 3389 472 sobriae
3420 433 3597 473 mere-

332 526 432 597 τῆς
459 521 735 591 σώφρονος
767 518 990 587 πόρνης,
1028 511 1116 579 αἶς
1145 515 1363 585 ἐπέχεε,
1396 509 1602 581 Σῶτερ,
1633 510 1695 563 τὸ
1748 511 1919 583 μῦρον
1950 566 1955 569 _

333 616 471 685 πρὸς
498 614 622 675 τοὺς
660 608 847 674 πόδας,
883 608 1274 678 ὲκμασσομένη
1305 604 1525 668 αὐτοὺς,
1556 603 1777 664 πυκνῶς
1819 619 1919 656 κα-

331 705 558 775 ταφιλοῦ
570 720 655 756 σα.

414 791 785 862 ’Δνακειμένῳ
811 789 975 861 γυνὴ,
1001 788 1274 843 ἑπιστᾶσά
1306 804 1409 849 σοι.
1444 788 1607 857 Λόγε,
1633 788 1772 859 πρὸς
1792 785 1918 848 τοὺς

335 887 504 949 πόδας
536 882 833 957 θρηνοῦσα,
868 881 930 934 τὸ
959 881 1303 950 ἀλάϐαστρον
1322 920 1338 945 ,
1375 879 1581 950 Σῶτερ,
1612 879 1705 933 τοῦ
1745 876 1917 949 μύρου

337 977 652 1043 κατεκένου,
704 974 797 1027 ἐπὶ
822 972 920 1043 τὴν
955 972 1053 1044 σὴν
1082 971 1328 1042 κεφαλὴν
1380 970 1476 1024 τοῦ
1507 970 1779 1026 ἀθανάτου
1818 971 1920 1042 μύ-

336 1082 456 1138 ρου.

1021 1153 1197 1219 Δόξα.

403 1242 509 1295 Σὺν
532 1240 611 1313 τῷ
641 1243 817 1313 Πατρὶ
841 1242 937 1296 τὸν
965 1242 1116 1308 Υῑδν,
1148 1245 1244 1297 καὶ
1269 1242 1331 1298 τὺ
1359 1243 1516 1314 ἅγιον
1539 1243 1786 1316 Πνεῦμα,
1817 1246 1918 1319 τὴν

331 1335 495 1402 ἁγίαν
540 1334 749 1406 Τριάδα
780 1335 839 1387 ὲν
868 1334 1084 1404 θεότητι
1129 1336 1250 1405 μιᾷ,
1302 1333 1601 1408 δοξάζομεν
1651 1336 1914 1409 βοῶντες·

335 1428 547 1494 ⁸Ἀγιος,
574 1426 747 1494 ἆγιος,
782 1427 939 1496 ἅγιος
959 1422 1010 1479 εἷ
1041 1429 1120 1489 εἰς
1148 1429 1277 1491 τοὺς
1309 1427 1533 1494 αἰῶνας.

964 1517 1074 1571 Καὶ
1105 1518 1242 1573 νῦν.
1448 1506 1457 1513 ’

401 1609 534 1672 Ταῖς
564 1610 816 1675 ἱκεσίαις,
861 1608 1065 1680 Σῶτερ,
1096 1610 1193 1676 τῆς
1224 1610 1496 1681 ἀκράντου
1544 1613 1752 1683 μητρός
1797 1630 1914 1680 σου,

330 1698 426 1752 καὶ
454 1699 561 1750 τῶν
596 1698 703 1750 σῶν
755 1697 1104 1763 ἀποστόλων,
1147 1699 1214 1750 τὰ
1268 1699 1394 1767 ὲλέη
1430 1710 1525 1752 σου
1563 1701 1695 1770 ἡμῖν
1746 1696 1916 1755 κατὰ·

2025 513 2213 567 tricisl
2246 511 2461 576 Manus,
2494 511 2743 577 inquam,
2764 502 2963 575 quibus
2993 506 3104 560 tuis
3136 505 3387 575 pedibus,
3419 519 3453 559 ο
3475 504 3597 560 Sal-

2022 613 2200 668 vator,
2233 602 2424 657 alludit
2448 606 2803 672 unguentum,
2822 602 3113 668 extergens
3144 595 3284 666 ipsa,
3309 608 3372 651 ac
3395 596 3595 651 crebro

2020 694 2350 748 deosculans
2380 691 2424 746 ί.
3010 723 3014 727 -

2089 781 2461 838 Recumbente
2489 789 2560 846 te,
2594 779 2661 834 ad
2693 786 2838 842 tuos,
2872 775 3131 840 Verbum,
3167 776 3369 832 mulier
3402 778 3595 850 lugens

2020 875 2287 929 accedens
2308 872 2489 943 pedes,
2520 872 2857 926 alabastrum
2878 869 3138 939 unguenti
3160 867 3484 937 oSalvatur,
3505 869 3596 925 et".

2020 967 2178 1036 fudit,
2211 982 2377 1039 super
2403 975 2565 1037 caput
2588 976 2739 1021 tuum
2773 962 3101 1019 immortalis
3124 962 3412 1034 unguenti.

2704 1134 2914 1190 Gloria.

2086 1227 2224 1283 Cum
2259 1224 2420 1281 Patre
2440 1263 2456 1290 ,
2483 1223 2687 1279 Filium
2713 1264 2729 1289 ,
2762 1230 3126 1290 sanctumque
3150 1218 3436 1292 Spiritum,
3463 1236 3594 1280 san-

2018 1327 2163 1372 ctam
2186 1317 2240 1370 in
2269 1330 2377 1371 una
2404 1314 2612 1370 Deitate
2638 1312 2960 1368 Trinitatem
2989 1311 3365 1382 gloriﬁcantes
3389 1315 3594 1370 clama-

2017 1422 2139 1463 mus
2170 1424 2185 1461 :
2221 1405 2483 1471 Sanctus,
2512 1413 2761 1468 sanctus,
2784 1409 3012 1459 sanctus
3041 1415 3102 1455 es
3135 1399 3193 1455 in
3225 1403 3447 1458 saecula.

2082 1506 2101 1519 ‘
2675 1498 2745 1549 Et
2769 1509 2933 1548 nunc.
3197 1474 3205 1499 ⁵

2086 1589 2428 1646 lntemerala
2477 1588 2670 1646 Matris
2722 1599 2849 1652 tum.
2902 1598 3258 1660 tuorumque,
3310 1591 3585 1654 Saivato'r,

2017 1687 2391 1754 apostolorum
2433 1682 2942 1747 intercessionibus,
2975 1691 3125 1736 tuam
3162 1683 3319 1738 nobis
3354 1686 3499 1755 large
3521 1685 3591 1738 de

330 1750 547 1858 πεμψυν
580 1786 870 1854 πλουσίως,
922 1787 1017 1841 καὶ
1045 1750 1144 1858 την
1182 1750 1408 1860 εἰρήνην
1440 1750 1727 1863 ήτὴνᾟῆν,

2038 1750 2156 1830 :mlo
2210 1777 2364 1830 mitte
2406 1774 2840 1832 misericordiam
2874 1791 2890 1840 ;
2926 1788 3224 1845 pacemque
3271 1750 3461 1842 tuam;
3491 1783 3588 1832 tuo

260 1901 275 1909 '
330 1877 499 1951 άσχου
528 1878 604 1950 ’τῷ
632 1877 745 1949 λαῷ
781 1892 898 1931 σου.

804 1967 946 2038 ’ῼδὴ
987 1970 1056 2021 θ’.
1100 1967 1161 2022 '0
1188 1970 1428 2037 Ειρμός.

400 2061 510 2131 Τὴν
537 2052 832 2131 ὑπερφυῶς
864 2059 1050 2130 σαρκὶ,
1090 2059 1465 2113 συλλαϐοῦσαν
1491 2062 1549 2114 ὲν
1578 2061 1798 2132 γαστρὶ,
1822 2061 1916 2116 τὸν

322 2156 393 2208 ὲκ
416 2152 628 2222 Πατρὸς
656 2149 902 2222 ἀχρόνως
934 2151 1395 2223 προεκλάμψαντα
1419 2153 1598 2221 λόγον,
1622 2154 1718 2226 τὴν
1744 2154 1917 2226 μόνην

328 2229 588 2300 Θεοτόκον
623 2243 998 2315 μεγαλύνομεν
1033 2246 1268 2307 πιστῶς.

414 2337 708 2411 Ἐργασίας
745 2336 772 2387 ὁ
813 2335 1001 2405 καιρός
1024 2351 1037 2365 ·
1072 2336 1347 2405 σωτηρίας
1392 2336 1420 2389 ό
1452 2338 1654 2400 σκοπός
1681 2354 1694 2369 ·
1725 2336 1790 2391 τδ
1822 2337 1916 2391 τά·

331 2431 521 2484 λαντον
576 2426 836 2491 λαϐοῦσα,
898 2428 999 2497 τὴν
1046 2425 1280 2496 ἀρχαίαν
1342 2413 1550 2493 εἰκόνα,
1594 2427 1741 2498 ψυχή
1787 2440 1913 2499 μου,

328 2520 640 2593 ὲμπορεύου
673 2518 771 2588 τὴν
803 2516 1026 2572 αἰώνιον
1054 2517 1222 2586 ζωήν.

411 2613 500 2675 Ὠς
534 2610 826 2681 λαμπάδας
853 2609 1122 2677 φωτεινὰς
1182 2608 1553 2679 κοσμηθέντες
1582 2611 1682 2675 τὰς
1710 2609 1911 2682 ψυχὰς,

330 2703 410 2775 τῷ
430 2703 667 2773 Νυμφίῳ
692 2701 961 2772 χωροῦντι
983 2701 1119 2769 πρὸς
1147 2702 1238 2754 τὸν
1272 2699 1551 2771 ἄφθαρτον
1579 2702 1782 2770 γάμον,
1807 2704 1913 2774 πρὸ

331 2792 428 2847 τοῦ
457 2794 555 2864 τὴν
579 2791 748 2860 θύραν
775 2791 1004 2853 κλεῖσαι,
1041 2788 1472 2857 συνεισέλθωμεν
1498 2789 1665 2857 αὐτῷ.

405 2876 584 2953 Δεῖξαέ
617 2879 806 2943 θέλων,
848 2877 1055 2948 Ἰησοῦ,
1094 2876 1155 2930 τὸ
1201 2877 1481 2950 ὑπερφυὲς
1530 2879 1627 2948 τῆς
1675 2879 1773 2948 σῆς
1814 2895 1911 2932 τα-

337 2971 646 3033 πεινώσεως
704 2971 890 3033 πᾶσιν,
935 2967 1213 3037 εἱστιάοης
1262 2969 1322 3020 ὲν
1353 2968 1487 3039 οἴκῳ
1529 2968 1623 3021 τοῦ
1665 2970 1910 3039 Σίμωνος

332 3063 647 3132 δειπνήσας,
676 3062 783 3114 τῶν
816 3059 1124 3113 πεινώντων
1157 3060 1191 3129 ἡ
1222 3062 1419 3130 τροφή.

410 3153 608 3222 Ἀρτος
652 3151 729 3205 ὢν
786 3151 1048 3216 ζωοποιὸς
1094 3151 1411 3219 εἱστιάθης,
1448 3149 1646 3219 Ἰησοῦ,
1680 3150 1911 3220 ηΣίμωνι

335 3245 634 3316 Φαρισρίῳ,
667 3243 755 3296 ἵνα
788 3242 961 3313 πόρνη
998 3243 1236 3313 κερδήσῃ
1268 3241 1364 3312 τὴν
1391 3242 1636 3311 ἇπρατόν
1685 3258 1779 3294 σου
1817 3242 1915 3312 χά.

343 3352 425 3410 ριν
462 3333 555 3387 τοῦ
587 3333 759 3404 μύρου
795 3336 862 3404 τῇ
887 3331 1137 3385 κενώσει.

408 3512 603 3581 Χεῖρες
632 3507 878 3581 ρυπαραί
899 3523 912 3538 ·
945 3484 1100 3578 νειλη
1152 3506 1360 3576 πόρνης
1409 3506 1467 3557 ἐν
1498 3503 1652 3575 ὲμοί·
1686 3503 1916 3573 ἄναγνός

342 3618 443 3671 μου
480 3605 507 3655 ὁ
537 3603 674 3671 βίος
703 3600 1019 3670 ἐφθαρμένα
1048 3599 1114 3651 τὰ
1148 3598 1288 3668 μέλη
1311 3613 1326 3629 ο
1365 3595 1484 3649 ἀλλ’
1517 3595 1645 3671 άνες
1694 3612 1784 3666 μοι
1823 3597 1917 3650 καὶ

338 3694 494 3765 ἄφες,
516 3694 615 3765 βοᾷ
643 3694 815 3764 πόρνη
845 3690 923 3761 τῷ
948 3686 1190 3760 Χριστῷ.

422 3785 722 3838 Ἐπιστᾶσα
767 3783 807 3850 ῃ
860 3779 1000 3850 γυνὴ
1029 3778 1163 3848 πρὸς
1187 3777 1316 3839 τοὺς
1361 3774 1528 3839 πόδας
1558 3792 1674 3841 σου,
1708 3774 1913 3847 Σῶτερ,

338 3877 532 3945 ιπέχεε
556 3875 616 3927 τὸ
645 3866 834 3945 μῦριῖι,
862 3870 1092 3931 εὐωδίας
1123 3866 1427 3938 πληροῦσα,
1460 3867 1554 3920 καὶ
1578 3866 1753 3938 μύρου
1774 3866 1916 3938 πλη-

344 3964 724 4038 ρουμένη,ιτοῦ
751 3964 858 4018 τῶν
889 3960 1065 4033 ἔργων
1097 3957 1347 4029 ἱλασμοῦ.

420 4055 761 4127 ’Λρωμάτων
787 4053 1029 4124 εὐπορῶ,
1053 4050 1265 4122 ἀρετῶν
1294 4050 1350 4103 δὲ
1369 4049 1580 4121 ἀπορεῖν
1601 4048 1638 4103 ἃ
1669 4047 1798 4119 ἔχω,
1831 4049 1915 4102 σοὶ

338 4146 619 4214 προσάγω,
656 4144 744 4208 δὸς
774 4144 933 4204 αὐτὸς
968 4142 1111 4213 ἅπερ
1164 4140 1330 4211 ἔχεις,
1385 4140 1479 4195 καὶ
1516 4141 1641 4204 ἄνες
1683 4157 1774 4212 μοι
1819 4139 1916 4194 καὶ

338 4238 489 4305 ἄφες,
519 4234 615 4304 βοᾷ
644 4235 818 4305 πόρνη
845 4233 923 4303 τῷ
956 4232 1195 4304 Χριστῷ.

403 4325 588 4394 Μῦρον
618 4326 747 4395 παρ’
799 4326 923 4395 ἐμοὶ
951 4325 1185 4394 φθαρτόν
1205 4340 1219 4355 ⁸
1244 4324 1413 4395 μῦρον
1439 4323 1592 4395 παρὰ
1615 4326 1698 4376 σοὶ
1730 4320 1877 4395 ζωῆς
1895 4340 1911 4356 ο

2013 1865 2216 1938 populo
2245 1866 2447 1921 tribue.

2563 1954 2665 2011 0d.
2699 1956 2754 2012 9'.
2794 1954 3037 2011 ﬂirmus.

2084 2047 2216 2115 Quae
2243 2047 2483 2103 mirabili
2518 2042 2762 2112 ratione,
2798 2044 3031 2102 Verbum
3068 2062 3097 2100 a
3135 2044 3294 2101 Patre
3325 2050 3586 2102 aeternum

2012 2136 2297 2209 eﬂ‘ulgens,
2349 2152 2515 2194 carne
2559 2137 2834 2207 concepit,
2865 2137 3037 2193 solam
3081 2136 3174 2190 Dei
3227 2135 3585 2205 Genitricem,

2013 2228 2119 2284 fide
2156 2226 2550 2297 glorificamus.

2084 2318 2462 2390 Opportunum
2480 2328 2564 2373 est
2595 2328 2811 2387 tempus
2845 2335 2857 2370 :
2886 2316 3081 2371 salutis
3118 2319 3434 2389 propositus
3459 2335 3587 2375 sco-

2014 2426 2116 2483 pus
2147 2427 2166 2464 :
2205 2420 2428 2478 accepto
2458 2410 2662 2465 talento
2693 2409 2708 2460 i
2740 2448 2755 2472 ,
2800 2408 2995 2470 veteri,
3031 2409 3276 2478 inquam,
3312 2411 3548 2482 imagine
3569 2452 3584 2478 ,

2012 2510 2271 2554 artemam
2304 2500 2493 2563 vitam,
2529 2512 2563 2553 o
2596 2498 2777 2552 anima
2804 2512 2944 2562 mea,
2980 2512 3249 2553 mercare.

2086 2590 2403 2655 Mentibus,
2466 2588 2911 2659 praefulgentium
2973 2587 3347 2656 lampadarum
3413 2589 3588 2643 instar

2013 2683 2261 2748 ornatis,
2300 2681 2445 2735 eunti
2485 2682 2703 2750 Sponso
2739 2678 2802 2731 ad
2861 2677 3204 2732 immortales
3255 2680 3477 2746 nuptias
3531 2675 3584 2743 ι,

2014 2774 2338 2843 priusquam
2369 2771 2589 2825 claudat
2619 2769 2841 2839 ianuam
2874 2808 2889 2832 ,
2929 2767 3157 2822 comites
3190 2767 3584 2837 ingrediamur.

2081 2864 2221 2930 Quo,
2269 2862 2419 2928 Jesu,
2465 2861 2723 2915 eximiam
2754 2868 2903 2913 tuam
2938 2857 3298 2912 humilitatem
3329 2858 3588 2914 omnibus

2010 2957 2352 3018 declarares;
2384 2963 2442 3007 tu
2472 2952 2826 3006 esurientium
2859 2951 3037 3016 cibus,
3069 2950 3125 3003 in
3158 2949 3397 3006 Simonis
3427 2940 3590 3006 domo

2012 3048 2249 3103 cmnaris
2287 3046 2333 3112 ι,
2364 3043 2618 3100 convivio
2641 3051 2909 3113 exceptus
2939 3058 3023 3097 es.

2088 3136 2170 3191 Tu
2201 3135 2353 3202 Jesu,
2383 3134 2633 3190 viviticus
2662 3134 2843 3204 panis,
2877 3130 3132 3188 convivio
3154 3131 3385 3187 voluisti
3408 3131 3588 3201 excipi

2016 3241 2046 3279 a
2076 3224 2301 3279 Simone
2331 3224 2607 3278 Pharisaao
2641 3240 2654 3275 :
2709 3230 2767 3277 ut
2794 3223 3011 3276 interim
3067 3221 3263 3276 mulier
3306 3222 3584 3289 meretrix,

2016 3313 2565 3384 uuguentieﬂ'usioue
2595 3352 2610 3378 ,
2663 3321 2811 3367 tuam
2835 3313 2985 3367 illam
3029 3312 3589 3368 lucrifaceretinven-

2015 3405 2232 3460 dibilem
2264 3404 2515 3475 gratiam.

2088 3494 2281 3551 Munus
2306 3493 2477 3548 habeo
2496 3489 2766 3555 sordidas,
2786 3488 2932 3544 labia
2956 3488 3288 3553 meretricis,
3313 3490 3584 3560 impuram

2015 3586 2181 3642 vitam
2206 3627 2222 3653 ,
2259 3589 2524 3653 corrupta
2558 3581 2801 3637 membra
2838 3597 2852 3633 :
2888 3580 3176 3663 .enimvero
3202 3580 3419 3635 remitte
3450 3580 3586 3633 mihi

2014 3687 2069 3735 et
2108 3693 2290 3748 parce,
2322 3677 2521 3731 clamat
2553 3673 2809 3729 meretrix
2842 3673 3087 3728 Christo.

2092 3765 2375 3821 Accedens
2422 3763 2619 3818 mulier
2675 3762 2741 3817 ad
2805 3770 2975 3826 tuos,
3035 3761 3337 3825 Salvator,
3394 3764 3587 3832 pedes;
3670 3788 3681 3796 -

2014 3866 2353 3929 unguentum
2383 3854 2611 3922 aﬂ'udit;
2668 3853 2902 3923 impleas
2948 3853 3272 3923 fragrantia,
3315 3854 3586 3925 plenaque

2013 3949 2133 4020 ipsa
2163 3955 2466 4018 unguento,
2489 3945 2898 4015 propitiationis
2926 3945 3102 4014 reipsa
3128 3955 3354 4012 paratae.

2082 4038 2324 4095 Amuunt
2379 4045 2666 4101 aromata,
2737 4036 2968 4090 virtutes
3036 4036 3336 4102 deficiunt,
3411 4036 3585 4092 oﬂ‘ero

2013 4128 2155 4198 quod
2188 4126 2395 4191 habeo,
2436 4125 2555 4196 ipse
2585 4125 2653 4178 da
2694 4125 2839 4194 quod
2884 4124 3072 4189 habes,
3109 4141 3172 4178 ac
3200 4126 3330 4179 mihi
3368 4126 3585 4195 remizte

2013 4225 2066 4273 et
2091 4230 2271 4286 parce,
2312 4215 2513 4269 clamat
2543 4212 2802 4267 meretrix
2855 4210 3096 4265 Christo.

2084 4306 2181 4360 Est
2212 4305 2353 4375 apud
2395 4319 2481 4359 me
2533 4294 2892 4373 corruptibile
2939 4310 3307 4371 unguentum;
3350 4302 3493 4372 apud
3529 4314 3585 4358 te

346 4433 365 4465 ι
398 4392 588 4485 Μῦρον
616 4392 721 4486 γὰρ
746 4392 917 4484 ὄνομά
961 4392 1043 4466 σοι
1065 4392 1358 4473 -κενωθενν
1393 4392 1724 4480 τοίς-ἀξίοις.
1774 4392 1913 4469 Ἀλλ’

2038 4406 2222 4461 tulem,
2263 4404 2599 4463 unguentum
2625 4395 2748 4448 vitae
2777 4406 2792 4443 :
2842 4411 2861 4445 ι
2896 4392 3269 4463 Unguentum,
3302 4392 3448 4446 enim
3482 4410 3584 4446 nu-

338 4502 460 4565 ἆνες
493 4520 583 4572 μοι
616 4504 706 4555 καὶ
726 4504 909 4570 -ἄφες,
941 4501 1039 4573 βοᾷ
1069 4500 1243 4572 πόρνη
1273 4499 1349 4572 τῷ
1379 4501 1619 4571 Χριστῷ.

1026 4711 1202 4774 Δόξα.

409 4824 675 4892 Ἀναρχος
714 4818 767 4875 εἷ
814 4823 843 4875 ὁ
886 4822 1093 4893 Πατὴρ,
1154 4822 1405 4886 ἄκτιστος
1434 4820 1486 4876 εἴ
1513 4824 1542 4876 ό
1574 4823 1720 4891 Υἱὸς,
1780 4825 1907 4877 σύν-

338 4911 526 4985 θρονον
556 4913 649 4967 καὶ
686 4913 746 4965 τὸ
776 4912 1029 4982 Πνεῦμα·
1059 4912 1118 4965 ἓν
1132 4913 1201 4966 τὰ
1218 4913 1345 4982 τρία
1365 4916 1430 4985 τῇ
1459 4912 1642 4983 φύσει,
1665 4917 1758 4969 καὶ
1782 4913 1908 4987 τρία

335 5005 447 5067 τοῖς
471 5000 783 5075 προσώποις
799 5019 813 5032 ·
843 4996 926 5066 εἷς
945 5001 1078 5067 θεὸς
1112 5002 1389 5076 ἀληθινός.

964 5206 989 5223 ⁵
1005 5202 1243 5256 Θεοτόκ.

330 5388 337 5393 _
388 5311 657 5377 Θεοτόκε,
688 5312 721 5381 ἡ
753 5310 908 5373 ἐλπὶς
937 5311 1046 5364 τῶν
1064 5308 1348 5381 τιμώντων
1380 5326 1439 5363 σε
1469 5310 1578 5377 ἀεὶ,
1613 5312 1690 5384 μὴ
1721 5313 1907 5386 παύσῃ

256 5468 259 5471 η
333 5402 658 5457 δυσωποῦσα
681 5402 772 5455 τὸν
794 5403 859 5455 ἐκ
880 5401 973 5454 σοῦ
1004 5400 1354 5472 γεννηθέντα,
1382 5401 1645 5472 ρυσθῆναι
1684 5422 1753 5475 με
1783 5423 1902 5460 κιν-

334 5495 526 5557 nam,
560 5491 652 5544 καὶ
671 5490 939 5546 παντοίων
964 5489 1305 5563 πειρασμῶν.

422 5670 432 5700 ³
462 5668 605 5726 Lur.
639 5689 733 5738 vn,
765 5670 835 5727 38
858 5684 1012 5741 seqq.
1093 5668 1106 5720 i
1142 5668 1333 5723 Matth.
1370 5666 1601 5733 xvaS.
1678 5671 1706 5709 ι
1741 5670 1874 5728 ibid.
1905 5673 1958 5729 4.
2043 5672 2057 5711 ¹
2094 5678 2230 5735 an.
2260 5694 2355 5742 vn,
2387 5674 2478 5730 '53.
2552 5685 2592 5713 ιη
2623 5672 2780 5727 Cant.
2811 5689 2850 5737 ι,
2877 5654 2934 5726 2.

2014 4503 2138 4543 men
2174 4487 2294 4549 tibi,
2322 4486 2501 4555 dignis
2532 4494 2853 4540 evacuatum
2878 4492 2954 4550 III;
2994 4503 3013 4536 ι
3045 4485 3179 4538 mihi
3214 4498 3344 4540 vero
3366 4484 3585 4539 remitte

2012 4588 2066 4635 et
2091 4578 2322 4644 dimitte,
2355 4576 2553 4631 clamat
2583 4576 2838 4630 mcrctrix
2869 4573 3109 4630 Christo.

2688 4689 2892 4743 Gloria.

2081 4773 2344 4855 iternus
2380 4808 2465 4855 est
2496 4798 2655 4854 Pater
2686 4839 2701 4864 ,
2736 4800 3012 4854 increatus
3041 4796 3242 4862 Filius,
3276 4796 3579 4868 eodemque

2011 4889 2259 4946 sublimis
2285 4893 2482 4945 throno
2509 4889 2747 4960 Spiritus
2771 4896 3035 4943 sanctus:
3074 4902 3240 4941 unum
3278 4886 3410 4957 quid
3444 4890 3575 4952 tria,

2008 4979 2154 5049 quod
2186 4988 2397 5049 spectat
2440 4980 2508 5035 ad
2539 4987 2815 5045 naturam,
2855 4985 2909 5032 et
2942 4977 3046 5031 tria
3085 4975 3342 5034 Personis
3377 4995 3393 5033 :
3430 4992 3573 5036 unus

2009 5069 2156 5125 Deus
2181 5085 2366 5126 verus.
2698 5072 2704 5077 ’

2612 5166 2689 5256 ’1η
2726 5201 2943 5269 Deipar.

2075 5310 2158 5366 Tu
2189 5309 2436 5383 Deipara,
2457 5328 2643 5369 eorum
2669 5329 2795 5385 spes
2821 5316 2912 5385 qui
2940 5325 2992 5370 te
3012 5331 3228 5386 semper
3252 5315 3521 5371 honorant
3551 5331 3595 5384 ;.

2007 5416 2075 5457 ne
2115 5417 2297 5458 cesses
2336 5419 2563 5469 exorare
2587 5420 2655 5459 ex
2690 5415 2740 5458 te
2786 5414 2974 5461 natum
3000 5415 3058 5461 ut
3089 5423 3119 5463 a
3143 5406 3421 5479 periculis,
3451 5422 3568 5464 om-

2008 5491 2349 5564 nimodisque
2379 5496 2770 5551 tentaliouibus
2808 5498 3021 5554 liberet.

3464 300 3603 365 MM

3636 1054 3647 1106 i
