4004 6150
323 309 458 377 1449
1793 296 2127 359 ΝΟΤΙΤΙΑ.
2774 353 2781 359 ,
3442 287 3464 354 1
3478 290 3574 359 150

328 416 670 488 Ἀκεφάλων,
700 408 1051 483 Σευηριανῶν
1088 409 1256 480 ἡτουν
1300 402 1635 459 Ἰακωόιτῶν
1668 406 2019 479 ψυχοφθόρου
2067 405 2358 479 αἱρέσεως.
2411 399 2741 468 Explanatio
2772 415 2957 457 vocum
2995 403 3130 474 (15),
3171 403 3358 474 quibus
3403 405 3576 472 philo-

320 505 468 575 sopiti
501 510 747 566 utuntur,
770 509 821 553 et
847 496 1150 567 confatalia
1178 494 1397 549 heresis
1423 494 1841 560 Acephalorum,
1871 494 2298 555 Severianorum,
2330 492 2385 545 id
2412 500 2492 545 est
2515 489 2911 554 Jacobitarum,
2934 506 2985 558 ρ.
3018 492 3141 545 551.
3172 491 3368 561 Incipit
3399 511 3411 545 :
3450 491 3574 555 Τοῖς

321 595 427 648 τῶν
456 586 731 661 ἀληθινῶν
761 586 1051 657 δογμάτων
1074 585 1337 655 ἐρασταῖς
1364 598 1424 634 τε
1458 583 1553 636 καὶ
1586 599 1902 654 προασπιστ

1991 602 2016 640 r.
2051 583 2232 637 Vertit
2275 574 2609 637 Turrianus.
2646 577 2726 651 [In
2766 579 2892 635 cod.
2926 579 3162 635 Vindob.
3195 581 3280 634 77.
3343 578 3404 634 V.
3435 580 3572 635 Κοι-

320 685 423 735 lar.
462 681 499 732 Ι.
542 676 706 730 modo
730 679 917 737 citato,
950 684 1005 729 et
1026 672 1270 742 Mosquze
1292 672 1346 726 in
1379 673 1505 725 cod.
1547 670 1796 743 synodali
1828 670 2063 726 52.Vid.
2087 671 2322 725 Matthasi
2358 669 2526 724 Notit.
2561 685 2616 740 p.
2647 667 2772 724 291.
2809 685 2864 721 n.
2898 669 2952 732 6,
2983 670 3034 722 in
3053 669 3125 723 ~8.
3162 668 3359 740 IIARL.]

389 765 479 821 III.
520 763 785 831 Διάλογος
817 762 1111 832 γενόμενος
1145 761 1284 832 πρὸς
1318 759 1410 812 τὸν
1439 758 1534 812 τοῦ
1579 758 1788 829 δρόμου
1816 757 1931 830 (II)
1970 762 2209 832 Ἐμέσης
2265 760 2621 831 (λογοθέτην)’
2642 758 3013 829 αἰτησάμενον
3055 758 3383 826 ἀποδοθῆναι
3424 759 3575 829 αὐτῷ

317 852 694 922 ἀπολογισμοῦ
727 853 812 904 ὅτι
840 851 959 904 ἔστι
994 850 1150 914 Θεὸς.
1185 849 1444 919 Dialogus
1468 865 1587 902 cum
1613 848 1867 916 praferto

1993 864 2095 901 "sus
2137 847 2340 915 publici
2382 848 2634 901 Emeseno
2677 847 2768 918 qui
2802 847 3025 913 petierat
3069 856 3128 899 ut
3163 847 3574 900 ratiocinatione

318 946 730 1002 demonstraret,
770 940 940 997 Deum
970 955 1106 1003 esse,
1157 953 1280 1008 pag.
1334 938 1462 993 564.
1500 937 1701 1005 Incipit
1734 955 1747 989 :
1798 937 1899 988 Ἀπ

1998 953 2044 998 ς,
2084 928 2130 987 ὦ
2160 928 2339 1001 οὗτος,
2392 932 2696 1000 ἀπόδειξιν.
2753 934 3052 990 Vcrterunt
3098 935 3491 991 Genebrartlus
3520 947 3575 990 et

319 1030 652 1086 Turrianus.
688 1026 766 1083 De
798 1043 903 1081 ms.
930 1025 1187 1082 Caesareo
1219 1027 1345 1081 vidc
1380 1024 1765 1089 Lambecium,
1793 1022 1861 1087 V,
1903 1039 1957 1094 p.
1997 1022 2064 1078 78
2104 1021 2186 1094 [p.
2221 1022 2351 1087 168,
2399 1039 2455 1078 n.
2480 1023 2551 1088 ,7,
2583 1024 2672 1078 ed.
2715 1024 2930 1078 Kollar.
2965 1031 3020 1078 ct
3059 1022 3173 1086 VII,
3208 1039 3262 1092 p.
3289 1023 3418 1089 289,
3469 1042 3574 1081 no-

322 1128 473 1174 tante
500 1116 695 1188 Koll.].
2698 1136 2702 1147 .
3402 1118 3410 1126 ~

394 1205 480 1261 IV.
526 1203 817 1273 Ἐπιστολὴ
841 1202 1183 1273 περιέχουσα
1209 1202 1311 1271 τὴν
1339 1202 1507 1273 ὀρθὴν
1541 1204 1640 1256 καὶ
1678 1202 1975 1274 ἀμώμητον

2022 1202 2227 1257 πίστιν.
2257 1201 2503 1269 Epistola
2533 1204 2805 1258 continens
2836 1203 2904 1257 de
2935 1202 3164 1257 Christo
3202 1204 3359 1272 ﬁdem
3395 1205 3577 1260 ortho-

319 1294 513 1347 doxam
544 1291 1013 1347 Chalcedonensis
1044 1290 1291 1353 concilii,
1326 1291 1493 1344 missa
1516 1306 1548 1342 a
1567 1291 1611 1342 Β
1667 1289 1878 1344 Thoma
1919 1289 2232 1358 patriarcha
2263 1279 2765 1361 Hierosolymitano
2790 1291 2859 1343 ad
2886 1292 3163 1345 hmreticos
3192 1292 3247 1344 in
3299 1293 3573 1353 Armenia.

321 1380 546 1435 Arabica
588 1396 707 1434 vero
744 1380 951 1433 dictata
986 1377 1454 1449 (ἀπαγορευθείσα
1498 1376 1808 1448 Ἀρασιστὶ)
1843 1394 1878 1431 a

1993 1377 2178 1432 eodoro
2208 1376 2480 1439 Abucara,
2517 1387 2566 1431 et
2603 1378 2659 1431 in
2692 1377 2937 1433 Graecum
2970 1394 3265 1432 sermonem
3301 1381 3574 1433 translata

322 1486 354 1522 α
401 1467 660 1523 Michaelc
699 1465 1003 1537 presbytero
1044 1475 1092 1519 et
1141 1465 1375 1533 syncello
1413 1464 1662 1520 Ecclesia:
1694 1464 1903 1520 Hierost

1995 1468 2217 1528 nitame,
2266 1480 2389 1536 pag.
2429 1465 2555 1519 571.
2608 1467 2848 1537 Incipit:
2896 1466 3133 1537 Χριστὸς
3167 1468 3196 1519 ὁ
3228 1468 3437 1538 Κύριος
3479 1470 3576 1521 καὶ

318 1557 452 1618 Θεὸς
483 1556 665 1626 ἡμῶν.
695 1558 772 1611 De
816 1571 921 1609 ms.
952 1556 1211 1610 Caesareo
1239 1554 1361 1609 vide
1399 1553 1661 1612 Lambec.
1696 1553 1763 1619 V,
1789 1569 1844 1623 p.
1889 1554 1899 1607 l

1995 1550 2072 1623 [p.
2099 1553 2190 1615 55,
2229 1569 2286 1607 n.
2319 1554 2390 1618 2;
2428 1561 2482 1608 et
2511 1552 2623 1619 Vll,
2658 1570 2713 1623 p.
2755 1553 2864 1608 290
2898 1568 3015 1624 seq.
3064 1551 3298 1620 Kollar.,
3336 1555 3576 1624 Ilosqna:

320 1646 375 1700 in
410 1644 536 1711 cod.
566 1658 693 1714 syn.
717 1644 805 1698 52.
843 1641 910 1698 V.
955 1642 1198 1697 Matthaai
1228 1640 1399 1694 Notit.
1428 1657 1481 1711 p.
1508 1639 1635 1707 291,
1670 1657 1727 1696 n.
1759 1641 1811 1705 1,
1849 1640 1938 1696 ed.
1975 1639 2140 1712 in-8].
2173 1639 2350 1695 Vertit
2375 1640 2708 1696 Turrianus.

390 1733 455 1788 V.
490 1732 802 1802 Responsio
832 1731 1017 1787 brevis
1046 1732 1113 1786 ad
1143 1731 1530 1801 quaestionem,
1567 1730 1666 1783 Διὰ
1694 1729 1746 1782 τί
1768 1729 2002 1799 λέγομεν
2045 1729 2150 1791 ὅτι,
2185 1735 2293 1782 etc.
2337 1727 2539 1793 Quare,
2573 1729 2714 1781 sicut
2765 1726 3013 1795 dicimus,
3047 1728 3353 1783 humanitas
3378 1728 3578 1783 Christi

317 1829 397 1875 est
424 1820 542 1889 ipsa
575 1819 882 1873 humanitas
911 1818 1057 1873 Petri
1088 1827 1137 1873 et
1170 1818 1357 1883 Pauli,
1385 1827 1434 1872 et
1471 1817 1886 1888 uniuscujusque
1906 1816 2156 1880 hominis,
2183 1833 2285 1871 non
2317 1818 2395 1871 sic
2417 1817 2667 1881 dicimus,
2695 1831 2885 1885 corpus
2908 1815 3131 1878 Christi.
3151 1818 3290 1887 quod
3316 1802 3576 1871 sumimus

319 1917 369 1959 et
397 1906 800 1974 participantus,
829 1904 967 1958 idem
1002 1913 1081 1958 est
1106 1903 1251 1958 Petri
1276 1913 1327 1958 et
1361 1903 1521 1958 Pauli
1551 1914 1600 1959 et
1628 1904 1866 1972 cujusvis
1896 1907 2128 1973 corpus?
2162 1921 2282 1974 pag.
2315 1904 2443 1962 381.
2500 1904 2677 1959 Etiam
2725 1905 2834 1961 hoc
2879 1895 3148 1960 memorat
3173 1921 3278 1961 ms.
3315 1905 3573 1962 Lamhcc.

322 1991 387 2059 V,
423 2010 476 2064 p.
512 1992 577 2047 78
609 1988 743 2065 (I5).
773 1992 951 2047 Vertit
982 1992 1313 2048 Turrianus.

390 2080 479 2136 Vl.
524 2081 905 2152 Παράδειγμα.
946 2080 1261 2146 Exemplum
1293 2096 1395 2150 quo
1427 2079 1728 2135 ostenditur
1746 2080 2008 2150 quomodo
2041 2081 2255 2134 macula
2301 2081 2503 2150 peccati
2533 2080 2747 2144 Adami,
2783 2090 2834 2136 et
2872 2097 2964 2149 per
2994 2080 3416 2134 incarnationem
3448 2080 3576 2136 Sal-

318 2172 516 2223 uatoris
553 2171 745 2233 nostri,
775 2170 1005 2235 expiatio
1036 2169 1105 2222 ad
1136 2169 1443 2223 universum
1469 2184 1630 2238 genus
1662 2168 1953 2221 humanum
1980 2170 2291 2238 pervaserit.
2318 2167 2494 2224 Vertit
2521 2168 2851 2235 Turrianus,
2884 2184 2940 2238 p.
2973 2169 3099 2223 582.
3134 2168 3331 2237 Incipit
3361 2187 3376 2225 :
3406 2169 3577 2221 Φασὶν

317 2258 369 2309 οἱ
397 2257 679 2329 γεηπόνοι,
717 2257 858 2318 sive,
893 2265 951 2309 ut
979 2257 1034 2311 in
1074 2273 1179 2313 ms.
1200 2257 1453 2312 Caesareo
1482 2255 1628 2326 apud
1662 2254 1898 2310 Lamhec

1996 2270 2017 2309 ri
2050 2253 2140 2327 [V,
2168 2271 2221 2326 p.
2258 2255 2382 2321 169,
2416 2272 2475 2311 ιι.
2502 2255 2571 2323 9;
2600 2264 2655 2311 et
2681 2255 2793 2322 VII,
2824 2272 2879 2327 p.
2909 2255 3037 2320 290,
3073 2256 3263 2310 adnot.
3292 2248 3529 2329 Kollar.]
3558 2296 3577 2322 ,

316 2345 369 2398 oi
400 2344 718 2415 γεωργικοέ.

3454 2380 3462 2401 \

391 2434 446 2486 4.
473 2430 589 2487 VII.
625 2432 763 2502 Περὶ
799 2431 903 2498 τῆς
930 2429 1108 2500 πάλης
1159 2429 1255 2483 τοῦ
1300 2427 1538 2500 Χριστοῦ
1584 2428 1726 2499 μετὰ
1744 2427 1972 2481 διαϐόλοι

2001 2467 2016 2481 .
2036 2428 2297 2501 Dialogus
2328 2428 2405 2484 De
2424 2428 2714 2485 luctatione
2735 2430 2934 2486 Christi
2967 2447 3087 2485 cum
3111 2430 3347 2486 diabolo.
3375 2429 3576 2498 Incipit

319 2535 442 2590 pag.
476 2519 601 2575 582.
624 2519 863 2591 Χριστὸς
893 2518 1027 2583 Θεὸς
1052 2519 1127 2571 ὢν
1155 2520 1251 2572 καὶ
1277 2519 1412 2590 πρὸς
1431 2518 1525 2572 τὸν
1555 2516 1804 2571 διάϐολον
1859 2534 1900 2569 π

1989 2517 2159 2580 ιίσας.
2209 2516 2509 2572 Verterunt
2557 2516 2864 2573 Turrianus
2915 2526 2970 2575 et
3025 2517 3442 2574 Genebrardus.
3472 2518 3570 2573 Ms.

319 2604 506 2663 Graece
532 2606 794 2663 Lambec.
834 2605 898 2664 V.
933 2621 1054 2677 pag.
1095 2605 1164 2661 78
1191 2604 1340 2678 [ρος.
1372 2604 1624 2673 169,10;
1657 2615 1712 2660 et
1738 2604 1851 2670 VII,
1884 2618 2009 2673 pag.
2034 2603 2134 2657 291
2167 2601 2429 2676 Kollar.].

388 2696 444 2750 5.
464 2693 600 2751 VIII.
636 2693 938 2765 Ἐρώτησις
971 2692 1218 2765 Ἀράϐων
1249 2693 1388 2764 πρὸς
1411 2691 1969 2764 Χριστιανόνληεειτι

1996 2692 2137 2764 gatio
2157 2692 2392 2746 Arabum
2418 2702 2608 2747 contra
2625 2693 3011 2757 Christianum,
3041 2708 3166 2765 pag.
3191 2692 3317 2747 585.
3340 2692 3532 2763 Incipit
3556 2711 3577 2747 ι

316 2780 455 2836 Εἰπέ
488 2800 615 2854 μοι,
647 2781 885 2852 Χριστὸς
910 2779 1045 2843 Θεός
1076 2779 1171 2833 σού
1203 2782 1377 2835 ἐστιν.
1414 2779 1594 2835 Vertit
1623 2780 1897 2835 Turriauu

2002 2780 2243 2851 itemque
2264 2779 2679 2837 Genebrardus.
2710 2780 2794 2853 [In
2828 2781 2952 2837 cod.
2983 2780 3223 2836 Vindob.
3251 2796 3340 2851 ap.
3364 2780 3570 2836 Kollar.

318 2876 385 2932 ad
407 2874 666 2930 Lambec.
698 2870 813 2936 VII,
854 2887 907 2941 p.
939 2869 1096 2942 291.]

392 2960 446 3015 7.
483 2958 576 3014 IX.
629 2956 934 3030 Ἐρώτησις
957 2956 1268 3029 ’Δγαρηνοῦ
1298 2956 1433 3029 πρὸς
1455 2956 1549 3010 τὸν
1579 2956 1763 3011 αὐτόν.
1789 2944 1973 3024 ρῖυωι

1991 2959 2047 3021 ῖο,
2076 2956 2141 3010 ab
2172 2957 2415 3027 Agareno
2434 2953 2602 3010 eidem
2629 2953 2938 3012 Christiano
2963 2957 3258 3024 proposita,
3293 2972 3414 3026 pag.
3447 2958 3572 3013 585.

319 3047 516 3119 Incipit
553 3045 732 3101 εΕἰπέ
767 3063 879 3116 μοι,
913 3045 964 3098 οἱ
999 3044 1247 3099 Ἰουδαῖοι
1279 3045 1373 3099 τὸν
1408 3044 1665 3114 Χριστόν.
1700 3043 1900 3100 Verter

1992 3054 2006 3101 ι
2036 3043 2351 3100 Turrianus
2379 3051 2434 3098 et
2478 3042 2891 3099 Genebrardus.
2947 3041 3043 3117 [Υ.
3076 3042 3286 3098 Kollar.
3314 3045 3380 3100 ad
3410 3044 3573 3099 Lam-

226 3160 231 3161 ί
319 3137 441 3197 bec.
470 3138 508 3191 l.
531 3135 611 3207 0.]

390 3226 443 3280 7.
469 3223 538 3280 Χ.
574 3224 722 3297 Πρὸς
754 3223 1034 3279 Ἰουδαῖον.
1070 3222 1335 3277 Adversus
1357 3222 1609 3277 Judaeum
1632 3221 1963 3287 dissertatio,

2003 3236 2055 3290 p.
2095 3218 2220 3273 586.
2262 3217 2463 3288 Incipit
2495 3237 2509 3272 :
2545 3220 2603 3272 Ὀ
2636 3219 2913 3285 Ἰουδαῖος,
2957 3219 3100 3288 Ἐγώ
3125 3237 3229 3287 σοι,
3257 3222 3440 3292 φησίν.
3475 3221 3569 3294 [ν.

320 3312 530 3366 Kollar.
566 3311 604 3365 l.
633 3309 711 3383 c.]
735 3309 912 3365 Vertit
941 3318 1142 3380 praeter
1160 3308 1578 3365 Genebrardum
1605 3307 1935 3364 Turrianus.

389 3398 446 3469 9.
472 3396 564 3451 XI.
600 3398 748 3468 Πρὸς
766 3397 1157 3467 Νεστοριανόν.
1193 3397 1459 3452 Aduersus
1481 3394 1889 3461 Nestorianum,
1914 3395 1970 3451 de

2011 3409 2100 3460 eo,
2125 3391 2322 3448 Matth.
2356 3407 2546 3456 xxvtn,
2569 3391 2636 3447 18
2662 3408 2675 3444 :
2708 3393 2852 3448 Data
2881 3403 2959 3449 est
2981 3396 3112 3449 mihi
3138 3397 3305 3451 omnis
3321 3406 3572 3467 potestas,

321 3502 376 3557 p.
413 3485 539 3541 589.
580 3485 759 3541 Vertit
790 3482 1102 3541 Turrianus
1130 3495 1186 3540 et
1213 3485 1630 3541 Genebrardus.

396 3573 508 3629 XII.
563 3572 871 3644 Ἐρώτησις
902 3573 1041 3642 πρὸς
1064 3571 1450 3644 Νεστοριανόν.
1486 3570 1847 3642 Interrogatio
1882 3586 1977 3625 con

1994 3581 2070 3624 Ira
2100 3567 2505 3636 Nestorianum,
2527 3584 2581 3639 p.
2615 3567 2980 3640 389..Incipit
3013 3586 3026 3623 :
3060 3570 3158 3634 Τίς
3182 3572 3244 3624 τὸ
3271 3572 3575 3643 καθ’ἡμῶν

320 3660 705 3734 χειρόγραφον.
740 3658 920 3715 Vertit
944 3659 1276 3716 Turrianus.
1436 3690 1443 3697 ·

393 3749 482 3802 11.
526 3745 663 3802 XIII.
696 3748 1015 3819 Ἐρώτησις.
1052 3745 1410 3819 Interrogatio
1444 3748 1617 3802 altera
1653 3745 1904 3801 adversus
1936 3743 1974 3799 II

1993 3746 2338 3800 estorianum.
2381 3744 2577 3816 Incipit
2606 3762 2621 3799 :
2651 3744 2909 3817 Τέσσαρά
2924 3746 3062 3799 εἰσιν
3089 3745 3161 3799 τὰ
3192 3745 3286 3801 τοῦ
3314 3748 3573 3818 Χριστοῦ.

324 3834 620 3890 Venerunt
640 3832 949 3891 Turrianus
982 3843 1037 3889 et
1068 3834 1482 3891 Genebrardus.

396 3924 483 3979 12.
508 3922 651 3978 XIV.
673 3924 934 3994 Διάλογος
965 3924 1101 3995 πρὸς
1115 3925 1505 3995 Νεστοριανόν.
1526 3923 1791 3996 Dialogus
1805 3939 1926 3978 cum
1948 3921 1977 3976 1‘

1993 3919 2297 3977 'estoriano.
2319 3921 2523 3990 Incipit
2557 3938 2570 3972 :
2594 3920 2692 3974 Διὰ
2720 3920 3054 3974 τίΘεοτόκον
3081 3921 3180 3993 τὴν
3204 3918 3437 3994 Μαρίαν
3456 3923 3574 3975 ὀνο-

327 4006 563 4081 neque;
599 4011 777 4067 Vertit
810 4010 1141 4077 Turrianus,
1174 4027 1228 4082 p.
1285 4010 1391 4068 590
1421 4009 1704 4084 [Quinque
1734 4010 1905 4066 libelli
1933 4010 2203 4065 Abucara:
2240 4017 2438 4065 contra
2470 4006 2833 4062 Nestorianos
2886 4014 3022 4062 sunt
3058 4008 3113 4061 in
3145 4011 3268 4063 cod.
3335 4009 3572 4064 Vindob.

322 4099 391 4152 77
421 4107 643 4154 notante
683 4097 826 4153 Koll.
852 4100 919 4152 ad
950 4097 1207 4154 Lambec.
1238 4115 1334 4163 vn,
1367 4115 1420 4170 p.
1468 4099 1567 4154 291
1605 4114 1725 4170 seq.
1747 4096 1967 4167 Ἥκω]
1994 4113 2009 4162 ;
2042 4098 2282 4168 itemque
2314 4095 2733 4153 Genebrardus.

392 4184 693 4256 XVIIIpr
722 4185 1107 4257 Νεστοριανὸν.
1141 4186 1224 4239 Ad
1258 4184 1661 4252 Nestorianum,
1695 4203 1750 4257 p.
1785 4185 1911 4241 591.
1942 4184 1973 4239 IJ

1993 4184 2148 4255 ncipit
2180 4204 2193 4240 :
2228 4188 2329 4238 Διά
2373 4184 2427 4237 τε
2479 4184 2696 4252 λέγεται
2734 4185 2762 4235 ὁ
2812 4183 3054 4254 Χριστὸς
3086 4185 3355 4254 Χριστὸς;
3404 4184 3574 4239 Vertit

323 4275 651 4331 Turrianus.

394 4360 452 4416 2.
477 4352 614 4416 XVI.
653 4359 953 4431 Ἐρώτησις
975 4359 1486 4428 ἀπίστουὩιιωσῑίο
1514 4361 1580 4414 ab
1611 4361 1817 4431 inﬁdeli
1841 4362 1975 4417 Abut

1994 4378 2104 4417 ara?
2131 4362 2429 4432 proposita,
2455 4378 2509 4433 p.
2536 4360 2665 4416 592.
2696 4359 2893 4430 Incipit
2927 4379 2941 4415 :
2979 4362 3136 4432 Οὐχὶ,
3161 4360 3416 4432 φησ“ιν,ὲν
3441 4364 3574 4416 πᾶσι

328 4449 424 4504 καὶ
456 4449 735 4518 πανταχοῦ
762 4448 854 4501 τὸν
879 4448 1009 4501 Θεὸν
1035 4445 1175 4502 εῖναι
1207 4447 1450 4516 λέγεται.
1486 4447 1662 4503 Vertit
1690 4451 1909 4506 Turrial

1994 4470 2025 4519 ε,
2064 4462 2118 4508 et
2144 4450 2551 4509 Genebrardus.
2602 4450 2699 4523 [V.
2732 4452 2945 4506 Kollar.
2982 4453 3050 4505 ad
3084 4450 3341 4507 Lambec.
3372 4450 3484 4518 Vll,
3522 4468 3575 4521 p.

327 4538 429 4594 157
458 4547 511 4592 et
538 4536 692 4609 291.]

395 4623 561 4680 XVII.
618 4621 910 4695 Ἦρωτήθη
947 4622 1099 4695 παρὰ
1122 4621 1317 4676 πιστοῦ
1361 4622 1497 4694 (16),
1533 4622 1651 4687 πῶς
1688 4622 1783 4677 τοῦ
1812 4626 1976 4696 Χριστ

1998 4625 2052 4678 οὗ
2090 4626 2305 4698 τρανῶς
2334 4622 2782 4698 ἀποφηναμένου,
2815 4636 2922 4681 etc.
2962 4627 3200 4692 Quwstio
3228 4644 3260 4681 a
3280 4628 3434 4698 ﬁdeli
3454 4644 3579 4698 pro-

323 4714 517 4782 posita,
549 4711 833 4783 quomodo,
867 4726 983 4763 cum
1016 4708 1263 4764 Christus
1294 4712 1438 4765 clare
1474 4713 1776 4779 pronuntiet
1800 4711 1982 4783 (Joan.
2021 4729 2104 4777 Ill,
2136 4713 2189 4783 5)
2226 4732 2246 4765 ι
2291 4713 2396 4781 Qui
2420 4732 2521 4768 non
2548 4724 2624 4768 est
2649 4724 2807 4769 natus
2837 4732 2899 4769 ea:
2924 4733 3061 4787 aqua
3085 4726 3134 4769 et
3155 4716 3362 4787 Spiritu
3393 4728 3578 4771 sancto

321 4816 427 4853 non
456 4799 679 4854 intrabit
712 4798 767 4850 in
803 4813 1025 4867 regnum
1061 4797 1312 4852 ctelorum
1344 4816 1364 4854 :
1399 4817 1418 4849 ι
1451 4799 1575 4867 ﬁeri
1592 4807 1785 4867 potest,
1816 4810 1875 4852 ut
1906 4802 1995 4871 qui
2020 4812 2143 4856 ante
2170 4802 2451 4856 adventum
2485 4803 2602 4872 ejus
2632 4802 2846 4872 fuerunt
2874 4806 3034 4873 justi,
3084 4822 3187 4859 non
3234 4805 3496 4875 baptizati
3521 4807 3578 4859 in

321 4886 376 4939 id
408 4885 821 4955 ingrediantur?
854 4885 1032 4941 Vertit
1060 4883 1390 4942 Turrianus.
1422 4886 1624 4956 Incipit
1652 4903 1665 4938 :
1701 4887 1825 4940 Ὅτι
1871 4888 1899 4940 ὁ

1995 4889 2166 4951 οιστὸς
2200 4890 2343 4961 ὑπὲρ
2393 4890 2620 4943 ἐκείνων
2652 4891 2980 4962 ἐϐαπτίσθη,
3014 4908 3135 4964 pag.
3166 4894 3291 4948 595.
3322 4894 3576 4947 Abucara

396 5079 532 5159 (IS_)_
551 5078 854 5159 Distinguit
890 5077 1215 5159 Theodorus
1262 5081 1409 5159 inter
1451 5080 1738 5159 voca_bu_la_
1762 5081 1891 5151 phi-
2000 5081 2204 5159 accipit
2230 5080 2298 5138 de
2315 5082 2446 5137 sede
2474 5082 2799 5154 episcopali,
2821 5100 2917 5141 seu
2940 5086 3017 5145 ,de
3045 5086 3304 5159 episcopo
3347 5089 3577 5144 limosae.

320 5145 606 5222 Iosbphice
647 5145 876 5219 accepta
927 5160 985 5222 et
1033 5151 1227 5222 Iogice.
1274 5150 1607 5218 Φιλοσοφικά
1647 5145 1891 5222 ὀνόεὶατα

592 5165 606 5204 3
647 5145 876 5219 accepta
927 5160 985 5222 et
1033 5151 1227 5222 Iogice.
1274 5150 1607 5218 Φιλοσοφικά
1647 5145 1891 5222 ὀνόματα
2000 5145 2173 5206 Huni.

322 5214 580 5293 appellat,
631 5214 905 5293 quaerent
958 5214 1139 5293 ipsam
1186 5214 1561 5285 denotant,'ut
1606 5214 1758 5285 sunt,
1790 5221 1893 5275 Pe-

2005 5292 2011 5293 ί
2071 5223 2185 5292 (15)
2217 5221 2273 5275 In
2301 5222 2407 5293 e51.
2427 5222 2641 5277 Kollar.
2666 5239 2721 5293 ιι.
2759 5224 2886 5287 168,
2917 5241 2974 5281 n.
3006 5226 3060 5292 8,
3096 5228 3160 5281 it.
3189 5214 3417 5283 not/ante
3448 5228 3580 5283 Κοι-

323 5288 460 5369 trus,
487 5288 665 5369 homo,
698 5288 902 5369 animal
918 5305 936 5353 ;
961 5288 1175 5357 Χογικὰ.
1211 5305 1334 5359 quae
1369 5293 1787 5369 conceptionem
1816 5292 1893 5345 lo-
1999 5288 2304 5369 Iario,'vo|._
2326 5290 2513 5369 Vll‘,p.
2538 5288 2744 5353 289.'n.
2778 5295 2808 5347 7
2835 5296 2903 5369 de
2928 5288 3056 5352 cod.
3083 5299 3171 5363 77,
3200 5300 3255 5369 in
3282 5314 3394 5369 quo
3414 5300 3581 5353 etiam

320 5353 522 5430 gicatn,
557 5368 617 5413 ut
641 5353 1293 5435 individuuIngperson'a,
1328 5353 1752 5435 species,'gertus,
1790 5379 1889 5435 na-
2000 5373 2084 5435 est
2114 5353 2347 5435 q’utestio
2385 5353 2655 5435 Alt-ticam
2685 5367 2968 5435 proposita
2997 5386 3010 5420 :
3053 5353 3175 5421 init'.
3205 5353 3338 5421 Ποίά
3370 5368 3580 5424 δικαιο-

325 5428 467 5508 iura,
499 5439 609 5485 etc.
640 5429 755 5492 Sic,
793 5444 985 5508 ppusc.
1019 5428 1259 5508 XXVIII,
1293 5446 1414 5508 pag.
1441 5428 1890 5508 514,'distingttit

1690 5434 1890 5505 tinguit
2001 5428 2342 5508 σύνηξὸξκα,
2378 5428 3063 5508 ἢμπενεήκοντίχρόνους.
3098 5436 3271 5492 Hum.

327 5499 1265 5580 ἱιιιον.κατηγορούμεναρύσιωδῷς
1297 5499 1362 5580 et_
1384 5504 1749 5580 ὲπουσιωξῴς.
1776 5499 1800 5505 “
1838 5572 1868 5580 _

2069 5499 2298 5580 (milia
2330 5499 2504 5580 code:
2531 5499 2865 5580 Βόγης-1οης
2905 5499 3359 5580 Gretseroiteste.
3393 5507 3579 5580 [Egin

393 5569 507 5644 (III)
545 5567 1160 5644 Estqnoquellosquae
1184 5573 1237 5624 in
1263 5572 1597 5644 cod._syn9d.
1631 5573 1723 5635 52,
1755 5572 1892 5644 n.77.
1996 5567 2121 5627 cod.
2155 5567 2392 5644 Vindob.
2439 5575 2506 5644 77
2537 5584 2763 5631 notante
2816 5577 3029 5632 Kollar.
3061 5579 3129 5633 ad
3174 5567 3429 5635 Lamheé.
3461 5577 3577 5644 VII,

332 5634 661 5717 γε’ᾏοιεὴιεξ
696 5634 753 5692 in
787 5637 958 5717 Notit.
992 5634 1163 5717 codd.
1194 5656 1329 5695 mss.
1364 5634 1460 5717 Gri.
1486 5640 1742 5717 Mosq._p.
1764 5642 1892 5703 291.

1793 5643 1892 5703 :91,
1997 5657 2120 5716 pag.
2145 5643 2271 5699 292.
2313 5643 2510 5717 Iltnt..]
2546 5645 2630 5699 AI.
2658 5647 2791 5717 παρ’
2822 5647 3078 5706 ἀπίστου.
3360 5634 3374 5695 ν-

316 5708 411 5762 ed.
452 5707 596 5763 ἰπὶ-8.
643 5709 692 5761 Is
741 5721 873 5761 vero
912 5710 1035 5763 loco
1073 5708 1274 5778 δρόμου
1312 5711 1539 5780 conjicit
1588 5707 1803 5783 θρόνου,
1843 5724 1897 5768 et

912 5710 1035 5763 loco
1073 5708 1274 5778 δρόμου
1312 5711 1539 5780 conjicit
1588 5707 1803 5783 θρόνου,
1843 5724 1897 5768 et
1997 5707 2015 5713 “
2069 5707 2096 5716 ⁷
2456 5715 2463 5721 ’

625 5800 900 5860 Ριτιιοῐ..
947 5800 1064 5863 Gn.
1111 5805 1364 5867 XCVII.

3168 5808 3243 5870 Mi
