4004 6150
322 277 457 344 tm
1351 340 1358 344 _
1740 230 1743 231 ί
1772 270 2106 333 NOTITIA.
3441 275 3575 341 tut

389 390 474 446 11.
495 386 686 444 XXXI.
725 386 1023 459 Ἐρώτησις
1050 378 1471 459 Ὡριγενιαστῶν
1507 384 1644 455 πρὸς
1677 387 1889 452 πιστόν,
1915 402 1968 456 p.

2001 385 2127 440 M5.
2163 385 2357 456 Incipit
2395 405 2406 441 :
2441 384 2675 452 Quwstio
2701 399 2858 447 quam
2885 386 3185 459 Origenista
3200 390 3347 458 ﬁdeli
3380 409 3574 462 ριιορο.

312 485 413 531 nit.
448 475 621 531 Vertit
655 473 1063 530 Genebratdus.
1100 472 1297 542 Incipit
1331 490 1344 526 :
1386 471 1521 526 Ποία
1553 474 1893 545 δικαιοσύνη,

1815 492 1896 545 νη,
1925 474 2058 529 δέκα
2085 474 2117 544 ἦ
2154 475 2497 545 πεντήκοντα
2521 473 2750 545 χρόνους
2783 476 3204 546 ἀμαρτήσαντός
3231 494 3396 541 τινος.

381 562 669 619 6.XXX’II.
691 563 899 617 Contra
932 563 1271 617 Sarracenos
1301 559 1739 632 Theopaschitas
1769 578 1822 632 p.
1843 562 1951 617 415
1976 578 2042 617 ex
2063 561 2402 618 Genebrardi
2437 563 2690 618 versione
2714 578 2730 627 ;
2761 561 2952 617 Graeca
2979 565 3121 618 enim
3148 562 3440 621 Gretserus
3464 582 3575 621 non

315 651 538 719 reperit.
572 648 768 716 Incipit
797 646 947 701 :Aiio
973 650 1028 702 in
1054 656 1308 702 conventu
1342 645 1698 703 Sarracenus.

388 736 476 790 15.
502 733 746 788 XXXIII.
783 736 1041 805 Διάλογος
1077 736 1210 806 πρδς
1239 736 1624 806 Νεστοριανόν,
1658 754 1712 807 p.
1736 735 1862 791 416.
1888 735 1969 790 Dit

1996 735 2146 807 logus
2177 752 2296 789 cum
2317 733 2667 791 Nestoriano.
2701 733 3086 809 Incipit:Elné
3124 753 3237 808 μοι,
3266 739 3326 791 τὸ
3342 740 3577 808 Χριστὸς

313 823 506 890 ὕνομα.
544 819 719 875 Vertit
752 818 1168 895 Gcncbrardns.

2272 870 2283 887 3
3607 868 3617 884 ο

385 908 630 964 XXXIV.
665 910 802 980 Περὶ
833 909 1049 980 χρόνου.
1087 910 1314 978 Tempus
1372 927 1442 963 an
1501 912 1571 964 sit
1618 911 1675 964 in
1716 917 1966 979 tempore}

2024 926 2150 983 pag.
2183 911 2308 964 417.
2366 910 2607 981 Incipit:
2652 911 2711 962 Ὀ
2762 909 2952 981 χρόνος
2990 911 3048 964 ὲν
3097 912 3275 984 χρόνῳ
3307 915 3339 984 ἢ
3375 916 3478 968 οὐκ
3518 919 3578 970 ἐν

317 999 513 1070 χρόνῳ.
543 994 721 1051 Vertit
744 995 985 1050 Iacobus
1012 996 1325 1052 Gretserus.

585 995 721 1051 'ertit
744 995 985 1050 Iacobus
1012 996 1325 1052 Gretserus.
2162 1052 2166 1059 ,

334 1154 339 1160 _
385 1082 603 1139 XXXV.
648 1083 970 1154 Ἐρώτησις.
1012 1085 1336 1153 Disceptatio
1356 1101 1482 1139 cum
1514 1083 1825 1140 Sarraceno
1884 1084 1915 1139 ι

1997 1098 2216 1143 auctore
2266 1088 2387 1142 boui
2418 1097 2469 1140 et
2513 1087 2663 1146 mali.
2694 1101 2747 1156 p.
2806 1084 2933 1139 418.
2969 1083 3204 1158 Incipit:
3236 1087 3368 1143 Τίνα
3396 1089 3576 1158 λέγεις

317 1172 491 1228 αἴτιον
530 1172 695 1226 κα).οὖ
728 1189 786 1223 τε
808 1174 905 1225 καὶ
939 1172 1141 1236 κακοῦς
1176 1170 1353 1227 Vertit
1380 1173 1696 1227 Gretserns.

3457 1236 3468 1245 ,.

385 1257 628 1314 XXXVI.
684 1256 1005 1328 Ἐρώτησις.
1039 1259 1253 1312 verbum
1284 1259 1376 1313 Dei
1400 1276 1525 1313 num
1555 1273 1812 1324 creatum,
1834 1277 1902 1313 an
1930 1261 1966 1315 ii

1998 1263 2265 1316 creatum?
2290 1277 2342 1330 p.
2375 1258 2501 1314 420.
2543 1256 2741 1327 Incrptt
2772 1274 2783 1309 :
2840 1257 2922 1311 Τὰ
2952 1258 3113 1327 λόγια
3141 1259 3349 1332 Κυρίου
3379 1264 3579 1316 κτιστά

317 1346 508 1417 εἰσινῆ
538 1345 793 1399 ἄκτιστα.
840 1342 1014 1399 Vertit
1037 1343 1351 1402 Gretserus.
1388 1347 1536 1401 Idem
1568 1347 1625 1400 in
1657 1349 2088 1403 controversiam
2122 1357 2374 1400 vocatum
2434 1355 2624 1402 ucstra
2658 1355 2839 1400 aetate.
2890 1343 3027 1401 Vide
3076 1346 3296 1419 Georgii
3344 1348 3579 1407 Nitschii
3671 1342 3679 1347 ’

319 1434 727 1503 Beantwortung
755 1432 852 1486 der
882 1431 1056 1504 Frage
1078 1450 1096 1487 .'
1127 1432 1206 1489 0b
1238 1433 1322 1488 die
1348 1433 1554 1515 Heilige
1579 1433 1800 1502 Schriﬂ't
1832 1433 1957 1488 Gott
1982 1436 2145 1489 selbst
2178 1452 2269 1506 sey
2292 1437 2316 1489 .’
2337 1435 2548 1502 Gotlue,
2582 1435 2740 1498 17H,
2777 1435 2832 1489 4.

388 1517 653 1574 XXXVII.
680 1517 1005 1591 Ἐρώτησις,
1041 1523 1265 1590 quwstio
1293 1521 1511 1588 duplex.
1545 1537 1653 1574 una
1685 1521 1757 1574 De
1787 1519 1967 1575 Maria

1997 1522 2259 1591 Θεοτόκῳ,
2283 1523 2505 1581 vivatne.
2534 1539 2606 1576 an
2629 1531 2843 1575 mortua
2868 1522 2977 1586 sit;
3011 1523 3184 1577 altera
3216 1539 3230 1575 :
3267 1521 3412 1577 Num
3438 1524 3578 1581 Deus

310 1610 606 1663 etiamnum
636 1610 818 1663 creet?
842 1623 963 1677 pag.
998 1607 1123 1662 421.
1160 1607 1360 1679 Incipit
1387 1627 1399 1662 :
1440 1609 1544 1661 Ἦν
1575 1608 1764 1676 λέγετε
1789 1609 1891 1662 Θεο

1534 1628 1544 1657 ρ
1575 1608 1764 1676 λέγετε
1789 1609 2073 1672 θεοτόκον,
2116 1609 2387 1663 ἀπέθανεν
2419 1609 2567 1680 ἢζῇ.
2602 1608 2777 1664 Vertit
2802 1608 3115 1665 Gretserus.

385 1693 673 1749 XXXVIII.
720 1695 1044 1766 Ἐρώτησις,
1086 1706 1205 1750 uter
1237 1697 1430 1764 major,
1469 1699 1821 1766 sanctiﬁcans
1869 1696 1966 1766 (J0:

1996 1711 2130 1752 nues
2180 1695 2448 1766 Baptista)
2503 1713 2575 1750 an
2628 1696 3040 1763 sanctificatus?
3074 1711 3127 1766 p.
3161 1696 3286 1751 422.
3335 1699 3431 1765 Τίς
3461 1702 3577 1755 ἐστι

316 1785 469 1853 παρὰ
508 1785 591 1835 σοί
618 1767 851 1852 μείζων.
895 1781 1072 1839 Vertit
1103 1783 1424 1838 Gretserus.

387 1868 630 1927 XXXIX.
675 1870 820 1940 Πρός
845 1888 969 1924 τινα
995 1871 1351 1940 ἐρωτήσαντα
1378 1870 1562 1924 αὐτόν.
1597 1871 1681 1926 Ad
1714 1872 1963 1942 aliquem,

1997 1874 2082 1941 qui
2108 1881 2448 1943 percontatus
2471 1872 2647 1942 fuerat
2688 1870 2754 1925 de
2786 1871 3131 1926 distinctione
3176 1873 3499 1927 mundorum
3529 1888 3578 1930 et

314 1958 709 2010 immundorum
732 1957 1154 2020 esculentorum,
1180 1966 1437 2026 quatenus
1467 1958 1564 2013 illa
1604 1960 1657 2011 in
1686 1957 1835 2012 Novo
1868 1957 2200 2016 Testamento
2233 1962 2644 2018 observaretur?
2674 1962 2874 2032 Incipit
2903 1979 2918 2017 :
2950 1962 3015 2015 Ei
3037 1962 3247 2034 ἀποχὴν
3290 1965 3582 2035 καὶημετά-

313 2043 478 2113 ληψιν
516 2043 868 2115 ἀκαθάρτων.
906 2042 1083 2099 Vertit
1126 2043 1449 2101 Gretserus.
1494 2044 1802 2114 Snbiicitur
1831 2062 1885 2117 p.

1997 2047 2043 2102 Ξ.
2072 2049 2333 2105 Scholion
2377 2051 2598 2106 Arethae
2635 2049 2704 2106 de
2738 2050 2932 2105 eodem
2956 2060 3304 2120 argumento,
3353 2052 3578 2127 ἄλλως,

326 2133 547 2204 Ἀρέοα,
582 2142 845 2203 notatque
878 2132 1196 2195 Gretserns.
1226 2150 1285 2190 se
1312 2136 1367 2190 in
1401 2137 1575 2191 altero
1604 2137 1870 2191 Bavarico
1908 2137 2101 2192 codice
2127 2138 2425 2207 aliquoties
2454 2138 2966 2194 dissertatiunculis
2989 2139 3254 2193 Abucarae
3287 2139 3386 2193 hoc
3423 2149 3581 2209 pacto

312 2223 609 2276 subnotata
649 2223 900 2291 quaedam
958 2223 1229 2292 reperisse
1258 2241 1272 2277 :
1308 2232 1363 2278 et
1389 2225 1720 2293 ascripsisse
1750 2240 1969 2295 quoque
2013 2225 2080 2279 ad
2111 2240 2264 2279 oram
2293 2224 2407 2284 sua:
2440 2228 2710 2282 versionis
2755 2227 2966 2295 aliquot
3000 2227 3313 2294 huiusmodi
3369 2230 3605 2284 scholia.

315 2309 539 2363 A'rethae
563 2310 810 2378 episcopi
851 2308 1136 2375 Turriani,
1166 2310 1337 2374 illius,
1363 2319 1422 2364 ut
1448 2310 1669 2365 videtur
1704 2313 1945 2379 Arethae,
1972 2312 2179 2369 saeculo
2211 2312 2425 2369 decimo
2474 2314 2632 2377 clari,
2670 2313 2742 2369 de
2766 2330 2877 2384 quo
2928 2313 3039 2369 dixi
3073 2315 3351 2370 volumine
3377 2314 3492 2379 VII,
3524 2332 3578 2386 p.

317 2395 413 2450 191
454 2412 572 2465 seq.
609 2394 741 2468 [vo].
776 2393 912 2458 VIII,
950 2413 1004 2465 p.
1033 2396 1137 2451 698
1172 2412 1288 2466 seq.
1324 2412 1455 2452 nov.
1487 2397 1576 2451 ed.
1733 2392 1739 2396 ’

384 2482 499 2536 XL.
533 2484 628 2536 Ἐκ
665 2482 761 2536 τοῦ
807 2482 974 2536 αὑτοῦ
1018 2483 1297 2555 Θεοδώρου
1339 2484 1642 2538 ἐπισκόπου
1688 2485 1891 2555 Καρῶν
1931 2506 1965 2541 τι

1997 2487 2059 2558 ,ρὶ
2099 2488 2193 2541 τοῦ
2224 2488 2413 2559 Ἀδάμ.
2450 2489 2680 2541 Φωτίου.
2720 2486 2902 2542 Photii
2934 2492 3251 2557 excerptum
3294 2506 3360 2545 ea:
3400 2492 3578 2546 eodem

304 2569 589 2624 Theodoro
621 2571 870 2639 episcopo
902 2566 1197 2624 Carrarum
1218 2610 1232 2636 ,
1266 2569 1331 2624 de
1362 2571 1560 2626 Adami
1593 2587 1813 2641 corpore
1848 2591 1917 2629 an
1949 2577 2246 2645 possibile?
2276 2593 2329 2647 p.
2366 2578 2492 2632 425.
2528 2577 2726 2647 Incipit
2760 2595 2772 2630 :
2806 2577 2925 2648 Χρὴ
2961 2577 3186 2630 εἰδέναι.
3216 2576 3389 2633 Vertit
3420 2579 3580 2634 Grot-

319 2675 497 2715 SL'I'IIS.

389 2746 523 2800 XLI.
566 2747 631 2800 Ti
664 2749 781 2801 ἐστι
818 2746 1082 2815 θάνατθς;
1120 2750 1212 2802 καὶ
1248 2749 1366 2813 πῶς
1402 2750 1730 2806 θανατοῦται
1765 2755 1792 2806 ό
1830 2753 2091 2820 θάνατοςς
2127 2752 2373 2825 (δοξάζει
2407 2752 2517 2823 γὰρ
2551 2751 2646 2807 καὶ
2679 2751 2837 2805 τοῦτο
2869 2754 2902 2821 ὴ
2934 2751 3302 2823 Ἐκκλησία,)
3340 2753 3434 2806 καὶ
3471 2754 3579 2807 ἰδοὺ

316 2835 759 2905 ἀποθνήσκομεν.
791 2835 935 2901 Quid
967 2839 1036 2889 sit
1066 2853 1242 2902 mors,
1269 2846 1320 2890 et
1347 2839 1610 2908 quomodo
1643 2856 1783 2894 mors
1814 2843 1976 2896 morti
2004 2842 2231 2894 dedatur
2261 2843 2277 2906 <
2294 2856 2417 2894 nam
2444 2850 2493 2893 et
2522 2839 2619 2894 hoc
2671 2838 2820 2894 docet
2874 2838 3148 2910 Ecclesia)
3180 2848 3231 2893 et
3266 2857 3383 2894 ecce
3412 2843 3581 2894 mori-

318 2940 459 2986 ritur,
494 2940 545 2993 p.
577 2923 704 2978 424.
741 2922 929 2993 Incipit
968 2942 980 2977 :
1015 2923 1257 2989 Θάνατος
1279 2925 1406 2978 οὗτε
1436 2927 1596 2980 οὐσία
1626 2926 1899 2983 ἐστίνΝει

1549 2927 1596 2979 Ea
1626 2926 1985 2983 éctlv.Vertit
2015 2927 2328 2982 Gretserus.

387 3010 547 3065 XLII.
590 3009 865 3081 Σύντομος
898 3010 1222 3066 διδασκαλία
1256 3015 1385 3083 περὶ
1423 3013 1582 3068 θείων
1614 3017 1927 3087 ὀνομάτων,
1961 3015 2071 3068 τῶν
2105 3032 2165 3067 τε
2200 3015 2394 3068 κοινῶν
2428 3015 2693 3083 Τριάδος,
2729 3014 2823 3067 καὶ
2853 3012 2962 3066 τῶν
2998 3012 3181 3066 ἰδικῶν
3214 3011 3447 3067 ἑκάστου
3484 3015 3584 3083 τῆς

319 3097 566 3169 Τριὰδος.
606 3099 789 3153 Breris
833 3099 1081 3154 doctrina
1124 3105 1188 3155 de
1232 3101 1425 3157 divinis
1467 3106 1804 3169 nominibus,
1842 3114 1953 3159 tam
1993 3103 2361 3157 communibus
2405 3103 2759 3157 sanctissima:
2794 3100 3109 3165 Trinitatis,
3147 3116 3306 3169 quam
3349 3103 3582 3169 propriis

316 3188 576 3256 cujusque
604 3203 868 3254 personat
905 3203 957 3256 p.
995 3188 1121 3243 524.
1157 3189 1359 3258 Incipit
1392 3190 1587 3242 εἘστι
1616 3191 1859 3261 ὀνόματα
1888 3208 1897 3244 ι

1996 3191 2043 3244 ιὰ
2071 3190 2160 3244 διὰ
2184 3189 2284 3258 τῆς
2311 3189 2476 3256 ἁγίας
2498 3189 2729 3260 Τριάδος
2755 3188 3035 3257 διήκοντα.
3052 3184 3231 3242 Vertit
3263 3184 3577 3243 Grctserus.

389 3273 515 3328 Ilaec
557 3276 826 3344 Opuscula
864 3274 1003 3329 XLII
1041 3276 1112 3329 ad
1149 3276 1354 3330 calcem
1395 3275 1599 3347 Hodegi
1632 3279 1991 3333 Anastasiani
2026 3287 2261 3346 utraque
2299 3279 2482 3346 lingua
2525 3279 2737 3345 primus
2775 3275 3093 3346 Ingolstadii
3135 3276 3306 3330 edidit
3340 3274 3583 3332 Iacobus

318 3360 615 3416 Grctserus
654 3362 711 3414 S.
750 3362 789 3416 l.
826 3361 964 3415 I605
1001 3362 1135 3432 (I9),
1169 3363 1315 3418 unde
1351 3378 1546 3418 recusa
1584 3375 1712 3418 sunt
1747 3364 1944 3420 Latine
1974 3361 2207 3433 quidem
2237 3362 2289 3414 in
2321 3359 2653 3413 Bibliotheca
2692 3357 2941 3423 Patrum,
2975 3358 3108 3413 edit.
3140 3358 3493 3414 Coloniensis
3528 3375 3580 3413 a.

319 3448 479 3512 I6i8,
514 3458 662 3501 tomu
696 3446 804 3513 IX;
839 3456 894 3502 et
931 3446 1318 3518 Lugdunensis
1351 3465 1404 3502 a.
1439 3449 1600 3511 I677,
1634 3461 1781 3505 tomo
1814 3450 1956 3508 XVI.
1992 3450 2180 3505 Graec
2212 3455 2268 3502 et
2304 3446 2499 3500 Latine
2530 3461 2661 3500 vero
2694 3445 2749 3498 in
2784 3446 3040 3498 Auctario
3073 3445 3366 3506 Ducwano.
3402 3446 3579 3502 Paris.

319 3534 492 3596 1624,
530 3542 681 3587 ιοηιο
718 3533 768 3595 Ι,
798 3542 853 3587 et
886 3535 939 3587 in
972 3533 1302 3589 Bibliotheca
1334 3534 1561 3589 Patrum
1591 3534 1771 3590 Paris.
1807 3537 1944 3592 1644
1970 3546 2026 3592 et
2055 3537 2195 3592 1654
2216 3579 2230 3599 ,
2267 3544 2418 3589 ιοιιιο
2447 3533 2536 3589 XI.
2572 3532 2645 3586 Ex
2677 3533 2789 3587 illis
2816 3531 2953 3593 XLII
2986 3534 3274 3602 opusculis
3301 3534 3581 3589 Gilhcrtus

317 3619 712 3676 Genebrardus
741 3620 933 3676 Latine
963 3631 1204 3677 verterat
1232 3623 1345 3679 haec
1371 3623 1713 3693 quindecim,
1742 3642 1862 3695 qua:
1889 3641 2016 3681 cum
2045 3624 2402 3680 Gretseriana
2431 3621 2678 3677 editione
2706 3620 2788 3677 sic
2819 3620 3010 3676 licebit
3040 3620 3295 3676 conferre
3330 3640 3343 3673 :
3442 3606 3468 3627 ⁸

388 3728 628 3784 Genebr.
702 3732 753 3795 I,
864 3731 922 3793 2,
1041 3732 1097 3791 5.
1197 3732 1252 3795 4,
1382 3733 1435 3796 5,
1633 3732 1687 3794 6.
1828 3734 1880 3798 7,
1943 3736 1969 3790 8

1828 3734 1880 3798 7,
1943 3736 1998 3797 8,
2064 3735 2118 3800 9,
2232 3732 2319 3798 I0,
2455 3731 2545 3794 II,
2626 3730 2711 3794 12,
2862 3731 2950 3786 15.
3119 3731 3210 3791 II,
3291 3731 3374 3783 I5.

387 3818 636 3871 Gretser.
679 3816 769 3883 tu,
811 3817 952 3883 χνι,
996 3817 1128 3883 Vlll,
1173 3818 1285 3882 vu,
1330 3817 1499 3884 xxv,
1539 3819 1761 3884 χχχιι,
1806 3820 1897 3885 ιχ,
1937 3820 2009 3886 χ,
2052 3819 2141 3885 χι,
2183 3817 2376 3884 χχιιι,
2418 3817 2560 3877 χιιι.
2602 3815 2746 3881 xw,
2785 3814 3026 3879 XXXIII,
3070 3815 3265 3876 χχχι,
3312 3819 3351 3871 ι.

317 3904 553 3958 Exstant
585 3920 652 3958 ex
692 3904 1033 3963 Getiebrardi
1067 3907 1327 3961 versione
1362 3907 1416 3961 in
1445 3906 1778 3963 Bibliotheca
1810 3908 2038 3975 Patrum
2069 3906 2368 3962 Parisieusi
2401 3921 2452 3959 a.
2487 3904 2648 3968 I575,
2684 3911 2835 3958 tomo
2866 3902 2927 3965 V,
2961 3915 3012 3958 et
3045 3918 3098 3957 ιι.
3132 3905 3272 3959 15⁸19
3305 3905 3489 3977 [1539.
3524 3907 3579 3962 in

316 3990 442 4045 Cat.
474 3978 607 4053 bibl.
639 3991 896 4047 Leidens.
930 4011 982 4063 p.
1010 3992 1128 4066 25.]
1163 4002 1316 4050 tomo
1347 3992 1437 4048 IV.
1465 3995 1640 4049 Etiam
1674 3997 1777 4049 tria
1812 4012 1880 4051 ex
1911 3996 1999 4051 his
2030 3990 2318 4063 opusculis
2351 3990 2575 4056 Latine,
2604 3989 2909 4044 Francisco
2934 3989 3212 4045 Turriano
3243 3993 3576 4062 interprete,

319 4080 375 4132 in
408 4080 583 4134 lucem
614 4081 875 4135 emiserat
908 4082 976 4135 II.
1008 4082 1264 4137 Cauisius
1297 4091 1445 4136 tonio
1477 4080 1571 4147 IV,
1600 4084 1849 4152 Antiqua:
1880 4081 2140 4146 lectionis,
2175 4080 2432 4133 nimirum
2465 4076 2682 4141 XXVII,
2712 4075 2930 4129 XXVIII
2963 4088 3017 4131 et
3042 4077 3235 4141 XXIX,
3270 4079 3577 4148 Ingolstad.
3630 4109 3633 4113 -

319 4165 479 4230 1605,
515 4167 581 4230 4;
620 4182 815 4222 recusa
853 4168 909 4222 in
942 4167 1285 4223 Bibliotheca
1315 4169 1544 4223 Patrum
1575 4170 1928 4225 Coloniensis
1960 4169 2357 4239 Supplementa
2395 4165 2513 4220 sive
2552 4175 2702 4219 IOIIIO
2734 4163 2851 4228 XV,
2891 4179 2943 4218 ιι.
2983 4164 3123 4218 1622
3153 4165 3398 4236 vulgato,
3433 4176 3485 4222 et
3522 4168 3576 4221 in

317 4251 619 4308 Parisiensi
652 4269 704 4310 a.
739 4254 900 4317 I654,
940 4265 1088 4309 tomo
1118 4253 1210 4327 IV.
1231 4254 1333 4313 His
1362 4256 1606 4327 denique
1637 4256 1893 4311 accedit:

389 4340 573 4397 XLIII.
616 4345 755 4414 Περὶ
781 4343 1030 4405 ἐνώσεως
1056 4346 1152 4399 καὶ
1178 4344 1531 4417 σαρκώσεως,
1557 4344 1656 4399 καὶ
1683 4345 1762 4397 ὅτι
1790 4345 1827 4414 ἡ
1856 4343 1956 4413 μὲν
1978 4342 2276 4403 ὑπόστασις
2305 4337 2618 4408 ὲσαρκὼθη,
2645 4339 2678 4409 ἡ
2705 4337 2762 4391 δὲ
2788 4337 2951 4407 φύσις
2975 4339 3077 4409 τῆς
3100 4338 3366 4411 Θεότητος
3392 4342 3575 4412 ήνώθη

314 4429 383 4498 τῇ
411 4428 731 4501 ἀνθρωπίνῃ
763 4429 926 4499 φύσει
956 4432 1017 4483 ὲν
1040 4431 1340 4485 ὑποστάσει
1365 4429 1459 4484 τοῦ
1488 4430 1622 4485 Θεοῦ
1648 4430 1844 4497 Λόγου.
1866 4429 1895 4483 l

1998 4430 2164 4501 m'mne
2189 4436 2239 4481 et
2268 4427 2659 4488 incarnatione,
2686 4426 2926 4496 quodque
2952 4443 3180 4496 persona
3210 4427 3370 4496 fuerit
3400 4431 3579 4483 incor-

314 4525 466 4570 uata.
500 4516 689 4571 Divina
721 4528 902 4573 autem
933 4528 1133 4573 natura
1161 4518 1409 4573 humana:
1437 4520 1591 4572 unita
1618 4517 1674 4571 in
1701 4533 1931 4586 persona
1964 4515 2060 4570 Dei
2088 4514 2266 4570 Verbi.
2290 4513 2405 4569 Hoc
2435 4515 2768 4584 opusculum
2798 4528 2863 4567 ex
2899 4529 3002 4568 ms.
3038 4514 3334 4569 Bodleiano
3366 4517 3581 4587 primus

315 4601 901 4675 edidit,Latinamquc
935 4607 1249 4662 versionem
1288 4606 1542 4677 adiunxit
1576 4604 1825 4659 Andreas
1863 4604 2139 4658 Arnoldus
2175 4601 2688 4671 Norimbergensis,
2728 4599 2905 4655 Paris.
2944 4601 3118 4666 I685,
3156 4601 3221 4666 8,
3261 4603 3327 4657 ad
3369 4604 3577 4659 calcem

318 4689 696 4761 Syntagmatis
735 4692 1005 4750 doctrinae
1039 4695 1107 4749 ad
1149 4695 1391 4750 clericos
1432 4701 1486 4750 et
1523 4695 1695 4749 laicos
1734 4694 1839 4749 sub
1876 4692 2054 4749 sancti
2089 4687 2374 4743 Athanasii
2420 4688 2675 4752 nomine,
2713 4686 3167 4741 etValeutiniani
3207 4703 3271 4742 ac
3313 4687 3578 4743 Marciani

316 4778 489 4848 impp.
515 4780 873 4848 epistolarum
903 4782 1161 4837 binarum
1192 4783 1258 4837 ad
1291 4781 1530 4837 Leonem
1555 4781 1626 4835 Μ.
1653 4780 1849 4851 Incipit
1878 4796 1893 4834 ε

2012 4779 2111 4848 μὲν
2136 4774 2414 4847 σάρκωσις
2439 4776 2589 4828 ἔστιν
2610 4772 3047 4845 ὲνανθρώπησις.
3079 4775 3223 4831 Idem
3249 4777 3577 4847 opusculum

317 4881 420 4920 ms.
453 4867 508 4921 in
539 4868 671 4924 bibl.
697 4870 953 4927 Caesareo
983 4878 1327 4928 memoratur
1350 4886 1379 4924 a
1406 4869 1725 4935 Lambecio,
1744 4866 1811 4931 V,
1833 4884 1884 4938 p.
1913 4867 2001 4922 78.
2028 4865 2192 4920 Fabr.
2219 4879 2266 4918 s.
2286 4878 2339 4932 p.
2370 4863 2490 4930 I69,
2516 4879 2572 4916 ιι.
2600 4863 2687 4930 II,
2716 4863 2805 4918 ed.
2832 4862 3000 4930 Koll.,
3029 4865 3160 4918 item
3194 4866 3248 4918 in
3277 4867 3405 4919 eod.
3434 4865 3580 4920 Mos-

317 4955 515 5021 quensi
541 4957 739 5027 synod.
768 4958 858 5012 52.
888 4956 951 5012 ν.
973 4957 1213 5014 Matthaai
1239 4958 1412 5013 Notit.
1437 4958 1534 5011 cit.
1561 4972 1616 5027 p.
1638 4956 1766 5019 291,
1795 4973 1850 5011 n.
1875 4955 2017 5011 5.—
2038 4952 2240 5006 Iterum
2268 4950 2474 5005 editum
2500 4958 2587 5005 est
2616 4950 2750 5005 illud
2778 4938 2973 5021 optIsc.
3000 4967 3068 5006 ex
3093 4951 3221 5005 cod.
3247 4952 3434 5008 Bodlei
3480 4951 3575 5008 Gr.

315 5054 382 5095 ac
411 5041 534 5096 Lat.
562 5046 618 5099 In
650 5059 792 5100 nova
822 5046 954 5101 edit.
989 5044 1156 5101 Henr.
1185 5044 1393 5102 Canisii
1425 5041 1573 5098 Lect.
1600 5053 1716 5096 ant.
1747 5053 1884 5096 tom.
1916 5040 1980 5104 lI,
2013 5049 2158 5108 part.
2187 5054 2250 5104 ιι,
2278 5053 2334 5108 p.
2360 5038 2468 5093 475
2496 5053 2655 5109 seqq.
2683 5038 2770 5094 ed.
2798 5038 3034 5109 Basnag.
3064 5037 3234 5093 IIAIIL.

1298 5312 1366 5364 Il.
1403 5311 1490 5365 Ea:
1508 5312 1643 5365 Anc.
1684 5309 1789 5364 ΜΑι
1822 5309 1971 5365 Bibl.
1996 5308 2137 5364 Nov.
2164 5319 2203 5362 t.
2246 5304 2348 5371 Vl,
2372 5323 2426 5375 p.
2459 5305 2580 5361 I69.

385 5418 738 5476 Theodorum
771 5422 1077 5478 Abucaram
1118 5423 1385 5478 Carornm
1428 5423 1750 5494 episcopum
1790 5421 2100 5477 Turrianus
2158 5420 2454 5491 aliquoties
2526 5420 2852 5478 Damasceni
2911 5422 3246 5494 discipulum
3285 5427 3575 5494 nominat,

314 5509 407 5564 cui
438 5507 884 5577 probabilitatem
913 5511 1175 5565 conciliat
1204 5510 1339 5564 illud
1373 5512 1426 5565 in
1460 5511 1620 5565 titulo
1650 5510 1887 5565 disserta

1994 5511 2061 5565 IIS
2087 5507 2317 5564 decimae
2341 5516 2553 5564 octavae
2574 5510 2671 5561 Διά
2703 5510 2886 5580 φωνῆς
2919 5510 3165 5566 Ἰωάννου
3188 5515 3575 5588 Δαμασκηνοῦ.

390 5680 510 5745 (I9)
545 5680 611 5736 Et
633 5681 691 5736 in
721 5680 1209 5754 GretseriOperib.
1241 5683 1534 5739 Ratisbon.
1558 5681 1717 5749 1741,
1743 5691 1782 5736 t.
1810 5682 1928 5750 XV,
1957 5700 1971 5755 ι

791 5682 1209 5754 'etseriOperib.
1241 5683 1534 5739 Ratisbon.
1558 5681 1717 5749 1741,
1743 5691 1782 5736 t.
1810 5682 1928 5750 XV,
1957 5699 2010 5755 p.
2047 5685 2172 5739 542.
2202 5683 2372 5739 Hann.
