4004 6150
458 275 616 340 ηιδδ
1404 333 1408 336 ,
1661 269 2131 350 THEODORUS
2161 270 2533 332 ABUCARA.
3564 275 3671 344 tta;

473 385 764 460 Signiﬁcat
797 383 942 439 enim
978 396 1063 448 ea,
1093 396 1217 452 quin
1253 382 1311 435 in
1339 374 1497 433 dicta
1530 379 1913 451 disputatione
1946 381 2218 437 adversus
2250 379 2558 436 Saracenos
2594 378 2967 444 disseruntur,
2998 395 3064 435 es
3107 394 3200 436 ore
3234 381 3480 440 dictantis
3511 382 3671 443 Dama-

475 475 628 531 sceni
671 472 977 542 excepisse.
1014 468 1290 524 Turriano
1337 481 1445 522 non
1497 470 1804 524 assentitur
1837 465 2151 534 Gretserus,
2195 470 2612 540 arbitraturque
2648 468 2998 524 Theodorum
3038 468 3344 532 Abucaram
3393 476 3545 529 alium
3588 494 3671 535 non

474 564 669 622 fuisse,
706 573 872 628 quam
916 558 1070 611 illum
1117 555 1210 626 qui
1255 570 1381 610 cum
1424 552 1730 609 Photianas
1774 564 1959 625 partes
2005 564 2198 610 contra
2236 557 2507 628 lgnatium
2547 562 2774 611 secutus
2811 555 3028 620 fuisset,
3066 566 3232 627 atque
3272 559 3401 613 adeo
3440 577 3538 617 una
3576 581 3671 619 cum

454 651 740 707 Zacharia
772 646 1208 703 Chalcedonensi
1231 686 1246 711 ,
1276 660 1376 723 pro
1408 644 1604 699 Photio
1639 645 1706 698 ad
1744 644 2077 699 Lndovicum
2106 644 2413 717 secundum
2447 643 2841 712 imperatorem
2870 641 3326 715 Francorumque
3358 662 3526 717 regem
3556 652 3674 721 lega.

473 743 678 793 tionem
714 735 978 799 obiisset,
1012 744 1071 787 ut
1106 733 1161 787 in
1194 733 1305 787 vita
1344 731 1540 803 lgnatii
1577 739 1812 787 testatur
1845 729 2104 795 Nicctas,
2138 736 2329 800 postea
2371 727 2548 784 Photii
2590 728 2876 785 fraudibus
2914 730 2969 784 in
3012 739 3265 800 apertum
3310 734 3552 801 prolatis.
3582 742 3675 791 vela

474 835 778 881 retrorsum
809 822 1001 885 vertit,
1039 829 1097 875 et
1129 821 1183 874 in
1215 828 1413 875 octava
1444 820 1658 890 synodo
1689 819 2032 873 mcutnenica
2065 817 2293 873 admissi
2328 816 2530 887 piaculi
2559 817 2778 871 veniam
2814 818 3166 886 impetravit,
3202 830 3363 888 prout
3394 825 3609 878 secunda
3633 841 3670 880 et

462 920 668 982 quarta
697 909 947 978 ejusdem
976 907 1200 962 concilii
1233 908 1377 961 actio
1405 922 1508 961 nos
1536 908 1769 973 docent;
1798 921 1899 976 pro
1922 920 2034 976 quo
2057 903 2220 958 etiam
2251 904 2395 972 apud
2423 902 2728 957 Adrianum
2760 918 3039 959 summum
3073 905 3383 975 pontificem
3413 909 3677 965 intercessit

474 999 738 1071 lgnatius,
781 1007 840 1051 ut
884 996 1119 1067 pristino
1161 994 1358 1049 honori
1399 1010 1465 1050 ac
1505 997 1722 1049 muneri
1767 995 2158 1049 restitueretur
2199 1010 2211 1046 :
2250 990 2397 1059 quod
2442 990 2571 1044 item
2616 989 2869 1046 fecerunt
2908 999 3021 1048 tres
3060 993 3418 1063 imperatores
3459 995 3676 1053 Basilius.

456 1086 897 1147 Constantinus,
929 1098 995 1139 ac
1028 1083 1136 1136 Leo
1167 1084 1221 1136 in
1256 1082 1456 1137 litteris
1487 1082 1553 1136 ad
1587 1082 1839 1136 eumdem
1871 1080 2135 1136 Romana:
2166 1078 2426 1133 Ecclesiae
2455 1078 2787 1152 antistitem,
2818 1080 2910 1148 qui
2943 1079 3298 1136 Theodorum
3333 1083 3519 1155 insigni
3549 1102 3678 1141 enen-

472 1174 586 1225 mio
614 1171 968 1231 decorat-unt,
995 1182 1118 1221 cum
1153 1166 1428 1220 hominem
1462 1164 1724 1220 Ecclesia:
1751 1163 1908 1218 valde
1938 1165 2128 1218 utilem
2160 1166 2439 1235 appellare
2465 1165 2779 1228 voluerunt,
2810 1165 2977 1235 idque
3009 1176 3235 1236 propter
3258 1171 3505 1225 eximiam
3532 1175 3679 1226 erudi-

471 1263 701 1322 tionem,
732 1272 839 1326 qna
877 1257 1182 1309 instructus
1216 1268 1342 1307 cum
1377 1253 1675 1317 lia-reticis,
1701 1250 1926 1317 Judzeis,
1955 1260 2009 1305 et
2039 1250 2441 1307 Maltometanis
2468 1252 2718 1307 animose
2745 1253 3233 1324 congrediehatur,
3264 1270 3491 1325 quorum
3525 1259 3681 1329 ingens

474 1348 531 1402 in
560 1345 725 1402 Caria
753 1356 864 1398 tum
897 1342 1221 1407 multitudo,
1251 1353 1307 1395 ut
1337 1349 1392 1394 et
1423 1339 1744 1404 Laodiceae,
1777 1353 1888 1409 quo
1914 1338 2263 1393 Theodorum
2297 1341 2628 1393 translatum
2661 1337 2883 1395 Nicetas
2913 1340 3129 1395 scribit.
3155 1339 3291 1394 Cum
3322 1358 3446 1412 ergo
3472 1341 3680 1403 Nicetas.

474 1445 530 1490 et
570 1443 761 1491 octava
802 1431 1048 1503 synodus
1110 1428 1656 1489 Thcodorumillum
1700 1427 1984 1482 nominent
2021 1425 2197 1481 Caria:
2231 1427 2551 1496 episcopum
2595 1435 2654 1481 et
2692 1427 3138 1495 metr0politam,
3179 1437 3237 1482 ιιι
3278 1437 3332 1484 et
3372 1429 3616 1499 lgnatius,
3642 1447 3681 1488 et

478 1528 838 1595 imperatores
874 1525 928 1574 in
959 1518 1210 1589 epistolis
1240 1520 1306 1571 ad
1333 1517 1637 1571 Adrianunt
1672 1515 2018 1586 pontificem,
2047 1524 2103 1569 et
2131 1513 2222 1569 hic
2252 1513 2508 1568 Abucara
2540 1512 2718 1569 Caria:
2748 1515 2954 1584 praesul
2987 1513 3183 1577 fuerit,
3210 1530 3388 1585 neque
3416 1519 3546 1571 ratio
3570 1530 3677 1572 lent-

448 1612 632 1683 ενοι-ἑο
661 1611 864 1674 obstet,
895 1608 950 1660 in
966 1621 1101 1686 .cam
1134 1604 1468 1660 sententiam
1499 1604 1720 1658 devenit
1750 1612 1809 1657 ut
1838 1603 1941 1657 sibi
1976 1601 2343 1672 persuadeat,
2378 1602 2547 1655 alium
2575 1601 3033 1656 dissertationum
3065 1612 3349 1659 auctorem
3381 1620 3484 1658 non
3515 1605 3679 1666 fuisse,

466 1715 642 1771 quam
673 1699 826 1752 illum
852 1693 1206 1749 Theodorum
1233 1693 1411 1747 Cariae
1435 1692 1765 1756 antiStitem,
1791 1692 1887 1761 qui
1919 1693 2023 1745 sub
2049 1689 2251 1745 Basilio
2279 1689 2599 1756 Macedone,
2626 1693 2970 1761 temporibus
2996 1700 3205 1747 octava:
3231 1694 3448 1764 synodi,
3472 1697 3679 1749 doctrina

455 1787 831 1856 nominisque
863 1781 1182 1838 celebritate
1214 1780 1438 1834 claruit.
1468 1778 1534 1832 Et
1563 1793 1685 1833 cum
1716 1794 1745 1832 a
1778 1778 2022 1833 secunda
2048 1777 2259 1848 synodo
2288 1776 2512 1831 Niceena
2545 1792 2693 1832 anno
2726 1776 2939 1831 Domini
2967 1777 3095 1842 787,
3125 1780 3427 1848 celebrata,
3454 1794 3608 1851 usque
3631 1788 3678 1832 ait

470 1886 724 1932 octavam
765 1870 1062 1943 synodum,
1102 1883 1224 1939 quae
1264 1866 1449 1921 habita
1481 1874 1576 1947 ‘est
1616 1881 1763 1921 anno
1803 1864 1930 1928 869,
1970 1864 2099 1918 anni
2142 1863 2424 1933 octoginta
2465 1864 2575 1917 duo
2617 1862 3051 1929 interﬂuxerint,
3090 1863 3338 1923 Joannes
3374 1883 3495 1923 vero
3529 1866 3680 1920 Danu-

477 1976 701 2019 scenus,
729 1967 789 2013 ιιι
816 1957 1097 2028 plerisque
1124 1955 1497 2024 cltronologiie
1529 1969 1636 2008 non
1670 1954 1939 2023 imperitis
1973 1954 2171 2022 placet,
2198 1963 2324 2006 ante
2356 1954 2646 2022 septimam
2682 1953 2957 2022 synodum
2990 1970 3311 2023 supremum
3341 1956 3475 2011 diem
3503 1958 3682 2018 obiutit.

468 2049 807 2103 alterutrum
839 2040 1156 2097 necessario
1186 2040 1543 2094 assercndum
1567 2045 1737 2103 esset,
1761 2045 1854 2091 aut
1877 2038 2187 2093 Abucaram
2217 2038 2386 2113 ferme
2411 2039 2591 2095 adhuc
2617 2055 2846 2109 puerum
2878 2040 3216 2097 Dantasceno
3245 2057 3462 2113 operam
3488 2045 3682 2104 dedisse.

476 2144 572 2189 aut
592 2130 998 2201 octogesimum
1027 2127 1208 2183 astatis
1237 2141 1445 2182 annum
1474 2126 1635 2198 longe
1663 2125 2095 2191 transcendisse,
2125 2106 2348 2199 quan/do
2377 2106 2860 2200 Constantinopoli
2892 2130 3235 2185 mcumenica
3266 2106 3503 2204 synodus
3526 2142 3681 2186 octava

472 2227 669 2277 coacta
701 2217 834 2283 fuit;
870 2215 974 2271 nisi
1008 2218 1133 2285 quis
1163 2215 1485 2271 Damasceni
1517 2216 1677 2269 vitam
1708 2215 1849 2268 ultra
1878 2215 2166 2285 septimam
2200 2217 2479 2288 synodum
2504 2218 2755 2286 proferre
2779 2217 2932 2273 velit.
2961 2215 3023 2270 Et
3052 2217 3171 2271 hrec
3198 2220 3419 2288 quidem
3445 2219 3686 2276 Gretscrus

478 2310 546 2366 ad
580 2310 878 2364 Antonium
910 2305 1220 2371 Velserum,
1256 2322 1378 2375 quae
1419 2315 1526 2358 non
1553 2305 1690 2358 tanti
1733 2304 1866 2358 mihi
1902 2305 2183 2370 videntur,
2218 2313 2278 2358 ιιι
2317 2320 2347 2357 a
2391 2307 2665 2359 sententia
2707 2320 2809 2359 nos
2844 2303 3101 2359 Tttrtiani
3144 2309 3452 2363 retraltant.
3485 2307 3685 2377 Namque

478 2397 824 2454 Theodorum
867 2397 1008 2449 hunc
1042 2396 1347 2447 Abucaram
1387 2409 1494 2445 non
1531 2406 1723 2447 omnes
1760 2392 1981 2448 codices
2016 2390 2375 2462 manuscripti
2421 2388 2629 2445 faciunt
2663 2392 2888 2463 Καρῶν,
2952 2390 3184 2459 Carum,
3228 2394 3558 2465 episcopum,
3597 2400 3688 2450 me

468 2488 675 2548 diaria,
708 2484 801 2539 sed
837 2480 1064 2552 quidam
1100 2480 1174 2535 ita
1209 2479 1465 2539 ell‘erunt,
1501 2479 1721 2547 quidam
1757 2479 2142 2535 immutatione
2174 2494 2285 2553 non
2323 2480 2425 2534 levi
2463 2479 2774 2534 litterarum
2807 2480 3038 2552 Χαρρὰν
3069 2483 3412 2552 exprimunt,
3445 2492 3498 2538 ut
3530 2493 3687 2552 praeter

478 2574 620 2629 alios
648 2571 834 2627 videre
865 2580 949 2625 est
977 2569 1032 2622 in
1068 2567 1259 2622 codice
1281 2565 1547 2621 Vaticano
1582 2564 1713 2630 £92,
1751 2581 1803 2635 p.
1839 2565 1974 2630 195,
2007 2581 2129 2635 qua:
2159 2565 2319 2637 longe
2346 2574 2431 2622 est
2461 2565 2676 2622 diversa
2709 2582 2738 2620 a
2767 2567 2949 2621 Caria.
2980 2567 3044 2620 Et
3075 2571 3510 2639 quamviszetate
3535 2571 3685 2627 Basilii

470 2658 795 2714 inlacedonis
830 2666 880 2711 et
914 2655 1120 2719 Pltotii,
1152 2653 1327 2708 Caria:
1361 2653 1660 2723 episcopus
1692 2654 1861 2706 variis
1895 2653 2208 2724 disciplinis
2243 2656 2573 2720 instructus,
2607 2669 2712 2710 non
2747 2666 2866 2711 erat
2899 2657 3159 2713 Ecclesiae
3191 2660 3426 2725 inutilis,
3458 2678 3555 2717 non
3585 2663 3683 2716 inde

454 2746 945 2814 -tamenseqttitnr
999 2758 1123 2798 eum
1157 2743 1335 2796 solum
1367 2741 1543 2797 fuisse
1573 2741 1882 2796 istiusmodi
1908 2742 2266 2808 conditionis,
2296 2743 2435 2799 alios
2465 2743 2601 2797 nihil
2626 2744 2886 2799 valuisse.
2915 2742 2981 2797 Et
3012 2760 3249 2815 quanam
3284 2750 3487 2803 ratione
3513 2750 3603 2802 isle
3621 2749 3686 2801 rir

458 2847 619 2902 .puer
644 2845 835 2903 sapere
867 2830 1156 2899 potuisset,
1188 2836 1248 2881 tit
1275 2842 1399 2898 quae
1426 2826 1493 2882 de
1522 2829 1692 2882 rebus
1723 2826 2070 2886 difﬁcillimis
2099 2830 2331 2885 dictaret
2364 2831 2761 2897 Darnascenus,
2794 2821 2912 2901 ipse
2945 2834 3153 2903 scripto
3183 2837 3501 2905 exciperet?
3529 2837 3685 2888 Studia

481 2922 577 2974 illa
607 2928 721 2974 tam
756 2921 899 2972 seria
933 2926 1138 2970 statum
1171 2915 1359 2979 alium,
1388 2922 1443 2968 et
1473 2913 1788 2969 solidiorem
1820 2916 2018 2971 mentis
2049 2916 2359 2971 ﬁrmitatem
2393 2926 2721 2987 exposcunt.
2748 2918 2972 2972 Certum
3004 2920 3149 2973 enim
3185 2928 3274 2974 est
3309 2923 3445 2991 apud
3477 2932 3685 2976 sensstos

477 3008 664 3070 siros,
706 3006 978 3076 planeque
1020 3017 1083 3056 ex
1131 3001 1374 3055 concilio
1417 3002 1654 3071 septimo
1694 3010 1942 3067 constat,
1990 3002 2385 3059 Damascennm
2430 3015 2555 3058 ante
2595 3005 2932 3060 celebratum
2981 3007 3113 3060 illud
3156 3011 3452 3063 concilium
3494 3024 3686 3065 mortem

478 3094 708 3149 abiisse.
743 3090 848 3147 Sed
885 3090 1148 3165 quoniam
1186 3089 1299 3143 haec
1334 3089 1629 3143 minutiora
1665 3104 1772 3144 non
1805 3092 2011 3145 nemini
2047 3091 2215 3145 videri
2252 3099 2505 3160 possunt,
2536 3092 2664 3161 quis
2695 3093 2777 3146 vel
2812 3108 3003 3162 parum
3038 3109 3209 3149 sanus
3243 3099 3533 3165 negaverit,
3566 3096 3687 3149 Abu-

467 3197 667 3237 acarant
710 3181 855 3234 hunc
886 3163 1240 3231 Theodoreti]
1288 3191 1395 3228 una
1439 3176 1601 3229 simul
1648 3175 1903 3233 ﬂoruisse
1945 3193 2072 3233 cum
2105 3176 2317 3232 Tltonta
2361 3177 2885 3249 liicrosolymitano,
2925 3180 3018 3250 qui
3062 3181 3226 3249 paulo
3272 3163 3397 3253 post
3441 3183 3686 3254 septinnnn

478 3269 775 3323 concilium
818 3267 892 3320 illi
936 3263 1194 3319 Ecclesiae
1233 3262 1491 3334 prefuit?
1522 3263 1693 3332 quue
1732 3281 1796 3319 ex
1838 3265 1974 3336 ipsis
2008 3268 2291 3335 opusculis
2327 3280 2356 3315 a
2398 3264 2662 3320 Gretsero
2704 3266 3003 3336 publicatis
3042 3267 3274 3323 addisco
3310 3269 3685 3324 et'idetttissittlt'.

476 3355 678 3423 Quarti
702 3354 856 3409 enim
890 3351 1088 3406 titulus
1122 3353 1196 3405 ita
1231 3366 1292 3406 se
1327 3350 1489 3405 habet
1522 3350 1578 3405 in
1611 3350 1803 3405 codice
1836 3366 1957 3407 meo
1990 3371 2004 3407 :
2035 3352 2057 3405 ’l

2107 3351 2323 3420 πιστολὴ
2359 3352 2695 3422 περιέχουσα
2726 3354 2826 3423 τὴν
2855 3351 3026 3424 ὀρθὴν
3058 3356 3156 3407 καὶ
3190 3355 3495 3427 ἀμώμητον
3525 3356 3688 3418 πίστιν,

481 3440 795 3512 πεμφθεῖσα
828 3438 980 3509 παρὰ
1013 3437 1108 3492 τοῦ
1145 3437 1566 3508 μακαριωτάτου
1601 3438 1759 3491 πάπα
1792 3437 1965 3508 Θωμᾶ
1999 3439 2343 3510 πατριάρχου
2371 3440 2763 3512 Ἰεροσολύμων
2804 3443 2939 3512 πρὸς
2974 3444 3104 3507 τοὺς
3141 3446 3289 3498 κατὰ
3322 3447 3421 3517 τὴν
3448 3443 3692 3515 Ἀρμενίαν

484 3528 892 3603 αἱρετνιζοντας,
925 3525 1205 3597 Ἀραὸιστὶ
1230 3526 1329 3592 μὶν
1365 3524 1471 3577 ὑπὸ
1510 3524 1787 3596 Θεοδώρου
1821 3525 1917 3579 τοῦ
1953 3526 2181 3597 ἐπίκλην
2208 3528 2521 3600 Ἀϐουκαρᾶ
2551 3527 2645 3582 τοῦ
2685 3529 2888 3598 Καρῶν
2918 3530 3224 3583 ἐπισκόπου
3267 3530 3693 3603 ὑπαγορευοεῖσα.

480 3619 573 3672 διὰ
599 3618 657 3670 δὲ
685 3616 910 3686 Μιχαὴλ
939 3613 1074 3684 ἐμοῦ
1101 3612 1197 3666 τοῦ
1227 3611 1512 3682 ἐλαχίστου
1542 3611 1916 3684 πρεσϐυτέρου
1945 3614 2039 3667 καὶ
2068 3615 2367 3683 συγκέλλου
2395 3617 2491 3669 τοῦ
2523 3615 2888 3670 ἀποστολικοῦ
2920 3616 3116 3689 θρόνου
3147 3620 3531 3691 Ἱεροσολύμων
3557 3635 3693 3689 μετα-

485 3704 810 3776 φρασθείσα,
844 3701 963 3771 μεθ’
980 3694 1042 3754 οὗ
1072 3699 1167 3752 καὶ
1194 3699 1555 3753 ἀπέσταλται.
1584 3698 1829 3767 Epistola
1860 3702 2066 3755 contine

2112 3717 2131 3755 ε
2160 3704 2318 3771 ﬁdem
2349 3713 2546 3756 rectam
2577 3712 2734 3773 atque
2766 3704 3135 3774 inculpatam,
3168 3707 3345 3761 missa
3372 3724 3407 3760 α
3435 3705 3693 3761 beatissimo

488 3794 531 3848 Τ
534 3795 692 3847 homo
730 3791 1041 3859 patriarcha
1079 3785 1572 3857 Hierosolymitano
1609 3788 1681 3840 ad
1719 3785 2011 3843 ereticos
2049 3789 2103 3841 in
2137 3790 2470 3855 Armeniam,
2506 3788 2735 3844 Arabica
2773 3790 2982 3845 dictata
3019 3808 3052 3845 a
3090 3792 3371 3848 Theodoro
3407 3801 3696 3864 cognomento

484 3881 731 3933 Abucara
761 3876 1000 3945 episcopo
1032 3874 1299 3929 Carorum
1318 3913 1333 3938 ,
1364 3882 1417 3928 et
1452 3891 1487 3928 a
1520 3890 1601 3928 me
1634 3876 1852 3928 minimo
1881 3875 2186 3945 presbytero
2216 3876 2477 3932 Micltaele
2507 3888 2558 3932 et
2587 3880 2826 3949 syncello
2857 3879 3114 3949 Ecclesia:
3147 3880 3632 3953 Hierosolymitana:
3654 3881 3695 3930 in

486 3963 730 4020 Crtecum
760 3978 1051 4018 sermonem
1079 3961 1371 4024 translata,
1397 3977 1495 4031 per
1518 3978 1672 4031 quem
1696 3972 1749 4017 et
1776 3956 1944 4017 missa
1973 3973 2072 4017 est.
2095 3962 2152 4018 Si
2184 3964 2288 4019 sub
2308 3963 2519 4019 'l‘ltoma
2545 3965 2658 4034 jam
2690 3965 2970 4035 perfectus
2998 3977 3181 4032 astate,
3210 3977 3274 4022 ut
3300 3969 3594 4025 verosimilc
3612 3977 3698 4025 εει.

485 4060 543 4108 et
569 4051 851 4121 conspicui
884 4050 1127 4105 nominis
1160 4049 1357 4104 doctor
1384 4050 1643 4119 dogmata
1672 4050 1947 4105 catholica
1975 4050 2249 4106 haereticis
2277 4050 2502 4120 pandit,
2530 4066 2653 4120 quae
2684 4053 2820 4105 tanti
2850 4053 3225 4119 aestimantur,
3264 4063 3323 4108 ut
3354 4056 3409 4108 in
3438 4056 3564 4107 alias
3588 4066 3697 4120 quo-

488 4155 596 4211 que
633 4154 789 4195 versa
815 4138 1041 4209 linguas
1082 4135 1310 4206 legenda
1349 4136 1472 4202 aliis
1511 4147 1677 4206 atque
1713 4139 1837 4193 aliis
1873 4137 2341 4205 transmittantur,
2378 4153 2486 4209 qna
2529 4141 2743 4195 ratione
2780 4141 2895 4196 sub
2926 4141 3307 4198 Constantino
3343 4145 3517 4199 adhuc
3548 4151 3696 4211 vegeta

487 4236 649 4282 aetate
684 4226 885 4281 ﬂorere
925 4224 1036 4279 dici
1084 4222 1320 4293 poterit?
1361 4222 1518 4276 Adde
1563 4223 1619 4275 i'n
1664 4238 1787 4278 meo
1829 4228 2205 4297 manuscripto
2247 4228 2419 4283 multa
2463 4229 2518 4282 in
2570 4230 2822 4298 margine
2869 4229 3135 4284 adnotata
3179 4246 3310 4287 esse
3354 4232 3571 4294 scholia,
3604 4242 3697 4296 qua

490 4326 770 4371 auctorem
802 4329 916 4384 pra:
934 4328 996 4369 se
1022 4311 1206 4367 ferunt
1235 4311 1697 4381 Aretham,qnem
1726 4314 1989 4382 aequalem
2003 4315 2173 4385 aliqui
2204 4312 2401 4371 Pltotio
2430 4314 2659 4370 faciunt.
2686 4314 2834 4372 Hinc
2864 4320 3254 4386 argumentari
3285 4320 3415 4374 licet
3436 4321 3697 4373 Aliucaraut

488 4420 615 4461 esse
658 4403 1054 4472 antiquiorem.
1104 4399 1289 4464 Quare
1341 4400 1617 4453 assentior
1661 4398 1972 4467 anriano,
2022 4404 2215 4463 iisdem
2265 4418 2393 4458 cum
2447 4401 2789 4459 Damasceno
2835 4405 3182 4475 temporibus
3233 4409 3383 4462 hunc
3430 4408 3697 4462 Abucaranl

488 4492 719 4558 vixisse,
752 4500 807 4545 ot
840 4489 911 4545 ab
945 4502 1010 4542 eo
1046 4489 1221 4541 multa
1257 4486 1367 4541 sibi
1404 4486 1679 4543 transisse.

559 4578 738 4649 lltijus
780 4577 1047 4647 opuscula
1080 4588 1271 4630 contra
1326 4574 1516 4629 varios
1558 4575 1808 4631 inﬁdeles
1836 4576 2068 4642 Arabas,
2108 4580 2414 4649 Agarenos,
2478 4578 2806 4645 Tritltcitas,
2852 4580 3330 4653 TheOpaschitas,
3363 4582 3698 4640 Nestorianos.

488 4667 792 4732 Jacobitas,
852 4661 1291 4733 Menophysitas,
1343 4660 1589 4726 δυάδος,
1621 4678 1724 4719 nec
1754 4678 1866 4718 non
1897 4663 2264 4736 Origenistas,
2296 4669 2701 4738 interpretibus
2732 4668 3034 4726 Francist-o
3091 4670 3398 4738 Turriano,
3451 4681 3504 4726 et
3533 4668 3701 4724 Jacobo

491 4755 779 4817 Gretser‘o,
804 4750 997 4825 Greece
1029 4758 1085 4807 et
1115 4750 1313 4806 Latine
1343 4749 1669 4820 lngolstadii
1702 4752 1853 4806 edita
1885 4763 2037 4820 sunt,
2069 4769 2133 4808 cx
2178 4756 2550 4826 typograpltia.
2583 4757 2785 4811 Adami
2815 4758 3053 4814 Sertorii
3086 4774 3238 4815 anno
3275 4759 3444 4825 1606,
3475 4767 3529 4813 et
3570 4766 3700 4810 antea

491 4845 648 4900 edita
705 4842 926 4897 fuerant
979 4841 1035 4895 in
1087 4838 1422 4894 Bibliotheca
1463 4847 1695 4894 veterum
1743 4839 1973 4895 Patrum
2002 4844 2258 4899 secundae
2295 4841 2558 4901 editionis
2585 4851 2737 4898 torno
2775 4843 2863 4909 IV,
2917 4844 3221 4902 Latinitate
3252 4846 3460 4902 donata
3493 4861 3522 4899 a
3556 4844 3701 4899 Gene-

490 4930 717 4995 brardo,
748 4928 1068 5001 passimque
1104 4928 1491 4997 manuscripto
1536 4927 1898 4982 inveniuntur
1926 4930 1987 4983 in
2012 4931 2364 4986 bibliothecis
2396 4932 2624 4998 Italicis,
2655 4948 2718 4987 ex
2761 4934 2968 5003 quibus
2998 4947 3230 5005 possent
3257 4937 3352 4991 edi
3403 4939 3702 4992 correction

493 5032 661 5089 atqtte
690 5017 967 5082 auctiora,
995 5023 1051 5071 et
1103 5014 1458 5086 potissimum
1498 5030 1565 5069 ex
1612 5031 1737 5071 meo
1760 5018 1971 5073 codice.
2024 5017 2083 5071 ln
2117 5018 2452 5074 bibliotheca
2498 5018 2765 5074 Bavarica
2808 5038 2963 5077 num.
3013 5024 3101 5087 l6,
3138 5034 3446 5079 notantur:
3486 5019 3705 5077 Theodori

493 5109 724 5177 episcopi
755 5107 934 5162 Cariae
985 5104 1627 5176 cognomentoAbucarre
1672 5104 1960 5177 Dialogus.
1992 5122 2095 5173 quo
2125 5106 2452 5159 demonstrat
2494 5122 2614 5160 esse
2663 5105 2852 5161 Deum.
2888 5107 3149 5177 Ejusdem
3177 5112 3243 5165 de
3282 5113 3450 5164 variis
3484 5109 3705 5178 capitibus

495 5199 829 5266 Qua-stiones
861 5205 910 5249 et
948 5193 1362 5260 Responsiones.
1418 5191 1668 5261 Epistula
1700 5193 1915 5249 Thamar
1955 5194 2275 5262 patriarcha:
2315 5194 2793 5263 Hierosolymitani
2833 5196 2903 5248 ad
2931 5198 3192 5252 Armenos
3225 5198 3522 5253 hereticos.
3557 5195 3705 5249 Colle—

495 5299 683 5341 clanea
715 5283 979 5339 Theodori
1011 5283 1246 5352 episcopi
1269 5278 1443 5336 Curia:
1470 5282 1732 5336 denariis
1765 5283 2028 5349 capitibus
2059 5291 2243 5335 contra
2271 5276 2606 5340 Seuerianos.
2643 5290 2695 5334 et
2741 5282 3054 5350 Aeepltalos,
3087 5295 3137 5339 et
3175 5297 3364 5340 contra
3399 5282 3703 5338 Hanicltoos.

496 5373 564 5427 Et
597 5370 721 5428 cod.
757 5371 884 5425 175.
926 5369 1193 5425 Theodori
1226 5368 1459 5438 episcopi
1485 5366 1663 5422 Cariie
1692 5379 2039 5439 cognomento
2080 5368 2342 5423 Abueara:
2383 5367 2665 5435 opuscula,
2704 5370 2770 5423 de
2803 5370 2900 5424 Dei
2924 5372 3251 5427 nominibus.
3293 5374 3516 5428 Patrem
3540 5381 3706 5436 semper

496 5475 773 5531 generare,
809 5457 1014 5512 Filium
1042 5471 1245 5525 semper
1275 5460 1537 5526 generari.
1582 5456 1843 5527 Dialogus
1874 5474 1996 5511 cum
2046 5455 2414 5511 Nestorianis.
2449 5456 2710 5527 Dialogus
2758 5474 2878 5512 cum
2916 5458 3193 5517 Jacobita.
3241 5462 3381 5528 Qui:
3408 5464 3481 5517 sit
3518 5458 3706 5514 atatim

497 5550 713 5619 propria
752 5548 1078 5618 (li/ferentia.
1127 5545 1202 5600 De
1251 5555 1505 5616 tempore.
1550 5546 1735 5601 Brevis
1788 5547 2037 5601 doctrina
2078 5546 2144 5599 de
2179 5545 2373 5603 divinis
2413 5544 2737 5609 nominibus,
2771 5562 2893 5600 cum
2924 5550 3026 5602 toti
3057 5548 3318 5604 Triuitati
3340 5548 3702 5603 communibus.

501 5646 612 5688 tum
642 5636 874 5702 propriis
910 5635 1248 5704 singularum
1298 5649 1669 5703 personarum.
1704 5633 2040 5700 Quwstiones
2085 5632 2516 5703 Origenistarum
2562 5633 2871 5701 propositw,
2921 5652 3211 5709 carumque
3249 5637 3561 5693 solutiones.
3588 5630 3706 5685 Elii

504 5719 835 5776 bibliotheca
886 5720 1054 5793 Regia
1108 5720 1375 5789 Scoriari,
1428 5728 1486 5775 ut
1535 5729 1691 5776 notat
1731 5722 1902 5777 inde:
1952 5736 2058 5778 ms.
2106 5720 2368 5778 Theodori
2417 5718 2683 5776 Λύδδαν-ω
2728 5721 3000 5782 Coriensis
3049 5727 3298 5797 episcopi,
3339 5728 3406 5781 de
3442 5722 3704 5782 nominibus
