4004 6150
473 233 615 299 1463

1703 231 2097 292 THEODORI
2137 232 2510 294 ABUCARE

3589 232 3694 300 ιιδι

474 350 673 411 Adam,
705 358 855 398 tnors
903 342 1148 412 ingressa
1186 348 1272 395 est
1322 338 1378 395 in
1432 338 1721 405 mundum,
1757 348 1813 394 et
1864 341 1941 394 ita
1993 340 2048 395 in

2167 338 2362 410 Ἀδὰμ,
2387 338 2417 390 6
2439 339 2670 402 θάνατος
2693 335 2948 408 είσῆλθεν
2965 337 3044 398 είς
3068 334 3156 389 τὸν
3185 334 3420 406 κόσμον,
3451 338 3540 392 καὶ
3556 340 3693 407 οὕτως

474 453 672 497 omnes
732 435 988 489 homines
1039 433 1323 503 pervasit;
1385 431 1468 487 sic
1526 446 1624 501 per
1681 431 2053 487 obedientiam

477 534 645 587 unius
678 529 921 585 hominis
956 526 1186 583 secundi
1222 526 1417 590 Adam,
1457 524 1689 590 Christi,
1718 526 1872 595 juste
1906 541 2057 581 mors

475 622 828 685 destruetur;
887 624 943 671 et
999 615 1106 670 vita
1165 615 1552 670 introducetur
1585 626 1631 667 ε.

550 794 610 854 Β.
649 795 791 847 Ante
816 793 1099 847 Christum
1144 793 1312 861 igitur
1341 792 1648 859 Abraham,
1687 801 1741 847 et
1776 794 1954 855 Isaac,
2002 800 2057 846 et

476 884 668 949 Jacob,
706 883 942 955 Moyses,
987 893 1042 940 et
1088 884 1300 948 Enoch,
1352 891 1409 939 et
1444 882 1579 951 Noe,
1618 899 1802 939 nonne
1831 883 2058 939 obedie-

477 986 609 1033 rnnt
646 976 779 1043 Deo,
814 984 870 1032 et
902 976 951 1030 ei
990 976 1372 1046 placuerunt?

547 1095 612 1146 A.
654 1091 774 1147 Etsi
824 1092 1109 1161 placuisse
1165 1092 1275 1145 Deo
1303 1091 1587 1152 dicuntur,
1622 1089 1706 1143 sic
1760 1098 1968 1152 tamen,
2008 1090 2053 1142 si

476 1203 604 1240 cum
621 1186 853 1256 reliquis
879 1185 1193 1239 hominibus
1216 1183 1609 1249 conferantur;
1640 1181 1880 1252 perfecte
1903 1196 2052 1245 vero,

477 1287 532 1333 et
579 1277 805 1332 omnino
870 1277 1078 1346 peccati
1138 1290 1333 1344 expers
1392 1288 1575 1339 nemo,
1635 1284 1835 1343 praeter
1893 1270 2059 1326 Chri-

479 1377 651 1423 stum.
686 1368 858 1423 Omne
908 1375 1091 1421 autem
1129 1377 1413 1435 peccatum
1442 1405 1457 1428 ,
1516 1365 1885 1435 quodcunque
1946 1363 2054 1426 sit,

476 1468 712 1515 mortem
749 1459 987 1514 inducit.
1017 1458 1175 1524 Quod
1209 1458 1376 1529 igitur
1409 1457 1475 1513 ad
1512 1457 1787 1511 rationem
1821 1456 2058 1526 justitiae

477 1554 695 1618 attinet,
732 1568 801 1608 ex
832 1568 942 1622 quo
968 1551 1225 1606 obedivit.
1250 1550 1509 1606 Christus
1552 1564 1768 1605 summa
1805 1548 1899 1602 illa
1924 1549 2057 1602 ohe-

2157 430 2240 493 είς
2294 428 2505 493 πάντας
2555 428 2882 499 ἀνθρώπους
2924 426 3101 497 διέϐη,
3151 428 3331 491 οὕτως
3362 429 3457 482 καὶ⁵
3500 430 3581 484 διὰ
3618 433 3693 503 τῆς

2157 522 2413 591 ὑπακοῆς
2445 521 2541 574 τοῦ
2584 521 2701 585 ἐνὸς
2739 518 3031 592 ἀνθρώπου
3072 520 3336 591 δευτέρου
3379 522 3691 597 ’Δδὲμ,Χρι.

2159 614 2310 682 στοῢ,
2335 615 2365 666 6
2408 613 2642 676 θάνατος
2702 613 2942 681 εὐλόγως
3006 613 3524 685 καταργηθήσεται,
3556 621 3634 670 καὶ
3668 624 3691 688 ἡ

2159 704 2272 774 ζωὴ
2298 702 2628 774 ἀντεισαχθή
2640 721 2815 758 σεται.

2228 796 2289 849 Β.
2322 795 2439 867 Πρὸ
2484 796 2580 850 οὖν
2632 795 2728 848 τοῦ
2785 796 3027 866 Χριστοῦ
3062 797 3359 867 Ἀϐραὰμ,
3397 798 3490 851 καὶ
3530 799 3689 864 Ἰσαὰκ,

2158 888 2254 941 καὶ
2287 886 2508 953 Ἰακὼϐ,
2567 890 2660 942 καὶ
2693 889 2922 957 Μωσῆς,
2946 891 3043 942 καὶ
3076 889 3272 961 Ἑνὼχ,
3305 892 3404 961 οὐχ
3427 892 3690 963 ὑπήκουσαν

2157 980 2261 1034 τοῦ
2281 981 2440 1047 Θεοῦ,
2472 982 2568 1035 καὶ
2604 983 2987 1052 εὐηρέστησαν
3024 982 3205 1047 αὐτῶ;

2228 1097 2294 1148 A.
2326 1094 2388 1148 El
2420 1094 2517 1149 καὶ
2562 1094 2997 1165 εὑηρεστηκέναι
3023 1094 3102 1162 τῷ
3129 1094 3253 1165 Θεῷ
3288 1095 3552 1163 λέγονται,
3588 1097 3690 1152 ἀλλὰ

2160 1186 2297 1256 πρὸς
2338 1185 2631 1254 σύγκρισιν
2672 1186 2781 1239 τῶν
2820 1185 3024 1240 λοιπῶν
3061 1185 3405 1256 ἀνθρώπων·
3432 1189 3601 1256 ἄκρως
3628 1188 3687 1249 δὲ.

2161 1278 2254 1331 καὶ
2291 1277 2352 1330 τὸ
2401 1279 2666 1348 παράπαν
2701 1278 2978 1348 ἁμαρτίας
3008 1278 3281 1346 ἄγευστος
3311 1278 3485 1342 οὐδεὶς
3513 1281 3557 1331 εἰ
3592 1277 3691 1349 μὴὸ

2158 1369 2416 1439 Χριστός.
2450 1371 2623 1424 Πᾶσαο
2643 1370 2700 1424 δὲ
2720 1371 2993 1441 ἁμαρτία,
3016 1373 3114 1425 καὶ
3145 1374 3180 1442 ὴ
3214 1371 3475 1442 τυχοῦσα,
3506 1372 3690 1425 θάνατον

2159 1462 2505 1531 ἐπιφέρεται.
2534 1462 2701 1516 Ὅσον
2730 1459 2822 1517 οὖν
2854 1462 2997 1517 κατὰ
3031 1463 3124 1519 τὸν
3170 1465 3270 1518 τοῦ
3300 1465 3507 1517 δικαίου
3536 1463 3688 1533 λόγον,

2158 1555 2252 1624 ἀφ’
2280 1550 2340 1609 οὐ
2363 1556 2675 1626 ὑπήκουσεν
2694 1556 2722 1608 6
2748 1556 2986 1627 Χριστὸς
3014 1558 3196 1627 ἄκραν
3225 1558 3495 1627 ὑπακοὴν,
3512 1559 3691 1620 καὶτὰς

474 1645 707 1709 dientia,
732 1655 787 1699 et
820 1645 1157 1698 tentationes
1182 1643 1387 1697 diaboli
1407 1651 1638 1697 cunctas
1662 1642 1754 1695 illa
1789 1642 1842 1694 in
1867 1653 2056 1695 eremo

2159 1647 2254 1700 τοῦ
2297 1646 2547 1701 διαϐόλου
2584 1647 2893 1719 προσϐολὰς
2934 1650 3329 1720 ἀπεκρούσατο
3372 1651 3542 1714 πάσας
3581 1652 3689 1705 κατὰ
3760 1708 3767 1716 ,

474 1737 783 1791 luctatione
816 1737 1039 1805 repulit,
1072 1745 1307 1789 mortem
1356 1733 1641 1796 dissolvit,
1670 1743 1726 1788 et
1756 1733 1924 1787 vitam
1960 1747 2056 1799 per

2159 1740 2258 1811 τὴν
2315 1743 2374 1794 ὲν
2408 1743 2475 1812 τῇ
2531 1741 2725 1811 ἐρήμῳ
2775 1741 2975 1812 πάλην,
3006 1742 3099 1795 τὸν
3148 1741 3383 1795 θάνατον
3411 1743 3594 1806 ἔλυσεν,
3617 1747 3686 1797 καὶ

473 1830 759 1898 prepriam
797 1828 1175 1882 obedientiam
1207 1827 1452 1880 induxit.

547 1920 611 1972 Β.
660 1919 804 1985 Quid
858 1919 1026 1987 igitur
1058 1907 1200 1987 opus
1249 1917 1354 1970 fuit
1393 1925 1572 1971 morte
1608 1916 1662 1970 in
1695 1930 1883 1979 cruce,
1933 1921 2057 1983 post

475 2010 713 2064 deletam
749 2010 1167 2079 damnationem
1196 2009 1439 2064 mortis?

546 2121 714 2193 358
734 2122 799 2175 A.
822 2122 891 2175 At
913 2121 1238 2176 remanebat
1258 2120 1461 2175 diaboli
1493 2121 1547 2175 in
1580 2136 1683 2176 nos
1713 2121 2055 2175 criminatio.

473 2217 558 2268 An
582 2217 829 2284 ignoras,
858 2214 1033 2267 factos
1063 2228 1164 2267 nos
1189 2212 1362 2267 fuisse
1388 2213 1536 2268 illius
1558 2228 1772 2278 servos,
1793 2228 1920 2267 cum
1946 2212 2057 2267 Deo

474 2322 588 2360 non
622 2306 929 2374 paruimus,
962 2312 1017 2357 et
1064 2304 1287 2359 diabolo
1327 2306 1652 2375 paruimus?
1679 2306 1823 2372 Quid
1856 2292 2054 2376 igitur,

476 2398 636 2460 cedo,
672 2406 894 2452 curaret
942 2397 1084 2467 ipse,
1119 2396 1267 2467 quod
1327 2411 1482 2453 mors
1531 2413 1726 2453 eversa
1781 2408 1952 2462 esset,
2009 2398 2061 2452 si

473 2492 658 2561 ipsius
733 2493 986 2561 tyrannis
1053 2501 1109 2545 et
1160 2498 1411 2562 potestas
1484 2491 1854 2547 remanebat?
1936 2494 2048 2545 imo

473 2584 653 2654 magis
690 2582 944 2638 fortassis
979 2583 1171 2639 lattitia
1219 2585 1579 2647 exsultasset,
1636 2597 1901 2654 tanquam
1957 2598 2055 2637 rex

475 2682 627 2731 esset
662 2676 732 2728 im
743 2675 1079 2729 mortalium.

547 2766 610 2820 Β.
645 2765 824 2837 Rogo,
855 2777 914 2820 ut
939 2767 1163 2831 doceas,
1195 2768 1475 2834 quomodo
1505 2765 1635 2821 facti
1665 2766 1874 2828 fuimus
1910 2765 2057 2822 servi

476 2860 703 2916 diaboli.

549 2977 615 3028 A.
649 2975 796 3028 Deus
852 2990 878 3026 a
933 2973 1230 3043 principio,
1264 2989 1387 3027 cum
1449 2974 1726 3028 hominem
1788 2973 1969 3036 finxit,
2002 2980 2050 3029 el

476 3066 674 3120 fortem
708 3076 761 3118 et
789 3066 1056 3119 invictum
1090 3065 1237 3120 fecit.
1272 3058 1458 3132 Quare
1496 3066 1754 3120 diabolus
1787 3081 1911 3119 cum
1948 3080 2055 3118 non

478 3171 669 3232 posset
701 3163 818 3217 suis
853 3162 1007 3216 illum
1061 3162 1271 3216 viribus
1323 3176 1613 3231 superare,
1662 3173 1920 3230 essetque
1967 3176 2060 3216 sa-

476 3254 636 3323 piens
671 3253 740 3308 ad
778 3254 1114 3317 nocendum,
1145 3254 1418 3307 fallaciam
1456 3253 1534 3305 illi
1571 3252 1923 3306 machinatus
1950 3261 2056 3313 est.

481 3360 775 3414 quousque
822 3360 926 3415 per
952 3344 1323 3400 obedientiam
1379 3344 1747 3399 voluntariam
1780 3344 2061 3412 voluptate

481 3438 797 3501 delinit‘um,
834 3437 1068 3492 nudavit
1098 3453 1224 3492 eum
1260 3438 1456 3506 gratia,
1494 3452 1617 3505 quae
1650 3435 1848 3491 fortem
1902 3435 2059 3489 illunt

480 3530 765 3585 reddebat.
797 3531 979 3600 Atque
1023 3530 1099 3584 ita
1141 3529 1446 3582 debilitatis
1483 3528 1692 3582 viribus
1733 3528 1897 3581 facile
1933 3543 2058 3581 eum

482 3623 784 3691 superarit,
820 3631 875 3676 et
904 3624 959 3675 in
992 3635 1209 3674 omnem
1246 3621 1611 3688 voluptatem,
1640 3626 1694 3672 et
1744 3628 2057 3687 peccatum,

481 3720 536 3765 et
566 3711 899 3766 obedientia:
933 3710 1215 3778 repulsam
1247 3724 1356 3763 una
1390 3724 1516 3763 cum
1548 3709 1789 3778 posteris
1820 3709 2060 3765 suis'in-

482 3802 664 3857 duxit.
712 3801 923 3857 Deinde
978 3801 1124 3857 Deus
1168 3817 1332 3863 eum,
1383 3803 1477 3872 qni
1525 3802 1842 3871 mandatum
1897 3819 2060 3858 suum

483 3894 915 3964 improbavcrat,
948 3901 1002 3949 et
1036 3894 1327 3963 reiecerat,
1361 3902 1416 3948 et
1444 3893 1512 3947 ad
1540 3894 1827 3948 inimicum
1864 3910 2063 3950 accur-

483 3997 633 4043 rcrat
693 3990 858 4058 eique
907 3987 1213 4050 obedierat,
1268 3988 1418 4059 juste
1472 3989 1724 4058 permisit
1772 3988 2064 4061 tyrannide

482 4082 605 4149 ejus
636 4079 895 4150 opprimi.
958 4098 977 4130 ι
1010 4077 1112 4134 Cui
1147 4078 1294 4133 enim
1345 4078 1472 4147 quis
1520 4078 1730 4141 obetlit,
1782 4079 1948 4149 hujus
2001 4095 2064 4134 se

484 4189 707 4229 servum
741 4172 893 4235 facit,
943 4172 1125 4241 inquit
1182 4173 1507 4241 Apostolus,
1542 4173 1685 4227 servi
1730 4173 1877 4226 enim
1929 4175 2064 4227 estis

482 4268 630 4333 eius,
664 4266 754 4319 cui
788 4265 1027 4319 obeditis
1052 4262 1103 4318 δ.
1140 4282 1158 4314 ι
1200 4261 1461 4318 Vendidit
1497 4280 1629 4334 ergo
1655 4280 1713 4318 se
1747 4265 1935 4329 homo,
1968 4264 2063 4328 qui

483 4359 627 4449 liPer
659 4366 798 4423 erat,
825 4356 1101 4425 voluptati
1135 4365 1189 4410 et
1219 4355 1466 4409 inimico.

557 4538 617 4592 Β.
652 4539 717 4591 Et
746 4538 1023 4605 quomodo
1054 4546 1181 4608 post
1212 4546 1500 4606 peccatum
1538 4550 1644 4588 non
1682 4534 1862 4602 potuit
1898 4534 2066 4587 homo
2103 4604 2109 4610 _

487 4648 587 4702 per
617 4631 1000 4699 paenitentiam
1028 4642 1292 4683 revocare
1318 4626 1561 4696 seipsqu
1591 4665 1605 4687 ,
1633 4632 1687 4678 et
1722 4624 1917 4694 jugum
1947 4625 2068 4678 dia-

488 4725 597 4779 holi
631 4721 941 4778 excutere?
1151 4763 1153 4765 .
1990 4716 1995 4719 '

559 4837 625 4888 A.
662 4835 934 4899 Quoniam
968 4831 1208 4886 vendere
1235 4844 1336 4883 nos
1367 4829 1540 4897 ipsos,
1579 4843 1748 4895 penes
1788 4842 1892 4882 nos
1939 4837 2066 4894 est;

488 4939 614 4996 post
644 4926 1023 4983 venditionem
1064 4939 1195 4978 vero
1251 4931 1307 4976 et
1341 4921 1688 4985 servitutem,
1723 4930 1782 4975 ut
1816 4936 1917 4977 nos
1964 4921 2066 4989 ipsi

488 5026 811 5081 liberemus,
848 5034 954 5072 non
987 5026 1074 5074 est
1102 5017 1156 5070 in
1185 5024 1373 5069 nostra
1406 5022 1704 5084 potestate,
1742 5022 1796 5065 et
1837 5029 1945 5065 non
1983 5012 2070 5067 di-

491 5119 673 5172 cimus
706 5116 787 5169 sic
808 5113 1019 5166 factum
1046 5125 1171 5165 esse
1184 5108 1467 5163 diabolum
1487 5113 1739 5160 nostrum
1760 5105 2066 5167 dominum,

491 5220 549 5263 ut
582 5223 685 5264 nos
726 5207 947 5277 penitus
984 5220 1080 5275 per
1105 5204 1214 5257 vim
1252 5209 1476 5264 teneat;
1510 5200 1605 5254 Sed
1636 5197 1780 5267 quod
1819 5213 1912 5265 per
1941 5212 2071 5266 pec-

490 5310 675 5358 eatum
701 5299 999 5361 debilitati,
1015 5296 1276 5365 deinceps
1297 5301 1561 5361 tanquam
1580 5287 1963 5344 valetudinarii
1990 5286 2071 5339 fa-

491 5400 626 5454 ciles
653 5396 781 5453 facti
819 5411 1012 5451 sumus
1043 5392 1262 5448 diabolo
1291 5390 1358 5445 ad
1394 5387 1721 5458 capiendum
1757 5401 1882 5451 nos,
1917 5386 2069 5439 nullo

494 5491 734 5562 negotio,
765 5498 820 5545 et
844 5488 1006 5544 facile
1041 5487 1094 5543 in
1130 5492 1355 5558 peccata
1390 5482 1512 5542 eius
1538 5490 1587 5535 et
1618 5481 1932 5548 voluptates
1965 5479 2065 5533 ad-

605 5676 630 5705 ε
664 5665 827 5721 Rom.
856 5683 910 5735 ν,
942 5668 1120 5735 1⁸231.
1199 5664 1225 5705 ά
1261 5664 1417 5720 liam.
1454 5679 1526 5730 vt,
1570 5662 1665 5728 lG;
1706 5678 1740 5715 ιι
1777 5660 1926 5716 Petr.
1961 5674 2023 5724 ιι,
2066 5656 2147 5712 19.

2154 1834 2256 1902 τὴν
2290 1833 2436 1903 ζωὴν
2465 1821 2551 1887 διὰ
2587 1834 2685 1902 τῆς
2719 1833 2857 1896 ἰδίας
2891 1835 3144 1903 ὑπακοῆς
3179 1836 3579 1903 ἀντεισήγαγεν.

2230 1922 2290 1976 ll.
2313 1921 2410 1985 Τίς
2427 1919 2522 1975 οὖν
2561 1921 2641 1974 ἔτι
2669 1917 2738 1991 ἦν
2767 1921 2927 1992 χρεία
2960 1922 3056 1975 τοῦ
3079 1923 3171 1976 διὰ
3203 1924 3439 1994 σταυροῦ
3468 1923 3680 1987 θανάτου,

2156 2013 2463 2085 λελυμένης
2494 2015 2593 2084 τῆς
2618 2013 2715 2067 τοῦ
2750 2013 2984 2068 Θανάτου
3018 2016 3410 2086 κατακρίσεως
3441 2033 3457 2081 ;

2229 2128 2293 2183 Α.
2326 2127 2478 2181 ”Αλλ’
2509 2127 2703 2197 ἔμενεν
2742 2128 2810 2180 ἂν
2838 2126 2935 2180 τοῦ
2965 2128 3218 2182 διαϐόλου
3248 2130 3312 2183 τὸ
3336 2128 3570 2199 ἔγκλημα
3593 2127 3683 2181 καθ’

2157 2219 2337 2290 ἡμῶν.
2369 2221 2439 2273 Ἢ
2492 2219 2593 2272 οὐκ
2632 2214 2811 2281 οἶσθα,
2842 2219 2925 2272 ὅτι
2967 2219 3287 2290 γεγόναμεν
3326 2219 3482 2272 αὐτοῦ
3512 2217 3686 2288 ὑποχεί-

2158 2329 2288 2384 ριοι,
2316 2309 2410 2364 τοῦ
2447 2310 2546 2378 μὲν
2574 2309 2709 2361 Θεοῦ
2729 2296 3390 2379 παρακούσαντεςξαὺτῷ
3416 2308 3470 2360 δὲ
3492 2305 3685 2361 omne.

2158 2422 2354 2468 σαντες
2377 2423 2391 2469 ;
2421 2402 2487 2455 Τί
2514 2402 2632 2465 οὐν,
2660 2401 2792 2471 φέρε
2815 2403 3015 2465 εἰπεῖν,
3052 2401 3287 2472 ἔμελλεν
3314 2401 3474 2470 αὐτῷ,
3508 2402 3590 2453 εἰὸ
3612 2398 3687 2468 μὲν

2157 2496 2387 2559 θάνατος
2421 2494 2729 2564 ἀνετράπη,
2753 2495 2786 2562 ἠ
2816 2492 2876 2544 δὲ
2900 2492 3357 2563 αὐτοῦτυραννὶς
3404 2492 3488 2546 καὶ
3513 2489 3685 2555 ὲξουσξα

2155 2590 2463 2661 διέμεινεν;
2490 2585 2627 2640 ἀλλὰ
2662 2585 2759 2639 καὶ
2795 2585 2995 2656 μᾶλλον
3036 2584 3302 2657 ὲγεγὴθει
3335 2584 3407 2648 ὡς
3457 2581 3685 2637 ἀθανάτων

2158 2682 2482 2753 βασιλεύων.

2226 2772 2289 2824 Β.
2337 2768 2503 2837 ’Δξιῶ
2536 2768 2750 2840 μαθεῖν,
2787 2768 2927 2839 ποίῳ
2970 2767 3161 2839 τρόπῳ
3213 2765 3511 2838 γεγόναμεν
3548 2760 3686 2816 δοῦλα

2156 2862 2252 2916 τοῦ
2279 2862 2550 2916 διαϐόλου.

2230 2978 2295 3030 Α.
2338 2975 2396 3028 '0
2430 2974 2565 3035 Θεὸς
2616 2973 2713 3028 ἀπ’
2740 2975 2922 3046 ἀρχῆς
2985 2975 3211 3038 πλάσας
3264 2974 3359 3029 τὸν
3413 2971 3684 3043 ἄνθρωπον,

2154 3067 2386 3139 ’ἰσχυρὸν
2440 3066 2534 3120 καὶ
2577 3066 2849 3143 ἀήττητον
2904 3065 3070 3120 αὐτὸν
3114 3066 3423 3136 ἀπέφηνεν.
3481 3062 3532 3116 '0
3583 3058 3685 3128 γοῦν

2161 3160 2427 3223 διάϐολος,
2458 3160 2533 3230 μὴ
2547 3158 2844 3227 δυνάμενος
2872 3158 3041 3212 αὐτοῦ
3067 3157 3461 3228 περιγενέσθαι
3480 3153 3681 3221 δυνάμει,

2164 3252 2327 3320 σοφὸς
2347 3251 2404 3305 δὲ
2430 3250 2507 3304 ὢν
2526 3249 2620 3304 τοῦ
2645 3250 3034 3319 κακοποιῆσαι,
3058 3249 3450 3319 ἐμηχανήσατο
3464 3287 3479 3311 ,
3495 3244 3576 3299 καὶ
3591 3244 3681 3295 ἐσο-

2163 3345 2358 3415 φίσατο
2384 3343 2569 3405 αὐτὸν,
2604 3341 2709 3404 ἕως
2737 3340 2803 3394 ἂν
2825 3340 3231 3411 ἀπεγύμνωσεν
3259 3342 3359 3412 τῆς
3386 3335 3684 3407 ἐνισχυούσης

2159 3436 2384 3507 χάριτος
2404 3434 2491 3489 διὰ
2511 3436 2612 3504 τῆς
2638 3433 2891 3487 ἑκουσίου
2917 3434 3233 3505 παρακοῆς,
3252 3435 3323 3488 δι’
3350 3432 3532 3504 ἡδονῆς

2164 3546 2265 3592 σας
2290 3528 2472 3580 αὐτόν.
2521 3526 2633 3596 Kal.
2660 3525 2837 3590 οὕτως
2861 3526 3273 3596 ἀσθενήσαντος
3306 3524 3466 3579 αὐτοῦ
3495 3518 3685 3590 ἐπεκρά-

2159 3633 2346 3690 τησεν,
2396 3618 2492 3671 καλ⁵
2549 3616 2789 3679 εὐκόλως
2833 3618 2914 3680 εἰς
2956 3618 3141 3670 πᾶσαν
3188 3616 3404 3684 ἡδονὴν,
3433 3614 3517 3669 καὶ
3539 3614 3683 3681 ἁμαρο

2159 3710 2303 3774 τίαν,
2364 3708 2461 3761 καὶ⁵
2548 3708 2838 3778 παρακοὴν
2897 3707 3061 3760 αὐτὸν
3124 3707 3222 3759 καὶ
3285 3708 3409 3768 τοὺς
3454 3705 3507 3769 ἐξ
3553 3698 3681 3754 αὐτοῦ

2162 3803 2375 3871 ἐνῆγεν.
2404 3803 2515 3855 Καὶ
2560 3800 2750 3854 λοιπὸν
2781 3802 2809 3852 ὁ
2838 3798 3004 3863 Θεὸς,
3035 3799 3112 3863 ὼς
3160 3800 3265 3869 τὴν
3317 3796 3474 3851 αὐτού
3512 3792 3683 3861 ἐντολὴν

2163 3895 2587 3965 ὲκφαυλίσαντα,
2610 3893 2688 3963 τῷ
2716 3891 2895 3964 ἐχθρῷ
2915 3893 2972 3946 δὲ
3005 3893 3444 3964 προσδραμόντα,
3459 3889 3540 3942 καὶ
3564 3884 3682 3938 πειθ-

2164 3989 2508 4060 αρχήσαντα,
2538 3984 2938 4056 παρεχώρησεν
2992 3984 3156 4037 αὐτὸν
3205 3984 3429 4047 δικαίως
3462 3977 3682 4047 τυραννεῖ-

2167 4078 2291 4131 σθαι
2314 4075 2405 4130 ὑπ’
2435 4074 2671 4129 ἐκείνου.
2708 4094 2727 4127 ι
2756 4069 2828 4147 ᾯ
2856 4075 2964 4144 γάρ
2993 4091 3083 4137 τις
3114 4076 3413 4136 ὑπακούει,
3440 4072 3590 4139 τούτῳ
3613 4066 3680 4119 καὶ

2164 4168 2352 4224 δοῦλον
2387 4168 2582 4221 ἑαυτὸν
2610 4167 3012 4231 ἀποδείκνυσιν,
3033 4165 3110 4231 ὥς
3141 4184 3310 4237 φησιν
3328 4169 3356 4218 6
3389 4159 3676 4219 ’Διάβολος

2166 4261 2343 4314 δοῦλοι
2403 4260 2511 4328 γάρ
2575 4262 2720 4323 ἐστε,
2753 4251 2799 4327 ᾧ
2852 4258 3183 4312 ὑπακούετε.
3231 4277 3250 4309 ι
3303 4257 3570 4326 Πέπρακεν
3614 4244 3681 4301 οὖν

2098 4362 2140 4416 [)
2170 4354 2363 4407 ἑαυτὸν
2409 4350 2694 4424 ἐλεύθερος
2749 4352 2826 4405 ῶν
2854 4352 3145 4423 ἄνθρωπος
3190 4354 3259 4422 τῇ
3329 4351 3479 4420 ἡδονῇ
3511 4346 3590 4399 καὶ
3626 4341 3681 4407 τῷ

2166 4445 2365 4498 ὲνθοῶ.

2232 4464 2259 4497 υ
2303 4464 2365 4498 ω.

2196 4464 2449 4590 χιῖἰιαι
2496 4537 2612 4598 πῶς
2661 4536 2799 4605 μετὰ
2851 4536 2950 4604 τὴν
3013 4536 3294 4605 ἁμαρτίαν
3348 4524 3685 4602 μετανοήσαςὁ

2122 4696 2125 4699 ,
2165 4629 2450 4701 ἄνθρωπος
2500 4629 2600 4680 οὐκ
2642 4627 2883 4699 ἠδυνήθη
2927 4628 3120 4681 ἑαυτὸν
3157 4622 3594 4685 ἀνακαλέσασθαι,
3616 4614 3685 4670 καὶ

2164 4723 2256 4776 τὸν
2286 4721 2450 4788 ζυγὸν
2483 4718 2579 4772 τοῦ
2612 4719 2861 4773 διαϐόλου
2887 4718 3325 4784 ἁποσείσασθαις

2245 4840 2308 4891 Α.
2338 4837 2461 4891 Ὅτι
2495 4836 2556 4889 τὸ
2593 4836 2689 4905 μὲν
2728 4834 2999 4904 πιπράσαι
3034 4836 3258 4898 ἑαυτοὺς
3289 4835 3347 4886 ὲν
3378 4833 3500 4903 ἡμῖν
3527 4831 3621 4881 ἐστι
3669 4837 3681 4851 ⁸

2171 4926 2231 4979 τὸ
2256 4926 2313 4980 δὲ
2347 4925 2489 4997 μετὰ
2536 4926 2636 4995 τὴν
2686 4927 2889 4996 πρᾶσιν
2926 4926 3022 4978 καὶ
3064 4924 3165 4995 τὴν
3210 4923 3470 4984 δουλείαν,
3502 4912 3681 4970 ἑαυτοὺς

2171 5017 2558 5085 ἐλευθερῶσαι,
2613 5016 2712 5068 οὐκ
2764 5016 2913 5067 ἔστιν
2952 5017 3009 5067 ἐν
3046 5016 3198 5085 ἡμῖν,
3220 5014 3315 5067 καὶ
3342 5015 3437 5081 οὐχ
3456 5009 3602 5069 οὕτως
3619 5002 3681 5054 1i-

2173 5128 2346 5181 γομεν
2385 5109 2579 5182 κύριον
2607 5108 2765 5178 ἡμῶν
2798 5100 3085 5177 γεγονέναι
3115 5107 3207 5161 τὸν
3244 5105 3497 5167 διάϐολον,
3517 5102 3579 5161 ὡς
3616 5095 3681 5164 βίᾳ

2172 5202 2482 5273 κρατοῦντα
2531 5198 2811 5262 παντελῶς
2849 5198 3025 5268 ἡμῶν,
3055 5197 3173 5251 ἀλλ’
3214 5198 3294 5250 ὅτι
3345 5190 3679 5259 ἀσθενήσαντες

2171 5294 2258 5347 διὰ
2287 5293 2386 5362 τῆς
2419 5290 2716 5363 ἁμαρτίας,
2746 5289 2955 5351 λοιπὸν,
2984 5287 3060 5352 ὡς
3091 5288 3324 5357 νοσεροὶ,
3350 5285 3438 5337 καὶ
3475 5274 3680 5348 εὐχείρω-

2176 5402 2260 5438 τοι
2291 5383 2369 5454 τῷ
2412 5382 2648 5452 διαϐόλῳ
2678 5379 3007 5450 γεγόναμεν,
3036 5378 3230 5450 ῥᾳδίως
3254 5377 3349 5431 καὶ
3381 5367 3594 5443 εὐχερῶς
3622 5363 3679 5421 εἰς

2178 5474 2277 5538 τὰς
2316 5472 2592 5546 ἁμαρτίας
2622 5470 2785 5525 αὐτοῦ
2834 5473 2929 5525 καὶ
2962 5469 3150 5540 ἡδονὰς,
3180 5458 3680 5536 ὲνιιγόμενοι.Ὠσπεὲ³
