4004 6150
252 324 388 389 Ῑίίὶῦ

1684 329 2103 393 O‘PUSCULA.

3388 332 3524 400 1466

248 438 357 508 γὰρ
395 438 453 494 εί
478 457 566 504 τις
606 435 807 511 ἐχθρὸς
843 437 1198 509 τροπὼσηται
1231 434 1456 490 ποτίσαι
1493 438 1832 514 δηλητήριον

1952 440 2086 497 lucti
2139 449 2194 496 et
2222 439 2413 497 illecti.
2452 440 2609 495 Sicut
2640 435 2791 493 enim
2832 437 2883 494 si
2914 441 3041 510 quis
3093 442 3349 500 inimicus
3401 461 3515 500 rna-

250 532 525 586 νοσοπὸιδν
545 531 636 584 τὸν
659 530 858 584 ἑαυτοῦ
878 530 1146 601 δυσμενῆ,
1160 522 1239 584 ἶν’
1266 529 1344 595 ὡς
1364 530 1633 600 ἀσθενοῦς
1659 535 1830 591 αὑτοῦ

250 621 536 690 γεγονότος
557 621 746 675 λοιπὸν
773 622 972 693 ῥᾳδίως
1000 623 1382 694 περιγένηται,
1413 623 1590 690 οὕτως
1614 626 1834 687 ὲδελέα-

251 728 343 766 σεν
368 712 398 764 ό
430 710 679 774 διάδολος
712 710 813 764 τὸν
831 709 1122 780 ἄνθρωπον
1160 710 1255 764 διὰ
1296 712 1400 781 τῆς
1439 712 1833 783 ὲπηγορευμέ-

248 820 345 870 νης
376 801 658 872 βρώσεως,
694 802 792 854 καὶ
820 800 1087 865 ἀσθενοῦς
1124 795 1415 870 γεγονότος
1473 802 1827 872 ἐπεδράξατο.

251 888 411 961 Εἶχεν
439 886 535 944 οὖν
563 892 712 961 ἡμᾶς
742 891 1092 960 ὑποχειρίους
1121 909 1134 923 ·
1170 892 1264 945 καὶ
1300 893 1352 946 εί
1391 892 1467 964 μὴ
1494 893 1578 947 ὅτι
1612 893 1834 947 ἑδελέα-

252 1000 344 1035 σεν
388 983 478 1035 τὸν
527 980 823 1035 ἀντίπαλον
868 982 1025 1051 ήμῶν
1059 982 1086 1033 ὁ
1118 985 1378 1054 Χριστὸς,
1402 984 1510 1048 ἕως
1556 984 1623 1039 ἂν
1668 984 1834 1040 αὐτὸν

252 1072 458 1127 ἀνεῖλεν
516 1072 740 1136 ἀδίκως,
780 1073 874 1125 καὶ
931 1072 1021 1125 διὰ
1080 1073 1182 1141 τῆς
1240 1074 1430 1128 ἀδίκου
1491 1075 1834 1145 ἀναιρέσεως

254 1165 416 1219 αὐτόν
440 1182 501 1217 τε
527 1162 623 1219 τὸν
653 1164 925 1229 διάϐολον,
958 1167 1055 1218 καὶ
1084 1165 1295 1230 πάντας
1323 1168 1452 1229 τοὺς
1483 1167 1835 1238 ὑποχειρίους

251 1256 416 1312 αὑτοῦ
461 1256 680 1319 δούλους
715 1256 929 1311 ἔλαϐεν.
956 1257 1068 1310 Καὶ
1102 1256 1284 1320 οὓτως
1321 1260 1469 1329 ἡμᾶς
1500 1259 1831 1331 ὲρῤύσατοή

251 1349 419 1403 αὐτοῦ
442 1347 539 1401 τοῦ
566 1347 806 1417 Χριστοῦ
845 1347 1236 1419 δικαιοπραγία
1283 1351 1347 1403 ἐκ
1380 1350 1480 1419 τῆς
1509 1350 1605 1403 τοῦ
1648 1350 1835 1405 διαϐό-

252 1439 344 1492 λου
378 1438 624 1500 δουλείας
656 1454 671 1469 ο
703 1436 806 1491 κᾶν
837 1437 971 1506 φέρε
998 1437 1202 1505 εἰπεῖν,
1237 1439 1332 1491 καὶ
1358 1439 1451 1491 τὸν
1488 1438 1721 1494 θάνατον
1737 1439 1835 1507 ἀφ’

253 1528 414 1599 ήμῶν
480 1527 835 1583 ἀπεσείσατο.
905 1529 1176 1600 Κατεῖχεν
1230 1529 1343 1600 γὰρ
1401 1531 1551 1602 ἡμᾶς
1602 1531 1678 1594 ὡς
1726 1531 1832 1584 ὑπ-

254 1617 603 1681 ακούσαντας
634 1619 663 1670 6
692 1618 961 1681 Σατανᾶς.

324 1710 387 1763 Β.
419 1709 572 1762 Θέλω
620 1709 687 1763 δι’
727 1700 1037 1781 ὑπόδειγμα
1092 1711 1253 1766 τοῦτο
1311 1713 1511 1784 μαθεῖν
1559 1714 1835 1787 τηλαυγὲ-

256 1818 470 1873 οτερον.

320 1879 392 1946 Ἀ.
429 1892 613 1945 Ἔστω
646 1890 901 1962 βασιλεὺς
938 1893 999 1945 ὲν
1043 1892 1201 1964 χώρᾳ
1246 1895 1356 1948 τινὶ
1401 1895 1542 1965 ἔχων
1589 1894 1836 1959 δούλους.

256 1981 679 2051 Περικυκλούτω
712 1982 769 2035 δὲ
800 1982 900 2052 τὴν
928 1981 1116 2054 χώραν
1145 1985 1351 2055 ταύτην
1380 1985 1647 2055 ποταμός.
1707 1987 1838 2039 Ἐπ-

257 2075 445 2128 έκεινα
503 2073 560 2126 δὲ
587 2073 680 2127 τοῦ
740 2075 988 2143 ποταμοῦ
1052 2076 1365 2130 ὑποκείσθω
1426 2079 1839 2147 πεφυτευμένος

257 2164 454 2231 κῆπος,
485 2164 737 2234 καρποὺς
761 2163 1000 2234 ὡραίους
1028 2165 1123 2218 καὶ
1154 2165 1443 2235 εύηδόνους
1471 2167 1836 2237 κεκτημένος.

270 2254 692 2325 ’Δπαγορευέτω
723 2253 779 2307 δὲ
810 2256 838 2308 ὁ
863 2254 1118 2325 βασιλεὺς
1145 2257 1313 2309 πᾶσιν
1339 2258 1453 2320 τοῖς
1476 2255 1688 2320 δούλοις
1736 2257 1838 2310 αὑ·-

258 2347 352 2401 τοῦ
380 2348 495 2417 ’τὴν
528 2347 620 2400 ἐπὶ
651 2348 745 2402 τὸν
787 2348 963 2419 κῆπον
994 2349 1208 2401 ἐκεῖνον
1230 2346 1325 2402 τοῦ
1367 2347 1620 2419 ποταμοῦ
1653 2365 1840 2420 παραυ

258 2438 529 2494 διάϐασιν.
563 2440 660 2504 Tt;
686 2440 746 2494 δὲ
797 2441 907 2494 τῶν
956 2439 1159 2493 δούλων
1208 2440 1434 2494 ἐκείνων
1479 2440 1727 2511 θελχθεὶς
1771 2442 1841 2511 τῇ

263 2532 469 2605 θεωρία
517 2534 613 2587 καὶ
645 2533 915 2605 ἐπιθυμίᾳ
939 2534 1048 2586 τῶν
1084 2533 1319 2604 καρπῶν
1350 2533 1602 2598 ἐκείνων,
1635 2533 1731 2586 καὶ
1772 2535 1840 2604 τῇ

267 2624 375 2697 ἰδίᾳ
408 2624 713 2695 χαυνωθεὶς
757 2625 958 2696 ὀρέξει,
994 2626 1089 2679 καὶ
1119 2624 1378 2695 ἡττηθεὶς
1407 2624 1710 2693 ἀλογίστως
1742 2624 1843 2695 τὴν

263 2716 590 2787 δεσποτικὴν
618 2717 862 2789 ἐντολὴν,
887 2718 1096 2772 καὶτὸν
1121 2717 1367 2788 ποταμὸν
1395 2717 1636 2773 διαῦάτω
1660 2717 1756 2771 ἐπὶ
1781 2719 1846 2771 τὸ

265 2809 631 2881 ἐμφορεῖσθαι
686 2808 787 2878 τῆς
817 2809 1122 2879 ἐπιθυμίας
1156 2826 1171 2841 ο
1202 2809 1299 2864 καὶ
1349 2810 1423 2881 μὴ
1477 2809 1642 2879 μόνον
1684 2809 1846 2862 τοῦτο

266 2897 510 2964 ποιείτω,
549 2896 690 2953 ἀλλὰ
720 2897 814 2952 καὶ
842 2899 972 2962 τοὺς
999 2898 1222 2963 λοιποὺς
1257 2897 1583 2962 συνδούλους
1645 2898 1848 2965 ἐξαπα-

264 2990 415 3042 τάτω
441 2988 710 3054 δελεάζων
737 2989 830 3044 διὰ
851 2990 955 3058 τῆς
973 2989 1083 3044 τῶν
1108 2989 1588 3061 ὑποδεικνυμένων
1612 2988 1847 3062 καρπῶν

267 3084 460 3153 ἡδονῆς
508 3083 605 3136 τοῦ
665 3083 765 3153 μὲν
816 3083 1001 3137 κοινοῦ
1031 3082 1302 3138 δεσπότου
1332 3083 1720 3156 παρακοῦσαι,
1748 3084 1846 3137 καὶ

266 3173 357 3228 τὸν
385 3175 631 3244 ποταμὸν
653 3174 1007 3245 διαπεράσαι,
1046 3174 1144 3229 καὶ
1167 3175 1275 3229 ὑπὸ
1300 3178 1467 3247 χεῖρα
1495 3175 1652 3244 αὐτῷ
1685 3170 1846 3243 γενέ-

270 3266 415 3322 σθαι.
458 3261 595 3319 Εἶτα
637 3268 867 3331 τούτους
922 3266 1053 3330 τοὺς
1090 3267 1426 3341 ’συνδούλους
1466 3267 1496 3320 ὁ
1540 3267 1849 3338 ἀρχέκακος

271 3359 485 3421 ἐκεῖνος
538 3357 878 3427 τυραννείτω
909 3358 1006 3412 καὶ
1041 3358 1441 3412 καταπονείτω.
1472 3357 1763 3412 Βοάτωσαν
1791 3355 1849 3408 δὲ

272 3448 409 3516 πρὸς
456 3448 660 3501 οίκεῖον
691 3448 964 3518 δεσπότην
994 3447 1046 3501 οἱ
1095 3447 1548 3518 τυραννούμενοι,
1582 3448 1678 3501 καὶ
1720 3447 1846 3500 ὲπι-

273 3540 618 3594 καλείτωσαν
659 3541 760 3611 τὴν
794 3540 1007 3594 ἐκείνου
1033 3541 1098 3593 ἐκ
1134 3540 1244 3593 τῶν
1275 3538 1618 3609 συνεχουσῶν
1665 3538 1850 3593 κακώ-

275 3646 414 3683 σεων
439 3628 733 3700 λύτρωσιν.
764 3625 898 3682 Εἶτα
941 3629 1166 3690 τούτους
1196 3628 1474 3699 οἰκτείρας
1496 3631 1527 3682 ὁ
1555 3629 1853 3699 ἱερώτατος

276 3720 531 3789 βασιλεὺς
559 3721 654 3774 τὸν
699 3720 833 3775 ῐδιον
862 3721 980 3773 υίδν
1008 3719 1385 3774 ἁποστειλάτω
1429 3719 1853 3789 ἀμφιασάμενον

274 3812 335 3866 τὸ
363 3812 470 3866 τῶν
492 3812 698 3866 δούλων
728 3812 1033 3884 πρόσχημα
1061 3811 1205 3865 κατὰ
1236 3812 1413 3866 πάντα
1451 3811 1636 3875 αὐτοῖς
1654 3813 1855 3881 ὁμοιω-

278 3905 482 3959 θένταο
520 3904 632 3958 ὀδὲ
676 3905 758 3967 είς
808 3904 975 3972 μέσον
1024 3902 1314 3974 παρελθὼν
1374 3903 1854 3975 παραπρευέσθω

278 4000 378 4061 τὰς
414 3996 582 4067 ὄχθας
610 3995 703 4050 τοῦ
746 3994 1019 4064 ποταμοῦ.
1051 3998 1148 4050 Ὃν
1190 3996 1533 4066 θεασάμενος
1560 3998 1589 4050 ὁ
1618 3996 1856 4066 ἀρχέκα-

279 4104 377 4148 κος
412 4088 699 4157 τύραννος,
733 4087 829 4139 καὶ
883 4085 982 4139 ἕνα
1025 4085 1147 4140 τῶν,
1173 4082 1377 4139 δόύλων
1405 4083 1514 4138 ὑπὸ
1535 4084 1598 4138 τὸ
1624 4085 1804 4146 πάσας
1833 4084 1857 4116 ⁸

281 4179 446 4231 αὑτὸν
501 4174 664 4243 εἶναι,
720 4176 1111 4246 παρακαλείτω
1157 4175 1408 4246 συνήθως
1458 4178 1577 4240 ταίς
1627 4175 1857 4247 καρπῶν

280 4270 497 4334 ἡδοναῖς
530 4271 624 4322 ἐπὶ
681 4268 743 4321 τὸ
785 4268 1118 4338 διαπερᾶσαι
1150 4268 1245 4321 τὸν
1297 4268 1542 4338 ποταμὸν
1606 4271 1706 4321 κα)⁸
1763 4267 1856 4321 ὑπ’

283 4361 477 4431 ἐκείνῳ
503 4361 778 4429 γενέσθαι,
817 4360 890 4429 μὴ
926 4359 1314 4413 ὑπακούσαντα
1338 4359 1421 4424 δὲ,
1446 4360 1582 4413 ἀλλὰ
1611 4359 1858 4430 σφοδρῶς

279 4454 383 4515 τὰς
405 4451 615 4505 ἐκείνου
648 4451 859 4524 τροπὰς
879 4452 1350 4523 ἀποτρεπόμενον,
1389 4449 1540 4521 ζήλῳ
1589 4453 1684 4506 καὶ
1726 4453 1856 4522 φθό-

280 4560 363 4613 νῳ
401 4543 829 4613 πυρποληθεὶςό
872 4543 1137 4615 τύραννος
1184 4543 1428 4598 διαϐάτω
1456 4544 1551 4596 τὸν
1590 4545 1857 4613 ποταμὸν.

280 4636 381 4689 καὶ
411 4634 715 4706 άναιρείτω
742 4633 834 4687 τὸν
852 4635 945 4688 τοῦ
976 4634 1245 4704 βασιλέως
1275 4635 1413 4689 υίόν.
1441 4634 1615 4689 Τοῦτο
1644 4636 1703 4688 δὲ
1732 4636 1862 4706 δρα-

285 4728 518 4797 ξάμενον
545 4730 574 4780 ὁ
599 4726 856 4796 βασιλεὺς
878 4727 1120 4791 ὲταζέτω
1140 4726 1314 4796 λέγων
1333 4744 1348 4758 υ
1379 4725 1539 4793 Εἰπὲ,
1572 4728 1866 4797 παμπόνη-

287 4838 372 4893 ρε,
409 4820 572 4889 ἡνίκα
601 4821 731 4881 τοὺς
774 4819 971 4883 ἄλλους
1015 4819 1236 4881 δούλους
1266 4819 1552 4881 ἀνέπειθες
1593 4821 1729 4889 ἐμοῦ
1770 4817 1866 4871 τοῦ

286 4910 522 4980 φυσικοῦ
565 4911 830 4965 δεσπότου
877 4911 1059 4964 αὐτῶν
1086 4910 1462 4982 παρακοῦσαι,
1488 4911 1582 4963 καὶ
1642 4911 1781 4980 πρὸς
1809 4911 1868 4963 σὲ

284 5005 564 5071 διαϐῆναι,
594 5005 669 5075 μὴ
694 5003 918 5066 τούτους
946 5004 1243 5057 ἁπέσπασα
1265 5003 1374 5057 τῶν
1399 5002 1598 5073 χειρῶν
1624 5020 1741 5067 σου,
1770 5004 1868 5055 καὶ

287 5100 390 5167 τῆς
438 5099 687 5160 δουλείας
730 5097 830 5165 τῆς
877 5098 980 5166 σῆς
1026 5096 1290 5160 ἑκουσίως
1332 5114 1416 5150 σοι
1445 5097 1861 5165 ὑποταγένταςς

289 5188 496 5258 καίπερ
537 5186 837 5257 δυνάμενος
879 5186 976 5239 καὶ
1019 5185 1416 5255 ίσχύων“τοῦτο
1451 5187 1674 5254 ποιῆσαι
1701 5202 1716 5218 ο
1753 5186 1868 5240 ἀλλ’

1936 531 2118 587 levolo
2145 547 2247 588 suo
2274 532 2557 603 potionem
2610 529 2811 586 veneni
2847 532 3135 597 adhibeat,
3189 541 3248 587 ut
3292 544 3522 603 potione

1933 624 2278 679 debilitatum
2314 623 2477 680 facile
2503 624 2694 679 vincat
2723 641 2739 690 ;
2779 624 2863 680 sic
2898 625 3027 682 cibn
3073 625 3169 680 illo
3208 626 3380 681 vetito
3412 628 3519 681 bo-

1932 717 2139 772 minem
2185 715 2448 787 decepit,
2494 724 2551 772 et
2607 714 2815 772 factum
2868 716 3208 771 imbecillum
3256 717 3517 787 arripuit.

1935 804 2178 860 Tenebat
2212 806 2398 875 itaque
2429 819 2540 860 nos
2558 805 2820 861 servituti
2854 806 3179 874 subjectos;
3226 807 3335 862 nisi
3369 809 3519 877 quod

1933 890 2192 947 Christus
2232 893 2614 949 adversarium
2640 902 2897 950 nostrum
2943 896 3178 964 decepit,
3227 910 3523 966 quousque

1934 984 2054 1054 ipse
2083 986 2440 1041 adversarius
2470 985 2758 1042 Christum
2793 987 2985 1057 inique
3015 988 3261 1056 occidit;
3325 998 3383 1045 et
3424 1006 3522 1061 per

1935 1074 2183 1142 iniquum
2252 1073 2541 1129 interitum
2608 1075 2764 1130 illum
2843 1076 3024 1146 ipsum
3093 1079 3378 1133 diabolum
3465 1092 3521 1135 et

1934 1176 2128 1218 omnes
2159 1163 2279 1230 eius
2311 1178 2502 1219 servos
2536 1164 2709 1232 cepit.
2757 1164 2824 1219 Et
2847 1166 2933 1220 sic
2967 1180 3070 1222 nos
3104 1181 3136 1220 a
3167 1167 3372 1223 diaboli
3400 1184 3520 1224 ser-

1935 1255 2111 1310 vitute
2161 1256 2416 1311 liberavit
2459 1258 2577 1326 ipsa
2623 1256 2841 1327 justitia
2890 1257 3120 1323 Christi,
3153 1267 3209 1313 et
3261 1247 3521 1323 mortem,

1937 1355 1996 1402 ut
2038 1348 2112 1403 ita
2142 1348 2346 1411 dicam,
2378 1349 2599 1413 anubis
2624 1349 2895 1404 excussit.
2936 1342 3184 1405 Tenebat
3227 1351 3372 1406 enim
3414 1367 3527 1407 nos

1938 1437 2200 1503 Satanas,
2238 1445 2498 1510 tanquam
2533 1440 2629 1508 qui
2668 1440 2716 1495 ei
2758 1439 3172 1496 obedissemus.

2003 1706 2171 1778 35,9
2213 1706 2272 1762 Β.
2317 1707 2494 1778 Cupio
2550 1709 2854 1778 intelligere
2902 1710 3007 1765 hoc
3072 1711 3371 1767 dilucidius
3424 1727 3530 1783 per

1867 1789 1908 1843 Β
1937 1799 2266 1869 exemplum.
3499 1823 3505 1831 η

2014 1896 2082 1947 Α.
2116 1891 2200 1945 Sit
2238 1907 2354 1952 rex,
2393 1893 2487 1961 qui
2523 1892 2576 1945 in
2615 1891 2838 1961 regione
2865 1894 3127 1963 quapiam
3178 1893 3376 1948 habeat
3404 1907 3525 1949 ser-

1937 2001 2060 2041 vos.
2122 1983 2484 2040 Circumﬂuat
2544 1984 2828 2054 regionem
2886 1984 3050 2039 istam
3111 1985 3313 2039 amnis.
3367 1983 3523 2039 Ultra

1939 2092 2155 2131 amnem
2185 2089 2318 2129 vero
2349 2074 2423 2131 sit
2465 2073 2664 2129 hortus
2693 2073 2973 2135 consitus,
3004 2073 3101 2141 qui
3148 2072 3410 2142 pulchros
3468 2079 3527 2127 et

1936 2168 2214 2239 jucundos
2234 2166 2453 2222 fructus
2495 2166 2664 2221 lerat.
2719 2165 3022 2220 lnterdicst
3054 2180 3152 2221 rex
3199 2166 3374 2221 servis
3409 2166 3527 2221 suis

1941 2261 2197 2317 omnibus
2247 2259 2427 2316 amnis
2479 2261 2546 2313 ad
2602 2260 2757 2313 illum
2822 2260 3049 2313 hortum
3116 2258 3523 2326 traiectionem.

1943 2352 2158 2421 Aliquis
2205 2365 2343 2406 vero
2372 2365 2441 2404 ex
2474 2351 2586 2406 illis
2636 2350 2839 2414 servis,
2877 2350 3148 2405 delinitus
3187 2355 3266 2403 et-
3305 2348 3527 2404 illectus

1944 2452 2204 2515 aspectu,
2247 2450 2303 2499 et
2326 2442 2637 2510 cupiditate
2678 2442 2906 2497 illorum
2964 2442 3278 2504 fructuum,
3312 2450 3369 2495 et
3427 2455 3526 2494 sua

1945 2538 2284 2609 appetitione
2308 2537 2558 2593 mollitus
2608 2551 2674 2590 ac
2705 2537 2908 2601 victus,
2937 2535 3086 2589 nulla
3128 2534 3346 2589 ratione
3372 2549 3528 2587 man-

1945 2629 2059 2684 dati
2094 2630 2306 2685 domini
2353 2628 2567 2694 babita,
2618 2642 2836 2683 amnem
2895 2624 3159 2695 trajiciat,
3205 2632 3267 2679 ut
3312 2623 3530 2694 cupidi-

1947 2731 2113 2780 tatem
2165 2737 2322 2780 suam
2373 2722 2631 2792 expleat:
2682 2735 2749 2777 ac
2794 2735 2907 2776 non
2941 2720 3120 2775 solum
3170 2721 3275 2773 hoc
3320 2716 3528 2781 faciat,

1947 2816 2046 2871 sed
2093 2816 2263 2871 etiam
2314 2815 2563 2884 reliquos
2617 2826 2927 2869 conservos
2995 2809 3194 2873 fallat,
3250 2810 3533 2878 voluptate

1948 2908 2255 2970 fructuum,
2290 2919 2435 2974 quos
2463 2902 2736 2967 ostendit,
2767 2916 2865 2957 eos
2914 2899 3234 2970 decipiens,
3266 2906 3328 2950 ut
3374 2908 3531 2948 com-

1947 2998 2136 3054 munis
2179 2996 2393 3052 domini
2430 2994 2811 3051 obedientiam
2866 2991 3160 3062 abjiciant,
3192 2998 3246 3043 et
3299 2987 3530 3042 ﬂuvium

1947 3088 2356 3149 transmittant,
2381 3093 2437 3142 et
2469 3085 2618 3142 servi
2652 3083 2776 3153 ejus
2810 3081 3156 3139 efﬁciantur.
3190 3080 3401 3135 Deinde
3440 3076 3536 3132 ille

1954 3183 2213 3254 princeps
2243 3180 2519 3234 malorum
2575 3184 2840 3233 exerceat
2880 3176 2934 3229 in
2966 3190 3065 3229 eos
3097 3170 3449 3245 tyrannidem
3477 3174 3536 3222 et

1953 3272 2250 3344 opprimat.
2273 3271 2361 3326 llli
2396 3284 2527 3325 vero
2580 3268 2879 3341 tyrannide
2933 3266 3183 3337 oppressi
3233 3262 3535 3319 inclament

1957 3366 2245 3421 dominum
2296 3378 2501 3429 suum,
2535 3370 2591 3416 et
2629 3360 2929 3430 implorent
2977 3359 3130 3415 illius
3180 3371 3365 3428 Opem,
3416 3360 3473 3408 et
3505 3366 3538 3406 α

1962 3457 2132 3513 tantis
2165 3455 2326 3510 malis
2376 3452 2786 3508 liberationem.
2820 3450 3024 3506 Postea
3064 3451 3265 3504 borum
3317 3439 3538 3502 miseri—

1964 3548 2155 3606 cordia
2195 3552 2510 3601 commotus
2542 3541 3041 3598 mansuetissimus
3072 3554 3171 3594 rex
3205 3538 3389 3592 mittat
3417 3550 3541 3605 pro-

1958 3643 2140 3715 prium
2162 3637 2569 3704 ﬁlium,restitu
2595 3649 2882 3690 servorum
2907 3632 3188 3695 indutum,
3204 3631 3260 3683 in
3281 3625 3540 3681 omnibus

1959 3731 2326 3790 assimilatum
2380 3728 2465 3782 eis
2505 3725 2767 3797 (excepto
2802 3722 3082 3793 peccato),
3127 3720 3221 3774 ille
3243 3728 3428 3773 autem
3480 3715 3538 3768 in

1961 3823 2199 3878 medium
2233 3818 2498 3889 prodiens
2529 3814 2849 3870 deambulct
2881 3813 3044 3883 juxta
3077 3811 3234 3880 ripas
3267 3805 3538 3863 ﬂuminis.

1958 3916 2132 3981 Quem
2160 3928 2285 3967 cum
2313 3920 2588 3982 tyrannus
2613 3892 2707 3961 ille
2736 3905 2958 3970 viderit,
2990 3912 3046 3959 et
3077 3902 3380 3956 arbitratus
3415 3912 3541 3952 esse

1959 4020 2129 4061 unum
2190 4019 2221 4058 e
2257 4002 2460 4064 servis,
2516 3998 2792 4059 hortetur,
2833 4003 2894 4049 ut
2947 3995 3111 4054 solet,
3159 3991 3540 4058 voluptatibus

1961 4098 2243 4153 fructuum
2275 4092 2585 4164 propositis
2636 4098 2691 4145 et
2734 4086 3003 4150 ostensis,
3043 4086 3110 4139 ad
3144 4080 3542 4151 trajiciendqu

1960 4189 2206 4251 ﬂuvium,
2240 4196 2296 4242 et
2333 4194 2392 4240 ut
2420 4185 2526 4241 sub
2566 4183 2805 4252 imperio
2846 4194 2949 4236 suo
2984 4181 3081 4239 sit,
3122 4176 3309 4230 videat
3357 4183 3543 4227 tamen

1963 4292 2073 4332 non
2107 4276 2356 4338 obedire,
2388 4272 2524 4343 quin
2552 4270 2746 4341 potius
2786 4268 2966 4338 ipsius
2994 4264 3348 4319 hortationes
3383 4260 3547 4312 Vehe-

1967 4379 2183 4422 menter
2224 4365 2514 4436 repellere,
2569 4359 2893 4438 unde'zelo
2935 4364 2990 4411 et
3018 4355 3228 4409 invidia
3279 4353 3547 4405 incensus

1968 4468 2238 4530 tyrannus
2271 4464 2516 4511 transeat
2546 4452 2769 4508 ﬂuvium
2789 4491 2804 4514 ,
2834 4460 2888 4506 et
2922 4449 3095 4503 lilium
3128 4446 3271 4515 regis
3295 4442 3544 4498 occidat:

1968 4553 2114 4606 hunc
2166 4564 2300 4604 vero
2343 4564 2438 4603 rex
2495 4545 2835 4617 prehensum
2889 4545 3249 4610 percontetur
3303 4534 3356 4586 in
3403 4533 3549 4585 hunc

1963 4643 2223 4698 modum:
2249 4639 2364 4710 Age
2382 4639 2517 4708 jam,
2543 4635 2782 4704 pessime
2809 4643 2863 4689 et
2886 4630 3246 4701 nequissime,
3273 4639 3396 4679 cum
3423 4622 3548 4675 aliis

1965 4732 2144 4789 servis
2190 4730 2491 4795 suadebas,
2528 4738 2587 4781 ut
2635 4725 2770 4779 mibi
2828 4737 3021 4779 eorum
3074 4729 3272 4774 natura
3326 4712 3551 4769 domino

1965 4839 2073 4878 non
2110 4829 2398 4892 parerent,
2429 4827 2484 4873 et
2514 4818 2581 4872 ad
2635 4825 2687 4871 te
2717 4812 3050 4875 transirent,
3110 4823 3180 4863 an
3215 4816 3313 4863 eos
3358 4819 3389 4858 e
3435 4817 3552 4856 ma-

1966 4917 2133 4970 nibus
2164 4915 2275 4969 tuis
2307 4911 2530 4982 eripui?
2558 4917 2615 4964 et
2647 4923 2675 4963 a
2710 4908 2978 4961 servitute
3006 4914 3098 4958 tua
3127 4901 3229 4956 tibi
3269 4895 3553 4965 subjectos

1978 5004 2262 5061 liberari?
2304 5019 2429 5057 cum
2485 5001 2538 5055 id
2567 5000 2776 5068 alioqui
2828 4997 3012 5051 facere
3047 4991 3371 5063 potuissem,
3399 4985 3552 5042 nolui

1968 5097 2262 5163 tameujus
2295 5093 2615 5146 immutare.
2648 5088 2803 5143 Hunc
2842 5099 2975 5141 vero
3005 5084 3176 5138 lilium
3218 5094 3425 5142 meum,
3456 5077 3552 5147 qui

1972 5184 2393 5242 bortationibus
2420 5170 2920 5251 tuis-nequaquam
2954 5177 3145 5239 cessit,
3185 5187 3357 5241 quare
3387 5171 3557 5223 inter-

289 5280 396 5334 οὐκ
438 5278 682 5349 ἠθέλησα
733 5275 1127 5346 παραχαράξαι
1179 5275 1240 5327 τὸ
1289 5275 1522 5329 δίκαιον.
1556 5275 1760 5327 Τοῦτον
1813 5275 1840 5327 δ

1975 5278 2159 5335 fecisti
2211 5276 2517 5345 et.injuste
2563 5271 2865 5329 occidisti?
2914 5268 3086 5339 igitur
3137 5265 3395 5336 quoniam
3453 5261 3552 5313 hoc

292 5371 430 5443 ιμδν
472 5372 589 5424 υἱὸν
637 5371 974 5440 ὑπάρχοντα,
1017 5370 1115 5421 καὶ
1165 5371 1287 5430 ταῖς
1346 5370 1468 5431 σαῖς
1520 5368 1841 5420 παντάπασι

1980 5384 2149 5424 ausus
2177 5383 2261 5431 es,
2306 5367 2436 5435 jure
2470 5364 2680 5435 Optimo
2710 5372 2764 5416 et
2794 5369 2848 5414 te
2900 5368 2954 5414 et
2981 5372 3176 5412 omnes
3208 5364 3334 5409 tuos
3362 5365 3555 5406 servos

294 5465 640 5537 προτροπαίς
677 5464 773 5531 οὐχ
845 5461 1166 5525 ὑπείξαντα,
1200 5462 1344 5524 τίνος
1394 5460 1584 5514 ἕνεκεν
1640 5461 1872 5523 ἀνεῖλες,

1984 5460 2227 5529 capiam.
2279 5463 2335 5512 et
2392 5454 2654 5525 potestati
2700 5454 2820 5524 ejus
2874 5448 3208 5518 subjiciam;
3269 5452 3323 5497 et
3376 5440 3423 5495 si
3476 5448 3556 5494 tot

1574 5609 1803 5665 \‘AliUE
1839 5608 2240 5666 LECTIONES.

374 5741 397 5769 ⁸
423 5735 515 5791 Sic
547 5735 588 5790 C
617 5734 676 5803 Β,
712 5736 828 5807 lege
860 5730 1241 5793 ὑποτοπάσας..
