4004 6150
550 269 683 350 tt§7
954 349 961 350 ί
1780 257 2138 321 THEODOR

2240 255 2579 319 tBL'CAR/E
3368 202 3376 208 .
3652 256 3756 324 1468

551 349 726 437 millia
745 349 1116 448 acquisivisti,
1136 377 1319 428 tamen
1344 384 1519 440 neque
1535 368 1904 427 multesimam
1927 378 2136 440 partem

2242 368 2337 422 καὶ
2392 367 2593 431 ἀδίκως
2640 363 3007 430 ἀπέκτεινας;
3056 364 3270 436 Ἐπειδὴ
3295 360 3392 421 οὗν
3428 366 3576 422 τοῦτο
3624 374 3758 426 τετόλ.

549 471 724 528 debiti
757 465 1122 538 recuperabo.
1157 462 1303 529 Quid
1354 463 1502 518 enim
1552 477 1793 533 unquam
1826 471 1882 516 tu
1920 461 2131 517 efﬁcere

2240 476 2443 532 μηκας,
2477 458 2704 520 δικαίως
2742 457 2841 510 καὶ
2874 456 2935 509 σὲ
2988 457 3087 510 καὶ
3115 457 3325 521 πάντας
3365 459 3492 523 τοὺς
3528 462 3638 524 σοὺς
3664 464 3754 516 δού.

547 562 736 634 possis
766 559 861 614 uni
893 566 1066 628 guttae
1105 554 1397 626 sanguinis
1441 552 1580 623 regii
1615 554 1763 623 par?
1813 551 1931 608 Hoc
1967 552 2131 607 modo

2240 553 2365 615 λους
2415 550 2699 622 λήψομαι,
2730 548 2830 603 καὶ
2860 548 3215 621 ὑποχειρίους
3250 549 3400 620 αὐτῷ
3426 551 3664 622 θήσομαι,
3687 557 3753 606 καὶ

549 669 581 707 a
612 648 907 723 tyrannide
938 647 1205 703 daemonis
1237 660 1338 701 nos
1383 645 1659 712 liberavit,
1699 645 1853 714 justa
1889 646 2128 712 ratione,

2240 646 2287 697 εί
2321 643 2547 715 μυρίους
2575 642 2870 705 τοσούτους
2895 642 3186 714 ἐκέκτησο,
3211 643 3320 696 οὐδ’
3346 642 3513 705 οὕτως
3533 644 3590 698 τὸ
3613 645 3755 697 πολλο-

548 755 604 799 οι
630 758 742 797 non
769 743 966 797 robore
997 747 1052 794 et
1080 736 1355 809 potestate
1385 737 1568 792 solum
1602 752 1760 792 usus.

2240 738 2366 792 στὸν
2401 736 2499 791 τοῦ
2525 737 2719 808 χρέους
2742 734 3116 806 ἀπολήψομαι.
3146 735 3213 788 Τί
3242 735 3351 807 γάρ
3367 735 3433 789 ἀν
3461 736 3634 807 ἰσχύσῃ
3658 739 3751 790 ποτὲ

554 836 685 904 μιᾶς
743 832 838 886 τοῦ
899 830 1181 903 βασιλικοῦ
1248 830 1485 900 αἵματος
1561 828 1780 900 ῥανίδος
1837 829 2131 895 ἀντάξιονς
2170 831 2358 902 Τούτῳ
2386 830 2466 901 τῷ
2494 831 2683 902 τρόπῳ
2709 830 2809 900 τῆς
2858 828 2954 881 τοῦ
3016 828 3258 900 πονηροῦ
3305 828 3603 900 τυραννίδος
3641 832 3751 900 ἡμᾶς

549 926 820 999 ἐρρύσατο
855 926 1053 996 δικαίῳ
1089 925 1254 995 λόγῳ,
1286 924 1380 978 καὶ
1414 926 1514 995 οὐχ
1560 923 1750 989 ἁπλῶς
1784 923 1976 992 κράτει
2008 923 2105 977 καὶ
2139 923 2434 995 δυναστείᾳ
2463 922 2834 994 χρησάμενος.

621 1017 684 1071 Β.
727 1017 875 1072 Satis
934 1015 1003 1071 de
1068 1016 1172 1071 hac
1231 1031 1294 1072 re
1350 1015 1560 1071 dictum
1599 1022 1710 1070 est.
1751 1013 1849 1069 Dic
1888 1015 2138 1086 quinque

2309 1017 2372 1070 Β.
2444 1013 2789 1085 Ἀρκούντως
2860 1013 2991 1083 περὶ
3045 1011 3239 1065 τούτου
3291 1011 3520 1080 εἴρηται.
3586 1010 3748 1081 Φράσον

552 1108 683 1164 illos
715 1108 992 1172 inimicos,
1024 1122 1090 1163 ex
1123 1106 1328 1177 quibus
1350 1121 1453 1162 nos
1490 1104 1748 1161 Christus
1789 1104 2066 1161 liberavit.

2240 1107 2295 1161 δὲ
2323 1108 2450 1170 τοὺς
2484 1106 2647 1160 πέντε
2682 1104 2946 1176 ἐχθροὺς,
2979 1102 3041 1168 ἐξ
3064 1099 3140 1158 ὧν
3174 1103 3325 1173 ἡμᾶς
3352 1103 3381 1155 ὁ
3414 1099 3629 1172 Χριστὸς
3658 1101 3748 1154 ὲλυ-

622 1289 689 1342 Α.
726 1287 897 1352 Mors,
929 1286 1205 1353 diabolus,
1242 1284 1596 1341 maledictum
1644 1285 1782 1356 legis
1823 1295 1878 1343 et
1908 1285 2138 1343 damna-

2240 1216 2514 1271 τρωσατο.

2311 1293 2385 1345 Δ.
2427 1292 2485 1345 '0
2514 1290 2768 1354 θάνατος,
2802 1291 2831 1342 ὁ
2860 1287 3146 1352 διάϐολος,
3185 1289 3218 1358 ή
3250 1283 3346 1341 τοῦ
3374 1288 3538 1357 νόμου
3582 1284 3748 1355 κατάρα

553 1378 655 1443 tio,
681 1390 985 1448 peccatum,
1017 1376 1294 1433 infernus.

2244 1381 2338 1434 καὶ
2362 1379 2657 1448 καταδίκη,
2685 1379 2719 1448 ἡ
2750 1377 3022 1448 ἁμαρτία,
3056 1378 3093 1433 ὁ,
3117 1375 3275 1447 ᾅδης.

623 1469 687 1522 Β.
747 1469 822 1524 De
873 1478 1052 1525 morte
1103 1470 1327 1540 quidem
1383 1468 1532 1539 quod
1602 1484 1700 1541 per
1760 1470 2133 1527 obedientiam

2308 1469 2369 1525 B.
2400 1470 2536 1542 Περὶ
2559 1469 2660 1540 μὲν
2684 1468 2778 1523 τοῦ
2804 1467 3059 1532 θανάτου,
3089 1467 3173 1520 ὅτι
3201 1465 3293 1520 διὰ
3318 1467 3419 1536 τῆς
3444 1464 3665 1533 ὑπακοῆς
3676 1461 3746 1514 τοῦ

553 1559 757 1615 Christi
782 1559 963 1615 deleta
987 1568 1096 1627 est,
1118 1560 1332 1617 dixisti.
1357 1559 1627 1617 Similiter
1646 1561 1834 1630 etiam,
1859 1562 2133 1633 quomodo

2240 1560 2476 1634 Χριστοῦ
2533 1561 2776 1621 λέλυται,
2834 1560 3087 1630 εἴρηκας.
3132 1557 3371 1628 Ὁμοίως
3408 1556 3482 1619 δὲ,
3528 1555 3609 1609 καὶ
3639 1555 3749 1615 ὅπως

553 1664 660 1705 nos
690 1649 1019 1719 abimperio
1075 1650 1284 1705 diaboli
1345 1650 1623 1705 liberavit.
1673 1651 1898 1721 Explica
1962 1667 2129 1717 nunc,

2240 1655 2385 1724 ἡμᾶς
2439 1655 2503 1707 ἐκ
2554 1653 2655 1722 τῆς
2695 1651 2792 1705 τοῦ
2841 1651 3096 1705 διαϐόλου
3139 1648 3495 1719 ἐπικρατείας
3536 1645 3745 1711 ἐξείλατο.

555 1741 838 1812 quomodo
860 1756 962 1796 nos
989 1742 1225 1797 redemit
1262 1756 1293 1795 a
1328 1742 1624 1797 maledicto
1649 1742 1808 1813 legis,
1836 1744 2012 1798 factus
2034 1759 2134 1814 pro

2240 1742 2449 1812 Φράσον
2472 1740 2558 1811 δὴ,
2592 1741 2743 1805 ὅπως
2766 1740 3107 1810 ἐξηγόρασεν
3142 1740 3298 1809 ἡμᾶς
3318 1736 3425 1809 τῆς
3444 1738 3661 1808 κατάρας
3676 1735 3745 1788 τοῦ

555 1810 717 1888 nobis
749 1832 1124 1887 maledictum.
1707 1810 1727 1813 ⁷
2035 1810 2051 1814 ⁷

2240 1810 2425 1903 νόμου,
2462 1832 2752 1910 γενόμενος
2789 1832 2929 1902 ὑπὲρ
2954 1834 2987 1902 ἡ
2999 1831 3117 1902 μῶν
3138 1830 3376 1899 κατάρα.

625 1923 691 1977 Α.
714 1922 1048 1979 -Μεηιίηει-ἰε
1076 1937 1293 1989 eorum,
1318 1937 1442 1994 quae
1463 1923 1618 1993 prius
1645 1940 1674 1978 a
1696 1930 1782 1979 me
1809 1925 1952 1979 dicta
1982 1932 2132 1986 sunt,

2304 1926 2370 1976 Α.
2422 1921 2828 1992 Ἀναμνήσθητι
2858 1921 2966 1974 τῶν
3011 1922 3068 1973 ὲν
3102 1922 3216 1983 τοῖς
3252 1917 3551 1989 ἔμπροσθέν
3590 1934 3663 1987 μοι
3683 1916 3745 1969 λό-

557 2011 704 2080 quod
751 2012 846 2081 qui
891 2011 1092 2068 millies
1148 2012 1321 2083 legem
1373 2013 1568 2069 mortis
1607 2014 1967 2070 transivimus
2008 2013 2138 2086 (28°)

2240 2030 2346 2083 γων
2375 2014 2726 2083 εἰρημένων,
2760 2012 2844 2064 ὅτι
2889 2010 3156 2082 μυριάκις
3203 2009 3300 2063 τὸν
3343 2009 3435 2062 τοῦ
3462 2006 3582 2061 Θεοῦ
3621 2007 3746 2076 νόμον

560 2102 762 2157 millies
814 2101 1043 2157 interire
1095 2102 1382 2158 debemus.
1436 2103 1725 2174 Responde
1771 2104 1917 2160 enim
1977 2107 2135 2171 mihi,

2240 2104 2731 2176 παραϐεϐηκότες,
2801 2103 3062 2175 μυριάκις
3129 2100 3423 2156 ἀποθανεῖν
3495 2098 3740 2168 ὀφείλομεν,

559 2188 707 2257 quod
742 2198 795 2245 te
830 2190 1065 2259 primum
1101 2192 1166 2246 de
1191 2197 1369 2245 morte
1396 2190 1565 2244 Adam
1594 2191 1878 2261 rogabam.
1910 2188 2138 2246 Facitne

2240 2195 2374 2251 Εἰπὲ
2423 2194 2532 2266 γάρ
2565 2210 2675 2264 μοι,
2705 2193 2844 2263 ὅπερ
2875 2210 2959 2246 σοι
2997 2194 3089 2246 καὶ
3134 2193 3358 2263 πρῶτος
3388 2189 3631 2267 ήρώμην⁸
3651 2190 3743 2258 περὶ

557 2277 702 2333 Deus
727 2278 1031 2348 quidquam
1061 2276 1271 2334 frustra
1298 2284 1353 2334 et
1381 2278 1556 2332 casu?

2240 2286 2328 2340 τοῦ
2362 2287 2506 2341 κατὰ
2546 2286 2640 2339 τὸν
2671 2282 2865 2355 Ἀδὰμ,
2903 2287 3050 2338 ποιεῖ
3080 2284 3108 2336 ὀ
3150 2283 3291 2347 Θεός
3328 2300 3380 2335 τι
3419 2280 3634 2352 ματαίως
3676 2277 3743 2332 καὶ

2234 2377 2309 2441 ὡς
2342 2376 2539 2446 ἔτυχεν
2558 2396 2575 2444 ;

628 2467 689 2521 Β.
732 2466 922 2523 Absit.

2306 2470 2369 2524 Β.
2411 2471 2503 2542 Μὴ
2537 2471 2775 2540 γένοιτο.

629 2561 696 2614 Α.
750 2558 807 2614 Si
848 2558 974 2630 quis
1011 2558 1178 2613 alicui
1227 2556 1453 2613 deberet
1498 2555 1650 2612 mille
1688 2569 1967 2621 nummos,
1999 2568 2138 2627 quos

2302 2560 2370 2614 Α.
2411 2561 2473 2613 Et
2503 2560 2613 2632 γάρ
2652 2579 2735 2624 τις
2762 2559 3059 2632 ὲχρεώστει
3106 2557 3213 2611 τινὶ
3263 2554 3499 2627 χιλιάδας
3532 2550 3744 2621 νομισμά-

560 2651 713 2707 uullo
744 2651 906 2706 modo
938 2649 1154 2706 solvere
1209 2655 1422 2719 posset,
1484 2647 1656 2702 nollet
1703 2658 1886 2701 autem
1921 2646 2138 2716 exigere

2240 2648 2451 2719 των,ἂς
2476 2652 2783 2707 ἀποδοῦναι
2808 2651 2909 2722 οὐχ
2937 2645 3051 2712 οἷός
3077 2666 3140 2702 τε
3190 2643 3267 2719 ἦν
3294 2665 3308 2679 ·
3341 2648 3440 2700 οὐκ
3464 2643 3685 2715 ἠϐούλετο
3702 2640 3745 2693 δὶ

559 2743 841 2805 dominus,
875 2744 967 2811 cui
1002 2742 1257 2807 debetur,
1298 2753 1572 2795 summam
1628 2738 1771 2800 auri,
1823 2736 2138 2807 scripsisset

2240 2724 2541 2815 ἀπαιτῆσαι
2560 2744 2725 2800 αὐτὸν
2752 2746 2781 2796 ὁ
2820 2743 2916 2797 τοῦ
2956 2741 3152 2814 χρέους
3189 2741 3394 2812 κύριος
3419 2739 3512 2808 τὴν
3537 2735 3618 2789 τοῦ
3645 2751 3742 2805 χρυ-

560 2839 745 2887 autem
786 2833 924 2887 alias
939 2839 1133 2887 contra
1165 2821 1319 2885 illum
1348 2828 1657 2884 debitorem
1689 2827 2136 2898 chirographum,

2240 2833 2354 2887 σίου
2389 2835 2686 2906 ποσότητα,
2746 2833 2993 2905 ἔγραψεν
3019 2833 3079 2887 δὲ
3117 2834 3217 2902 τὴν
3268 2830 3442 2893 ἄλλως
3485 2826 3589 2881 κατ’
3620 2818 3747 2879 αὑτοῦ

558 2931 615 2980 et
648 2924 705 2977 in
736 2938 1013 2979 carcerem
1043 2922 1373 2991 conjiceret,
1413 2927 1469 2974 et
1492 2919 1635 2974 male
1658 2918 1916 2974 omnibus
1959 2918 2138 2974 modis

2240 2924 2619 2995 χειρόγραφον,
2649 2924 2744 2977 καὶ
2781 2922 2961 2976 λαϐὼν
3005 2924 3063 2975 ὲν
3102 2920 3325 2991 φυλακῇ
3368 2919 3528 2981 ἔθετο,
3552 2915 3633 2969 καὶ
3655 2913 3748 2965 ἐλύ-

561 3011 822 3077 alliceret,
854 3011 1140 3083 amigeret,
1167 3018 1223 3067 et
1252 3010 1662 3081 premeret,qui
1700 3010 1891 3075 nollet,
1926 3016 1986 3064 ut
2012 3015 2138 3063 ante

2240 3032 2434 3085 πησεν,
2460 3016 2556 3069 καὶ⁸
2588 3014 2890 3070 ὲστένωσεν
2922 3012 3217 3077 παντοίως,
3253 3012 3330 3083 μὴ
3366 3008 3668 3081 βουλόμενος.
3692 3002 3751 3063 ὡς

561 3104 695 3168 dixi,
733 3118 1003 3159 summam
1042 3109 1310 3172 repetere,
1345 3102 1439 3157 sed
1472 3102 1658 3171 potius
1710 3102 2036 3171 postularet,
2077 3107 2138 3155 ut

561 3195 939 3249 dimitteretur
974 3192 1117 3247 liber
1150 3201 1204 3247 et
1239 3191 1475 3256 solutus,
1523 3205 1707 3245 nonne
1737 3191 1962 3246 stultum
1989 3190 2138 3244 hunc

2240 3107 2505 3177 προέφην,
2540 3107 2672 3178 παρ’
2703 3103 2952 3160 αὐτοῦτὸ
2975 3104 3141 3157 ποσὸν
3180 3102 3396 3166 λαϐεῖν,
3425 3098 3529 3154 ἀλλ’
3553 3097 3749 3166 ὕστερον,
3791 3137 3794 3139 .

2241 3198 2486 3253 ἀπαιτῶν
2510 3198 2672 3252 αὐτὸν
2698 3194 2999 3262 ἀπολῦσαι,
3028 3194 3153 3266 οὐχὶ
3189 3194 3424 3263 μάταιον
3454 3189 3535 3243 τὸν
3558 3184 3752 3240 τοιοῦτον

2164 3154 2209 3212 C

562 3299 687 3340 esse
706 3284 1190 3337 existimaremus?
1830 3320 1837 3327 ,

2243 3286 2699 3357 ὑπολαμϐάνομεν
2722 3304 2737 3352 ;

632 3375 695 3430 B.
739 3373 1024 3439 Quomodo
1056 3372 1209 3427 non?

2313 3378 2375 3430 B.
2403 3376 2526 3439 Πῶς
2564 3376 2671 3446 γὰρ
2696 3375 2757 3428 οὔ
2782 3393 2798 3439 ;

633 3464 698 3516 A.
733 3462 789 3517 Si
819 3462 985 3533 igitur
1004 3460 1148 3517 Deus
1169 3460 1393 3515 nolebat
1418 3464 1635 3532 exigere
1652 3474 1682 3513 a
1706 3458 2138 3529 nobisjustilica-

2311 3471 2375 3522 Α.
2403 3469 2465 3521 Εἰ
2491 3463 2583 3521 οὖν
2621 3468 2650 3520 δ
2671 3466 2805 3529 Θεὸς
2844 3466 2946 3518 οὐκ
2982 3463 3247 3535 ἠϐούλετο
3294 3463 3423 3534 παρ’
3462 3458 3603 3531 ἡμῶν
3625 3457 3748 3510 ἀπαι-

563 3557 744 3611 tiones
779 3555 939 3626 legis,
965 3569 1137 3622 quare
1166 3554 1309 3606 hanc
1332 3552 1496 3622 350
1523 3560 1716 3606 contra
1741 3552 1841 3608 hos
1873 3552 2138 3622 scripsit?

2240 3560 2401 3630 τῆσαι
2421 3559 2488 3613 τά
2515 3557 2610 3611 τοῦ
2640 3557 2805 3627 νόμου
2853 3554 3221 3626 δικαιώματα,
3278 3554 3420 3618 τίνος
3443 3553 3584 3622 χάριν
3606 3546 3752 3599 τοῦτον

563 3649 633 3703 At
665 3663 774 3702 non
806 3647 885 3702 sic
916 3654 1023 3709 est,
1055 3644 1219 3698 absit.
1244 3641 1364 3697 Non
1398 3643 1543 3698 enim
1569 3644 1763 3707 otiose,
1797 3651 1851 3697 et
1876 3652 2137 3711 tanquam

2242 3649 2365 3706 καθ’
2412 3650 2568 3720 ἡμῶν
2621 3648 2895 3720 ἔγραψενς
2970 3646 3111 3700 Ἀλλ’
3147 3648 3248 3716 οὐχ
3294 3646 3462 3708 οὕτως
3501 3641 3648 3703 τοῦτο,
3697 3634 3751 3703 μὴ

566 3739 781 3800 ludens,
833 3737 965 3805 quin
1024 3735 1207 3803 potius
1232 3733 1384 3804 justo
1414 3734 1651 3804 judicio,
1682 3735 1869 3790 omnia
1921 3750 2042 3804 quae
2083 3737 2137 3812 in

2240 3743 2471 3810 γένοιτο.
2509 3743 2584 3793 UO
2613 3739 2722 3811 γάρ
2746 3739 3057 3810 περίεργος,
3102 3739 3195 3791 καὶ
3224 3732 3321 3793 οἶα
3367 3736 3563 3800 παίζων
3587 3736 3611 3785 ὀ
3633 3728 3747 3787 Θεὸς.

566 3830 686 3898 lege
714 3828 918 3897 scripta
945 3835 1125 3890 erant,
1157 3842 1187 3881 a
1238 3827 1400 3882 nobis
1432 3826 1712 3898 exigebat,
1762 3836 1819 3882 et
1865 3827 1993 3897 quia
2030 3841 2138 3882 non

2240 3834 2377 3888 ἀλλὰ
2400 3836 2467 3904 τῇ
2504 3834 2668 3887 αὑτοῦ
2694 3833 3066 3906 δικαιοκρισίᾳ
3107 3834 3291 3887 πάντα
3318 3831 3448 3901 παρ’
3484 3828 3621 3900 ἡμῶν
3642 3822 3749 3877 τάἑν

564 3928 878 3987 poteramus
914 3918 1127 3973 solvere
1170 3918 1435 3984 debitum,
1493 3934 1595 3988 pro
1658 3918 1819 3974 nobis
1877 3917 2138 3974 Dominus

2240 3924 2316 3995 τῷ
2364 3925 2514 3995 νόμῳ
2569 3924 2928 3995 γεγραμμένα
2990 3924 3209 3994 ἀπῄτει.
3275 3924 3386 3978 Καὶ
3463 3918 3631 3985 ἐπειδὴ
3672 3912 3744 3963 οὐκ

565 4018 758 4066 uoster
795 4010 1051 4065 Christus
1086 4011 1372 4079 persolvit,
1415 4010 1765 4065 maledictum
1786 4018 1849 4064 et
1879 4011 2138 4066 condem-

2244 4016 2497 4088 ίσχύομεν
2538 4017 2813 4074 ἀποτῖσαι,
2842 4014 3030 4069 τούτου
3061 4015 3218 4086 χάριν
3262 4016 3403 4084 ὑπὲρ
3453 4010 3595 4082 ἡμῶν
3620 4007 3643 4057 ὀ
3668 4006 3739 4055 Δεο

566 4103 840 4158 nationem
888 4103 1051 4157 nobis
1085 4102 1329 4157 debitam
1361 4102 1555 4157 volens
1595 4102 1922 4171 assumpsit,
1974 4110 2138 4170 atque

2242 4109 2448 4177 σπὸτης
2469 4106 2627 4178 ἡμῶν
2655 4106 2893 4176 Χριστὸς
2927 4105 3209 4159 ἀπέδωκεν
3231 4147 3246 4170 ,
3282 4106 3378 4158 καὶ
3428 4103 3520 4171 τὴν
3553 4096 3742 4160 κατάραν

567 4197 621 4248 in
676 4209 736 4248 se
795 4194 1166 4263 suscepitzet
1199 4208 1323 4262 quas
1356 4208 1458 4247 nos
1492 4192 1602 4262 pati
1651 4193 1963 4263 oportebat,
2024 4192 2138 4262 ipse

2240 4200 2336 4253 καὶ
2365 4199 2667 4269 καταδίκην
2706 4197 2805 4269 τὴν
2852 4198 2973 4252 καθ’
3006 4196 3166 4268 ἡμῶν
3203 4192 3625 4266 χρεωστουμένην
3678 4187 3748 4237 ἀν·

567 4299 763 4355 passus
795 4292 910 4349 est;
944 4284 1290 4346 verberatus,
1341 4283 1542 4352 sputis,
1596 4284 1818 4353 pugnis.
1885 4284 2138 4354 colaphis

2240 4291 2451 4356 ἐλαϐεν,
2474 4291 2569 4345 καὶ
2592 4290 2853 4354 ἑκουσίως
2865 4289 3169 4354 ἀνεδέξατο.
3193 4290 3304 4342 Καὶ
3320 4289 3460 4357 ἅπερ
3482 4285 3609 4354 ἡμᾶς
3627 4278 3753 4347 ἐχρῆν

564 4375 813 4440 allectus,
837 4374 1157 4439 cruciﬁxus,
1173 4381 1225 4429 et
1246 4389 1345 4444 pro
1366 4374 1532 4428 nobis
1548 4382 1834 4428 mortuus:
1865 4374 2135 4444 quamvis,

2240 4384 2452 4446 παθεῖν,
2476 4382 2639 4445 αὐτὸς
2657 4381 2951 4435 πέπονθεν.
2977 4381 3086 4435 Καὶ
3111 4380 3442 4450 ὲμαστίχθη,
3468 4376 3552 4429 καὶ
3576 4363 3750 4424 Mari-

565 4478 625 4520 ut
662 4468 823 4536 paulo
860 4475 988 4521 ante
1025 4466 1293 4529 diximus,
1347 4482 1443 4535 per
1483 4467 1849 4520 obedientiam
1903 4475 2135 4521 mortem

2243 4477 2364 4546 σθη,
2412 4476 2506 4528 καὶ
2549 4473 2878 4545 ὲρραπίσθη,
2921 4475 3018 4527 καὶ
3070 4471 3436 4540 ὲκολαφίσθη,
3487 4467 3573 4520 καὶ
3605 4466 3751 4513 ἐστιν·

564 4559 750 4614 delere
782 4559 1077 4627 potuisset,
1123 4559 1216 4613 sed
1255 4568 1437 4614 tamen
1473 4559 1538 4612 ἐκ
1564 4559 1908 4626 περιουσίας,
1941 4560 1992 4612 id
2025 4569 2130 4623 cst,

2243 4566 2415 4639 ρώθη,
2441 4566 2536 4619 καὶ
2566 4563 2835 4618 ἀπέθανεν
2862 4564 3000 4633 ὑπὲρ
3021 4563 3200 4633 ἡμῶν.
3236 4561 3476 4630 Καίπερ,
3503 4557 3570 4618 ὡς
3590 4556 3750 4639 ἔφαμεν

566 4661 626 4703 ιιι
655 4651 979 4712 abundaret.
1011 4658 1065 4704 et
1093 4650 1480 4720 superﬂueret,
1515 4664 1625 4720 quo
1661 4664 1763 4703 nos
1809 4666 1873 4705 ex
1914 4651 2136 4705 diabolo

2243 4637 2337 4711 θεαὶ
2356 4654 2568 4726 πρώην,
2604 4655 2691 4708 διὰ
2724 4656 2823 4724 τῆς
2854 4653 3106 4722 ὑπακοῆς
3139 4653 3305 4705 λῦσαι
3345 4651 3437 4702 τὸν
3476 4648 3673 4699 θάνατον
3693 4637 3751 4688 ὃν·

564 4743 823 4812 eriperet,
857 4750 912 4797 et
941 4759 1007 4798 ex
1047 4743 1340 4798 maledicto
1391 4743 1548 4813 legis,
1577 4743 1837 4813 iustoque
1865 4742 1959 4797 Dei
1991 4743 2138 4813 judi-

2243 4748 2495 4816 νάμενος.
2522 4745 2637 4799 ἀλλ’
2655 4746 2721 4798 ἐκ
2745 4745 3084 4816 περιουσίας,
3114 4744 3203 4797 ίνα
3230 4742 3331 4796 καὶ
3352 4744 3416 4794 ἐκ
3443 4736 3530 4791 τοῦ
3556 4727 3748 4816 διαϐἑλον

565 4835 676 4898 cio,
705 4849 805 4901 pro
830 4833 990 4889 nobis
1014 4841 1266 4890 mortuus
1310 4843 1415 4901 est,
1443 4843 1505 4890 ut
1537 4836 1728 4890 liceret
1758 4834 1871 4891 Deo
1915 4836 2134 4891 miseri-

2240 4814 2387 4908 ἡμᾶς
2412 4833 2683 4906 ἐξέληται,
2718 4814 2829 4889 καὶὴ
2856 4838 2922 4889 ἐκ
2951 4835 3050 4904 τῆς
3094 4833 3348 4902 κατάρας
3373 4827 3465 4882 τοῦ
3505 4828 3666 4892 νόμον,
3685 4814 3750 4908 καὶ

564 4927 808 4981 cordiam
830 4927 989 4981 nobis
1011 4927 1290 4994 tribucre;
1324 4936 1381 4982 et
1406 4943 1513 4982 non
1548 4926 1822 4999 justitiam
1853 4928 2132 4999 propriam

2240 4905 2331 4981 τοῦ
2369 4925 2506 4980 Θεοῦ
2544 4924 2965 4995 δικαιοκρισίας,
2992 4923 3264 4977 ἀπέθανεν
3318 4921 3458 4984 ὑπὲρ
3496 4912 3651 4983 ήμιῖιν.
3690 4905 3749 4999 ξνι

567 5016 922 5086 improbaret,
952 5026 1007 5072 et
1044 5033 1441 5087 supervacuam
1474 5025 1638 5088 atque
1699 5018 1910 5073 irritam
1944 5017 2137 5073 redde-

2240 5018 2334 5089 ὲξῇ
2365 5017 2443 5087 τῷ
2472 5016 2592 5088 Θεῷ
2627 4993 2848 5086 ἐλεῆσαι
2890 5017 3061 5085 ἡμᾶς,
3122 5014 3214 5067 καὶ
3252 5012 3393 5081 μήτε
3433 5007 3524 5076 τὴν
3560 5002 3673 5055 ίδξαν
3696 4993 3750 5044 δι·

569 5116 684 5173 rct;
710 5108 803 5164 sed
830 5108 1013 5181 potius
1037 5111 1178 5165 hanc
1205 5110 1759 5167 circumscriberetet
1781 5110 2120 5173 terminaret,

2240 5108 2528 5179 καιοσύνην
2576 5107 2861 5180 ἀκυρῶσαι
2907 5106 3003 5160 καὶ
3047 5103 3418 5175 καταργῆσαι,
3448 5095 3574 5152 ἀλλά
3598 5089 3751 5150 ταύτην

1874 5282 2109 5340 VARIIE
2146 5283 2545 5340 LECTIONES.

640 5385 658 5415 ³⁵
693 5381 949 5453 ἠρωτησά
958 5396 1085 5451 μην.
1120 5452 1125 5456 ι

2082 5505 2311 5561 NOTAE.

644 5597 942 5659 (Eb'Hllam
975 5602 1146 5669 legem
1184 5601 1334 5659 dicit,
1374 5600 1439 5653 de
1470 5615 1575 5668 qua
1626 5599 1830 5654 Paulus
1872 5599 1924 5652 in
1963 5598 2138 5666 Epist.
2252 5598 2427 5667 Moysi
2455 5599 2564 5652 sine
2592 5598 2711 5669 ulla?
2746 5599 3084 5669 irriseratioue
3112 5594 3334 5657 duobus,
3369 5591 3443 5645 rei
3472 5587 3621 5641 tribus
3642 5577 3747 5634 mli.

575 5670 643 5722 ad
675 5673 838 5727 Hebr.
882 5686 937 5733 ι,
969 5666 1217 5725 meminit
1249 5687 1260 5723 :
1326 5666 1549 5724 Iri-itaut
1593 5673 1709 5739 quis
1741 5671 1946 5739 faciens
1982 5671 2140 5740 Irgcm
2253 5666 2355 5722 ltus
2383 5671 2626 5723 moritur.
2664 5668 2842 5738 (Deut.
2879 5684 3011 5731 xm,
3037 5666 3114 5731 6.)

3895 331 3897 359 l
