  <div class='ocr_page' id='page_1' title='image "/cluster/home/n/w/nwhite01/storage/ocr_20150623/97/mdp.39015041892756/754.png"; bbox 0 0 4004 6150; ppageno 0'>
   <div class='ocr_carea' id='block_1_1' title="bbox 269 309 406 374">
    <p class='ocr_par' dir='ltr' id='par_1_1' title="bbox 269 309 406 374">
     <span class='ocr_line' id='line_1_1' title="bbox 269 309 406 374; baseline 0.007 -1"><span class='ocrx_word' id='word_1_1' title='bbox 269 309 406 374; x_wconf 75' lang='lat' dir='ltr'><strong>H69</strong></span> 
     </span>
    </p>
   </div>
   <div class='ocr_carea' id='block_1_2' title="bbox 1685 322 2102 390">
    <p class='ocr_par' dir='ltr' id='par_1_2' title="bbox 1685 322 2102 390">
     <span class='ocr_line' id='line_1_2' title="bbox 1685 322 2102 390; baseline 0.005 -6"><span class='ocrx_word' id='word_1_2' title='bbox 1685 322 2102 390; x_wconf 80' lang='lat' dir='ltr'><strong>OPUSCULA.</strong></span> 
     </span>
    </p>
   </div>
   <div class='ocr_carea' id='block_1_3' title="bbox 3402 335 3544 400">
    <p class='ocr_par' dir='ltr' id='par_1_3' title="bbox 3402 335 3544 400">
     <span class='ocr_line' id='line_1_3' title="bbox 3402 335 3544 400; baseline 0.021 -3"><span class='ocrx_word' id='word_1_3' title='bbox 3402 335 3427 397; x_wconf 72' lang='grc' dir='ltr'><strong>ί</strong></span> <span class='ocrx_word' id='word_1_4' title='bbox 3444 336 3544 400; x_wconf 67' lang='lat'><strong>£70</strong></span> 
     </span>
    </p>
   </div>
   <div class='ocr_carea' id='block_1_4' title="bbox 262 423 1847 515">
    <p class='ocr_par' dir='ltr' id='par_1_4' title="bbox 262 423 1842 508">
     <span class='ocr_line' id='line_1_4' title="bbox 262 423 1842 508; baseline 0.008 -29"><span class='ocrx_word' id='word_1_5' title='bbox 262 423 601 496; x_wconf 67' lang='grc' dir='ltr'>περιγράψαι</span> <span class='ocrx_word' id='word_1_6' title='bbox 632 425 1019 482; x_wconf 70' lang='grc' dir='ltr'>ὀπολαϐσῦσαν</span> <span class='ocrx_word' id='word_1_7' title='bbox 1046 428 1112 483; x_wconf 81' lang='grc' dir='ltr'>τὰ</span> <span class='ocrx_word' id='word_1_8' title='bbox 1154 424 1262 481; x_wconf 82' lang='grc' dir='ltr'>ἴδια</span> <span class='ocrx_word' id='word_1_9' title='bbox 1287 425 1662 502; x_wconf 85' lang='grc' dir='ltr'>δικαιώματα,</span> <span class='ocrx_word' id='word_1_10' title='bbox 1702 437 1842 508; x_wconf 87' lang='grc' dir='ltr'>μήτε</span> 
     </span>
    </p>
   </div>
   <div class='ocr_carea' id='block_1_5' title="bbox 1960 423 3533 515">
    <p class='ocr_par' dir='ltr' id='par_1_5' title="bbox 1960 441 3533 515">
     <span class='ocr_line' id='line_1_5' title="bbox 1960 441 3533 515; baseline 0.005 -21"><span class='ocrx_word' id='word_1_11' title='bbox 1960 441 2208 514; x_wconf 77' lang='lat' dir='ltr'><strong>receptis,</strong></span> <span class='ocrx_word' id='word_1_12' title='bbox 2245 453 2299 499; x_wconf 91' lang='lat' dir='ltr'><strong>et</strong></span> <span class='ocrx_word' id='word_1_13' title='bbox 2332 442 2681 514; x_wconf 76' lang='lat' dir='ltr'><strong>recuperatis</strong></span> <span class='ocrx_word' id='word_1_14' title='bbox 2723 445 2965 514; x_wconf 86' lang='lat' dir='ltr'><strong>propriis</strong></span> <span class='ocrx_word' id='word_1_15' title='bbox 2999 444 3533 515; x_wconf 66' lang='lat' dir='ltr'><strong>justiﬁrationibas;</strong></span> 
     </span>
    </p>
   </div>
   <div class='ocr_carea' id='block_1_6' title="bbox 260 515 1350 592">
    <p class='ocr_par' dir='ltr' id='par_1_6' title="bbox 260 515 1350 592">
     <span class='ocr_line' id='line_1_6' title="bbox 260 515 1350 592; baseline 0.006 -23"><span class='ocrx_word' id='word_1_16' title='bbox 260 517 322 570; x_wconf 74' lang='grc' dir='ltr'><strong>τὸ</strong></span> <span class='ocrx_word' id='word_1_17' title='bbox 346 516 495 580; x_wconf 71' lang='grc' dir='ltr'>ἔλεος</span> <span class='ocrx_word' id='word_1_18' title='bbox 521 515 689 570; x_wconf 78' lang='grc' dir='ltr'>αὐτοῦ</span> <span class='ocrx_word' id='word_1_19' title='bbox 728 517 1012 591; x_wconf 77' lang='grc' dir='ltr'>ἄπρακτον</span> <span class='ocrx_word' id='word_1_20' title='bbox 1052 522 1350 592; x_wconf 79' lang='grc' dir='ltr'>παρεᾶσαι.</span> 
     </span>
    </p>
   </div>
   <div class='ocr_carea' id='block_1_7' title="bbox 330 674 1845 773">
    <p class='ocr_par' dir='ltr' id='par_1_7' title="bbox 330 674 1845 773">
     <span class='ocr_line' id='line_1_7' title="bbox 330 674 1845 773; baseline 0.009 -30"><span class='ocrx_word' id='word_1_21' title='bbox 330 692 392 745; x_wconf 87' lang='grc' dir='ltr'><strong>Β.</strong></span> <span class='ocrx_word' id='word_1_22' title='bbox 429 692 538 745; x_wconf 74' lang='grc' dir='ltr'><strong>Καὶ</strong></span> <span class='ocrx_word' id='word_1_23' title='bbox 570 702 701 762; x_wconf 68' lang='grc' dir='ltr'>περὶ</span> <span class='ocrx_word' id='word_1_24' title='bbox 747 694 941 749; x_wconf 80' lang='grc' dir='ltr'>τούτου</span> <span class='ocrx_word' id='word_1_25' title='bbox 987 674 1302 768; x_wconf 80' lang='grc' dir='ltr'>ἀρκούντως</span> <span class='ocrx_word' id='word_1_26' title='bbox 1330 697 1602 759; x_wconf 79' lang='grc' dir='ltr'>λέλεκται.</span> <span class='ocrx_word' id='word_1_27' title='bbox 1631 703 1845 773; x_wconf 77' lang='grc' dir='ltr'>Φράσον</span> 
     </span>
    </p>
   </div>
   <div class='ocr_carea' id='block_1_8' title="bbox 259 782 1533 862">
    <p class='ocr_par' dir='ltr' id='par_1_8' title="bbox 259 782 1533 862">
     <span class='ocr_line' id='line_1_8' title="bbox 259 782 1533 862; baseline 0.009 -28"><span class='ocrx_word' id='word_1_28' title='bbox 259 782 348 853; x_wconf 81' lang='grc' dir='ltr'>δὴ,</span> <span class='ocrx_word' id='word_1_29' title='bbox 381 783 499 846; x_wconf 86' lang='grc' dir='ltr'><strong>πῶς</strong></span> <span class='ocrx_word' id='word_1_30' title='bbox 518 785 669 852; x_wconf 76' lang='grc' dir='ltr'>ἡμᾶς</span> <span class='ocrx_word' id='word_1_31' title='bbox 693 786 757 837; x_wconf 83' lang='grc' dir='ltr'><strong>ἐκ</strong></span> <span class='ocrx_word' id='word_1_32' title='bbox 788 787 889 856; x_wconf 83' lang='grc' dir='ltr'>τῆς</span> <span class='ocrx_word' id='word_1_33' title='bbox 925 788 1204 857; x_wconf 84' lang='grc' dir='ltr'>ἁμαρτίας</span> <span class='ocrx_word' id='word_1_34' title='bbox 1229 790 1533 862; x_wconf 75' lang='grc' dir='ltr'>ἐῤῥύσατο;</span> 
     </span>
    </p>
   </div>
   <div class='ocr_carea' id='block_1_9' title="bbox 332 875 1847 952">
    <p class='ocr_par' dir='ltr' id='par_1_9' title="bbox 332 875 1847 952">
     <span class='ocr_line' id='line_1_9' title="bbox 332 875 1847 952; baseline 0.008 -26"><span class='ocrx_word' id='word_1_35' title='bbox 332 878 394 927; x_wconf 83' lang='grc' dir='ltr'><strong>Α.</strong></span> <span class='ocrx_word' id='word_1_36' title='bbox 416 875 481 927; x_wconf 87' lang='grc' dir='ltr'>Τί</span> <span class='ocrx_word' id='word_1_37' title='bbox 507 877 655 929; x_wconf 77' lang='grc' dir='ltr'>ἐστιν</span> <span class='ocrx_word' id='word_1_38' title='bbox 688 877 933 947; x_wconf 84' lang='grc' dir='ltr'>ἁμαρτία</span> <span class='ocrx_word' id='word_1_39' title='bbox 957 895 972 943; x_wconf 91' lang='lat'><strong>;</strong></span> <span class='ocrx_word' id='word_1_40' title='bbox 1002 881 1124 949; x_wconf 77' lang='grc' dir='ltr'>οὐχὶ</span> <span class='ocrx_word' id='word_1_41' title='bbox 1153 882 1422 952; x_wconf 80' lang='grc' dir='ltr'>ἀποτυχία</span> <span class='ocrx_word' id='word_1_42' title='bbox 1448 886 1661 948; x_wconf 84' lang='grc' dir='ltr'>τις,κα“ι</span> <span class='ocrx_word' id='word_1_43' title='bbox 1683 886 1847 938; x_wconf 75' lang='grc' dir='ltr'>ἀστο-</span> 
     </span>
    </p>
   </div>
   <div class='ocr_carea' id='block_1_10' title="bbox 264 962 1847 1047">
    <p class='ocr_par' dir='ltr' id='par_1_10' title="bbox 264 962 1847 1047">
     <span class='ocr_line' id='line_1_10' title="bbox 264 962 1847 1047; baseline 0.008 -30"><span class='ocrx_word' id='word_1_44' title='bbox 264 964 357 1033; x_wconf 87' lang='grc' dir='ltr'><strong>χία</strong></span> <span class='ocrx_word' id='word_1_45' title='bbox 406 966 500 1019; x_wconf 83' lang='grc' dir='ltr'><strong>τοῦ</strong></span> <span class='ocrx_word' id='word_1_46' title='bbox 550 967 791 1032; x_wconf 71' lang='grc' dir='ltr'>σκοποῦς</span> <span class='ocrx_word' id='word_1_47' title='bbox 835 968 1175 1041; x_wconf 76' lang='grc' dir='ltr'>Ὦσπεργάρ</span> <span class='ocrx_word' id='word_1_48' title='bbox 1200 971 1362 1035; x_wconf 79' lang='grc' dir='ltr'>εἴτις</span> <span class='ocrx_word' id='word_1_49' title='bbox 1395 974 1553 1044; x_wconf 84' lang='grc' dir='ltr'>ὑγιὴς</span> <span class='ocrx_word' id='word_1_50' title='bbox 1583 962 1670 1027; x_wconf 73' lang='grc' dir='ltr'><strong>ὤν’</strong></span> <span class='ocrx_word' id='word_1_51' title='bbox 1687 977 1745 1028; x_wconf 88' lang='grc' dir='ltr'><strong>ἐν</strong></span> <span class='ocrx_word' id='word_1_52' title='bbox 1768 977 1847 1047; x_wconf 83' lang='grc' dir='ltr'><strong>τῷ</strong></span> 
     </span>
    </p>
   </div>
   <div class='ocr_carea' id='block_1_11' title="bbox 265 1055 1848 1134">
    <p class='ocr_par' dir='ltr' id='par_1_11' title="bbox 265 1055 1848 1134">
     <span class='ocr_line' id='line_1_11' title="bbox 265 1055 1848 1134; baseline 0.007 -26"><span class='ocrx_word' id='word_1_53' title='bbox 265 1055 522 1125; x_wconf 75' lang='grc' dir='ltr'>βαῖίζειν,</span> <span class='ocrx_word' id='word_1_54' title='bbox 547 1058 680 1111; x_wconf 78' lang='grc' dir='ltr'>ὅπου</span> <span class='ocrx_word' id='word_1_55' title='bbox 716 1057 898 1125; x_wconf 88' lang='grc' dir='ltr'>θέλει,</span> <span class='ocrx_word' id='word_1_56' title='bbox 928 1061 1020 1112; x_wconf 73' lang='grc' dir='ltr'><strong>τὸν</strong></span> <span class='ocrx_word' id='word_1_57' title='bbox 1056 1061 1193 1114; x_wconf 82' lang='grc' dir='ltr'>πόδα</span> <span class='ocrx_word' id='word_1_58' title='bbox 1235 1062 1469 1133; x_wconf 78' lang='grc' dir='ltr'><strong>τίθησιν,</strong></span> <span class='ocrx_word' id='word_1_59' title='bbox 1505 1065 1666 1134; x_wconf 80' lang='grc' dir='ltr'>ἠνίκα</span> <span class='ocrx_word' id='word_1_60' title='bbox 1693 1067 1748 1118; x_wconf 75' lang='grc' dir='ltr'>δὲ</span> <span class='ocrx_word' id='word_1_61' title='bbox 1787 1068 1848 1132; x_wconf 77' lang='grc' dir='ltr'><strong>ἐξ</strong></span> 
     </span>
    </p>
   </div>
   <div class='ocr_carea' id='block_1_12' title="bbox 264 1148 1848 1229">
    <p class='ocr_par' dir='ltr' id='par_1_12' title="bbox 264 1148 1848 1229">
     <span class='ocr_line' id='line_1_12' title="bbox 264 1148 1848 1229; baseline 0.016 -28"><span class='ocrx_word' id='word_1_62' title='bbox 264 1148 550 1212; x_wconf 75' lang='grc' dir='ltr'>ἀσθενείας</span> <span class='ocrx_word' id='word_1_63' title='bbox 592 1148 736 1212; x_wconf 80' lang='grc' dir='ltr'>τινὸς</span> <span class='ocrx_word' id='word_1_64' title='bbox 781 1150 1146 1221; x_wconf 69' lang='grc' dir='ltr'>ἀρρωστήσας</span> <span class='ocrx_word' id='word_1_65' title='bbox 1168 1154 1429 1224; x_wconf 74' lang='grc' dir='ltr'>τρομικὸς</span> <span class='ocrx_word' id='word_1_66' title='bbox 1478 1157 1724 1226; x_wconf 66' lang='grc' dir='ltr'>γένηται,</span> <span class='ocrx_word' id='word_1_67' title='bbox 1773 1158 1848 1229; x_wconf 82' lang='grc' dir='ltr'><strong>μὴ</strong></span> 
     </span>
    </p>
   </div>
   <div class='ocr_carea' id='block_1_13' title="bbox 260 1238 1849 1313">
    <p class='ocr_par' dir='ltr' id='par_1_13' title="bbox 260 1238 1849 1313">
     <span class='ocr_line' id='line_1_13' title="bbox 260 1238 1849 1313; baseline 0.008 -23"><span class='ocrx_word' id='word_1_68' title='bbox 260 1238 516 1311; x_wconf 80' lang='grc' dir='ltr'><strong>δυνηθείη</strong></span> <span class='ocrx_word' id='word_1_69' title='bbox 541 1241 633 1293; x_wconf 84' lang='grc' dir='ltr'>τὸν</span> <span class='ocrx_word' id='word_1_70' title='bbox 662 1240 798 1293; x_wconf 88' lang='grc' dir='ltr'>πόδα</span> <span class='ocrx_word' id='word_1_71' title='bbox 837 1241 1045 1306; x_wconf 83' lang='grc' dir='ltr'>θεῖναι,</span> <span class='ocrx_word' id='word_1_72' title='bbox 1073 1243 1208 1295; x_wconf 81' lang='grc' dir='ltr'>ὅπου</span> <span class='ocrx_word' id='word_1_73' title='bbox 1248 1244 1520 1313; x_wconf 84' lang='grc' dir='ltr'>βούλεται,</span> <span class='ocrx_word' id='word_1_74' title='bbox 1549 1247 1684 1301; x_wconf 85' lang='grc' dir='ltr'><strong>ἀλλά</strong></span> <span class='ocrx_word' id='word_1_75' title='bbox 1719 1265 1849 1302; x_wconf 86' lang='grc' dir='ltr'>σκο-</span> 
     </span>
    </p>
   </div>
   <div class='ocr_carea' id='block_1_14' title="bbox 263 1331 1848 1406">
    <p class='ocr_par' dir='ltr' id='par_1_14' title="bbox 263 1331 1848 1406">
     <span class='ocr_line' id='line_1_14' title="bbox 263 1331 1848 1406; baseline 0.007 -24"><span class='ocrx_word' id='word_1_76' title='bbox 263 1331 446 1400; x_wconf 87' lang='grc' dir='ltr'>πήσας</span> <span class='ocrx_word' id='word_1_77' title='bbox 470 1332 551 1396; x_wconf 80' lang='grc' dir='ltr'><strong>είς</strong></span> <span class='ocrx_word' id='word_1_78' title='bbox 577 1333 743 1384; x_wconf 85' lang='grc' dir='ltr'><strong>τόπον</strong></span> <span class='ocrx_word' id='word_1_79' title='bbox 772 1332 891 1385; x_wconf 73' lang='grc' dir='ltr'>τινὰ</span> <span class='ocrx_word' id='word_1_80' title='bbox 922 1331 1092 1401; x_wconf 77' lang='grc' dir='ltr'>πῆξαι</span> <span class='ocrx_word' id='word_1_81' title='bbox 1138 1333 1201 1387; x_wconf 76' lang='grc' dir='ltr'>τὸ</span> <span class='ocrx_word' id='word_1_82' title='bbox 1225 1336 1368 1404; x_wconf 79' lang='grc' dir='ltr'>ίχνος</span> <span class='ocrx_word' id='word_1_83' title='bbox 1388 1377 1402 1401; x_wconf 90' lang='grc'><strong>,</strong></span> <span class='ocrx_word' id='word_1_84' title='bbox 1441 1337 1546 1390; x_wconf 83' lang='grc' dir='ltr'>ὑπὸ</span> <span class='ocrx_word' id='word_1_85' title='bbox 1573 1338 1673 1406; x_wconf 84' lang='grc' dir='ltr'>τῆς</span> <span class='ocrx_word' id='word_1_86' title='bbox 1702 1340 1848 1393; x_wconf 80' lang='grc' dir='ltr'>ἐνοι-</span> 
     </span>
    </p>
   </div>
   <div class='ocr_carea' id='block_1_15' title="bbox 261 1420 1848 1498">
    <p class='ocr_par' dir='ltr' id='par_1_15' title="bbox 261 1420 1848 1498">
     <span class='ocr_line' id='line_1_15' title="bbox 261 1420 1848 1498; baseline 0.005 -25"><span class='ocrx_word' id='word_1_87' title='bbox 261 1420 462 1491; x_wconf 87' lang='grc' dir='ltr'>κούσης</span> <span class='ocrx_word' id='word_1_88' title='bbox 498 1422 809 1493; x_wconf 60' lang='grc' dir='ltr'>ἀρρωστίας</span> <span class='ocrx_word' id='word_1_89' title='bbox 849 1423 1182 1494; x_wconf 75' lang='grc' dir='ltr'><strong>ὠθούμενος,</strong></span> <span class='ocrx_word' id='word_1_90' title='bbox 1216 1425 1456 1497; x_wconf 89' lang='grc' dir='ltr'>ἀλλαχοῦ</span> <span class='ocrx_word' id='word_1_91' title='bbox 1478 1428 1539 1480; x_wconf 76' lang='grc' dir='ltr'>τὸ</span> <span class='ocrx_word' id='word_1_92' title='bbox 1563 1427 1713 1498; x_wconf 81' lang='grc' dir='ltr'>βῆμα</span> <span class='ocrx_word' id='word_1_93' title='bbox 1750 1445 1848 1481; x_wconf 84' lang='grc' dir='ltr'>πε-</span> 
     </span>
    </p>
   </div>
   <div class='ocr_carea' id='block_1_16' title="bbox 265 1513 1845 1592">
    <p class='ocr_par' dir='ltr' id='par_1_16' title="bbox 265 1513 1845 1592">
     <span class='ocr_line' id='line_1_16' title="bbox 265 1513 1845 1592; baseline 0.006 -29"><span class='ocrx_word' id='word_1_94' title='bbox 265 1513 649 1583; x_wconf 73' lang='grc' dir='ltr'>ριστρέψαιεν·</span> <span class='ocrx_word' id='word_1_95' title='bbox 679 1513 933 1569; x_wconf 74' lang='grc' dir='ltr'>οὕτωκαὶ</span> <span class='ocrx_word' id='word_1_96' title='bbox 962 1515 1063 1584; x_wconf 80' lang='grc' dir='ltr'>τῆς</span> <span class='ocrx_word' id='word_1_97' title='bbox 1093 1517 1372 1587; x_wconf 83' lang='grc' dir='ltr'>ἁμαρτίας</span> <span class='ocrx_word' id='word_1_98' title='bbox 1399 1520 1764 1591; x_wconf 82' lang='grc' dir='ltr'>ὲνοικησάσης</span> <span class='ocrx_word' id='word_1_99' title='bbox 1779 1523 1845 1592; x_wconf 78' lang='grc' dir='ltr'>τῇ</span> 
     </span>
    </p>
   </div>
   <div class='ocr_carea' id='block_1_17' title="bbox 263 1604 1848 1679">
    <p class='ocr_par' dir='ltr' id='par_1_17' title="bbox 263 1604 1848 1679">
     <span class='ocr_line' id='line_1_17' title="bbox 263 1604 1848 1679; baseline 0.005 -23"><span class='ocrx_word' id='word_1_100' title='bbox 263 1604 510 1676; x_wconf 67' lang='grc' dir='ltr'>ἡμετέρᾳ</span> <span class='ocrx_word' id='word_1_101' title='bbox 546 1604 713 1676; x_wconf 67' lang='grc' dir='ltr'>ψυχῇ,</span> <span class='ocrx_word' id='word_1_102' title='bbox 767 1605 969 1674; x_wconf 83' lang='grc' dir='ltr'>ἀσθενῆ</span> <span class='ocrx_word' id='word_1_103' title='bbox 1036 1606 1207 1678; x_wconf 82' lang='grc' dir='ltr'>αὐτὴν</span> <span class='ocrx_word' id='word_1_104' title='bbox 1249 1611 1344 1662; x_wconf 79' lang='grc' dir='ltr'>καὶ</span> <span class='ocrx_word' id='word_1_105' title='bbox 1397 1608 1682 1679; x_wconf 72' lang='grc' dir='ltr'>ἄρρωστον</span> <span class='ocrx_word' id='word_1_106' title='bbox 1746 1624 1848 1663; x_wconf 59' lang='grc' dir='ltr'><strong>πθ-</strong></span> 
     </span>
    </p>
   </div>
   <div class='ocr_carea' id='block_1_18' title="bbox 263 1694 1847 1768">
    <p class='ocr_par' dir='ltr' id='par_1_18' title="bbox 263 1694 1847 1768">
     <span class='ocr_line' id='line_1_18' title="bbox 263 1694 1847 1768; baseline 0.004 -20"><span class='ocrx_word' id='word_1_107' title='bbox 263 1696 516 1764; x_wconf 86' lang='grc' dir='ltr'>ποίηκεν,</span> <span class='ocrx_word' id='word_1_108' title='bbox 568 1694 903 1767; x_wconf 83' lang='grc' dir='ltr'>ἀστοχοῦσαν</span> <span class='ocrx_word' id='word_1_109' title='bbox 952 1700 1049 1751; x_wconf 79' lang='grc' dir='ltr'>καὶ</span> <span class='ocrx_word' id='word_1_110' title='bbox 1095 1699 1519 1768; x_wconf 77' lang='grc' dir='ltr'><strong>ἁμαρτάνουσαν</strong></span> <span class='ocrx_word' id='word_1_111' title='bbox 1592 1700 1702 1753; x_wconf 88' lang='grc' dir='ltr'><strong>τῶν</strong></span> <span class='ocrx_word' id='word_1_112' title='bbox 1767 1704 1847 1754; x_wconf 78' lang='lat' dir='ltr'><strong>ol-</strong></span> 
     </span>
    </p>
   </div>
   <div class='ocr_carea' id='block_1_19' title="bbox 263 1771 1925 1860">
    <p class='ocr_par' dir='ltr' id='par_1_19' title="bbox 263 1771 1925 1860">
     <span class='ocr_line' id='line_1_19' title="bbox 263 1771 1925 1860; baseline 0.002 -18"><span class='ocrx_word' id='word_1_113' title='bbox 263 1790 427 1842; x_wconf 80' lang='grc' dir='ltr'>κείων</span> <span class='ocrx_word' id='word_1_114' title='bbox 460 1788 679 1841; x_wconf 83' lang='grc' dir='ltr'>σκοπῶν</span> <span class='ocrx_word' id='word_1_115' title='bbox 714 1790 805 1842; x_wconf 75' lang='grc' dir='ltr'><strong>καὶ</strong></span> <span class='ocrx_word' id='word_1_116' title='bbox 830 1788 1143 1859; x_wconf 81' lang='grc' dir='ltr'>προθέσεων</span> <span class='ocrx_word' id='word_1_117' title='bbox 1168 1806 1182 1820; x_wconf 76' lang='grc' dir='ltr'><strong>ο</strong></span> <span class='ocrx_word' id='word_1_118' title='bbox 1205 1792 1233 1842; x_wconf 90' lang='grc' dir='ltr'><strong>ό</strong></span> <span class='ocrx_word' id='word_1_119' title='bbox 1260 1790 1315 1842; x_wconf 80' lang='grc' dir='ltr'>δὲ</span> <span class='ocrx_word' id='word_1_120' title='bbox 1338 1791 1573 1860; x_wconf 79' lang='grc' dir='ltr'>Χριστὸς</span> <span class='ocrx_word' id='word_1_121' title='bbox 1596 1790 1848 1860; x_wconf 77' lang='grc' dir='ltr'>βαπτίζει</span> <span class='ocrx_word' id='word_1_122' title='bbox 1883 1771 1925 1824; x_wconf 77' lang='grc' dir='ltr'><strong>Β</strong></span> 
     </span>
    </p>
   </div>
   <div class='ocr_carea' id='block_1_20' title="bbox 260 1878 1846 1951">
    <p class='ocr_par' dir='ltr' id='par_1_20' title="bbox 260 1878 1846 1951">
     <span class='ocr_line' id='line_1_20' title="bbox 260 1878 1846 1951; baseline 0.003 -18"><span class='ocrx_word' id='word_1_123' title='bbox 260 1880 410 1947; x_wconf 76' lang='grc' dir='ltr'>ἡμᾶς</span> <span class='ocrx_word' id='word_1_124' title='bbox 434 1880 493 1931; x_wconf 80' lang='grc' dir='ltr'><strong>ἐν</strong></span> <span class='ocrx_word' id='word_1_125' title='bbox 522 1878 697 1943; x_wconf 71' lang='grc' dir='ltr'>ὕδατι,</span> <span class='ocrx_word' id='word_1_126' title='bbox 729 1880 829 1932; x_wconf 75' lang='grc' dir='ltr'>καὶ</span> <span class='ocrx_word' id='word_1_127' title='bbox 863 1880 1167 1950; x_wconf 84' lang='grc' dir='ltr'>Πνεύμστι,</span> <span class='ocrx_word' id='word_1_128' title='bbox 1200 1882 1295 1934; x_wconf 77' lang='grc' dir='ltr'>καὶ</span> <span class='ocrx_word' id='word_1_129' title='bbox 1326 1882 1542 1951; x_wconf 86' lang='grc' dir='ltr'>ἡχάρις</span> <span class='ocrx_word' id='word_1_130' title='bbox 1571 1882 1664 1935; x_wconf 83' lang='grc' dir='ltr'>τοῦ</span> <span class='ocrx_word' id='word_1_131' title='bbox 1690 1884 1846 1951; x_wconf 82' lang='grc' dir='ltr'><strong>ἁγίου</strong></span> 
     </span>
    </p>
   </div>
   <div class='ocr_carea' id='block_1_21' title="bbox 261 1970 1843 2045">
    <p class='ocr_par' dir='ltr' id='par_1_21' title="bbox 261 1970 1843 2045">
     <span class='ocr_line' id='line_1_21' title="bbox 261 1970 1843 2045; baseline 0.004 -23"><span class='ocrx_word' id='word_1_132' title='bbox 261 1970 584 2041; x_wconf 84' lang='grc' dir='ltr'>Πνεύματος</span> <span class='ocrx_word' id='word_1_133' title='bbox 626 1971 893 2041; x_wconf 79' lang='grc' dir='ltr'>ῥώννυσιν</span> <span class='ocrx_word' id='word_1_134' title='bbox 940 1973 1110 2042; x_wconf 82' lang='grc' dir='ltr'>ἡμᾶς,</span> <span class='ocrx_word' id='word_1_135' title='bbox 1156 1973 1338 2025; x_wconf 84' lang='grc' dir='ltr'>πᾶσαν</span> <span class='ocrx_word' id='word_1_136' title='bbox 1390 1973 1489 2043; x_wconf 73' lang='grc' dir='ltr'>τὴν</span> <span class='ocrx_word' id='word_1_137' title='bbox 1523 1974 1843 2045; x_wconf 80' lang='grc' dir='ltr'>ἁμαρτίαν,</span> 
     </span>
    </p>
   </div>
   <div class='ocr_carea' id='block_1_22' title="bbox 260 2062 1843 2134">
    <p class='ocr_par' dir='ltr' id='par_1_22' title="bbox 260 2062 1843 2134">
     <span class='ocr_line' id='line_1_22' title="bbox 260 2062 1843 2134; baseline 0.003 -18"><span class='ocrx_word' id='word_1_138' title='bbox 260 2065 352 2116; x_wconf 74' lang='grc' dir='ltr'><strong>καὶ</strong></span> <span class='ocrx_word' id='word_1_139' title='bbox 398 2063 499 2133; x_wconf 84' lang='grc' dir='ltr'>τὴν</span> <span class='ocrx_word' id='word_1_140' title='bbox 529 2062 869 2134; x_wconf 73' lang='grc' dir='ltr'>ἀρρωστίαν,</span> <span class='ocrx_word' id='word_1_141' title='bbox 902 2063 999 2116; x_wconf 77' lang='grc' dir='ltr'><strong>καὶ</strong></span> <span class='ocrx_word' id='word_1_142' title='bbox 1028 2064 1184 2116; x_wconf 88' lang='grc' dir='ltr'>νόσον</span> <span class='ocrx_word' id='word_1_143' title='bbox 1213 2063 1460 2130; x_wconf 81' lang='grc' dir='ltr'>ἀποξύει,</span> <span class='ocrx_word' id='word_1_144' title='bbox 1485 2065 1577 2118; x_wconf 80' lang='grc' dir='ltr'><strong>καὶ</strong></span> <span class='ocrx_word' id='word_1_145' title='bbox 1608 2068 1843 2127; x_wconf 83' lang='grc' dir='ltr'>ἀνανεοῖ,</span> 
     </span>
    </p>
   </div>
   <div class='ocr_carea' id='block_1_23' title="bbox 261 2149 1845 2228">
    <p class='ocr_par' dir='ltr' id='par_1_23' title="bbox 261 2149 1845 2228">
     <span class='ocr_line' id='line_1_23' title="bbox 261 2149 1845 2228; baseline 0.004 -22"><span class='ocrx_word' id='word_1_146' title='bbox 261 2155 355 2206; x_wconf 77' lang='grc' dir='ltr'><strong>καὶ</strong></span> <span class='ocrx_word' id='word_1_147' title='bbox 400 2149 743 2221; x_wconf 80' lang='grc' dir='ltr'>ἀνακαινίζει</span> <span class='ocrx_word' id='word_1_148' title='bbox 796 2155 891 2209; x_wconf 72' lang='grc' dir='ltr'><strong>καὶ</strong></span> <span class='ocrx_word' id='word_1_149' title='bbox 951 2158 1034 2220; x_wconf 88' lang='grc' dir='ltr'><strong>είς</strong></span> <span class='ocrx_word' id='word_1_150' title='bbox 1084 2156 1145 2209; x_wconf 78' lang='grc' dir='ltr'><strong>τὸ</strong></span> <span class='ocrx_word' id='word_1_151' title='bbox 1194 2158 1422 2228; x_wconf 85' lang='grc' dir='ltr'>ἀρχαῖον</span> <span class='ocrx_word' id='word_1_152' title='bbox 1470 2157 1690 2224; x_wconf 83' lang='grc' dir='ltr'>σθένος,</span> <span class='ocrx_word' id='word_1_153' title='bbox 1751 2160 1845 2212; x_wconf 80' lang='grc' dir='ltr'><strong>καὶ</strong></span> 
     </span>
    </p>
   </div>
   <div class='ocr_carea' id='block_1_24' title="bbox 259 2243 1748 2317">
    <p class='ocr_par' dir='ltr' id='par_1_24' title="bbox 259 2243 1748 2317">
     <span class='ocr_line' id='line_1_24' title="bbox 259 2243 1748 2317; baseline 0.001 -19"><span class='ocrx_word' id='word_1_154' title='bbox 259 2243 475 2308; x_wconf 86' lang='grc' dir='ltr'>κάλλος,</span> <span class='ocrx_word' id='word_1_155' title='bbox 505 2245 567 2299; x_wconf 80' lang='grc' dir='ltr'>τὸ</span> <span class='ocrx_word' id='word_1_156' title='bbox 593 2245 696 2316; x_wconf 84' lang='grc' dir='ltr'><strong>πρὸ</strong></span> <span class='ocrx_word' id='word_1_157' title='bbox 724 2246 825 2316; x_wconf 78' lang='grc' dir='ltr'>τῆς</span> <span class='ocrx_word' id='word_1_158' title='bbox 857 2245 1246 2317; x_wconf 78' lang='grc' dir='ltr'>παραϐάσεως,</span> <span class='ocrx_word' id='word_1_159' title='bbox 1294 2246 1748 2317; x_wconf 78' lang='grc' dir='ltr'>ἀποκαθίστησιν.</span> 
     </span>
    </p>
   </div>
   <div class='ocr_carea' id='block_1_25' title="bbox 327 2336 1494 2408">
    <p class='ocr_par' dir='ltr' id='par_1_25' title="bbox 327 2336 1494 2408">
     <span class='ocr_line' id='line_1_25' title="bbox 327 2336 1494 2408; baseline 0.003 -21"><span class='ocrx_word' id='word_1_160' title='bbox 327 2336 389 2388; x_wconf 90' lang='grc' dir='ltr'><strong>Β.</strong></span> <span class='ocrx_word' id='word_1_161' title='bbox 423 2336 679 2405; x_wconf 79' lang='grc' dir='ltr'>Πέμπτον</span> <span class='ocrx_word' id='word_1_162' title='bbox 713 2336 1103 2390; x_wconf 78' lang='grc' dir='ltr'>ὑπολέλειπται</span> <span class='ocrx_word' id='word_1_163' title='bbox 1128 2337 1190 2390; x_wconf 87' lang='grc' dir='ltr'>τὸ</span> <span class='ocrx_word' id='word_1_164' title='bbox 1220 2336 1312 2390; x_wconf 80' lang='grc' dir='ltr'>τοῦ</span> <span class='ocrx_word' id='word_1_165' title='bbox 1344 2336 1494 2408; x_wconf 70' lang='grc' dir='ltr'>ᾅδου.</span> 
     </span>
    </p>
   </div>
   <div class='ocr_carea' id='block_1_26' title="bbox 329 2423 1890 2499">
    <p class='ocr_par' dir='ltr' id='par_1_26' title="bbox 329 2423 1890 2499">
     <span class='ocr_line' id='line_1_26' title="bbox 329 2423 1890 2499; baseline 0.002 -19"><span class='ocrx_word' id='word_1_166' title='bbox 329 2427 393 2480; x_wconf 83' lang='grc' dir='ltr'><strong>Δ.</strong></span> <span class='ocrx_word' id='word_1_167' title='bbox 443 2426 661 2496; x_wconf 79' lang='grc' dir='ltr'>Ἐπειδὴ</span> <span class='ocrx_word' id='word_1_168' title='bbox 695 2426 959 2481; x_wconf 91' lang='grc' dir='ltr'>ἀδύνατον</span> <span class='ocrx_word' id='word_1_169' title='bbox 983 2428 1125 2499; x_wconf 86' lang='grc' dir='ltr'><strong>μετά</strong></span> <span class='ocrx_word' id='word_1_170' title='bbox 1155 2429 1356 2498; x_wconf 84' lang='grc' dir='ltr'>σαρκὸς</span> <span class='ocrx_word' id='word_1_171' title='bbox 1396 2429 1703 2499; x_wconf 76' lang='grc' dir='ltr'>ἐνδημῆσαι</span> <span class='ocrx_word' id='word_1_172' title='bbox 1729 2431 1845 2494; x_wconf 81' lang='grc' dir='ltr'>τοῖς</span> <span class='ocrx_word' id='word_1_173' title='bbox 1886 2423 1890 2427; x_wconf 61' lang='grc'><em>’</em></span> 
     </span>
    </p>
   </div>
   <div class='ocr_carea' id='block_1_27' title="bbox 258 2515 1845 2591">
    <p class='ocr_par' dir='ltr' id='par_1_27' title="bbox 258 2515 1845 2591">
     <span class='ocr_line' id='line_1_27' title="bbox 258 2515 1845 2591; baseline 0.004 -23"><span class='ocrx_word' id='word_1_174' title='bbox 258 2517 318 2568; x_wconf 87' lang='grc' dir='ltr'><strong>ἐν</strong></span> <span class='ocrx_word' id='word_1_175' title='bbox 344 2515 494 2588; x_wconf 69' lang='grc' dir='ltr'>ᾅδου,</span> <span class='ocrx_word' id='word_1_176' title='bbox 532 2517 611 2588; x_wconf 86' lang='grc' dir='ltr'>τῷ</span> <span class='ocrx_word' id='word_1_177' title='bbox 640 2518 858 2588; x_wconf 86' lang='grc' dir='ltr'>θανάτῳ</span> <span class='ocrx_word' id='word_1_178' title='bbox 886 2518 1253 2589; x_wconf 74' lang='grc' dir='ltr'>διαιρεθείσης</span> <span class='ocrx_word' id='word_1_179' title='bbox 1288 2520 1353 2573; x_wconf 86' lang='grc' dir='ltr'>ὲκ</span> <span class='ocrx_word' id='word_1_180' title='bbox 1374 2521 1474 2591; x_wconf 75' lang='grc' dir='ltr'>τῆς</span> <span class='ocrx_word' id='word_1_181' title='bbox 1520 2521 1720 2588; x_wconf 80' lang='grc' dir='ltr'>σαρκὸς</span> <span class='ocrx_word' id='word_1_182' title='bbox 1742 2523 1845 2590; x_wconf 84' lang='grc' dir='ltr'>τῆς</span> 
     </span>
    </p>
   </div>
   <div class='ocr_carea' id='block_1_28' title="bbox 256 2608 1844 2681">
    <p class='ocr_par' dir='ltr' id='par_1_28' title="bbox 256 2608 1844 2681">
     <span class='ocr_line' id='line_1_28' title="bbox 256 2608 1844 2681; baseline 0.003 -21"><span class='ocrx_word' id='word_1_183' title='bbox 256 2608 354 2661; x_wconf 75' lang='grc' dir='ltr'>τοῦ</span> <span class='ocrx_word' id='word_1_184' title='bbox 402 2611 607 2681; x_wconf 78' lang='grc' dir='ltr'>Κυρίου</span> <span class='ocrx_word' id='word_1_185' title='bbox 662 2608 865 2680; x_wconf 73' lang='grc' dir='ltr'>ψυχῆς,</span> <span class='ocrx_word' id='word_1_186' title='bbox 911 2611 1090 2681; x_wconf 82' lang='grc' dir='ltr'>γυμνὴ</span> <span class='ocrx_word' id='word_1_187' title='bbox 1132 2612 1254 2674; x_wconf 84' lang='grc' dir='ltr'>ταῖς</span> <span class='ocrx_word' id='word_1_188' title='bbox 1301 2611 1359 2663; x_wconf 91' lang='grc' dir='ltr'><strong>ἐν</strong></span> <span class='ocrx_word' id='word_1_189' title='bbox 1412 2610 1594 2664; x_wconf 81' lang='grc' dir='ltr'>σκότει</span> <span class='ocrx_word' id='word_1_190' title='bbox 1640 2610 1844 2681; x_wconf 78' lang='grc' dir='ltr'>ψυχαῖς</span> 
     </span>
    </p>
   </div>
   <div class='ocr_carea' id='block_1_29' title="bbox 258 2700 1842 2772">
    <p class='ocr_par' dir='ltr' id='par_1_29' title="bbox 258 2700 1842 2772">
     <span class='ocr_line' id='line_1_29' title="bbox 258 2700 1842 2772; baseline -0.001 -18"><span class='ocrx_word' id='word_1_191' title='bbox 258 2702 635 2771; x_wconf 83' lang='grc' dir='ltr'>ὲνδημήσασα,</span> <span class='ocrx_word' id='word_1_192' title='bbox 669 2703 763 2754; x_wconf 72' lang='grc' dir='ltr'><strong>καὶ</strong></span> <span class='ocrx_word' id='word_1_193' title='bbox 800 2701 915 2770; x_wconf 83' lang='grc' dir='ltr'><strong>φῶς</strong></span> <span class='ocrx_word' id='word_1_194' title='bbox 970 2701 1155 2763; x_wconf 81' lang='grc' dir='ltr'>αὐτοῖς</span> <span class='ocrx_word' id='word_1_195' title='bbox 1196 2700 1255 2753; x_wconf 81' lang='grc' dir='ltr'><strong>τὸ</strong></span> <span class='ocrx_word' id='word_1_196' title='bbox 1288 2702 1386 2768; x_wconf 73' lang='grc' dir='ltr'>τῆς</span> <span class='ocrx_word' id='word_1_197' title='bbox 1426 2701 1684 2772; x_wconf 84' lang='grc' dir='ltr'>θεότητος</span> <span class='ocrx_word' id='word_1_198' title='bbox 1739 2703 1842 2755; x_wconf 87' lang='grc' dir='ltr'>ἀπ-</span> 
     </span>
    </p>
   </div>
   <div class='ocr_carea' id='block_1_30' title="bbox 257 2790 1842 2862">
    <p class='ocr_par' dir='ltr' id='par_1_30' title="bbox 257 2790 1842 2862">
     <span class='ocr_line' id='line_1_30' title="bbox 257 2790 1842 2862; baseline 0 -17"><span class='ocrx_word' id='word_1_199' title='bbox 257 2791 601 2862; x_wconf 81' lang='grc' dir='ltr'>αστράψασα,</span> <span class='ocrx_word' id='word_1_200' title='bbox 635 2792 729 2845; x_wconf 80' lang='grc' dir='ltr'><strong>καὶ</strong></span> <span class='ocrx_word' id='word_1_201' title='bbox 746 2794 827 2857; x_wconf 76' lang='grc' dir='ltr'><strong>είς</strong></span> <span class='ocrx_word' id='word_1_202' title='bbox 860 2792 1028 2845; x_wconf 74' lang='grc' dir='ltr'>αὑτὸν</span> <span class='ocrx_word' id='word_1_203' title='bbox 1050 2790 1420 2854; x_wconf 79' lang='grc' dir='ltr'>πιστευσάσας</span> <span class='ocrx_word' id='word_1_204' title='bbox 1441 2793 1522 2854; x_wconf 82' lang='grc' dir='ltr'><strong>είς</strong></span> <span class='ocrx_word' id='word_1_205' title='bbox 1548 2792 1638 2845; x_wconf 81' lang='grc' dir='ltr'><strong>τὸν</strong></span> <span class='ocrx_word' id='word_1_206' title='bbox 1657 2793 1842 2861; x_wconf 88' lang='grc' dir='ltr'>παρά-</span> 
     </span>
    </p>
   </div>
   <div class='ocr_carea' id='block_1_31' title="bbox 256 2881 1843 2954">
    <p class='ocr_par' dir='ltr' id='par_1_31' title="bbox 256 2881 1843 2954">
     <span class='ocr_line' id='line_1_31' title="bbox 256 2881 1843 2954; baseline 0.001 -19"><span class='ocrx_word' id='word_1_207' title='bbox 256 2881 432 2936; x_wconf 82' lang='grc' dir='ltr'>δεισον</span> <span class='ocrx_word' id='word_1_208' title='bbox 459 2883 855 2954; x_wconf 87' lang='grc' dir='ltr'>μετατέθηκεν,</span> <span class='ocrx_word' id='word_1_209' title='bbox 874 2883 968 2937; x_wconf 74' lang='grc' dir='ltr'>καὶ</span> <span class='ocrx_word' id='word_1_210' title='bbox 994 2882 1056 2934; x_wconf 82' lang='grc' dir='ltr'>τὸ</span> <span class='ocrx_word' id='word_1_211' title='bbox 1080 2881 1174 2934; x_wconf 74' lang='grc' dir='ltr'><strong>τοῦ</strong></span> <span class='ocrx_word' id='word_1_212' title='bbox 1201 2881 1331 2952; x_wconf 77' lang='grc' dir='ltr'>ᾅδου</span> <span class='ocrx_word' id='word_1_213' title='bbox 1366 2881 1640 2950; x_wconf 87' lang='grc' dir='ltr'>βασίλειον</span> <span class='ocrx_word' id='word_1_214' title='bbox 1669 2900 1843 2937; x_wconf 86' lang='grc' dir='ltr'>κατα-</span> 
     </span>
    </p>
   </div>
   <div class='ocr_carea' id='block_1_32' title="bbox 255 2973 1841 3046">
    <p class='ocr_par' dir='ltr' id='par_1_32' title="bbox 255 2973 1841 3046">
     <span class='ocr_line' id='line_1_32' title="bbox 255 2973 1841 3046; baseline 0.003 -21"><span class='ocrx_word' id='word_1_215' title='bbox 255 2973 502 3030; x_wconf 72' lang='grc' dir='ltr'>)έλυκεν.</span> <span class='ocrx_word' id='word_1_216' title='bbox 527 2975 740 3046; x_wconf 80' lang='grc' dir='ltr'>Ὠσπερ</span> <span class='ocrx_word' id='word_1_217' title='bbox 765 2975 876 3046; x_wconf 86' lang='grc' dir='ltr'>γὰρ</span> <span class='ocrx_word' id='word_1_218' title='bbox 941 2974 1083 3042; x_wconf 87' lang='grc' dir='ltr'>πύλη</span> <span class='ocrx_word' id='word_1_219' title='bbox 1141 2977 1236 3026; x_wconf 75' lang='grc' dir='ltr'><strong>καὶ</strong></span> <span class='ocrx_word' id='word_1_220' title='bbox 1266 2974 1470 3037; x_wconf 78' lang='grc' dir='ltr'>εἴσοδος</span> <span class='ocrx_word' id='word_1_221' title='bbox 1520 2974 1618 3044; x_wconf 80' lang='grc' dir='ltr'><strong>τῆς</strong></span> <span class='ocrx_word' id='word_1_222' title='bbox 1646 2976 1727 3038; x_wconf 72' lang='grc' dir='ltr'><strong>εις</strong></span> <span class='ocrx_word' id='word_1_223' title='bbox 1751 2976 1841 3028; x_wconf 82' lang='grc' dir='ltr'><strong>τὸν</strong></span> 
     </span>
    </p>
   </div>
   <div class='ocr_carea' id='block_1_33' title="bbox 1948 536 3535 609">
    <p class='ocr_par' dir='ltr' id='par_1_33' title="bbox 1948 536 3535 609">
     <span class='ocr_line' id='line_1_33' title="bbox 1948 536 3535 609; baseline 0.002 -19"><span class='ocrx_word' id='word_1_224' title='bbox 1948 550 2127 605; x_wconf 85' lang='lat' dir='ltr'><strong>neque</strong></span> <span class='ocrx_word' id='word_1_225' title='bbox 2186 536 2564 591; x_wconf 76' lang='lat' dir='ltr'><strong>misericordia</strong></span> <span class='ocrx_word' id='word_1_226' title='bbox 2614 536 2736 606; x_wconf 85' lang='lat' dir='ltr'><strong>ejus</strong></span> <span class='ocrx_word' id='word_1_227' title='bbox 2797 536 3102 609; x_wconf 81' lang='grc' dir='ltr'>ἄπρακτος,</span> <span class='ocrx_word' id='word_1_228' title='bbox 3157 539 3206 592; x_wconf 94' lang='lat' dir='ltr'><strong>id</strong></span> <span class='ocrx_word' id='word_1_229' title='bbox 3264 546 3372 602; x_wconf 88' lang='lat' dir='ltr'><strong>est,</strong></span> <span class='ocrx_word' id='word_1_230' title='bbox 3415 539 3535 593; x_wconf 83' lang='lat' dir='ltr'><strong>sine</strong></span> 
     </span>
    </p>
   </div>
   <div class='ocr_carea' id='block_1_34' title="bbox 1948 628 2919 696">
    <p class='ocr_par' dir='ltr' id='par_1_34' title="bbox 1948 628 2919 696">
     <span class='ocr_line' id='line_1_34' title="bbox 1948 628 2919 696; baseline 0.002 -16"><span class='ocrx_word' id='word_1_231' title='bbox 1948 640 2113 696; x_wconf 90' lang='lat' dir='ltr'><strong>opere</strong></span> <span class='ocrx_word' id='word_1_232' title='bbox 2150 628 2382 696; x_wconf 65' lang='lat' dir='ltr'><strong>iustitiae</strong></span> <span class='ocrx_word' id='word_1_233' title='bbox 2417 628 2919 683; x_wconf 85' lang='lat' dir='ltr'><strong>transmitteretur.</strong></span> 
     </span>
    </p>
   </div>
   <div class='ocr_carea' id='block_1_35' title="bbox 2020 716 3536 788">
    <p class='ocr_par' dir='ltr' id='par_1_35' title="bbox 2020 716 3536 788">
     <span class='ocr_line' id='line_1_35' title="bbox 2020 716 3536 788; baseline 0.001 -17"><span class='ocrx_word' id='word_1_234' title='bbox 2020 716 2084 771; x_wconf 86' lang='grc' dir='ltr'><strong>Β.</strong></span> <span class='ocrx_word' id='word_1_235' title='bbox 2114 719 2223 771; x_wconf 85' lang='lat' dir='ltr'><strong>Sed</strong></span> <span class='ocrx_word' id='word_1_236' title='bbox 2255 718 2323 771; x_wconf 87' lang='lat' dir='ltr'><strong>de</strong></span> <span class='ocrx_word' id='word_1_237' title='bbox 2356 718 2443 771; x_wconf 86' lang='lat' dir='ltr'><strong>his</strong></span> <span class='ocrx_word' id='word_1_238' title='bbox 2474 719 2608 773; x_wconf 88' lang='lat' dir='ltr'><strong>satis</strong></span> <span class='ocrx_word' id='word_1_239' title='bbox 2641 720 2930 773; x_wconf 80' lang='lat' dir='ltr'><strong>hactenus.</strong></span> <span class='ocrx_word' id='word_1_240' title='bbox 2956 718 3181 788; x_wconf 79' lang='lat' dir='ltr'><strong>Explica</strong></span> <span class='ocrx_word' id='word_1_241' title='bbox 3210 717 3392 783; x_wconf 88' lang='lat' dir='ltr'><strong>modo,</strong></span> <span class='ocrx_word' id='word_1_242' title='bbox 3423 733 3536 788; x_wconf 91' lang='lat' dir='ltr'><strong>quo</strong></span> 
     </span>
    </p>
   </div>
   <div class='ocr_carea' id='block_1_36' title="bbox 1951 807 2898 875">
    <p class='ocr_par' dir='ltr' id='par_1_36' title="bbox 1951 807 2898 875">
     <span class='ocr_line' id='line_1_36' title="bbox 1951 807 2898 875; baseline 0.002 -15"><span class='ocrx_word' id='word_1_243' title='bbox 1951 807 2115 861; x_wconf 89' lang='lat' dir='ltr'><strong>modo</strong></span> <span class='ocrx_word' id='word_1_244' title='bbox 2150 822 2214 861; x_wconf 79' lang='lat' dir='ltr'><strong>ex</strong></span> <span class='ocrx_word' id='word_1_245' title='bbox 2245 817 2468 875; x_wconf 88' lang='lat' dir='ltr'><strong>peccato</strong></span> <span class='ocrx_word' id='word_1_246' title='bbox 2500 823 2599 863; x_wconf 88' lang='lat' dir='ltr'><strong>nos</strong></span> <span class='ocrx_word' id='word_1_247' title='bbox 2625 808 2898 862; x_wconf 84' lang='lat' dir='ltr'><strong>liberavit.</strong></span> 
     </span>
    </p>
   </div>
   <div class='ocr_carea' id='block_1_37' title="bbox 2017 897 3532 967">
    <p class='ocr_par' dir='ltr' id='par_1_37' title="bbox 2017 897 3532 967">
     <span class='ocr_line' id='line_1_37' title="bbox 2017 897 3532 967; baseline 0.007 -18"><span class='ocrx_word' id='word_1_248' title='bbox 2017 898 2084 950; x_wconf 83' lang='lat' dir='ltr'><strong>A.</strong></span> <span class='ocrx_word' id='word_1_249' title='bbox 2119 897 2261 963; x_wconf 87' lang='lat' dir='ltr'><strong>Quid</strong></span> <span class='ocrx_word' id='word_1_250' title='bbox 2302 908 2387 953; x_wconf 91' lang='lat' dir='ltr'><strong>est</strong></span> <span class='ocrx_word' id='word_1_251' title='bbox 2438 900 2765 967; x_wconf 84' lang='lat' dir='ltr'><strong>peccatum?</strong></span> <span class='ocrx_word' id='word_1_252' title='bbox 2827 915 3009 954; x_wconf 88' lang='lat' dir='ltr'><strong>nonne</strong></span> <span class='ocrx_word' id='word_1_253' title='bbox 3060 909 3145 956; x_wconf 86' lang='lat' dir='ltr'><strong>est</strong></span> <span class='ocrx_word' id='word_1_254' title='bbox 3191 905 3462 959; x_wconf 71' lang='lat' dir='ltr'><strong>alierratio</strong></span> <span class='ocrx_word' id='word_1_255' title='bbox 3500 922 3532 959; x_wconf 88' lang='lat' dir='ltr'><strong>a</strong></span> 
     </span>
    </p>
   </div>
   <div class='ocr_carea' id='block_1_38' title="bbox 1950 986 3534 1068">
    <p class='ocr_par' dir='ltr' id='par_1_38' title="bbox 1950 986 3534 1068">
     <span class='ocr_line' id='line_1_38' title="bbox 1950 986 3534 1068; baseline 0.005 -26"><span class='ocrx_word' id='word_1_256' title='bbox 1950 988 2159 1056; x_wconf 85' lang='lat' dir='ltr'><strong>scopo?</strong></span> <span class='ocrx_word' id='word_1_257' title='bbox 2195 986 2263 1042; x_wconf 88' lang='lat' dir='ltr'><strong>Ut</strong></span> <span class='ocrx_word' id='word_1_258' title='bbox 2295 989 2514 1042; x_wconf 89' lang='lat' dir='ltr'><strong>enimsi</strong></span> <span class='ocrx_word' id='word_1_259' title='bbox 2545 988 2681 1068; x_wconf 81' lang='lat' dir='ltr'><strong>quis</strong></span> <span class='ocrx_word' id='word_1_260' title='bbox 2727 989 2894 1053; x_wconf 86' lang='lat' dir='ltr'><strong>valet,</strong></span> <span class='ocrx_word' id='word_1_261' title='bbox 2946 1006 3069 1043; x_wconf 91' lang='lat' dir='ltr'><strong>cum</strong></span> <span class='ocrx_word' id='word_1_262' title='bbox 3105 993 3369 1058; x_wconf 87' lang='lat' dir='ltr'><strong>ambulat,</strong></span> <span class='ocrx_word' id='word_1_263' title='bbox 3441 995 3534 1049; x_wconf 83' lang='lat' dir='ltr'><strong>ubi</strong></span> 
     </span>
    </p>
   </div>
   <div class='ocr_carea' id='block_1_39' title="bbox 1904 1079 3534 1154">
    <p class='ocr_par' dir='ltr' id='par_1_39' title="bbox 1904 1079 3534 1154">
     <span class='ocr_line' id='line_1_39' title="bbox 1904 1079 3534 1154; baseline 0.005 -24"><span class='ocrx_word' id='word_1_264' title='bbox 1904 1148 1913 1154; x_wconf 27' lang='grc' dir='ltr'><em>υ</em></span> <span class='ocrx_word' id='word_1_265' title='bbox 1948 1079 2086 1141; x_wconf 86' lang='lat' dir='ltr'><strong>vult,</strong></span> <span class='ocrx_word' id='word_1_266' title='bbox 2122 1079 2309 1146; x_wconf 81' lang='lat' dir='ltr'><strong>pedem</strong></span> <span class='ocrx_word' id='word_1_267' title='bbox 2365 1080 2553 1147; x_wconf 83' lang='lat' dir='ltr'><strong>ponit;</strong></span> <span class='ocrx_word' id='word_1_268' title='bbox 2587 1094 2712 1133; x_wconf 90' lang='lat' dir='ltr'><strong>cum</strong></span> <span class='ocrx_word' id='word_1_269' title='bbox 2751 1095 2880 1133; x_wconf 86' lang='lat' dir='ltr'><strong>vero</strong></span> <span class='ocrx_word' id='word_1_270' title='bbox 2922 1096 2987 1135; x_wconf 79' lang='lat' dir='ltr'><strong>ex</strong></span> <span class='ocrx_word' id='word_1_271' title='bbox 3041 1083 3295 1150; x_wconf 84' lang='lat' dir='ltr'><strong>quapiam</strong></span> <span class='ocrx_word' id='word_1_272' title='bbox 3357 1085 3534 1139; x_wconf 86' lang='lat' dir='ltr'><strong>imbe-</strong></span> 
     </span>
    </p>
   </div>
   <div class='ocr_carea' id='block_1_40' title="bbox 1947 1169 3532 1244">
    <p class='ocr_par' dir='ltr' id='par_1_40' title="bbox 1947 1169 3532 1244">
     <span class='ocr_line' id='line_1_40' title="bbox 1947 1169 3532 1244; baseline 0.005 -23"><span class='ocrx_word' id='word_1_273' title='bbox 1947 1169 2179 1222; x_wconf 88' lang='lat' dir='ltr'><strong>cillitate</strong></span> <span class='ocrx_word' id='word_1_274' title='bbox 2239 1169 2483 1232; x_wconf 78' lang='lat' dir='ltr'><strong>laborat,</strong></span> <span class='ocrx_word' id='word_1_275' title='bbox 2543 1169 2779 1225; x_wconf 79' lang='lat' dir='ltr'><strong>eﬂ‘ectus</strong></span> <span class='ocrx_word' id='word_1_276' title='bbox 2838 1170 3145 1239; x_wconf 74' lang='lat' dir='ltr'><strong>tremulus,</strong></span> <span class='ocrx_word' id='word_1_277' title='bbox 3175 1190 3283 1228; x_wconf 85' lang='lat' dir='ltr'><strong>non</strong></span> <span class='ocrx_word' id='word_1_278' title='bbox 3352 1186 3532 1244; x_wconf 84' lang='lat' dir='ltr'><strong>potest</strong></span> 
     </span>
    </p>
   </div>
   <div class='ocr_carea' id='block_1_41' title="bbox 1948 1259 3533 1332">
    <p class='ocr_par' dir='ltr' id='par_1_41' title="bbox 1948 1259 3533 1332">
     <span class='ocr_line' id='line_1_41' title="bbox 1948 1259 3533 1332; baseline 0.008 -22"><span class='ocrx_word' id='word_1_279' title='bbox 1948 1261 2244 1330; x_wconf 79' lang='lat' dir='ltr'><strong>vestigium</strong></span> <span class='ocrx_word' id='word_1_280' title='bbox 2279 1259 2465 1327; x_wconf 79' lang='lat' dir='ltr'><strong>ﬁgere,</strong></span> <span class='ocrx_word' id='word_1_281' title='bbox 2496 1261 2587 1315; x_wconf 90' lang='lat' dir='ltr'><strong>ubi</strong></span> <span class='ocrx_word' id='word_1_282' title='bbox 2628 1262 2764 1326; x_wconf 83' lang='lat' dir='ltr'><strong>vult,</strong></span> <span class='ocrx_word' id='word_1_283' title='bbox 2800 1263 2894 1318; x_wconf 78' lang='lat' dir='ltr'><strong>sed</strong></span> <span class='ocrx_word' id='word_1_284' title='bbox 2930 1264 3114 1332; x_wconf 85' lang='lat' dir='ltr'><strong>potius</strong></span> <span class='ocrx_word' id='word_1_285' title='bbox 3144 1267 3533 1323; x_wconf 81' lang='lat' dir='ltr'><strong>animadverso</strong></span> 
     </span>
    </p>
   </div>
   <div class='ocr_carea' id='block_1_42' title="bbox 1947 1350 3529 1424">
    <p class='ocr_par' dir='ltr' id='par_1_42' title="bbox 1947 1350 3529 1424">
     <span class='ocr_line' id='line_1_42' title="bbox 1947 1350 3529 1424; baseline 0.008 -22"><span class='ocrx_word' id='word_1_286' title='bbox 1947 1350 2089 1415; x_wconf 90' lang='lat' dir='ltr'><strong>loco,</strong></span> <span class='ocrx_word' id='word_1_287' title='bbox 2139 1352 2193 1404; x_wconf 90' lang='lat' dir='ltr'><strong>in</strong></span> <span class='ocrx_word' id='word_1_288' title='bbox 2249 1367 2364 1422; x_wconf 90' lang='lat' dir='ltr'><strong>quo</strong></span> <span class='ocrx_word' id='word_1_289' title='bbox 2396 1354 2685 1423; x_wconf 79' lang='lat' dir='ltr'><strong>vestigium</strong></span> <span class='ocrx_word' id='word_1_290' title='bbox 2718 1363 2927 1424; x_wconf 86' lang='lat' dir='ltr'><strong>ponat,</strong></span> <span class='ocrx_word' id='word_1_291' title='bbox 2971 1356 3039 1410; x_wconf 88' lang='lat' dir='ltr'><strong>ab</strong></span> <span class='ocrx_word' id='word_1_292' title='bbox 3075 1357 3399 1413; x_wconf 88' lang='lat' dir='ltr'><strong>inlirmitate</strong></span> <span class='ocrx_word' id='word_1_293' title='bbox 3430 1377 3529 1414; x_wconf 82' lang='lat' dir='ltr'><strong>sua</strong></span> 
     </span>
    </p>
   </div>
   <div class='ocr_carea' id='block_1_43' title="bbox 1947 1441 3533 1512">
    <p class='ocr_par' dir='ltr' id='par_1_43' title="bbox 1947 1441 3533 1512">
     <span class='ocr_line' id='line_1_43' title="bbox 1947 1441 3533 1512; baseline 0.006 -18"><span class='ocrx_word' id='word_1_294' title='bbox 1947 1441 2232 1507; x_wconf 79' lang='lat' dir='ltr'><strong>detrusus,</strong></span> <span class='ocrx_word' id='word_1_295' title='bbox 2275 1442 2407 1497; x_wconf 85' lang='lat' dir='ltr'><strong>alibi</strong></span> <span class='ocrx_word' id='word_1_296' title='bbox 2447 1444 2621 1512; x_wconf 90' lang='lat' dir='ltr'><strong>ponit,</strong></span> <span class='ocrx_word' id='word_1_297' title='bbox 2679 1446 2758 1499; x_wconf 91' lang='lat' dir='ltr'><strong>sic</strong></span> <span class='ocrx_word' id='word_1_298' title='bbox 2815 1462 2938 1499; x_wconf 91' lang='lat' dir='ltr'><strong>cum</strong></span> <span class='ocrx_word' id='word_1_299' title='bbox 2996 1448 3049 1501; x_wconf 90' lang='lat' dir='ltr'><strong>in</strong></span> <span class='ocrx_word' id='word_1_300' title='bbox 3100 1450 3283 1503; x_wconf 88' lang='lat' dir='ltr'><strong>anima</strong></span> <span class='ocrx_word' id='word_1_301' title='bbox 3342 1460 3533 1505; x_wconf 86' lang='lat' dir='ltr'><strong>nostra</strong></span> 
     </span>
    </p>
   </div>
   <div class='ocr_carea' id='block_1_44' title="bbox 1947 1533 3530 1604">
    <p class='ocr_par' dir='ltr' id='par_1_44' title="bbox 1947 1533 3530 1604">
     <span class='ocr_line' id='line_1_44' title="bbox 1947 1533 3530 1604; baseline 0.006 -19"><span class='ocrx_word' id='word_1_302' title='bbox 1947 1543 2233 1601; x_wconf 86' lang='lat' dir='ltr'><strong>peccatum</strong></span> <span class='ocrx_word' id='word_1_303' title='bbox 2270 1533 2517 1588; x_wconf 88' lang='lat' dir='ltr'><strong>habitare</strong></span> <span class='ocrx_word' id='word_1_304' title='bbox 2547 1534 2740 1604; x_wconf 75' lang='lat' dir='ltr'><strong>cwpit,</strong></span> <span class='ocrx_word' id='word_1_305' title='bbox 2775 1536 3045 1591; x_wconf 82' lang='lat' dir='ltr'><strong>inﬁrmam</strong></span> <span class='ocrx_word' id='word_1_306' title='bbox 3090 1550 3146 1593; x_wconf 92' lang='lat' dir='ltr'><strong>ct</strong></span> <span class='ocrx_word' id='word_1_307' title='bbox 3203 1539 3530 1596; x_wconf 80' lang='lat' dir='ltr'><strong>imbecillam</strong></span> 
     </span>
    </p>
   </div>
   <div class='ocr_carea' id='block_1_45' title="bbox 1948 1622 3529 1702">
    <p class='ocr_par' dir='ltr' id='par_1_45' title="bbox 1948 1622 3529 1702">
     <span class='ocr_line' id='line_1_45' title="bbox 1948 1622 3529 1702; baseline 0.006 -25"><span class='ocrx_word' id='word_1_308' title='bbox 1948 1636 2067 1677; x_wconf 89' lang='lat' dir='ltr'><strong>eam</strong></span> <span class='ocrx_word' id='word_1_309' title='bbox 2100 1622 2249 1688; x_wconf 81' lang='lat' dir='ltr'><strong>facit,</strong></span> <span class='ocrx_word' id='word_1_310' title='bbox 2274 1634 2326 1679; x_wconf 91' lang='lat' dir='ltr'><strong>et</strong></span> <span class='ocrx_word' id='word_1_311' title='bbox 2357 1626 2708 1680; x_wconf 89' lang='lat' dir='ltr'><strong>aberrantem</strong></span> <span class='ocrx_word' id='word_1_312' title='bbox 2744 1643 2774 1682; x_wconf 89' lang='lat' dir='ltr'><strong>a</strong></span> <span class='ocrx_word' id='word_1_313' title='bbox 2810 1645 2912 1683; x_wconf 89' lang='lat' dir='ltr'><strong>suo</strong></span> <span class='ocrx_word' id='word_1_314' title='bbox 2937 1645 3108 1700; x_wconf 67' lang='grc' dir='ltr'>θεορο</span> <span class='ocrx_word' id='word_1_315' title='bbox 3129 1646 3192 1684; x_wconf 89' lang='lat' dir='ltr'><strong>ac</strong></span> <span class='ocrx_word' id='word_1_316' title='bbox 3223 1635 3529 1702; x_wconf 85' lang='lat' dir='ltr'><strong>proposito:</strong></span> 
     </span>
    </p>
   </div>
   <div class='ocr_carea' id='block_1_46' title="bbox 1950 1714 3533 1795">
    <p class='ocr_par' dir='ltr' id='par_1_46' title="bbox 1950 1714 3533 1795">
     <span class='ocr_line' id='line_1_46' title="bbox 1950 1714 3533 1795; baseline 0.008 -26"><span class='ocrx_word' id='word_1_317' title='bbox 1950 1714 2206 1769; x_wconf 85' lang='lat' dir='ltr'><strong>Christus</strong></span> <span class='ocrx_word' id='word_1_318' title='bbox 2264 1724 2445 1770; x_wconf 87' lang='lat' dir='ltr'><strong>autem</strong></span> <span class='ocrx_word' id='word_1_319' title='bbox 2478 1717 2723 1787; x_wconf 89' lang='lat' dir='ltr'><strong>baptizat</strong></span> <span class='ocrx_word' id='word_1_320' title='bbox 2760 1737 2861 1775; x_wconf 92' lang='lat' dir='ltr'><strong>nos</strong></span> <span class='ocrx_word' id='word_1_321' title='bbox 2914 1722 2967 1775; x_wconf 91' lang='lat' dir='ltr'><strong>in</strong></span> <span class='ocrx_word' id='word_1_322' title='bbox 3026 1739 3167 1792; x_wconf 87' lang='lat' dir='ltr'><strong>aqua</strong></span> <span class='ocrx_word' id='word_1_323' title='bbox 3213 1736 3266 1779; x_wconf 85' lang='lat' dir='ltr'><strong>et</strong></span> <span class='ocrx_word' id='word_1_324' title='bbox 3321 1726 3533 1795; x_wconf 85' lang='lat' dir='ltr'><strong>Spiritu</strong></span> 
     </span>
    </p>
   </div>
   <div class='ocr_carea' id='block_1_47' title="bbox 1954 1809 3532 1883">
    <p class='ocr_par' dir='ltr' id='par_1_47' title="bbox 1954 1809 3532 1883">
     <span class='ocr_line' id='line_1_47' title="bbox 1954 1809 3532 1883; baseline 0.008 -23"><span class='ocrx_word' id='word_1_325' title='bbox 1954 1814 2169 1871; x_wconf 84' lang='lat' dir='ltr'><strong>sancto,</strong></span> <span class='ocrx_word' id='word_1_326' title='bbox 2207 1820 2259 1860; x_wconf 87' lang='lat' dir='ltr'><strong>et</strong></span> <span class='ocrx_word' id='word_1_327' title='bbox 2291 1809 2466 1876; x_wconf 81' lang='lat' dir='ltr'><strong>gratia</strong></span> <span class='ocrx_word' id='word_1_328' title='bbox 2500 1810 2742 1878; x_wconf 84' lang='lat' dir='ltr'><strong>Spiritus</strong></span> <span class='ocrx_word' id='word_1_329' title='bbox 2790 1815 2966 1867; x_wconf 85' lang='lat' dir='ltr'><strong>sancti</strong></span> <span class='ocrx_word' id='word_1_330' title='bbox 3024 1816 3247 1870; x_wconf 83' lang='lat' dir='ltr'><strong>roborat</strong></span> <span class='ocrx_word' id='word_1_331' title='bbox 3301 1833 3425 1883; x_wconf 88' lang='lat' dir='ltr'><strong>nos,</strong></span> <span class='ocrx_word' id='word_1_332' title='bbox 3476 1829 3532 1875; x_wconf 85' lang='lat' dir='ltr'><strong>et</strong></span> 
     </span>
    </p>
   </div>
   <div class='ocr_carea' id='block_1_48' title="bbox 1953 1902 3531 1971">
    <p class='ocr_par' dir='ltr' id='par_1_48' title="bbox 1953 1902 3531 1971">
     <span class='ocr_line' id='line_1_48' title="bbox 1953 1902 3531 1971; baseline 0.007 -20"><span class='ocrx_word' id='word_1_333' title='bbox 1953 1912 2118 1952; x_wconf 89' lang='lat' dir='ltr'><strong>omne</strong></span> <span class='ocrx_word' id='word_1_334' title='bbox 2175 1909 2463 1967; x_wconf 85' lang='lat' dir='ltr'><strong>peccatum</strong></span> <span class='ocrx_word' id='word_1_335' title='bbox 2518 1912 2686 1970; x_wconf 88' lang='lat' dir='ltr'><strong>atque</strong></span> <span class='ocrx_word' id='word_1_336' title='bbox 2743 1902 3120 1960; x_wconf 84' lang='lat' dir='ltr'><strong>inﬁrmitatem</strong></span> <span class='ocrx_word' id='word_1_337' title='bbox 3157 1907 3428 1971; x_wconf 81' lang='lat' dir='ltr'><strong>detrahit;</strong></span> <span class='ocrx_word' id='word_1_338' title='bbox 3464 1926 3531 1962; x_wconf 90' lang='lat' dir='ltr'><strong>ac</strong></span> 
     </span>
    </p>
   </div>
   <div class='ocr_carea' id='block_1_49' title="bbox 1952 1979 3531 2066">
    <p class='ocr_par' dir='ltr' id='par_1_49' title="bbox 1952 1979 3531 2066">
     <span class='ocr_line' id='line_1_49' title="bbox 1952 1979 3531 2066; baseline 0.008 -26"><span class='ocrx_word' id='word_1_339' title='bbox 1952 1997 2205 2051; x_wconf 81' lang='lat' dir='ltr'><strong>renovat,</strong></span> <span class='ocrx_word' id='word_1_340' title='bbox 2257 1998 2311 2043; x_wconf 90' lang='lat' dir='ltr'><strong>et</strong></span> <span class='ocrx_word' id='word_1_341' title='bbox 2373 1990 2546 2045; x_wconf 87' lang='lat' dir='ltr'><strong>robur</strong></span> <span class='ocrx_word' id='word_1_342' title='bbox 2590 1992 2881 2061; x_wconf 85' lang='lat' dir='ltr'><strong>pristinum</strong></span> <span class='ocrx_word' id='word_1_343' title='bbox 2924 2005 2979 2048; x_wconf 91' lang='lat' dir='ltr'><strong>et</strong></span> <span class='ocrx_word' id='word_1_344' title='bbox 3032 1979 3531 2066; x_wconf 69' lang='lat' dir='ltr'><strong>pulchritudinem,</strong></span> 
     </span>
    </p>
   </div>
   <div class='ocr_carea' id='block_1_50' title="bbox 1951 2085 3387 2154">
    <p class='ocr_par' dir='ltr' id='par_1_50' title="bbox 1951 2085 3387 2154">
     <span class='ocr_line' id='line_1_50' title="bbox 1951 2085 3387 2154; baseline 0.008 -22"><span class='ocrx_word' id='word_1_345' title='bbox 1951 2095 2074 2150; x_wconf 82' lang='lat' dir='ltr'><strong>quae</strong></span> <span class='ocrx_word' id='word_1_346' title='bbox 2100 2090 2228 2136; x_wconf 85' lang='lat' dir='ltr'><strong>ante</strong></span> <span class='ocrx_word' id='word_1_347' title='bbox 2270 2085 2765 2153; x_wconf 79' lang='lat' dir='ltr'><strong>transgressionem</strong></span> <span class='ocrx_word' id='word_1_348' title='bbox 2797 2086 2928 2142; x_wconf 68' lang='lat' dir='ltr'><strong>Adae</strong></span> <span class='ocrx_word' id='word_1_349' title='bbox 2953 2098 3092 2154; x_wconf 81' lang='lat' dir='ltr'><strong>erat,</strong></span> <span class='ocrx_word' id='word_1_350' title='bbox 3124 2090 3387 2145; x_wconf 84' lang='lat' dir='ltr'><strong>restituit.</strong></span> 
     </span>
    </p>
   </div>
   <div class='ocr_carea' id='block_1_51' title="bbox 2023 2254 3531 2332">
    <p class='ocr_par' dir='ltr' id='par_1_51' title="bbox 2023 2254 3531 2332">
     <span class='ocr_line' id='line_1_51' title="bbox 2023 2254 3531 2332; baseline 0.006 -25"><span class='ocrx_word' id='word_1_351' title='bbox 2023 2254 2084 2308; x_wconf 89' lang='grc' dir='ltr'><strong>Β.</strong></span> <span class='ocrx_word' id='word_1_352' title='bbox 2155 2254 2396 2322; x_wconf 85' lang='lat' dir='ltr'><strong>Quintus</strong></span> <span class='ocrx_word' id='word_1_353' title='bbox 2447 2259 2707 2317; x_wconf 84' lang='lat' dir='ltr'><strong>inimicus</strong></span> <span class='ocrx_word' id='word_1_354' title='bbox 2755 2260 3114 2332; x_wconf 82' lang='lat' dir='ltr'><strong>relinquitur,</strong></span> <span class='ocrx_word' id='word_1_355' title='bbox 3170 2262 3224 2317; x_wconf 87' lang='lat' dir='ltr'><strong>id</strong></span> <span class='ocrx_word' id='word_1_356' title='bbox 3283 2273 3392 2327; x_wconf 85' lang='lat' dir='ltr'><strong>cst,</strong></span> <span class='ocrx_word' id='word_1_357' title='bbox 3445 2264 3531 2318; x_wconf 84' lang='lat' dir='ltr'><strong>in—</strong></span> 
     </span>
    </p>
   </div>
   <div class='ocr_carea' id='block_1_52' title="bbox 1951 2345 2165 2404">
    <p class='ocr_par' dir='ltr' id='par_1_52' title="bbox 1951 2345 2165 2404">
     <span class='ocr_line' id='line_1_52' title="bbox 1951 2345 2165 2404; baseline 0.023 -5"><span class='ocrx_word' id='word_1_358' title='bbox 1951 2345 2165 2404; x_wconf 78' lang='lat' dir='ltr'><strong>fernus.</strong></span> 
     </span>
    </p>
   </div>
   <div class='ocr_carea' id='block_1_53' title="bbox 2021 2437 3530 2518">
    <p class='ocr_par' dir='ltr' id='par_1_53' title="bbox 2021 2437 3530 2518">
     <span class='ocr_line' id='line_1_53' title="bbox 2021 2437 3530 2518; baseline 0.009 -31"><span class='ocrx_word' id='word_1_359' title='bbox 2021 2437 2086 2489; x_wconf 79' lang='grc' dir='ltr'><strong>Α.</strong></span> <span class='ocrx_word' id='word_1_360' title='bbox 2124 2437 2264 2518; x_wconf 76' lang='lat' dir='ltr'><strong>Quia</strong></span> <span class='ocrx_word' id='word_1_361' title='bbox 2308 2438 2426 2494; x_wconf 80' lang='lat' dir='ltr'><strong>ﬁeri</strong></span> <span class='ocrx_word' id='word_1_362' title='bbox 2462 2456 2568 2495; x_wconf 93' lang='lat' dir='ltr'><strong>non</strong></span> <span class='ocrx_word' id='word_1_363' title='bbox 2611 2451 2847 2511; x_wconf 89' lang='lat' dir='ltr'><strong>poterat,</strong></span> <span class='ocrx_word' id='word_1_364' title='bbox 2889 2453 2949 2498; x_wconf 90' lang='lat' dir='ltr'><strong>ut</strong></span> <span class='ocrx_word' id='word_1_365' title='bbox 2979 2459 3105 2497; x_wconf 88' lang='lat' dir='ltr'><strong>cum</strong></span> <span class='ocrx_word' id='word_1_366' title='bbox 3142 2460 3308 2499; x_wconf 89' lang='lat' dir='ltr'><strong>carne</strong></span> <span class='ocrx_word' id='word_1_367' title='bbox 3344 2446 3397 2499; x_wconf 93' lang='lat' dir='ltr'><strong>in</strong></span> <span class='ocrx_word' id='word_1_368' title='bbox 3444 2446 3530 2500; x_wconf 60' lang='lat' dir='ltr'><strong>inc</strong></span> 
     </span>
    </p>
   </div>
   <div class='ocr_carea' id='block_1_54' title="bbox 1949 2525 3530 2604">
    <p class='ocr_par' dir='ltr' id='par_1_54' title="bbox 1949 2525 3530 2604">
     <span class='ocr_line' id='line_1_54' title="bbox 1949 2525 3530 2604; baseline 0.007 -24"><span class='ocrx_word' id='word_1_369' title='bbox 1949 2525 2085 2582; x_wconf 85' lang='lat' dir='ltr'><strong>feris</strong></span> <span class='ocrx_word' id='word_1_370' title='bbox 2112 2531 2574 2599; x_wconf 82' lang='lat' dir='ltr'><strong>peregrinaretur,</strong></span> <span class='ocrx_word' id='word_1_371' title='bbox 2596 2535 2779 2587; x_wconf 90' lang='lat' dir='ltr'><strong>anima</strong></span> <span class='ocrx_word' id='word_1_372' title='bbox 2799 2552 2826 2586; x_wconf 86' lang='lat' dir='ltr'><strong>a</strong></span> <span class='ocrx_word' id='word_1_373' title='bbox 2843 2550 3008 2589; x_wconf 87' lang='lat' dir='ltr'><strong>carne</strong></span> <span class='ocrx_word' id='word_1_374' title='bbox 3029 2535 3240 2588; x_wconf 83' lang='lat' dir='ltr'><strong>Domini</strong></span> <span class='ocrx_word' id='word_1_375' title='bbox 3266 2552 3360 2604; x_wconf 88' lang='lat' dir='ltr'><strong>per</strong></span> <span class='ocrx_word' id='word_1_376' title='bbox 3382 2553 3530 2591; x_wconf 85' lang='lat' dir='ltr'><strong>mor-</strong></span> 
     </span>
    </p>
   </div>
   <div class='ocr_carea' id='block_1_55' title="bbox 1951 2623 3528 2696">
    <p class='ocr_par' dir='ltr' id='par_1_55' title="bbox 1951 2623 3528 2696">
     <span class='ocr_line' id='line_1_55' title="bbox 1951 2623 3528 2696; baseline 0.006 -25"><span class='ocrx_word' id='word_1_377' title='bbox 1951 2626 2060 2671; x_wconf 89' lang='lat' dir='ltr'><strong>tem</strong></span> <span class='ocrx_word' id='word_1_378' title='bbox 2103 2631 2358 2688; x_wconf 82' lang='lat' dir='ltr'><strong>separata</strong></span> <span class='ocrx_word' id='word_1_379' title='bbox 2420 2623 2488 2676; x_wconf 91' lang='lat' dir='ltr'><strong>ad</strong></span> <span class='ocrx_word' id='word_1_380' title='bbox 2545 2625 2784 2690; x_wconf 90' lang='lat' dir='ltr'><strong>animas,</strong></span> <span class='ocrx_word' id='word_1_381' title='bbox 2818 2642 2938 2695; x_wconf 69' lang='lat' dir='ltr'><strong>quae</strong></span> <span class='ocrx_word' id='word_1_382' title='bbox 2974 2627 3026 2679; x_wconf 92' lang='lat' dir='ltr'><strong>in</strong></span> <span class='ocrx_word' id='word_1_383' title='bbox 3062 2627 3306 2681; x_wconf 67' lang='lat' dir='ltr'><strong>tenebris</strong></span> <span class='ocrx_word' id='word_1_384' title='bbox 3344 2637 3528 2696; x_wconf 87' lang='lat' dir='ltr'><strong>erant,</strong></span> 
     </span>
    </p>
   </div>
   <div class='ocr_carea' id='block_1_56' title="bbox 1949 2708 3532 2789">
    <p class='ocr_par' dir='ltr' id='par_1_56' title="bbox 1949 2708 3532 2789">
     <span class='ocr_line' id='line_1_56' title="bbox 1949 2708 3532 2789; baseline 0.008 -27"><span class='ocrx_word' id='word_1_385' title='bbox 1949 2708 2198 2778; x_wconf 83' lang='lat' dir='ltr'><strong>profecta</strong></span> <span class='ocrx_word' id='word_1_386' title='bbox 2230 2719 2283 2765; x_wconf 90' lang='lat' dir='ltr'><strong>et</strong></span> <span class='ocrx_word' id='word_1_387' title='bbox 2314 2712 2518 2768; x_wconf 92' lang='lat' dir='ltr'><strong>lumine</strong></span> <span class='ocrx_word' id='word_1_388' title='bbox 2547 2714 2850 2770; x_wconf 78' lang='lat' dir='ltr'><strong>divinitatis</strong></span> <span class='ocrx_word' id='word_1_389' title='bbox 2882 2717 2993 2771; x_wconf 89' lang='lat' dir='ltr'><strong>illis</strong></span> <span class='ocrx_word' id='word_1_390' title='bbox 3040 2717 3216 2781; x_wconf 87' lang='lat' dir='ltr'><strong>illato,</strong></span> <span class='ocrx_word' id='word_1_391' title='bbox 3264 2733 3378 2782; x_wconf 86' lang='lat' dir='ltr'><strong>eas,</strong></span> <span class='ocrx_word' id='word_1_392' title='bbox 3408 2734 3532 2789; x_wconf 72' lang='lat' dir='ltr'><strong>qute</strong></span> 
     </span>
    </p>
   </div>
   <div class='ocr_carea' id='block_1_57' title="bbox 1947 2800 3530 2875">
    <p class='ocr_par' dir='ltr' id='par_1_57' title="bbox 1947 2800 3530 2875">
     <span class='ocr_line' id='line_1_57' title="bbox 1947 2800 3530 2875; baseline 0.006 -20"><span class='ocrx_word' id='word_1_393' title='bbox 1947 2800 2002 2855; x_wconf 89' lang='lat' dir='ltr'><strong>in</strong></span> <span class='ocrx_word' id='word_1_394' title='bbox 2034 2815 2155 2855; x_wconf 90' lang='lat' dir='ltr'><strong>eum</strong></span> <span class='ocrx_word' id='word_1_395' title='bbox 2186 2800 2562 2866; x_wconf 86' lang='lat' dir='ltr'><strong>crediderunt,</strong></span> <span class='ocrx_word' id='word_1_396' title='bbox 2593 2808 2647 2858; x_wconf 92' lang='lat' dir='ltr'><strong>in</strong></span> <span class='ocrx_word' id='word_1_397' title='bbox 2682 2806 2997 2875; x_wconf 87' lang='lat' dir='ltr'><strong>paradisum</strong></span> <span class='ocrx_word' id='word_1_398' title='bbox 3025 2809 3324 2869; x_wconf 85' lang='lat' dir='ltr'><strong>transtulit,</strong></span> <span class='ocrx_word' id='word_1_399' title='bbox 3360 2818 3411 2864; x_wconf 89' lang='lat' dir='ltr'><strong>et</strong></span> <span class='ocrx_word' id='word_1_400' title='bbox 3443 2825 3530 2865; x_wconf 84' lang='lat' dir='ltr'><strong>rc-</strong></span> 
     </span>
    </p>
   </div>
   <div class='ocr_carea' id='block_1_58' title="bbox 1949 2884 3531 2961">
    <p class='ocr_par' dir='ltr' id='par_1_58' title="bbox 1949 2884 3531 2961">
     <span class='ocr_line' id='line_1_58' title="bbox 1949 2884 3531 2961; baseline 0.004 -22"><span class='ocrx_word' id='word_1_401' title='bbox 1949 2888 2092 2957; x_wconf 73' lang='lat' dir='ltr'><strong>giam</strong></span> <span class='ocrx_word' id='word_1_402' title='bbox 2124 2887 2333 2943; x_wconf 83' lang='lat' dir='ltr'><strong>inferni</strong></span> <span class='ocrx_word' id='word_1_403' title='bbox 2367 2884 2664 2946; x_wconf 87' lang='lat' dir='ltr'><strong>demolitus</strong></span> <span class='ocrx_word' id='word_1_404' title='bbox 2713 2902 2816 2948; x_wconf 88' lang='lat' dir='ltr'><strong>est.</strong></span> <span class='ocrx_word' id='word_1_405' title='bbox 2854 2892 3010 2947; x_wconf 88' lang='lat' dir='ltr'><strong>Sicut</strong></span> <span class='ocrx_word' id='word_1_406' title='bbox 3043 2895 3189 2947; x_wconf 84' lang='lat' dir='ltr'><strong>enim</strong></span> <span class='ocrx_word' id='word_1_407' title='bbox 3245 2894 3415 2961; x_wconf 72' lang='lat' dir='ltr'><strong>ianua</strong></span> <span class='ocrx_word' id='word_1_408' title='bbox 3475 2902 3531 2948; x_wconf 86' lang='lat' dir='ltr'><strong>et</strong></span> 
     </span>
    </p>
   </div>
   <div class='ocr_carea' id='block_1_59' title="bbox 1949 2978 3530 3050">
    <p class='ocr_par' dir='ltr' id='par_1_59' title="bbox 1949 2978 3530 3050">
     <span class='ocr_line' id='line_1_59' title="bbox 1949 2978 3530 3050; baseline 0.006 -20"><span class='ocrx_word' id='word_1_409' title='bbox 1949 2978 2133 3033; x_wconf 82' lang='lat' dir='ltr'><strong>aditus</strong></span> <span class='ocrx_word' id='word_1_410' title='bbox 2166 2982 2628 3050; x_wconf 72' lang='lat' dir='ltr'><strong>peregrinationis</strong></span> <span class='ocrx_word' id='word_1_411' title='bbox 2659 2981 2823 3037; x_wconf 84' lang='lat' dir='ltr'><strong>Verbi</strong></span> <span class='ocrx_word' id='word_1_412' title='bbox 2860 2983 2952 3039; x_wconf 86' lang='lat' dir='ltr'><strong>Dei</strong></span> <span class='ocrx_word' id='word_1_413' title='bbox 2988 2986 3041 3037; x_wconf 92' lang='lat' dir='ltr'><strong>in</strong></span> <span class='ocrx_word' id='word_1_414' title='bbox 3077 2985 3341 3039; x_wconf 88' lang='lat' dir='ltr'><strong>mundtnn</strong></span> <span class='ocrx_word' id='word_1_415' title='bbox 3388 2986 3530 3039; x_wconf 82' lang='lat' dir='ltr'><strong>facta</strong></span> 
     </span>
    </p>
   </div>
   <div class='ocr_carea' id='block_1_60' title="bbox 257 3065 1847 3144">
    <p class='ocr_par' dir='ltr' id='par_1_60' title="bbox 257 3065 1841 3137">
     <span class='ocr_line' id='line_1_60' title="bbox 257 3065 1841 3137; baseline -0.001 -17"><span class='ocrx_word' id='word_1_416' title='bbox 257 3066 464 3137; x_wconf 78' lang='grc' dir='ltr'>κόσμον</span> <span class='ocrx_word' id='word_1_417' title='bbox 491 3067 790 3137; x_wconf 83' lang='grc' dir='ltr'>ἐπιδημίας</span> <span class='ocrx_word' id='word_1_418' title='bbox 824 3065 918 3120; x_wconf 82' lang='grc' dir='ltr'>τοῦ</span> <span class='ocrx_word' id='word_1_419' title='bbox 954 3066 1089 3119; x_wconf 83' lang='grc' dir='ltr'>Θεοῦ</span> <span class='ocrx_word' id='word_1_420' title='bbox 1147 3067 1320 3134; x_wconf 81' lang='grc' dir='ltr'>Λόγου</span> <span class='ocrx_word' id='word_1_421' title='bbox 1358 3068 1391 3135; x_wconf 81' lang='grc' dir='ltr'><strong>ἡ</strong></span> <span class='ocrx_word' id='word_1_422' title='bbox 1425 3067 1667 3134; x_wconf 84' lang='grc' dir='ltr'>παναγία</span> <span class='ocrx_word' id='word_1_423' title='bbox 1696 3068 1841 3133; x_wconf 86' lang='grc' dir='ltr'>Παρ-</span> 
     </span>
    </p>
   </div>
   <div class='ocr_carea' id='block_1_61' title="bbox 1960 3065 3532 3144">
    <p class='ocr_par' dir='ltr' id='par_1_61' title="bbox 1960 3069 3532 3144">
     <span class='ocr_line' id='line_1_61' title="bbox 1960 3069 3532 3144; baseline 0.004 -21"><span class='ocrx_word' id='word_1_424' title='bbox 1960 3069 2105 3140; x_wconf 79' lang='lat'><strong>351</strong></span> <span class='ocrx_word' id='word_1_425' title='bbox 2147 3080 2233 3125; x_wconf 87' lang='lat' dir='ltr'><strong>est</strong></span> <span class='ocrx_word' id='word_1_426' title='bbox 2263 3075 2616 3129; x_wconf 58' lang='lat' dir='ltr'><strong>sanctissima</strong></span> <span class='ocrx_word' id='word_1_427' title='bbox 2650 3074 2861 3144; x_wconf 69' lang='lat' dir='ltr'><strong>Virgo;</strong></span> <span class='ocrx_word' id='word_1_428' title='bbox 2909 3075 2989 3130; x_wconf 90' lang='lat' dir='ltr'><strong>sic</strong></span> <span class='ocrx_word' id='word_1_429' title='bbox 3045 3092 3194 3130; x_wconf 87' lang='lat' dir='ltr'><strong>mors</strong></span> <span class='ocrx_word' id='word_1_430' title='bbox 3255 3076 3395 3130; x_wconf 80' lang='lat' dir='ltr'><strong>facta</strong></span> <span class='ocrx_word' id='word_1_431' title='bbox 3445 3086 3532 3131; x_wconf 84' lang='lat' dir='ltr'><strong>est</strong></span> 
     </span>
    </p>
   </div>
   <div class='ocr_carea' id='block_1_62' title="bbox 258 3156 1847 3228">
    <p class='ocr_par' dir='ltr' id='par_1_62' title="bbox 258 3156 1847 3228">
     <span class='ocr_line' id='line_1_62' title="bbox 258 3156 1847 3228; baseline -0.001 -16"><span class='ocrx_word' id='word_1_432' title='bbox 258 3158 410 3221; x_wconf 81' lang='grc' dir='ltr'>θένος</span> <span class='ocrx_word' id='word_1_433' title='bbox 436 3157 682 3226; x_wconf 86' lang='grc' dir='ltr'>γέγονεν,</span> <span class='ocrx_word' id='word_1_434' title='bbox 713 3156 889 3221; x_wconf 77' lang='grc' dir='ltr'>οὕτως</span> <span class='ocrx_word' id='word_1_435' title='bbox 937 3160 1033 3212; x_wconf 79' lang='grc' dir='ltr'>καὶ</span> <span class='ocrx_word' id='word_1_436' title='bbox 1063 3160 1091 3210; x_wconf 81' lang='grc' dir='ltr'><strong><em>ὁ</em></strong></span> <span class='ocrx_word' id='word_1_437' title='bbox 1127 3156 1359 3217; x_wconf 87' lang='grc' dir='ltr'>θάνατος</span> <span class='ocrx_word' id='word_1_438' title='bbox 1403 3157 1548 3228; x_wconf 82' lang='grc' dir='ltr'>πύλη</span> <span class='ocrx_word' id='word_1_439' title='bbox 1585 3158 1684 3212; x_wconf 81' lang='grc' dir='ltr'><strong>καὶ</strong></span> <span class='ocrx_word' id='word_1_440' title='bbox 1737 3159 1847 3211; x_wconf 74' lang='grc' dir='ltr'>εἴσ-</span> 
     </span>
    </p>
   </div>
   <div class='ocr_carea' id='block_1_63' title="bbox 1960 3156 3528 3228">
    <p class='ocr_par' dir='ltr' id='par_1_63' title="bbox 1960 3159 3528 3226">
     <span class='ocr_line' id='line_1_63' title="bbox 1960 3159 3528 3226; baseline 0.005 -14"><span class='ocrx_word' id='word_1_441' title='bbox 1960 3159 2118 3226; x_wconf 77' lang='lat' dir='ltr'><strong>ianua</strong></span> <span class='ocrx_word' id='word_1_442' title='bbox 2178 3169 2233 3216; x_wconf 92' lang='lat' dir='ltr'><strong>et</strong></span> <span class='ocrx_word' id='word_1_443' title='bbox 2290 3164 2552 3219; x_wconf 89' lang='lat' dir='ltr'><strong>introitus</strong></span> <span class='ocrx_word' id='word_1_444' title='bbox 2632 3165 2940 3221; x_wconf 82' lang='lat' dir='ltr'><strong>descensus</strong></span> <span class='ocrx_word' id='word_1_445' title='bbox 2993 3165 3199 3221; x_wconf 87' lang='lat' dir='ltr'><strong>Christi</strong></span> <span class='ocrx_word' id='word_1_446' title='bbox 3248 3166 3304 3221; x_wconf 89' lang='lat' dir='ltr'><strong>in</strong></span> <span class='ocrx_word' id='word_1_447' title='bbox 3357 3165 3528 3221; x_wconf 75' lang='lat' dir='ltr'><strong>infcr-</strong></span> 
     </span>
    </p>
   </div>
   <div class='ocr_carea' id='block_1_64' title="bbox 256 3247 2977 3320">
    <p class='ocr_par' dir='ltr' id='par_1_64' title="bbox 256 3247 2977 3320">
     <span class='ocr_line' id='line_1_64' title="bbox 256 3247 2977 3320; baseline 0.001 -19"><span class='ocrx_word' id='word_1_448' title='bbox 256 3250 380 3312; x_wconf 83' lang='grc' dir='ltr'>οδος</span> <span class='ocrx_word' id='word_1_449' title='bbox 409 3249 510 3319; x_wconf 82' lang='grc' dir='ltr'><strong>τῆς</strong></span> <span class='ocrx_word' id='word_1_450' title='bbox 538 3249 619 3312; x_wconf 89' lang='grc' dir='ltr'><strong>είς</strong></span> <span class='ocrx_word' id='word_1_451' title='bbox 639 3247 773 3320; x_wconf 67' lang='grc' dir='ltr'>ᾅδην</span> <span class='ocrx_word' id='word_1_452' title='bbox 800 3250 1268 3319; x_wconf 77' lang='grc' dir='ltr'>καταφοιτήσεως.</span> <span class='ocrx_word' id='word_1_453' title='bbox 1954 3265 2110 3305; x_wconf 86' lang='lat' dir='ltr'><strong>num.</strong></span> <span class='ocrx_word' id='word_1_454' title='bbox 2974 3258 2977 3261; x_wconf 86' lang='grc'><em>’</em></span> 
     </span>
    </p>
   </div>
   <div class='ocr_carea' id='block_1_65' title="bbox 1867 3358 1932 3414">
    <p class='ocr_par' dir='ltr' id='par_1_65' title="bbox 1867 3358 1932 3414">
     <span class='ocr_line' id='line_1_65' title="bbox 1867 3358 1932 3414; baseline 0.015 -1"><span class='ocrx_word' id='word_1_455' title='bbox 1867 3358 1932 3414; x_wconf 88' lang='lat' dir='ltr'><strong>ll.</strong></span> 
     </span>
    </p>
   </div>
   <div class='ocr_carea' id='block_1_66' title="bbox 259 3464 1847 3547">
    <p class='ocr_par' dir='ltr' id='par_1_66' title="bbox 259 3464 1845 3547">
     <span class='ocr_line' id='line_1_66' title="bbox 259 3464 1845 3547; baseline 0.003 -27"><span class='ocrx_word' id='word_1_456' title='bbox 259 3464 569 3547; x_wconf 67' lang='grc' dir='ltr'>Διάκριρνίς</span> <span class='ocrx_word' id='word_1_457' title='bbox 634 3484 702 3521; x_wconf 80' lang='grc' dir='ltr'><strong>τε</strong></span> <span class='ocrx_word' id='word_1_458' title='bbox 753 3465 851 3520; x_wconf 79' lang='grc' dir='ltr'>καὶ</span> <span class='ocrx_word' id='word_1_459' title='bbox 904 3468 1278 3547; x_wconf 67' lang='grc' dir='ltr'>διασάεοησις</span> <span class='ocrx_word' id='word_1_460' title='bbox 1309 3465 1454 3547; x_wconf 42' lang='grc' dir='ltr'><strong>ητῶν</strong></span> <span class='ocrx_word' id='word_1_461' title='bbox 1501 3466 1742 3547; x_wconf 48' lang='lat' dir='ltr'><strong>areolae</strong></span> <span class='ocrx_word' id='word_1_462' title='bbox 1786 3471 1845 3524; x_wconf 83' lang='grc' dir='ltr'>οἱ</span> 
     </span>
    </p>
   </div>
   <div class='ocr_carea' id='block_1_67' title="bbox 1960 3464 3526 3547">
    <p class='ocr_par' dir='ltr' id='par_1_67' title="bbox 1960 3471 3526 3547">
     <span class='ocr_line' id='line_1_67' title="bbox 1960 3471 3526 3547; baseline 0.003 -21"><span class='ocrx_word' id='word_1_463' title='bbox 1960 3471 2199 3547; x_wconf 61' lang='lat' dir='ltr'><strong>Ejusdem</strong></span> <span class='ocrx_word' id='word_1_464' title='bbox 2277 3472 2559 3547; x_wconf 54' lang='lat' dir='ltr'><strong>Theodori</strong></span> <span class='ocrx_word' id='word_1_465' title='bbox 2602 3474 2857 3527; x_wconf 72' lang='lat' dir='ltr'><strong>Abucarw</strong></span> <span class='ocrx_word' id='word_1_466' title='bbox 2930 3475 3235 3547; x_wconf 67' lang='lat' dir='ltr'><strong>explanatio</strong></span> <span class='ocrx_word' id='word_1_467' title='bbox 3268 3493 3479 3531; x_wconf 75' lang='lat' dir='ltr'><strong>.rocum</strong></span> <span class='ocrx_word' id='word_1_468' title='bbox 3508 3517 3526 3540; x_wconf 93' lang='lat'><strong>,</strong></span> 
     </span>
    </p>
   </div>
   <div class='ocr_carea' id='block_1_68' title="bbox 332 3537 1844 3607">
    <p class='ocr_par' dir='ltr' id='par_1_68' title="bbox 332 3537 1844 3607">
     <span class='ocr_line' id='line_1_68' title="bbox 332 3537 1844 3607; baseline 0.001 -16"><span class='ocrx_word' id='word_1_469' title='bbox 332 3539 658 3607; x_wconf 68' lang='grc' dir='ltr'>φιλόσοφοι</span> <span class='ocrx_word' id='word_1_470' title='bbox 707 3539 1129 3607; x_wconf 75' lang='grc' dir='ltr'>καταγίνονται</span> <span class='ocrx_word' id='word_1_471' title='bbox 1167 3537 1400 3607; x_wconf 65' lang='grc' dir='ltr'>φωνῶν,</span> <span class='ocrx_word' id='word_1_472' title='bbox 1431 3538 1545 3607; x_wconf 58' lang='grc' dir='ltr'>καὶ</span> <span class='ocrx_word' id='word_1_473' title='bbox 1589 3537 1844 3606; x_wconf 76' lang='grc' dir='ltr'>ἐλεγχος</span> 
     </span>
    </p>
   </div>
   <div class='ocr_carea' id='block_1_69' title="bbox 333 3604 1844 3675">
    <p class='ocr_par' dir='ltr' id='par_1_69' title="bbox 333 3604 1844 3675">
     <span class='ocr_line' id='line_1_69' title="bbox 333 3604 1844 3675; baseline 0 -14"><span class='ocrx_word' id='word_1_474' title='bbox 333 3604 443 3674; x_wconf 68' lang='grc' dir='ltr'>τῆς</span> <span class='ocrx_word' id='word_1_475' title='bbox 470 3604 589 3660; x_wconf 55' lang='grc' dir='ltr'>τῶν·</span> <span class='ocrx_word' id='word_1_476' title='bbox 626 3604 972 3675; x_wconf 69' lang='grc' dir='ltr'>Ἀκεφάλων</span> <span class='ocrx_word' id='word_1_477' title='bbox 994 3604 1389 3674; x_wconf 76' lang='grc' dir='ltr'>Σευηριανῶν,</span> <span class='ocrx_word' id='word_1_478' title='bbox 1417 3604 1610 3675; x_wconf 71' lang='grc' dir='ltr'>ἤγουν</span> <span class='ocrx_word' id='word_1_479' title='bbox 1646 3604 1844 3661; x_wconf 62' lang='grc' dir='ltr'>Ἰάκω-</span> 
     </span>
    </p>
   </div>
   <div class='ocr_carea' id='block_1_70' title="bbox 333 3675 1847 3756">
    <p class='ocr_par' dir='ltr' id='par_1_70' title="bbox 333 3675 1847 3756">
     <span class='ocr_line' id='line_1_70' title="bbox 333 3675 1847 3756; baseline 0 -25"><span class='ocrx_word' id='word_1_480' title='bbox 333 3676 509 3756; x_wconf 53' lang='grc' dir='ltr'><strong>ι5¹ιτῶρ⁸</strong></span> <span class='ocrx_word' id='word_1_481' title='bbox 528 3676 920 3745; x_wconf 69' lang='grc' dir='ltr'>ψυχοφθόρου</span> <span class='ocrx_word' id='word_1_482' title='bbox 960 3675 1396 3746; x_wconf 76' lang='grc' dir='ltr'>αἰρέσεως,τοῡ</span> <span class='ocrx_word' id='word_1_483' title='bbox 1432 3675 1620 3731; x_wconf 83' lang='grc' dir='ltr'>αὐτοῦ</span> <span class='ocrx_word' id='word_1_484' title='bbox 1653 3677 1847 3731; x_wconf 78' lang='grc' dir='ltr'>Ἀϐου-</span> 
     </span>
    </p>
   </div>
   <div class='ocr_carea' id='block_1_71' title="bbox 335 3763 509 3815">
    <p class='ocr_par' dir='ltr' id='par_1_71' title="bbox 335 3763 509 3815">
     <span class='ocr_line' id='line_1_71' title="bbox 335 3763 509 3815; baseline 0 -15"><span class='ocrx_word' id='word_1_485' title='bbox 335 3763 509 3815; x_wconf 71' lang='grc' dir='ltr'>παρα.</span> 
     </span>
    </p>
   </div>
   <div class='ocr_carea' id='block_1_72' title="bbox 332 3823 1851 3907">
    <p class='ocr_par' dir='ltr' id='par_1_72' title="bbox 332 3823 1851 3907">
     <span class='ocr_line' id='line_1_72' title="bbox 332 3823 1851 3907; baseline -0.001 -16"><span class='ocrx_word' id='word_1_486' title='bbox 332 3838 460 3901; x_wconf 82' lang='grc' dir='ltr'>Τοῖς</span> <span class='ocrx_word' id='word_1_487' title='bbox 505 3837 615 3891; x_wconf 89' lang='grc' dir='ltr'><strong>τῶν</strong></span> <span class='ocrx_word' id='word_1_488' title='bbox 661 3836 935 3907; x_wconf 85' lang='grc' dir='ltr'>ἀληθινῶν</span> <span class='ocrx_word' id='word_1_489' title='bbox 996 3823 1288 3906; x_wconf 78' lang='grc' dir='ltr'>δογμάτὶον</span> <span class='ocrx_word' id='word_1_490' title='bbox 1344 3838 1608 3907; x_wconf 79' lang='grc' dir='ltr'>ἐρασταῖς</span> <span class='ocrx_word' id='word_1_491' title='bbox 1651 3855 1714 3890; x_wconf 89' lang='grc' dir='ltr'><strong>τε</strong></span> <span class='ocrx_word' id='word_1_492' title='bbox 1756 3836 1851 3890; x_wconf 79' lang='grc' dir='ltr'>καὶ</span> 
     </span>
    </p>
   </div>
   <div class='ocr_carea' id='block_1_73' title="bbox 268 3924 1846 4002">
    <p class='ocr_par' dir='ltr' id='par_1_73' title="bbox 268 3924 1846 4002">
     <span class='ocr_line' id='line_1_73' title="bbox 268 3924 1846 4002; baseline -0.003 -17"><span class='ocrx_word' id='word_1_493' title='bbox 268 3932 678 4002; x_wconf 84' lang='grc' dir='ltr'>προασπισταῖς</span> <span class='ocrx_word' id='word_1_494' title='bbox 718 3928 994 3997; x_wconf 86' lang='grc' dir='ltr'>ἀναγκαία</span> <span class='ocrx_word' id='word_1_495' title='bbox 1038 3927 1382 3997; x_wconf 76' lang='grc' dir='ltr'>καθέστηκεν</span> <span class='ocrx_word' id='word_1_496' title='bbox 1426 3930 1460 3999; x_wconf 81' lang='grc' dir='ltr'>ἠ</span> <span class='ocrx_word' id='word_1_497' title='bbox 1490 3928 1600 3980; x_wconf 91' lang='grc' dir='ltr'><strong>τῶν</strong></span> <span class='ocrx_word' id='word_1_498' title='bbox 1627 3924 1846 3996; x_wconf 78' lang='grc' dir='ltr'>φωνῶν,</span> 
     </span>
    </p>
   </div>
   <div class='ocr_carea' id='block_1_74' title="bbox 264 4018 1847 4092">
    <p class='ocr_par' dir='ltr' id='par_1_74' title="bbox 264 4018 1847 4092">
     <span class='ocr_line' id='line_1_74' title="bbox 264 4018 1847 4092; baseline -0.002 -19"><span class='ocrx_word' id='word_1_499' title='bbox 264 4022 395 4092; x_wconf 75' lang='grc' dir='ltr'>περὶ</span> <span class='ocrx_word' id='word_1_500' title='bbox 419 4020 485 4084; x_wconf 82' lang='grc' dir='ltr'><strong>ἀς</strong></span> <span class='ocrx_word' id='word_1_501' title='bbox 511 4021 559 4073; x_wconf 88' lang='grc' dir='ltr'>οἱ</span> <span class='ocrx_word' id='word_1_502' title='bbox 584 4020 861 4089; x_wconf 83' lang='grc' dir='ltr'>φιλόσοφοι</span> <span class='ocrx_word' id='word_1_503' title='bbox 897 4019 1134 4088; x_wconf 87' lang='grc' dir='ltr'>μάλιστα</span> <span class='ocrx_word' id='word_1_504' title='bbox 1182 4019 1602 4086; x_wconf 85' lang='grc' dir='ltr'>καταγίνονται,</span> <span class='ocrx_word' id='word_1_505' title='bbox 1632 4018 1847 4088; x_wconf 87' lang='grc' dir='ltr'>διάκρι-</span> 
     </span>
    </p>
   </div>
   <div class='ocr_carea' id='block_1_75' title="bbox 268 4106 1846 4178">
    <p class='ocr_par' dir='ltr' id='par_1_75' title="bbox 268 4106 1846 4178">
     <span class='ocr_line' id='line_1_75' title="bbox 268 4106 1846 4178; baseline -0.003 -16"><span class='ocrx_word' id='word_1_506' title='bbox 268 4110 354 4172; x_wconf 90' lang='grc' dir='ltr'><strong>σίς</strong></span> <span class='ocrx_word' id='word_1_507' title='bbox 404 4125 464 4161; x_wconf 89' lang='grc' dir='ltr'><strong>τε</strong></span> <span class='ocrx_word' id='word_1_508' title='bbox 521 4109 616 4162; x_wconf 73' lang='grc' dir='ltr'><strong>καὶ</strong></span> <span class='ocrx_word' id='word_1_509' title='bbox 658 4108 1010 4178; x_wconf 73' lang='grc' dir='ltr'>διασάφησις.</span> <span class='ocrx_word' id='word_1_510' title='bbox 1057 4107 1169 4176; x_wconf 77' lang='grc' dir='ltr'><strong>Τὴν</strong></span> <span class='ocrx_word' id='word_1_511' title='bbox 1217 4106 1326 4177; x_wconf 81' lang='grc' dir='ltr'>γὰρ</span> <span class='ocrx_word' id='word_1_512' title='bbox 1377 4106 1583 4161; x_wconf 87' lang='grc' dir='ltr'>τούτων</span> <span class='ocrx_word' id='word_1_513' title='bbox 1641 4107 1846 4178; x_wconf 78' lang='grc' dir='ltr'>ἀκριϐῆ</span> 
     </span>
    </p>
   </div>
   <div class='ocr_carea' id='block_1_76' title="bbox 265 4198 1845 4270">
    <p class='ocr_par' dir='ltr' id='par_1_76' title="bbox 265 4198 1845 4270">
     <span class='ocr_line' id='line_1_76' title="bbox 265 4198 1845 4270; baseline 0 -18"><span class='ocrx_word' id='word_1_514' title='bbox 265 4199 470 4267; x_wconf 86' lang='grc' dir='ltr'>γνῶσιν</span> <span class='ocrx_word' id='word_1_515' title='bbox 498 4200 685 4254; x_wconf 77' lang='grc' dir='ltr'>πολλοὶ</span> <span class='ocrx_word' id='word_1_516' title='bbox 729 4200 839 4253; x_wconf 87' lang='grc' dir='ltr'><strong>τῶν</strong></span> <span class='ocrx_word' id='word_1_517' title='bbox 894 4199 1197 4253; x_wconf 76' lang='grc' dir='ltr'>δοκούντων</span> <span class='ocrx_word' id='word_1_518' title='bbox 1249 4198 1388 4254; x_wconf 81' lang='grc' dir='ltr'>εἶναι</span> <span class='ocrx_word' id='word_1_519' title='bbox 1439 4201 1619 4269; x_wconf 73' lang='grc' dir='ltr'>σοφῶν</span> <span class='ocrx_word' id='word_1_520' title='bbox 1646 4200 1845 4270; x_wconf 88' lang='grc' dir='ltr'>ἀγνοή-</span> 
     </span>
    </p>
   </div>
   <div class='ocr_carea' id='block_1_77' title="bbox 267 4293 1845 4367">
    <p class='ocr_par' dir='ltr' id='par_1_77' title="bbox 267 4293 1845 4367">
     <span class='ocr_line' id='line_1_77' title="bbox 267 4293 1845 4367; baseline 0.002 -23"><span class='ocrx_word' id='word_1_521' title='bbox 267 4309 461 4357; x_wconf 85' lang='grc' dir='ltr'>σαντες</span> <span class='ocrx_word' id='word_1_522' title='bbox 492 4295 622 4367; x_wconf 73' lang='grc' dir='ltr'>περὶ</span> <span class='ocrx_word' id='word_1_523' title='bbox 647 4293 746 4364; x_wconf 80' lang='grc' dir='ltr'>τὴν</span> <span class='ocrx_word' id='word_1_524' title='bbox 787 4294 1046 4364; x_wconf 85' lang='grc' dir='ltr'>ἀλήθειαν</span> <span class='ocrx_word' id='word_1_525' title='bbox 1089 4295 1424 4365; x_wconf 74' lang='grc' dir='ltr'>ἠστόχησαν,</span> <span class='ocrx_word' id='word_1_526' title='bbox 1470 4296 1566 4348; x_wconf 79' lang='grc' dir='ltr'>καὶ</span> <span class='ocrx_word' id='word_1_527' title='bbox 1599 4295 1680 4357; x_wconf 86' lang='grc' dir='ltr'><strong>είς</strong></span> <span class='ocrx_word' id='word_1_528' title='bbox 1718 4296 1845 4347; x_wconf 87' lang='grc' dir='ltr'>ἀτο-</span> 
     </span>
    </p>
   </div>
   <div class='ocr_carea' id='block_1_78' title="bbox 265 4382 1847 4457">
    <p class='ocr_par' dir='ltr' id='par_1_78' title="bbox 265 4382 1847 4457">
     <span class='ocr_line' id='line_1_78' title="bbox 265 4382 1847 4457; baseline 0.001 -21"><span class='ocrx_word' id='word_1_529' title='bbox 265 4382 396 4446; x_wconf 84' lang='grc' dir='ltr'>πίας</span> <span class='ocrx_word' id='word_1_530' title='bbox 453 4382 552 4438; x_wconf 80' lang='grc' dir='ltr'>καὶ</span> <span class='ocrx_word' id='word_1_531' title='bbox 598 4384 943 4455; x_wconf 85' lang='grc' dir='ltr'>βλασφημίας</span> <span class='ocrx_word' id='word_1_532' title='bbox 980 4384 1312 4451; x_wconf 81' lang='grc' dir='ltr'>ἐξώκειλαν,</span> <span class='ocrx_word' id='word_1_533' title='bbox 1355 4386 1581 4457; x_wconf 76' lang='grc' dir='ltr'>καὶτῆς</span> <span class='ocrx_word' id='word_1_534' title='bbox 1651 4386 1732 4448; x_wconf 84' lang='grc' dir='ltr'><strong>είς</strong></span> <span class='ocrx_word' id='word_1_535' title='bbox 1784 4383 1847 4437; x_wconf 84' lang='grc' dir='ltr'><strong>τὸ</strong></span> 
     </span>
    </p>
   </div>
   <div class='ocr_carea' id='block_1_79' title="bbox 266 4475 1846 4547">
    <p class='ocr_par' dir='ltr' id='par_1_79' title="bbox 266 4475 1846 4547">
     <span class='ocr_line' id='line_1_79' title="bbox 266 4475 1846 4547; baseline 0 -17"><span class='ocrx_word' id='word_1_536' title='bbox 266 4475 425 4530; x_wconf 73' lang='grc' dir='ltr'>θεῖον</span> <span class='ocrx_word' id='word_1_537' title='bbox 446 4475 616 4546; x_wconf 82' lang='grc' dir='ltr'>ὀρθῆς</span> <span class='ocrx_word' id='word_1_538' title='bbox 640 4475 875 4539; x_wconf 88' lang='grc' dir='ltr'>πίστεως</span> <span class='ocrx_word' id='word_1_539' title='bbox 905 4477 1164 4541; x_wconf 80' lang='grc' dir='ltr'>ἐξέπεσον</span> <span class='ocrx_word' id='word_1_540' title='bbox 1189 4478 1524 4547; x_wconf 70' lang='grc' dir='ltr'>ἠγνοηκότες</span> <span class='ocrx_word' id='word_1_541' title='bbox 1549 4477 1666 4547; x_wconf 78' lang='grc' dir='ltr'>μὲν,</span> <span class='ocrx_word' id='word_1_542' title='bbox 1691 4477 1846 4530; x_wconf 84' lang='grc' dir='ltr'>ἐκόν-</span> 
     </span>
    </p>
   </div>
   <div class='ocr_carea' id='block_1_80' title="bbox 2013 3543 3526 3612">
    <p class='ocr_par' dir='ltr' id='par_1_80' title="bbox 2013 3543 3526 3612">
     <span class='ocr_line' id='line_1_80' title="bbox 2013 3543 3526 3612; baseline 0.004 -18"><span class='ocrx_word' id='word_1_543' title='bbox 2013 3543 2204 3612; x_wconf 80' lang='lat' dir='ltr'><strong>quibus</strong></span> <span class='ocrx_word' id='word_1_544' title='bbox 2262 3543 2560 3609; x_wconf 78' lang='lat' dir='ltr'><strong>philosophi</strong></span> <span class='ocrx_word' id='word_1_545' title='bbox 2603 3555 2846 3607; x_wconf 78' lang='lat' dir='ltr'><strong>utuntur,</strong></span> <span class='ocrx_word' id='word_1_546' title='bbox 2891 3555 2938 3597; x_wconf 81' lang='lat' dir='ltr'><strong>et</strong></span> <span class='ocrx_word' id='word_1_547' title='bbox 2979 3544 3274 3612; x_wconf 81' lang='lat' dir='ltr'><strong>confulatio</strong></span> <span class='ocrx_word' id='word_1_548' title='bbox 3306 3547 3526 3601; x_wconf 69' lang='lat' dir='ltr'><strong>lucraris</strong></span> 
     </span>
    </p>
   </div>
   <div class='ocr_carea' id='block_1_81' title="bbox 2015 3611 3528 3680">
    <p class='ocr_par' dir='ltr' id='par_1_81' title="bbox 2015 3611 3528 3680">
     <span class='ocr_line' id='line_1_81' title="bbox 2015 3611 3528 3680; baseline 0.003 -15"><span class='ocrx_word' id='word_1_549' title='bbox 2015 3611 2408 3680; x_wconf 76' lang='lat' dir='ltr'><strong>Acephulorum</strong></span> <span class='ocrx_word' id='word_1_550' title='bbox 2462 3613 3023 3680; x_wconf 54' lang='lat' dir='ltr'><strong>Seperianorumpid</strong></span> <span class='ocrx_word' id='word_1_551' title='bbox 3081 3611 3171 3667; x_wconf 70' lang='lat' dir='ltr'><strong>est</strong></span> <span class='ocrx_word' id='word_1_552' title='bbox 3236 3612 3528 3669; x_wconf 74' lang='lat' dir='ltr'><strong>Jacobita-</strong></span> 
     </span>
    </p>
   </div>
   <div class='ocr_carea' id='block_1_82' title="bbox 2010 3683 3532 3822">
    <p class='ocr_par' dir='ltr' id='par_1_82' title="bbox 2010 3683 3532 3822">
     <span class='ocr_line' id='line_1_82' title="bbox 2010 3683 3532 3822; baseline 0.003 -88"><span class='ocrx_word' id='word_1_553' title='bbox 2010 3683 2541 3822; x_wconf 53' lang='lat' dir='ltr'><strong>sum.)tlnterprete</strong></span> <span class='ocrx_word' id='word_1_554' title='bbox 2573 3683 2870 3739; x_wconf 84' lang='lat' dir='ltr'><strong>Francisco</strong></span> <span class='ocrx_word' id='word_1_555' title='bbox 2918 3684 3192 3737; x_wconf 86' lang='lat' dir='ltr'><strong>&#39;l‘urriano</strong></span> <span class='ocrx_word' id='word_1_556' title='bbox 3244 3684 3532 3739; x_wconf 83' lang='lat' dir='ltr'><strong>Societatts</strong></span> 
     </span>
     <span class='ocr_line' id='line_1_83' title="bbox 2046 3767 2165 3806; baseline 0.008 -2"><span class='ocrx_word' id='word_1_557' title='bbox 2046 3767 2165 3806; x_wconf 85' lang='lat' dir='ltr'><strong>esu.</strong></span> 
     </span>
    </p>
   </div>
   <div class='ocr_carea' id='block_1_83' title="bbox 2046 3767 2165 3806">
    <p class='ocr_par' dir='ltr' id='par_1_83' title="bbox 2046 3767 2165 3806">
     <span class='ocr_line' id='line_1_84' title="bbox 2046 3767 2165 3806; baseline 0.008 -2"><span class='ocrx_word' id='word_1_558' title='bbox 2046 3767 2165 3806; x_wconf 85' lang='lat' dir='ltr'><strong>esu.</strong></span> 
     </span>
    </p>
   </div>
   <div class='ocr_carea' id='block_1_84' title="bbox 2026 3840 3593 3911">
    <p class='ocr_par' dir='ltr' id='par_1_84' title="bbox 2026 3840 3593 3911">
     <span class='ocr_line' id='line_1_85' title="bbox 2026 3840 3593 3911; baseline 0.004 -17"><span class='ocrx_word' id='word_1_559' title='bbox 2026 3840 2119 3903; x_wconf 89' lang='lat' dir='ltr'><strong>lis,</strong></span> <span class='ocrx_word' id='word_1_560' title='bbox 2145 3842 2236 3911; x_wconf 93' lang='lat' dir='ltr'><strong>qui</strong></span> <span class='ocrx_word' id='word_1_561' title='bbox 2269 3858 2524 3897; x_wconf 88' lang='lat' dir='ltr'><strong>verorum</strong></span> <span class='ocrx_word' id='word_1_562' title='bbox 2547 3842 2865 3911; x_wconf 81' lang='lat' dir='ltr'><strong>dogmatum</strong></span> <span class='ocrx_word' id='word_1_563' title='bbox 2909 3846 3146 3900; x_wconf 86' lang='lat' dir='ltr'><strong>studiosi</strong></span> <span class='ocrx_word' id='word_1_564' title='bbox 3177 3857 3305 3901; x_wconf 89' lang='lat' dir='ltr'><strong>sunt</strong></span> <span class='ocrx_word' id='word_1_565' title='bbox 3338 3856 3391 3900; x_wconf 87' lang='lat' dir='ltr'><strong>et</strong></span> <span class='ocrx_word' id='word_1_566' title='bbox 3430 3848 3529 3901; x_wconf 85' lang='lat' dir='ltr'><strong>de-</strong></span> <span class='ocrx_word' id='word_1_567' title='bbox 3588 3854 3593 3857; x_wconf 69' lang='grc'><em>“</em></span> 
     </span>
    </p>
   </div>
   <div class='ocr_carea' id='block_1_85' title="bbox 1952 3932 3533 4005">
    <p class='ocr_par' dir='ltr' id='par_1_85' title="bbox 1952 3932 3533 4005">
     <span class='ocr_line' id='line_1_86' title="bbox 1952 3932 3533 4005; baseline 0.003 -18"><span class='ocrx_word' id='word_1_568' title='bbox 1952 3932 2226 3996; x_wconf 84' lang='lat' dir='ltr'><strong>fensores,</strong></span> <span class='ocrx_word' id='word_1_569' title='bbox 2259 3933 2572 3988; x_wconf 86' lang='lat' dir='ltr'><strong>necessaria</strong></span> <span class='ocrx_word' id='word_1_570' title='bbox 2596 3943 2681 3987; x_wconf 84' lang='lat' dir='ltr'><strong>est</strong></span> <span class='ocrx_word' id='word_1_571' title='bbox 2707 3949 2930 3999; x_wconf 89' lang='lat' dir='ltr'><strong>vocum,</strong></span> <span class='ocrx_word' id='word_1_572' title='bbox 2969 3937 3021 3988; x_wconf 88' lang='lat' dir='ltr'><strong>in</strong></span> <span class='ocrx_word' id='word_1_573' title='bbox 3059 3938 3264 4004; x_wconf 85' lang='lat' dir='ltr'><strong>quibus</strong></span> <span class='ocrx_word' id='word_1_574' title='bbox 3288 3939 3533 4005; x_wconf 83' lang='lat' dir='ltr'><strong>philoso-</strong></span> 
     </span>
    </p>
   </div>
   <div class='ocr_carea' id='block_1_86' title="bbox 1953 4021 3529 4092">
    <p class='ocr_par' dir='ltr' id='par_1_86' title="bbox 1953 4021 3529 4092">
     <span class='ocr_line' id='line_1_87' title="bbox 1953 4021 3529 4092; baseline 0.003 -17"><span class='ocrx_word' id='word_1_575' title='bbox 1953 4021 2046 4092; x_wconf 87' lang='lat' dir='ltr'><strong>phi</strong></span> <span class='ocrx_word' id='word_1_576' title='bbox 2097 4030 2410 4087; x_wconf 84' lang='lat' dir='ltr'><strong>versantur,</strong></span> <span class='ocrx_word' id='word_1_577' title='bbox 2484 4024 2799 4091; x_wconf 78' lang='lat' dir='ltr'><strong>explanatio</strong></span> <span class='ocrx_word' id='word_1_578' title='bbox 2849 4032 2904 4078; x_wconf 91' lang='lat' dir='ltr'><strong>et</strong></span> <span class='ocrx_word' id='word_1_579' title='bbox 2955 4024 3263 4080; x_wconf 86' lang='lat' dir='ltr'><strong>distinctio.</strong></span> <span class='ocrx_word' id='word_1_580' title='bbox 3326 4026 3529 4079; x_wconf 83' lang='lat' dir='ltr'><strong>llarum</strong></span> 
     </span>
    </p>
   </div>
   <div class='ocr_carea' id='block_1_87' title="bbox 1951 4110 3529 4181">
    <p class='ocr_par' dir='ltr' id='par_1_87' title="bbox 1951 4110 3529 4181">
     <span class='ocr_line' id='line_1_88' title="bbox 1951 4110 3529 4181; baseline -0.002 -14"><span class='ocrx_word' id='word_1_581' title='bbox 1951 4112 2098 4167; x_wconf 88' lang='lat' dir='ltr'><strong>enim</strong></span> <span class='ocrx_word' id='word_1_582' title='bbox 2129 4111 2496 4181; x_wconf 82' lang='lat' dir='ltr'><strong>cognitionem</strong></span> <span class='ocrx_word' id='word_1_583' title='bbox 2536 4110 2832 4179; x_wconf 83' lang='lat' dir='ltr'><strong>perfectam</strong></span> <span class='ocrx_word' id='word_1_584' title='bbox 2867 4112 2998 4180; x_wconf 87' lang='lat' dir='ltr'><strong>quia</strong></span> <span class='ocrx_word' id='word_1_585' title='bbox 3026 4114 3184 4165; x_wconf 89' lang='lat' dir='ltr'><strong>multi</strong></span> <span class='ocrx_word' id='word_1_586' title='bbox 3217 4128 3280 4166; x_wconf 81' lang='lat' dir='ltr'><strong>ex</strong></span> <span class='ocrx_word' id='word_1_587' title='bbox 3318 4114 3407 4174; x_wconf 85' lang='lat' dir='ltr'><strong>lis,</strong></span> <span class='ocrx_word' id='word_1_588' title='bbox 3435 4114 3529 4180; x_wconf 90' lang='lat' dir='ltr'><strong>qui</strong></span> 
     </span>
    </p>
   </div>
   <div class='ocr_carea' id='block_1_88' title="bbox 1952 4201 3532 4272">
    <p class='ocr_par' dir='ltr' id='par_1_88' title="bbox 1952 4201 3532 4272">
     <span class='ocr_line' id='line_1_89' title="bbox 1952 4201 3532 4272; baseline -0.001 -14"><span class='ocrx_word' id='word_1_589' title='bbox 1952 4202 2228 4272; x_wconf 82' lang='lat' dir='ltr'><strong>sapientes</strong></span> <span class='ocrx_word' id='word_1_590' title='bbox 2252 4217 2375 4258; x_wconf 86' lang='lat' dir='ltr'><strong>esse</strong></span> <span class='ocrx_word' id='word_1_591' title='bbox 2397 4201 2744 4265; x_wconf 86' lang='lat' dir='ltr'><strong>videbantur,</strong></span> <span class='ocrx_word' id='word_1_592' title='bbox 2773 4202 3182 4270; x_wconf 80' lang='lat' dir='ltr'><strong>ignoraverunt,</strong></span> <span class='ocrx_word' id='word_1_593' title='bbox 3242 4219 3271 4255; x_wconf 90' lang='lat' dir='ltr'><strong>a</strong></span> <span class='ocrx_word' id='word_1_594' title='bbox 3302 4203 3532 4256; x_wconf 84' lang='lat' dir='ltr'><strong>veritate</strong></span> 
     </span>
    </p>
   </div>
   <div class='ocr_carea' id='block_1_89' title="bbox 1951 4294 3530 4363">
    <p class='ocr_par' dir='ltr' id='par_1_89' title="bbox 1951 4294 3530 4363">
     <span class='ocr_line' id='line_1_90' title="bbox 1951 4294 3530 4363; baseline 0.001 -14"><span class='ocrx_word' id='word_1_595' title='bbox 1951 4296 2312 4359; x_wconf 88' lang='lat' dir='ltr'><strong>aberrarunt,</strong></span> <span class='ocrx_word' id='word_1_596' title='bbox 2374 4303 2428 4349; x_wconf 90' lang='lat' dir='ltr'><strong>et</strong></span> <span class='ocrx_word' id='word_1_597' title='bbox 2481 4295 2537 4348; x_wconf 90' lang='lat' dir='ltr'><strong>in</strong></span> <span class='ocrx_word' id='word_1_598' title='bbox 2625 4294 2997 4348; x_wconf 88' lang='lat' dir='ltr'><strong>absurditates</strong></span> <span class='ocrx_word' id='word_1_599' title='bbox 3048 4308 3112 4348; x_wconf 88' lang='lat' dir='ltr'><strong>ac</strong></span> <span class='ocrx_word' id='word_1_600' title='bbox 3164 4294 3530 4363; x_wconf 79' lang='lat' dir='ltr'><strong>blasphemias</strong></span> 
     </span>
    </p>
   </div>
   <div class='ocr_carea' id='block_1_90' title="bbox 1951 4385 3532 4456">
    <p class='ocr_par' dir='ltr' id='par_1_90' title="bbox 1951 4385 3532 4456">
     <span class='ocr_line' id='line_1_91' title="bbox 1951 4385 3532 4456; baseline 0.001 -17"><span class='ocrx_word' id='word_1_601' title='bbox 1951 4386 2327 4456; x_wconf 80' lang='lat' dir='ltr'><strong>impegerunt;</strong></span> <span class='ocrx_word' id='word_1_602' title='bbox 2363 4393 2419 4440; x_wconf 88' lang='lat' dir='ltr'><strong>et</strong></span> <span class='ocrx_word' id='word_1_603' title='bbox 2464 4395 2672 4441; x_wconf 89' lang='lat' dir='ltr'><strong>arecta</strong></span> <span class='ocrx_word' id='word_1_604' title='bbox 2726 4387 2782 4440; x_wconf 92' lang='lat' dir='ltr'><strong>in</strong></span> <span class='ocrx_word' id='word_1_605' title='bbox 2838 4385 3009 4441; x_wconf 89' lang='lat' dir='ltr'><strong>Deum</strong></span> <span class='ocrx_word' id='word_1_606' title='bbox 3067 4387 3172 4441; x_wconf 79' lang='lat' dir='ltr'><strong>[ide</strong></span> <span class='ocrx_word' id='word_1_607' title='bbox 3225 4386 3532 4440; x_wconf 70' lang='lat' dir='ltr'><strong>nescientes</strong></span> 
     </span>
    </p>
   </div>
   <div class='ocr_carea' id='block_1_91' title="bbox 1930 4477 3534 4547">
    <p class='ocr_par' dir='ltr' id='par_1_91' title="bbox 1930 4477 3534 4547">
     <span class='ocr_line' id='line_1_92' title="bbox 1930 4477 3534 4547; baseline 0.001 -19"><span class='ocrx_word' id='word_1_608' title='bbox 1930 4477 2171 4546; x_wconf 85' lang='lat' dir='ltr'><strong>&#39;quidem</strong></span> <span class='ocrx_word' id='word_1_609' title='bbox 2221 4477 2573 4541; x_wconf 83' lang='lat' dir='ltr'><strong>exciderunt,</strong></span> <span class='ocrx_word' id='word_1_610' title='bbox 2608 4479 2703 4533; x_wconf 89' lang='lat' dir='ltr'><strong>sed</strong></span> <span class='ocrx_word' id='word_1_611' title='bbox 2737 4478 2866 4547; x_wconf 89' lang='lat' dir='ltr'><strong>quia</strong></span> <span class='ocrx_word' id='word_1_612' title='bbox 2897 4479 3091 4532; x_wconf 88' lang='lat' dir='ltr'><strong>oculos</strong></span> <span class='ocrx_word' id='word_1_613' title='bbox 3125 4477 3324 4532; x_wconf 89' lang='lat' dir='ltr'><strong>mentis</strong></span> <span class='ocrx_word' id='word_1_614' title='bbox 3378 4492 3406 4529; x_wconf 92' lang='lat' dir='ltr'><strong>a</strong></span> <span class='ocrx_word' id='word_1_615' title='bbox 3458 4477 3534 4530; x_wconf 90' lang='lat' dir='ltr'><strong>lu-</strong></span> 
     </span>
    </p>
   </div>
   <div class='ocr_carea' id='block_1_92' title="bbox 262 4568 1847 4640">
    <p class='ocr_par' dir='ltr' id='par_1_92' title="bbox 262 4568 1845 4640">
     <span class='ocr_line' id='line_1_93' title="bbox 262 4568 1845 4640; baseline -0.001 -17"><span class='ocrx_word' id='word_1_616' title='bbox 262 4586 357 4633; x_wconf 89' lang='grc' dir='ltr'><strong>τες</strong></span> <span class='ocrx_word' id='word_1_617' title='bbox 392 4569 451 4624; x_wconf 80' lang='grc' dir='ltr'>δὲ</span> <span class='ocrx_word' id='word_1_618' title='bbox 480 4569 580 4633; x_wconf 84' lang='grc' dir='ltr'><strong>τὰς</strong></span> <span class='ocrx_word' id='word_1_619' title='bbox 613 4568 716 4637; x_wconf 83' lang='grc' dir='ltr'>τῆς</span> <span class='ocrx_word' id='word_1_620' title='bbox 737 4569 974 4634; x_wconf 84' lang='grc' dir='ltr'>διανοίας</span> <span class='ocrx_word' id='word_1_621' title='bbox 1000 4570 1153 4640; x_wconf 77' lang='grc' dir='ltr'>ὄψεις</span> <span class='ocrx_word' id='word_1_622' title='bbox 1198 4571 1593 4634; x_wconf 82' lang='grc' dir='ltr'>ἀποκλίναντες</span> <span class='ocrx_word' id='word_1_623' title='bbox 1618 4568 1714 4623; x_wconf 80' lang='grc' dir='ltr'>τοῦ</span> <span class='ocrx_word' id='word_1_624' title='bbox 1748 4570 1845 4638; x_wconf 80' lang='grc' dir='ltr'>τῆς</span> 
     </span>
    </p>
   </div>
   <div class='ocr_carea' id='block_1_93' title="bbox 1960 4568 3531 4640">
    <p class='ocr_par' dir='ltr' id='par_1_93' title="bbox 1960 4568 3531 4639">
     <span class='ocr_line' id='line_1_94' title="bbox 1960 4568 3531 4639; baseline 0.001 -17"><span class='ocrx_word' id='word_1_625' title='bbox 1960 4570 2095 4623; x_wconf 81' lang='lat' dir='ltr'><strong>mine</strong></span> <span class='ocrx_word' id='word_1_626' title='bbox 2128 4569 2323 4624; x_wconf 86' lang='lat' dir='ltr'><strong>salutis</strong></span> <span class='ocrx_word' id='word_1_627' title='bbox 2350 4570 2649 4624; x_wconf 83' lang='lat' dir='ltr'><strong>deﬂectere</strong></span> <span class='ocrx_word' id='word_1_628' title='bbox 2688 4572 3006 4633; x_wconf 89' lang='lat' dir='ltr'><strong>voluerunt,</strong></span> <span class='ocrx_word' id='word_1_629' title='bbox 3045 4578 3100 4624; x_wconf 89' lang='lat' dir='ltr'><strong>et</strong></span> <span class='ocrx_word' id='word_1_630' title='bbox 3133 4570 3198 4623; x_wconf 89' lang='lat' dir='ltr'><strong>ad</strong></span> <span class='ocrx_word' id='word_1_631' title='bbox 3240 4568 3531 4639; x_wconf 81' lang='lat' dir='ltr'><strong>pestiferas</strong></span> 
     </span>
    </p>
   </div>
   <div class='ocr_carea' id='block_1_94' title="bbox 264 4658 1841 4731">
    <p class='ocr_par' dir='ltr' id='par_1_94' title="bbox 264 4658 1841 4731">
     <span class='ocr_line' id='line_1_95' title="bbox 264 4658 1841 4731; baseline -0.001 -19"><span class='ocrx_word' id='word_1_632' title='bbox 264 4658 545 4729; x_wconf 86' lang='grc' dir='ltr'>σωτηρίας</span> <span class='ocrx_word' id='word_1_633' title='bbox 572 4660 769 4727; x_wconf 75' lang='grc' dir='ltr'>φωτὸς,</span> <span class='ocrx_word' id='word_1_634' title='bbox 803 4662 896 4714; x_wconf 76' lang='grc' dir='ltr'><strong>καὶ</strong></span> <span class='ocrx_word' id='word_1_635' title='bbox 930 4661 1067 4731; x_wconf 72' lang='grc' dir='ltr'>πρὸς</span> <span class='ocrx_word' id='word_1_636' title='bbox 1091 4662 1151 4714; x_wconf 83' lang='grc' dir='ltr'><strong>τὸ</strong></span> <span class='ocrx_word' id='word_1_637' title='bbox 1183 4661 1427 4730; x_wconf 82' lang='grc' dir='ltr'>ὀλέθριον</span> <span class='ocrx_word' id='word_1_638' title='bbox 1460 4661 1654 4723; x_wconf 88' lang='grc' dir='ltr'>σκότος</span> <span class='ocrx_word' id='word_1_639' title='bbox 1680 4660 1841 4713; x_wconf 82' lang='grc' dir='ltr'>αύτο-</span> 
     </span>
    </p>
   </div>
   <div class='ocr_carea' id='block_1_95' title="bbox 267 4738 1838 4825">
    <p class='ocr_par' dir='ltr' id='par_1_95' title="bbox 267 4738 1838 4825">
     <span class='ocr_line' id='line_1_96' title="bbox 267 4738 1838 4825; baseline -0.001 -19"><span class='ocrx_word' id='word_1_640' title='bbox 267 4752 624 4825; x_wconf 73' lang='grc' dir='ltr'>μολήσαντες,</span> <span class='ocrx_word' id='word_1_641' title='bbox 676 4754 756 4817; x_wconf 85' lang='grc' dir='ltr'><strong>είς</strong></span> <span class='ocrx_word' id='word_1_642' title='bbox 809 4753 1090 4816; x_wconf 86' lang='grc' dir='ltr'>ἀπωλείας</span> <span class='ocrx_word' id='word_1_643' title='bbox 1143 4738 1479 4806; x_wconf 81' lang='grc' dir='ltr'>κατὼλῖσθον</span> <span class='ocrx_word' id='word_1_644' title='bbox 1539 4751 1838 4822; x_wconf 85' lang='grc' dir='ltr'>βάραθρον.</span> 
     </span>
    </p>
   </div>
   <div class='ocr_carea' id='block_1_96' title="bbox 262 4841 1843 4917">
    <p class='ocr_par' dir='ltr' id='par_1_96' title="bbox 262 4841 1843 4917">
     <span class='ocr_line' id='line_1_97' title="bbox 262 4841 1843 4917; baseline -0.004 -18"><span class='ocrx_word' id='word_1_645' title='bbox 262 4845 358 4899; x_wconf 81' lang='grc' dir='ltr'><strong>Διὸ</strong></span> <span class='ocrx_word' id='word_1_646' title='bbox 393 4845 523 4917; x_wconf 78' lang='grc' dir='ltr'>περὶ</span> <span class='ocrx_word' id='word_1_647' title='bbox 554 4845 651 4916; x_wconf 83' lang='grc' dir='ltr'>μὲν</span> <span class='ocrx_word' id='word_1_648' title='bbox 674 4844 906 4915; x_wconf 84' lang='grc' dir='ltr'>ἀσήμων</span> <span class='ocrx_word' id='word_1_649' title='bbox 944 4844 1138 4913; x_wconf 79' lang='grc' dir='ltr'>φωνῶν</span> <span class='ocrx_word' id='word_1_650' title='bbox 1163 4844 1465 4916; x_wconf 86' lang='grc' dir='ltr'>ἐνάρθρων,</span> <span class='ocrx_word' id='word_1_651' title='bbox 1493 4843 1526 4914; x_wconf 81' lang='grc' dir='ltr'>ἢ</span> <span class='ocrx_word' id='word_1_652' title='bbox 1556 4841 1843 4913; x_wconf 88' lang='grc' dir='ltr'>ἀνάρθρων</span> 
     </span>
    </p>
   </div>
   <div class='ocr_carea' id='block_1_97' title="bbox 263 4934 1843 5009">
    <p class='ocr_par' dir='ltr' id='par_1_97' title="bbox 263 4934 1843 5009">
     <span class='ocr_line' id='line_1_98' title="bbox 263 4934 1843 5009; baseline -0.003 -17"><span class='ocrx_word' id='word_1_653' title='bbox 263 4938 752 5009; x_wconf 86' lang='grc' dir='ltr'>περισημαντικῶν</span> <span class='ocrx_word' id='word_1_654' title='bbox 782 4938 1100 5007; x_wconf 82' lang='grc' dir='ltr'>ἀνάρθρως,</span> <span class='ocrx_word' id='word_1_655' title='bbox 1150 4936 1301 4990; x_wconf 83' lang='grc' dir='ltr'>οὐδὲν</span> <span class='ocrx_word' id='word_1_656' title='bbox 1332 4937 1411 4999; x_wconf 82' lang='grc' dir='ltr'><strong>εἰς</strong></span> <span class='ocrx_word' id='word_1_657' title='bbox 1457 4934 1843 5006; x_wconf 75' lang='grc' dir='ltr'>ἀποδεικτικὴν</span> 
     </span>
    </p>
   </div>
   <div class='ocr_carea' id='block_1_98' title="bbox 265 5025 1845 5097">
    <p class='ocr_par' dir='ltr' id='par_1_98' title="bbox 265 5025 1845 5097">
     <span class='ocr_line' id='line_1_99' title="bbox 265 5025 1845 5097; baseline -0.002 -15"><span class='ocrx_word' id='word_1_658' title='bbox 265 5027 634 5082; x_wconf 84' lang='grc' dir='ltr'>συντελουσῶν</span> <span class='ocrx_word' id='word_1_659' title='bbox 675 5028 901 5097; x_wconf 82' lang='grc' dir='ltr'>μέθοδον</span> <span class='ocrx_word' id='word_1_660' title='bbox 934 5028 1135 5097; x_wconf 81' lang='grc' dir='ltr'>λέγειν,</span> <span class='ocrx_word' id='word_1_661' title='bbox 1159 5028 1228 5080; x_wconf 86' lang='grc' dir='ltr'>τὰ</span> <span class='ocrx_word' id='word_1_662' title='bbox 1253 5025 1350 5080; x_wconf 81' lang='grc' dir='ltr'>νῦν</span> <span class='ocrx_word' id='word_1_663' title='bbox 1386 5027 1672 5089; x_wconf 80' lang='grc' dir='ltr'>ἐάσαντες,</span> <span class='ocrx_word' id='word_1_664' title='bbox 1711 5028 1845 5097; x_wconf 75' lang='grc' dir='ltr'>περὶ</span> 
     </span>
    </p>
   </div>
   <div class='ocr_carea' id='block_1_99' title="bbox 263 5116 1852 5191">
    <p class='ocr_par' dir='ltr' id='par_1_99' title="bbox 263 5116 1852 5191">
     <span class='ocr_line' id='line_1_100' title="bbox 263 5116 1852 5191; baseline -0.001 -19"><span class='ocrx_word' id='word_1_665' title='bbox 263 5120 471 5182; x_wconf 80' lang='grc' dir='ltr'>αὐτῶν,</span> <span class='ocrx_word' id='word_1_666' title='bbox 509 5119 585 5181; x_wconf 79' lang='grc' dir='ltr'>ὡς</span> <span class='ocrx_word' id='word_1_667' title='bbox 608 5116 711 5173; x_wconf 75' lang='grc' dir='ltr'>οἷοί</span> <span class='ocrx_word' id='word_1_668' title='bbox 737 5136 795 5173; x_wconf 86' lang='grc' dir='ltr'><strong>τε</strong></span> <span class='ocrx_word' id='word_1_669' title='bbox 830 5121 1171 5191; x_wconf 78' lang='grc' dir='ltr'>τυγχάνομεν</span> <span class='ocrx_word' id='word_1_670' title='bbox 1209 5118 1384 5183; x_wconf 78' lang='grc' dir='ltr'>ὄντες,</span> <span class='ocrx_word' id='word_1_671' title='bbox 1426 5118 1633 5190; x_wconf 85' lang='grc' dir='ltr'>βραχέα</span> <span class='ocrx_word' id='word_1_672' title='bbox 1665 5119 1852 5188; x_wconf 85' lang='grc' dir='ltr'>διαλη-</span> 
     </span>
    </p>
   </div>
   <div class='ocr_carea' id='block_1_100' title="bbox 267 5209 1855 5280">
    <p class='ocr_par' dir='ltr' id='par_1_100' title="bbox 267 5209 1855 5280">
     <span class='ocr_line' id='line_1_101' title="bbox 267 5209 1855 5280; baseline 0 -18"><span class='ocrx_word' id='word_1_673' title='bbox 267 5210 488 5279; x_wconf 74' lang='grc' dir='ltr'>ψόμεθα</span> <span class='ocrx_word' id='word_1_674' title='bbox 520 5226 534 5241; x_wconf 85' lang='lat'><strong><em>°</em></strong></span> <span class='ocrx_word' id='word_1_675' title='bbox 576 5213 707 5274; x_wconf 78' lang='grc' dir='ltr'>τοὺς</span> <span class='ocrx_word' id='word_1_676' title='bbox 731 5213 828 5279; x_wconf 76' lang='grc' dir='ltr'>τῆς</span> <span class='ocrx_word' id='word_1_677' title='bbox 864 5210 1195 5279; x_wconf 85' lang='grc' dir='ltr'>Ἐκκλησίας</span> <span class='ocrx_word' id='word_1_678' title='bbox 1238 5209 1545 5280; x_wconf 76' lang='grc' dir='ltr'>τροφίμους</span> <span class='ocrx_word' id='word_1_679' title='bbox 1579 5209 1721 5263; x_wconf 86' lang='grc' dir='ltr'>κατὰ</span> <span class='ocrx_word' id='word_1_680' title='bbox 1746 5211 1855 5263; x_wconf 83' lang='grc' dir='ltr'><strong>τῶν</strong></span> 
     </span>
    </p>
   </div>
   <div class='ocr_carea' id='block_1_101' title="bbox 266 5301 1856 5373">
    <p class='ocr_par' dir='ltr' id='par_1_101' title="bbox 266 5301 1856 5373">
     <span class='ocr_line' id='line_1_102' title="bbox 266 5301 1856 5373; baseline -0.001 -18"><span class='ocrx_word' id='word_1_681' title='bbox 266 5303 653 5373; x_wconf 80' lang='grc' dir='ltr'>φρενοϐλαὸὦν</span> <span class='ocrx_word' id='word_1_682' title='bbox 680 5303 781 5373; x_wconf 81' lang='grc' dir='ltr'>τῆς</span> <span class='ocrx_word' id='word_1_683' title='bbox 813 5302 1142 5373; x_wconf 80' lang='grc' dir='ltr'>Ἐκκλησίας</span> <span class='ocrx_word' id='word_1_684' title='bbox 1180 5301 1493 5356; x_wconf 78' lang='grc' dir='ltr'>ἀντιπάλων</span> <span class='ocrx_word' id='word_1_685' title='bbox 1536 5302 1856 5372; x_wconf 82' lang='grc' dir='ltr'>Ἀκεφάλων</span> 
     </span>
    </p>
   </div>
   <div class='ocr_carea' id='block_1_102' title="bbox 266 5391 1855 5462">
    <p class='ocr_par' dir='ltr' id='par_1_102' title="bbox 266 5391 1855 5462">
     <span class='ocr_line' id='line_1_103' title="bbox 266 5391 1855 5462; baseline -0.002 -17"><span class='ocrx_word' id='word_1_686' title='bbox 266 5393 561 5461; x_wconf 84' lang='grc' dir='ltr'>αίρετικῶν</span> <span class='ocrx_word' id='word_1_687' title='bbox 583 5392 1030 5457; x_wconf 78' lang='grc' dir='ltr'>καθοπλίζοντες,</span> <span class='ocrx_word' id='word_1_688' title='bbox 1051 5392 1144 5445; x_wconf 83' lang='grc' dir='ltr'><strong>καὶ</strong></span> <span class='ocrx_word' id='word_1_689' title='bbox 1187 5391 1288 5462; x_wconf 79' lang='grc' dir='ltr'><strong>τὴν</strong></span> <span class='ocrx_word' id='word_1_690' title='bbox 1317 5391 1542 5446; x_wconf 84' lang='grc' dir='ltr'>ἐκείνων</span> <span class='ocrx_word' id='word_1_691' title='bbox 1585 5392 1772 5446; x_wconf 82' lang='grc' dir='ltr'>ἄνοιάν</span> <span class='ocrx_word' id='word_1_692' title='bbox 1797 5409 1855 5443; x_wconf 88' lang='grc' dir='ltr'><strong>τε</strong></span> 
     </span>
    </p>
   </div>
   <div class='ocr_carea' id='block_1_103' title="bbox 266 5480 1848 5552">
    <p class='ocr_par' dir='ltr' id='par_1_103' title="bbox 266 5480 1848 5552">
     <span class='ocr_line' id='line_1_104' title="bbox 266 5480 1848 5552; baseline 0.001 -19"><span class='ocrx_word' id='word_1_693' title='bbox 266 5481 363 5534; x_wconf 75' lang='grc' dir='ltr'>καὶ</span> <span class='ocrx_word' id='word_1_694' title='bbox 407 5482 669 5549; x_wconf 84' lang='grc' dir='ltr'>ἀδρανίαν</span> <span class='ocrx_word' id='word_1_695' title='bbox 700 5481 1013 5552; x_wconf 73' lang='grc' dir='ltr'>ἐλέγχοντες</span> <span class='ocrx_word' id='word_1_696' title='bbox 1045 5499 1105 5535; x_wconf 91' lang='grc' dir='ltr'><strong>τε</strong></span> <span class='ocrx_word' id='word_1_697' title='bbox 1142 5483 1235 5535; x_wconf 72' lang='grc' dir='ltr'><strong>καὶ</strong></span> <span class='ocrx_word' id='word_1_698' title='bbox 1280 5480 1685 5551; x_wconf 84' lang='grc' dir='ltr'>στηλιτεύοντες</span> <span class='ocrx_word' id='word_1_699' title='bbox 1714 5480 1848 5551; x_wconf 70' lang='grc'><strong>(29).</strong></span> 
     </span>
    </p>
   </div>
   <div class='ocr_carea' id='block_1_104' title="bbox 1948 4661 3531 4731">
    <p class='ocr_par' dir='ltr' id='par_1_104' title="bbox 1948 4661 3531 4731">
     <span class='ocr_line' id='line_1_105' title="bbox 1948 4661 3531 4731; baseline -0.001 -13"><span class='ocrx_word' id='word_1_700' title='bbox 1948 4662 2208 4718; x_wconf 90' lang='lat' dir='ltr'><strong>tenebras</strong></span> <span class='ocrx_word' id='word_1_701' title='bbox 2261 4672 2458 4731; x_wconf 90' lang='lat' dir='ltr'><strong>sponte</strong></span> <span class='ocrx_word' id='word_1_702' title='bbox 2490 4663 2789 4729; x_wconf 87' lang='lat' dir='ltr'><strong>declinare,</strong></span> <span class='ocrx_word' id='word_1_703' title='bbox 2819 4664 2872 4716; x_wconf 93' lang='lat' dir='ltr'><strong>in</strong></span> <span class='ocrx_word' id='word_1_704' title='bbox 2906 4662 3237 4731; x_wconf 77' lang='lat' dir='ltr'><strong>profundum</strong></span> <span class='ocrx_word' id='word_1_705' title='bbox 3275 4661 3531 4716; x_wconf 90' lang='lat' dir='ltr'><strong>interitus</strong></span> 
     </span>
    </p>
   </div>
   <div class='ocr_carea' id='block_1_105' title="bbox 1948 4754 3529 4820">
    <p class='ocr_par' dir='ltr' id='par_1_105' title="bbox 1948 4754 3529 4820">
     <span class='ocr_line' id='line_1_106' title="bbox 1948 4754 3529 4820; baseline -0.001 -11"><span class='ocrx_word' id='word_1_706' title='bbox 1948 4755 2292 4810; x_wconf 88' lang='lat' dir='ltr'><strong>deciderunt.</strong></span> <span class='ocrx_word' id='word_1_707' title='bbox 2361 4755 2732 4820; x_wconf 85' lang='lat' dir='ltr'><strong>Quamobrem</strong></span> <span class='ocrx_word' id='word_1_708' title='bbox 2802 4756 3024 4810; x_wconf 86' lang='lat' dir='ltr'><strong>omissis</strong></span> <span class='ocrx_word' id='word_1_709' title='bbox 3091 4770 3238 4808; x_wconf 90' lang='lat' dir='ltr'><strong>nunc</strong></span> <span class='ocrx_word' id='word_1_710' title='bbox 3300 4754 3529 4809; x_wconf 86' lang='lat' dir='ltr'><strong>vocibus</strong></span> 
     </span>
    </p>
   </div>
   <div class='ocr_carea' id='block_1_106' title="bbox 1949 4844 3529 4915">
    <p class='ocr_par' dir='ltr' id='par_1_106' title="bbox 1949 4844 3529 4915">
     <span class='ocr_line' id='line_1_107' title="bbox 1949 4844 3529 4915; baseline 0 -17"><span class='ocrx_word' id='word_1_711' title='bbox 1949 4846 2087 4899; x_wconf 89' lang='lat' dir='ltr'><strong>nihil</strong></span> <span class='ocrx_word' id='word_1_712' title='bbox 2141 4846 2587 4915; x_wconf 73' lang='lat' dir='ltr'><strong>signiﬁcantibus</strong></span> <span class='ocrx_word' id='word_1_713' title='bbox 2641 4855 2754 4900; x_wconf 90' lang='lat' dir='ltr'><strong>tum</strong></span> <span class='ocrx_word' id='word_1_714' title='bbox 2812 4845 3158 4912; x_wconf 88' lang='lat' dir='ltr'><strong>articulatis;</strong></span> <span class='ocrx_word' id='word_1_715' title='bbox 3192 4853 3287 4900; x_wconf 90' lang='lat' dir='ltr'><strong>aut</strong></span> <span class='ocrx_word' id='word_1_716' title='bbox 3317 4844 3529 4915; x_wconf 73' lang='lat' dir='ltr'><strong>signiﬁ-</strong></span> 
     </span>
    </p>
   </div>
   <div class='ocr_carea' id='block_1_107' title="bbox 1949 4924 3588 5006">
    <p class='ocr_par' dir='ltr' id='par_1_107' title="bbox 1949 4924 3588 5006">
     <span class='ocr_line' id='line_1_108' title="bbox 1949 4924 3588 5006; baseline -0.003 -15"><span class='ocrx_word' id='word_1_717' title='bbox 1949 4939 2210 4991; x_wconf 85' lang='lat' dir='ltr'><strong>cantibus</strong></span> <span class='ocrx_word' id='word_1_718' title='bbox 2243 4954 2351 4992; x_wconf 90' lang='lat' dir='ltr'><strong>non</strong></span> <span class='ocrx_word' id='word_1_719' title='bbox 2377 4939 2710 5001; x_wconf 82' lang='lat' dir='ltr'><strong>articulalis,</strong></span> <span class='ocrx_word' id='word_1_720' title='bbox 2741 4952 2863 5006; x_wconf 59' lang='lat' dir='ltr'><strong>quae</strong></span> <span class='ocrx_word' id='word_1_721' title='bbox 2891 4937 2958 4990; x_wconf 90' lang='lat' dir='ltr'><strong>ad</strong></span> <span class='ocrx_word' id='word_1_722' title='bbox 3003 4936 3394 4991; x_wconf 84' lang='lat' dir='ltr'><strong>conclusiones</strong></span> <span class='ocrx_word' id='word_1_723' title='bbox 3437 4948 3528 4987; x_wconf 86' lang='lat' dir='ltr'><strong>ra-</strong></span> <span class='ocrx_word' id='word_1_724' title='bbox 3584 4924 3588 4928; x_wconf 67' lang='grc'><strong>’</strong></span> 
     </span>
    </p>
   </div>
   <div class='ocr_carea' id='block_1_108' title="bbox 1952 5027 3527 5100">
    <p class='ocr_par' dir='ltr' id='par_1_108' title="bbox 1952 5027 3527 5100">
     <span class='ocr_line' id='line_1_109' title="bbox 1952 5027 3527 5100; baseline -0.002 -18"><span class='ocrx_word' id='word_1_725' title='bbox 1952 5030 2162 5084; x_wconf 88' lang='lat' dir='ltr'><strong>tioumn</strong></span> <span class='ocrx_word' id='word_1_726' title='bbox 2198 5030 2333 5083; x_wconf 88' lang='lat' dir='ltr'><strong>nihil</strong></span> <span class='ocrx_word' id='word_1_727' title='bbox 2362 5030 2623 5100; x_wconf 85' lang='lat' dir='ltr'><strong>prodesse</strong></span> <span class='ocrx_word' id='word_1_728' title='bbox 2648 5037 2908 5099; x_wconf 88' lang='lat' dir='ltr'><strong>possunt,</strong></span> <span class='ocrx_word' id='word_1_729' title='bbox 2940 5030 3010 5082; x_wconf 90' lang='lat' dir='ltr'><strong>de</strong></span> <span class='ocrx_word' id='word_1_730' title='bbox 3046 5028 3179 5092; x_wconf 89' lang='lat' dir='ltr'><strong>illis,</strong></span> <span class='ocrx_word' id='word_1_731' title='bbox 3212 5042 3351 5095; x_wconf 84' lang='lat' dir='ltr'><strong>quas</strong></span> <span class='ocrx_word' id='word_1_732' title='bbox 3378 5027 3527 5094; x_wconf 87' lang='lat' dir='ltr'><strong>prin-</strong></span> 
     </span>
    </p>
   </div>
   <div class='ocr_carea' id='block_1_109' title="bbox 1920 5109 3526 5192">
    <p class='ocr_par' dir='ltr' id='par_1_109' title="bbox 1920 5109 3526 5192">
     <span class='ocr_line' id='line_1_110' title="bbox 1920 5109 3526 5192; baseline 0 -20"><span class='ocrx_word' id='word_1_733' title='bbox 1920 5109 2097 5189; x_wconf 46' lang='lat' dir='ltr'><strong>&#39;ripio</strong></span> <span class='ocrx_word' id='word_1_734' title='bbox 2123 5122 2260 5182; x_wconf 81' lang='lat' dir='ltr'><strong>dixi,</strong></span> <span class='ocrx_word' id='word_1_735' title='bbox 2296 5138 2469 5192; x_wconf 91' lang='lat' dir='ltr'><strong>pauca</strong></span> <span class='ocrx_word' id='word_1_736' title='bbox 2505 5138 2604 5191; x_wconf 88' lang='lat' dir='ltr'><strong>pro</strong></span> <span class='ocrx_word' id='word_1_737' title='bbox 2636 5122 2846 5176; x_wconf 85' lang='lat' dir='ltr'><strong>viribus</strong></span> <span class='ocrx_word' id='word_1_738' title='bbox 2891 5120 3099 5174; x_wconf 89' lang='lat' dir='ltr'><strong>nostris</strong></span> <span class='ocrx_word' id='word_1_739' title='bbox 3143 5117 3526 5183; x_wconf 87' lang='lat' dir='ltr'><strong>tractabimus,</strong></span> 
     </span>
    </p>
   </div>
   <div class='ocr_carea' id='block_1_110' title="bbox 1952 5208 3528 5278">
    <p class='ocr_par' dir='ltr' id='par_1_110' title="bbox 1952 5208 3528 5278">
     <span class='ocr_line' id='line_1_111' title="bbox 1952 5208 3528 5278; baseline -0.001 -15"><span class='ocrx_word' id='word_1_740' title='bbox 1952 5212 2154 5278; x_wconf 87' lang='lat' dir='ltr'><strong>quibus</strong></span> <span class='ocrx_word' id='word_1_741' title='bbox 2188 5213 2444 5268; x_wconf 87' lang='lat' dir='ltr'><strong>alumnos</strong></span> <span class='ocrx_word' id='word_1_742' title='bbox 2498 5212 2764 5267; x_wconf 72' lang='lat' dir='ltr'><strong>Ecclesia:</strong></span> <span class='ocrx_word' id='word_1_743' title='bbox 2788 5219 2985 5266; x_wconf 85' lang='lat' dir='ltr'><strong>contra</strong></span> <span class='ocrx_word' id='word_1_744' title='bbox 3023 5211 3306 5265; x_wconf 61' lang='lat' dir='ltr'><strong>haereticos</strong></span> <span class='ocrx_word' id='word_1_745' title='bbox 3334 5217 3387 5263; x_wconf 90' lang='lat' dir='ltr'><strong>et</strong></span> <span class='ocrx_word' id='word_1_746' title='bbox 3424 5208 3528 5262; x_wconf 81' lang='lat' dir='ltr'><strong>Ec-</strong></span> 
     </span>
    </p>
   </div>
   <div class='ocr_carea' id='block_1_111' title="bbox 1953 5300 3531 5372">
    <p class='ocr_par' dir='ltr' id='par_1_111' title="bbox 1953 5300 3531 5372">
     <span class='ocr_line' id='line_1_112' title="bbox 1953 5300 3531 5372; baseline -0.003 -15"><span class='ocrx_word' id='word_1_747' title='bbox 1953 5304 2141 5359; x_wconf 75' lang='lat' dir='ltr'><strong>clesiae</strong></span> <span class='ocrx_word' id='word_1_748' title='bbox 2190 5306 2540 5360; x_wconf 83' lang='lat' dir='ltr'><strong>adversarios</strong></span> <span class='ocrx_word' id='word_1_749' title='bbox 2589 5303 2902 5372; x_wconf 75' lang='lat' dir='ltr'><strong>Acephalos</strong></span> <span class='ocrx_word' id='word_1_750' title='bbox 2956 5303 3259 5356; x_wconf 21' lang='lat' dir='ltr'><strong>dementes.</strong></span> <span class='ocrx_word' id='word_1_751' title='bbox 3289 5300 3531 5354; x_wconf 81' lang='lat' dir='ltr'><strong>instrua-</strong></span> 
     </span>
    </p>
   </div>
   <div class='ocr_carea' id='block_1_112' title="bbox 1954 5404 2486 5451">
    <p class='ocr_par' dir='ltr' id='par_1_112' title="bbox 1954 5404 2486 5451">
     <span class='ocr_line' id='line_1_113' title="bbox 1954 5404 2486 5451; baseline 0.008 -4"><span class='ocrx_word' id='word_1_752' title='bbox 1954 5410 2078 5449; x_wconf 90' lang='lat' dir='ltr'><strong>mus</strong></span> <span class='ocrx_word' id='word_1_753' title='bbox 2103 5404 2155 5448; x_wconf 68' lang='grc' dir='ltr'><strong>ει</strong></span> <span class='ocrx_word' id='word_1_754' title='bbox 2191 5411 2486 5451; x_wconf 89' lang='lat' dir='ltr'><strong>armemus.</strong></span> 
     </span>
    </p>
   </div>
   <div class='ocr_carea' id='block_1_113' title="bbox 1787 5570 2019 5627">
    <p class='ocr_par' dir='ltr' id='par_1_113' title="bbox 1787 5570 2019 5627">
     <span class='ocr_line' id='line_1_114' title="bbox 1787 5570 2019 5627; baseline 0.013 -3"><span class='ocrx_word' id='word_1_755' title='bbox 1787 5570 2019 5627; x_wconf 71' lang='grc' dir='ltr'><strong>ΝΟΤᾹΞ.</strong></span> 
     </span>
    </p>
   </div>
   <div class='ocr_carea' id='block_1_114' title="bbox 342 5656 1847 5730">
    <p class='ocr_par' dir='ltr' id='par_1_114' title="bbox 342 5656 1847 5730">
     <span class='ocr_line' id='line_1_115' title="bbox 342 5656 1847 5730; baseline -0.001 -15"><span class='ocrx_word' id='word_1_756' title='bbox 342 5659 454 5729; x_wconf 70' lang='lat'><strong>(29)</strong></span> <span class='ocrx_word' id='word_1_757' title='bbox 515 5656 859 5730; x_wconf 74' lang='lat' dir='ltr'><strong>Sequebatur</strong></span> <span class='ocrx_word' id='word_1_758' title='bbox 905 5663 996 5717; x_wconf 89' lang='lat' dir='ltr'><strong>hic</strong></span> <span class='ocrx_word' id='word_1_759' title='bbox 1046 5662 1100 5715; x_wconf 91' lang='lat' dir='ltr'><strong>in</strong></span> <span class='ocrx_word' id='word_1_760' title='bbox 1156 5661 1418 5715; x_wconf 84' lang='lat' dir='ltr'><strong>Bavarico</strong></span> <span class='ocrx_word' id='word_1_761' title='bbox 1455 5660 1644 5716; x_wconf 87' lang='lat' dir='ltr'><strong>codice</strong></span> <span class='ocrx_word' id='word_1_762' title='bbox 1686 5677 1847 5716; x_wconf 85' lang='lat' dir='ltr'><strong>assu-</strong></span> 
     </span>
    </p>
   </div>
   <div class='ocr_carea' id='block_1_115' title="bbox 194 5730 1844 5803">
    <p class='ocr_par' dir='ltr' id='par_1_115' title="bbox 194 5730 1844 5803">
     <span class='ocr_line' id='line_1_116' title="bbox 194 5730 1844 5803; baseline -0.001 -18"><span class='ocrx_word' id='word_1_763' title='bbox 194 5764 205 5775; x_wconf 76' lang='grc' dir='ltr'><strong>ι</strong></span> <span class='ocrx_word' id='word_1_764' title='bbox 270 5739 518 5803; x_wconf 63' lang='lat' dir='ltr'><strong>mentum</strong></span> <span class='ocrx_word' id='word_1_765' title='bbox 560 5736 699 5785; x_wconf 51' lang='lat' dir='ltr'><strong>satis</strong></span> <span class='ocrx_word' id='word_1_766' title='bbox 764 5734 1059 5803; x_wconf 80' lang='lat' dir='ltr'><strong>prolixum.</strong></span> <span class='ocrx_word' id='word_1_767' title='bbox 1117 5732 1271 5796; x_wconf 84' lang='lat' dir='ltr'><strong>Quod</strong></span> <span class='ocrx_word' id='word_1_768' title='bbox 1335 5730 1659 5803; x_wconf 84' lang='lat' dir='ltr'><strong>omisimus,</strong></span> <span class='ocrx_word' id='word_1_769' title='bbox 1717 5733 1844 5800; x_wconf 86' lang='lat' dir='ltr'><strong>quia</strong></span> 
     </span>
    </p>
   </div>
   <div class='ocr_carea' id='block_1_116' title="bbox 271 5800 1845 5872">
    <p class='ocr_par' dir='ltr' id='par_1_116' title="bbox 271 5800 1845 5872">
     <span class='ocr_line' id='line_1_117' title="bbox 271 5800 1845 5872; baseline 0 -17"><span class='ocrx_word' id='word_1_770' title='bbox 271 5800 579 5859; x_wconf 79' lang='lat' dir='ltr'><strong>Turrianus</strong></span> <span class='ocrx_word' id='word_1_771' title='bbox 612 5820 713 5858; x_wconf 85' lang='lat' dir='ltr'><strong>suo</strong></span> <span class='ocrx_word' id='word_1_772' title='bbox 744 5800 798 5858; x_wconf 82' lang='lat' dir='ltr'><strong>iit</strong></span> <span class='ocrx_word' id='word_1_773' title='bbox 829 5803 1130 5872; x_wconf 75' lang='lat' dir='ltr'><strong>exemplari</strong></span> <span class='ocrx_word' id='word_1_774' title='bbox 1163 5818 1267 5857; x_wconf 89' lang='lat' dir='ltr'><strong>non</strong></span> <span class='ocrx_word' id='word_1_775' title='bbox 1303 5801 1526 5871; x_wconf 81' lang='lat' dir='ltr'><strong>reperit,</strong></span> <span class='ocrx_word' id='word_1_776' title='bbox 1551 5810 1603 5856; x_wconf 89' lang='lat' dir='ltr'><strong>ct</strong></span> <span class='ocrx_word' id='word_1_777' title='bbox 1632 5803 1845 5856; x_wconf 78' lang='lat' dir='ltr'><strong>clarum</strong></span> 
     </span>
    </p>
   </div>
   <div class='ocr_carea' id='block_1_117' title="bbox 1958 5658 3504 5785">
    <p class='ocr_par' dir='ltr' id='par_1_117' title="bbox 1958 5658 3504 5785">
     <span class='ocr_line' id='line_1_118' title="bbox 1958 5658 3504 5785; baseline -0.004 -69"><span class='ocrx_word' id='word_1_778' title='bbox 1958 5664 2195 5785; x_wconf 42' lang='lat' dir='ltr'><strong>qitlctur.</strong></span> <span class='ocrx_word' id='word_1_779' title='bbox 2232 5679 2339 5719; x_wconf 90' lang='lat' dir='ltr'><strong>non</strong></span> <span class='ocrx_word' id='word_1_780' title='bbox 2370 5664 2437 5719; x_wconf 88' lang='lat' dir='ltr'><strong>ab</strong></span> <span class='ocrx_word' id='word_1_781' title='bbox 2462 5672 2706 5729; x_wconf 88' lang='lat' dir='ltr'><strong>auctore,</strong></span> <span class='ocrx_word' id='word_1_782' title='bbox 2732 5659 2828 5717; x_wconf 86' lang='lat' dir='ltr'><strong>sed</strong></span> <span class='ocrx_word' id='word_1_783' title='bbox 2859 5659 2927 5714; x_wconf 91' lang='lat' dir='ltr'><strong>ab</strong></span> <span class='ocrx_word' id='word_1_784' title='bbox 2964 5658 3072 5714; x_wconf 89' lang='lat' dir='ltr'><strong>alio</strong></span> <span class='ocrx_word' id='word_1_785' title='bbox 3106 5671 3364 5730; x_wconf 74' lang='lat' dir='ltr'><strong>quopiam</strong></span> <span class='ocrx_word' id='word_1_786' title='bbox 3406 5671 3504 5728; x_wconf 82' lang='lat' dir='ltr'><strong>pro</strong></span> 
     </span>
     <span class='ocr_line' id='line_1_119' title="bbox 1958 5751 2145 5785; baseline 0 0"><span class='ocrx_word' id='word_1_787' title='bbox 1958 5753 1975 5785; x_wconf 85' lang='lat'><strong>(</strong></span> <span class='ocrx_word' id='word_1_788' title='bbox 1998 5751 2145 5785; x_wconf 74' lang='lat' dir='ltr'><strong>IISSC.</strong></span> 
     </span>
    </p>
   </div>
   <div class='ocr_carea' id='block_1_118' title="bbox 1957 5751 2145 5789">
    <p class='ocr_par' dir='ltr' id='par_1_118' title="bbox 1957 5751 2145 5789">
     <span class='ocr_line' id='line_1_120' title="bbox 1957 5751 2145 5789; baseline -0.011 -2"><span class='ocrx_word' id='word_1_789' title='bbox 1957 5751 2145 5789; x_wconf 76' lang='lat' dir='ltr'><strong>(lllSSC.</strong></span> 
     </span>
    </p>
   </div>
  </div>
