4004 6150
411 309 421 357 ι
465 277 589 345 ΗἿῙ
1680 270 1992 336 THEODO

2154 265 2484 329 BUCARE
3597 246 3734 313 HT?

532 388 612 443 Ex
639 386 874 444 vocibus
922 385 1113 456 igitur,
1165 384 1370 453 quibus
1415 389 1645 438 utuntur
1694 379 2034 453 philosophi,
2064 375 2112 432 Α

2208 372 2330 427 Τῶν
2363 371 2582 441 φωνῶν,
2607 369 2737 441 περὶ
2764 368 2833 434 ἃς
2875 369 2927 424 οῖ
2968 366 3255 440 φιλόσοφοι
3307 364 3728 430 καταγίνονται.

464 480 585 534 alia:
633 478 857 549 quidem
914 453 1043 532 sunt
1092 476 1512 547 philosophicas,
1583 482 1643 529 ut
1700 472 2033 535 substantia,

2146 466 2193 518 αἱ
2219 463 2318 535 μέν
2353 465 2461 517 εἰσι
2494 462 2801 532 φιλόσοφοι,
2845 457 2960 514 οἷον
3000 458 3183 523 οὐσία,
3210 456 3375 522 ζῶον,
3413 453 3727 555 ἄνθρωπος,

466 572 694 633 animal,
734 554 919 632 homo,
950 567 1147 623 Petrus
1169 608 1184 632 ,
1215 568 1337 622 alia:
1366 581 1494 622 vero
1527 565 1741 635 logicae,
1769 571 1829 619 ut
1867 577 2037 634 genus

2144 557 2344 626 Πέτρος
2363 570 2383 586 ⁸
2407 557 2463 609 αἱ
2491 555 2550 608 δὲ
2564 554 2802 623 λογικαὶ,
2824 548 2939 608 οἷον
2953 550 3329 622 γενικώτατον
3351 548 3535 617 γένος,
3559 542 3725 608 εἶδος,

465 661 964 733 generalissimum,
994 659 1234 728 species.
1266 666 1489 721 natura,
1524 654 1857 720 substantia,
1890 653 2038 708 indi-

2143 649 2326 719 φύσις,
2358 649 2542 727 οὐσία,
2596 648 2822 719 ἄτομον,
2873 647 3200 710 ὑπόστασις,
3271 644 3598 714 πρόσωπον.
3641 642 3724 691 Δι-

466 730 713 813 viduum,
755 750 1092 822 hypostasis,
1152 762 1413 818 persona.
1471 745 1727 801 Notanda
1791 759 1919 802 vero
1952 752 2040 799 est

2146 740 2383 812 οριστέον
2410 740 2505 795 καὶ
2535 740 2636 810 τὴν
2658 738 2864 792 τούτων
2895 737 2991 791 ἀπ’
3007 736 3259 806 ἀλλήλων
3295 733 3585 802 διαφοράν.
3613 730 3727 783 Πᾶν

469 844 662 897 horum
690 841 758 896 ab
786 840 910 897 aliis
930 842 1076 895 inter
1097 855 1157 895 se
1176 838 1510 894 diﬂ‘erentia.
1543 839 1719 892 Omne
1747 850 2040 890 commune

2142 833 2320 888 κοινὸν
2367 834 2426 885 έν
2471 832 2570 903 μὲν
2598 834 2719 894 ταῖς
2762 829 3080 899 φιλοσόφοις
3125 828 3331 896 φωναῖς
3397 822 3722 895 μεταδίδωσι

469 933 524 986 iu
549 931 781 986 vocibus
810 931 1026 999 quidem
1061 928 1488 999 philosophicis,
1520 926 1897 982 communicat
1935 940 2040 979 no-

2143 923 2256 984 τοῖς
2294 907 2386 974 ὕπ’
2429 919 2562 975 αὐτὸ
2598 920 2693 974 τοῦ
2720 936 2780 972 τε
2805 915 3108 988 όνόμα-ιῖοςῖ
3142 916 3236 971 καὶ
3287 915 3386 967 τοῦ
3433 911 3671 984 ὁρισμοῦ
3701 929 3720 943 ο

468 1037 593 1076 men
668 1032 719 1076 et
774 1020 1151 1076 deﬁnitionem
1212 1035 1336 1074 cum
1386 1019 1476 1083 iis,
1534 1032 1656 1088 quae
1712 1025 1844 1073 sunt
1897 1015 2041 1072 intra

2143 1010 2277 1080 οἷον,
2306 1016 2367 1069 τὸ
2396 1014 2536 1079 ζῶον
2581 1013 2904 1085 μεταδίδωσι
2940 1015 3054 1076 τοῖς⁵
3093 1012 3185 1066 ὑπ’
3229 1010 3363 1064 αὐτὸ
3384 1055 3398 1075 ,
3443 1006 3721 1078 ἀνθρώπῳ

470 1117 649 1183 ipsum
699 1127 1010 1175 commune,
1049 1120 1108 1165 ut
1142 1110 1349 1165 animal
1375 1108 1753 1163 communicat
1808 1106 2040 1172 homini,

2141 1123 2202 1159 τε
2228 1106 2322 1160 καὶ
2349 1105 2520 1175 ἵππῳ,
2552 1105 2646 1183 καὶ
2690 1103 2806 1174 βοῒ,
2847 1103 2943 1157 καὶ
2980 1103 3181 1168 λέοντι,
3212 1100 3307 1155 τοῦ
3335 1117 3400 1153 τε
3434 1100 3722 1168 ὀνόματος,

469 1180 633 1275 equo,
667 1204 793 1259 bovi
827 1214 880 1258 et
928 1203 1095 1266 leoni,
1127 1216 1248 1270 quze
1291 1200 1394 1255 sub
1427 1200 1546 1269 ipso
1577 1205 1729 1263 sunt,
1778 1206 1893 1252 tum
1938 1213 2042 1253 no—

2144 1197 2238 1251 καὶ
2278 1197 2372 1250 τοῦ
2427 1180 2658 1268 ὀρισμοῧ
2681 1211 2693 1225 ”
2723 1196 2831 1248 ὅτε
2863 1192 2973 1265 γὰρ
3005 1193 3316 1263 ἄνθρωπος,
3352 1190 3449 1245 καὶ
3489 1189 3606 1241 τῶν
3643 1189 3725 1242 E1-

471 1311 617 1356 men,
653 1304 765 1347 tum
796 1293 1196 1348 deﬁnitionem.
1229 1289 1405 1344 Homo
1435 1290 1602 1352 enim,
1631 1288 1931 1356 eademque
1959 1293 2045 1342 est

2142 1288 2251 1341 λων
2291 1288 2540 1350 ἕκαστον,
2594 1285 2733 1350 ζῶον
2762 1285 2828 1339 ἂν
2861 1285 3097 1353 λέγοιτο,
3141 1283 3238 1336 καὶ
3278 1281 3444 1334 οὐσία
3485 1278 3722 1349 έμψυγοξ

474 1385 610 1439 ratio
662 1385 919 1447 aliorum,
978 1383 1183 1436 animal
1224 1389 1279 1436 et
1326 1381 1635 1437 substantia
1688 1380 1951 1446 animata,
1990 1386 2044 1433 et

2144 1376 2456 1448 αἰσθητικὴ,
2505 1376 2602 1430 καὶ
2645 1378 2695 1428 οἱ
2729 1376 2873 1430 κατὰ
2915 1376 3084 1447 μέρος
3123 1373 3404 1443 ἄνθρωποι
3439 1368 3718 1431 ὡσαύτως.

473 1474 717 1528 sentiens
754 1472 977 1535 dicitur,
1010 1483 1064 1533 et
1099 1471 1485 1540 unusquisque
1537 1467 1841 1539 singularis
1879 1466 2045 1521 homo

2157 1470 2247 1523 Ἐν
2274 1472 2396 1531 ταῖς
2430 1468 2676 1536 λογικαῖς
2725 1470 2932 1535 φωναῖς
2970 1467 3031 1520 τὸ
3074 1450 3255 1519 κοινὸν
3298 1463 3363 1517 ού
3406 1460 3724 1532 μεταδίδωσι

475 1562 753 1618 similiter.
805 1563 863 1615 In
896 1561 1090 1631 logicis
1121 1575 1251 1615 vero
1278 1560 1424 1629 quod
1454 1572 1745 1614 commune
1785 1568 1890 1623 est,
1923 1571 2045 1611 om-

2146 1559 2518 1623 παντάπασιν,
2553 1557 2679 1612 οὔτε
2707 1558 2804 1612 τοῦ
2838 1555 3083 1628 ὁρισμοῦο
3138 1555 3262 1609 οὕτε
3292 1554 3404 1625 γὰρ
3444 1553 3513 1607 ἂν
3537 1552 3604 1603 τδ
3637 1551 3725 1602 λε-

475 1655 608 1707 ηἰηο
640 1668 745 1707 non
773 1653 1144 1707 communicat
1173 1666 1396 1717 nomen,
1428 1664 1608 1720 neque
1648 1648 2042 1706 deﬁnitionem.

2147 1653 2380 1722 γόμενον
2403 1650 2582 1718 γένος,
2613 1649 2675 1702 τὸ
2708 1649 2838 1702 αὐτὸ
2868 1649 2964 1702 καὶ
3004 1642 3144 1710 εἶδος
3174 1644 3486 1714 ύπάλληλον
3508 1640 3727 1697 καλοῖτό

476 1744 588 1800 Nec
625 1745 770 1798 enim
819 1732 967 1812 quod
1016 1742 1226 1797 dicitur
1278 1754 1474 1812 genus.
1522 1742 1778 1810 idemque
1830 1740 2044 1810 species

2148 1760 2277 1797 ποτε
2308 1741 2676 1811 γενικώτατον
2713 1740 2901 1809 γένος,
2929 1739 3053 1793 οὔτε
3080 1740 3172 1791 τὸν
3199 1736 3429 1808 ὁρισμὸν
3455 1734 3552 1788 τοῦ
3578 1752 3727 1802 γενι-

475 1834 811 1894 subaherna,
837 1831 1299 1901 diciturnnquam
1335 1846 1507 1900 genus
1534 1829 2041 1901 generalissimum,

2146 1833 2390 1887 κωτᾶτου
2434 1835 2630 1899 γένους
2678 1831 2962 1894 παντελῶς
2992 1830 3312 1900 έπιδέχοιτο,
3348 1826 3478 1881 οὔτε
3504 1826 3567 1879 τὺ
3600 1827 3725 1878 εἰδι-

480 1937 658 1992 neque
693 1921 1065 1976 definitionem
1119 1921 1342 1991 generis
1386 1919 1786 1990 generalissimi
1828 1921 2046 1988 penitus

2147 1921 2390 1977 κώτατον
2434 1919 2578 1985 εἶδος
2627 1922 2949 1992 ὀνομάζοιτο
2996 1920 3189 1989 γένος,
3241 1919 3370 1973 οὔτε
3418 1919 3483 1972 re
3528 1919 3728 1987 ἄτομον

478 2012 732 2079 recipiet,
754 2027 943 2081 ,neque
982 2012 1195 2081 species
1247 2009 1410 2081 352
1446 2008 1845 2079 specialissima
1874 2023 2048 2076 genus

2148 2013 2309 2077 εἶδος,
2332 2011 2459 2067 οὔτε
2501 2014 2609 2084 μήν
2637 2030 2688 2066 τι
2711 2013 2773 2066 τὺ
2801 2014 3068 2083 παράπαν
3108 2014 3167 2064 ὲν
3190 2012 3311 2074 ταῖς
3340 2011 3594 2079 λογικαῖς
3622 2028 3722 2079 φω-

480 2101 866 2171 appellabitur,
888 2115 988 2155 nec
1016 2099 1358 2153 individuum
1386 2098 1622 2169 species,
1641 2111 1824 2167 neque
1842 2097 2045 2167 aliquid

2147 2103 2401 2167 ναῖς-τῶν
2417 2102 2678 2156 ὑποκάτω
2701 2102 2952 2172 δέχεσθαι
2975 2101 3221 2168 δύναται,
3238 2100 3363 2154 οὗτε
3416 2100 3521 2169 τὴν
3560 2116 3727 2170 προσ-

480 2206 708 2260 prorsus
757 2192 811 2244 in
870 2190 1098 2245 vocibus
1130 2189 1325 2260 Iogicis
1356 2202 1570 2252 eorum,
1616 2203 1740 2259 quze
1787 2188 2048 2257 inferiora

2147 2195 2402 2266 ηγοριαν,
2434 2193 2560 2248 οὔτε
2595 2194 2687 2248 τὸν
2731 2195 2856 2266 ὅρον
2870 2194 2963 2248 τὸν
2996 2195 3204 2249 ἐπάνω.
3245 2194 3371 2246 Ἔτι
3407 2193 3518 2244 πᾶν
3554 2189 3727 2261 ὁριζό-

481 2292 629 2345 sunt,
661 2295 857 2335 nomen
911 2279 1407 2353 vel'deﬁnitionem
1462 2279 1812 2348 superiorum
1872 2286 2051 2348 potest

2155 2304 2314 2356 μενον
2348 2288 2405 2339 ὲν
2450 2285 2763 2355 φιλοσόφοις
2817 2287 3057 2355 φωναῖς,
3095 2283 3297 2338 αὐτίκα
3347 2282 3630 2335 δείκνυσιν
3672 2282 3726 2332 ἐν

481 2373 784 2440 suscipere.
831 2369 1124 2434 Praeterea,
1159 2384 1323 2423 omne
1370 2368 1516 2438 quod
1538 2368 1595 2423 in
1616 2369 1844 2424 vocibus
1876 2368 2052 2437 philo-

2153 2377 2332 2449 ἑαυτῷ
2358 2376 2449 2432 τὸν
2482 2378 2645 2432 αὑτὸν
2690 2378 2951 2448 ὁρίσαντα
2989 2376 3218 2449 ὁρισμὸν
3260 2375 3629 2446 ἀληθεύοντα.
3672 2372 3727 2424 '0

482 2463 728 2531 sophicis
757 2463 1036 2525 definitur,
1066 2462 1251 2517 statim
1285 2460 1529 2517 ostendit
1565 2460 1623 2514 in
1655 2461 1838 2530 seipso
1861 2460 2054 2515 deﬁni-

2151 2470 2262 2540 γὰρ
2317 2469 2604 2542 ἄνθρωπος
2658 2469 2976 2541 ὁριζόμενος
3024 2467 3167 2532 ζῶον
3220 2464 3465 2534 λογικὸν,
3514 2462 3725 2532 θνητὸν.

483 2554 709 2615 tionem,
748 2570 855 2624 qua
907 2554 1193 2617 delinitur,
1233 2565 1420 2607 veram
1472 2566 1618 2608 esse.
1674 2550 1852 2607 Homo
1884 2552 2050 2615 enim,

2152 2560 2245 2614 νοῦ
2301 2560 2394 2614 καὶ
2423 2561 2736 2631 ἐπιστήμης
2771 2558 3044 2623 δεκτικὸν,
3087 2557 3423 2630 παρίστησιν
3447 2553 3656 2615 εὐθέως
3675 2554 3730 2605 ἒν

481 2656 643 2712 quem
700 2641 1150 2700 deiiniunLesse
1203 2641 1413 2696 animal
1475 2645 1750 2711 particeps
1795 2641 2054 2707 rationis,

2156 2652 2335 2723 ἐαυτῷ
2361 2652 2549 2708 τοῦτον
2571 2653 2666 2706 τὸν
2700 2652 2930 2724 ὁρισμὸν
2968 2652 3145 2722 ἀληθῆ
3172 2652 3513 2722 τυγχάνοντα
3534 2668 3550 2681 ’
3588 2652 3648 2703 ἐν
3675 2649 3732 2702 δὲ

484 2733 735 2797 mortale,
771 2743 825 2788 et
873 2736 1073 2792 mentis
1117 2750 1181 2789 ac
1237 2734 1485 2791 scientia:
1522 2746 1733 2800 capax,
1767 2733 1951 2787 statim
1998 2734 2053 2788 in

2155 2747 2276 2808 ταῖς
2322 2744 2570 2813 λογικαῖς
2614 2745 2714 2815 οὐχ
2760 2743 2936 2808 οὕτως
2958 2785 2973 2810 ,
3028 2744 3167 2799 ἀλλὰ
3232 2745 3344 2798 πᾶν
3397 2744 3459 2795 ὲν
3508 2741 3733 2802 ταύταις

483 2824 668 2892 seipso
708 2823 1076 2892 demonstrat,
1129 2840 1253 2880 esse
1284 2825 1426 2880 hanc
1456 2836 1641 2878 veram
1676 2822 2055 2879 deﬁnitionem

2155 2834 2470 2905 ὁριζόμενον
2500 2835 2583 2903 ἐφ’
2618 2833 2813 2888 ἑαυτοῦ
2855 2835 2955 2904 μὲν
2984 2833 3274 2905 ψεύδεται*
3316 2832 3413 2886 ἐπὶ
3434 2832 3495 2885 δὲ
3519 2831 3615 2884 τοῦ
3650 2848 3736 2895 φι-

486 2912 749 2980 hominis,
772 2914 826 2968 in
852 2915 1081 2969 vocibus
1105 2929 1233 2969 vero
1261 2915 1458 2985 logicis
1479 2930 1586 2970 non
1614 2914 1717 2976 sic,
1741 2914 1837 2970 sed
1863 2921 2056 2970 contra

2157 2926 2447 2995 λοσοφικοῦ
2475 2925 2752 2996 ἀληθεύει.
2780 2921 2908 2979 Οἴον
2929 2925 2991 2980 τὸ
3014 2921 3151 2990 εἶδος
3181 2926 3376 2994 ὄνομα,
3405 2924 3577 2993 ἤγουν
3600 2924 3634 2988 ἡ
3656 2921 3735 2973 δι-

486 3005 685 3073 potius,
725 3018 887 3059 omne
915 3005 1060 3075 quod
1107 3005 1161 3059 in
1193 3005 1282 3060 his
1310 3005 1604 3072 deﬁnitur,
1648 3006 1704 3060 in
1747 3020 1807 3062 se
1833 3007 2054 3076 quidem

2161 3017 2425 3081 σύλλαδος
2460 3016 2601 3088 αὕτη
2624 3016 2789 3082 λέξις,
2823 3016 3146 3086 δριζόμενόν
3188 3033 3264 3077 τι,
3301 3015 3449 3069 κατὰ
3473 3014 3738 3067 πλειόνων

489 3095 687 3150 falsum
717 3104 824 3163 est,
854 3096 908 3150 in
931 3111 1065 3151 voce
1097 3111 1229 3153 vero
1271 3098 1654 3168 philosophica
1703 3114 1894 3155 verum
1950 3106 2053 3154 est.

2162 3108 2253 3163 καὶ
2274 3108 2636 3181 διαφερόντων
2663 3107 2741 3179 τῷ
2773 3106 3017 3179 ἀριθμῷ,
3048 3109 3108 3160 ὲν
3138 3106 3217 3174 τῷ
3238 3106 3291 3159 τι
3323 3107 3440 3158 ἐστι
3507 3122 3743 3172 κατηγοο

490 3185 650 3241 Verbi
682 3188 881 3257 gratia,
916 3188 1023 3243 hoc
1051 3204 1248 3245 nomen
1274 3191 1511 3259 species,
1534 3191 1585 3244 id
1618 3200 1720 3256 est,
1752 3192 1866 3247 haec
1887 3192 2057 3249 dictio

2162 3199 2443 3274 ρούμενον,
2464 3200 2549 3269 ἐφ’
2572 3198 2766 3253 ἑαυτοῦ
2798 3199 2897 3269 μὲν
2925 3197 3181 3267 ψεύδεται
3203 3211 3217 3225 ⁸
3241 3188 3431 3250 ὲπὶδὲ
3464 3195 3559 3249 τοῦ
3592 3196 3742 3265 φιλο-

487 3278 652 3333 trium
715 3280 1078 3351 syllabarum,
1109 3282 1190 3337 sic
1219 3282 1475 3350 deﬁnita,
1508 3284 1652 3351 quod
1687 3285 1755 3342 de
1807 3286 2058 3356 pluribus

2163 3291 2406 3364 σοφικοῦ,
2434 3292 2559 3347 καθ’
2587 3285 2650 3346 οὗ
2675 3291 2952 3352 τάττεται,
2990 3289 3180 3359 σαφῶς
3216 3288 3481 3361 ἀληθεύει
3502 3330 3519 3353 ,
3555 3288 3744 3352 καθὼς

487 3367 872 3426 differentibus
903 3386 1134 3427 numero
1168 3373 1221 3426 in
1253 3388 1318 3429 eo
1362 3374 1512 3444 quod
1550 3375 1682 3445 quid
1722 3382 1831 3442 est,
1864 3378 2061 3447 praedi-

2164 3383 2395 3454 έφημεν.
2447 3383 2521 3435 Τὸ
2558 3380 2667 3451 γὰρ
2702 3376 2841 3444 εἶδος
2871 3420 2887 3446 ,
2934 3377 3081 3431 τοῦτ’
3122 3377 3309 3453 ἐστιν,
3352 3378 3387 3447 ἠ
3424 3374 3745 3438 δισύλλαΰος

489 3469 670 3526 catur,
704 3460 758 3514 in
791 3475 850 3516 se
872 3461 1098 3532 quidem
1151 3464 1353 3519 falsum
1379 3443 1527 3521 desse
1565 3443 1669 3522 hoc
1698 3443 2059 3535 demonstrat,

2336 3473 2504 3540 λέξις,
2551 3443 2654 3526 οὐκ
2685 3470 2755 3525 ἂν
2777 3472 2834 3524 ἔν
2866 3443 2948 3540 τῷ
2979 3469 3031 3522 τί
3057 3472 3176 3522 ἐστι
3206 3443 3581 3537 κατηγοροῖτο
3609 3468 3748 3519 κατὰ

491 3550 548 3605 in
602 3550 987 3622 philosophica
1039 3569 1170 3615 vero
1230 3569 1386 3617 voce,
1433 3555 1503 3610 de
1547 3571 1653 3624 qua
1694 3559 2060 3627 praedicatur,

2167 3565 2445 3627 πλειόνων,
2489 3563 2585 3617 καὶ
2623 3561 2994 3633 διαφερόντων
3029 3559 3109 3629 τῷ
3145 3557 3391 3629 ἀριθμῷ,
3430 3556 3513 3620 ὡς
3558 3560 3590 3611 δ
3635 3560 3748 3626 δρι-

492 3645 653 3713 plane
682 3660 893 3712 verum,
936 3651 1014 3727 ut
1067 3645 1330 3700 diximus.
1380 3645 1606 3714 Species
1657 3651 1827 3714 enim,
1877 3650 1931 3706 id
1981 3660 2066 3707 est

2169 3654 2301 3725 σμὸς
2335 3644 2675 3723 διαγορεύει·
2711 3649 2839 3704 ἀλλ’
2873 3651 2932 3703 ἒν
2973 3647 3052 3719 τῷ
3092 3647 3367 3717 ἀνθρώπῳ
3399 3647 3750 3716 δειχθήσεται

493 3734 664 3788 dictio
695 3736 864 3788 trium
892 3736 1228 3804 syllabarum
1273 3752 1383 3791 non
1423 3732 1753 3808 praedicatur
1794 3739 1864 3795 de
1894 3742 2067 3811 pluri-

2169 3746 2336 3808 οὕτως
2368 3741 2667 3813 ἀληθεύων.
2702 3735 2896 3809 Ὀγάρ
2920 3738 3208 3810 ἄνθρωπος
3233 3737 3373 3791 κατὰ
3399 3737 3750 3807 Σωκράτσως,

497 3829 599 3882 hos
627 3826 1010 3883 diii‘erentibus
1040 3828 1097 3882 in
1138 3842 1223 3893 eo,
1251 3829 1398 3898 quod
1438 3829 1571 3898 quid
1607 3839 1713 3896 est,
1745 3833 1889 3902 quod
1929 3833 2068 3889 deii-

2172 3839 2260 3892 xat
2289 3835 2591 3897 Πλάτωνος,
2622 3832 2719 3886 καὶ
2758 3829 3115 3902 Ἀριστάρχου
3137 3868 3154 3895 ,
3202 3829 3298 3883 καὶ
3326 3828 3628 3893 Φαίδωνος,
3662 3827 3753 3881 καὶ

495 3918 635 3973 nitio
672 3919 830 3985 dicit,
857 3919 953 3975 sed
986 3920 1041 3975 in
1078 3922 1305 3976 nomine
1338 3920 1670 3989 ostenditur,
1696 3939 1887 3979 verum
1920 3942 2065 3983 esse.

2169 3928 2274 3983 τῶν
2299 3927 2443 3981 κατὰ
2464 3904 2995 3996 μέροςθινθρώπων,
3020 3921 3220 3983 οἵτινες
3266 3919 3483 3993 ἄπειροί
3523 3936 3583 3973 τε
3617 3919 3750 3972 καθα

499 4010 675 4065 llomo
698 4011 844 4066 enim
873 4012 943 4083 de
976 4011 1231 4077 Socrate,
1263 4012 1513 4079 Platone,
1538 4015 1887 4083 Aristarcho,
1917 4017 2070 4073 Phre-

2172 4021 2507 4091 εστήκασιν,
2573 4016 2670 4069 καὶ
2736 4012 2977 4084 ἀριθμῷ,
3041 4012 3430 4082 διαφέρουσιν,
3516 4029 3753 4081 κατηγο-

497 4101 662 4163 done,
698 4110 751 4155 et
781 4100 848 4154 de
900 4101 1136 4169 singulis
1173 4102 1620 4173 hominibus,qui
1670 4114 1802 4159 sunt
1848 4106 2067 4172 infiniti,

2177 4116 2374 4184 ρεῖται,
2425 4110 2522 4163 καὶ
2573 4107 2666 4163 τὸν
2715 4106 2840 4178 ὅρον
2887 4103 3008 4157 ὅλον
3058 4105 3117 4156 ὲν
3175 4102 3356 4173 ἑαυτῷ
3404 4100 3570 4167 σώζει
3620 4103 3749 4170 ἁλι-,ο

497 4197 553 4242 et
583 4203 813 4243 numero
842 4187 1190 4254 differentes,
1225 4192 1582 4260 prmdieatur,
1614 4199 1671 4248 et
1695 4193 2067 4268 deﬁnitionem
2172 4203 2422 4257 θεύοντα.

501 4286 670 4333 totam
702 4279 759 4332 in
792 4294 851 4333 se
893 4295 1077 4333 veram
1108 4289 1313 4335 servat.

571 4366 841 4424 Praeterea
869 4369 1052 4425 omnis
1102 4385 1211 4435 res,
1235 4370 1304 4426 de
1336 4387 1445 4443 qua
1476 4375 1683 4429 dicitur
1698 4373 1914 4445 species
1945 4392 2070 4448 spe-
2102 4366 2151 4426 ί)

2249 4379 2364 4432 Πᾶν
2388 4376 2619 4447 πρᾶγμα
2656 4375 2779 4428 καθ’
2822 4367 2883 4427 οὗ
2914 4374 3173 4428 τάττεται
3207 4374 3269 4427 τὸ
3304 4375 3661 4429 εἰδικώτατον
3688 4372 3757 4427 εἶ-

502 4461 823 4525 cialissima,
860 4473 1150 4530 postquam
1175 4462 1385 4520 dicitur
1401 4467 1638 4535 species,
1663 4475 1861 4521 natura
1904 4471 2071 4523 etiam

2178 4471 2286 4535 δος,
2327 4468 2466 4539 μετὰ
2500 4467 2563 4520 τὸ
2601 4466 2859 4535 λέγεσθαι
2901 4462 3061 4532 εἶδος,
3122 4466 3285 4535 φύσις
3325 4484 3389 4519 τε
3428 4465 3756 4538 ὀνομάζεται

499 4561 558 4607 et
589 4555 893 4608 substantia
953 4554 1292 4612 nominatur.
1358 4556 1435 4613 Ex
1487 4575 1601 4629 quo
1637 4557 1700 4612 fit
1733 4600 1747 4625 ,
1821 4567 1879 4613 ut
1924 4574 2073 4629 qum-

2180 4561 2276 4615 καὶ
2306 4560 2484 4613 οὐσία.
2528 4558 2620 4612 Διὸ
2657 4559 2757 4612 καὶ
2821 4561 3000 4612 πάντα
3035 4559 3138 4610 ὅσα
3175 4556 3372 4625 ἐπίσης
3415 4557 3585 4610 αὑτοῦ
3638 4575 3757 4626 μετα

500 4659 719 4714 cunque
736 4645 1020 4713 aequaliter
1040 4661 1158 4700 eam
1189 4649 1426 4716 speciem
1450 4650 1806 4720 participant,
1825 4650 2074 4721 ejusdem

2175 4649 2633 4722 ίχουσιν,ὁμοφυῆ
2652 4665 2712 4701 τε
2744 4648 2987 4717 λέγεται,
3020 4649 3114 4700 καὶ
3140 4647 3441 4717 όμοούσια,
3473 4643 3586 4700 οἷον
3608 4649 3638 4698 ὁ
3674 4651 3756 4702 ἇν-

501 4741 714 4789 natura:
763 4742 820 4788 et
851 4735 1100 4805 ejusdem
1156 4739 1482 4794 substantiae
1531 4755 1657 4796 esse
1695 4741 1977 4808 dicantur,
2017 4750 2080 4797 ut

2180 4746 2437 4814 θρωπος*
2479 4742 2738 4796 τάττεται
2786 4739 2898 4810 γὰρ
2954 4741 3074 4792 κατ’
3118 4737 3285 4792 αὑτοῦ
3311 4739 3375 4791 τὸ
3416 4739 3754 4793 εἰδικώτατον

468 4828 710 4905 :liomo;
764 4827 1097 4895 praedicatur
1125 4828 1272 4882 enim
1320 4830 1389 4885 de
1439 4830 1534 4885 illo
1583 4834 1797 4903 species
1866 4833 2049 4889 intima

2177 4833 2334 4898 εἶδος.
2364 4832 2527 4886 Ὅθεν
2561 4832 2659 4885 σὺν
2689 4830 2767 4902 τῷ
2793 4824 3057 4900 λέγεσθαι
3091 4825 3250 4894 εἶδος,
3280 4830 3378 4882 καὶ
3409 4828 3572 4898 φύσις
3609 4831 3755 4897 λέγε-

504 4918 777 4983 Quocirra
810 4920 974 4973 sintut
1004 4928 1175 4991 atque
1208 4922 1424 4992 species
1457 4930 1705 4988 vocatur,
1743 4935 1972 4980 vocatur
2027 4937 2082 4980 et

2178 4947 2290 4993 ται,
2317 4926 2412 4981 καὶ
2436 4923 2596 4979 οὐσία
2612 4926 2778 4978 πᾶσιν
2812 4926 2926 4987 τοῖς
2946 4924 3067 4977 καθ’
3088 4916 3163 4976 ὧν
3197 4926 3616 4994 κατηγορεῖται·
3648 4940 3758 4976 ιστ-

368 5034 371 5037 ν
472 5018 703 5117 inatura
731 5018 785 5065 et
811 5011 1129 5066 substantia
1158 5022 1413 5083 respectu
1447 5017 1720 5079 omnium,
1757 5016 1825 5071 de
1875 5033 1946 5086 qu

2177 5021 2459 5092 ηγορεϊται
2479 5016 2584 5085 γὰρ
2600 5015 2831 5086 Πέτρου,
2854 5015 2949 5069 καὶ
2964 5012 3202 5077 Παύλου,
3227 5013 3323 5067 καὶ
3352 5013 3634 5075 Ἰωάννου,
3673 5015 3755 5067 καὶ

467 5103 874 5170 ἱῃτιειίὶοιιιιιτς
933 5104 1263 5173 praedicatur
1295 5115 1479 5162 autem
1531 5106 1600 5162 de
1653 5106 1837 5173 Petro,
1889 5108 2048 5163 Paulo

2188 5111 2297 5165 τῶν
2313 5108 2436 5162 καθ’
2453 5108 2662 5160 ἕκαστα
2682 5106 2780 5159 ἀνθ
2788 5105 2989 5178 ρώπων
3011 5146 3028 5169 ,
3046 5107 3095 5158 οἱ
3118 5104 3212 5159 καὶ
3226 5104 3425 5173 ἐπίσης
3441 5104 3611 5158 αὑτοῦ
3649 5122 3758 5174 μετα

510 5192 743 5263 luaune,
811 5205 866 5249 et
914 5195 982 5247 de
1031 5197 1265 5267 singulis
1323 5197 1641 5254 hominibus
1692 5200 1785 5277 qui
1842 5199 2080 5269 speciem

2190 5201 2424 5271 έχουσινο
2443 5197 2565 5251 ὅθεν
2588 5195 2685 5250 ἅτε
2703 5197 2746 5227 ⁵·
2761 5196 2879 5250 κατ’
2906 5193 3068 5249 αὐτοῦ
3087 5195 3238 5257 ὄντες
3261 5193 3367 5248 ἴσοι
3380 5196 3402 5226 ⁸
3427 5195 3688 5264 ὁμοφυεῖς
3706 5210 3756 5245 τε

514 5286 798 5353 aequaliter
826 5288 1176 5358 participant.
1213 5288 1368 5345 Unde
1395 5291 1487 5361 qui
1526 5290 1729 5359 speciei
1767 5292 2081 5360 subjiciun-

2195 5293 2288 5343 καὶ
2310 5289 2611 5360 όμοούσιοι.
2636 5288 2819 5342 Πάντα
2843 5288 2942 5342 ὅσα
2967 5286 3108 5341 κατὰ
3132 5288 3366 5357 πρᾶγμά
3386 5290 3535 5341 ἐστιν
3554 5284 3641 5337 is:
3654 5284 3757 5337 καθ’

516 5384 626 5442 tur,
663 5376 904 5444 ejusdem
935 5389 1146 5434 naturae
1182 5391 1307 5436 sunt
1334 5397 1396 5438 ac
1429 5383 1769 5439 substantiae.
1800 5382 1932 5448 Quae
1955 5397 2088 5437 vero

2196 5380 2231 5434 ἂ
2257 5381 2510 5433 τάττεται
2542 5377 2801 5446 τὸγένος,
2829 5376 2896 5429 ὀὐ
2931 5376 3147 5439 πάντως
3200 5376 3296 5429 καὶ
3336 5378 3562 5449 ὁμοφυῆ
3592 5378 3756 5448 ὑπάρο

1788 5559 1871 5612 VA
1884 5558 2021 5613 8le
2071 5556 2317 5614 LECTIO
2329 5554 2367 5607 Ν
2379 5554 2482 5608 ES.

606 5646 648 5679 ⁸⁸
695 5646 829 5703 οῐτε.
903 5643 946 5683 ⁶’
967 5650 1118 5705 εἰσίν,
