4004 6150
250 295 380 360 1473

1637 291 2054 357 OPUSCULA.

3366 295 3388 358 1
3401 300 3496 362 474

243 423 348 474 χει,
380 404 502 457 οὐδὲ
530 402 815 473 ὁμοούσια.
843 401 922 455 Τὰ
956 401 1010 454 δὲ
1035 400 1162 453 ὄντα
1196 399 1260 452 ὲκ
1289 396 1396 450 τῶν
1439 397 1558 451 καθ’
1586 393 1660 452 ὧν
1689 419 1820 454 κατ-

1924 401 2224 456 secundum
2275 415 2389 454 rem
2423 407 2549 453 sunt
2577 397 2833 469 aequalia,
2879 399 2952 457 de
2979 401 3182 474 quibus
3209 419 3383 475 genus
3415 407 3500 460 di-

243 499 523 568 ηγορεῖται
551 535 566 559 ,
613 495 832 563 ὁμοφυῆ
869 493 966 546 καὶ
1007 492 1270 562 ὁμοούσια
1293 533 1306 554 ,
1363 492 1421 544 οὐ
1453 489 1542 544 διὰ
1587 493 1646 546 τὸ
1679 489 1818 546 εἶναι

245 589 366 640 κατ’
425 587 606 640 αὐτῶν
639 587 658 615 ⁷
693 586 782 638 ῑσα
817 587 1032 654 ὁμοφυῆ
1063 587 1178 637 ἐστι
1228 585 1321 638 καὶ
1353 584 1612 654 ὁμοούσια
1635 603 1648 616 ·
1683 585 1819 638 ἀλλὰ

247 674 435 745 ἐπειδὴ
465 674 605 726 κατὰ
633 673 695 725 τὸ
717 673 808 726 ὑπ’
837 673 1015 726 αὐτῶν
1047 672 1394 725 εἰδικώτατον
1425 669 1564 734 εἶδος
1596 675 1708 734 ίσα,
1739 673 1818 725 διὸ

245 764 352 816 πᾶν
378 764 628 833 πρᾶγμα,
658 763 780 816 καθ’
808 757 884 816 ὧν
909 763 931 794 ⁸
959 763 1213 816 τάττεται
1237 763 1298 816 τὸ
1327 764 1503 831 γένος,
1544 767 1642 817 οὐκ
1673 765 1820 817 ἔστιν

245 856 424 924 φύσις,
455 855 578 907 οὐδὲ
607 855 765 906 οὐσία
786 855 884 917 τὰς
909 857 932 885 ⁹
957 856 1049 906 ὑπ’
1071 854 1243 924 αὐτῷ,
1266 850 1400 915 οἷον,
1423 855 1562 908 κατὰ
1589 855 1651 907 τὸ
1681 854 1820 918 ζῶὁν

246 949 380 1000 εἰσιν
407 947 533 1012 ἴσοι,
567 945 876 1016 ἄνθρωπος,
911 947 1097 1008 ἵππος,
1129 945 1284 1014 βοῦθ
1304 946 1461 1006 λέων,
1488 947 1644 1016 εἴπερ
1667 945 1820 1007 ὄντες

249 1041 554 1108 ὁμογενεῖς,
594 1037 696 1089 οὐκ
723 1039 860 1089 είσὶν
885 1037 1168 1106 ὁμοφυεῖς,
1190 1037 1310 1090 οὐδὲ
1327 1037 1620 1106 ὁμοούσιοι.
1655 1037 1818 1089 Ὅθεν

246 1129 308 1182 τὸ
337 1127 478 1192 ζῶον
507 1128 628 1180 ἐστι
653 1127 750 1197 μὲν
779 1127 954 1194 γένος,
980 1127 1080 1178 οὐκ
1105 1126 1220 1178 ἔστι
1257 1127 1314 1179 δὲ
1347 1126 1510 1196 φύσις
1533 1125 1667 1197 (30),
1697 1126 1818 1178 οὐδὲ

245 1221 426 1276 οὐσία.
463 1221 528 1272 Ἦ
560 1220 740 1282 οὐσία,
773 1219 966 1288 ἡμετὰ
999 1218 1108 1270 τῶν
1131 1217 1436 1285 φιλοσόφων
1472 1218 1664 1286 φωνῶν
1691 1235 1819 1269 τατ-

246 1311 468 1381 τομένη,
513 1306 602 1382 ἦςξ
634 1311 662 1362 ὁ
689 1309 814 1380 ὁρος
852 1309 1090 1379 πρᾶγμα
1133 1307 1539 1378 αὐθύπαρκτον,
1587 1308 1660 1378 μὴ
1703 1309 1820 1360 636-

251 1417 408 1471 μενον
439 1401 628 1468 ἐτέρου
659 1399 794 1471 πρὸς
842 1401 1100 1452 σύστασιν
1123 1441 1139 1464 ,
1182 1397 1297 1451 ἔστι
1333 1399 1431 1468 μὲν
1471 1399 1625 1468 γένος
1654 1401 1819 1452 πᾶσιν

245 1495 356 1554 τοῖς
381 1491 473 1544 ὑπ’
509 1490 698 1560 αὐτὴν,
729 1489 1026 1560 ἐπειδήπερ
1053 1491 1153 1544 ὅσα
1184 1491 1305 1544 κατ’
1333 1490 1506 1559 αὐτῆς
1531 1493 1678 1544 ἐστιν
1706 1491 1817 1556 ἴσα,

245 1585 484 1652 ὁμογενῆ
523 1583 738 1643 πάντως
785 1583 921 1647 ἐστὶ,
971 1583 1066 1636 καὶ
1118 1581 1373 1649 λέγεται·
1429 1583 1489 1636 οὐ
1533 1583 1640 1654 μὴν
1679 1583 1818 1653 αὐτή

247 1679 395 1729 ἐστιν
422 1675 598 1735 οὐσία,
633 1673 758 1727 οὔτε
785 1673 946 1742 φύσις
967 1689 980 1704 ·
1022 1674 1082 1726 οὑ
1116 1674 1296 1727 πάντα
1337 1674 1448 1746 γὰρ
1486 1675 1553 1728 τὰ
1581 1677 1700 1728 κατ’
1725 1677 1819 1729 αύ-

247 1771 346 1836 τὴν
392 1767 485 1820 ἴσα
517 1767 612 1819 καὶ¹
654 1735 1099 1836 ὁμοούσιάὲστι,
1145 1766 1239 1818 καὶ
1271 1735 1509 1833 ὁμοφυῆ,
1554 1770 1630 1828 ὼς
1656 1768 1819 1819 πᾶσιν
1853 1735 1895 1796 Β

249 1858 491 1927 εὔδηλον.
526 1857 656 1910 Ἰδοὺ
680 1856 787 1926 γὰρ
810 1856 1115 1926 ἄνθρωπος,
1139 1855 1234 1907 καὶ
1266 1857 1299 1926 ή
1327 1853 1448 1924 pos,
1471 1855 1563 1906 καὶ
1597 1857 1624 1908 ὁ
1651 1854 1820 1918 λίθος,

251 1950 368 2004 κατ’
403 1948 574 2018 αὐτὴν
603 1946 702 2016 τὴν
729 1947 938 2011 οὐσίαν,
975 1947 1114 1998 εἰσὶν
1160 1943 1250 1997 ῐσα
1272 1961 1284 1975 ·
1324 1945 1540 2014 δέχεται
1571 1945 1680 2017 γὰρ
1703 1945 1827 1998 ἓκα-

252 2057 374 2094 στον
395 2042 600 2092 τούτων
619 2040 680 2092 τό
701 2055 760 2090 τε
783 2037 978 2107 ὄνομα,
997 2036 1194 2090 καὶτὸν
1220 2037 1344 2106 ὅρον
1370 2035 1468 2105 τῆς
1499 2037 1706 2100 οὐσίας·
1725 2038 1824 2090 οὐκ

251 2132 358 2184 sict
383 2131 440 2183 δὲ
471 2129 644 2184 ταῦτα
691 2128 976 2199 ὁμοούσια,
1013 2127 1134 2180 οὐδὲ
1183 2127 1418 2198 ὁμοφυῆ.
1453 2127 1544 2178 Διὸ
1606 2129 1640 2196 ἡ
1691 2144 1824 2196 προ-

250 2221 512 2294 ειρημένη
527 2219 682 2274 οὐσία
703 2220 860 2288 γένος
886 2219 984 2289 μέν
1001 2219 1117 2271 ἐστι
1136 2217 1359 2281 τούτων,
1377 2217 1573 2287 μᾶλλον
1599 2217 1654 2270 δὲ
1675 2234 1822 2288 γενι-

251 2313 492 2364 κώτατον
545 2311 738 2378 γένος·
795 2309 896 2362 οὐκ
941 2308 1058 2361 ἔστι
1101 2307 1160 2361 δὲ
1211 2307 1372 2376 φύσις
1431 2307 1642 2372 αὐτῶν,
1699 2306 1820 2384 οὐδὲ

250 2404 426 2456 οὐσία.

1922 493 2090 556 citur,
2142 506 2252 545 non
2303 506 2530 546 necesse
2583 499 2668 546 est
2711 505 2836 546 esse
2883 494 3129 560 ejusdem
3180 506 3388 551 naturai
3443 509 3498 553 et

1923 584 2272 638 substantiae.
2309 581 2442 648 Quae
2494 591 2678 636 autem
2719 593 2850 637 sunt
2899 587 3142 654 ejusdem
3195 597 3402 642 natura:
3446 599 3498 642 et

1921 672 2271 732 substantiae,
2295 671 2362 726 de
2395 673 2600 740 quibus
2631 675 2974 743 praedicatur
3006 693 3198 746 genus,
3232 695 3338 732 non
3371 682 3496 748 quia

1921 773 2048 818 sunt
2080 764 2314 832 aequalia
2373 764 2675 818 secundum
2707 779 2902 834 genus,
2937 768 3144 822 idcirco
3180 777 3310 823 sunt
3337 772 3494 834 ejus-

1920 854 2040 908 dem
2101 863 2310 908 natura:
2372 863 2427 910 et
2479 857 2844 924 substantiae,
2896 859 2992 913 sed
3016 861 3146 928 quia
3197 850 3540 916 secundum.

1920 947 2180 1016 speciem,
2218 961 2342 1016 quae
2367 945 2514 1000 inira
2543 963 2722 1016 genus
2757 957 2864 1012 est,
2901 961 3030 1004 sunt
3057 954 3312 1022 aequalia.
3345 951 3495 1019 Quo-

1921 1036 2068 1090 circa
2134 1037 2203 1090 de
2250 1036 2455 1104 quibus
2519 1037 2726 1091 dicitur
2773 1053 2964 1108 genus,
3025 1057 3138 1095 non
3187 1053 3270 1096 est
3326 1059 3496 1111 genus

1919 1142 2108 1182 eorum
2127 1139 2321 1183 natura
2364 1135 2419 1182 et
2443 1129 2775 1194 substantia,
2799 1131 2952 1184 verbi
2973 1132 3170 1199 gratia,
3193 1135 3494 1188 secundum

1921 1219 2146 1280 animal,
2177 1219 2321 1289 quod
2344 1227 2428 1274 est
2449 1234 2644 1288 genus,
2670 1222 2909 1290 a-quales
2926 1231 3054 1276 sunt
3087 1223 3275 1288 homo,
3296 1241 3495 1294 equus,

1920 1310 2044 1375 bos,
2076 1311 2186 1375 leo,
2219 1327 2342 1380 quae
2380 1311 2604 1380 quidem
2644 1321 2772 1366 sunt
2813 1315 3056 1380 ejusdem
3098 1317 3341 1384 generis,
3401 1321 3494 1371 sed

1922 1415 2029 1454 non
2054 1401 2300 1471 ejusdem
2329 1411 2558 1466 naturai,
2579 1417 2754 1472 neque
2786 1403 2946 1474 353
2972 1407 3316 1460 substantiae.
3339 1405 3498 1464 Unde

1921 1493 2126 1548 animal
2160 1501 2242 1548 est
2270 1494 2492 1564 quidem
2548 1511 2741 1565 genus,
2776 1511 2884 1550 non
2923 1507 3104 1552 autem
3143 1509 3363 1562 natura,
3397 1518 3492 1554 ne-

1921 1593 2028 1658 que
2057 1589 2388 1644 substantia.
2423 1588 2750 1644 Substantia
2787 1589 2900 1655 illa,
2934 1607 3057 1660 quae
3083 1593 3149 1645 ad
3187 1609 3348 1648 voces
3371 1595 3495 1664 phi-

1923 1679 2233 1751 losophicas
2293 1683 2550 1750 pertinet,
2602 1697 2764 1750 quam
2802 1682 3091 1748 deﬁniunt,
3137 1700 3245 1738 rem
3293 1701 3387 1754 per
3435 1703 3496 1740 se

1919 1769 2299 1834 exsistentem,
2336 1773 2443 1825 non
2481 1771 2816 1841 indigentem
2865 1775 2995 1840 alio,
3025 1781 3085 1828 ut
3113 1767 3367 1838 exsistat,
3410 1785 3494 1830 est

1919 1861 2138 1930 quidem
2202 1877 2376 1931 genus
2437 1875 2628 1915 eorum
2681 1862 2954 1926 omnium,
2996 1879 3119 1932 quae
3173 1863 3314 1916 infra
3371 1881 3491 1918 eam

1920 1961 2071 2015 sunl,
2099 1951 2372 2020 siquidem
2405 1965 2744 2020 quaecunque
2775 1953 3073 2004 secundum
3109 1953 3282 2021 ipsam
3307 1969 3492 2023 arqua-

1921 2041 1992 2093 lia
2057 2047 2206 2104 sunt,
2251 2041 2480 2093 omnino
2517 2039 2778 2108 'ejusdem
2831 2041 3047 2110 generis
3105 2041 3387 2108 dicuntur,
3443 2058 3496 2100 et

1921 2133 2079 2190 sunt;
2115 2139 2224 2178 non
2259 2135 2440 2179 tamen
2493 2133 2578 2180 est
2614 2141 2806 2179 eorum
2843 2135 3040 2182 natura
3075 2137 3129 2184 et
3161 2131 3492 2198 substantia,

1927 2213 2054 2282 quia
2106 2229 2214 2267 non
2261 2216 2470 2280 omnia,
2517 2231 2640 2284 qum
2692 2223 2998 2272 secundum
3055 2221 3226 2289 ipsam
3261 2227 3495 2294 aequalia

1928 2311 2076 2368 sunt,
2106 2303 2353 2372 ejusdem
2394 2314 2610 2362 natura:
2662 2315 2714 2361 et
2743 2309 3074 2364 substantia:
3112 2323 3262 2376 sunt,
3296 2325 3354 2368 ut
3379 2331 3496 2369 om.

1929 2394 2093 2450 nibus
2113 2403 2196 2450 est
2215 2395 2584 2452 manifestum.
2613 2397 2792 2452 liotho
2808 2401 2975 2466 enim,
3007 2411 3060 2456 et
3077 2407 3254 2458 malus
3277 2408 3498 2474 punica,

251 2502 304 2548 ct
329 2493 466 2562 lapis
493 2491 800 2548 secundum
863 2491 1040 2561 ipsam
1091 2489 1460 2544 substantiam
1525 2489 1752 2559 aequalia
1813 2493 1982 2550 sunt;
2023 2487 2154 2555 quia
2205 2488 2461 2556 quodque
2517 2490 2716 2560 recipit
2768 2505 2966 2544 nomen
3019 2501 3072 2547 et
3123 2494 3496 2550 deﬁnitionem

253 2583 602 2648 substantiae;
651 2597 760 2637 non
812 2589 944 2636 sunt
985 2588 1172 2636 tamen
1220 2579 1465 2648 ejusdem
1507 2591 1716 2634 naturae
1767 2585 1822 2634 et
1862 2575 2212 2632 substantiae.
2245 2576 2426 2644 Quare
2452 2579 2760 2634 substantia
2791 2583 3070 2651 proposita
3138 2600 3311 2654 genus
3368 2589 3496 2657 qui-

251 2677 374 2730 dem
429 2675 627 2728 horum
695 2681 800 2736 est,
859 2673 970 2726 imo
1036 2685 1209 2740 genus
1269 2671 1784 2741 generalissimum;
1825 2682 1934 2723 non
1973 2676 2152 2722 tamen
2184 2676 2269 2724 est
2301 2679 2499 2724 natura
2527 2685 2741 2737 eorum,
2806 2687 2986 2742 neque
3052 2675 3389 2731 sttbSIantia.

331 2767 686 2838 Ὦμολόγηται
716 2765 900 2821 τοίνυν
935 2765 1102 2834 διχῶς
1129 2763 1385 2834 λέγεσθαι
1419 2765 1480 2818 τὸ
1513 2764 1686 2834 ὁνομα
1713 2764 1815 2832 τῆς

1991 2761 2171 2826 Quare
2200 2775 2392 2816 omnes
2416 2763 2758 2828 concedunt,
2809 2763 3106 2834 dupliciter
3135 2765 3243 2821 dici
3297 2784 3494 2823 nomen

250 2859 460 2921 οὐσίας,
493 2858 726 2926 λογικῶς
754 2857 873 2928 ἅμα
929 2859 1026 2910 καὶ
1070 2856 1470 2927 φιλοωφικῶς·
1519 2857 1708 2920 ἁπλῶς
1758 2855 1816 2908 δὲ

1924 2853 2274 2917 substantiae,
2313 2855 2490 2924 logice
2545 2862 2599 2908 et
2631 2855 3026 2926 philosophice,
3057 2863 3113 2911 et
3141 2867 3199 2911 ιιι
3233 2859 3498 2928 simplici-

252 2951 416 3018 φάναι
448 2923 756 3018 πᾶν-ὄνομα
787 2923 1133 3017 φιλοσοφικὸν
1156 2923 1353 3018 ᾶμαντὸ
1381 2946 1655 3016 λέγεσθαι,
1678 2963 1820 3016 παρ-

1924 2953 2010 3002 ter
2034 2946 2238 3011 dicam,
2264 2923 2428 3002 omne
2457 2923 2656 3002 nomen
2697 2923 3160 3020 philosoplricum,
3202 2923 3386 3004 statim
3439 2959 3498 3004 ut

252 3045 366 3113 ἔχει
398 3041 478 3111 τῷ
523 3040 782 3094 ἀκούοντι
824 3039 934 3092 τῶν
987 3038 1159 3092 ὅντων
1211 3055 1266 3092 τι
1293 3041 1434 3092 νοεῖν
1473 3037 1816 3109 ὡρισμένως,

251 3135 660 3205 ἀφαιρουμένης
687 3135 780 3186 ἀπ’
821 3131 1004 3192 αὐτοῦ.
1035 3133 1196 3202 δῆλον
1228 3133 1310 3186 ὅτι
1339 3133 1441 3201 τῆς
1476 3133 1816 3203 ὁμωνυμίας,

251 3225 395 3278 ὥστε
424 3223 588 3294 μηδὲν
615 3225 802 3294 ἕτερον
829 3223 889 3287 ἐξ
921 3222 1085 3276 αὑτοῦ
1119 3222 1359 3276 νοεῖσθαι
1379 3222 1638 3277 δύνασθαι
1667 3223 1821 3294 παρὰ

252 3317 312 3369 τδ
359 3317 590 3384 πρᾶγμα
645 3313 708 3368 τὸ
744 3312 1094 3384 ὁριζόμενον·
1126 3309 1256 3380 οἷον,
1304 3313 1357 3366 εί
1397 3329 1482 3376 τις
1513 3312 1574 3366 τὸ
1610 3312 1820 3384 ἄνθρω-

251 3423 352 3470 πος
403 3406 575 3476 ὄνομα
624 3406 795 3474 φαίη,
859 3403 1048 3459 θᾶττον
1114 3407 1143 3458 ὁ
1205 3405 1554 3476 ἀκροώμενος
1605 3404 1822 3473 ὁριστὸν

257 3498 490 3567 πρᾶγμα
544 3499 676 3562 νοεῖ,
719 3495 865 3549 τοῦτ’
903 3497 1018 3551 ἐστι
1056 3496 1192 3559 ζῶον
1227 3496 1444 3564 λογικὸν
1478 3495 1693 3566 θνητὸν,
1725 3495 1819 3549 νοῦ

253 3586 348 3638 καὶ
381 3586 694 3654 ἐπιστήμης
742 3585 994 3638 δεκτικόν
1015 3601 1028 3614 ·
1071 3586 1223 3640 οὐδὲν
1255 3585 1384 3639 ἄλλο
1424 3585 1722 3654 δυνάμενος
1757 3586 1822 3638 ἐκ

251 3673 350 3728 τοῦ
395 3675 683 3746 ἄνθρωπος
729 3677 992 3744 ὀνόματος
1041 3675 1450 3730 καταλαϐέσθαι
1474 3718 1488 3740 ,
1537 3676 1678 3744 πλὴν
1723 3674 1818 3728 τοῦ

255 3765 566 3837 ὁρισθέντος
615 3767 962 3838 πράγματος.
1028 3769 1210 3822 Ἅπαν
1261 3767 1318 3821 δὲ
1379 3767 1594 3836 λογικὸν
1649 3767 1820 3837 ὄνομα

254 3859 566 3927 λεγόμενον,
589 3858 650 3911 οὐ
680 3857 862 3912 δίδωσι
888 3859 965 3928 τῷ
995 3858 1246 3911 ἀκούοντι
1271 3861 1410 3910 νοεῖν
1437 3875 1489 3910 τι
1523 3857 1632 3910 τῶν
1652 3857 1822 3910 ὁντων

255 3947 546 4018 ἀορίστως,
582 3947 678 4001 ἆτε
715 3947 780 4018 δὴ
818 3947 912 4000 ἰπὶ
947 3946 1160 3999 πολλῶν
1195 3947 1288 3998 καὶ
1315 3945 1586 4014 διαφόρων
1635 3961 1820 4014 πραγ-

257 4039 444 4108 μάτων
510 4039 812 4107 τιθέμενον.
867 4032 994 4092 Οἷον
1019 4079 1033 4104 ,
1082 4038 1142 4090 τὸ
1197 4033 1334 4101 εἶδος
1387 4035 1558 4105 ὄνομα
1606 4035 1822 4103 λογικὸν

257 4130 524 4200 ὑπάρχον,
569 4127 837 4200 πολλαχοῦ
889 4129 1344 4200 περιφερόμενον,
1383 4128 1478 4181 καὶ
1527 4127 1822 4182 ὲπιπίπτον

257 4221 349 4272 ἐπὶ
373 4220 683 4290 ἀνθρώπου,
717 4222 812 4274 καὶ
843 4220 1034 4284 ἵππου,
1067 4219 1162 4272 καὶ
1190 4219 1332 4288 βοὸς,
1363 4217 1457 4272 καὶ
1481 4217 1703 4288 χρυσοῦ,
1725 4217 1821 4270 καὶ

1921 3037 2142 3106 dicitur,
2183 3037 2339 3102 facit,
2376 3039 2555 3108 utqui
2583 3039 2755 3104 audit.
2805 3041 3010 3111 aliquid
3039 3041 3174 3096 certi
3207 3049 3260 3096 et
3288 3041 3498 3096 deﬁniti

1921 3131 2212 3200 intelligat,
2247 3140 2456 3186 remota
2489 3132 2701 3188 scilicet
2743 3133 2810 3188 ab
2842 3148 2907 3187 eo
2949 3133 3326 3203 ltomonymia,
3375 3149 3497 3203 qua:

1920 3221 2286 3291 aequivocatio
2319 3223 2429 3276 dici
2462 3224 2642 3289 solet;
2685 3224 2758 3277 ita
2792 3232 2852 3277 ut
2896 3224 3034 3278 nihil
3070 3223 3219 3277 aliud
3266 3225 3496 3294 intelligi

1921 3329 1986 3368 ex
2019 3327 2086 3366 eo
2119 3313 2292 3381 possit
2331 3321 2528 3382 praeter
2555 3329 2670 3368 rem
2702 3309 3007 3379 deﬁnitam,
3034 3325 3092 3368 ut
3123 3313 3168 3369 si
3201 3316 3322 3384 quis
3350 3315 3498 3368 dicat

1923 3403 2028 3457 hoc
2057 3417 2252 3457 nomen
2294 3403 2475 3466 homo,
2501 3404 2767 3458 continuo
2799 3404 2890 3472 qui
2921 3404 3091 3468 audit,
3135 3419 3248 3458 rem
3289 3413 3495 3460 certam

1921 3495 2218 3564 intelligit,
2265 3495 2466 3548 animal
2529 3495 2742 3550 scilicet
2803 3496 3037 3549 rationis
3099 3496 3378 3565 particeps
3442 3505 3497 3550 et

1923 3590 2190 3654 mortale;
2258 3603 2436 3658 neque
2491 3597 2671 3658 potest
2705 3588 2852 3642 aliud
2905 3587 3187 3658 quippiam
3254 3603 3319 3642 ex
3379 3591 3498 3657 ipso

1921 3681 2144 3735 nomine
2195 3665 2431 3734 hominis
2469 3679 2937 3748 comprehendere
2991 3689 3190 3747 praeter
3235 3695 3347 3735 rem
3399 3682 3496 3734 de-

1925 3772 2154 3824 linitam.
2222 3767 2396 3824 Omne
2443 3783 2573 3822 vero
2645 3783 2844 3823 nomen
2915 3770 3150 3840 logicum
3198 3771 3362 3826 habet
3395 3773 3498 3826 hoc

1923 3861 2227 3928 proprium,
2260 3867 2322 3912 ut
2351 3873 2476 3912 cum
2506 3859 2733 3924 dicitur,
2765 3875 2874 3913 non
2915 3861 3171 3927 subjiciat
3197 3863 3366 3916 menti
3401 3879 3498 3917 au-

1921 3953 2122 4006 dientis
2147 3950 2352 4020 aliquid
2395 3950 2474 4005 rei
2499 3957 2664 4006 certae
2711 3959 2766 4004 et
2791 3951 3052 4010 deﬁnitae.
3092 3955 3220 4022 quia
3271 3957 3324 4008 in
3357 3959 3498 4008 mul-

1923 4045 1996 4097 tis
2046 4051 2101 4095 et
2138 4040 2372 4095 diversis
2413 4040 2578 4096 rebus
2621 4042 2865 4108 ponitur.
2913 4041 2984 4095 Ut
3017 4059 3216 4098 nomen
3257 4046 3496 4115 logicum

1923 4131 2158 4201 species,
2190 4129 2335 4200 quod
2369 4131 2753 4198 multipliciter
2783 4131 3192 4196 circumfertur,
3228 4145 3281 4187 et
3310 4136 3360 4188 in
3395 4135 3494 4187 bo-

1923 4220 2148 4284 minem,
2195 4233 2396 4289 equum
2423 4259 2437 4283 ,
2492 4219 2703 4281 bovem,
2735 4234 2947 4282 aurum,
2985 4219 3278 4285 circulum,
3315 4238 3496 4292 gram-

257 4311 477 4376 κύκλου,
529 4315 622 4366 καὶ
677 4313 1100 4384 γραμματικῆς,
1137 4312 1231 4363 καὶ
1261 4311 1354 4364 ἐπὶ
1403 4311 1694 4373 πλείστων,
1731 4311 1821 4364 καὶ

1928 4313 2206 4378 matieam,
2237 4312 2584 4382 plurimaque
2614 4312 2718 4366 alia
2751 4313 2935 4378 cadit,
2967 4327 3076 4366 non
3111 4313 3263 4378 sinit,
3315 4325 3374 4368 ut
3401 4329 3497 4369 au-

255 4404 644 4475 διαφερόντων,
679 4405 739 4457 ού
781 4408 1055 4475 συγχωρεῖ
1090 4403 1184 4456 τὸν
1211 4403 1484 4474 ἀκροατὴν
1513 4403 1817 4474 ὡρισμένον

254 4512 308 4545 τι
336 4499 642 4548 κατανοεῖν.
690 4495 961 4557 Ὡσαύτως
995 4495 1044 4547 εί
1081 4495 1182 4566 μὲν
1225 4495 1374 4561 λέγοι
1405 4511 1488 4556 τις
1525 4493 1586 4544 τὸ
1617 4493 1826 4557 Παῦλος

257 4585 452 4655 ὄνομα,
493 4585 596 4654 τῆς
619 4587 934 4656 ὁμωνυμίας
965 4585 1468 4656 ἐκκεκαθαρμένον,
1487 4586 1826 4654 παραχρῆμα

257 4677 494 4730 νοεῖσθαι
526 4677 760 4742 δίδωσιν,
794 4679 868 4741 ὼς
913 4679 1046 4747 φέρε
1081 4679 1278 4742 εἰπεῖν,
1319 4677 1412 4729 τὸν
1443 4675 1618 4746 μέγαν
1663 4677 1826 4729 Ἀπό-

259 4769 464 4830 στολον,
493 4767 587 4820 τόν
617 4785 748 4821 ποτε
797 4770 899 4839 τῆς
939 4767 1270 4837 Ἐκκλησίας
1302 4767 1558 4838 διώκτην,
1603 4769 1696 4821 καὶ
1721 4769 1824 4831 τὰς

257 4860 421 4924 ἄλλας
481 4860 784 4931 ἰδιότητας,
839 4857 926 4924 αἷς
975 4857 1439 4932 χαρακτηρίζεται
1503 4862 1631 4931 περὶ
1681 4853 1742 4913 οὗ
1795 4863 1822 4913 ὁ

259 4951 479 5016 σκοπὸς,
513 4953 720 5014 αἵτινες
760 4955 860 5006 οὐκ
903 4953 974 5010 ἄν
1021 4969 1150 5005 ποτε
1179 4952 1271 5004 ἐπί
1325 4969 1471 5014 τινος
1521 4951 1680 5006 ἄλλου
1727 4953 1824 5020 γέ-

257 5059 452 5098 νοιντο.
482 5045 546 5096 Et
577 5045 634 5097 δέ
668 5061 753 5107 τις
787 5044 988 5114 ἄτομον
1011 5044 1156 5096 εἴποι
1191 5043 1362 5112 ὄνομα
1417 5043 1692 5112 περιθέον,
1729 5045 1824 5097 καὶ

1923 4403 2071 4458 ditor
2096 4403 2302 4474 aliquid
2331 4403 2616 4458 deﬁnitum
2645 4403 2934 4472 intelligat.
2963 4403 3250 4470 Similiter,
3285 4405 3332 4459 si
3372 4407 3496 4475 quis

1923 4491 2072 4545 dicat
2103 4506 2302 4545 nomen
2332 4491 2536 4546 Paulus
2566 4493 2916 4563 homonymia
2945 4492 3208 4547 nudatum
3237 4533 3252 4556 ,
3310 4497 3494 4549 statim

1923 4581 2302 4652 intelligimus,
2330 4583 2484 4638 verbi
2514 4585 2722 4654 gratia’,
2757 4598 3012 4654 magnum
3047 4583 3275 4638 Paulum
3311 4587 3498 4641 Eccle-

1927 4674 2022 4728 sia:
2054 4674 2332 4744 quondam
2363 4684 2770 4743 persecutorem
2791 4715 2806 4742 ,
2841 4691 2966 4729 cum
2997 4677 3119 4731 aliis
3145 4678 3498 4746 proprietati-

1932 4765 2054 4830 bus,
2079 4767 2280 4836 quibus
2305 4767 2574 4837 signatur,
2601 4768 2668 4822 de
2701 4783 2810 4838 quo
2837 4771 3184 4838 pr0positum
3211 4779 3296 4824 est
3326 4771 3495 4840 loqui,

1929 4873 2051 4928 quae
2075 4859 2294 4927 quidem
2329 4861 2690 4928 proprietates
2731 4877 3010 4930 nunquam
3061 4862 3115 4914 in
3159 4861 3268 4914 alio
3305 4862 3494 4915 insint.

1929 4949 1988 5003 Si
2019 4949 2144 5018 quis
2173 4963 2304 5002 vero
2344 4950 2492 5002 dicat
2525 4966 2724 5006 nomen
2753 4951 2858 5006 hoc
2891 4951 3254 5016 individuum,
3289 4952 3500 5006 inﬁnite

1929 5039 2104 5096 fertur
2129 5042 2182 5094 in
2211 5041 2422 5104 multis,
2455 5051 2514 5096 ιιι
2545 5041 2600 5096 in
2625 5043 2816 5107 Paulo,
2845 5041 3030 5106 Petro,
3065 5045 3166 5097 hoc
3200 5058 3358 5112 equo,
3397 5044 3498 5100 hoc

1569 5217 1808 5274 VARIE
1841 5217 2250 5292 LECIIONES.

326 5335 350 5368 τ
377 5333 565 5390 αὐτοῦ.
641 5336 662 5368 ⁸
695 5335 818 5388 καθ’
837 5330 897 5390 οὗ
948 5335 1043 5390 sed
1077 5333 1214 5390 ferri
1259 5343 1440 5405 potest
1479 5338 1644 5390 etiam
1681 5335 1818 5390 alter

1924 5336 2074 5391 actio.
2149 5336 2170 5367 ’
2197 5335 2326 5388 τῶν.

1767 5488 1996 5546 NOTAE.

331 5603 444 5671 (30)
485 5601 701 5671 Accipit
734 5600 1055 5658 Theodorus
1091 5615 1287 5656 nomen
1341 5609 1546 5652 naturae
1588 5607 1660 5671 et
1693 5601 1826 5654 sub-

261 5668 484 5731 stantia
523 5668 790 5742 Strictius,
819 5687 916 5741 pro
955 5671 1126 5741 gradu
1161 5671 1419 5725 nimirum
1455 5668 1710 5738 speciﬁco
1741 5671 1827 5723 in-

1935 5601 2098 5664 ﬁmo;
2129 5615 2237 5669 quo
2267 5609 2426 5670 pacto
2451 5601 2562 5655 duo
2587 5599 2838 5655 homines
2863 5607 2990 5670 sunt
3019 5597 3262 5666 ejusdem
3293 5605 3499 5653 natura:

1935 5682 1988 5725 et
2019 5669 2542 5738 consubstantialcs,
2570 5687 2678 5726 non
2713 5679 2894 5726 autem
2923 5669 3086 5724 homo
3117 5677 3164 5722 et
3195 5683 3367 5723 canis.
