4004 6150
495 237 630 304 14Ἰῦ

1707 227 2101 291 THEODORI
2162 228 2529 292 ABUCAR.E

3647 226 3777 292 M75

494 354 643 417 albo,
677 349 781 403 hoc
810 347 1041 412 circulo,
1060 356 1123 411 et
1147 343 1202 397 in
1237 338 1464 411 reliquis
1487 339 1740 395 similiter
1767 340 2068 393 individuis

2177 341 2630 410 περιφερόμενον,
2677 337 2948 407 ἀορίστως
2991 337 3421 409 παραδείκνυται
3470 342 3565 393 ἐπὶ
3625 344 3775 396 nm;-

492 443 562 498 de
613 441 815 511 quibus
861 438 1087 493 dicitur.
1126 435 1267 488 Hinc
1311 434 1479 505 igitur
1507 446 1707 486 nomen
1746 441 1978 496 naturae,
2016 440 2072 486 et

495 531 827 588 substantia:
855 530 1030 599 logice
1058 533 1305 593 sumpta,
1334 533 1387 579 et
1429 538 1625 578 nomen
1665 523 1978 593 hypostasis
2003 539 2072 578 ex

494 622 743 689 vocibus,
774 634 897 689 qua:
921 619 973 671 in
1000 616 1188 671 multis
1222 616 1438 670 infinite
1467 621 1765 685 ponuntur,
1798 614 1850 667 id
1876 622 1981 679 est,
2005 629 2069 672 ex

493 713 719 767 vocibus
754 709 947 781 logicis
975 708 1269 779 perspicue
1306 719 1435 762 sunt
1462 744 1478 767 .
1520 707 1665 760 sicut
1707 719 1907 758 nomen
1933 719 2031 773 spe
2056 733 2068 745 ο

492 804 628 865 cies,
660 800 824 873 355
860 809 915 855 et
942 800 1289 853 individuum
1313 839 1329 862 ,
1385 804 1446 851 ut
1494 796 1930 851 demonstratum
1961 803 2068 850 est.

492 888 698 945 Nomen
733 891 877 943 enim
919 900 1129 943 naturae
1179 888 1232 942 in
1270 886 1516 953 homine,
1550 895 1606 941 et
1639 886 1693 939 in
1718 900 1882 955 equo,
1916 894 1971 940 et
2012 886 2069 940 in

491 995 649 1046 auro,
684 988 738 1035 et
767 980 822 1033 in
852 979 1078 1048 reliquis
1110 979 1357 1049 ponitur,
1388 988 1441 1032 et
1472 976 1850 1044 multipliciter
1873 976 2067 1044 fertur,

490 1074 631 1125 sicut
668 1086 870 1124 nomen
897 1070 1130 1139 species.
1167 1068 1371 1122 Eodem
1399 1066 1557 1120 modo
1585 1080 1780 1119 nomen
1805 1066 2067 1137 hyposta-

490 1163 568 1217 sis
602 1164 654 1216 in
689 1161 875 1227 Petro,
908 1173 961 1216 et
993 1161 1200 1222 Paulo,
1252 1169 1306 1213 et
1337 1160 1391 1212 in
1422 1159 1522 1212 luit:
1555 1173 1718 1227 equo,
1771 1168 1825 1213 et
1871 1159 1924 1211 in
1964 1159 2067 1214 hoc

490 1253 629 1308 bove
655 1255 899 1324 ponitur,
933 1254 1077 1307 sicut
1106 1259 1161 1306 et
1216 1252 1584 1305 individuum.

2180 431 2299 494 λου,
2336 432 2431 485 καὶ
2465 430 2695 500 Πέτρου,
2732 431 2827 483 καὶ
2874 430 3030 487 τοῦδε
3078 429 3173 484 τοῦ
3233 432 3427 497 ἵππου,
3486 434 3582 486 καὶ
3620 435 3773 488 τοῦδε

2179 522 2275 576 τοῦ
2310 521 2533 588 λευκοῦ,
2568 522 2664 574 καὶ
2696 521 2849 574 τοῦδε
2885 521 2981 574 τοῦ
3013 521 3236 587 κύκλου,
3276 524 3369 576 καὶ
3409 525 3522 576 τῶν
3564 527 3773 578 λοιπῶν

2178 613 2402 682 ὁμοίως,
2434 612 2542 665 τῶν
2571 612 2646 682 μὴ
2680 611 3032 681 τεμνομένων
3061 614 3433 677 παντάπασιν,
3456 615 3634 683 ἤγουν
3662 616 3769 668 τών

2180 703 2359 757 ἄλλων
2394 702 2912 774 κατηγορουμένων.
2954 704 3235 757 Ἐντεῦθεν
3277 704 3464 757 τοίνυν
3505 706 3566 758 τὸ
3607 707 3769 775 φύσις

2178 794 2369 864 δνομα,
2394 794 2492 848 καὶ¹
2521 794 2583 846 τὸ
2611 793 2793 858 οὐσία,
2830 792 3066 860 λογικῶς
3086 794 3510 865 καμσανόμενον
3528 839 3544 863 ,
3581 799 3680 851 καὶ
3708 800 3771 852 τὸ

2175 889 2498 955 ὑπόστασις,
2555 892 2620 944 ὲκ
2652 888 2769 942 τῶν
2806 891 3260 958 περιφερομένων
3287 891 3384 942 καὶ
3427 892 3521 943 ἐπὶ
3552 891 3763 943 πολλῶν

2173 981 2446 1051 ἀορίστως
2494 980 2820 1051 τιθεμένων,
2850 979 3021 1049 ἠγουν
3068 979 3177 1032 τῶν
3223 982 3482 1048 λογικῶν,
3517 983 3766 1051 ἐναργῶς

2172 1068 2625 1142 εἶναιφαίνεται·
2677 1071 2859 1133 καθὼς
2908 1072 3004 1123 καὶ
3043 1071 3105 1123 τὸ
3153 1070 3291 1134 εἶδος
3341 1074 3539 1143 δνομα,
3584 1077 3678 1126 καὶ
3708 1077 3766 1126 τὸ

2172 1166 2396 1234 ἄτομον,
2424 1164 2499 1227 ὼς
2539 1162 2926 1232 ἀπεδείξαμεν.
2968 1162 3042 1214 Τὸ
3079 1164 3188 1234 γὰρ
3234 1164 3399 1232 φύσις
3438 1166 3639 1234 ὄνομα,
3674 1168 3765 1218 καὶ

2176 1258 2270 1309 ἐπὶ
2299 1256 2617 1327 ἀνθρώπου,
2647 1257 2740 1308 καὶ
2771 1255 2963 1315 ἵππου,
2999 1256 3096 1308 καὶ
3129 1256 3356 1326 χρυσοῦ,
3389 1257 3487 1309 καὶ
3519 1256 3634 1308 τῶν
3660 1257 3765 1308 λοι-

490 1346 608 1397 πῶν
649 1347 933 1409 τάττεται,
975 1343 1241 1413 πολλαχοῦ
1289 1343 1720 1413 περιφερόμενον
1762 1342 2162 1414 παραπλησίως
2194 1348 2255 1428 τὸ
2281 1345 2423 1411 εἶδος
2455 1348 2703 1417 ὀνόματι.
2770 1347 2874 1399 Τὸν
2907 1348 3072 1400 αὑτὸν
3140 1347 3199 1400 δὲ
3262 1347 3491 1417 τρόπον,
3561 1348 3663 1399 καὶ
3704 1342 3762 1398 τὸ

492 1438 784 1499 ὑπόστασις
832 1435 1003 1507 ὄνομα
1054 1438 1146 1490 ἐπὶ
1210 1436 1453 1507 Πέτρου.
1513 1435 1609 1489 καὶ
1671 1433 1907 1497 Παύλου.
1959 1443 2055 1489 καὶ
2092 1439 2247 1494 τοῦδε
2284 1439 2379 1493 τοῦ
2433 1440 2632 1506 ἵππου,
2668 1441 2764 1494 καὶ
2798 1441 2952 1494 τοῦδε
2989 1440 3082 1494 τοῦ
3149 1440 3271 1508 βοὸς
3318 1440 3618 1503 τάττεται,
3691 1440 3764 1503 ὡς

490 1530 586 1582 καὶ
616 1529 675 1579 τὸ
708 1528 934 1596 ἄτομον.

564 1619 700 1673 Hinc
728 1628 913 1685 aperte
938 1617 1251 1687 ignorantia
1271 1618 1449 1672 insani
1473 1615 1661 1672 Severi
1687 1618 2071 1688 redarguitur;
2105 1628 2146 1681 Β

491 1712 582 1764 ille
600 1710 768 1774 extim,
789 1711 941 1779 quia,
977 1710 1174 1779 inquit,
1206 1708 1408 1764 Paulus
1431 1717 1515 1764 est
1542 1710 1876 1780 hypostasis,
1909 1710 2070 1763 bomo

490 1815 621 1855 vero
650 1809 845 1853 natura
874 1818 888 1861 ;
929 1802 1076 1854 sicut
1114 1801 1316 1855 Paulus
1349 1801 1549 1854 dicitur
1582 1801 1765 1863 homo,
1792 1801 1873 1856 sic
1906 1801 2068 1855 etiam

489 1892 707 1944 dicatur
739 1890 1051 1959 bypostasis
1085 1906 1206 1945 esse
1227 1900 1445 1945 natura.
1473 1891 1584 1946 Nos
1612 1906 1741 1946 vero
1770 1901 2068 1961 utpravam

490 1982 906 2051 intelligentiam
959 1982 1109 2036 stulti
1145 1992 1490 2046 evel-tamus,
1550 1984 1630 2039 sic
1659 1999 2017 2040 occurremus
2051 2004 2064 2039 :

490 2070 548 2124 Si
569 2073 694 2135 hoc,
720 2071 866 2139 quod
888 2086 1053 2139 prave
1075 2073 1337 2134 intulisti.
1366 2074 1532 2137 valet,
1562 2089 1594 2126 o
1625 2075 1818 2134 delire,
1847 2074 2070 2144 quando

489 2165 697 2219 Paulus
726 2165 947 2234 quidem
979 2174 1062 2218 est
1090 2165 1458 2226 individuum,
1492 2166 1654 2219 homo
1675 2181 1802 2219 vero
1833 2175 1917 2220 est
1946 2182 2069 2236 spe-

489 2259 628 2317 cies.
673 2257 816 2311 sicut
848 2257 929 2311 ais
968 2254 1197 2310 Paulum
1229 2271 1351 2310 esse
1388 2256 1663 2311 hominem
1685 2300 1700 2322 ,
1733 2256 1821 2310 die
1864 2258 2066 2310 indivi-

486 2350 659 2402 duum
724 2362 849 2402 esse
910 2349 1196 2418 speciem,
1252 2356 1327 2402 et-
1352 2359 1483 2403 tunc
1534 2356 1595 2403 ut
1648 2350 1813 2403 Paulo
1871 2352 2070 2406 tribuis

488 2440 728 2494 lmmiuis
768 2438 1143 2493 definitionem
1179 2448 1235 2493 et
1293 2455 1517 2505 nomen,
1550 2442 1756 2496 tribues
1790 2442 1955 2497 etiam
1987 2443 2070 2497 in.

485 2533 710 2586 dividuo
766 2531 1142 2586 definitionem
1184 2540 1240 2585 et
1296 2546 1494 2587 nomen
1535 2534 1789 2587 similiter
1840 2537 2065 2605 speciei,

488 2632 653 2691 atque
684 2623 753 2676 ita
792 2624 963 2684 dices,
997 2622 1341 2677 individuum
1365 2637 1511 2685 esse.
1543 2625 1692 2693 quod
1720 2625 1789 2678 de
1816 2626 2069 2694 pluribus

486 2714 872 2770 differentibus
909 2730 1143 2779 numero
1188 2716 1241 2769 in
1276 2731 1362 2778 eo,
1403 2715 1549 2785 quod
1585 2716 1717 2784 quid
1739 2729 1843 2779 est,
1872 2719 2071 2787 praedio

487 2816 666 2869 catur,
692 2822 814 2874 quze
848 2814 932 2859 est
963 2822 1177 2860 summa
1209 2807 1525 2875 insipientia
1563 2809 1681 2871 tibi,
1706 2817 1902 2878 praeter
1930 2810 2068 2865 alios

486 2897 800 2958 Inereticos,
831 2912 1165 2965 congruens.
1190 2897 1255 2950 Et
1277 2897 1420 2951 sicut
1443 2898 1665 2951 Paulum
1688 2900 1768 2953 ais
1791 2914 1914 2953 esse
1940 2900 2069 2954 sub-

487 2990 703 3044 stantia:
724 2988 1126 3051 definitionem,
1161 2987 1214 3040 id
1247 2996 1353 3049 est,
1397 3005 1519 3043 esse
1559 3007 1671 3043 rem
1708 3005 1801 3058 per
1833 3006 1893 3045 se
1923 2992 2068 3051 exsi-
2097 2976 2137 3031 Ο

490 3090 746 3145 stentem,
786 3096 891 3133 non
926 3080 1257 3150 indigentem
1293 3079 1401 3134 alio
1442 3081 1508 3134 ad
1540 3082 1940 3148 exsistendum,
1981 3083 2070 3137 dic

484 3174 649 3228 etiam
684 3171 1028 3226 individuum
1076 3188 1199 3224 esse
1234 3173 1711 3240 generalissimum
1756 3161 1967 3245 genus;
2014 3182 2070 3229 et

485 3265 667 3319 tribue
712 3264 1000 3317 individuo
1053 3263 1470 3329 definitionem,
1530 3274 1583 3317 et
1621 3282 1818 3319 nomen
1849 3267 2068 3337 generis

486 3353 913 3425 generalissimi,
948 3353 1000 3407 id
1028 3362 1144 3415 est,
1180 3370 1288 3423 quo
1322 3370 1429 3407 non
1467 3362 1550 3410 est
1590 3356 1738 3408 aliud
1772 3372 1943 3425 genus
1972 3375 2068 3412 su-

484 3448 706 3518 perius;
747 3454 801 3500 et
841 3444 988 3515 quod
1042 3460 1259 3513 semper
1310 3452 1395 3499 est
1450 3461 1666 3515 genus;
1729 3446 1832 3500 hoc
1884 3456 2066 3501 autem

486 3539 704 3593 cuinam
749 3537 981 3606 placeat,
1038 3546 1089 3588 et
1126 3536 1388 3603 probetur
1420 3536 1524 3589 nisi
1556 3536 1603 3589 ei
1633 3579 1645 3598 ,
1680 3536 1772 3605 qui
1805 3538 2068 3594 omnibus

486 3631 663 3684 modis
692 3643 721 3680 a
742 3627 928 3681 divina
953 3627 1127 3694 gratia
1149 3626 1428 3679 alienatus
1453 3625 1574 3679 est?
1604 3625 1679 3678 Ex
1701 3628 1786 3679 bis
1812 3629 2069 3683 omnibus

485 3718 804 3773 necessario
842 3715 985 3783 apud
1016 3729 1161 3777 eum,
1193 3716 1287 3782 qui
1330 3724 1514 3769 mente
1548 3717 1808 3784 praaditus
1840 3725 1945 3784 est,
1979 3718 2066 3772 in-

488 3808 683 3868 fertur,
703 3820 810 3859 non
830 3820 952 3858 esse
970 3804 1307 3875 bypostasim
1326 3811 1599 3869 naturam,
1619 3821 1795 3873 neque
1813 3807 2069 3862 substan-

484 3882 613 3953 tiam
629 3912 750 3966 qua:
762 3896 1095 3950 omnimodis
1116 3894 1582 3959 circumfertur,et
1597 3897 1937 3963 circumfert,
1962 3900 2069 3953 sic-

483 4000 547 4046 ut
580 4002 769 4045 natura
789 3990 961 4059 logice
974 3995 1216 4057 sumpta:
1239 3991 1420 4043 omnia
1441 3990 1611 4056 enim,
1634 4004 1754 4059 qua:
1770 3998 1899 4044 sunt
1915 3992 2067 4061 ejus-

485 4083 606 4136 dem
651 4088 882 4143 naturre,
916 4077 1145 4132 omnino
1175 4086 1304 4132 sunt
1350 4078 1599 4147 ejusdem
1632 4081 1978 4145 substantiae,
2011 4091 2065 4135 et

483 4183 697 4233 contra,
735 4170 917 4224 omnia
945 4210 960 4234 ,
985 4184 1109 4238 quae
1148 4171 1460 4224 substantia
1474 4170 1761 4233 differunt,
1780 4181 1836 4227 et
1869 4180 2065 4228 natura

484 4261 765 4316 differunt.
798 4262 978 4326 Quare
1006 4260 1147 4315 idem
1178 4269 1265 4315 est
1305 4272 1506 4315 natura
1538 4270 1592 4316 et
1623 4263 1953 4319 substantia.

2257 1618 2542 1671 Ἐντεῦθεν
2592 1616 2885 1687 τοιγαροῦν
2933 1619 2964 1686 ἡ
3015 1615 3209 1682 ἄγνοια
3258 1614 3356 1668 τοῦ
3405 1614 3763 1687 παράφρονας

2169 1708 2453 1779 αίρετικοῦ
2508 1709 2751 1778 Σευήρου
2815 1707 3112 1778 διαρρήδην
3168 1705 3493 1775 ἐλέγχεται·
3546 1709 3762 1772 ἐκεῖνος

2169 1803 2280 1872 γὰρ
2304 1800 2491 1871 ἐπειδὴ
2525 1818 2712 1870 φησιν,
2752 1798 2966 1860 Παῦλος
3000 1797 3101 1866 μέν
3132 1801 3279 1850 ἐστιν
3308 1798 3637 1865 ὑπόστασις,
3666 1802 3761 1854 ἇν-

2169 1894 2390 1965 θρωπος
2438 1892 2499 1945 δὲ
2546 1890 2730 1961 φύσις,
2777 1890 2969 1961 ὥσπερ
3014 1888 3226 1951 Παῦλος
3279 1889 3575 1960 ἄνθρωπος
3618 1886 3759 1946 εἶναι

2169 1985 2410 2054 λέγεται,
2442 1984 2586 2037 οὕτω
2612 1981 2858 2050 λεγέσθω
2887 1982 2981 2034 καὶ
3010 1980 3312 2042 ὑπόστασις
3342 1980 3528 2048 φύσις.
3565 1982 3760 2051 Ἦμεῇ

2167 2077 2225 2131 δὲ
2257 2078 2355 2149 τὴν
2399 2076 2495 2130 τοῦ
2544 2077 2772 2147 ἀνοήτου
2839 2074 3134 2127 κακόνοιαν
3184 2074 3596 2141 ἀνατρέποντες
3630 2074 3757 2125 ἀντ.

2169 2171 2296 2242 εροῦ
2305 2187 2425 2240 μεν·
2450 2170 2608 2224 Κατὰ
2632 2169 2821 2223 τοῦτον
2846 2168 2939 2221 τὸν
2972 2165 3270 2237 τρόπονλν
3296 2167 3681 2236 παρήνεγκας,
3710 2161 3756 2219 ὧ

2168 2264 2455 2333 χαλίφρον,
2483 2263 2673 2330 ἐπειδὴ
2699 2261 2910 2324 Παῦλος
2953 2260 3052 2328 μέν
3091 2261 3242 2311 ἐστιν
3280 2259 3511 2328 ἄτομον.
3543 2259 3756 2328 ἀνθρω-

2170 2370 2270 2415 πος
2300 2353 2353 2405 δὲ
2380 2348 2541 2414 εἶδος,
2571 2349 2756 2412 καθὼς
2779 2349 2870 2401 τὸν
2901 2347 3113 2401 Παῦλον
3134 2346 3423 2418 ἄνθρωπον
3453 2344 3600 2402 εἶναι
3630 2349 3752 2419 φὴς,

2168 2443 2295 2510 λέγε
2346 2445 2438 2496 καὶ
2462 2443 2523 2495 τὸ
2548 2444 2752 2510 ἄτομον
2782 2437 2945 2504 εἶδος,
2977 2440 3075 2493 καὶ
3110 2438 3419 2507 τηνικαῦτα
3448 2439 3639 2503 καθὼς
3682 2440 3753 2509 τῷ

2170 2535 2368 2606 Παύλῳ
2405 2535 2562 2597 δίδως
2599 2534 2691 2587 τὸν
2737 2532 2832 2586 τοῦ
2890 2532 3182 2602 ἀνθρώπου
3217 2532 3453 2601 ὁρισμὸν
3500 2534 3597 2585 καὶ
3635 2531 3755 2584 τοῦ-

2170 2645 2332 2697 νομα,
2368 2626 2562 2689 δώσεις
2595 2625 2690 2678 καὶ
2718 2622 2796 2691 τῷ
2844 2624 3034 2694 ἀτόμῳ
3062 2623 3155 2675 τὸν
3180 2621 3277 2675 τοῦ
3307 2622 3485 2686 εἴδους
3529 2623 3757 2692 ὁρισμὸν

2168 2720 2370 2789 ὁμοίιος
2415 2721 2513 2772 καὶ
2558 2716 2820 2783 τοῦνομα,
2872 2716 2967 2770 καὶ
3005 2714 3152 2768 οὕτω
3204 2717 3400 2783 φήσεις
3440 2714 3508 2765 τὸ
3553 2714 3755 2779 ἄτομον

2169 2809 2309 2864 εἶναι
2342 2811 2405 2862 τὸ
2426 2812 2568 2864 κατὰ
2591 2808 2857 2861 πλειόνων
2882 2808 2992 2860 καὶ
3016 2806 3387 2875 διαφερόντων
3407 2803 3491 2874 τῷ
3514 2803 3753 2873 ἀριθμῷ,

2169 2904 2229 2956 ἐν
2263 2901 2342 2973 τῷ
2388 2902 2441 2956 τί
2503 2903 2621 2954 ἐστι
2676 2897 3198 2971 κατηγορούμενον,
3249 2896 3389 2965 ὅπερ
3451 2896 3759 2964 ἀκρότατον

2170 2995 2510 3063 καθέστηκεν
2562 2991 2913 3061 ἀφροσύνης,
2966 2992 3018 3042 oi
3054 2991 3099 3022 ¹⁰
3155 2989 3311 3059 παρα
3375 2991 3503 3050 τοὺς
3565 2987 3761 3047 ἄλλους

2170 3087 2483 3159 αἱρετικοὺς
2521 3084 2822 3153 ἐξαιρέτως
2863 3082 3204 3153 ἁρμόζουσα.
3248 3074 3388 3133 Εἶτα
3427 3079 3614 3142 καθὼς
3666 3079 3761 3130 τὸν

2169 3179 2384 3241 Παῦλον
2408 3174 2547 3230 εῖναι
2586 3176 2694 3246 φὴς
2718 3176 2927 3235 οὐσίαν,
2955 3174 3080 3244 ἥτις
3107 3173 3224 3225 ἐστὶ
3257 3170 3636 3238 γενικώτατον
3664 3170 3762 3236 γέ-

2170 3288 2278 3333 νος.
2314 3269 2408 3322 κα)⁵
2438 3268 2592 3329 δίδως
2623 3267 2700 3335 τῷ
2746 3266 2944 3333 Παύλῳ
2969 3264 3062 3317 τὸν
3105 3264 3205 3332 τῆς
3239 3263 3434 3324 οὐσίας
3502 3260 3760 3330 ὁρισμὸν,

2167 3361 2313 3415 τοῦτ’
2347 3360 2485 3420 ἔστι,
2517 3360 2576 3411 τὸ
2612 3354 2753 3411 εἷναι
2803 3357 3037 3424 πρᾶγμα
3078 3354 3476 3423 αὑθύπαρκτον
3522 3353 3602 3423 μὴ
3647 3352 3767 3405 δεό-

2172 3466 2330 3523 μενον
2367 3452 2555 3520 ἑτέρου
2598 3449 2734 3519 πρὸς
2761 3448 3041 3508 σύστασιν,
3080 3445 3307 3512 λέγεται
3333 3446 3429 3497 καὶ
3462 3445 3526 3496 τὸ
3552 3444 3763 3512 ἄτομον

2120 3602 2135 3617 1
2168 3541 2312 3598 εἶναι
2334 3542 2704 3612 γενικώτατον
2737 3540 2897 3608 γένος
2924 3555 2938 3569 ·
2976 3540 3072 3592 καὶ
3099 3538 3187 3598 δὺς
3215 3537 3295 3605 τῷ
3316 3537 3518 3606 ἀτόμῳ
3537 3537 3632 3588 τὸν
3666 3533 3762 3587 τοῦ

2168 3637 2537 3707 γενικωτάτου
2579 3634 2771 3701 γένους
2802 3633 2931 3701 ὅρον
2975 3632 3075 3684 καὶ
3113 3629 3376 3696 τοῦνομα,
3410 3627 3559 3681 τοῦτ’
3588 3628 3762 3687 ἔστιν,

2171 3727 2311 3794 ὑπὲρ
2333 3725 2362 3777 ὃ
2386 3725 2487 3777 οὑκ
2517 3723 2584 3775 ἂν
2619 3723 2705 3790 εἴη
2758 3720 2889 3773 ἄλλο
2916 3718 3333 3787 ὲπαναὸεϐηκδς
3359 3718 3542 3784 γένος,
3574 3719 3676 3769 καὶ
3703 3717 3765 3768 τδ

2170 3817 2257 3868 ἀεὶ
2279 3815 2436 3881 γένος
2466 3813 2525 3866 ὃν
2545 3829 2559 3844 ⁸
2585 3811 2747 3865 τοῦτο
2767 3811 2824 3863 δὲ
2849 3810 2955 3862 τίνι
2988 3809 3142 3877 φίλον
3169 3808 3234 3861 ἂν
3268 3809 3377 3877 εἵη,
3399 3808 3451 3859 εί
3479 3808 3557 3875 μὴ
3582 3807 3762 3874 πάντη

2170 3903 2247 3974 τῷ
2282 3903 2383 3973 τῆς
2413 3901 2561 3964 θείας
2587 3899 3093 3969 ἀπηλλοτριωμένῳ
3121 3898 3384 3967 χάριτος;
3418 3897 3517 3949 Ἐκ
3548 3896 3760 3948 τούτων

2170 3992 2264 4050 οῦν
2296 3995 2554 4048 ἁπάντων
2586 3989 3118 4060 ἀναγκαστικώτατα
3167 3989 3471 4056 συνάγεται
3514 3988 3596 4057 τῷ
3635 3987 3760 4040 νοῦν

2169 4083 2368 4152 ἔχοντι,
2426 4082 2502 4154 μὴ
2548 4078 2688 4135 εἶναι
2744 4081 2844 4151 τὴν
2885 4080 3191 4133 ὑπόστασιν
3230 4078 3418 4145 φύσιν,
3473 4081 3617 4148 μήτε
3650 4078 3759 4148 μὴν

2167 4176 2357 4229 οὐσίαν
2399 4176 2500 4243 τὴν
2536 4173 2680 4227 κατὰ
2718 4174 2900 4226 πάντα
2947 4172 3152 4242 τρόπον
3182 4169 3501 4243 φερομένην
3543 4185 3605 4221 τε
3660 4170 3758 4222 καὶ

2167 4267 2553 4338 περιθέουσαν,
2588 4265 2665 4329 ὡς
2709 4266 2743 4335 ἡ
2773 4264 2959 4332 φύσις,
2991 4262 3138 4316 τοῦτ’
3186 4260 3326 4321 ἐστι,
3350 4261 3451 4330 τὴν
3489 4260 3751 4330 λογικήν·

482 4359 664 4411 πάντα
709 4355 816 4425 γὰρ
875 4354 979 4405 ὅσα
1036 4353 1186 4405 ἐστὶν
1237 4354 1491 4423 ὁμοφυῆ,
1538 4355 1756 4419 πάντως
1808 4355 1928 4410 ἐστὶ
1974 4356 2070 4410 καὶ
2104 4358 2391 4430 όμοούσια,
2425 4358 2523 4411 καὶ
2554 4354 2871 4428 τοῦμπαλιν
2905 4356 3085 4410 πάντα
3121 4352 3192 4406 τὰ
3246 4354 3313 4422 τῇ
3350 4352 3517 4424 οὐσίᾳ
3578 4353 3759 4422 M-

482 4464 638 4519 νοχεν
670 4463 682 4512 ;
713 4447 858 4501 ὥστε
893 4451 1090 4504 ταυτόν
1112 4452 1230 4505 ἐστι
1265 4451 1427 4519 φύσις
1449 4452 1544 4507 καὶ
1570 4453 1753 4507 ούσία.

551 4539 843 4593 Sciendum
873 4553 1054 4598 autem
1084 4553 1190 4609 est,
1238 4544 1384 4612 quod
1419 4560 1509 4599 res
1552 4560 1662 4600 non
1696 4555 2060 4601 numerantur

2232 4548 2363 4599 Δέον
2393 4545 2450 4598 δὲ
2508 4542 2739 4607 εἰδέναι,
2775 4544 2851 4606 ὼς
2894 4542 2964 4595 τὰ
3014 4543 3326 4615 πράγματα
3373 4543 3491 4604 τοῖς
3541 4545 3752 4598 ἑαυτῶν

479 4644 607 4683 cum
644 4632 963 4687 nominibus
996 4635 1114 4688 suis
1149 4635 1549 4704 philosophicis
1584 4637 1886 4690 secundum
1913 4652 2060 4692 com-

480 4722 840 4790 positionem,
877 4724 974 4778 sed
1017 4740 1141 4779 cum
1174 4728 1367 4796 logicis
1399 4728 1836 4799 congruentibus
1858 4770 1873 4795 ,
1910 4739 1985 4783 ut-
2010 4730 2057 4784 si

481 4814 715 4870 velimus
748 4816 910 4886 355
944 4834 1238 4874 numerare
1274 4820 1496 4875 Petrum
1523 4860 1539 4885 ,
1604 4830 1658 4875 et
1699 4820 1929 4876 Paulum
1958 4864 1973 4889 ,
2008 4831 2062 4876 et

478 4903 773 4971 Joannem,
804 4924 913 4963 non
946 4911 1181 4966 dicimus
1212 4921 1326 4968 tres
1371 4914 1626 4970 homines
1663 4915 1921 4985 (proprie
1951 4916 2063 4969 sci-

480 4996 800 5065 licet),quia
830 5001 1209 5069 unusquisque
1236 5003 1457 5074 quidem
1480 5005 1722 5074 ipsorum
1756 5014 1840 5060 est
1870 5005 2073 5065 homo;

486 5091 652 5146 homo
673 5108 803 5147 vero
824 5096 1010 5151 nullus
1028 5097 1222 5152 horum
1247 5117 1351 5153 non
1376 5110 1490 5168 est;
1522 5101 1807 5171 superiora
1826 5102 1970 5155 enim
1989 5101 2073 5155 di-

484 5191 689 5239 cuntur
719 5186 788 5241 de
816 5185 1203 5256 inferioribus,
1228 5208 1337 5246 non
1376 5194 1637 5248 inferiora
1667 5192 1734 5247 de
1770 5195 2072 5263 superiori-

484 5274 611 5333 bus.
651 5276 772 5333 Non
814 5281 963 5335 enim
995 5280 1145 5338 dices
1177 5284 1458 5341 hominem
1492 5301 1616 5342 esse
1654 5288 1920 5350 Petrum;
1974 5287 2069 5341 sed

484 5367 668 5436 potius
700 5367 917 5425 Petrum
952 5386 1077 5427 esse
1106 5372 1403 5429 hominem.
1445 5373 1501 5427 Si
1560 5374 1730 5444 igitur
1782 5373 1938 5429 dicas
1972 5373 2070 5427 Pe-

2164 4638 2538 4708 φιλοσοφικοῖς
2588 4636 2851 4705 ὀνόμασιν
2888 4635 2990 4688 οὑκ
3032 4633 3399 4705 ἀριθμοῦνται
3434 4638 3582 4690 κατὰ
3628 4639 3751 4690 σύν-

2166 4733 2352 4798 θεσιν,
2395 4730 2533 4784 ἀλλά
2574 4745 2722 4791 τινες
2780 4727 3188 4799 ἐφαρμόζουσιν
3241 4728 3432 4790 αὑτοῖς
3486 4728 3747 4794 λογικοῖς,

2166 4826 2330 4877 οἱονεὶ
2363 4820 2689 4892 βουλοίμεθα
2728 4820 2934 4888 Πέτρον
2980 4819 3326 4889 ἀριθμῆσαι.
3366 4821 3467 4874 καὶ
3514 4820 3747 4879 Παῦλον,

2171 4916 2267 4969 καὶ
2307 4913 2594 4984 Ἰωάννην·
2654 4910 2716 4965 οῦ
2771 4928 2952 4980 φαμεν
3001 4912 3113 4981 γὰρ
3161 4909 3510 4980 ἀνθρώπους,
3565 4911 3747 4981 ἐπειδὴ

2169 5007 2399 5067 ἕκαστος
2433 5003 2534 5075 μὲν
2590 5003 2770 5056 αὑτῶν
2824 5005 2972 5056 ἐστιν
3018 5003 3336 5070 ἄνθρωπος·
3365 5002 3657 5073 ἄνθρωπος
3691 5005 3747 5057 δὲ

2169 5097 2269 5150 οὐκ
2302 5096 2451 5149 ἔστιν
2479 5096 2651 5160 οὐδεὶς
2677 5088 2911 5148 τούτων·
2938 5096 3004 5147 τὰ
3046 5095 3155 5163 γὰρ
3188 5094 3399 5147 ἐλάττω
3424 5096 3537 5147 τῶν
3570 5095 3747 5165 μειξόο

2167 5206 2276 5242 νων
2306 5188 2367 5240 οὑ
2395 5190 2806 5256 κατηγορεῖται,
2833 5186 2970 5240 ἀλλὰ
2995 5186 3063 5239 τὰ
3096 5187 3269 5256 μείζω
3292 5186 3401 5240 τῶν
3430 5186 3743 5239 ἐλαττόνων.

2168 5281 2282 5332 Οὐκ
2336 5279 2417 5332 ἔτι
2446 5279 2556 5347 γὰρ
2592 5279 2656 5332 ἂν
2687 5281 2863 5343 εἴποις
2895 5282 2985 5332 τὸν
3017 5278 3308 5349 ἄνθρωπον
3340 5274 3483 5331 εἶναι
3514 5280 3740 5350 Πέτρον·

2168 5372 2307 5425 ἀλλὰ
2329 5373 2420 5424 τὸν
2442 5372 2651 5443 Πέτρον
2677 5371 2856 5437 εἴποις
2890 5371 2954 5426 ἂν
2977 5366 3118 5424 εἶναι
3140 5370 3454 5442 ἄνθρωπον.
3482 5372 3544 5425 El
3573 5372 3746 5425 τοίνυν

1759 5548 1994 5606 VARIE
2031 5548 2444 5607 LECTIONES.

569 5627 611 5657 ¹⁹
646 5652 754 5693 σοι.
