4004 6150
231 310 358 375 1577

1630 306 2049 372 QPUSCULA.

3363 301 3497 366 1478

230 423 451 492 Πέτρον,
502 420 596 475 καὶ
664 418 917 484 Παῦλον,
972 418 1068 471 καὶ
1135 415 1392 486 Ἰωάννην
1441 412 1622 480 εἴποις
1669 400 1812 471 εἶναι

1922 426 2059 469 trum
2081 453 2097 480 ,
2152 421 2207 468 et
2236 412 2496 477 Paulum,
2538 419 2591 465 et
2618 406 2895 463 Joannem
2927 425 3050 466 esse
3081 418 3196 467 tres
3223 411 3498 478 homines,

226 517 371 586 τρεῖς
419 512 766 584 ἀνθρώπους,
809 509 1138 583 ἡριθμηκὼς
1194 507 1293 581 ἔσῃ
1347 508 1375 561 ὃ
1429 505 1504 579 μὴ
1567 508 1803 579 προέθου

226 602 661 657 καθυποόάλ).ειν
693 600 937 673 ἀριθμῷ.
980 602 1311 673 Προέφημεν
1353 598 1462 669 γὰρ
1496 599 1532 629 ¹¹
1574 598 1668 652 τὸν
1709 598 1805 650 ἄν-

227 693 442 765 θρωπον
482 694 556 764 μὴ
606 688 750 746 εἶναι
788 694 997 764 μηδένα
1030 691 1256 745 τούτων.
1302 692 1366 745 El
1399 692 1454 744 δὲ
1486 691 1809 752 καὶάὑτοὺς

225 785 448 846 τούτους
504 782 645 839 εἶναι
705 787 856 855 τρεῖς
892 783 1093 853 λέγοις,
1137 785 1384 861 ⁸ἕκαστον
1424 781 1608 835 αὐτῶν
1657 784 1809 853 τρεῖς

227 876 575 948 ἀριθμήσεις,
613 875 757 929 ὥστε
792 874 921 939 τοὺς
951 876 1104 942 τρεῖς
1130 876 1211 936 εἰς
1238 874 1395 926 ὲννέα
1434 871 1810 924 πολυπλασια-

230 971 443 1042 σθῆναι,
484 971 626 1040 ὅπερ
674 968 962 1022 ἀδύνατον.
1006 966 1287 1020 Ἐντεῦθεν
1317 960 1633 1034 ἀναγκαίως
1692 967 1808 1018 εἰσι

229 1062 455 1132 φέρεται
478 1061 539 1113 τὸ
570 1060 889 1130 ἐφαρμόζον
915 1060 1095 1112 αὐτῶν
1125 1059 1340 1129 ἑκάστῳ
1360 1058 1579 1125 λογικὸν
1610 1057 1804 1128 ὄνομα,

227 1153 255 1205 ὃ
286 1156 452 1215 ἐστιν,
483 1152 807 1215 ὑπόστασις,
848 1151 1055 1221 ἄτομόν
1091 1168 1151 1204 τε
1196 1151 1292 1204 καὶ
1331 1150 1647 1221 πρόσωπον,
1680 1148 1807 1202 καθ’

226 1244 255 1296 ὸ
283 1245 329 1297 οί
368 1244 728 1315 προτεθέντες
782 1243 1158 1315 ἀριθμηθῆναι
1199 1242 1421 1314 ἀριθμῷ
1451 1241 1811 1314 καθυποδλη-

229 1336 509 1404 θήσονται,
546 1338 696 1405 τρεῖς
746 1335 1100 1398 ὑποστάσεις,
1142 1334 1174 1406 ἢ
1224 1336 1427 1405 ἄτομα,
1464 1334 1497 1405 ἢ
1539 1335 1810 1405 πρόσωπα

226 1428 530 1497 λεγόμενοι.
560 1428 717 1480 Κατὰ
746 1426 937 1480 τοῦτον
956 1426 1021 1497 δὴ
1054 1428 1145 1480 τὸν
1173 1426 1376 1497 τρόπον
1400 1426 1807 1490 ἀποδείκνυται,

231 1518 306 1589 μὴ
333 1515 476 1572 εἶναι
528 1518 619 1570 τὸν
666 1519 912 1588 Πατέρα,
946 1517 1164 1572 καὶτὸν
1191 1517 1350 1583 Υίὸν,
1387 1518 1483 1571 καὶ
1541 1517 1604 1570 τὸ
1656 1518 1797 1584 ἅγιοι

229 1610 454 1681 Πνεῦμα
507 1614 656 1680 τρεῖς
701 1611 877 1675 θεοὺς,
905 1610 954 1663 εί
1008 1606 1349 1663 καὶτούτων
1399 1609 1631 1673 ἕκαστος
1680 1609 1813 1672 Θεός

228 1704 343 1755 ἐστι
365 1703 592 1767 τέλειος,
620 1702 811 1771 ὥσπερ
858 1701 1090 1764 ἕκαστος
1119 1700 1347 1754 ἐκείνων
1392 1698 1683 1770 ἄνθρωπος
1723 1701 1812 1754 τέ-

1911 504 2232 560 numerabis
2263 544 2278 569 ,
2337 518 2481 576 quos
2530 516 2641 556 non
2690 508 2809 554 erat
2841 504 3186 571 propositum
3223 504 3499 571 subjicere

1912 613 2167 652 numero.
2226 595 2477 651 Diximus
2524 595 2673 650 enim
2719 602 2882 648 antea
2942 595 3220 649 hominem
3285 597 3495 650 nullum

1910 689 2109 744 horum
2144 705 2289 746 esse.
2345 687 2401 742 Si
2435 697 2619 742 autem
2675 686 2777 742 hos
2810 688 2961 757 ipsos
3015 686 3163 742 dicas
3212 698 3322 743 tres
3351 704 3492 753 esse,

1910 796 2365 851 unumquemque
2404 781 2605 836 horum
2638 780 2962 835 numerabis
3013 788 3168 845 tres;
3205 789 3262 833 ιιι
3299 789 3410 833 tres
3442 781 3498 834 in

1909 888 2104 928 novem
2147 873 2609 943 multiplicemur,
2653 873 2799 943 quod
2834 852 2951 925 ﬁeri
2982 886 3090 925 non
3124 880 3323 942 potest.
3361 870 3499 926 Hinc

1910 966 2228 1020 necessario
2281 966 2517 1019 infertur
2542 1007 2557 1031 ,
2599 980 2795 1019 nomen
2818 1004 2835 1029 ,
2871 965 3016 1032 quod
3049 964 3250 1032 cuique
3294 964 3497 1017 horum

1910 1058 2192 1127 congruit,
2226 1056 2462 1125 logicum
2495 1072 2642 1119 esse,
2673 1055 2821 1125 quod
2857 1064 2944 1111 est
2975 1057 3320 1125 hypostasis,
3355 1054 3499 1108 indi-

1910 1148 2160 1211 viduum,
2186 1163 2445 1218 persona,
2480 1157 2761 1217 quatenus
2791 1148 3062 1217 propositi
3093 1157 3271 1213 erant,
3308 1157 3365 1201 ut
3398 1164 3501 1200 nu-

1913 1249 2297 1303 merarentur,
2360 1239 2438 1291 ita
2477 1248 2534 1292 ut
2567 1238 2832 1293 dicantur
2863 1249 2974 1294 tres
3004 1238 3362 1309 bypostascs,
3416 1239 3502 1293 vel

1912 1331 2226 1395 individua,
2261 1331 2347 1385 vel
2395 1345 2672 1399 personm.
2708 1329 2766 1385 1n
2808 1331 2959 1385 hunc
3005 1331 3227 1384 modum
3274 1331 3503 1385 demon-

1913 1429 2151 1478 stratum
2169 1429 2275 1486 est,
2302 1438 2412 1476 non
2433 1437 2555 1477 esse
2570 1419 2814 1485 Patrem,
2840 1431 2893 1475 et
2924 1419 3146 1487 Filium,
3166 1431 3219 1476 et
3237 1421 3501 1490 Spiritum

1913 1524 2165 1569 sanctum
2209 1524 2320 1569 tres
2378 1514 2536 1587 deos,
2593 1514 2699 1570 etsi
2746 1516 3133 1584 unusquisque
3174 1515 3392 1568 illorum
3419 1522 3505 1568 est;

1920 1604 2064 1660 Leus
2114 1605 2418 1675 perfectus,
2474 1607 2938 1675 quemadmodum
2997 1608 3233 1676 quisque
3281 1607 3502 1662 illorutn

1912 1698 2079 1752 homo
2102 1697 2423 1767 perfectus,’
2444 1713 2553 1752 non
2579 1709 2764 1752 tamen
2789 1697 3052 1752 dicuntur
3083 1708 3195 1754 tres
3227 1699 3502 1755 homines.

227 1794 388 1857 λειος,
434 1793 552 1847 ἀλλ’
590 1794 651 1846 οὑ
687 1794 938 1860 λέγονται
980 1795 1130 1863 τρεῖς
1176 1790 1478 1862 ἄνθρωποι.
1517 1789 1576 1844 '0
1620 1791 1810 1862 Πατὴρ

1922 1790 2073 1844 Pater
2090 1791 2279 1859 igitur,
2308 1800 2361 1846 et
2383 1789 2581 1854 Filius,
2606 1799 2660 1845 ct
2681 1788 2931 1859 Spiritus
2948 1801 3176 1846 sanctus
3202 1800 3317 1846 tres
3334 1792 3505 1861 hypo-

226 1887 428 1952 τοίνυν,
465 1888 561 1939 καὶ
597 1887 625 1938 6
669 1886 819 1952 Υίὸς,
870 1885 967 1939 καὶ
1006 1885 1068 1937 τὸ
1095 1883 1318 1953 Πνεῦμα
1364 1885 1426 1937 τὸ
1457 1883 1613 1951 ἅγιον
1661 1887 1813 1955 τρεῖς

227 1980 366 2032 εἰσιν
417 1979 767 2043 ὑποστάσεις,
801 1978 992 2046 ὥσπερ
1030 1977 1299 2030 κάκεῖνοι.
1347 1977 1444 2030 Ἐκ
1501 1975 1565 2046 δὴ
1619 1975 1813 2030 τούτου

227 2065 553 2137 γνωσόμεθα
582 2068 791 2136 σαφῶς,
845 2067 956 2120 δεῖν
996 2064 1385 2137 ὁμολογεῖσθαι
1426 2067 1521 2119 τὸν
1574 2065 1815 2136 Χριστὸν

227 2155 365 2213 εἶναι
404 2160 534 2228 μίαν
581 2160 882 2212 ὑπόστασιν
920 2160 980 2210 ὲν
1007 2156 1128 2211 δυσὶ
1165 2156 1417 2226 φύσεσιν.
1454 2156 1612 2208 Ἔστι
1651 2156 1758 2226 γὰρ
1787 2157 1815 2209 6

227 2252 461 2322 Χριστὸς
491 2253 520 2303 ό
553 2252 646 2304 τοῦ
683 2250 821 2303 Θεοῦ
879 2249 1050 2311 ἁῖδ.ος
1084 2249 1211 2311 Υἱὸς
1245 2248 1275 2300 6
1310 2248 1642 2319 σαρκωθεὶς,
1667 2247 1814 2302 τοῦτ’

229 2342 398 2409 ἐστιν,
429 2345 463 2414 ή
497 2344 597 2414 μία
631 2343 731 2413 τῆς
783 2342 947 2410 ἁγίας
987 2340 1219 2410 Τριάδος
1261 2341 1563 2401 ὑπόστασις
1612 2357 1816 2411 σεσαρ-

231 2439 476 2508 κωμένη,
509 2438 605 2492 καὶ
639 2437 780 2507 αὕτη
825 2440 858 2507 ἡ
895 2436 1223 2501 ὑπόστασις,
1267 2437 1437 2506 ἤγουν
1479 2435 1650 2500 ἀΐδιος
1688 2436 1816 2500 Υἱός

229 2530 378 2582 ἔστιν
415 2529 445 2580 6
492 2528 654 2592 αὐτὸς
686 2527 817 2590 Θεὸς
866 2525 1026 2597 ὁμοῦ,
1070 2527 1165 2580 καὶ
1203 2526 1515 2596 ἄνθρωπος.
1553 2526 1819 2596 Βουλόμε-

231 2637 317 2682 νος
349 2621 529 2674 τοίνυν
559 2618 871 2690 ἀριθμῆσαι
909 2617 1064 2681 Θεὸν,
1113 2619 1210 2671 καὶ
1254 2617 1564 2688 ἄνθρωπον,
1603 2617 1639 2671 ἆ
1671 2620 1818 2670 ἐστιν

230 2713 401 2778 ἀΐδιος
423 2713 578 2779 Θεὸς,
608 2711 761 2766 τοῦτ’
792 2711 940 2764 ἔστιν
964 2712 998 2781 ἡ
1027 2710 1123 2781 μία
1153 2711 1474 2775 ὑπόστασις,
1502 2712 1563 2764 οὑ
1593 2709 1819 2764 δύνασαι

229 2804 454 2867 τούτους
492 2806 673 2857 εἰπεῖν
723 2802 1057 2864 ὑποστάσεις
1098 2797 1238 2854 εἶναι
1297 2801 1410 2855 δύο.
1469 2799 1607 2855 Οὔτε
1653 2800 1762 2870 γὰρ
1791 2801 1835 2853 ὁ·

231 2894 364 2959 Θεὸς
395 2895 588 2965 ὄνομα,
608 2894 733 2948 οὔτε
764 2893 1172 2964 τὸ,ἄνθρωπος,
1194 2895 1498 2947 ὑπόστασιν
1530 2893 1813 2963 σημαίνει.

248 2983 312 3036 Ἡ
345 2985 443 3053 μὲν
477 2984 776 3046 ὑπόστασις
809 2983 1026 3045 οὐδενὸς
1056 2981 1194 3045 ὅλως
1225 2986 1643 3053 κατηγορεῖται,
1679 2984 1819 3037 ὥστε

233 3076 337 3129 οὐκ
361 3076 510 3129 ἔστιν
541 3075 695 3129 οὐδὲν
724 3074 933 3129 τούτων
969 3074 1291 3138 ὑπόστασις.
1330 3073 1468 3130 Οὔτε
1497 3075 1604 3146 μὴν
1641 3075 1819 3128 ἔοικεν

231 3167 410 3220 εἰπεῖν
440 3165 529 3219 τὸν
553 3165 685 3219 Θεὸν
712 3165 806 3218 καὶ
834 3165 925 3218 τὸν
950 3163 1265 3235 ἄνθρωπον,
1300 3163 1393 3216 δύο
1416 3165 1572 3234 γένη,
1601 3163 1818 3233 ἐπειδή-

233 3273 344 3328 περ
376 3256 613 3309 ἕκαστον
644 3255 801 3324 γένος
832 3255 967 3308 ἴδιον
995 3255 1039 3286 ¹⁸
1073 3257 1500 3325 κατηγορεῖται·
1532 3256 1739 3308 τούτων
1765 3256 1823 3308 δὲ

231 3349 387 3403 οὐδὲν
418 3349 811 3416 κατηγορεῖται
837 3347 988 3400 ῐδιον.
1037 3345 1179 3398 Ἀλλ’
1204 3345 1327 3398 οὐδὲ
1358 3346 1455 3399 δύο
1497 3346 1617 3416 εἴδη
1645 3346 1822 3416 ἁρμό-

231 3441 321 3506 ζει
356 3440 554 3502 αὐτοὺς
590 3437 869 3506 λέγεσθαι.
898 3438 1175 3491 Ἕκαστον
1206 3436 1319 3508 γὰρ
1363 3437 1548 3489 αὐτῶν
1589 3437 1696 3491 ὑπὸ
1729 3437 1827 3503 γέ-

232 3548 326 3595 νος
354 3524 639 3585 τόιττεταιξ
658 3528 791 3593 Θεὸς
819 3529 877 3582 δὲ
908 3529 1007 3598 οὑχ
1055 3531 1133 3592 εις
1161 3529 1321 3596 γένος
1361 3528 1821 3598 ὑποταχθήσεται,

232 3623 312 3686 ὡς
345 3622 460 3693 ἔχει
499 3621 811 3691 ἄνθρωπος,
840 3620 921 3675 διὸ
953 3619 1292 3692 κυριώτερόν
1336 3622 1486 3673 ἐστιν
1517 3619 1825 3691 ἀριθμῆσαι

234 3712 414 3767 ταῦτα
455 3712 549 3766 δύο
596 3712 811 3781 φύσεις,
847 3712 943 3764 καὶ
976 3710 1069 3764 δύο
1117 3710 1325 3775 οὐσίας.
1378 3710 1672 3781 Ἑκάτερον
1717 3710 1826 3782 γὰρ

238 3804 445 3870 αὐτῶν,
476 3805 572 3857 καὶ
601 3803 764 3872 φύσις
796 3803 973 3866 ἐστὶν,
1006 3800 1100 3855 καὶ
1144 3801 1302 3854 οὐσία
1332 3803 1446 3862 τοῖς
1481 3794 1556 3854 ὧν
1585 3818 1827 3871 κατηγο-

239 3899 443 3967 ρεῖται.
472 3895 586 3949 Οὑκ
618 3894 737 3965 ἔχει
778 3894 891 3965 γὰρ
922 3894 1078 3946 οὐδὲν
1112 3892 1222 3945 τῶν
1263 3891 1356 3962 ὑφ’
1394 3894 1672 3964 ἑκατέρων
1703 3893 1828 3947 τοῦ·

236 4005 352 4041 των
383 3987 711 4049 συστατικὰς
765 3985 1071 4057 διαφορὰς,
1136 3985 1306 4055 ἤγουν
1374 3983 1659 4046 οὑσιώδεις
1733 3984 1829 4037 καὶ

238 4078 504 4146 φυσικὰς,
535 4076 674 4130 ὥστε
697 4077 857 4147 φύσις
885 4079 980 4130 καὶ
1010 4076 1193 4141 οὐσία,
1231 4075 1342 4129 τῶν
1368 4075 1412 4108 ³³
1442 4074 1567 4130 καθ’
1590 4070 1666 4129 ὧν
1691 4091 1828 4130 κατ-

239 4174 555 4243 ηγορεῖται,
589 4171 855 4241 ἑκάτερον
883 4165 1045 4225 εἶναι.

318 4253 418 4316 Διὰ
444 4262 656 4317 πολλῶν
685 4258 781 4315 οὖν
831 4262 1241 4324 ἀποδέδεικται,
1287 4260 1362 4331 μὴ
1397 4256 1536 4313 εἷναι
1577 4260 1677 4331 τὴν
1699 4260 1832 4314 ὑπό-

244 4371 444 4427 στασιν
475 4355 660 4423 φύσιν,
711 4355 851 4425 μήτε
907 4353 1016 4425 μὴν
1063 4353 1254 4406 οὐσίαν
1288 4353 1386 4424 τὴν
1431 4353 1678 4425 λογικὴν,
1731 4355 1831 4426 τὴν

1912 1887 2092 1934 stases
2128 1888 2304 1943 sunt,
2357 1881 2504 1935 sicut
2530 1880 2632 1934 illi.
2670 1879 2749 1933 Ει
2771 1880 2858 1934 his
2904 1896 3308 1950 cognoscemus
3326 1881 3505 1935 mani-

1915 1971 2053 2026 [este
2110 1970 2486 2026 confitendum
2554 1987 2728 2038 esse,
2799 1971 3085 2028 Christum
3136 1987 3261 2026 esse
3340 1988 3504 2027 unam

1916 2063 2257 2133 hypostasim
2318 2064 2374 2119 in
2435 2064 2653 2119 duabus
2706 2065 2925 2120 naturis
2982 2065 3153 2135 (51).
3215 2065 3311 2123 Est
3358 2068 3503 2121 enim

1914 2155 2174 2211 Christus
2231 2163 2475 2210 aeternus
2547 2154 2645 2209 Dei
2708 2154 2931 2221 Filius,
3014 2157 3109 2226 qui
3186 2156 3507 2213 incarnatus

1915 2249 2034 2304 est,
2099 2241 2154 2295 id
2222 2251 2347 2309 est,
2413 2258 2520 2296 una
2581 2244 2898 2315 hypostasis
2946 2254 3155 2301 sancta:
3212 2245 3506 2302 Trinitatis

1918 2333 2231 2400 incarnata,
2264 2342 2319 2388 et
2349 2333 2467 2389 haec
2504 2335 2851 2406 hypostasis,
2893 2344 3138 2391 aeternus
3171 2337 3387 2391 scilicet
3414 2335 3507 2390 Fi-

1916 2425 2025 2480 lius
2056 2435 2140 2481 est
2176 2426 2318 2481 idem
2350 2426 2495 2483 Deus
2526 2428 2692 2483 simul
2726 2436 2781 2483 et
2816 2429 3005 2483 homo.
3053 2428 3237 2495 Quare
3268 2430 3362 2494 qui
3392 2431 3509 2483 vult

1918 2534 2215 2574 numerare
2266 2519 2435 2575 Deum
2491 2531 2547 2576 et
2586 2521 2903 2583 hominem,
2952 2538 3077 2592 quae
3103 2532 3234 2578 sunt
3270 2532 3509 2578 aeternus

1921 2608 2134 2674 Filius,
2190 2611 2243 2665 id
2279 2619 2363 2666 est
2405 2627 2514 2665 una
2564 2611 2916 2682 hypostasis,
2973 2622 3294 2683 non-potest
3322 2614 3510 2669 dicere

1919 2718 2047 2758 esse
2085 2702 2187 2757 hos
2215 2702 2356 2758 duas
2396 2703 2745 2775 hypostases.
2779 2702 2892 2758 Nec
2925 2704 3072 2757 enim
3103 2719 3304 2760 nomen
3337 2703 3503 2768 Deus,

1921 2809 2101 2863 neque
2127 2809 2328 2848 nomen
2366 2794 2532 2848 homo
2557 2796 2880 2866 hypostasin
2903 2795 3201 2866 signiﬁcat.
3231 2794 3507 2867 llyposta-

1921 2888 1998 2941 sis
2028 2887 2176 2940 enim
2207 2885 2274 2942 de
2312 2887 2470 2941 nullo
2500 2890 2727 2942 omnino
2764 2888 3119 2957 praedicatur.
3164 2889 3345 2954 Quare
3372 2888 3513 2943 nihil

1922 2975 2122 3030 horum
2154 2984 2240 3031 est
2271 2977 2605 3048 hypostasis.
2648 2976 2840 3048 Neque
2871 2977 3089 3034 videtur
3119 2980 3287 3035 licere
3327 2979 3513 3035 dicere

1922 3066 2097 3122 Deum
2148 3079 2202 3123 et
2254 3070 2532 3125 hominem
2583 3069 2697 3125 duo
2748 3086 2977 3138 acriora,
3009 3072 3280 3142 siquidem
3312 3089 3514 3127 unum-

1924 3164 2179 3230 quodque
2206 3176 2380 3230 genus
2416 3161 2483 3216 de
2514 3163 2810 3231 speciebus
2839 3165 3175 3232 praedicatur
3201 3202 3216 3229 ,
3246 3166 3391 3233 quod
3425 3165 3514 3218 hic

1923 3267 2036 3306 non
2084 3253 2162 3306 fit.
2216 3251 2406 3323 Neque
2433 3255 2697 3309 convenit
2748 3255 2932 3310 dicere
2962 3272 3057 3312 eos
3087 3255 3226 3311 duas
3274 3255 3512 3325 species.

1924 3341 2286 3413 Unaquaeque
2340 3344 2489 3420 enim
2545 3346 2763 3414 species
2817 3346 2923 3402 sub
2948 3363 3150 3418 genere
3181 3348 3513 3403 collocatur.

1929 3434 2070 3491 Deus
2111 3443 2294 3490 autem
2346 3452 2457 3491 non
2492 3436 2655 3493 habet
2698 3454 2896 3509 genus,
2957 3440 3065 3494 sub
3089 3456 3200 3509 quo
3236 3442 3518 3497 collocan-

1927 3525 2031 3582 dus
2059 3527 2153 3592 sit,
2196 3526 2536 3585 sicnthabet
2559 3528 2746 3584 homo.
2771 3529 3138 3596 Quamobrem
3176 3532 3350 3602 magis
3387 3548 3516 3602 pro-

1925 3618 2108 3688 prium
2143 3628 2266 3685 est,
2310 3635 2607 3675 numerare
2638 3621 2753 3677 haec
2786 3621 2926 3676 duas
2961 3629 3225 3686 naturas,
3288 3631 3342 3678 et
3376 3623 3515 3678 duas

1927 3712 2290 3768 substantias.
2327 3714 2641 3784 Utrumque
2667 3716 2816 3769 enim
2857 3731 3049 3771 eorum
3084 3727 3173 3773 est
3200 3726 3254 3772 et
3296 3729 3513 3784 natura,

1927 3813 1982 3860 et
2029 3805 2345 3861 substantia
2411 3806 2482 3862 iis
2531 3808 2600 3861 de
2651 3808 2860 3877 quibus
2926 3809 3316 3878 praedicantur.
3369 3808 3518 3865 Nihil

1930 3898 2075 3952 enim
2111 3898 2216 3954 sub
2244 3908 2481 3967 utroque
2512 3899 2708 3952 horum
2742 3899 2908 3954 habet
2942 3901 3333 3957 constitutivas
3358 3903 3516 3957 dilic-

1929 3990 2146 4045 rcntias
2170 4031 2185 4055 ,
2215 3995 2303 4044 vel
2331 3982 2731 4044 substantiales
2763 3999 2816 4044 et
2850 3992 3131 4047 naturales
3155 4031 3173 4057 ,
3215 4000 3277 4046 ut
3308 3994 3379 4048 sit
3416 4007 3517 4047 na-

1937 4088 2061 4134 tura
2095 4118 2111 4144 ,
2145 4091 2201 4135 et
2236 4080 2548 4135 substantia
2583 4087 2881 4150 utrumque
2931 4095 3147 4147 eorum,
3197 4082 3266 4138 de
3314 4084 3517 4152 quibus

1927 4169 2283 4240 praedicatur.
2695 4161 2711 4173 ’

2000 4263 2167 4334 356
2213 4263 2661 4319 Demonstratum
2715 4263 2886 4337 igitur
2920 4274 3005 4321 est
3068 4265 3354 4336 pluribus,
3409 4283 3516 4320 non

1939 4370 2065 4412 esse
2094 4356 2440 4427 hypostasim
2466 4363 2745 4419 naturam,
2775 4372 2954 4427 neque
2989 4358 3355 4413 substantiam
3387 4360 3522 4426 logi-

244 4446 394 4500 κατὰ
460 4447 638 4499 πάντα
700 4446 902 4516 τρόπον
954 4443 1356 4514 περιθέουσαν,
1439 4444 1587 4514 ὡςὴ
1643 4442 1819 4513 φύσις.

1939 4462 2085 4513 cam,
2141 4463 2263 4517 quae
2300 4449 2566 4508 omnibus
2615 4448 2796 4504 modis
2828 4450 3066 4515 circuit,
3115 4450 3261 4505 sicut
3299 4459 3518 4504 natura.

259 4537 484 4609 Ἐπειδὴ
509 4538 567 4592 δὲ
602 4539 636 4609 ἡ
675 4534 958 4606 ὁρθοδοξία
981 4538 1173 4608 φησὶν,
1220 4536 1298 4607 μὴ
1347 4532 1490 4590 εἶναι
1539 4536 1639 4607 τὴν
1670 4536 1833 4606 φύσιν

244 4629 554 4682 ὑπόστασιν
604 4629 735 4699 μίαν
785 4628 892 4682 τῶν
945 4628 1068 4682 καθ’
1102 4623 1179 4683 ὧν
1231 4629 1661 4699 κατηγορεῖται,
1697 4629 1836 4700 μήτε

246 4720 381 4784 ὅλας
406 4720 504 4784 τὰς
539 4720 894 4785 ὑποστάσεις,
923 4720 1044 4774 ὅσαι
1072 4718 1140 4774 ἂν
1175 4720 1268 4773 ὑπ’
1300 4718 1471 4790 αὐτὴν
1499 4714 1630 4782 εἶεν,
1660 4715 1773 4774 οἷον
1801 4721 1834 4791 ή

250 4810 469 4883 θεότης,
500 4815 669 4884 ἧγουν
698 4814 725 4866 ό
750 4812 883 4877 Θεὸς
942 4814 1043 4866 οὑκ
1080 4811 1198 4865 ἔστι
1234 4812 1423 4883 Πατήρ
1442 4829 1458 4845 ο
1486 4814 1533 4866 εἰ
1563 4813 1672 4884 γάρ
1719 4815 1838 4866 ἐστι

252 4902 467 4974 Πατὴρ,
516 4904 737 4967 πάντως
768 4904 867 4957 οὑκ
898 4899 968 4974 ἦν
1011 4902 1191 4967 όΥίὸς
1231 4902 1385 4966 Θεός.
1430 4902 1506 4956 οὑ
1547 4903 1656 4974 γὰρ
1689 4905 1854 4959 ἀντιδε

1940 4538 2080 4606 Quia
2107 4554 2243 4595 vero
2275 4540 2582 4595 orthodoxa
2614 4541 2871 4597 doctrina
2899 4542 3054 4608 dicit,
3079 4557 3188 4597 non
3215 4558 3337 4597 csse
3359 4554 3522 4596 natu-

1935 4645 2056 4684 ram
2088 4631 2434 4702 hypostasim
2460 4672 2475 4696 ,
2508 4647 2671 4686 uuam
2701 4648 2891 4688 eorum
2919 4676 2933 4701 ,
2994 4634 3062 4689 de
3090 4634 3290 4704 quibus
3323 4635 3523 4704 praedi-

1941 4734 2125 4790 catur,
2164 4740 2342 4795 neque
2371 4726 2661 4781 universas
2692 4726 3047 4797 hypostases,
3084 4743 3208 4796 qum
3256 4730 3359 4782 sub
3400 4732 3524 4798 ipsa

1939 4825 2093 4882 sunt,
2131 4828 2190 4872 ut
2219 4819 2422 4886 Deitas,
2454 4820 2629 4886 idest,
2653 4820 2797 4878 Deus
2848 4838 2956 4877 non
2987 4832 3072 4878 est
3106 4822 3286 4885 Pater,
3306 4825 3350 4878 si
3377 4825 3523 4878 enim

1943 4908 2090 4965 Deus
2120 4918 2204 4964 est
2234 4909 2418 4976 Pater,
2444 4913 2697 4981 profecto
2725 4928 2835 4969 non
2868 4914 2975 4969 erit
3006 4913 3179 4970 Filius
3215 4912 3357 4969 Deus
3387 4915 3520 4985 (52).

1520 5080 1762 5134 VARUE
1806 5080 2216 5138 LECTIONES.

332 5175 373 5208 “
406 5175 466 5231 In
501 5176 889 5247 suppositione
922 5174 1188 5245 simplici,
1218 5181 1279 5229 ut
1310 5185 1504 5229 vocant
1552 5176 1741 5245 logici.

1821 5178 1866 5208 "
1915 5180 2039 5233 κατ’
2089 5180 2289 5243 εἴδους.

2370 5180 2414 5212 ⁸³
2448 5181 2530 5235 τό.

1799 5287 2027 5346 ΝΟΤΑΕ.

334 5379 447 5449 (51)
489 5379 589 5434 Est
617 5378 811 5448 dispar
853 5388 1020 5442 ratio,
1059 5379 1187 5449 quia
1238 5378 1293 5433 in
1359 5374 1565 5432 divinis
1612 5387 1697 5434 est
1729 5395 1840 5434 una

256 5464 497 5505 numero
537 5457 737 5503 natura
779 5450 834 5502 in
894 5450 1076 5503 tribus
1106 5449 1378 5518 personis.
1443 5449 1499 5502 In
1551 5451 1840 5518 preposito

258 5529 445 5574 autem
477 5527 608 5574 sunt
629 5527 746 5574 tres
775 5534 1007 5574 numero
1035 5519 1314 5574 distinctae
1343 5527 1554 5573 natura:
1588 5522 1840 5576 humana!

258 5590 322 5644 in
348 5588 524 5643 tribus
550 5589 824 5657 personis.

339 5658 452 5733 (ζὴ)
491 5656 622 5723 Quae
657 5660 773 5733 _l_toc
812 5660 934 5713 loco
965 5656 1291 5733 Theodorus
1323 5658 1589 5733 disputat,
1634 5659 1838 5733 (inpigra

260 5728 487 5803 γνώμῃ,
530 5729 1008 5797 candido'anima,
1048 5729 1411 5801 interpretari
1467 5729 1647 5783 decet.
1697 5728 1834 5785 Nam

1952 5381 2136 5455 Deitas
2161 5390 2274 5455 tota
2309 5393 2395 5439 est
2429 5385 2481 5438 in
2511 5384 2702 5449 Patre;
2731 5398 2784 5439 ct
2811 5385 2890 5439 sic
2918 5385 3197 5455 perfectus
3228 5385 3371 5441 Deus
3401 5397 3524 5443 est:

1949 5453 2210 5523 sequuia
2248 5454 2301 5507 in
2342 5456 2435 5509 illo
2470 5470 2579 5509 non
2631 5468 2736 5521 est,
2774 5453 3035 5521 totaliter,
3068 5458 3170 5511 hoc
3202 5468 3286 5510 est
3334 5458 3430 5523 ita,
3469 5467 3528 5513 ut

1949 5523 2003 5594 in
2029 5521 2168 5576 Filio
2189 5531 2244 5594 et
2284 5523 2492 5594 Spiritu
2531 5533 2727 5580 sancto
2761 5541 2867 5578 non
2901 5528 3004 5592 sit;
3043 5528 3163 5580 ideo
3189 5526 3325 5581 dicit
3351 5521 3521 5583 Theo-

1947 5593 2141 5660 dorus,
2191 5591 2409 5648 Patrem
2460 5611 2569 5649 non
2626 5610 2748 5648 esse
2802 5595 2968 5650 Deum
2994 5591 3235 5660 πάντως,
3285 5596 3386 5651 hoc
3420 5609 3525 5658 est,

1947 5662 2164 5728 όλικῶς,
2203 5664 2464 5724 totaliter,
2505 5668 2621 5720 sive
2650 5665 2845 5727 solum,
2873 5680 2998 5719 cum
3049 5668 3370 5722 exclusione
3402 5667 3525 5723 Filii

1948 5741 2003 5787 et
2037 5732 2279 5803 Spiritus
2314 5737 2515 5791 sancti.
2544 5734 2608 5788 Et
2638 5735 2784 5806 quod
2821 5739 2888 5793 de
2912 5735 3077 5793 Patre
3105 5737 3355 5801 aliirmat,
3385 5739 3526 5795 idem
