3928 6130
394 212 530 277 1479
1612 192 2017 258 THEODORI
2042 189 2413 253 ABUCARE
3530 170 3671 242 H83

387 321 511 394 Non
540 318 685 373 enim
702 318 1082 389 reciprocatur
1112 311 1458 384 praedicatio,
1492 317 1555 364 ut
1580 308 1839 363 omnibus
1870 320 1968 376 pa-
2000 341 2012 369 λ

2117 304 2307 375 τρέφει
2329 303 2367 372 ἡ
2399 297 2728 369 κατηγορία,
2755 292 2832 355 ὡς
2864 292 3029 345 πᾶσιν
3050 288 3297 361 εῦδτρρν.
3331 289 3459 341 Ὅτι
3489 287 3520 339 ὁ
3553 289 3670 341 Πα-

390 381 502 469 tet:
529 410 667 478 Quia
688 381 855 463 Pater
877 381 1129 478 quidem“
1149 412 1237 459 est
1275 401 1444 465 Deus,
1481 401 1627 455 Deus
1654 408 1836 453 autem
1868 411 1975 450 non

2117 395 2181 466 ὴρ
2223 394 2325 464 μέν
2356 393 2474 445 ἐστι
2503 388 2670 453 Θεός’
2697 385 2832 449 Θεὸς
2867 385 2924 438 δὲ
2962 384 3023 436 οὐ
3050 383 3269 445 πάντως
3303 383 3423 433 ἐστὶ
3449 381 3665 448 Πατήρ.

391 514 478 559 est
508 502 730 556 omnino
753 498 937 553 Pater.
977 496 1041 549 Et
1074 495 1253 549 Filius
1282 493 1542 547 similiter
1580 498 1665 546 est
1708 488 1886 555 Deus,
1921 496 1979 541 et

396 595 636 665 Spiritus
661 600 890 646 sanctus
929 587 1212 643 similiter.
1244 586 1431 652 Quare
1464 582 1631 646 Deus,
1669 581 1859 635 nullus
1894 588 1981 634 est

399 687 593 738 borum
630 683 817 736 trium.
870 680 986 734 lino
1016 693 1196 748 neque
1226 676 1371 732 Deus
1406 674 1666 729 universa
1715 675 1821 726 tria
1867 678 1975 726 est.

399 777 466 831 Si
489 775 637 831 enim
671 774 815 828 Deus
841 782 927 829 est
955 772 1141 837 Pater,
1175 771 1371 835 Filius,
1393 778 1447 823 et
1466 767 1708 838 Spiritus
1730 774 1979 829 sanctus,

398 868 627 923 omnino
654 882 823 922 omne
861 863 1009 934 quod
1043 872 1127 919 est
1158 865 1319 927 Deus,
1348 862 1457 916 erit
1483 860 1664 923 Pater,
1690 868 1745 914 et
1787 843 1982 923 Filius,

396 971 451 1016 et
474 960 718 1029 Spiritus
749 967 995 1021 sanctus,
1021 959 1134 1012 imo
1168 956 1559 1026 unusquisque
1598 951 1796 1006 horum
1842 950 1987 1003 Deus

400 1047 680 1116 perfectus
712 1062 838 1102 cum
885 1050 994 1112 sit,
1044 1062 1156 1101 non
1211 1053 1295 1101 est
1330 1045 1591 1099 universa
1638 1041 1781 1106 tria,
1824 1039 1991 1109 idque

404 1139 769 1195 manifestum
798 1149 885 1194 est
935 1148 988 1194 et
1032 1141 1284 1209 apertum
1324 1137 1606 1201 omnibus,
1629 1133 1725 1203 qui
1752 1142 1989 1188 mentem

406 1234 635 1288 habent.
900 1234 913 1247 ‘

478 1322 767 1393 Objiciunt
795 1329 978 1377 autem
1006 1322 1170 1377 nobis
1202 1320 1529 1391 orthodoxis
1553 1318 1843 1375 Severiani
1881 1318 1994 1371 bae-

409 1415 571 1469 retici
601 1413 1103 1484 imprudentissimi
1156 1413 1490 1482 quaestiones
1535 1410 1803 1479 quasdam
1861 1408 1998 1464 sub-

409 1514 690 1561 vertentes
717 1546 733 1570 ,
790 1521 930 1574 quas
969 1521 1071 1559 nos
1106 1506 1159 1559 in
1212 1494 1453 1558 medium
1501 1503 1906 1573 producemus,
1944 1509 1999 1554 et

413 1598 706 1668 adiuvante
741 1598 851 1650 Deo
889 1597 1280 1659 dissolvcmus,
1306 1602 1358 1649 et
1391 1594 1579 1673 futiles
1621 1608 1743 1648 esse
1774 1594 1999 1646 demou-

2078 487 2194 541 Καὶ
2224 487 2254 539 ὁ
2289 483 2419 547 Υίὸς
2443 481 2579 544 Θεός
2615 482 2785 541 ἐστιν,
2817 476 3081 538 ὡσαύτως
3121 476 3217 528 καὶ
3261 475 3327 527 τὸ
3350 473 3579 543 Πνεῦμα
3606 474 3665 525 τδ

2080 579 2257 646 ἆγιον.
2286 575 2451 627 Ὥστε
2481 572 2619 636 Θεὸς
2644 572 2745 624 οὐκ
2793 569 2942 623 ἔστιν
2974 568 3128 621 οὐδὲν
3168 565 3283 620 τῶν
3329 558 3505 636 τριῶν
3541 564 3665 617 τού-

2080 687 2208 723 των.
2250 666 2394 720 Ἀλλ’
2426 664 2547 718 οὐδὲ
2592 664 2692 717 ὅλα
2732 662 2862 732 τρία
2900 663 3019 714 ἐστὶ
3052 658 3206 721 Θεός.
3258 658 3323 712 ΕΞ
3368 658 3482 727 γὰρ
3535 656 3665 719 Θεὸς

2082 762 2275 832 Πατήρ
2309 762 2487 823 ἐστιν,
2511 758 2640 820 Υἱός
2682 771 2743 807 τε
2789 754 2888 807 καὶ
2945 752 3104 820 ἅγιον
3152 749 3406 820 Πνεῦμα,
3449 749 3664 808 πάντως

2084 854 2194 907 πᾶν
2254 850 2319 905 ὂν
2375 848 2511 912 Θεός
2572 849 2692 900 ἐστι
2730 843 2959 915 Πατὴρ,
3012 842 3111 896 καὶ
3148 840 3317 907 Υἱὸς,
3368 842 3467 893 καὶ
3515 841 3667 907 ἅγιον

2085 943 2343 1012 Πνεῦμαο
2371 940 2487 995 ἀλλ’
2508 939 2739 999 ἕκαστος
2762 935 2971 989 τούτων
2993 934 3126 997 Θεὸς
3148 933 3418 1003 ὑπάρχων
3445 930 3664 993 τέλειος,

2088 1037 2192 1091 οὐκ
2221 1035 2395 1098 ἐστιν,
2430 1031 2569 1087 ἄλλα
2595 1029 2666 1083 τὰ
2691 1028 2843 1102 τρία,
2883 1025 3172 1082 καὶτοῦτο
3228 1025 3407 1094 σαφές
3456 1039 3521 1075 τε
3580 1022 3669 1074 καὶ

2091 1126 2323 1199 ἐναργὲς
2353 1126 2469 1188 τοῖς
2501 1140 2566 1192 γε
2599 1121 2724 1175 νοῦν
2756 1120 2967 1191 ἔχουσι.
3016 1158 3017 1161 η

2166 1314 2577 1387 Προϐἀλλονται
2631 1311 2690 1367 δὲ
2738 1308 2864 1364 καθ’
2912 1306 3071 1379 ἡμῶν
3113 1306 3223 1359 τῶν
3278 1301 3583 1370 ὀρθοδόξων
3629 1300 3673 1350 οἱ

2097 1408 2466 1481 Σευηριανοὶ,
2500 1407 2551 1458 οἱ
2607 1403 2733 1456 λίαν
2788 1400 3024 1471 ἄφρονες
3068 1400 3375 1467 αίρετικοι,
3430 1395 3679 1464 αἱρετικέ

2099 1519 2227 1557 τινα
2256 1498 2644 1572 προϐλήματα,
2673 1496 2832 1549 ἅτινα
2862 1490 3313 1563 προσαγαγόντες
3356 1490 3444 1551 εἰς
3496 1487 3678 1556 μέσον,

2101 1593 2578 1660 ἁνασκευάσωμεν
2627 1588 2728 1641 σὺν
2774 1584 2896 1655 Θεῷ
2923 1583 2999 1647 ὡς
3029 1580 3205 1652 σαθρὰ
3241 1578 3339 1634 καὶ
3372 1579 3681 1632 εὐδιάλυτα.

414 1691 743 1745 amabimus.
779 1688 979 1742 Dicunt
1008 1703 1142 1758 ergo
1181 1687 1340 1742 nobis
1368 1687 1447 1739 illi
1478 1703 1492 1739 :
1523 1670 1579 1739 Si
1617 1683 1783 1739 Deum
1814 1681 1998 1737 dicitis

2117 1682 2371 1755 Ἑροῦσιν
2428 1676 2523 1734 οῦν
2568 1679 2702 1749 ἡμῖν
2751 1677 2802 1730 ot
2848 1673 3290 1743 ματαιόφρονες’
3320 1670 3385 1725 Et
3414 1669 3507 1722 τὸν
3557 1668 3687 1720 Θεὸν

416 1797 523 1837 non
554 1796 679 1836 esse
723 1781 840 1835 haec
875 1780 1016 1845 tria;
1047 1780 1217 1833 dicite
1242 1817 1257 1841 ,
1289 1777 1433 1832 Deus
1457 1786 1542 1832 est
1572 1791 1663 1832 res
1684 1817 1698 1841 ,
1748 1789 1817 1828 an
1852 1761 2007 1829 non?

419 1875 478 1929 Si
510 1889 611 1928 nos
641 1873 1065 1941 respondemus,
1114 1885 1229 1924 rem
1278 1884 1405 1924 esse
1436 1868 1634 1933 Deum,
1694 1881 1893 1921 rursus
1924 1865 2009 1920 di-

418 1973 586 2019 cunt:
612 1964 750 2016 Tres
784 1963 1113 2033 bypostases
1146 1976 1253 2014 non
1286 1969 1416 2016 sunt
1444 1975 1532 2014 res
1552 1960 1715 2014 icum
1746 1974 1846 2014 nos
1878 1972 2011 2012 con-

421 2056 670 2110 cedimus
697 2070 820 2108 esse
849 2061 963 2108 tres
995 2068 1102 2118 res,
1133 2052 1403 2122 colligunt
1436 2060 1633 2106 contra
1665 2065 1800 2105 nos:
1838 2050 2010 2119 Igitur

424 2144 728 2199 secundum
754 2126 873 2205 ros,
906 2142 1050 2197 Deus
1069 2182 1085 2205 ,
1139 2149 1193 2195 et
1221 2140 1402 2205 Pater,
1441 2149 1497 2195 et
1522 2138 1720 2206 Filius,
1753 2147 1807 2194 et
1830 2138 2010 2210 Spiri-

423 2249 513 2290 tus
546 2245 809 2296 sanctus,
846 2241 1088 2303 quatuor
1137 2248 1227 2288 res
1271 2239 1672 2298 numerantur,
1728 2240 1892 2302 atque
1937 2232 2010 2288 ita

425 2326 662 2379 convicti
693 2326 830 2379 estis
872 2338 1073 2392 negare
1106 2322 1471 2397 Trinitatem;
1510 2324 2011 2393 etquaternitatcm

425 2431 528 2484 pro
564 2415 845 2470 Trinitate
889 2414 1266 2469 introducere.
1301 2413 1415 2469 Nos
1446 2428 1581 2469 vero
1613 2414 2011 2484 respondemus

427 2507 585 2562 istis:
608 2506 931 2577 lgnorantes
957 2515 1160 2562 rectam
1190 2508 1334 2562 viam
1366 2510 1874 2574 demonstrationis,
1908 2508 2013 2563 l’al-

430 2600 576 2652 laces
628 2598 763 2650 istas
813 2597 1203 2653 conclusiones
1253 2600 1500 2655 vomitis.
1549 2599 1814 2671 Ignoratis
1841 2603 2011 2666 enim,

431 2687 578 2758 quod
609 2689 795 2744 omnis
831 2703 918 2743 res
941 2729 956 2755 ,
1004 2703 1127 2758 ιιιιεε
1165 2690 1395 2744 alteram
1443 2692 1662 2760 perlicit
1686 2732 1701 2754 ,
1737 2705 1844 2745 non
1880 2706 2016 2745 con-

433 2785 756 2833 numeratur
817 2793 941 2831 cum
996 2768 1271 2851 ea.quam
1313 2780 1548 2849 perlicit,
1612 2781 1762 2835 verbi
1813 2781 2014 2852 gratia,

435 2883 634 2922 aurum
664 2868 881 2922 nummi
932 2883 1041 2922 non
1062 2879 1151 2924 est
1177 2870 1296 2939 ipse
1323 2854 1585 2926 nummus
1607 2888 1621 2924 :
1643 2885 1839 2927 aurum
1870 2872 2014 2926 enim

2109 1792 2244 1845 φατε
2278 1774 2355 1845 μὴ
2385 1768 2527 1827 εἶναι
2561 1770 2630 1823 τὰ
2672 1768 2804 1842 τρία
2839 1766 3037 1831 ταῦτα,
3071 1765 3264 1819 εἴπατε
3305 1762 3517 1823 λοιπὸν,
3557 1760 3687 1820 Θεὸς

2110 1866 2347 1940 πρᾶγμά
2400 1864 2572 1927 ἐστιν,
2621 1859 2654 1929 ἢ
2714 1859 2817 1913 οὐκ
2860 1856 3040 1923 ἐστιν;
3116 1851 3593 1923 Ἀποκρινομένων
3631 1849 3687 1901 δὲ

2109 1958 2289 2030 ἡμῶν,
2320 1955 2411 2009 τὸν
2446 1952 2582 2007 Θεὸν
2612 1948 2754 2006 εἶναι
2784 1953 3044 2023 πρᾶγμα,
3076 1941 3240 2000 πάλιν
3274 1944 3591 2016 ἐρωτῶσιν·
3626 1942 3686 1993 Αἱ

2109 2052 2259 2121 τρεῖς
2305 2043 2639 2107 ὑποστάσεις
2674 2043 2733 2097 δὲ
2767 2043 2829 2095 ού
2860 2041 2991 2113 τρία
3032 2040 3380 2111 πράγματα;
3409 2038 3687 2105 Συγκατα·

2108 2140 2411 2212 τιθεμένων
2444 2132 2540 2191 οῦν
2594 2135 2776 2207 ἡμῶν,
2811 2135 2905 2188 καὶ
2958 2132 3099 2186 αὐτὰ
3164 2127 3306 2185 εἶναι
3365 2129 3687 2201 πράγματα,

2113 2234 2411 2301 συνάγουσι
2467 2227 2590 2283 καθ’
2643 2226 2802 2297 ἡμῶν
2830 2225 3114 2294 λέγοντεςο
3173 2225 3325 2294 ’Δρα
3375 2222 3503 2275 καθ’
3552 2222 3688 2290 ὑμᾶς

2111 2326 2273 2389 Θεὸς,
2315 2323 2512 2394 Πατήρ
2537 2337 2598 2375 τε
2635 2321 2731 2373 καὶ
2768 2318 2918 2383 Υἱὸς,
2959 2316 3055 2385 καὶ
3087 2315 3241 2384 ἆγιον
3289 2311 3545 2380 Πνεῦμα,
3577 2310 3691 2362 τὲσ-

2116 2435 2257 2491 σαρα
2288 2414 2651 2487 ἀριθμοῦνται
2681 2410 3013 2482 πράγματα,
3042 2407 3137 2461 καὶ
3170 2404 3349 2468 οὓτως
3379 2403 3688 2473 ἐλέγχεσθε,

2112 2513 2214 2583 τὴν
2245 2510 2345 2582 μὲν
2374 2508 2589 2581 Τριὰδα
2639 2504 2989 2577 ἀρνούμενοι,
3018 2500 3254 2571 τετράδα
3287 2499 3346 2552 δὲ
3381 2497 3691 2566 ἀντιφέρον-

2114 2621 2227 2666 τες.
2244 2602 2441 2671 Ἡμεῖς
2468 2600 2525 2652 δὲ
2548 2598 2767 2661 τούτοις
2787 2592 3327 2663 ἀνταπτοκρινόμεθω
3355 2591 3451 2661 Μὴ
3478 2590 3695 2651 εξδότες,

2113 2689 2160 2750 ὦ
2206 2687 2379 2760 οὗτοι,
2402 2687 2500 2764 τὴν
2538 2691 2801 2763 ἀληθινὴν
2824 2690 2922 2761 τῆς
2968 2686 3298 2753 ἀποδείξεως
3324 2685 3470 2749 ὁδὸν,
3517 2685 3698 2753 ἐμείτε

2078 2790 2245 2853 ιτοῦς
2294 2786 2748 2859 παραλογισμοὺς
2796 2783 3047 2847 τούτους,
3087 2778 3438 2849 ἀγνοοῦντες,
3468 2778 3545 2842 ὡς
3594 2778 3700 2831 πᾶν

2119 2883 2356 2952 πρᾶγμα
2414 2879 2765 2932 τελειωτικδν
2810 2877 3004 2946 ἑτέρου
3058 2873 3390 2945 πράγματος
3448 2871 3513 2923 ού
3573 2889 3700 2924 συν-

434 2969 710 3031 quatenus
741 2974 939 3015 aurum
965 2970 1070 3027 est,
1107 2977 1215 3016 non
1247 2962 1414 3018 habet
1439 2963 1657 3034 signum
1697 2965 1926 3030 nummi,
1959 2973 2012 3020 et

2119 2974 2244 3046 αριθ
2254 2975 2435 3044 μεῖται
2450 2970 2531 3042 τῷ
2554 2971 2600 3003 ¹⁸
2620 2970 2824 3023 τελειοῖ
2842 2968 3156 3040 πράγματι.
3178 2960 3309 3019 υἶὸν
3331 2965 3361 3017 ὀ
3382 2962 3587 3035 χρυσὸς
3608 2962 3701 3015 τοῦ

434 3069 527 3108 res
564 3060 651 3111 est
696 3067 929 3120 aurum;
981 3064 1035 3109 et
1065 3070 1328 3111 nummus
1387 3056 1494 3110 alia
1533 3071 1730 3112 rursus
1772 3070 1861 3111 res
1905 3065 2011 3111 est.

436 3147 621 3213 Quare
657 3161 877 3211 aurum,
911 3145 1060 3216 quod
1098 3148 1314 3217 alioqui
1368 3162 1459 3204 res
1493 3157 1578 3204 est
1631 3154 1829 3218 praeter
1857 3163 2019 3203 num-

440 3254 612 3303 inum,
655 3254 766 3294 non
798 3248 1120 3293 numeratur
1144 3254 1270 3294 cum
1298 3256 1546 3302 nummo,
1578 3255 1644 3295 ex
1683 3255 1793 3311 quo
1826 3238 1885 3295 ﬁt
1910 3281 1926 3300 .
1961 3248 2021 3296 ut

440 3344 550 3383 non
590 3330 849 3383 dicantur
880 3330 996 3384 haec
1026 3333 1145 3385 dua:
1172 3347 1284 3387 res.
1319 3332 1431 3388 Nec
1472 3342 1693 3405 oportet
1738 3334 1853 3390 haec
1891 3350 2019 3389 cum

441 3419 835 3488 conjunctione
864 3419 1078 3476 eﬂ‘erre.
1108 3421 1315 3476 Durum
1336 3424 1509 3487 enim,
1555 3431 1611 3479 et
1645 3425 1814 3481 nimis
1848 3424 2021 3480 insci-

445 3523 563 3568 tum
591 3522 699 3578 est,
728 3515 911 3569 dicere
947 3529 1235 3569 nummum
1290 3522 1346 3570 et
1380 3530 1599 3569 aurum.
1630 3513 1782 3570 Idem
1816 3517 2020 3571 intelli-

443 3605 682 3676 gendum
711 3614 798 3659 est
829 3605 884 3659 in
920 3605 1083 3675 357
1115 3604 1320 3668 Paulo,
1367 3615 1423 3661 et
1454 3623 1683 3677 corpore
1720 3608 1863 3679 ejus.
1911 3608 2024 3666 Nec

444 3699 590 3753 enim
624 3696 827 3750 Paulus
861 3712 1064 3765 corpus
1106 3712 1320 3765 suum;
1379 3715 1561 3769 neque
1616 3715 1819 3770 corpus
1865 3701 2022 3755 Pauli

446 3794 533 3841 est
561 3784 789 3839 Paulus.
818 3785 1025 3840 Tamen
1059 3786 1263 3844 Paulus
1296 3803 1386 3844 res
1420 3798 1524 3854 est,
1557 3799 1612 3845 et
1641 3806 1842 3861 corpus
1872 3791 2022 3846 Pauli

447 3894 538 3933 res
571 3878 701 3933 item
736 3887 859 3946 est;
902 3879 998 3934 sed
1024 3894 1133 3936 non
1159 3893 1481 3938 numeratur
1509 3881 1716 3941 Paulus
1742 3900 1867 3941 cum
1899 3902 2025 3942 cor—

450 3984 583 4038 pore
610 3984 735 4035 suo,
767 3978 826 4024 ut
858 3972 974 4026 sint
1009 3972 1134 4027 diuae
1166 3986 1276 4029 res.
1310 3973 1492 4041 Quare
1532 3976 1676 4031 hoc?
1712 3979 1843 4048 quia
1882 3978 2016 4033 Pau-

451 4061 566 4114 lum
592 4076 753 4115 suum
773 4077 977 4132 corpus
1010 4065 1244 4131 perlicit.
1276 4065 1446 4137 Igitur
1467 4068 1597 4137 quia
1618 4067 1803 4123 Deitas
1834 4086 2028 4123 unam-

449 4168 726 4223 quamque
761 4154 1102 4226 bypostasim
1138 4158 1387 4227 perlicit,
1439 4158 1505 4215 de
1540 4177 1645 4229 qua
1678 4163 2024 4231 praedicatur,

453 4259 559 4297 non
598 4258 920 4302 muneratur
955 4264 1082 4304 cttm
1136 4250 1315 4306 tribus
1349 4251 1739 4323 hypostasibus
1765 4293 1781 4320 ,
1846 4263 1905 4308 ut
1955 4255 2028 4310 sit

2119 3065 2478 3137 νομίσματος,
2531 3064 2634 3117 οὐκ
2684 3061 2819 3116 αὐτὸ
2866 3061 2931 3115 τὸ
2968 3058 3215 3130 νόμισμὰ
3256 3060 3429 3112 ἐστιν.
3486 3057 3548 3109 Ὀ
3595 3056 3702 3125 γὰρ

2119 3157 2345 3229 χρυσὸς,
2380 3155 2506 3210 καθ’
2536 3154 2566 3208 ὃ
2596 3154 2799 3226 χρυσός
2828 3156 3000 3217 ἐστιν,
3026 3151 3128 3205 οὒκ
3159 3150 3277 3222 ἔχει
3299 3149 3393 3203 τὸν
3428 3146 3523 3201 τοῦ
3550 3148 3705 3218 νομί-

2129 3265 2338 3320 σματος
2368 3249 2730 3320 χαρακτῆρα·
2765 3246 2864 3300 καὶ
2898 3244 3007 3299 ἰδοὺ
3040 3244 3277 3316 πρᾶγμα
3307 3240 3649 3310 καθέστηκεν
3677 3241 3705 3290 ὁ

2122 3339 2350 3410 χρυσὸς,
2369 3340 2467 3392 καὶ
2505 3338 2567 3391 τὸ
2592 3337 2839 3408 νόμισμα
2859 3337 3094 3407 πρᾶγμα
3122 3334 3288 3388 πάλιν
3316 3331 3468 3386 ἐστὶν
3494 3330 3702 3402 ἕτερον.

2137 3430 2197 3484 '0
2230 3430 2434 3502 χρυσὸς
2477 3428 2659 3483 τοίνυν
2689 3429 2923 3498 πρᾶγμα
2966 3423 3232 3495 πεφυκὼς
3262 3423 3417 3495 παρὰ
3451 3422 3517 3475 τὸ
3566 3423 3711 3490 νόμι-

2124 3539 2258 3595 σμα,
2297 3523 2359 3577 οὐ
2404 3520 2826 3591 συναριθμεῖται
2855 3518 2938 3588 τῷ
2983 3517 3284 3588 νομίσματι
3321 3532 3336 3546 ·
3366 3515 3497 3569 ὅθεν
3536 3515 3601 3566 οὗ
3630 3514 3713 3565 λέ-

2125 3632 2317 3685 γονται
2362 3612 2536 3668 ταῦτα
2570 3613 2665 3668 δύο
2699 3611 3029 3684 πράγματα,
3073 3609 3191 3663 ἀλλ’
3215 3609 3341 3662 οὐδὲ
3388 3606 3497 3677 χρὴ
3542 3605 3712 3659 ταῦτα

2128 3708 2226 3761 σὺν
2255 3706 2332 3778 τῷ
2365 3703 2761 3777 συμπλεκτικῷ
2779 3702 3071 3781 συνδέσμῳ
3101 3698 3500 3771 προφέρεσθαι.
3523 3698 3713 3751 Σκαιό-

2126 3817 2226 3870 της
2280 3799 2392 3870 γὰρ
2420 3798 2517 3852 καὶ
2541 3796 2752 3868 ἀμαθία
2791 3794 2963 3866 πολλὴ
2992 3794 3056 3847 τὸ
3079 3792 3284 3861 λέγειν,
3320 3791 3593 3861 νόμισμα,
3624 3789 3712 3841 καὶ

2128 3892 2352 3964 χρυσός.
2383 3887 2563 3942 Ταυτὸ
2613 3888 2673 3942 δὲ
2701 3888 2848 3940 νοεῖν
2887 3885 3004 3938 ἔστι
3033 3886 3165 3953 περὶ
3202 3880 3444 3945 Παύλου,
3495 3880 3593 3932 καὶ
3622 3877 3711 3930 τοῦ

2135 3984 2269 4037 ίδξου
2302 3983 2558 4053 σώματος
2578 3996 2592 4012 ⁸
2619 3979 2745 4034 οὔτε
2771 3979 2881 4048 γὰρ
2912 3976 3130 4039 Παῦλός
3155 3977 3273 4027 ἐστι
3316 3972 3377 4025 τὸ
3424 3971 3589 4040 σῶμα
3613 3970 3710 4022 ab.

2131 4070 2254 4135 τοῦ,
2295 4069 2422 4124 οὔτε
2452 4070 2514 4123 τὸ
2554 4070 2716 4140 σῶμα
2748 4068 2968 4127 Παύλου
3026 4067 3175 4120 ἐστὶν
3217 4064 3453 4127 Παῦλος.
3503 4060 3711 4122 Παῦλος

2134 4163 2321 4234 μέντοι
2385 4162 2621 4231 πρᾶγμά
2654 4163 2794 4225 ἐστι,
2820 4161 2914 4215 καὶ
2943 4160 3004 4212 τὸ
3037 4159 3197 4227 σῶμα
3229 4156 3448 4211 Παύλου
3483 4152 3713 4224 πρᾶγμά

2136 4258 2325 4309 ἔστιν’
2365 4255 2480 4308 ἀλλ’
2522 4255 2584 4308 οῦ
2626 4253 3046 4326 συναριθμεῖται
3085 4250 3301 4315 Παῦλος
3325 4249 3409 4319 τῷ
3456 4249 3574 4318 ἰδίῳ
3612 4245 3713 4299 σὼ-

1752 4450 2419 4510 νΑιιΙΑΞίΕΟΤΙΟΝΕΒ.

525 4615 571 4651 ’⁸
616 4619 775 4675 Deest
808 4620 1039 4690 aliquid.

1958 4734 2189 4792 ΝΟΤᾹΞ.

454 4849 524 4905 de
559 4846 700 4902 Filio
718 4856 778 4921 ct
799 4848 1011 4921 Spiritu
1030 4858 1226 4921 sancto
1259 4848 1489 4921 asserit.
1506 4846 1642 4903 Nam
1668 4849 1816 4904 sicut
1842 4850 2027 4903 anima
2059 4832 2107 4891 θ
2138 4865 2305 4921 quam
2342 4858 2458 4905 tres
2488 4850 2745 4904 homines
2785 4847 3065 4921 numerarii
3097 4863 3261 4917 posse
3296 4848 3519 4917 negarit
3553 4867 3569 4902 :
3602 4864 3714 4917 qua

459 4929 571 4973 tota
607 4927 692 4972 est
716 4917 773 4971 in
797 4918 995 4989 digito,
1021 4919 1116 4973 sed
1170 4934 1278 4973 non
1315 4919 1536 4983 ὀλικῶς,
1581 4921 1710 4989 quia
1754 4921 1922 4974 simul
1950 4933 2036 4974 est.

458 4991 515 5045 in
548 4989 732 5057 capite
763 4988 998 5058 aliisque
1050 4991 1298 5058 corporis
1332 4988 1617 5053 membris,
1645 4990 1722 5043 ita
1753 4998 1809 5045 et
1840 4998 2034 5044 natura

457 5059 641 5114 divina
668 5064 783 5111 tota
813 5069 898 5113 est
939 5060 993 5112 in
1028 5058 1185 5114 Patre
1213 5077 1227 5122 ;
1257 5060 1353 5114 sed
1399 5075 1507 5113 non
1537 5059 1759 5123 ὑλικῶς,
1797 5063 1900 5115 Ιιοε
1928 5070 2036 5122 est.

458 5145 568 5184 non
599 5129 807 5193 solum;
836 5137 890 5184 et
913 5128 1040 5182 huic
1068 5130 1424 5183 fundamento
1460 5128 1756 5185 inaediﬁcat
1786 5129 2039 5184 Theodo-

457 5215 556 5253 rus
579 5206 755 5253 totum
792 5202 941 5253 hunc
969 5216 1129 5254 suum
1161 5199 1619 5255 discursum.Cui
1639 5199 1798 5254 venia
1823 5198 2034 5266 danda;

459 5270 603 5340 quia»
633 5268 757 5340 boui
790 5286 988 5326 sensus
1020 5286 1192 5338 capax
1234 5278 1340 5334 est,
1384 5272 1429 5324 si
1472 5272 1527 5324 in
1558 5270 1755 5340 bonam
1789 5282 2026 5325 mentem

460 5336 688 5395 incidat.
708 5336 842 5393 Nam
867 5340 1062 5394 lividas
1091 5336 1203 5394 non
1230 5341 1537 5394 morabitur
1558 5338 1905 5404 Theodorus,
1940 5341 2027 5394 cui

460 5423 790 5481 persuasum
845 5408 966 5470 fuit,
1020 5413 1205 5466 nescio
1234 5427 1298 5463 ex
1340 5426 1447 5480 qua
1482 5410 1771 5480 phantasia
1823 5410 2028 5478 potius,

464 5479 1032 5549 quamphilosopbia,
1069 5479 1497 5549 uatur:nn,’qua:'
1524 5481 1592 5533 ab
1630 5494 1741 5533 uno
1768 5483 1887 5534 solo
1922 5495 2032 5533 non

466 5548 916 5667 particiliaretur,
958 5564 1062 5604 non
1098 5564 1259 5619 posse
1287 5548 1418 5604 dare
1449 5550 1879 5604 nominationem
1902 5550 2034 5603 sub-

466 5618 627 5667 iecto.
692 5616 803 5667 liuc
835 5633 999 5667 sunra
1029 5619 1273 5667 Petrum.
1303 5620 1553 5667 Paulum.
1581 5617 1868 5667 Joannem.
1900 5630 2018 5667 tan-

462 5618 627 5685 jecto.
667 5616 803 5669 lliuc
835 5633 1000 5686 supra
1028 5616 1274 5684 Petrum,
1303 5620 1553 5683 Paulum,
1581 5617 1868 5681 Joannem,
1900 5630 2018 5673 tan-

2136 4920 2305 4977 sensu
2342 4921 2583 4990 quodam
2616 4935 2744 4974 vera
2773 4926 2941 4990 sunt;
2966 4920 3094 4990 quia
3138 4929 3249 4973 tres
3276 4935 3387 4972 non
3415 4928 3572 4980 sunt,
3601 4936 3712 4987 spe~

2136 4987 2652 5046 ctando‘naturam
2715 4987 2997 5060 specilice.
3041 4987 3178 5060 Tres
3236 4998 3368 5043 sunt
3408 4990 3711 5056 spectando

2135 5059 2385 5116 eamdem
2414 5071 2670 5115 naturam
2702 5059 3008 5115 secundum
3039 5059 3377 5113 individuam
3424 5060 3707 5117 rationem,

2136 5139 2305 5200 prout
2327 5131 2566 5200 spectari
2595 5131 2776 5185 debet.
2820 5129 2913 5184 Sic
2942 5130 3163 5200 quando
3186 5128 3521 5184 Theodorus
3560 5130 3706 5194 dicit,

2137 5199 2320 5270 neque
2349 5199 2462 5257 (res
2502 5215 2771 5271 personas
2808 5215 2933 5255 esse
2965 5199 3157 5271 Deum,
3191 5199 3389 5261 ὁὶικῶς
3433 5200 3705 5271 nimirum.

2136 5269 2383 5326 totaliter
2413 5280 2468 5326 et
2507 5269 2820 5341 adaequate,
2857 5287 2977 5341 non_
3003 5269 3247 5337 loquitur
3275 5269 3591 5341 collective,
3621 5270 3707 5323 sed

2139 5342 2496 5412 distribulive
2525 5359 2538 5395 :
2575 5336 2701 5412 quia
2732 5349 2792 5394 ut
2823 5356 2929 5412 nec
2951 5336 3135 5412 Pater,
3163 5342 3239 5412 ita
3272 5354 3375 5412 nec
3399 5336 3439 5391 Ε
3446 5339 3606 5412 ilius,
3623 5348 3707 5390 au

2143 5411 2389 5480 Spiritus
2441 5409 2669 5467 sanctus
2708 5420 2793 5465 est
2861 5410 3006 5465 Deus
3037 5410 3259 5473 ὑλικῶς,
3299 5409 3357 5463 id
3392 5418 3477 5463 est
3511 5410 3705 5480 salus.

2141 5478 2390 5537 eiclusis
2418 5483 2562 5537 aliis.
2597 5483 2662 5537 Et
2694 5481 2799 5535 hoc
2827 5481 3127 5550 emplastro
3150 5479 3392 5534 arbitror
3415 5478 3557 5550 satis
3577 5478 3708 5532 hunc

2132 5554 2421 5634 duriorem
2470 5553 2734 5607 Abncara‘.
2794 5549 3055 5622 loquendi
3120 5551 3348 5606 modum
3408 5549 3705 5618 mitigatum
