3928 6130
478 167 613 237 1483

1686 154 2083 236 THEODORI
2120 173 2494 239 ABUCARIE

3541 178 3639 251 πίει

468 282 867 345 humanitatem
895 281 1103 342 Christi
1128 297 1240 341 non
1281 295 1407 340 esse
1451 288 1696 340 nostram
1734 284 2047 366 humanitao

2150 289 2261 344 Καὶ
2296 289 2460 345 πάλιν
2507 288 2555 343 ει
2583 285 2685 358 τὴν
2707 284 2802 342 τοῦ
2849 285 3087 361 Χριστοῦ
3132 305 3292 362 φασιν
3320 292 3639 373 nepam,“

470 391 603 442 tem,
633 385 859 448 cogetur
885 376 1070 432 dicere
1099 390 1209 430 non
1237 378 1363 431 esse
1414 373 1762 431 divinitatem
1816 364 2045 443 Christi,

469 471 817 527 divinitatem
881 467 1080 535 Patris,
1116 479 1170 524 et
1194 465 1437 537 Spiritus
1495 467 1694 534 sancti,
1755 475 1922 538 atque
1973 468 2048 524 ita

470 570 590 618 tres
640 560 985 624 divinitates,
1023 559 1139 614 sive
1187 556 1425 629 deitates
1488 557 1866 624 introducere,
1899 557 2049 629 quod

471 652 863 709 estexcidere
918 651 1143 723 penitus
1174 664 1203 702 a
1229 628 1683 704 Cbristianismo.
1740 648 1838 704 Sin
1864 628 2046 705 autem

471 744 604 799 illud
640 744 872 798 alterum
929 742 1097 798 dicat.
1137 739 1374 797 suﬁiciat
1424 740 1476 796 ei
1521 741 1615 809 qui
1676 741 1731 796 id
1764 739 1901 795 dicit
1934 747 2050 795 tur-

472 833 701 905 pissima
730 832 1068 897 consecutio,
1097 840 1262 902 Quam
1289 831 1530 886 diximus
1559 831 1740 903 prius.
1767 830 2051 898 Quamob-

468 939 587 980 rem
631 923 776 980 scire
805 930 1020 993 oportet
1075 934 1301 978 sanctos
1356 921 1554 979 Patres
1619 925 1758 979 alias
1824 925 2047 994 quidem

469 1028 738 1072 :eternum
773 1014 972 1071 Filium
993 1030 1059 1071 ex
1100 1014 1286 1081 Patre,
1307 1015 1446 1071 alias
1477 1029 1611 1069 vero
1639 1032 1705 1071 ex
1736 1016 2048 1072 substantia

470 1108 650 1164 Patris
678 1109 927 1179 genitum
966 1122 1093 1163 esse
1136 1105 1343 1162 dicere.
1387 1105 1497 1162 Nos
1531 1107 1697 1178 igitur
1730 1107 2048 1173 orthodoxi,

469 1217 595 1257 cum
652 1216 762 1256 non
792 1199 1034 1255 dicimus
1084 1200 1450 1255 substantiam
1478 1197 1657 1254 Patris
1683 1214 1808 1255 esse
1867 1201 2048 1271 ipsum

469 1294 710 1360 Patrem,
743 1294 839 1349 sed
865 1292 1026 1346 aliam
1062 1307 1173 1347 rem
1213 1304 1416 1364 praeter
1449 1291 1666 1357 Patrem
1689 1293 1827 1363 (35),
1868 1293 2050 1349 couti-

469 1403 583 1441 nuo
605 1387 658 1441 in
688 1400 788 1441 nos
816 1372 1134 1456 prosiliunt,
1164 1385 1443 1454 jactantes
1469 1398 1573 1439 nos
1600 1398 1725 1440 esse
1744 1383 2051 1455 deprehen-

469 1493 564 1534 sos
592 1478 647 1533 in
680 1492 746 1533 eo
794 1485 855 1531 ut
883 1476 1139 1532 dicamus
1196 1491 1261 1531 ex
1306 1476 1528 1532 duabus
1589 1477 1758 1533 rebus
1806 1476 2048 1549 genitum

465 1584 592 1626 esse
642 1567 869 1635 Filium;
923 1566 1125 1623 deinde
1176 1565 1398 1622 Patrem
1445 1567 1731 1623 numerari
1786 1582 1915 1622 cum
1946 1581 2045 1622 sua

2154 380 2229 452 μὴ
2267 377 2409 434 εἶναι
2441 379 2542 451 τὴν
2583 378 2861 451 ἡμετέραν
2908 377 3318 453 όινθρωπότητα,
3355 382 3639 458 βιασθήσιται

2150 468 2336 541 φάναι,
2386 472 2461 544 μὴ
2494 467 2635 526 εἶναι
2668 476 2769 543 τὴν
2804 472 3044 543 Χριστοῦ
3083 471 3304 545 θεότητα
3350 476 3432 530 τοῦ
3458 478 3638 552 Πατρδς,

2149 561 2366 616 καὶτοῦ
2406 562 2563 632 ἁγίου
2599 563 2922 632 Πνεῦματος
2944 580 2957 593 ·
2994 563 3092 616 καὶ
3135 565 3198 617 ὲκ
3216 564 3396 618 τούτου
3426 572 3639 639 τρεξὲπο

2148 651 2391 720 εισάγειν
2421 651 2699 724 θεότητας,
2716 652 2745 705 ὃ
2773 654 2837 725 δὴ
2873 654 2970 707 τοῦ
2996 654 3407 726 Χριστιανισμοῦ
3432 662 3640 726 παντελῶς

2149 742 2266 794 ἐστι
2290 740 2586 807 ἔκπτωσις.
2620 745 2683 798 Ei
2713 744 2770 798 δὲ
2799 745 2932 798 αὐτὸ
2959 744 3149 816 ἕτερον
3174 745 3323 817 φαίη,
3357 748 3561 817 ἀρκεῖται
3583 748 3639 822 τῷ

2149 835 2571 905 ἀποφαινομένῳ
2598 833 2659 888 τὺ
2690 836 3077 906 παναισχιστον
3093 836 3637 912 παρακολούθημα,ὄτ’.ιρ

2149 924 2460 994 φθάσαντες
2483 929 2807 997 εἰρήκαμεν.
2858 927 3057 982 Ἴστέον
3111 927 3186 992 ὡς
3222 930 3271 981 oi
3298 927 3428 999 ἅγιοι
3463 932 3639 1003 [latim

2149 1014 2231 1084 πῆ
2265 1014 2362 1085 μὲν
2386 1015 2478 1069 τὸν
2505 1016 2676 1069 ἀΐδιον
2701 1015 2831 1070 Υίδν
2858 1018 2923 1070 ὲκ
2950 1016 3043 1070 τοῦ
3078 1017 3309 1090 Πατρός,
3348 1020 3417 1091 πῆ
3439 1020 3487 1074 δὲ
3511 1024 3559 1074 ὲκ
3572 1024 3638 1093 τῆς

2147 1106 2242 1160 τοῦ
2293 1107 2510 1179 Πατρός
2564 1108 2758 1172 οὐσίας
2794 1108 3125 1180 γεγενῆσθαί
3183 1128 3359 1180 φασιν.
3398 1112 3551 1184 Ἥμῶν
3574 1110 3637 1168 οὖν

2148 1196 2256 1250 τῶν
2319 1196 2642 1267 ὀρθοδόξων,
2711 1199 2787 1270 μὴ
2846 1197 2947 1271 τὴν
3001 1197 3099 1252 τοῦ
3148 1201 3351 1272 Πατρδς
3398 1203 3552 1257 οὐσίαν
3571 1204 3636 1258 alio

2147 1287 2238 1343 τόν
2300 1285 2441 1342 εἶναι
2494 1289 2586 1344 τὸν
2646 1290 2865 1363 Πατέρα
2922 1290 3212 1359 λεγόντων,
3254 1293 3397 1359 ἀλλὰ,
3424 1297 3549 1366 παρὰ
3577 1295 3638 1349 τὸν

2149 1379 2411 1451 Πατέρα,
2479 1379 2823 1451 παραχρῆμα
2885 1381 3010 1435 καθ’
3070 1382 3230 1453 ἡμῶν
3290 1383 3507 1439 ἆλλονται
3555 1385 3640 1440 δια.

2149 1466 2534 1540 θρυλλοῦντες,
2596 1469 2747 1540 ἡμᾶς
2802 1471 3166 1542 πεφωρᾶσθαι
3226 1472 3312 1525 τὸν
3354 1473 3467 1527 Υίδν
3503 1473 3637 1542 λέγον·

2150 1575 2292 1623 τας,
2351 1560 2416 1612 ὲκ
2461 1558 2557 1613 δύο
2620 1561 2951 1637 γεννηθῆναι
3021 1564 3383 1636 πραγμάτων·
3440 1559 3537 1620 εἶτα
3575 1566 3638 1620 τὸν

468 1661 778 1719 substantia
806 1702 823 1728 ,
852 1661 999 1717 sicut
1038 1661 1094 1715 in
1124 1661 1510 1732 superioribus
1554 1661 1666 1730 jam
1694 1664 2045 1716 demonstra-

2149 1648 2370 1720 Πατέρα
2420 1650 2872 1722 συναριθμεῖσθαι
2933 1655 3001 1725 τῇ
3068 1655 3263 1709 ἑαυτοῦ
3319 1655 3459 1728 οὐσίᾳ
3507 1654 3638 1719 καθὰ

467 1762 584 1809 tum
646 1763 747 1809 est.
810 1751 937 1807 Haec
988 1751 1148 1807 nobis
1212 1750 1679 1820 respondentibus
1742 1756 2046 1805 occurrunt

466 1844 648 1899 insani
702 1843 780 1897 illi
809 1841 1055 1897 dicentes
1086 1857 1102 1895 :
1137 1841 1367 1896 Etiamsi
1401 1841 1595 1897 demus
1633 1856 1747 1896 rem
1773 1843 1845 1896 ita
1870 1856 1930 1897 se
1950 1841 2048 1895 ha-

469 1937 618 2000 bere,
638 1943 699 1990 ut
725 1936 882 2005 prius
917 1932 1261 1998 asseruistis,
1295 1932 1514 1988 interim
1566 1947 1796 1989 necesse
1835 1933 2050 1991 habetis

468 2027 744 2082 afﬁrmare
766 2023 965 2080 Filium
990 2039 1098 2079 non
1129 2024 1285 2080 nasci
1313 2038 1380 2079 ex
1402 2024 1591 2079 eadem
1614 2038 1696 2079 re.
1728 2024 1945 2090 Quibus
1962 2039 2052 2081 re-

469 2118 837 2190 spondemus,
857 2116 1067 2187 pudore
1099 2117 1301 2172 stultos
1332 2115 1662 2172 allicientes:
1692 2115 1901 2172 Erratis
1922 2131 2049 2188 pro-

468 2210 635 2278 tecto,
668 2210 878 2272 miseri,
921 2224 1031 2264 non
1073 2209 1442 2279 intelligentes
1480 2223 1603 2280 qua:
1637 2209 1949 2280 signiﬁcent
1981 2224 2048 2265 ea

467 2319 590 2374 quas
625 2304 908 2358 dicuntur.
930 2299 1052 2357 Non
1082 2302 1229 2356 enim
1261 2300 1410 2356 sicut
1465 2300 1767 2370 conjicitis,
1795 2301 2049 2372 cogimur

467 2393 674 2448 dicere.
726 2390 845 2447 Etsi
873 2391 1019 2446 enim
1053 2391 1205 2445 aliud
1258 2390 1392 2461 quid
1430 2399 1515 2446 est
1570 2390 1772 2456 Pater,
1805 2403 1856 2446 et
1893 2392 2045 2447 aliud

466 2484 597 2554 quid
628 2483 948 2539 substantia
978 2481 1162 2538 Patris
1192 2482 1329 2553 (36),
1374 2494 1480 2537 nos
1525 2490 1707 2536 tamen
1744 2477 1949 2536 Filium
1980 2497 2048 2538 ex

466 2575 775 2632 substantia
815 2572 1021 2643 Patris,
1061 2574 1147 2630 vel
1179 2589 1246 2630 ex
1280 2572 1442 2629 Patre
1493 2572 1735 2645 genitum
1766 2587 1889 2629 esse
1918 2589 2044 2629 cum

465 2667 725 2735 dicimus,
758 2681 826 2722 ex
861 2667 1051 2722 eadem
1098 2680 1159 2721 re
1191 2666 1435 2735 genitum
1462 2679 1587 2720 esse
1645 2665 2046 2736 signiﬁcamus,

468 2774 576 2814 non
603 2773 670 2814 ex
694 2760 829 2831 alia,
856 2768 910 2814 et
937 2758 1065 2823 aiia,
1090 2757 1257 2812 absit.
1284 2755 1601 2812 Sicutenim
1622 2765 1683 2810 tu
1713 2771 1837 2815 cum
1862 2757 2001 2812 dicis
2031 2775 2047 2813 :

466 2849 770 2905 Ponderavi
789 2864 986 2904 aurum
1009 2848 1248 2913 nummi,
1277 2850 1458 2919 ipsum
1486 2863 1681 2903 aurum
1709 2847 2049 2919 ponderasse

465 2940 764 3013 signiﬁcas;
787 2949 841 2995 et
857 2954 1074 3006 rursus,
1091 2954 1217 2994 cum
1235 2939 1396 3004 dicis,
1411 2938 1712 2993 Ponderavi
1729 2953 2013 2995 nummum
2031 2954 2046 2992 :

2151 1743 2211 1796 ἐν
2243 1743 2359 1806 τοῖς
2418 1743 2843 1814 προειρημένοις
2889 1744 2991 1816 ήδη
3035 1747 3504 1818 προαποδὲδεικται.
3535 1747 3638 1818 Πρὸς

2151 1832 2354 1897 αὐτοὺς
2415 1833 2578 1906 ἡμῶν
2623 1835 3094 1906 ἀποκρινομένων,
3153 1837 3357 1910 ἐροῦσιν
3410 1839 3454 1891 oi
3498 1855 3639 1910 φρενο-

2151 1922 2377 1986 ϐλαϐεῖς
2403 1938 2417 1952 ·
2451 1923 2576 1977 Κᾶν
2595 1923 2757 1978 τοῦτο
2786 1925 2967 1996 δῶμεν
2988 1923 3159 1993 εἶναι,
3221 1927 3335 1983 καθ’
3355 1928 3388 1983 a
3408 1930 3637 2001 προέφητι,

2146 2014 2284 2078 τέως
2316 2014 2447 2084 γοῦν
2487 2016 2866 2085 ἀναγκάζεσθαι
2890 2018 2985 2072 τὸν
3017 2019 3151 2076 Υίὸν
3180 2021 3344 2075 είπεῐν
3366 2024 3452 2075 οὐκ
3489 2024 3540 2075 ὲκ
3571 2020 3637 2076 τοῦ

2148 2104 2314 2159 αὑτοῦ
2342 2105 2508 2175 φῦναι
2553 2110 2901 2179 πράγματος.
2938 2110 3085 2182 Πρὸς
3141 2111 3232 2176 οὓς
3285 2112 3639 2185 ἀποκρινούμεθα

2147 2200 2276 2262 τοὺς
2317 2199 2580 2271 ἀνοήτους
2636 2202 3011 2274 ἐντρέποντες,
3074 2203 3284 2269 Ὄντως
3329 2205 3557 2259 πλανᾶσθε
3588 2207 3639 2275 μὴ

2148 2292 2368 2361 ειδότες,
2417 2287 2463 2348 ὧ
2494 2293 2744 2362 τάλανες,
2795 2295 2862 2348 τὰ
2905 2296 3015 2349 τῶν
3068 2295 3370 2367 λεγομένων
3394 2298 3639 2368 αἰνίγματα.

2148 2382 2223 2437 Οὐ
2258 2382 2389 2453 γὰρ,
2412 2384 2550 2456 ὅπερ
2572 2383 2968 2452 ὑποτοπάζετε,
2994 2384 3182 2456 λέγειν
3199 2386 3484 2459 βιαζόμεθα.
3501 2389 3550 2442 Ei
3566 2389 3642 2461 γᾶρ

2149 2476 2242 2529 καὶ
2260 2478 2290 2530 ὁ
2315 2476 2507 2549 Πατὴρ
2545 2474 2675 2533 ἄλλο
2703 2478 2756 2531 τι
2786 2479 2925 2546 ἔστι,
2980 2480 3080 2535 καὶ
3113 2483 3147 2553 ἠ
3178 2481 3269 2536 τοῦ
3318 2482 3498 2553 nam;
3529 2480 3642 2535 οὐσία

2148 2567 2275 2622 dm
2299 2584 2313 2599 '
2343 2568 2458 2624 ἀλλ’
2503 2565 2600 2625 οὖν
2650 2573 2812 2642 ἡμεῖς
2842 2572 2934 2626 τὸν
2976 2571 3111 2627 Υίδν
3158 2576 3224 2628 ὲκ
3252 2568 3358 2645 τῆξ
3381 2574 3462 2629 τοῦ
3484 2573 3639 2644 Πατρός

2147 2659 2355 2725 οὐσίας,
2391 2661 2513 2733 ἢὲκ
2540 2661 2637 2716 τοῦ
2689 2663 2901 2735 Πατρός
2929 2666 3293 2737 γεγεννῆσθαι
3336 2666 3558 2734 λέγοντες,
3596 2667 3642 2717 ὲκ

2147 2748 2244 2804 τοῦ
2273 2750 2440 2805 αὐτοῦ
2482 2752 2646 2820 φῦναι
2688 2755 3018 2826 πράγματος
3046 2757 3396 2829 σημαίνομεν,
3415 2758 3498 2811 οὐκ
3520 2754 3565 2823 ἐξ
3580 2755 3643 2811 ἄλο

2149 2842 2266 2908 λου,
2295 2844 2391 2899 καὶ
2414 2844 2600 2911 ἄλλου,
2659 2848 2734 2918 μὴ
2768 2848 3002 2917 γένοιτο.
3038 2849 3255 2922 Ὠσπερ
3291 2851 3388 2922 γὰρ
3418 2850 3471 2902 σὺ
3496 2849 3640 2916 λέγων.

2151 2937 2401 3009 Ἐστησα
2425 2938 2469 2971 ¹⁸
2492 2939 2581 2994 τὸν
2602 2938 2696 2993 τοῦ
2717 2941 3054 3012 νομίσματος
3071 2944 3296 3017 χρυσὸν,
3312 2944 3451 2998 αὑτὸν
3468 2941 3636 2997 ὑπαινιτ-

464 3050 659 3090 aurum
677 3033 1016 3104 ponderasse
1035 3032 1201 3097 dicis;
1218 3031 1508 3086 character
1523 3031 1672 3086 enim
1691 3031 1808 3087 sive
1824 3031 2042 3102 signum

2148 3045 2216 3101 τῃ
2244 3030 2336 3083 τὸν
2385 3030 2585 3103 χρυσὸν
2633 3034 2856 3089 ἑστᾶναι
2893 3035 3162 3108 σταθμῷ·
3199 3038 3292 3093 καὶ
3329 3036 3469 3092 πάλιν
3498 3034 3640 3103 λόγων,
3739 3048 3743 3056 ·

463 3126 678 3179 nummi
698 3138 805 3177 non
829 3121 995 3193 359
1030 3119 1391 3192 ponderatur,
1425 3128 1485 3176 ut
1534 3120 1793 3176 omnibus
1852 3129 2041 3191 patet:

2162 3120 2500 3191 Ἐστάὓμισα
2526 3123 2587 3176 τὸ
2618 3122 2884 3195 νόμισμα,
2947 3125 3041 3181 τὸν
3089 3129 3289 3201 χρυσὸν
3334 3123 3643 3199 σταθμίζισθιι

464 3215 547 3270 sic
575 3221 631 3268 et
660 3229 783 3278 nos,
813 3214 917 3268 etsi
941 3214 1193 3267 dicamus
1235 3226 1300 3266 ex
1326 3209 1509 3278 Patre,
1536 3212 1621 3266 vel
1642 3226 1708 3267 ex
1735 3210 2047 3268 substantia

2152 3214 2286 3286 φής’
2316 3214 2346 3267 δ
2372 3216 2480 3286 γὰρ
2512 3214 2608 3269 τοῦ
2639 3217 2977 3288 νομίσματος
3025 3222 3309 3294 χαρακτὴρ
3344 3222 3400 3275 οὐ
3425 3216 3644 3289 σταθμὲζε-

462 3303 646 3371 Patris
680 3303 929 3375 genitum
961 3318 1085 3359 esse
1122 3300 1343 3370 Filium,
1409 3317 1522 3358 non
1571 3303 1820 3373 cogimur
1864 3302 2047 3361 dicere

2150 3323 2263 3372 ται,
2289 3306 2365 3371 ὠς
2399 3308 2567 3361 πᾶσιν
2601 3307 2853 3381 εὖδηλον,ο
2883 3309 3048 3378 οὕτω,
3094 3314 3192 3368 xui.
3215 3316 3385 3385 ἡμεῖς.
3409 3313 3497 3368 κᾶν
3520 3311 3645 3365 εἴποι-

467 3397 713 3465 genitnm
738 3410 862 3451 esse
892 3411 957 3451 ex
978 3395 1195 3451 duabus
1220 3396 1406 3459 rebus,
1425 3394 1520 3451 sed
1551 3409 1615 3451 ex
1646 3409 1755 3449 una
1776 3407 1830 3451 et
1857 3396 2047 3452 eadem

2156 3414 2276 3469 μεν»
2303 3400 2367 3452 ὲκ
2380 3398 2476 3452 τοῦ
2499 3400 2711 3473 [ἰατρὸς
2740 3402 2926 3467 οὐσίας
2955 3406 3314 3477 γεγεννῆσθαι
3336 3406 3412 3459 τὸν
3443 3404 3645 3467 riemes:

465 3505 544 3545 re.
574 3487 643 3545 Ut
671 3503 891 3560 semper
910 3487 1220 3544 orthodoxa
1234 3486 1490 3541 doctrina
1518 3486 1721 3540 victrix
1745 3496 2040 3555 appareat,

2153 3490 2583 3563 ἀναγκαζόμεθα
2638 3494 2823 3564 λέγειν
2853 3497 3016 3552 αὐτὸν
3044 3500 3114 3553 ὲκ
3144 3500 3239 3554 δύο
3269 3500 3417 3571 φῦναι
3443 3494 3647 3570 πραγμά-

462 3594 516 3638 et
539 3581 761 3653 praemia
801 3580 1049 3635 victorias
1099 3586 1293 3633 contra
1327 3577 1614 3632 haereticos
1662 3585 2039 3647 reportentur.

2148 3600 2280 3650 των,
2309 3584 2427 3639 ἀλλ’
2456 3585 2516 3653 ἑξ
2565 3588 2686 3651 ὲνδς
2734 3589 2830 3643 καὶ
2857 3589 2951 3643 τοῦ
3002 3592 3176 3646 αὐτοῦ
3206 3594 3522 3664 πράγματος·
3544 3587 3646 3641 ὥστε

461 3678 559 3747 τὴν
580 3675 893 3748 όρθοδοξίαν
917 3674 1005 3726 ἀεὶ
1026 3671 1392 3744 τροπαιοῦχον
1414 3670 1725 3740 φαίνεσθαι·
1746 3673 1840 3725 καὶ
1866 3671 1937 3726 τὰ
1955 3674 2058 3744 τῆς
2081 3677 2238 3749 νίκης
2261 3678 2492 3749 βραδεῖα
2514 3682 2813 3752 καθ’ήμῶν
2835 3683 2946 3737 τῶν
2970 3686 3348 3757 αἱρετιζόντων
3376 3679 3645 3754 κομίζεσθαι.

532 3765 751 3822 Rursus
773 3763 1026 3819 exoritur
1050 3761 1212 3816 nobis
1244 3761 1352 3816 alia
1381 3761 1618 3816 istorum
1660 3762 2041 3831 percontatio:

2214 3769 2384 3823 Πάλιν
2417 3771 2718 3841 ἐπιφύεται
2771 3777 2905 3846 παρ’
2939 3777 3127 3832 αὐτῶν
3177 3781 3307 3849 ἡμῖν
3341 3776 3558 3849 ἐρώτημα
3584 3772 3646 3824 )ﬁ'

461 3856 725 3915 Eternus
760 3853 953 3920 Filius,
1001 3867 1286 3925 assumpta
1325 3869 1519 3922 carne,
1553 3856 1863 3925 assumpsit
1891 3871 2047 3912 com-

2148 3859 2385 3927 γόντων·
2431 3859 2489 3913 Ὅ
2539 3862 2711 3927 ἀΐδιος
2738 3863 2869 3929 Υἱός
2932 3868 3243 3939 σαρκωθεὶς
3278 3868 3440 3921 κοινὸν
3472 3864 3645 3935 πρᾶγμα

464 3964 686 4005 munem
727 3962 869 4017 rem,
903 3962 974 4027 an
1024 3946 1454 4019 particularem‘i
1483 3957 1540 4001 ut
1568 3947 1615 4002 si
1648 3947 1898 4004 dicamus
1929 3964 2044 4004 rem

2148 3949 2513 4022 προσείληφεν
2541 3955 2605 4022 ¹⁵;
2642 3958 2691 4009 si
2722 3956 2972 4027 εἴποιμεν
3029 3961 3197 4013 αὑτὸν
3245 3961 3457 4032 πρᾶγμα
3484 3969 3645 4025 προπι-

459 4043 851 4113 particularem
887 4040 1284 4106 assumpsisse,
1321 4038 1535 4095 crimen
1561 4039 1723 4095 nobis
1752 4040 1827 4095 sit
1861 4038 2047 4096 dicere

2148 4041 2372 4114 ληφὲναι
2405 4046 2654 4117 μερικὸν,
2687 4050 3051 4124 ὲναχθείημεν
3085 4054 3145 4107 ἐν
3175 4050 3384 4125 Χριστῷ
3413 4048 3494 4104 δύο
3512 4046 3644 4113 λέγειν

461 4131 516 4187 in
537 4131 759 4187 Christo
783 4130 922 4186 duas
944 4132 1297 4202 hypostases,
1325 4127 1607 4200 quomodo
1635 4128 1875 4185 dicimus
1905 4128 2045 4185 duas

2148 4134 2495 4202 ὑποστάσεις,
2528 4139 2587 4192 ὃν
2609 4142 2810 4213 τρόπον
2848 4144 3086 4215 λέγομεν
3118 4144 3214 4199 δύο
3239 4144 3445 4215 φύσεις*
3472 4136 3642 4195 uimi-

460 4231 712 4288 naturas,
744 4233 912 4295 atque
946 4222 1022 4277 ita
1057 4222 1367 4277 incidamus
1395 4220 1452 4275 in
1485 4220 1885 4275 exsecrabilem
1925 4223 2041 4291 opi-

2152 4226 2245 4282 θεν
2272 4229 2347 4300 τῷ
2376 4230 2766 4306 βδελυρωτάτῳ
2809 4236 2917 4290 τῶν
2943 4236 3326 4309 Νεστοριανῶν
3356 4228 3642 4303 ωνεμτππῖν

461 4319 680 4373 nionem
704 4315 1191 4377 Nestorianorum;
1219 4312 1365 4383 apud
1394 4313 1520 4369 illos
1543 4312 1691 4369 enim
1727 4315 2043 4386 hypostasis

2152 4322 2462 4393 φρονήματι
2499 4324 2653 4399 (παρτ
2675 4327 2908 4390 ἐκείνοις
2939 4330 3051 4401 γὰρ
3069 4328 3362 4391 ὑπόστασις
3382 4330 3484 4379 ἐστι
3506 4323 3555 4376 τὸ
3577 4335 3644 4389 με·

410 4424 413 4427 ‘
458 4415 546 4467 est
599 4422 690 4466 res
720 4406 1114 4479 particularis;
1176 4413 1274 4460 aut
1330 4404 1486 4460 nullo
1532 4404 1698 4462 modo
1724 4406 1780 4462 in
1810 4405 2039 4463 Christo

2151 4411 2303 4483 ρικδν
2337 4416 2627 4487 πρᾶγμα)’
2658 4416 2691 4487 ἢ
2732 4417 2999 4491 μηδαμῶς
3033 4422 3092 4474 ὲν
3123 4417 3343 4491 Χριστῷ
3374 4416 3456 4470 δύο
3501 4411 3647 4483 φύσεις

459 4501 598 4557 duas
633 4508 862 4556 naturas
905 4494 1296 4562 conﬁteantur,
1327 4496 1474 4554 sicut
1503 4511 1683 4569 neque
1701 4496 1842 4556 duas
1874 4500 2039 4571 hypo-

2149 4498 2458 4575 ὁμολογεῖν,
2516 4507 2593 4574 ὡς
2646 4509 2768 4565 οὐδὲ
2811 4510 2906 4566 δύο
2950 4512 3308 4577 ὑποστάσεις·
3360 4509 3457 4565 κάκ
3501 4502 3646 4560 τούτου

1791 4608 2025 4673 VARUE
2050 4614 2457 4685 LECTIONES.

534 4734 579 4767 “
612 4720 764 4789 Fort.
808 4726 1143 4804 ἑστάθμισα.
1224 4733 1269 4767 ³⁶
1306 4730 1341 4801 ἢ
1374 4732 1647 4805 μιριπόν;
2022 4813 2065 4873 Ν
2117 4815 2229 4876 TE

2069 4819 2113 4876 Ο

2069 4819 2253 4877 ΟΤΑΕ.

534 4932 647 5002 (55)
688 4930 871 4990 Schol.
909 4930 1189 4989 Turriani.
1212 4962 1278 4974 —
1301 4931 1361 4988 Id
1391 4937 1501 4996 est,
1526 4929 1749 4988 (ἥσθη-ε
1778 4929 2039 4987 substan-

462 5001 594 5061 tiam
618 5001 899 5074 Patrisrab
925 5013 1047 5058 actu
1080 5003 1370 5068 notionali,
1397 5001 1601 5074 quiest
1630 5016 1913 5074 gener_are,
1942 5002 2040 5073 qui

459 5084 693 5131 vocatur
723 5092 752 5129 a
806 5073 1064 5142 Dionysio
1096 5089 1186 5130 res
1232 5070 1434 5139 Patris,
1480 5070 1745 5128 sicut'res
1782 5070 1902 5126 Filii
1954 5070 2038 5127 est

459 5146 737 5217 generari.
763 5144 872 5200 Nec
905 5145 1052 5198 aliud
1090 5147 1201 5199 vult
1228 5161 1391 5215 quam
1421 5146 1720 5217 essentiam
1747 5142 1948 5217 Patris,
1986 5150 2040 5199 et

463 5213 873 5285 patet-nitatem,
898 5231 995 5285 per
1046 5231 1212 5288 quam
1248 5213 1411 5272 Pater
1440 5225 1527 5272 est
1579 5214 1761 5280 Pater,
1821 5213 2040 5269 ratione

458 5288 749 5356 distingui.

531 5352 653 5427 (δδγ
685 5355 802 5411 Non
861 5355 1301 5427 conceditialiud
1347 5369 1473 5412 esse
1518 5352 1761 5427 Patrem,
1791 5359 1844 5406 et
1887 5353 2037 5408 aliud

459 5426 823 5489 substantiam
872 5427 1075 5482 Patris.
1122 5426 1178 5481 In
1250 5427 1520 5483 Trinitate
1585 5426 1730 5480 enim
1787 5439 1894 5478 non
1952 5433 2039 5479 est

457 5497 626 5559 aliud,
651 5505 705 5551 et
736 5496 902 5562 aliud,
939 5498 1034 5551 sed
1086 5499 1253 5561 alius,
1302 5508 1357 5552 et
1396 5498 1575 5563 alius;
1604 5496 1716 5550 imo
1746 5501 1909 5562 negat
1940 5509 2041 5564 po-

459 5568 591 5635 tius,
613 5566 741 5637 quia
768 5565 814 5624 si
858 5568 964 5621 no‘r.
993 5577 1079 5624 est
1107 5567 1236 5635 alia,
1265 5577 1317 5624 et
1344 5568 1450 5625 alia
1479 5582 1589 5635 res,
1614 5580 1727 5623 non
1757 5564 2034 5634 estaliud,

2107 4942 2193 4991 .et
2226 4934 2400 4992 aliud.
2444 4931 2675 4993 Summa
2708 4947 2795 4994 est
2823 4957 2837 4994 :
2886 4937 3096 4997 Patrem
3124 4951 3181 4997 ει
3225 4937 3554 4998 substantiam
3576 4928 3649 4984 Pa-

2142 5006 2242 5083 tris
2276 5021 2404 5064 esse
2452 5023 2624 5083 unam
2655 5008 3022 5083 eamdemque
3075 5010 3516 5083 simplicissima!“
3547 5015 3651 5083 τεφι

2142 5075 2236 5149 sed
2279 5088 2504 5149 propter
2535 5078 2862 5135 inﬁnitatem
2925 5070 3076 5137 suam
3105 5070 3320 5137 duabus
3354 5070 3650 5149 realitertlis-

2142 5142 2335 5205 tinctis
2383 5142 2824 5220 Eequivalcntem.
2859 5152 2992 5217 Qua:
3035 5142 3648 5220 teqttiralcntiaLhindans

2140 5212 2463 5273 virtualem'
2490 5212 2931 5286 distinctionem,
2990 5212 3120 5275 facit
3154 5230 3216 5274 ut
3263 5212 3541 5290 aliquidde
3577 5220 3648 5290 Ρξ·

2145 5291 2408 5361 ternitate
2462 5305 2558 5344 seu
2592 5284 3004 5361 actugnotionali
3030 5290 3210 5346 Patris
3241 5284 3479 5361 aﬁirhjari
3506 5284 3647 5351 “Mt

2144 5359 2290 5432 quod
2325 5376 2434 5432 non
2461 5369 2640 5432 potest
2677 5359 2940 5418 aﬁirmari
2967 5364 3032 5417 de
3061 5359 3649 5432 substantia_'seu_essﬁlf‘

2147 5411 2220 5482 i'ia
2235 5411 2448 5493 satis;
2461 5411 2551 5504 ret
2564 5411 2908 5504 sema;
2924 5411 3419 5504 'ai'h'ac‘iégsan
3447 5411 3650 5481 Theodo-

2146 5515 2264 5568 rus,
2287 5502 2547 5572 quamvis
2571 5501 2887 5560 obscurius.
