3928 6130
286 212 427 278 1485

1693 213 2113 277 OPUSCULA.

3434 213 3569 281 1486

286 321 516 392 Σευηροὶ
547 321 592 354 ¹⁷
644 320 980 393 χρηματίσαι
1022 316 1453 391 συνωσθείημεν,
1529 321 1662 393 μίαν
1724 320 1868 380 εἶναι

1991 332 2175 390 stases,
2209 332 2375 394 atque
2406 323 2478 378 ita
2535 314 2826 377 Severian’i
2886 323 2993 380 dici
3033 310 3455 395 compellantur,
3490 329 3572 383 di-

285 415 450 485 φύσιν
487 414 576 468 τὸν
606 414 840 486 Χριστὸν
885 414 1174 482 λέγοντες,
1203 413 1262 467 δν
1301 409 1506 484 τρόπον
1540 415 1673 487 μίαν
1707 417 1873 472 αὐτόν

289 523 468 578 φαμεν
494 506 813 570 ὑπόστασιν,
846 506 983 578 ὅπερ
1010 506 1127 560 ἐστὶ
1152 504 1519 577 ψυχολεθρίας
1541 508 1871 580 ἀνάμεστον.

292 600 351 652 Et
371 598 427 651 δὲ
452 596 628 650 κοινὸν
677 599 911 669 πρᾶγμα
939 599 1366 672 προσειληφέναι
1395 600 1486 656 τὸν
1519 603 1648 657 Υίόν
1670 621 1872 674 φαμεν,

289 686 717 757 ἐπεμϐαίνουσιν
760 690 891 760 ἡμῖν
923 689 1120 745 αὐτίκα
1151 693 1481 761 φάσκοντες*
1512 694 1638 758 Πῶς
1678 695 1707 747 ὁ
1747 695 1877 759 Υἱὸς

292 781 589 851 sagmina:
628 781 792 834 τοῦτο
827 783 1241 854 προσειληφὼςς
1290 785 1402 839 τῶν
1451 786 1730 841 ἀδυνάτων
1767 787 1877 859 γάρ

291 876 440 927 ἐστιν
468 872 764 946 ἀσώματόν
801 894 852 928 τι
895 877 1298 947 σωματωθῆναι
1348 879 1549 933 ἑνωθὲν
1577 880 1875 950 ἀσωμάτῳ.

292 964 437 1035 Πρὸς
464 963 557 1027 οὓς
582 966 982 1036 ἀπαντήσωμεν
1001 983 1015 997 ο
1054 968 1129 1020 Uti
1169 970 1486 1038 νενοήκατε,
1521 970 1769 1038 λέγοντες
1789 1010 1804 1035 ,
1834 963 1880 1024 ὦ

292 1048 462 1120 οὗτοι,
489 1056 579 1110 τὸν
608 1058 716 1110 τῶν
744 1058 1050 1127 φιλοσόφων
1074 1060 1278 1114 σκοπὸν
1299 1062 1626 1131 εἰρηκότων,
1652 1063 1881 1133 ἀσώμα-

293 1166 385 1202 τον
409 1146 549 1203 εἰναι
579 1151 640 1203 τὸ
660 1151 858 1204 κοινόν.
905 1152 1132 1205 Ἐκεῖνοι
1159 1153 1269 1225 γὰρ
1306 1153 1560 1221 λέγοντες
1588 1153 1881 1224 ἀσώματον

294 1236 434 1294 εἶναι
461 1242 569 1294 πᾶν
597 1241 774 1310 γένος,
800 1243 895 1295 καὶ
919 1238 1080 1306 εἶδος,
1108 1245 1203 1297 καὶ
1234 1244 1367 1298 αὐτὸ
1393 1245 1453 1299 τὸ
1495 1245 1678 1315 σῶμα,
1713 1245 1772 1299 τὸ
1816 1247 1883 1300 ὲκ

294 1336 394 1403 τῆς
420 1333 608 1395 ούσίας
642 1334 739 1403 τῆς
771 1336 1055 1399 ἀνωτάτω,
1098 1336 1221 1406 ἥτις
1266 1336 1488 1405 λέγεται
1517 1337 1882 1406 γενικώτατον

294 1426 454 1493 γένος
485 1425 884 1496 διαιρούμενον,
905 1426 1198 1498 ἀσώματον
1220 1425 1357 1482 εἶναι
1378 1428 1619 1499 λέγουσι.
1649 1430 1741 1484 Διὸ
1763 1431 1883 1485 δέον

297 1518 646 1581 ἐπίστασθαι,
685 1518 761 1581 ὡς
795 1518 856 1571 τὸ
882 1519 1174 1590 ἀσώματον
1201 1520 1376 1591 δνομοι
1404 1523 1557 1576 ’κατὰ
1582 1523 1708 1586 τοὺς
1732 1523 1883 1593 φιλο-

298 1608 498 1677 σὸφους
526 1607 832 1679 ὁμωνύμως
858 1627 919 1662 τε
977 1611 1072 1663 καὶ
1112 1611 1379 1683 ἀορίστως
1403 1613 1646 1682 λέγεται,
1680 1615 1881 1684 μᾶλλον

290 1701 354 1755 δὲ
384 1701 683 1773 συλλήϐδην
713 1702 903 1772 φάναι,
941 1705 1141 1758 ἐκεῖνοι
1172 1706 1275 1776 τὴν
1309 1706 1476 1774 ὓλην*
1512 1709 1609 1761 καὶ
1638 1708 1700 1761 τδ
1738 1704 1882 1785 εἶδος

298 1793 358 1861 ἐξ
384 1786 458 1847 ὧν
481 1793 551 1847 τὰ
583 1793 834 1865 σώματα,
870 1796 964 1849 καὶ
989 1796 1208 1868 χρῶμα,
1231 1798 1328 1851 καὶ
1356 1800 1464 1853 πᾶν
1487 1800 1695 1872 σχῆμα,
1715 1800 1883 1871 ήγουν

297 1886 480 1939 πᾶσαν
508 1886 766 1956 ποιότητα
795 1886 1055 1941 καλοῦσιν
1106 1876 1399 1959 ἀσώματον
1444 1891 1545 1960 τήῡ
1584 1907 1645 1944 τε
1676 1890 1883 1963 ψυχὴν,

298 1980 395 2034 καὶ
414 1980 541 2041 τοὺς
572 1979 855 2048 ἀγγέλους,
883 1980 978 2034 καὶ
1010 1980 1143 2034 αὐτὸ
1168 1981 1227 2035 τὸ
1257 1981 1421 2045 θεῖον,
1453 1976 1530 2036 ὧν
1554 1983 1613 2036 ού
1643 1984 1744 2055 μία
1789 1984 1886 2038 καὶ

294 2074 335 2142 «ἡ
360 2072 501 2143 αὐτή
537 2072 646 2126 τῶν
669 2074 925 2128 ἁπάντων
953 2075 987 2144 ἡ
1006 2074 1189 2142 φύσις,
1226 2074 1364 2131 ἀλλὰ
1418 2076 1613 2130 πολλαὶ
1636 2079 1731 2131 καὶ
1766 2078 1885 2133 διά-

300 2181 476 2237 φοροι,
506 2164 581 2231 ὡς
603 2164 855 2221 ἐντεῦθεν
878 2166 1206 2221 πιστοῦσθαι
1233 2168 1419 2238 σαφῶς
1444 2169 1756 2241 ὁμωνύμως
1793 2170 1887 2223 καὶ

299 2259 568 2330 ἀορίστως
600 2257 857 2326 λέγεσθαι
879 2258 939 2312 τὸ
963 2258 1252 2330 ἀσώματον
1282 2260 1481 2333 δνομα,
1512 2262 1655 2316 κατὰ
1676 2262 1888 2316 πολλῶν

292 2352 703 2422 ’σημαινόμενον
726 2352 790 2418 ⁸⁸,
822 2352 919 2405 καὶ
959 2354 1025 2423 τῇ
1053 2351 1215 2421 φύσει
1248 2353 1622 2424 διαφερόντων
1650 2355 1890 2427 φερόμε-

301 2455 408 2494 νον.
436 2439 512 2493 Τδ
551 2441 712 2510 σῶμα
742 2443 943 2509 τοίνυν,
997 2444 1095 2496 καὶ
1148 2443 1249 2497 ὅσα
1299 2444 1404 2498 ὑπὸ
1440 2445 1502 2498 τὸ
1544 2444 1708 2517 σῶμά
1769 2447 1891 2500 ἐστι

299 2532 480 2597 κοινὰ,
526 2526 639 2586 οἷον
667 2532 932 2604 ἔμψυχον,
967 2533 1127 2599 ζῶον,
1162 2536 1469 2603 ἄνθρωπος,
1508 2536 1776 2609 ἀσώματα
1800 2556 1893 2594 κα-

301 2623 521 2679 λοῦνται
556 2624 691 2696 (57).
738 2624 959 2697 Ἐπειδὴ
980 2626 1198 2681 τούτων
1222 2628 1459 2682 ἕκαστον
1482 2629 1736 2700 αἰσθήσει
1791 2628 1892 2701 μὲν

294 2718 402 2788 οὐχ
430 2717 749 2780 ὑποπίπτει,
804 2717 940 2772 ἀλλὰ
970 2716 1053 2771 νοῒ
1110 2718 1632 2789 καταλαμϐάνεταιο
1667 2721 1728 2774 οὐ
1782 2720 1893 2792 γάρ

304 2810 441 2862 εἰσιν
477 2809 660 2870 αὐτοῖς
700 2807 964 2879 ἰδιότητες
1017 2810 1317 2880 ὁριστικαί,
1367 2796 1491 2864 καθ’
1537 2810 1604 2874 ἃς
1639 2810 1892 2882 αξσθήσει

292 2897 904 2970 καθυποδληθήσονται.
958 2900 1040 2953 Τὰ
1099 2900 1285 2971 μέντοι
1334 2901 1511 2972 ἄτομα
1542 2942 1557 2967 ,

305 2990 478 3044 ταῦτα
503 2989 932 3061 κατηγοροῦνται
965 3031 980 3057 ,
1032 2990 1265 3062 σώματά
1303 2995 1474 3057 ἐστιν,
1520 2994 1595 3057 ὡς
1632 2993 1747 3048 ’ὑπὸ
1795 2994 1893 3066 τήν

306 3083 560 3154 αἰσθησιν
591 3085 860 3138 πίπτοντα
879 3102 894 3116 ο
923 3085 1177 3155 ὁριστικὰ
1227 3086 1336 3156 γὰρ
1364 3086 1583 3156 ἔχουσιν
1600 3086 1891 3157 ἰδιώματα.

304 3180 454 3251 Πλὴν
478 3183 527 3233 εἰ
557 3181 649 3233 καὶ
674 3179 734 3232 τὸ
759 3180 937 3233 κοινὸν
970 3179 1151 3250 σῶμα,
1196 3180 1291 3234 καὶ
1335 3181 1461 3235 ὅσον
1509 3181 1658 3235 ἐστὶν
1701 3180 1808 3234 ὑπὸ
1836 3180 1897 3233 τὸ

307 3272 487 3327 κοινὸν
513 3271 679 3326 διὰτὸ
709 3271 974 3344 μηδαμῶς
993 3273 1265 3342 αἰσθήσει,
1296 3272 1431 3326 ἀλλὰ
1462 3271 1536 3342 νῷ
1573 3271 1731 3343 μόνον
1754 3267 1897 3327 εἶναι

307 3365 533 3437 ληπτὸν,
558 3364 848 3435 ἀσώματον
874 3366 1114 3435 λέγεται⁶
1151 3366 1266 3421 ἀλλ’
1293 3360 1391 3421 οὗν
1411 3367 1570 3436 φύσει
1596 3366 1755 3437 σῶμα
1774 3365 1899 3420 καθ-

308 3458 538 3530 έστηκεν
557 3474 571 3488 ’
602 3459 981 3530 παραπλήσιον
1011 3458 1056 3512 δ’
1089 3457 1157 3513 ἂν
1186 3459 1273 3530 εἴη
1297 3458 1460 3513 τοῦτο
1489 3458 1569 3530 τῷ
1604 3447 1793 3522 ἁπλῶς
1818 3460 1899 3512 λε-

307 3553 526 3624 γομένῳ
549 3551 756 3622 κύκλῳ,
783 3552 863 3624 τῷ
894 3553 1164 3625 γραμμὰς
1217 3554 1504 3625 ὁριστικὰς
1536 3554 1638 3606 ούκ
1696 3552 1896 3625 ἔχοντι.

321 3645 382 3699 Ὀ
413 3645 521 3716 γὰρ
572 3644 813 3709 τοιοῦτος
852 3644 1053 3709 κύκλος
1101 3645 1262 3715 φύσει
1297 3646 1398 3717 μὲν
1445 3645 1734 3717 μετρητὸς,
1772 3645 1897 3699 καθ’

298 3738 340 3791 ὁ
362 3738 421 3792 δὲ
448 3738 713 3811 γραμμὰς
742 3737 1024 3810 ὁριστικὰς
1045 3740 1146 3792 οὐκ
1166 3737 1299 3809 ἔχει,
1319 3737 1571 3808 οὐδαμῶς
1601 3738 1899 3793 ὑποπίπτει

315 3834 612 3901 μετρήσειο
660 3830 759 3883 οὐκ
790 3829 902 3901 ἔχει
946 3830 1054 3899 γὰρ
1085 3830 1362 3900 ὁριοτικδν
1418 3830 1654 3903 σταυρὸν
1677 3870 1693 3894 ,
1737 3830 1803 3885 δι’
1833 3824 1895 3885 οὗ

312 3921 479 3985 ποσός
524 3923 645 3975 ὲστι
680 3922 993 3993 γνωσθῆναι
1018 3923 1343 3996 δυνήσηται.
1394 3923 1566 3979 Ἐπὰν
1607 3924 1664 3977 δὲ
1694 3924 1897 3987 κύκλος

312 4016 538 4084 γένηται
570 4015 833 4086 μερικῶν,
866 4014 1082 4079 εἰδικῶς
1133 4033 1217 4082 τε,
1271 4016 1367 4071 καὶ
1401 4017 1695 4087 ὁιριστικῶς
1730 4017 1772 4051 ¹ν
1804 4019 1896 4071 εὐ-

312 4107 450 4170 θέως
470 4109 665 4161 ὁπόσον
700 4108 817 4179 ἔχει
852 4107 1081 4179 μέγεθος
1116 4109 1381 4180 μετρήσει
1408 4109 1502 4162 καὶ
1550 4108 1900 4181 πεηριορισθή·

1977 424 2169 472 centes
2223 414 2505 471 Christum
2552 426 2676 469 esse
2707 426 2877 468 uuam
2929 424 3204 479 naturam.
3237 416 3386 472 sicut
3428 416 3572 471 dici-

1978 523 2102 564 mus
2127 523 2251 565 esse
2276 522 2406 563 eum
2457 522 2621 562 unam
2655 505 3030 577 ltypostasim,
3056 508 3209 578 quod
3237 517 3324 564 est
3347 509 3568 579 plenum

1978 599 2236 656 interitus
2254 600 2474 655 animae.
2506 597 2602 653 Sin
2634 605 2819 652 autem
2838 614 3188 655 communem
3208 614 3330 655 rem
3367 599 3569 656 Filiqu

1979 691 2350 761 assumpsisse
2376 689 2704 753 dixerimus,
2732 688 3007 745 insultant
3067 691 3258 745 statim
3291 689 3455 747 nobis
3482 690 3570 746 dic

1981 790 2198 837 centes:
2223 780 2511 849 Quomodo
2543 778 2715 835 Filius
2743 782 3070 835 incantatur
3087 778 3367 834 communi
3388 794 3448 835 re
3476 793 3570 833 as-

1983 873 2234 939 sumpta?
2271 872 2612 942 impossibile
2643 870 2791 926 cutim
2823 878 2911 927 est
2935 870 3140 944 aliquid
3177 871 3570 942 incorporeum

1982 972 2333 1034 corporatum
2396 963 2516 1019 ﬁeri
2566 965 2885 1051 copulatum
2937 964 3289 1037 incorporeo.
3354 964 3569 1031 Quibus

1982 1054 2384 1111 occurrendum
2408 1062 2529 1109 est:
2560 1054 2676 1110 Non
2709 1055 3085 1124 intellexistis,
3121 1055 3333 1122 oboni,
3363 1072 3569 1128 propoc

1984 1148 2149 1203 situm
2178 1147 2658 1218 philosOphorum,
2699 1164 2826 1204 cum
2860 1150 3143 1213 dixerunt,
3179 1150 3568 1221 incorporeum

1984 1256 2108 1296 esse
2132 1255 2441 1295 commune.
2479 1238 2614 1295 Nam
2647 1256 2769 1296 cum
2797 1228 2988 1297 dicunt
3035 1242 3426 1312 incorporeum
3449 1258 3574 1298 esse

1985 1342 2147 1383 omne
2188 1342 2362 1399 genus
2417 1336 2474 1383 et
2514 1331 2780 1399 speciem,
2828 1331 2994 1385 etiam
3048 1333 3225 1400 ipsum
3253 1348 3468 1401 .corpus
3505 1348 3576 1404 ex

1987 1418 2298 1474 substantia
2330 1422 2774 1489 generalissima,
2825 1438 2948 1493 qua:
2972 1423 3375 1495 diciturgcuus
3408 1440 3581 1505 genej

1987 1513 2350 1581 ralis-simum,
2400 1513 2678 1582 divisum,
2739 1515 3126 1588 incorporeum
3170 1533 3307 1574 .esse
3356 1518 3583 1597 dicunt.

1990 1603 2361 1670 Quamobrem
2424 1598 2570 1662 scire
2628 1616 2847 1679 oportet
2914 1625 3122 1666 nomen
3180 1611 3587 1682 incorporeum.

1987 1698 2295 1754 secundum
2335 1700 2695 1770 philosophos
2743 1701 3077 1772 homonyme
3105 1713 3158 1758 et
3185 1704 3398 1759 infinite
3441 1705 3577 1765 dici.

1986 1791 2116 1854 imo,
2154 1800 2212 1847 ut
2242 1794 2441 1863 paucis
2498 1809 2610 1850 rem
2634 1795 3007 1864 .complectar,
3048 1795 3136 1850 illi
3182 1798 3468 1852 materiam
3519 1808 3575 1855 et

1984 1885 2222 1954 speciem
2263 1900 2327 1940 ex
2381 1885 2590 1957 quibus
2646 1900 2905 1956 corpora,
2941 1894 2997 1942 et
3051 1902 3273 1944 omnem
3329 1890 3574 1945 colorem

1986 1986 2153 2046 atque
2182 1976 2439 2048 figuram,
2478 1977 2530 2033 id
2565 1986 2673 2045 est,
2728 1992 2950 2034 omnem
2997 1980 3322 2053 qualitatem
3372 1991 3577 2038 secant

1987 2069 2397 2142 incorporeum,
2419 2077 2473 2125 et
2506 2070 2768 2138 animam,
2796 2080 2961 2143 atque
3019 2073 3266 2144 angelos,
3301 2082 3358 2130 et
3388 2074 3572 2145 ipsum

1988 2161 2179 2229 Deum,
2213 2178 2448 2234 quorum
2480 2164 2732 2219 omnium
2754 2180 2866 2221 non
2894 2173 2981 2223 est
3007 2181 3117 2222 una
3148 2175 3205 2222 et
3235 2167 3429 2223 eadem
3456 2182 3569 2224 .na-

1984 2262 2131 2321 tura,
2185 2255 2282 2310 sed
2335 2256 2525 2310 multae
2568 2266 2626 2311 et
2648 2257 2840 2322 variae,
2869 2265 2927 2312 ut
2957 2258 3087 2314 hinc
3113 2260 3276 2328 plane
3310 2260 3579 2330 probetur

1987 2347 2317 2416 homonyme
2349 2356 2403 2402 et
2446 2347 2670 2405 infinite
2704 2349 2813 2405 dici
2849 2364 3048 2405 nomen
3087 2350 3476 2422 incorporeum
3507 2353 3579 2408 de

1992 2439 2183 2495 multis
2230 2438 2555 2510 significatis
2602 2447 2655 2495 et
2686 2449 2887 2498 natura
2937 2439 3343 2499 diﬂ'erentibus.
3384 2441 3581 2510 ~Quare

1990 2548 2214 2603 corpus,
2248 2541 2304 2587 et
2328 2548 2673 2605 quaecunque
2696 2533 2828 2591 'suut
2847 2535 2953 2590 sub
2983 2514 3216 2606 corpore
3237 2539 3579 2603 communia,

1991 2634 2051 2679 ιιι
2082 2624 2410 2688 animatum,
2442 2624 2671 2690 animal,
2704 2624 2892 2693 homo,
2924 2626 3250 2697 incorporea
3286 2635 3576 2694 vocantur,

1993 2712 2123 2783 quia
2157 2713 2596 2784 unumquodque
2629 2713 2827 2769 horum
2877 2728 2985 2769 non
3002 2723 3092 2771 est
3116 2716 3435 2787 subjectum
3450 2733 3582 2774 seno

1992 2803 2103 2868 sui,
2170 2803 2263 2857 sed
2334 2814 2516 2857 mente
2575 2805 3584 2875 comprehenditur:nouenimsnu:

1647 2903 1767 2954 καθ’
1817 2894 1889 2955 ὧν

1997 2895 2080 2951 eis
2117 2893 2487 2964 proprietates
2535 2896 2812 2967 ὁριστικαὶ
2850 2896 2926 2968 (id
2961 2904 3068 2963 est,
3119 2898 3584 2964 indinidnautes).

1997 2985 2163 3057 360
2196 2984 2398 3056 quibus
2428 2986 2615 3042 sensui
2638 2986 3033 3056 subjiciuntur.
3064 2985 3352 3046 Individua
3374 3000 3583 3057 tamen,

1990 3075 2065 3130 de
2094 3076 2442 3144 quibus’hasc
2475 3075 2875 3146 praedicantur,
2931 3091 3164 3148 corpora
3193 3085 3346 3144 sunt,
3396 3087 3587 3150 utpme

1998 3168 2101 3224 sub
2128 3184 2349 3223 sensum
2379 3169 2660 3235 cadentia;
2684 3170 3052 3241 proprietates
3082 3170 3227 3225 enim
3250 3170 3458 3227 habent
3492 3172 3588 3226 de-

1998 3260 2273 3326 finientes,
2304 3260 2421 3315 sive
2445 3259 2830 3315 terminautes.
2865 3259 3071 3316 Verum
3113 3261 3218 3316 etsi
3278 3276 3581 3318 commune

1998 3367 2218 3422 corpus,
2266 3360 2319 3406 et
2354 3352 2726 3422 quodcunque
2778 3359 2863 3408 est
2926 3353 3032 3408 sub
3094 3353 3215 3423 ipso
3265 3367 3587 3414 commune.

1998 3444 2384 3514 incorporeum
2418 3442 2644 3507 dicitur,
2696 3442 2826 3513 quia
2875 3458 2986 3497 non
3019 3453 3203 3513 potest
3244 3460 3433 3506 sensu.
3486 3446 3613 3519 sed,

1998 3545 2181 3591 mente
2215 3534 2450 3607 percipi,
2514 3541 2697 3590 tamen
2759 3542 2963 3589 natura
3023 3520 3229 3604 corpus
3285 3537 3587 3595 consistit;

1999 3631 2285 3689 similcest
2344 3630 2450 3687 hoc
2504 3629 2719 3687 circulo
2748 3630 3078 3701 simpliciter
3140 3630 3314 3693 dicto,
3348 3645 3455 3686 non
3491 3631 3590 3684 hac

1998 3725 2149 3779 benti
2219 3724 2394 3779 lineas
2452 3723 2741 3795 ὁριπικάς
2800 3721 3197 3796 [defiuientes].
3253 3721 3588 3794 Hujusmodi

1998 3820 2142 3875 enim
2201 3819 2446 3877 circulus
2480 3825 2678 3872 natura
2711 3816 2934 3889 quidem
2976 3823 3351 3882 meusuratus,
3385 3827 3587 3889 quate-

1999 3930 2103 3969 nus
2140 3928 2269 3969 vero
2291 3927 2400 3966 non
2445 3910 2609 3965 habet
2658 3910 2831 3966 lineas
2856 3908 3204 3975 definientes,
3230 3923 3588 3980 nequaquam
3640 3911 3649 3919 °

1994 4008 2294 4077 subjicitur
2317 4003 2754 4068 mensurationi;
2790 4017 2900 4058 non
2926 4002 3077 4058 enim
3125 4003 3288 4057 habet
3310 4003 3589 4073 ὸριστικὸν

2003 4099 2258 4170 σταυρὸν,
2285 4098 2336 4153 id
2374 4106 2479 4164 est,
2535 4097 2741 4151 lineam
2779 4094 3187 4165 partieutemin
3215 4093 3436 4149 modum
3460 4108 3591 4149 cru-

314 4217 487 4255 σεται.
519 4199 727 4254 Οὗκοῦν
750 4204 779 4254 ὁ
810 4200 1109 4270 λεγόμενος
1152 4200 1341 4265 ἁπλῶς
1373 4199 1572 4265 κύκλος
1602 4201 1763 4281 φύσει
1800 4201 1889 4273 μὲι

2005 4196 2105 4257 cis,
2141 4210 2248 4265 qua
2298 4191 2477 4263 possit
2525 4188 2785 4259 cognosci
2837 4196 3099 4263 quantus.
3140 4187 3259 4253 sit;
3290 4194 3589 4257 postquam

313 4295 580 4367 ἀορίστως
607 4296 911 4365 μετρεῖται.
953 4293 1275 4365 Ὀριστικῶς
1315 4292 1415 4364 οὐχ
1450 4293 1747 4347 ὑποπίπτει
1797 4311 1897 4364 με·

313 4390 527 4459 τρήσει.
579 4386 735 4441 Οὕτω
756 4387 817 4441 τδ
844 4387 998 4459 παρὰ
1037 4387 1131 4442 τοῦ
1166 4387 1338 4442 ἀϊδίου
1385 4387 1517 4441 Υἱοῦ
1554 4386 1903 4460 προσληφοὲν

312 4479 652 4551 ἀνθρώπινον
675 4478 854 4548 σῶμα,
898 4478 1059 4550 σῶμα
1091 4480 1194 4550 μέν
1218 4480 1334 4533 ἐστι
1387 4480 1575 4549 φύσει·
1610 4478 1733 4533 καθ’
1781 4479 1811 4533 ὃ
1844 4479 1903 4533 δὲ

310 4573 495 4626 ικοινδν
512 4570 590 4636 ὃν,
623 4571 873 4641 οὐδαμῶς
902 4572 1006 4625 ὑπὸ
1027 4573 1128 4643 τὴν
1144 4570 1410 4643 αἴσθησιν
1440 4571 1649 4635 πίπτει,
1678 4569 1901 4643 ἀσώμα-

313 4682 408 4719 τον
442 4662 720 4718 καλεῖται’
762 4664 849 4717 ἐπ’
879 4664 946 4717 ἂν
1001 4665 1059 4717 δὲ
1104 4664 1569 4736 χαρακτηρίζεται
1605 4665 1901 4735 ὁριπικοῖς

319 4758 627 4830 ἰδιώμασιν,
653 4756 945 4830 ὁριστικῶς
976 4756 1175 4813 αὐτίκα
1216 4760 1281 4828 τῇ
1314 4757 1563 4827 αἰσθήσει
1602 4756 1902 4809 ὑποπίπτει

316 4850 664 4923 χρηματίσαν
694 4849 951 4921 αἰσθητόν
984 4866 1043 4902 τε
1072 4850 1169 4905 καὶ
1189 4849 1457 4907 ἄπτωτον.

2005 4294 2189 4341 autem
2214 4282 2392 4339 factus
2420 4282 2583 4337 fuerit
2610 4281 2857 4337 circulus
2891 4277 3270 4349 particularis,
3306 4277 3590 4348 specialis,

2005 4386 2059 4432 et
2108 4375 2399 4440 definitus,
2460 4373 2645 4429 statim
2726 4385 2989 4447 mensura
3064 4368 3588 4429 circumscribetur.

2005 4478 2270 4539 quantum
2317 4467 2517 4522 habeat
2566 4463 3020 4536 magnitudinem.
3086 4463 3259 4535 Igitur
3321 4459 3588 4527 circulus.

2007 4557 2449 4630 quisimpliciter
2508 4556 2738 4620 dicitur,
2790 4562 2988 4609 natura
3044 4554 3263 4625 quidem
3308 4548 3593 4607 indefinito

2009 4662 2383 4714 meusuratur,
2434 4650 2658 4706 definite
2685 4663 2814 4705 vero
2840 4665 2946 4705 non
2975 4647 3273 4718 subjicitur
3296 4658 3588 4700 mensum.

2013 4747 2105 4803 Sic
2141 4748 2441 4802 humanum
2473 4758 2677 4815 corpus
2697 4743 2769 4799 ab
2796 4750 3008 4799 aeterno
3038 4739 3176 4795 Filio
3221 4742 3590 4807 assumptum.

2013 4828 2218 4911 corpus
2246 4835 2467 4906 quidem
2487 4842 2573 4890 est
2590 4844 2811 4898 natura,
2842 4840 3121 4903 quatenus
3144 4844 3274 4885 vero
3300 4839 3595 4881 commune

316 4917 663 5013 nequaquam
699 4944 803 5000 sub
843 4917 1068 4998 sensum
1109 4941 1337 5007 cadens,
1370 4941 1760 5011 incorporeum
1797 4946 2057 5003 vocatur;
2131 4939 2421 5006 postquam
2486 4946 2620 4985 vero
2685 4928 2940 4999 signatur
3006 4923 3437 4997 proprietatibus
3492 4917 3594 4981 dc-
3627 4972 3637 4982 .

310 5039 509 5101 tiuitis,
540 5036 805 5094 continuo
827 5035 1051 5092 definite
1079 5037 1183 5091 sub
1206 5049 1426 5092 sensum
1446 5034 1613 5099 cadit,
1646 5039 1983 5104 vocaturque
2016 5030 2222 5087 sensile
2252 5033 2307 5081 ct
2335 5023 2541 5078 tactile.

1598 5207 1844 5265 'VARIIE
1864 5203 2270 5264 LECTIONES.

390 5311 433 5346 ιτ
467 5307 820 5381 Σευηριανοί.
898 5306 943 5337 ¹⁸
972 5304 1411 5376 σημαινομένων.
1494 5302 1537 5333 τ’
1580 5300 1616 5355 f.
1657 5300 1908 5373 μερικδς,
1941 5299 2140 5362 εἰδικὸς
2173 5314 2233 5350 τε
2278 5297 2372 5349 καὶ
2414 5291 2714 5365 ὁριστικὸς.

1829 5408 2067 5470 noras.
2148 5470 2165 5485 ,

386 5519 504 5591 ('57)
554 5517 614 5572 In
671 5515 939 5592 Bavarico
989 5512 1193 5592 codice;
1229 5508 1682 5592 sejungebantuu
1717 5505 1834 5592 nale
1877 5519 1907 5559 a

316 5573 703 5659 superioribus
728 5630 743 5652 ,
797 5586 1125 5654 interposito
1168 5573 1305 5634 huc'
1342 5581 1502 5659 titulo
1510 5593 1542 5659 ﬂ:
1578 5575 1685 5659 1:053
1718 5573 1909 5659 ‘A6_ou-

316 5644 494 5730 ideo,
521 5657 682 5731 quasi
708 5644 857 5714 esset
886 5644 1095 5711 novum
1132 5650 1481 5722 opusculum.
1510 5644 1618 5699 Sed
1658 5649 1770 5701 haec
1793 5646 1908 5704 dis-

2018 5506 2212 5565 tinctio
2252 5519 2362 5560 non
2407 5503 2508 5557 fuit
2558 5501 2612 5555 in
2681 5498 2939 5555 Ttll‘l'iﬂﬂi
2979 5493 3305 5565 exemplari,
3348 5499 3408 5547 ιιι
3442 5498 3601 5564 fam

2018 5593 2082 5633 ex
2123 5577 2371 5647 ejusdem
2409 5573 2683 5629 versione.
