3928 6130
399 202 537 268 1487

1615 196 2012 259 THEODORI
2043 194 2417 259 ABUCAR/E

3509 189 3625 260 1488

466 311 656 384 Neque
703 307 994 365 character
1028 312 1430 378 proprietatum
1482 321 1570 361 res
1618 307 1971 378 particularis

2149 309 2283 363 Οὐδὲ
2363 308 2471 380 μὴν
2519 307 2548 361 ό
2595 304 2887 381 χαρακτὴρ
2933 304 3042 359 τῶν
3086 303 3388 376 ἰδιωμάτων
3434 310 3627 381 μεριιιδν

396 412 507 474 est,
547 404 602 461 id
661 413 770 466 est,
802 401 1141 474 hypostasis.
1177 398 1480 455 Character
1516 398 1664 454 enim
1725 416 1836 456 non
1891 410 1979 457 est

400 498 657 564 alterius,
709 494 763 551 id
800 504 914 559 est,
951 492 1179 547 alterius
1241 493 1560 563 hypostasis
1611 494 1669 548 in
1728 492 1975 559 Christo,

399 590 512 648 nisi
536 586 730 645 aeterni
757 585 904 649 Filii.
946 585 1089 641 sicut
1115 584 1407 641 character
1442 586 1842 657 proprietatum
1879 601 1979 640 cu-

396 686 602 758 jusque
663 698 770 738 non
821 687 906 737 est
973 679 1201 734 alterius
1257 679 1584 746 character,
1640 694 1806 751 quam
1856 680 1980 747 ejus

402 776 561 846 cujus
589 781 673 829 est
705 772 1015 827 character.
1055 767 1212 830 Unde
1243 777 1483 826 aeternus
1511 769 1684 826 Filius
1719 769 1865 824 idem
1895 776 1979 824 est

280 922 283 925 η
402 866 548 922 Deus
573 876 626 920 et
657 863 846 925 homo,
875 860 929 916 id
963 868 1070 925 est,
1106 860 1250 914 idem
1284 870 1366 916 est
1398 869 1528 917 ante
1562 861 1749 917 omnia
1780 860 1979 914 sarcula

401 975 465 1016 ex
496 957 659 1014 Patre
696 957 936 1029 genitus,
970 963 1025 1009 et
1044 952 1204 1008 Jesus
1224 969 1289 1008 ex
1327 950 1550 1025 Virgine
1583 953 1752 1007 Maria
1786 952 1838 1006 in
1876 951 1983 1006 line

402 1051 732 1109 saeculorum
773 1048 896 1103 sine
951 1046 1098 1101 virili
1158 1046 1370 1101 semine
1401 1045 1583 1112 n‘atus,
1627 1045 1720 1115 qui
1750 1054 1837 1099 est
1874 1057 1981 1097 una

401 1143 716 1218 hypostasis
775 1137 1113 1195 Trinitatis.’
1146 1137 1420 1204 Quocirca
1461 1139 1682 1208 proprie
1738 1145 1793 1192 et
1858 1151 1984 1191 vere

403 1235 717 1292 castissima
765 1240 820 1288 et
864 1230 1049 1287 omnis
1084 1230 1314 1286 maculae
1371 1246 1572 1305 expers
1593 1230 1759 1302 Virgo
1790 1231 1984 1302 stirpis

404 1327 679 1383 Davidica
716 1324 972 1396 Deipara,
1000 1323 1054 1378 id
1103 1329 1191 1379 est
1228 1322 1403 1379 Mater
1458 1323 1577 1389 Dei,
1628 1324 1983 1395 praedicatur.

404 1419 531 1475 Haec
557 1419 704 1475 enim
746 1423 1011 1472 aeternum
1047 1414 1256 1485 peperit
1288 1411 1489 1470 Filium
1536 1413 1743 1470 factum
1809 1415 1985 1469 homi-

402 1525 553 1578 nem,
589 1509 734 1564 sicut
779 1521 881 1562 nos
924 1505 979 1559 in
1015 1505 1301 1571 omnibus,
1346 1516 1577 1578 excepto
1618 1516 1864 1578 pecrato,
1890 1504 1983 1563 Je-

404 1617 526 1657 sum
547 1599 906 1670 appellatum,
934 1596 1080 1652 sicut
1104 1597 1494 1668 unusquisque
1519 1606 1772 1654 nostrum
1798 1597 1986 1668 appel-

2082 399 2318 471 πρᾶγμά
2356 402 2525 464 ἔστιν,
2556 399 2728 470 ηγουν
2776 397 3100 462 ὑπόστασις.
3162 396 3217 451 '0
3240 398 3517 472 χαρακτὴρ
3538 401 3630 475 γὰρ

2079 494 2181 547 οὐκ
2211 491 2373 546 ἄλλου
2402 491 2548 556 τινός
2580 492 2752 556 ἐστιν,
2785 491 2954 562 ἧγουν
2975 491 3078 545 οὑκ
3113 488 3287 560 ἄλλης
3319 489 3632 558 ὑποστάσεως

2081 583 2140 636 ὲν
2176 581 2420 654 Χριστῷ,
2448 582 2499 636 εί
2520 583 2610 655 ’μὴ
2648 582 2745 638 τοῦ
2773 582 2950 637 ἀϊδίου
2987 580 3125 636 Υίοῦ
3144 596 3161 613 ο
3191 581 3250 638 ὃν
3273 582 3468 654 τρόπον
3495 584 3629 655 ἡμῶν

2081 675 2314 730 ἑκάστου
2342 676 2452 729 τῶν
2478 675 2790 746 ἰδιωμάτων
2825 675 2855 730 ὁ
2886 672 3192 747 χαρακτὴρ,
3216 675 3320 729 οὑκ
3343 675 3492 731 ἄλλου
3512 680 3630 745 τινός

2080 769 2249 828 ἐστιν,
2282 767 2316 838 ἢ
2343 766 2551 822 ἐκείνου
2589 762 2764 839 οὗπέρ
2782 770 2932 821 ἐστιν
2954 768 3305 840 όχαρακτηρ.
3336 767 3488 823 Ὅθεν
3512 769 3538 823 ό
3562 768 3632 825 ἀΐ-

2079 856 2191 923 διος
2218 859 2368 924 Υίδς,
2401 860 2430 913 ό
2480 860 2645 924 αὑτός
2676 861 2794 915 ἐστι
2826 860 2962 925 Θεός
2989 876 3051 914 τε
3077 861 3173 915 καὶ
3196 860 3492 932 ἄνθρωπος,
3511 861 3629 916 τοῦτ’

2081 950 2298 1020 ἐστιν,;ό
2323 951 2486 1016 αὑτός
2519 952 2668 1006 ἐστιν
2694 955 2722 1007 ὁ
2754 953 2859 1024 πρὸ
2882 953 3101 1007 πάντων
3137 952 3347 1007 αἰώνων
3370 956 3432 1007 ὲκ
3454 954 3629 1025 Πατρδς

2084 1045 2503 1115 γεγεννημένος,
2525 1045 2619 1098 καὶ
2656 1045 2695 1098 Ἰ
2705 1045 2888 1114 ςσοῦς,
2908 1046 2939 1099 ό
2963 1047 3026 1098 ὲκ
3048 1044 3325 1117 Παρθένου
3345 1044 3540 1116 Μαρίας
3558 1047 3627 1099 ἐπὶ

2084 1137 2224 1190 τέλει
2252 1137 2360 1192 τῶν
2392 1136 2604 1192 αἰώνων
2632 1139 2890 1209 ἁσπόρως
2939 1136 3177 1208 τεχθεὶς,
3233 1138 3519 1202 ὑπόστασις
3554 1137 3630 1209 μία

2083 1228 2422 1300 τῆςΤριάδος
2449 1229 2735 1303 ὑπάρχων.
2766 1230 2857 1282 Διὸ
2874 1229 3082 1301 κυρίως
3131 1229 3226 1283 καὶ
3252 1229 3503 1301 ἀληθῶςή
3527 1232 3631 1283 πᾶν·

2086 1336 2250 1387 αγνος
2299 1320 2391 1373 καὶ
2420 1320 2763 1391 πανάμωμος
2790 1320 3053 1391 Δαυῖδικὴ
3077 1322 3258 1385 νεᾶνις
3276 1320 3517 1382 Θεοτόκος
3535 1321 3632 1392 ὁμο-

2086 1410 2344 1479 λογεῖται.
2375 1410 2550 1465 Αὑτὸν
2568 1412 2677 1481 γὰρ
2707 1411 2798 1465 τὸν
2826 1412 2997 1465 ἀΐδιον
3028 1412 3249 1466 τέτοκεν
3276 1413 3403 1465 Υίδν
3460 1413 3631 1484 ἄνθρω-

2087 1520 2190 1557 πον
2213 1504 2480 1574 γεγονότα
2497 1502 2622 1558 καθ’
2653 1504 2820 1576 ἡμᾶς,
2836 1503 2981 1559 κατὰ
3008 1505 3211 1571 πάντα,
3233 1504 3358 1576 δίχα
3377 1505 3468 1575 τῆς
3487 1507 3631 1577 ἁμαρ-

2085 1595 2240 1662 τίας,
2302 1597 2398 1650 καὶ
2446 1596 2656 1668 Ἰησοῦν
2708 1597 3224 1668 προσαγορευθέντα
3282 1596 3457 1661 καθὼς
3501 1600 3629 1669 ὴμῶν

404 1695 551 1749 latur
586 1664 811 1753 iictrus,
855 1687 1011 1744 verbi
1065 1664 1289 1759 gratia;
1318 1664 1418 1742 aut
1447 1684 1677 1752 Paulus,
1728 1664 1848 1742 aut-
1872 1664 1988 1743 alio

2091 1664 2561 1763 προσαγορεύεται
2594 1664 2801 1758 Πέτρος
2851 1664 3036 1759 «xiv,
3087 1686 3123 1759 ἦ
3153 1687 3387 1752 Παῦλος,
3428 1687 3459 1759 ἢ
3489 1664 3630 1742 ὁτιοῦν

404 1797 740 1857 quocunque
768 1780 992 1836 nomine
1039 1781 1289 1850 proprio.
1329 1777 1654 1836 Clarissime
1691 1778 1862 1850 igitur
1891 1778 1990 1834 de-

404 1884 772 1935 monstratum
798 1880 885 1930 est
913 1872 1084 1944 quod,
1110 1872 1217 1928 etsi
1247 1886 1596 1928 communem
1623 1887 1739 1928 rem
1771 1887 2001 1929 assttm-‘

404 1973 517 2046 psit
544 1956 784 2027 aeternus
815 1966 1014 2032 Filius,
1066 1981 1191 2038 quae
1239 1966 1464 2037 quidem
1523 1965 1848 2037 incorporea
1884 1977 1988 2034 est,

406 2062 621 2119 scilicet
652 2056 1021 2114 substantiam
1067 2056 1392 2123 humanam,
1448 2071 1561 2111 non
1601 2063 1786 2112 tamen
1821 2071 1991 2129 nega-

405 2161 499 2207 tur
536 2141 891 2219 corporatum
918 2159 1066 2211 esse,
1097 2144 1151 2199 id
1183 2152 1296 2210 est,
1338 2145 1716 2212 ineat-natum,
1747 2145 1987 2203 factum-

404 2258 516 2315 que
547 2256 672 2298 esse
702 2239 1003 2301 hominem,
1028 2243 1090 2292 ut
1125 2236 1287 2292 aiunt
1320 2236 1566 2293 haeretici
1597 2249 1866 2295 amentes.
1893 2240 1991 2293 At-

406 2348 512 2404 que
539 2333 644 2388 hoc
670 2345 870 2387 rursus
902 2329 1048 2386 scire
1082 2335 1327 2400 oportet,
1361 2328 1507 2398 quod
1551 2328 1803 2385 haeretici
1828 2344 1893 2384 ea
1924 2328 1991 2385 de

405 2439 578 2481 causa
614 2430 912 2497 properant
951 2422 1020 2477 ad
1058 2419 1513 2477 constituendum
1551 2436 1676 2477 esse
1734 2428 1990 2476 naturam

406 2533 757 2575 communem
803 2525 856 2572 et
909 2514 1325 2587 particularem,
1366 2527 1715 2569 communem
1767 2513 1988 2585 quidem

408 2629 600 2672 omnes
616 2614 965 2686 hypostases,
982 2607 1373 2681 particularem
1389 2622 1520 2663 vero
1541 2622 1702 2661 unam
1728 2607 1989 2679 hyposta-

409 2709 535 2770 sim,
553 2713 615 2761 ut
639 2705 744 2759 hoc
756 2701 914 2773 36],
936 2714 1266 2757 concessum
1308 2706 1365 2754 et
1386 2698 1799 2765 conﬁrmatum,
1820 2699 1989 2752 telum

410 2794 546 2864 ipsis
574 2791 841 2849 eliiciatur
868 2792 935 2845 ad
962 2790 1410 2846 labefactandam
1465 2805 1657 2844 verum
1710 2797 1766 2845 et
1814 2790 1990 2845 invio-

410 2886 576 2942 labile
604 2883 825 2953 dogma.
877 2883 935 2936 Si
969 2882 1114 2937 enim
1153 2883 1288 2947 hoc,
1319 2882 1467 2952 quod
1505 2884 1583 2939 illi
1633 2884 1988 2955 proﬁtentur,

412 2991 599 3034 rerum
628 2982 800 3039 esset,
842 2981 992 3030 esset
1027 2973 1238 3044 aliquid
1287 2972 1582 3029 dicemlum
1624 2984 1820 3031 contra
1857 2993 1987 3033 san-

410 3068 716 3126 ctissimam
739 3065 1012 3139 synodum
1044 3065 1573 3122 Chalcedonensem.
1605 3065 1702 3123 Dic
1730 3068 1889 3135 mihi,
1910 3071 1991 3123 hae

410 3163 533 3219 dum
571 3169 782 3216 natura:
827 3173 965 3230 quas
997 3158 1057 3212 in’
1078 3157 1303 3213 Christo
1330 3156 1620 3228 praedicas,
1664 3170 1989 3216 communes

413 3262 566 3317 sunt,
595 3268 664 3308 an
700 3249 1114 3323 particulares?
1162 3247 1217 3304 Si
1266 3249 1436 3320 igitur
1476 3251 1804 3321 respondeat
1834 3268 1987 3306 cont-

413 3339 610 3400 inunes
660 3358 806 3408 csse,
872 3343 1057 3398 statim
1112 3340 1504 3407 ratiocinatur,
1558 3343 1651 3412 qui
1686 3342 1988 3398 secundum

412 3451 510 3492 eos
570 3434 860 3505 loquitur:
898 3432 1155 3488 Christus
1200 3432 1371 3504 igitur
1429 3433 1736 3488 secundum
1801 3428 1855 3491 te
1904 3443 1990 3490 est

413 3543 606 3584 omnes
659 3528 990 3598 hyposmses
1039 3525 1370 3589 Divinitatis,
1424 3526 1572 3596 quod
1617 3528 1839 3597 quidem
1886 3528 1990 3584 ab-

412 3617 640 3674 surdum
692 3627 798 3672 est.
863 3614 961 3669 Sin
1028 3629 1160 3669 vero
1221 3613 1373 3669 dicat
1433 3617 1798 3685 particulares
1844 3632 1988 3685 esse,

414 3708 618 3763 incidet
647 3706 704 3761 in
737 3706 1135 3776 blasphemiam
1167 3702 1433 3771 Nestorii,
1460 3716 1716 3776 tanquam
1738 3707 1829 3779 qui
1856 3724 1991 3766 con-

411 3799 635 3855 ﬁteatur
660 3798 801 3853 duas
853 3798 911 3851 in
953 3788 1178 3853 Christo
1217 3799 1569 3870 hypostases.
1622 3800 1991 3866 Quamobrem

412 3891 664 3963 patronis
720 3898 776 3945 et
809 3888 1198 3947 defensoribus
1265 3893 1463 3963 synodi
1517 3891 1992 3951 Chalcedonensis

411 3996 646 4039 necesse
668 3991 756 4039 est
794 3983 1200 4048 demonstrare,
1232 3995 1487 4038 naturam
1518 3998 1696 4055 neque
1744 4000 1992 4041 commu-

412 4091 540 4132 nem
566 4115 583 4143 ,
642 4089 823 4146 neque
856 4075 1247 4145 particularem
1278 4077 1414 4140 dici,
1445 4078 1593 4133 sicut
1632 4078 1712 4132 illi
1763 4079 1991 4147 dicunt;

412 4168 512 4225 sed
545 4182 897 4224 communem
940 4183 1077 4236 rem,
1104 4183 1227 4239 que
1259 4169 1660 4224 absurditatem
1715 4178 1995 4225 utrorumo
2036 4160 2047 4171 “

410 4275 524 4333 que
570 4260 744 4331 fugit;
777 4275 899 4331 quae
937 4260 1160 4331 quidem
1213 4261 1526 4316 communis
1578 4275 1690 4328 res,
1755 4276 1855 4317 nec
1907 4270 1993 4318 est

2089 1781 2278 1854 κύριον
2324 1781 2517 1851 ὄνομα.
2561 1780 2995 1853 Τηλαυγέστατα
3051 1780 3234 1834 τοίνυν
3282 1781 3628 1844 ἀποδέδεικται,

2088 1873 2281 1943 ὅτιπερ
2312 1873 2361 1925 εί
2393 1871 2488 1927 καὶ
2544 1869 2723 1925 κοινὸν
2772 1872 3010 1941 πρᾶγμα
3043 1869 3465 1943 προσείληφενό
3497 1871 3629 1935 ἀίδιος

2089 1964 2238 2032 Υἱὸς,
2273 1965 2412 2036 ὅπερ
2440 1964 2589 2018 ἐστὶν
2623 1962 2941 2033 ἀσώματον,
2986 1963 3159 2034 ἧγουν
3205 1964 3304 2036 τὴν
3326 1946 3631 2036 ἀνθρωπίνην

2088 2055 2301 2123 οὐσίαν,
2348 2053 2468 2111 ἀλλ’
2511 2052 2608 2108 οὖν
2649 2054 2750 2107 οὑκ
2809 2052 3223 2122 ἀπαγορεύεται
3256 2051 3627 2123 σωματωθῆναι,

2089 2149 2260 2219 ἤγουν
2293 2144 2649 2220 σαρκωθῆναί
2673 2161 2732 2199 τε
2766 2145 2863 2199 καὶ
2882 2143 3330 2216 ὲνανθρωπῆσαι,
3356 2143 3519 2208 καθώς
3548 2160 3630 2214 φη-

2092 2256 2175 2293 σιν
2196 2238 2224 2293 ό
2253 2238 2559 2310 παράφρων
2591 2234 2893 2308 αῑρετικός.
2924 2236 3037 2290 Καὶ
3062 2233 3231 2289 τοῦτο
3256 2230 3313 2288 δὲ
3345 2233 3494 2289 πάλιν
3526 2234 3631 2289 είδὲ-

2089 2350 2180 2387 νχι
2207 2331 2337 2404 χρὴ,
2367 2332 2443 2395 ὡς
2471 2331 2522 2385 oi
2579 2327 2944 2400 αίρετίζοντες
2975 2326 3172 2383 τούτου
3236 2327 3301 2400 δὴ
3328 2328 3475 2399 χάριν
3501 2325 3631 2381 σπιύο

2088 2425 2241 2479 δουσι
2282 2422 2549 2495 συστῆσαι
2574 2423 2671 2493 τὴν
2703 2421 2867 2492 φύσιν
2896 2415 3038 2475 εἶναι
3073 2421 3272 2493 κοινήν
3300 2438 3359 2474 τε
3402 2422 3487 2475 καὶ
3506 2437 3631 2492 prpt-

2091 2517 2195 2588 κήν
2216 2535 2229 2549 ο
2274 2516 2374 2590 τὴν
2404 2515 2507 2587 μὲν
2555 2512 2745 2585 κοινὴν
2780 2512 2962 2577 πάσας
3019 2508 3161 2566 εἶναι
3194 2512 3294 2577 τὰς
3322 2512 3629 2576 ὑποστάσειςυ

2089 2610 2187 2683 τὴν
2217 2610 2271 2664 δὲ
2310 2607 2544 2682 μερικὴν
2586 2606 2714 2679 μίαν
2747 2606 3044 2660 ὑπόστασιν
3077 2604 3355 2673 λέγοντες,
3379 2609 3510 2669 ὅπως
3525 2606 3628 2675 ὁμο-

2089 2702 2319 2773 λογηθὲν
2350 2700 2511 2755 τοῦτο
2564 2699 2660 2755 καὶ
2688 2697 2970 2769 ὀχυρωθὲν
3022 2697 3235 2764 αὑτοῖς,
3260 2698 3413 2753 ὁπλον
3446 2699 3629 2768 γένηται

2090 2796 2228 2866 πρὸς
2257 2792 2579 2864 καθαίρεσιν
2611 2790 2707 2845 τοῦ
2736 2789 2996 2862 ἀληθινοῦ
3034 2791 3131 2846 καὶ
3199 2791 3540 2863 ἁκαθαιρέτου
3563 2790 3629 2844 66-

2089 2902 2321 2959 γματος.
2350 2886 2413 2938 Et
2441 2884 2551 2957 γὰρ
2577 2882 2738 2938 τοῦτο
2760 2882 2819 2938 τὸ
2845 2882 2976 2953 παρ’
3003 2882 3240 2946 ἐκείνοις
3268 2881 3630 2953 ὡμολογημένον

2092 2978 2353 3050 ἀληθείας
2377 2978 2579 3051 εἴχετο,
2612 2975 2843 3049 ἔμελλεν
2872 2972 2938 3030 ἄν
2976 2991 3063 3040 τις
3097 2974 3240 3046 πρὸς
3259 2974 3355 3048 τὴν
3378 2976 3430 3030 ὲν
3453 2973 3628 3042 Kcin-

2090 3071 2202 3126 δόνι
2237 3071 2705 3144 συγκροτηθεῖσαν
2740 3068 3052 3140 ἁγιωτάτην
3082 3069 3260 3138 φάναι
3289 3067 3504 3123 σύνοδονο
3524 3065 3631 3120 Εἰπέ

2094 3180 2206 3234 μοι,
2239 3162 2295 3216 ai
2336 3162 2431 3216 δύο
2468 3162 2659 3231 φύσεις
2692 3155 2874 3225 αὗται,
2916 3159 2984 3224 ἃς
3000 3163 3071 3214 -ὲν
3113 3159 3344 3231 Χριστῷ
3391 3159 3631 3231 κηρύττεις

2091 3251 2269 3307 κοιναί
2319 3253 2478 3318 είσιν,
2510 3252 2557 3331 Γἢ
2609 3253 2871 3324 μερικαί;
2931 3252 3139 3323 Είμὲν
3180 3252 3280 3307 οὖν
3316 3252 3629 3322 ἀποκρίνοιτο.

2090 3344 2275 3409 κοινὰς
2303 3339 2464 3410 εἶναι,
2495 3343 2658 3409 εὐθὺς
2694 3344 3070 3414 συλλογίζεται
3105 3346 3234 3399 κατ’
3264 3346 3426 3416 αὐτῆς
3470 3343 3631 3413 λέγων,

2105 3439 2163 3495 '0
2185 3437 2566 3511 Χριπὺςξᾶρα,
2585 3437 2726 3492 κατὰ
2750 3438 2829 3503 σε,
2856 3440 3029 3493 πᾶσαι
3055 3440 3113 3493 αί
3144 3440 3250 3512 τῆς
3271 3439 3499 3509 θεότητος
3522 3436 3631 3489 ὑπο·

2092 3523 2311 3597 στάσεις
2334 3531 2505 3595 ἐστὶν,
2531 3531 2670 3602 ὅπερ
2695 3530 2918 3585 ἄτοπον.
2952 3531 3015 3584 Εί
3043 3530 3102 3585 δὲ
3144 3529 3380 3603 μερικάς
3407 3524 3530 3584 εἶναι
3547 3528 3632 3598 φή-

2092 3641 2259 3689 σειεν,
2282 3625 2610 3696 ἐμπεσεῖται
2654 3622 2733 3694 τῷ
2757 3623 2853 3676 τοῦ
2892 3621 3195 3696 Νεστορίου
3228 3622 3629 3695 βλασφημήματιν

2090 3717 2166 3782 ὡς
2194 3715 2289 3771 δύο
2318 3717 2377 3770 ὲν
2406 3712 2631 3788 Χριστῷ
2652 3714 2978 3779 ὑποστάσεις
2997 3714 3339 3787 ὁμολογοῦσα
3366 3716 3428 3770 ’⁸.
3449 3712 3527 3767 Διδ
3543 3712 3632 3774 toi;

2091 3810 2191 3882 τῆς
2222 3808 2385 3879 ἁγίας
2426 3807 2647 3862 συνόδου
2698 3806 3027 3878 προμάχοις,
3076 3806 3172 3861 καὶ
3223 3804 3626 3879 ὑπερασπισταῐςι

2091 3900 2390 3969 ἀναγκαῖον
2432 3894 2712 3963 ἀποδεῖξαι
2740 3898 2842 3969 τὴν
2873 3896 3056 3968 φύσιν,
3102 3898 3247 3969 μήτε
3297 3899 3490 3967 κοινὴν,
3519 3894 3626 3965 μήτε

2095 3989 2330 4062 μερικὴν
2366 3986 2648 4059 λέγεσθαι,
2697 3987 2774 4053 ὡς
2818 3989 3017 4044 ἐκεῖνοί
3075 4004 3281 4058 φασινο
3329 3987 3456 4042 ἀλλὰ
3488 3982 3631 4039 κοινὸν

2094 4082 2353 4153 πρᾶγμα,
2411 4078 2616 4149 φεῦγον
2647 4078 2746 4148 τὴν
2777 4077 3008 4133 ἀτοπίαν
3056 4078 3358 4150 ἑκατέρων,
3403 4078 3523 4147 ὅπερ
3550 4074 3629 4128 οὐκ

2094 4173 2261 4237 ἔστιν,
2291 4170 2415 4226 οὔτε
2451 4172 2624 4226 πᾶσαι
2672 4173 2728 4227 αί
2770 4170 3121 4236 ὑποστάσεις,
3154 4170 3284 4225 οὕτε
3310 4171 3405 4240 μία
3433 4168 3629 4223 ὑπόπι-

2096 4283 2200 4331 σις,
2233 4265 2446 4320 ἁλλὰτδ
2465 4261 2844 4336 θεωρούμενόν
2886 4281 2948 4318 τε
2994 4264 3091 4318 καὶ
3130 4263 3505 4336 εὑρισκόμενον
3539 4257 3628 4311 όλι-

408 4365 606 4407 omnes
655 4352 1005 4422 bypostases,
1039 4364 1141 4407 nec
1179 4366 1293 4405 una
1318 4350 1651 4422 ghypostasis
1679 4371 1692 4407 :
1724 4354 1825 4409 sed
1867 4368 1988 4425 qua:

2096 4355 2209 4422 κῶς
2239 4357 2297 4410 ἑν
2324 4354 2534 4430 ἑκάστῃ
2548 4355 2657 4409 τῶν
2680 4353 2873 4409 ἑαυτοῦ
2896 4354 3268 4411 ὑποστάσεων.

413 4452 718 4512 spectatur,
746 4453 800 4497 et
832 4445 1107 4514 reperitur
1135 4441 1358 4512 όλικῶς,
1388 4444 1443 4499 id
1466 4453 1576 4515 est,
1606 4453 1745 4511 tota,
1769 4446 1823 4501 in
1857 4460 1998 4501 una-

414 4550 635 4606 quaque
664 4536 986 4608 hypostase.

487 4626 913 4682 Demonstratur
961 4632 1145 4681 autem
1194 4625 1516 4697 (adjuvante
1546 4626 1678 4697 Deo,
1732 4632 1830 4702 qui
1868 4633 1996 4689 illu-

415 4718 610 4789 minal)
660 4716 977 4788 hujnsmodi
1039 4718 1586 4779 ratiocinationibus.
1654 4722 1849 4781 Omnis
1901 4741 1996 4784 res

415 4809 724 4867 communis
755 4809 823 4864 de
868 4809 1055 4866 multis
1093 4813 1458 4882 praedicatur;
1495 4829 1669 4885 quare
1692 4817 1738 4871 si
1770 4825 1990 4886 natura,

416 4900 789 4955 communiter
840 4901 1020 4964 dicta,
1052 4909 1138 4956 est
1181 4917 1378 4958 omnes
1433 4904 1784 4976 hypostases,
1825 4908 1994 4980 igitur

416 5006 606 5069 omnes
667 4992 990 5062 hypostases
1035 4992 1104 5047 de
1151 5008 1212 5049 se
1247 4996 1385 5064 ipsis
1428 4996 1688 5054 omnibus
1725 4999 1994 5070 praedica-

417 5084 644 5138 bantur.
674 5082 833 5150 Quod
865 5090 1049 5139 autem
1083 5084 1152 5142 de
1183 5088 1374 5144 multis
1414 5088 1768 5158 praedicatur,
1814 5100 1991 5148 totum

418 5180 478 5232 in
530 5191 864 5247 unoquoque
900 5176 1201 5232 multorum
1252 5177 1320 5233 de
1366 5180 1573 5250 quibus
1631 5183 1990 5252 praedicatur,

417 5268 715 5338 reperitur.
755 5264 831 5320 Ex
859 5281 967 5334 quo
1015 5267 1369 5324 inferendum
1405 5273 1516 5326 erit
1548 5288 1995 5347 unamquamque

415 5355 757 5427 bypostasim
779 5371 905 5412 esse
931 5358 1020 5413 sui
1052 5359 1419 5430 hypostaaim,
1454 5362 1600 5432 quod
1623 5372 1708 5419 est
1740 5366 1995 5434 impossi-

420 5447 546 5515 bile,
574 5458 636 5503 ut
666 5459 862 5503 natura
892 5464 1002 5504 non
1028 5451 1101 5505 ait
1130 5464 1327 5508 omnes
1357 5452 1702 5525 hypostases.
1726 5453 1989 5511 Naturam

2181 4636 2599 4692 Ἀποδείκνυται
2671 4635 2730 4690 δὲ
2791 4637 2891 4690 σὺν
2953 4633 3073 4706 Θιῷ
3127 4633 3208 4705 τῷ
3273 4627 3630 4703 φωτολογοὺντι

2095 4728 2376 4793 τοιαύταις
2411 4726 2777 4792 ἀποδείξεσιν.
2819 4726 2937 4780 Πᾶν
2969 4726 3206 4797 πρᾶγμα
3247 4723 3428 4779 κοινὸν
3453 4716 3630 4775 πολλῶν

2097 4823 2214 4876 ἐστι
2260 4820 2746 4893 κατηγορούμενον
2780 4835 2794 4851 ⁸
2824 4819 2874 4871 εί
2928 4818 3028 4889 μὲν
3065 4812 3161 4871 οὖν
3191 4817 3226 4888 ἡ
3256 4814 3418 4886 φύσις
3467 4807 3630 4870 κοινῶς

2097 4913 2366 4984 λεγομένη
2411 4913 2584 4966 πᾶσαι
2627 4912 2684 4965 at
2732 4911 3089 4975 ὑποστάσεις,
3126 4910 3236 4979 ἄρα
3270 4910 3440 4964 πᾶσαι
3471 4902 3629 4959 πασῶν

2098 5004 2309 5058 ἑαυτῶν
2356 5002 2930 5074 κατηγορηθήσονται.
2957 5001 3030 5055 Τδ
3058 5001 3116 5056 δὲ
3164 5000 3374 5055 πολλῶν
3428 5008 3629 5066 κατηγο·

2094 5096 2379 5168 ρούμενον,
2410 5094 2531 5149 ὅλον
2570 5096 2628 5147 ὲν
2676 5093 2893 5166 ἑκάστῳ
2929 5092 3041 5148 τῶν
3082 5093 3293 5149 πολλῶν
3327 5093 3625 5164 εὑρίσκεται.

2092 5179 2168 5239 ὧν
2206 5187 2621 5256 κατηγορεῖται.
2669 5183 2984 5240 Κάντεῦθεν
3042 5182 3435 5255 συναχθήσεται
3475 5176 3627 5236 πάσας

2091 5279 2191 5342 τὰς
2250 5278 2579 5341 ὑποστάσεις
2640 5276 2765 5332 καθ’
2796 5278 3038 5349 ἑκάστην
3091 5275 3306 5332 ἑαυτῶν
3360 5274 3628 5330 ὑπόστασιν

2092 5370 2470 5444 εὑρίσκεσθαι,
2502 5370 2642 5440 ὅπερ
2702 5366 2988 5436 ἀδύνατον,
3046 5368 3187 5425 ὥστε
3251 5367 3329 5439 μὴ
3369 5361 3499 5421 εἶναι
3546 5359 3630 5429 τὴν

2100 5462 2263 5533 φύσιν
2312 5461 2495 5526 πάσας
2530 5460 2630 5525 τὰς
2683 5460 3040 5524 ὑποστάσεις.
3071 5458 3184 5531 Τήν
3206 5458 3316 5530 γὰρ
3348 5455 3503 5530 φύσιν
3526 5446 3627 5506 κατ’

1720 5571 1952 5628 VARUE
1988 5571 2395 5632 LECTIONES.

368 5678 381 5689 .
483 5632 607 5691 “1.
636 5631 998 5702 ὑμολογῄσας.
