3928 6130
329 333 466 406 1682)

1728 348 2147 413 OPUSCULA-

3463 357 3597 424 1490

322 449 570 514 ἐκείνους
617 449 815 515 κοινῶς
856 453 1176 525 νοουμένην,
1208 455 1289 509 δεῖ
1335 456 1769 528 κατηγορεῖσθαι
1803 457 1910 510 τῶν

2032 460 2161 536 ιιιίιιι
2188 461 2492 516 secundum
2521 460 2644 516 illos
2661 464 3034 519 communiter
3061 465 3360 536 cogitatam
3385 475 3600 536 oportet

325 542 701 607 ὑποστάσεων,
737 542 812 614 μὴ
865 543 1128 613 λέγεσθαι
1182 545 1280 618 τὴν
1341 545 1651 615 φύσιν,ὼς
1706 547 1908 602 ἐκεῖνοί

326 650 512 702 φασιν,
549 633 622 696 ὡς
651 635 906 689 ἐντεῦθεν
942 637 1420 708 ἀποδειχθήσεται.
1447 638 1510 692 El
1538 639 1645 710 γὰρ
1680 643 1711 711 ἠ
1751 638 1911 708 φύσις

329 725 554 796 μερικὴ,
593 725 716 780 κατ’
749 727 996 793 ἐκείνους
1045 732 1309 801 νοουμένη
1334 772 1348 796 ,
1386 731 1686 795 ὑπόστασίς
1736 733 1910 795 ἐστιν,

325 819 544 888 ἀνάγκη
579 822 732 874 πᾶσα
767 822 891 875 κατ’
923 824 1124 887 αὐτοὺς
1167 825 1258 877 τόν
1293 842 1355 877 τε
1393 824 1636 898 Πατέρα,
1679 827 1804 892 καζ,
1821 825 1914 878 τὸν

327 909 478 976 Υἱδν,
513 913 605 966 καὶ
641 914 703 967 τὸ
749 915 976 986 Πνεῦμα
1025 917 1086 969 τὸ
1114 917 1271 986 ἅγιον
1300 923 1454 990 τρεῖς
1502 920 1735 990 μερικὰς
1794 921 1915 988 ἀρι-

332 1003 594 1074 θμεῖσθαι
628 1005 846 1075 φύσεις,
881 1010 975 1062 καὶ
999 1012 1152 1080 τρεῖς
1191 1010 1575 1080 ὁμολογεῖσθαι
1608 1011 1786 1074 θεοὺς.
1819 1011 1914 1064 κα)⁵

328 1097 482 1168 τρεῖς
525 1097 826 1169 θεότητας,
858 1100 886 1154 6
939 1101 1003 1171 δὴ
1063 1101 1431 1172 βλασφημιῶν
1487 1104 1635 1158 ἐστιν
1684 1103 1914 1156 ἀπασῶν

329 1190 631 1264 ἀκροτάτη,
670 1193 874 1262 μᾶλλον
929 1194 986 1248 δὲ
1033 1194 1136 1249 τοῦ
1178 1196 1616 1266 Χριστιανισμοῦ
1642 1194 1916 1266 παντελὴς

329 1281 561 1356 ἄρνησις
582 1301 596 1316 ·
630 1283 774 1341 ὥστε
826 1287 978 1356 δῆλοι
1020 1290 1330 1362 πεφήνασιν
1357 1291 1606 1364 ἀνοήτως
1637 1289 1913 1359 λέγοντες.

333 1377 569 1451 μερικὴν
613 1374 758 1435 εἶναι
790 1381 974 1450 φύσιν,
1009 1383 1059 1436 οί
1109 1385 1464 1456 παράφρονες
1501 1384 1792 1455 αἱρετικοὶ,
1822 1385 1918 1438 καὶ

330 1469 603 1525 πάντοθεν
638 1474 1004 1542 στεφανοῦται
1058 1477 1182 1531 κατ’
1206 1477 1390 1532 αὐτῶν
1421 1475 1692 1548 βασιλικῷ
1734 1477 1919 1548 διαδή-

335 1577 470 1632 ματι
502 1562 613 1617 τῶν
641 1565 941 1637 όρθοδόξων
966 1569 1000 1640 ὴ
1031 1569 1236 1636 πίστις,
1264 1571 1297 1642 ἠ
1335 1571 1428 1625 τὸν
1460 1570 1720 1642 Χριστὸν,
1745 1572 1919 1643 ἤγουν

335 1652 428 1708 τὸν
449 1653 617 1709 ἀίδιον
638 1656 764 1712 Υίὺν
784 1659 1248 1732 ἐνηνθρωπηκότα
1274 1661 1408 1726 μίαν
1430 1663 1733 1717 ὑπόστασιν
1752 1659 1916 1730 εἶναι,

337 1748 434 1802 καὶ
475 1748 570 1803 δύο
598 1749 793 1820 φύσεις
821 1754 1160 1822 ὁμολογοῦσα
1188 1754 1280 1809 τὸν
1321 1756 1486 1811 αὐτὸν
1519 1755 1658 1828 όμοῦ
1692 1756 1827 1811 Θεόν
1858 1773 1918 1812 τε

338 1841 432 1894 καὶ
453 1841 765 1914 ἄνθρωπον,
799 1845 1165 1917 ὑποκείμενον
1194 1847 1286 1902 τὸν
1323 1848 1488 1904 αὐτόν
1523 1851 1646 1913 ταὲς
1689 1849 1783 1904 δύο
1813 1851 1918 1919 φύς

336 1948 487 1986 σεσιν
519 1934 659 2004 πρὸς
708 1937 1068 2008 κατηγορίαν.
1105 1939 1217 1992 Καὶ
1247 1938 1358 2010 γὰρ
1396 1939 1636 2011 ἑκατέρα
1675 1938 1787 1993 τῶν
1821 1938 1916 1994 δύο

334 2022 554 2092 φύσεων
595 2031 990 2100 κατηγορεῖται
1027 2029 1214 2092 αὑτοῦ,
1245 2031 1340 2084 καὶ
1371 2031 1732 2102 μεταδίδωσιν
1767 2031 1917 2102 αὑτῷ

331 2114 430 2169 τοῦ
474 2134 534 2172 τε
584 2118 852 2190 ὀνόματος
903 2122 1098 2192 αὑτῆς,
1136 2125 1231 2177 καὶ
1263 2123 1362 2178 τοῦ
1416 2122 1672 2198 ὁρισμοῦ.
1702 2123 1918 2178 Ὅθενό

333 2205 504 2270 ἀΐδιος
536 2206 664 2271 Υἱός
713 2209 834 2262 ἐστι
871 2210 1032 2276 Θεὸς,
1058 2211 1132 2274 ὡς
1161 2214 1190 2264 6
1218 2213 1435 2282 Πατὴρ,
1468 2213 1566 2265 καὶ
1598 2210 1662 2264 τὸ
1691 2209 1920 2281 Πνεῦμα

332 2298 395 2352 τὸ
433 2289 610 2368 ἅγιον,
648 2303 864 2357 καὶτὸν
897 2303 992 2358 τοῦ
1027 2305 1163 2359 Θεοῦ
1216 2305 1447 2376 ὁρισμὸν
1486 2305 1800 2376 ἐπιδέχεται
1821 2345 1836 2368 ,
1860 2305 1920 2358 ὃν

332 2393 535 2462 τρόπον
587 2394 813 2449 ἐκείνων
855 2395 1084 2462 ἕκαστος
1109 2436 1121 2461 ,
1148 2397 1244 2452 καὶ
1272 2396 1418 2451 ἐστιν
1464 2398 1494 2451 6
1536 2397 1700 2460 αὑτὸς
1749 2397 1921 2462 ἀΐδιος

334 2482 464 2546 Υἱὸς
521 2485 836 2557 ἄνθρωπος,
871 2489 949 2553 ὡς
991 2489 1088 2542 καὶ
1134 2489 1282 2544 ἔστιν
1323 2490 1482 2561 ήμῶν
1523 2490 1755 2552 ἕκαστος
1781 2503 1795 2518 ⁸
1828 2491 1921 2544 καὶ

335 2574 427 2628 τὸν
485 2576 580 2630 τοῦ
640 2577 934 2649 ἀνθρώπου
997 2581 1225 2652 ὁρισμὸν
1270 2581 1603 2652 ἐπιδέχεται,
1635 2581 1695 2634 ὃν
1720 2581 1925 2652 τρόπον

337 2665 562 2721 ἐκείνων
598 2668 854 2734 ἕκαστος,
890 2670 987 2724 καὶ
1019 2671 1166 2725 ἔστιν
1191 2673 1219 2726 6
1251 2672 1414 2736 αὑτὸς
1440 2671 1612 2735 ἀΐδιος
1647 2672 1775 2734 Υἱὸς
1825 2672 1922 2726 ἄν·

338 2759 579 2832 θρωπος,
629 2763 705 2826 ὡς
759 2764 854 2817 καὶ
901 2764 1051 2819 ἐστιν
1093 2765 1252 2838 ἡμῶν
1293 2766 1564 2831 ἕκαστος·
1597 2766 1690 2820 καὶ
1742 2765 1834 2819 τὸν
1877 2763 1975 2818 τοῦ
2030 2765 2324 2838 ἀνθρώπου
2374 2769 2606 2841 ὁρισμὸν
2655 2767 2993 2840 ἐπιδέχεται,
3019 2768 3164 2822 τοῦτ’
3200 2768 3316 2822 ἐστι
3361 2766 3422 2820 τὸ
3473 2760 3614 2820 εἶναι
3719 2772 3724 2776 ’

2019 551 2308 621 pra-dicari
2342 553 2411 608 de
2433 555 2622 611 multis
2653 555 3074 626 hypostasibus,
3113 571 3224 612 non
3255 567 3438 611 autem
3487 557 3597 612 dici

2015 650 2271 705 naturam
2326 644 2749 714 particularem,
2784 653 2846 702 ut
2877 646 2958 702 illi
2993 646 3206 713 dicunt,
3240 647 3597 719 quemadmo-

2013 735 2142 790 dum
2172 751 2238 792 ex
2295 738 2380 792 his
2405 737 2902 796 demonstrabitur.
2943 739 3002 794 Si
3059 738 3208 794 enim
3243 746 3442 794 natura
3474 755 3599 811 par-

2015 827 2286 893 ticularis,
2326 839 2384 884 ut
2406 829 2486 884 illi
2513 830 2854 902 intelligunt,
2897 831 3212 902 hypostasis
3239 842 3344 892 est,
3367 847 3600 888 necesse

2014 921 2242 974 omnino
2280 930 2368 977 est
2411 923 2717 978 secundum
2775 939 2873 979 eos
2909 924 3126 979 Patrem
3151 965 3166 989 ,
3199 933 3252 979 et
3285 923 3506 990 Filium,
3545 931 3599 978 et

2018 1010 2280 1081 Spiritum
2336 1023 2588 1069 sanctum
2611 1056 2627 1080 ,
2661 1026 2770 1070 tres
2805 1017 3172 1084 particulares
3227 1025 3459 1070 naturas
3490 1032 3596 1069 nn-

2015 1103 2246 1168 merari,
2276 1110 2333 1159 et
2375 1112 2488 1158 tres
2518 1105 2652 1159 deos
2681 1104 2821 1170 dici,
2845 1114 2902 1160 et
2932 1117 3048 1162 tres
3077 1105 3334 1170 deitates,
3377 1120 3498 1175 quae
3514 1112 3600 1160 est

2016 1211 2236 1252 summa
2259 1197 2506 1252 omnium
2536 1197 2906 1269 blasphemia,
2943 1199 3079 1270 quin
3110 1199 3294 1269 potius
3324 1197 3600 1252 Christia-

2016 1287 2261 1343 nismum
2294 1289 2514 1360 penitus
2563 1305 2806 1362 negare;
2839 1290 3200 1364 quamobrem
3242 1287 3600 1343 manifestum

2017 1388 2104 1438 est
2134 1381 2437 1436 amentium
2469 1382 2858 1439 haereticorum
2895 1397 3042 1447 esse,
3070 1383 3217 1454 quod
3270 1382 3426 1436 aiunt
3477 1396 3603 1436 esse

2018 1479 2270 1526 naturam
2333 1473 2762 1542 particularem;
2798 1481 2852 1529 et
2886 1488 2954 1529 ex
2992 1470 3146 1528 omni
3201 1481 3359 1543 parte
3410 1481 3602 1527 contra

2017 1576 2114 1622 eos
2154 1563 2304 1635 regia
2329 1577 2535 1618 corona
2590 1563 2883 1620 redimitur
2926 1562 3066 1621 ﬁdes
3112 1563 3446 1627 orthodoxa,
3483 1575 3606 1632 qua

2017 1654 2324 1721 Christum,
2343 1668 2612 1714 aeternum
2642 1656 3070 1714 scilicetFilium
3099 1656 3300 1713 factum
3323 1654 3604 1710 hominem

2020 1765 2188 1806 unam
2227 1751 2564 1824 hypostasim
2605 1766 2753 1817 esse,
2787 1761 2844 1808 et
2875 1753 3016 1810 duas
3046 1762 3274 1808 naturas
3301 1749 3606 1806 conﬁtetur

1951 1879 1994 1937 Β
2020 1842 2276 1898 eumdem
2315 1843 2486 1899 Deum
2525 1843 2690 1900 simul
2719 1852 2775 1899 et
2821 1843 3133 1909 hominem,
3159 1842 3323 1914 362
3348 1840 3603 1896 eumdem

2020 1934 2342 2004 subjectum
2389 1935 2606 1990 duabus
2644 1935 2862 1992 naturis
2891 1942 2957 1990 ut
2983 1935 3051 1990 de
3091 1949 3159 1990 eo
3211 1931 3604 2004 praedicentur.

2023 2025 2271 2096 Utraque
2311 2027 2461 2083 enim
2513 2035 2706 2083 natura
2749 2029 2818 2085 de
2859 2042 2928 2084 eo
2971 2013 3339 2099 praedicatur,
3367 2033 3423 2081 et
3453 2038 3609 2079 com-

2025 2121 2271 2176 municat
2295 2135 2420 2176 cum
2453 2137 2520 2178 eo
2559 2129 2614 2177 et
2643 2138 2841 2178 nomen
2873 2129 2933 2178 et
2984 2121 3386 2179 deﬁnitionem.
3450 2115 3611 2174 Unde

2023 2219 2270 2267 mternns
2307 2208 2484 2267 Filius
2529 2219 2614 2267 est
2649 2211 2814 2278 Deus,
2869 2213 3016 2268 sicut
3060 2210 3245 2275 Pater,
3277 2217 3334 2265 et
3368 2207 3610 2278 Spiritus

2021 2312 2277 2368 sanctus,
2304 2313 2361 2360 et
2389 2303 2766 2360 deﬁnitionem
2816 2303 2912 2361 Dei
2967 2305 3183 2374 recipit,
3242 2303 3387 2360 sicut
3433 2314 3613 2355 une-s-

2021 2396 2526 2467 quisqueillorum,
2567 2405 2760 2466 estque
2783 2398 2924 2453 idem
2957 2405 3200 2453 aeternus
3219 2395 3391 2450 Filius
3422 2395 3613 2459 homo,

2024 2489 2169 2544 sicut
2200 2497 2254 2544 et
2284 2490 2668 2560 unusquisque
2695 2498 2984 2555 nostrum;
3016 2500 3070 2544 et
3103 2488 3479 2544 deﬁnitionem
3512 2486 3613 2539 ho-

2024 2580 2194 2637 minis
2213 2583 2432 2652 recipit,
2459 2582 2510 2636 id
2536 2591 2643 2647 est,
2668 2582 2870 2636 animal
2892 2582 3162 2637 rationale
3185 2581 3437 2641 mortale,
3461 2593 3614 2633 men-

2025 2672 2100 2726 tis
2125 2681 2180 2727 et
2202 2674 2520 2745 disciplinae
2542 2690 2736 2744 capax,
2763 2675 2909 2730 sicut
2931 2675 3316 2743 unusquisque
3336 2679 3614 2727 nostrum.

337 2853 478 2919 ζῶον
511 2855 749 2924 λογικὸν,
782 2855 979 2928 θνητὸν
1003 2896 1019 2922 ,
1051 2858 1146 2912 καὶ
1168 2859 1487 2927 ἐπιστήμης
1553 2856 1828 2923 δεκτικὸν,
1869 2857 1991 2911 καθ’
2026 2856 2086 2912 ὃν
2125 2860 2330 2929 τρόπον
2359 2861 2392 2931 ἡ
2404 2860 2523 2930 μῶν
2544 2860 2796 2924 ἕκαστος.

420 2948 478 3001 Ὀ
500 2947 560 3001 δὲ
585 2947 759 3016 λέγων
783 2948 876 3002 τὸν
909 2947 1147 3018 Χριστὸν
1183 2948 1314 3020 μίαν
1345 2943 1488 3001 εἶναι
1524 2947 1784 3001 σύνθετον
1820 2945 1919 3016 φύ-

2096 2947 2202 3015 Qui
2241 2958 2424 3006 autem
2457 2951 2596 3006 dicit
2645 2951 2930 3009 Christum
2971 2965 3138 3007 unam
3173 2957 3426 3006 naturam
3458 2965 3616 3005 com-

341 3056 447 3104 σιν,
480 3039 553 3104 ὼς
581 3040 698 3094 ἔστι
731 3039 832 3109 μία
859 3039 1116 3104 σύνθετος
1147 3039 1470 3104 ὑπόστασις,
1503 3039 1730 3110 ὀνόματι
1771 3037 1924 3107 φιλο-

343 3131 573 3202 σοφικῷ,
606 3134 708 3204 τήν
761 3151 821 3186 τε
882 3133 1045 3203 φύσιν
1093 3132 1298 3204 ταύτην
1351 3119 1640 3200 ὀνομάσαι,
1682 3129 1776 3184 καὶ
1825 3128 1926 3200 τὴν

342 3225 660 3290 ὑπόστασιν,
694 3223 956 3289 ὡσαύτως
987 3224 1364 3295 βιασθήσεται.
1427 3223 1539 3293 Τὴν
1573 3221 1762 3292 μέντοι
1795 3219 1928 3273 ὑπό-

343 3332 535 3368 στασιν
567 3315 784 3378 πάντως
815 3316 1096 3371 καλέσειεν
1122 3316 1292 3370 ἀΐδιον
1326 3314 1456 3368 Υίδν
1479 3310 1925 3383 σεσαρκωμένον.

343 3408 421 3478 Τῇ
452 3406 509 3460 δὲ
538 3407 701 3476 φύσει
735 3407 857 3461 τίνα
885 3408 1080 3478 κλῆσιν
1103 3409 1211 3478 ἄρα
1238 3407 1576 3478 ἐφαρμόσειν
1599 3404 1925 3474 δυνήσεταις

343 3502 406 3555 Εἰ
440 3502 552 3570 γὰρ
582 3499 714 3553 Θεὸν
745 3499 948 3568 ταύτην
979 3501 1325 3571 ὀνομάσειεν,
1358 3500 1661 3570 ἀρνήσεται
1696 3496 1795 3568 τὴν
1829 3496 1947 3556 ιῑινιο¹

344 3593 697 3663 θρωπότητα.
727 3594 791 3646 Εἰ
837 3593 896 3646 δὲ
933 3591 1140 3664 ταύτην
1206 3590 1494 3664 ἄνθρωπον
1549 3587 1930 3662 προσαγορεύ-

345 3701 512 3747 σειεν,
548 3683 732 3738 ἀνελεῖ
792 3684 894 3756 τὴν
953 3683 1185 3756 Τριάδα.
1219 3682 1280 3736 Et
1312 3681 1371 3736 δὲ
1418 3683 1560 3752 μήτε
1613 3681 1753 3734 Θεὸν
1789 3681 1930 3751 μήτε

346 3778 636 3849 ἄνθρωπον
665 3775 872 3846 ταύτην
901 3776 1244 3845 ὀνομάσειεν,
1274 3774 1366 3828 τδν
1401 3773 1639 3845 Χριστὸν
1681 3773 1790 3844 ἄρα
1823 3787 1932 3826 πα-

347 3869 709 3940 ραστήσεται,
738 3869 876 3939 μήτε
905 3866 1039 3920 Θεὸν
1068 3863 1239 3932 εἶναι,
1283 3867 1424 3938 μήτε
1458 3865 1752 3936 ἄνθρωπον
1780 3880 1795 3896 ·
1832 3861 1933 3917 atat

347 3956 489 4029 πρὸς
519 3959 586 4028 τῇ
622 3957 881 4031 αἰσχύνῃ,
912 3958 1006 4011 καὶ
1045 3956 1292 4029 μεγίστῳ
1320 3958 1712 4028 περιπεσεῖται
1763 3953 1934 4026 βλασ-

347 4051 684 4122 φημήματι,
767 4053 861 4104 καὶ
923 4050 1203 4116 ἀπωλείας
1266 4050 1530 4123 χάσματι.
1600 4051 1763 4104 Ποῖον
1823 4047 1935 4118 γὰρ

349 4143 572 4212 ἐφεύροι
612 4144 642 4196 6
670 4143 934 4213 δύστηνος
981 4143 1110 4215 τῇδε
1161 4145 1226 4214 τῇ
1277 4146 1410 4215 κενῇ
1459 4144 1553 4197 καὶ
1581 4140 1748 4196 νωθεϊ
1774 4140 1936 4210 φύσει

351 4233 610 4304 ἁρμόδιον
639 4234 832 4304 δνομα,
862 4235 947 4288 ὅτι
985 4233 1061 4305 μὴ
1089 4233 1404 4304 σκινδαψὸς,
1435 4235 1470 4307 ᾗ
1501 4232 1872 4305 τραγέλαφος,
1909 4241 1945 4314 ἢ

350 4323 481 4378 ἄλλο
509 4341 565 4377 τι
587 4324 697 4377 τῶν
721 4324 980 4378 τοιούτων
1008 4341 1022 4390 ;

424 4413 595 4467 Τοῦτο
622 4413 679 4467 δὲ
710 4414 945 4482 μάλιστα
971 4415 1054 4469 δεῖ
1099 4421 1391 4485 γινώσκειν
1419 4416 1584 4486 ὑμᾶς,
1615 4410 1661 4470 ὧ
1702 4414 1938 4483 φιλομα-

355 4506 633 4568 θέστατοι,
666 4506 743 4570 ὡς
790 4509 953 4578 ᾑμεῖς
985 4509 1034 4562 οί
1073 4507 1352 4580 ὀρθόδοξοι
1403 4508 1495 4560 τὸν
1525 4507 1765 4579 Χριστὸν
1795 4503 1939 4561 εἶναι

357 4597 490 4668 μίαν
523 4595 780 4649 σύνθετον
808 4597 1108 4652 ὑπόστασιν
1139 4598 1414 4666 λέγοντες,
1439 4599 1538 4669 οὑχ
1565 4599 1758 4670 ἑτέραν
1789 4597 1940 4668 παρὰ

350 4689 453 4762 τὴν
499 4688 594 4742 τοῦ
643 4689 816 4744 ἀϊδίου
863 4690 994 4743 Υίοῦ
1032 4691 1268 4761 νοοῦμεν
1309 4691 1630 4756 ὑπόστασιν,
1669 4691 1772 4760 τὴν
1808 4691 1942 4760 μίιν

351 4777 520 4835 οὖσαν
582 4780 683 4852 τῆς
733 4782 996 4852 Τριάδος·
1033 4783 1092 4836 οὑ
1148 4782 1258 4854 γὰρ
1314 4786 1501 4854 κοινήν
1555 4800 1677 4837 τινα
1723 4800 1940 4836 συνειση

355 4877 544 4950 φέρειν
597 4877 926 4948 ἀνεχόμεθα,
961 4879 1034 4948 μὴ
1061 4879 1275 4947 γένοιτο
1302 4880 1315 4932 ι
1367 4878 1506 4932 Ἀλλ’
1537 4875 1629 4933 οὖν
1687 4881 1715 4932 ό
1742 4879 1942 4950 τρόπος

355 4973 744 5042 σαφηνιζέσθω
770 4974 874 5044 τῆς
905 4975 1281 5047 ὑποστατικῆς
1317 4975 1644 5038 συνθέσεως.
1677 4974 1974 5029 Σύνθετον“

353 5065 422 5135 δὴ
457 5064 623 5136 διχῶς
655 5060 927 5138 εἶναιτὴν
973 5065 1072 5120 τοῦ
1115 5067 1290 5121 ἀϊδίου
1335 5065 1464 5121 Υίοῦ
1515 5067 1749 5139 λέγομεν
1805 5067 1943 5122 ὑπό-

358 5174 568 5212 στασιν.
619 5159 853 5226 Λέγεται
908 5159 1020 5230 γὰρ
1089 5159 1348 5224 σύνθετος
1401 5161 1468 5213 ἐκ
1533 5160 1792 5232 θεότητος
1847 5159 1946 5215 καὶ

357 5247 820 5319 ἀνθρωπότητος’
882 5249 1106 5318 λέγεται
1162 5250 1326 5317 πάλιν
1387 5251 1679 5319 σύνθετος,
1741 5251 1820 5316 ὡς
1879 5251 1945 5306 ἐκ

359 5341 541 5412 ψυχῆς
568 5341 662 5396 καὶ
686 5339 944 5410 σώματος
994 5340 1106 5396 τῶν
1141 5341 1452 5414 ἀνθρώπων
1489 5343 1744 5408 ἕκαστος.
1784 5343 1947 5398 Ἀλλά

360 5432 428 5484 ἐκ
459 5429 717 5500 θεότητος
769 5429 864 5483 καὶ¹
912 5429 1338 5504 ἀνθρωπότητος
1365 5433 1426 5486 οὑ
1474 5432 1695 5502 λέγεται
1738 5432 1946 5504 Κύριος

364 5522 644 5588 σύνθετος,
678 5523 1066 5595 μεταφορικῶς
1099 5523 1181 5577 δέ’
1209 5525 1319 5578 πᾶν
1352 5525 1462 5597 γάρ
1509 5527 1718 5598 κυρίως
1751 5525 1946 5580 σύνθε-

361 5632 458 5670 τον
512 5613 594 5680 ὃν,
660 5613 763 5668 οὑκ
803 5609 873 5684 ἦν
925 5615 1281 5670 παντάπασιν
1327 5618 1459 5688 πρὶν
1512 5617 1546 5688 ἢ
1604 5617 1946 5690 συνοφθῆναι

361 5707 426 5773 ἐξ
460 5702 535 5763 ὧν
568 5705 926 5762 συντέθειται.
961 5708 1068 5764 Τὸν
1097 5709 1157 5763 δὲ
1186 5709 1429 5780 Χριστὸν
1456 5707 1517 5763 οὔ
1548 5726 1733 5780 φαμεν
1755 5709 1947 5774 ἁπλῶς

364 5801 445 5876 μὴ
474 5794 617 5856 εἶναι
649 5798 930 5866 παντελῶς
952 5801 1061 5873 πρὸ
1087 5799 1188 5874 τῆς
1219 5800 1439 5856 συνόδου
1462 5801 1560 5872 τῆς
1584 5801 1839 5874 θεότητός
1878 5819 1938 5858 τε

2027 3040 2265 3110 positam
2288 3055 2436 3107 esse,
2470 3042 2616 3098 sicut
2641 3048 2728 3098 est
2757 3056 2869 3098 una
2917 3041 3224 3112 composita
3276 3040 3615 3112 hypostasis,

2028 3139 2254 3202 cogetur
2285 3133 2576 3190 nominare
2599 3134 2825 3190 nomine
2867 3132 3254 3204 philosophico
3293 3133 3456 3196 hanc,
3516 3148 3615 3186 na.

2029 3233 2233 3291 turam,
2267 3232 2323 3278 et
2358 3226 2620 3281 similiter
2654 3226 3020 3299 hypostasim.
3052 3225 3236 3295 Atque
3275 3225 3618 3296 hypostasim

2028 3317 2251 3387 quidem
2283 3318 2512 3373 omnino
2543 3322 2825 3374 vocaverit
2879 3328 3144 3375 aeternum
3178 3316 3379 3372 Filium
3430 3318 3620 3372 incar-

2030 3419 2244 3465 natum.
2274 3409 2500 3467 Naturae
2542 3425 2674 3466 vero
2718 3425 2881 3480 quam
2925 3411 3352 3481 appellationem
3399 3423 3619 3465 accom-

2034 3499 2261 3555 modare
2313 3500 2555 3571 poterit?
2615 3500 2674 3554 Si
2727 3500 2877 3557 enim
2937 3500 3083 3554 hanc
3133 3499 3372 3569 appellet
3425 3499 3618 3563 Deum,

2031 3590 2257 3658 negabit
2311 3591 2761 3646 humanitatem:
2805 3590 2893 3646 sin
2955 3598 3135 3646 autem
3193 3590 3335 3644 hanc
3389 3590 3624 3660 appellet

2033 3683 2336 3750 hominem,
2377 3683 2532 3740 tollet
2578 3681 2934 3740 Trinitatem.
2965 3681 3064 3738 Sin
3095 3697 3225 3738 vero
3272 3683 3414 3737 hanc
3445 3697 3624 3752 neque

2036 3775 2210 3832 Deum
2261 3791 2443 3847 neque
2496 3776 2775 3833 hominem
2824 3776 3090 3842 nominet,
3135 3776 3420 3830 Christum
3453 3775 3625 3845 igitur

2034 3873 2240 3924 statuet
2272 3881 2450 3936 neque
2482 3865 2650 3921 Deum
2681 3881 2808 3924 esse
2851 3881 3031 3936 neque
3061 3867 3363 3920 hominem.
3385 3864 3626 3920 Incidet-

2035 3972 2145 4027 que
2176 3957 2234 4012 in
2261 3956 2527 4020 dedecus,
2553 3965 2608 4012 et
2628 3957 2929 4014 maximum
2966 3957 3199 4022 crimen,
3225 3966 3280 4010 et
3311 3956 3620 4012 interitum.

2037 4049 2194 4117 Quod
2233 4049 2382 4104 enim
2445 4064 2642 4104 nomen
2697 4048 2866 4104 miser
2906 4049 3155 4104 invenire
3205 4049 3405 4118 poterit
3471 4050 3620 4104 inani

2039 4149 2095 4196 et
2155 4142 2327 4196 tarda:
2405 4149 2622 4196 naturae
2695 4141 3227 4195 accommodatum?
3291 4156 3401 4194 non
3475 4141 3623 4196 enim

2039 4248 2239 4290 nomen
2275 4232 2629 4303 scindapsus,
2657 4231 3151 4303 auttragelaphus,
3198 4241 3293 4287 aut
3333 4233 3484 4288 aliud
3522 4234 3625 4287 hu-

1972 4338 2016 4394 ι)
2041 4323 2310 4393 jusmodi.

2116 4415 2230 4471 Hoc
2256 4425 2439 4471 autem
2474 4417 2711 4471 maxime
2734 4415 3131 4472 advertendum
3162 4414 3343 4481 vobis,
3381 4415 3475 4486 qui
3508 4423 3628 4472 stu-

2043 4511 2136 4566 dio
2165 4509 2412 4566 discendi
2465 4508 2750 4572 tenemini,
2802 4508 2947 4578 qu0d
3008 4521 3110 4563 nos
3159 4507 3475 4571 orthodoxi,
3500 4521 3624 4562 cum

2043 4601 2329 4657 Christum
2359 4615 2525 4656 unam
2559 4599 2901 4672 hypostasim
2931 4598 3298 4670 compositam
3329 4614 3455 4655 esse
3483 4600 3628 4656 dici-

2045 4709 2190 4758 mus,
2243 4709 2352 4748 non
2408 4693 2573 4748 aliam
2636 4691 2999 4764 hypostasim,
3058 4706 3225 4762 quam
3282 4691 3628 4763 hypostasim

2043 4785 2237 4840 aeterni
2268 4783 2391 4839 Filii
2422 4784 2802 4855 intelligimus,
2842 4799 2966 4854 quae
3005 4797 3114 4837 una
3152 4792 3237 4838 est
3284 4781 3576 4839 Trinitatis
3609 4800 3626 4850 ;

2045 4892 2156 4932 non
2214 4878 2362 4932 enim
2413 4877 2658 4945 patimur
2703 4877 2945 4947 aliquam
3002 4889 3351 4931 communem
3413 4874 3628 4937 induci,

2046 4968 2193 5024 absit
2221 4969 2235 5023 ί
2275 4966 2383 5024 Sed
2417 4968 2766 5024 declaramus
2821 4967 3044 5023 modum
3078 4967 3441 5040 hypostatica:
3474 4981 3629 5022 com-

2045 5061 2363 5133 positionis.
2414 5062 2798 5134 Compositam
2863 5061 3089 5132 quidem
3147 5061 3446 5132 dupliciter
3504 5076 3632 5116 esse

2045 5155 2236 5212 aterni
2263 5154 2386 5211 Filii
2414 5154 2510 5210 Dei
2558 5155 2902 5228 hypostasim
2931 5157 3192 5212 dicimus.
3224 5155 3436 5210 Dicitur
3483 5154 3628 5211 enim

2047 5249 2359 5319 composita
2408 5263 2477 5305 ex
2503 5247 2796 5304 divinitate
2826 5256 2881 5304 et
2916 5249 3258 5303 humanitate
3296 5265 3310 5302 :
3343 5257 3395 5301 et
3426 5247 3632 5302 dicitur

2047 5356 2246 5398 rursus
2266 5341 2575 5411 composita
2601 5355 2666 5396 ex
2697 5341 2882 5394 anima-
2913 5351 2969 5396 et
2999 5353 3253 5410 corpore,
3289 5338 3434 5393 sicut
3466 5352 3634 5391 unus-

2047 5432 2287 5505 quisque
2330 5433 2516 5488 homo.
2568 5429 2674 5487 Sed
2707 5447 2774 5486 ex
2801 5431 3006 5488 deitate
3043 5440 3098 5488 et
3129 5433 3474 5486 humanitate
3522 5443 3630 5484 non

2049 5524 2252 5581 dicitur
2277 5524 2499 5596 proprie
2540 5526 2886 5594 composita,
2940 5525 3035 5581 sed
3085 5525 3480 5596 metaphorice,
3515 5523 3634 5579 sive

2048 5619 2336 5675 translate.
2370 5618 2548 5672 omne
2589 5615 2738 5671 enim
2792 5619 2940 5687 quod
2997 5618 3219 5688 proprie
3261 5615 3632 5687 compositum

2055 5719 2162 5775 est,
2197 5725 2306 5766 non
2358 5716 2480 5768 erat
2506 5708 2662 5778 prius
2685 5723 2851 5780 quam
2903 5709 3161 5781 cOpulata
3192 5715 3379 5765 essent
3422 5724 3510 5773 ea,
3565 5722 3630 5762 ex

2045 5800 2244 5876 quibus
2272 5799 2641 5874 compositum
2662 5806 2768 5859 est.
2799 5799 3086 5858 Christum
3112 5815 3242 5859 vero
3261 5817 3373 5858 non
3397 5799 3632 5857 dicimus
