3928 6130
344 315 484 386 N93

1767 322 2183 388 OPUSCULA.
2283 373 2288 377 -

3471 316 3608 382 1494

413 437 478 482 Λ.
519 425 699 488 ’Λπας
723 425 954 498 αριθμδς
983 427 1414 500 προσδεχόμενος
1440 433 1766 506 προσθήκην
1785 477 1798 501 ,
1825 436 1920 488 καὶ

2095 439 2160 493 Δ.
2206 437 2402 497 Omnis
2453 453 2727 497 numerus
2796 432 2894 506 qui
2938 423 3142 507 recipit
3167 425 3602 499 "accessionem,

343 518 521 588 πέρας
564 517 900 589 ἐπιδέχεται.
949 519 1008 574 '0
1065 517 1160 576 οὑν
1201 521 1312 576 τῶν
1341 521 1646 594 ἀνθρώπων
1683 526 1918 597 άριθμδς

342 610 728 680 ἐπιδεχόμενος
779 611 1124 682 προσθήκην,
1181 617 1602 686 πεπερασμένος
1657 619 1836 682 ἐστὶν,
1866 619 1918 672 εἰ

343 703 440 756 καὶ
478 705 642 773 ἡμεῖς
685 705 992 776 ἀγνοοῦμεν
1021 706 1121 777 τὴν
1151 709 1450 780 ποσότητα,
1474 711 1590 764 ἀλλ’
1623 712 1918 784 ὑποθώμε-

345 793 412 846 θα
465 795 762 862 συντομίας
808 797 902 850 καὶ
961 799 1264 869 σαφηνείας
1321 801 1552 869 ἕνεκεν,
1585 798 1726 856 εῖναι
1791 807 1922 870 τοὺς

342 883 557 948 πάντας
599 885 923 956 ἀνθρώπους
960 889 1176 945 ἑκατόν.
1242 891 1532 945 Ἀδύνατον
1589 892 1647 946 δὲ
1696 893 1922 956 τούτους

345 974 594 1038 ἃπαντας
623 979 922 1046 γεννητοὺς
949 979 1250 1049 ὑπάρχειν·
1292 981 1354 1046 ἐξ
1384 983 1632 1054 ἀλλήλων
1681 985 1780 1054 μὲν
1811 984 1922 1056 γὰρ

345 1063 818 1132 γενεαλογοῦνται·
855 1067 992 1120 άλλὰ
1017 1069 1359 1134 ἀναποδίζων
1388 1074 1416 1125 ό
1445 1074 1568 1136 νοῦς
1595 1073 1696 1145 τὴν
1727 1092 1922 1143 γενεα-

343 1154 534 1222 λογίαν
557 1157 654 1209 ἐπὶ
698 1157 767 1210 τά
801 1158 934 1224 ἅνω,
974 1161 1054 1223 είς
1098 1161 1194 1214 ἕνα
1235 1165 1480 1234 καταντᾷ
1509 1165 1730 1230 πάντως
1761 1165 1924 1236 άγέν-

343 1261 526 1314 νητον.
568 1247 644 1299 Οὐ
681 1249 790 1318 γάρ
821 1249 1100 1319 ἐνδέχεται
1145 1252 1238 1304 ἐπὶ
1269 1253 1362 1307 τὸν
1400 1255 1620 1325 πρῶτον
1667 1256 1924 1322 ἐλθόντας

344 1336 542 1401 εἰπεῖν,
575 1339 737 1391 αὑτὸν
761 1338 820 1406 ἐξ
870 1341 1030 1395 ἄλλου
1070 1345 1470 1415 γεγεννῆσθαι·
1511 1347 1634 1401 ἐπεὶ
1667 1350 1923 1416 κάκεῖνος

343 1427 404 1493 ἐξ
454 1428 642 1499 ἑτέρου
691 1433 1094 1503 γεγεννημένος
1121 1434 1184 1488 ἂν
1219 1437 1330 1508 εἴη,
1363 1437 1558 1509 μέχρις
1593 1440 1659 1494 ἂν
1691 1441 1786 1494 ἐπὶ
1831 1441 1923 1496 τὸν

345 1518 566 1588 πρῶτον
627 1522 922 1593 ἀγέννητον
952 1526 1043 1579 τὸν
1075 1527 1204 1582 νοῦν
1249 1530 1646 1602 ὲπερείσωμεν.
1681 1535 1920 1606 Ἀνάγκη

343 1611 528 1666 τοίνυν
554 1613 762 1681 τοῦτον,
787 1616 820 1686 ἢ
847 1619 912 1670 ὲκ
943 1622 1042 1690 τῆς
1071 1621 1176 1691 γῆς
1209 1621 1394 1690 φῦναι,
1419 1625 1672 1696 καθάπερ
1697 1627 1764 1680 τά
1792 1627 1922 1698 βλα-

346 1704 604 1772 στήματα
623 1706 690 1776 ,ἢ
721 1707 894 1762 ἀΐδιον
919 1706 1132 1784 εἷναι,ἢ
1159 1715 1265 1768 ὑπό
1285 1733 1430 1778 τινος
1449 1718 1792 1790 δημιουργοῦ
1823 1739 1921 1775 πε-

347 1795 632 1866 ποιῆσθαι.
671 1797 810 1851 Ἀλλ’
843 1802 890 1853 εἰ
919 1801 1022 1870 μὲν
1051 1805 1116 1856 ὲκ
1145 1805 1245 1874 τῆς
1275 1807 1372 1875 γῆς
1407 1807 1800 1881 ἐϐεϐλαστήκει
1827 1813 1923 1866 καὶ
1953 1793 1996 1848 Β

348 1887 429 1949 είς
475 1886 558 1941 ἔτι
597 1889 665 1942 ἂν
715 1890 844 1963 ἄχρι
875 1892 970 1946 τοῦ
1003 1898 1271 1967 παρόντος
1301 1899 1525 1970 ἐτέρους
1565 1902 1920 1972 ὲϐλάστανεν,

347 1975 534 2070 ώσπερ
561 1981 791 2036 καὶτῶν
829 1983 1064 2056 δένδρων
1095 1987 1193 2041 καὶ
1223 1988 1464 2058 βοτανῶν
1494 1993 1632 2065 είδη.
1701 1997 1924 2070 Ἐπειδὴ

347 2068 404 2122 δὲ
443 2071 543 2141 οὐχ
584 2072 802 2142 ὁρῶμεν
827 2076 986 2129 τοῦτο
1013 2079 1320 2149 γινόμενον,
1353 2083 1512 2152 δῆλον
1541 2084 1624 2138 ὅτι
1654 2087 1778 2141 οὑδὲ
1831 2068 1922 2144 τὸν

349 2161 568 2231 πρῶτον
617 2164 972 2236 ἐϐλάστησεν.
1002 2171 1140 2223 Οὐδὲ
1199 2173 1308 2242 μὴν
1367 2175 1540 2239 ἀΐδιος
1593 2173 1684 2250 ἦν.
1722 2181 1784 2234 Εἰ
1815 2182 1932 2250 γὰρ.

347 2253 584 2326 ἄνασρχος
639 2259 736 2310 καὶ
790 2261 961 2322 dioto;
1023 2263 1288 2334 ὑπῆρχεν,
1342 2267 1446 2320 οὑκ
1491 2268 1559 2322 ἂν
1619 2271 1926 2342 ἐτεθνήκει,

347 2345 457 2402 οὐδ’
482 2345 552 2400 ἂν
597 2349 868 2405 ἀπώλετο.
901 2353 976 2406 Τὸ
1023 2354 1130 2426 γὰρ
1185 2356 1448 2428 ἄναρχον,
1478 2361 1575 2415 καὶ
1627 2363 1926 2436 ἀτελεύτη-

346 2453 460 2492 τον.
489 2439 752 2494 Λείπεται
779 2445 1070 2514 τοιγαροῦν
1105 2447 1266 2501 αὑτὸν
1309 2453 1642 2522 πεποιῆσθαι
1670 2457 1737 2521 ¹¹,
1768 2458 1828 2510 τὸ
1869 2459 1926 2512 δὲ

347 2533 721 2603 πεποιημένον
747 2534 861 2605 ἔχει
893 2540 1144 2611 ποιητήν.
1171 2543 1314 2612 Ἀρα
1333 2543 1444 2599 τῶν
1471 2545 1772 2618 ἀνθρώπιον
1805 2551 1928 2605 ἐστὶ

347 2621 590 2692 Κτίστης
612 2640 672 2676 τε
708 2626 802 2678 καὶ
833 2629 1096 2698 ποιητής..

385 2727 398 2738 ·
416 2711 586 2781 Δέχου
611 2713 670 2766 δὲ
697 2715 790 2768 καὶ
819 2716 985 2788 ἄλλην
1007 2720 1283 2788 ἀπόδειξιν
1309 2723 1389 2786 είς
1419 2724 1750 2794 θεογνωσίαν
1791 2728 1921 2784 καθ-

347 2801 670 2890 οδηγοῦσαν.
696 2805 833 2860 Εἰπέ
869 2825 985 2877 μοι,
1013 2811 1058 2863 εί
1093 2809 1264 2880 βῶλον
1288 2815 1350 2866 ὲκ
1367 2815 1466 2884 τῆς
1489 2819 1592 2887 γῆς
1627 2817 1809 2874 λαϐὼν
1840 2823 1926 2892 ἐφ’

347 2884 552 2965 ὑψηλὸν
638 2897 932 2971 άναϐαίην-
1012 2901 1322 2974 δωμάτιον,
1396 2884 1654 2964 κάκείθεν
1735 2884 1925 2968 τοῦτον

345 2985 564 3056 ἀφείην,
593 2988 712 3060 οὑχὶ
741 2990 900 3060 φύσει
950 2997 1277 3068 κατωφερὴς
1305 2996 1402 3064 ὢν,
1434 3000 1527 3053 ἐπὶ
1549 3001 1616 3054 τὰ
1653 3003 1804 3058 κάτω
1846 3005 1926 3059 δι-

343 3079 560 3145 ηνεκῶς
610 3081 856 3151 φέρεται,
907 3085 1102 3158 μέχρις
1161 3087 1227 3143 ἂν
1289 3091 1382 3144 ἐπὶ
1430 3093 1792 3166 στερεώτερον
1833 3098 1924 3152 καὶ

343 3169 602 3239 ἀκίνητον
633 3173 854 3244 ὲρεισθῇ
879 3191 896 3243 ;

414 3259 481 3315 Β.
503 3263 634 3316 Ναί.

412 3353 478 3408 Α.
509 3353 698 3421 Οὕτως
753 3358 848 3412 καὶ
881 3363 912 3432 ἡ
948 3361 1044 3434 γῆ·
1105 3365 1168 3418 ὲκ
1191 3365 1300 3438 γάρ
1355 3368 1452 3422 τοῦ
1479 3371 1679 3440 μέρους
1717 3375 1777 3430 τὸ
1812 3379 1924 3433 πᾶν

343 3447 844 3519 καταλαμϐάνεται.
891 3454 955 3508 Et
993 3457 1068 3526 μὴ
1123 3459 1232 3531 γάρ
1270 3459 1516 3516 κάτωθεν
1546 3461 1693 3536 εἶχέν
1719 3487 1770 3523 τι
1799 3487 1924 3524 στε-

344 3537 616 3612 ρεὼτερον
651 3543 934 3612 ὑπερεῖδον
962 3548 1156 3620 αὐτὴν,
1199 3551 1298 3606 οὑκ
1336 3552 1402 3610 ἂν
1424 3555 1616 3624 ἔληξεν
1637 3559 1790 3616 κάτω
1824 3581 1924 3632 φε-

345 3633 566 3702 ρομένη.
625 3633 740 3689 Νῦν
795 3636 850 3690 δὲ
887 3638 1092 3711 ταύτην
1113 3643 1331 3714 ὁρῶμεν
1381 3647 1700 3706 ἀσάλευτον.
1737 3653 1924 3709 Ἔστιν

342 3719 454 3793 ἄρα
483 3721 716 3794 δύναμίς
744 3743 828 3790 τις
882 3728 1207 3801 ίσχυροτέρα
1237 3736 1277 3804 ἡ
1307 3734 1514 3806 ταύτην
1563 3738 1924 3809 ὑπερείδουσα

343 3815 439 3867 καὶ
496 3815 862 3886 βαστάζουσα,
922 3821 1048 3892 ἥτις
1093 3824 1242 3878 ἐστὶν
1271 3829 1300 3880 ό
1326 3827 1422 3881 τοῦ
1460 3829 1597 3884 Θεοῦ
1632 3833 1826 3902 Λόγος.
1859 3835 1922 3889 Ei

341 3905 454 3977 γὰρ
487 3907 674 3979 ἕτερον
704 3910 922 3965 ὑπεῖναι
952 3913 1112 3982 σῶμα
1153 3916 1286 3988 φαίη
1314 3935 1396 3982 τις
1421 3921 1705 3992 ὑπερεῖδον
1731 3925 1924 3996 αὐτὴν,

343 3997 397 4050 τί
436 3998 500 4051 τὸ
560 4002 784 4055 κακεῖνο
833 4002 1146 4074 βαστάζονς
1181 4009 1278 4062 καὶ
1313 4010 1456 4066 οὑτω
1504 4013 1788 4070 διατείνων
1821 4019 1925 4091 τὴν

343 4085 574 4158 ἔρευναν
622 4092 650 4144 ό
713 4091 1000 4163 λογισμὸς,
1050 4096 1110 4149 οὑ
1173 4098 1408 4154 παύεται
1447 4101 1606 4174 ἄχρις
1652 4105 1718 4159 ἂν
1751 4109 1843 4160 tat
1870 4085 1923 4164 τι

343 4179 522 4249 πέρας
575 4185 676 4253 στῇ
759 4183 1200 4257 βασταζομένων.
1260 4192 1334 4244 Οὑ
1404 4195 1515 4266 γὰρ
1573 4196 1640 4250 ἂν
1697 4199 1924 4272 ἄπειρος

343 4272 588 4327 κάτωθεν
626 4275 736 4344 εἴη,
767 4275 977 4330 ἄνωθεν
1015 4283 1424 4355 περατουμένη.
1465 4287 1539 4339 Τὸ
1575 4288 1686 4359 γὰρ
1725 4290 1782 4355 ἐξ
1805 4293 1924 4356 ἐνὸς

2027 531 2190 587 finem
2239 550 2464 606 quoque
2511 535 2734 606 recipit.
2781 529 3060 587 Numerus
3109 529 3278 601 igitur
3314 527 3602 582 hominum

2025 625 2400 679 accessionem
2435 625 2732 695 recipiens,
2767 621 2958 677 finitus
3007 627 3092 675 est
3120 657 3136 683 ,
3188 618 3444 689 quamvis
3496 631 3601 671 nos

2024 723 2264 784 quantus
2320 718 2389 772 sit
2430 717 2770 787 ignoremus,
2813 712 2913 770 sed
2960 725 3258 783 ponamus,
3307 709 3602 796 brevitatis

2023 815 2078 862 et
2107 807 2502 863 declarationis
2533 808 2708 878 gratia
2728 847 2743 872 ,
2784 819 2978 862 omnes
3008 804 3262 858 homines
3311 815 3434 857 esse
3466 817 3600 854 cen-

2025 904 2166 951 tum.
2194 897 2340 954 Fieri
2375 915 2484 954 non
2504 908 2682 980 potest
2706 905 2766 953 ut
2807 897 2861 951 hi
2909 896 3162 951 homines
3181 893 3392 948 fuerint
3409 891 3598 962 geniti.

2024 987 2128 1042 Alii
2165 989 2390 1060 quidem
2417 1005 2481 1046 ex
2506 971 2632 1045 aliis
2657 997 2838 1044 ortum
2863 988 3096 1051 ducunt,
3123 986 3222 1041 sed
3249 999 3404 1040 mens
3436 982 3604 1037 ratio-

2027 1096 2152 1136 nem
2209 1092 2366 1138 ortus
2412 1090 2467 1136 et
2510 1081 2744 1151 originis
2787 1095 3010 1136 sursum
3040 1092 3326 1142 revocans,
3378 1075 3603 1132 omnino

2029 1172 2096 1228 ad
2127 1189 2297 1228 unum
2339 1187 2444 1228 non
2501 1176 2743 1244 genitum
2796 1171 3000 1228 evadit.
3033 1170 3170 1226 Cum
3209 1169 3354 1224 enim
3395 1169 3460 1221 ad
3490 1166 3605 1235 pri-

2028 1278 2178 1318 mum
2211 1262 2512 1326 devenerit,
2547 1277 2656 1316 non
2687 1267 2868 1331 potest
2899 1260 3092 1314 dicere
3130 1273 3198 1314 ex
3257 1257 3366 1311 alio
3421 1265 3602 1311 ortum

2027 1365 2173 1418 esse,
2204 1351 2336 1421 quia
2385 1359 2439 1406 et
2505 1351 2600 1406 ille
2651 1351 2790 1406 alius
2837 1365 2908 1405 ex
2961 1348 3072 1403 alio
3127 1347 3260 1402 item
3307 1357 3604 1418 generatus

2027 1450 2196 1508 esset,
2229 1442 2407 1498 donec
2434 1443 2488 1497 in
2521 1441 2701 1512 primo
2724 1455 2878 1496 mens
2903 1439 3182 1496 consistat
3214 1437 3342 1492 fixa.
3367 1435 3606 1492 Necesse

2028 1536 2196 1606 igitur
2222 1545 2308 1592 est
2337 1545 2394 1592 et
2441 1543 2590 1591 terra
2623 1545 2810 1590 natum
2861 1548 2986 1590 esse
3038 1533 3186 1586 hunc
3219 1529 3398 1586 instar
3441 1529 3606 1583 arbo—

2027 1642 2178 1692 rum,
2221 1635 2316 1682 aut
2374 1637 2644 1682 aeternum
2677 1640 2820 1693 esse,
2875 1631 2972 1679 aut
3013 1625 3082 1678 ab
3132 1623 3316 1692 aliquo
3359 1628 3607 1676 creatore

2030 1719 2235 1776 factum
2293 1735 2433 1777 esse.
2479 1719 2584 1774 Sed
2629 1720 2675 1775 si
2717 1735 2749 1774 e
2791 1727 2936 1774 terra
2972 1724 3132 1772 ortus
3167 1715 3386 1780 fuisset,
3426 1715 3607 1769 adhuc

2026 1829 2202 1883 usque
2232 1813 2284 1867 in
2322 1811 2647 1866 hodiernum
2705 1811 2849 1865 diem
2907 1809 3047 1864 alios
3085 1817 3232 1863 terra
3264 1813 3602 1877 procrearet,

2025 1905 2170 1961 sicut
2199 1903 2259 1958 ﬁt
2297 1904 2353 1958 in
2403 1917 2606 1973 genere
2637 1901 2903 1956 arborum
2945 1907 3004 1954 et
3037 1899 3352 1954 herbarum.
3383 1897 3453 1950 At
3472 1897 3606 1967 quia

2026 1995 2132 2050 hoc
2186 1994 2304 2050 fieri
2364 2007 2476 2048 non
2533 1993 2808 2056 videmus,
2873 1989 3228 2045 manifestum
3285 1995 3372 2044 est
3427 2001 3606 2056 neque

2025 2087 2262 2158 primum
2321 2100 2672 2156 procreasse.
2725 2083 2836 2138 Sed
2887 2097 2992 2138 nec
3045 2090 3282 2137 aeternus
3341 2087 3482 2136 erat.
3544 2077 3605 2136 Si

2025 2178 2176 2234 enim
2229 2177 2502 2246 principio
2535 2175 2832 2242 caruisset,
2855 2184 3118 2244 essetque
3146 2182 3410 2239 aeternus,
3461 2189 3607 2229 nun-

2025 2283 2190 2340 quam
2219 2277 2474 2324 mortuus
2510 2266 2730 2332 fuisset,
2757 2281 2933 2336 neque
2955 2266 3254 2321 interisset.
3280 2265 3434 2333 Quod
3454 2265 3600 2320 enim

2027 2361 2360 2432 principium
2414 2375 2524 2414 non
2575 2359 2764 2425 habet,
2801 2372 2982 2428 neque
3009 2357 3170 2412 ﬁnem
3201 2357 3388 2412 habet.
3417 2356 3604 2411 Relin-

2025 2453 2215 2524 quitur
2244 2451 2414 2522 igitur
2471 2459 2531 2504 ut
2561 2449 2744 2504 factus
2779 2449 2962 2504 fuerit.
2998 2448 3157 2514 Quod
3183 2456 3366 2503 autem
3395 2447 3600 2502 factum

2024 2554 2131 2610 est,
2161 2553 2438 2600 auctorem
2475 2543 2658 2599 habet.
2695 2542 2790 2597 Est
2827 2542 2998 2614 igitur
3042 2541 3276 2598 Creator
3308 2550 3362 2597 et
3409 2549 3606 2596 auctor

2027 2636 2312 2692 hominum
2341 2635 2518 2693 Deus.

2099 2727 2302 2798 Accipe
2335 2708 2500 2782 aliam
2527 2727 3080 2793 demonstrationem,
3102 2742 3226 2799 quae
3247 2727 3312 2782 ad
3335 2727 3604 2799 cognitio-

2026 2835 2151 2874 nem
2175 2818 2270 2873 Dei
2305 2818 2549 2874 deducit.
2582 2817 2680 2873 Die
2713 2819 2868 2882 mihi,
2899 2820 2946 2876 si
2973 2819 3187 2890 glebam
3225 2829 3430 2875 e-terra
3457 2821 3604 2874 acci-

2026 2924 2236 2980 perem,
2263 2916 2318 2963 et
2341 2907 2398 2963 in
2417 2909 2592 2962 altum
2615 2915 2818 2964 tectum
2845 2908 3221 2972 ascenderem,
3245 2917 3300 2964 et
3320 2907 3444 2963 inde
3464 2909 3604 2964 hanc

2025 3001 2384 3068 dimitterem,
2430 3015 2500 3054 an
2531 3015 2640 3055 non
2675 3009 2872 3054 natura
2899 3009 3165 3072 perpetuo
3193 2999 3450 3055 deorsum
3492 2998 3605 3053 fer-

2025 3100 2200 3157 retur,
2231 3107 2522 3163 quousque
2579 3091 2637 3146 in
2669 3091 2976 3148 infirmiore
3005 3093 3264 3164 quopiam
3311 3103 3366 3149 et
3403 3093 3603 3149 immo-

2026 3185 2124 3240 bili
2159 3186 2464 3240 firmaretur
2481 3186 2522 3252 2,

2094 3273 2154 3331 Β.
2197 3273 2452 3330 Maxime.

2093 3367 2158 3422 Α.
2190 3366 2352 3438 365
2390 3367 2482 3422 Sic
2513 3368 2678 3424 etiam
2711 3376 2894 3438 terra;
2937 3385 3004 3426 ex
3059 3379 3218 3442 parte
3249 3372 3396 3428 enim
3437 3371 3602 3428 intel-

2023 3457 2212 3530 ligitur
2262 3467 2462 3515 totum.
2498 3458 2618 3516 Nisi
2655 3461 2804 3517 enim
2847 3461 3078 3517 haberet
3114 3465 3326 3534 aliquid
3361 3464 3600 3530 firmius,

2023 3549 2175 3621 quod
2233 3551 2409 3621 ipsam
2457 3549 2706 3618 fulciret,
2774 3568 3056 3623 nunquam
3127 3554 3408 3611 desineret
3471 3557 3602 3612 ferri

2024 3641 2304 3718 deqrsum.
2351 3641 2513 3697 Nunc
2561 3653 2746 3700 autem
2793 3645 3049 3701 videmus
3089 3645 3236 3702 hanc
3293 3647 3598 3702 immotam.

2023 3733 2122 3790 Est
2162 3735 2333 3805 igitur
2379 3735 2462 3792 vis
2506 3736 2692 3807 aliqua
2732 3737 2956 3804 fortior,
2993 3755 3119 3810 qua
3151 3739 3301 3794 hanc
3361 3741 3605 3795 sustinet

2023 3835 2076 3880 et
2121 3835 2332 3896 portat,
2385 3841 2506 3896 quae
2563 3833 2650 3882 est
2704 3828 2946 3883 Verbum
2989 3828 3108 3885 Dei.
3141 3829 3198 3884 Si
3255 3831 3400 3885 enim
3447 3832 3602 3886 dicas

2025 3916 2175 3970 aliud
2216 3931 2420 3987 corpus
2473 3917 2730 3982 subesse,
2779 3920 2929 3990 quod
2981 3936 3102 3976 eam
3137 3924 3431 3987 sustineat,
3465 3923 3602 3990 quid

2023 4008 2132 4062 erit
2156 4007 2303 4077 quod
2363 4007 2500 4062 illud
2539 4007 2718 4077 ipsum
2768 4025 2973 4080 corpus
3005 4020 3190 4081 portat
3220 4013 3288 4068 et'
3326 4015 3604 4070 sustinet?

2024 4107 2190 4170 atque
2232 4099 2308 4154 ita
2358 4100 2626 4170 cogitatio
2675 4103 2915 4156 scrutari
2955 4119 3216 4173 pergens,
3251 4121 3362 4160 non
3413 4121 3602 4163 cessa-

2023 4191 2104 4246 bit
2147 4205 2439 4262 quousque
2491 4193 2744 4263 quiescat
2779 4193 2834 4247 in
2869 4195 3058 4264 aliquo
3109 4196 3376 4260 termino,
3402 4203 3457 4250 et
3499 4212 3601 4251 ex-

2022 4292 2220 4346 tremo,
2251 4284 2399 4354 quod
2433 4284 2765 4339 sustinetur.
2807 4283 2928 4340 Non
2963 4285 3112 4340 enim
3145 4294 3232 4341 est
3265 4287 3484 4344 inferne
3513 4289 3600 4344 in-

346 4362 546 4434 μέρους
575 4369 1058 4440 πεπερατωμένον,
1106 4373 1202 4426 καὶ
1237 4375 1302 4428 ὲκ
1338 4375 1432 4428 τοῦ
1461 4376 1629 4432 ἄλλου
1647 4379 1810 4450 δῆλον
1841 4383 1922 4437 ὅτι

2028 4375 2237 4430 finitum
2263 4375 2410 4445 quod
2460 4383 2546 4431 est
2593 4390 2836 4446 superne
2861 4378 3238 4432 terminatum.
3265 4377 3420 4445 Quod
3451 4381 3598 4434 enim

343 4451 520 4522 πέρας
576 4452 710 4517 ἕξει.
762 4457 824 4509 Et
862 4458 970 4529 γάρ
1001 4461 1264 4531 σπαρτίον
1293 4463 1415 4515 καθ’
1450 4465 1705 4522 ὑπόθεσιν
1734 4466 1802 4541 ἦν
1855 4474 1918 4527 ἐκ

2028 4480 2111 4528 εει
2141 4487 2208 4528 εκ
2241 4487 2350 4526 una
2410 4480 2568 4542 parte
2603 4471 2995 4540 terminatum,
3050 4471 3214 4527 etiam
3255 4487 3322 4527 ex
3353 4472 3459 4526 alia
3492 4480 3602 4526 ter-

341 4544 498 4598 τοῦδε
524 4545 620 4599 τοῦ
675 4548 876 4618 μέρους
912 4551 1014 4619 τῆς
1064 4554 1188 4624 γῆς,
1242 4553 1352 4620 ἕως
1391 4556 1486 4611 τοῦ
1520 4559 1706 4632 ἑτέρου
1735 4563 1922 4633 διῆκον

2028 4562 2230 4616 minum
2283 4561 2526 4615 habebit.
2565 4561 2702 4615 Nam
2738 4562 2784 4616 si
2810 4562 2982 4625 funis,
3009 4568 3068 4616 ut
3107 4562 3179 4614 ita
3219 4576 3508 4631 ponamus,
3533 4577 3601 4617 ex

345 4635 572 4708 μέρους.
607 4639 1004 4712 ἐπιλαϐόμενος
1033 4645 1090 4698 δὲ
1142 4645 1238 4699 τοῦ
1283 4648 1710 4721 ἐπιφαινομένου
1751 4654 1922 4722 ἄκρου

2028 4653 2123 4706 hac
2159 4659 2314 4721 parte
2357 4657 2518 4708 terrae
2549 4668 2726 4723 usque
2755 4653 2822 4708 ad
2855 4654 3089 4708 alter-am
3127 4664 3338 4724 partem
3389 4655 3602 4724 per-tin-

341 4729 438 4783 τοῦ
462 4733 750 4804 σπαρτίον,
806 4735 1094 4801 ὲξείλκυσα
1141 4738 1256 4805 δύο,
1285 4739 1317 4810 ἢ
1347 4745 1496 4811 τρεῖς
1535 4745 1758 4815 πήχεις,
1802 4748 1922 4820 οὑχὶ

2028 4745 2256 4814 gat,ipse
2285 4759 2428 4799 vero
2448 4760 2719 4800 summam
2769 4754 2980 4816 partem
3019 4745 3192 4812 funis,
3227 4747 3320 4816 qui
3357 4745 3598 4812 videtur,

341 4821 439 4875 καὶ
463 4824 530 4876 ἐκ
558 4824 650 4878 τοῦ
683 4826 874 4896 ἑτέρου
904 4830 1140 4896 ἀφανοῦς
1181 4831 1403 4902 μέρους,
1423 4835 1638 4908 ἀνάγκη
1663 4841 1919 4894 ἀποσπα-

2028 4836 2450 4906 apprehendam,
2501 4844 2558 4892 et
2608 4837 2828 4893 duobus
2871 4845 2966 4892 aut
3013 4837 3188 4894 tribus
3216 4837 3424 4894 cubitis
3473 4852 3598 4892 eum

345 4913 542 4984 σθῆναι
575 4918 636 4970 τὸ
665 4917 838 4989 ἄκρον
868 4918 962 4972 τοῦ
990 4921 1276 4990 σπαρτίον,
1321 4923 1678 4997 έξελκόμενον
1725 4931 1820 4984 ἐπὶ
1850 4931 1920 4985 τά

2028 4929 2374 5000 protendam,
2427 4945 2612 4984 annon
2657 4945 2892 4987 necesse
2939 4933 3068 4996 erit,
3095 4947 3160 4987 ex
3193 4932 3368 4986 altera
3419 4939 3596 5001 parte,

342 5005 456 5060 ἂνω
483 5007 758 5073 τοσοῦτον,
791 5011 1024 5066 καθόσον
1052 5013 1344 5081 ὲξείλκυσα
1375 5019 1604 5090 μέτρον;
1632 5021 1914 5076 Ἐντεῦθεν

2028 5036 2138 5091 qua:
2185 5037 2294 5077 non
2347 5031 2599 5094 apparet,
2635 5023 2798 5078 avelli
2850 5039 3122 5079 summam
3175 5035 3386 5095 partem
3451 5023 3597 5076 funis

341 5095 458 5150 ἔστι
517 5099 702 5169 σαφῶς
759 5101 955 5156 εἰδέναι
985 5103 1084 5175 τὴν
1118 5105 1223 5176 γῆν
1251 5107 1314 5162 τὸ
1335 5109 1508 5180 πέρας
1539 5109 1686 5182 ἔχειν
1733 5114 1916 5168 κάτω-

2028 5119 2174 5167 lanto
2217 5114 2398 5180 spatio
2448 5129 2666 5169 sursum
2713 5122 3032 5178 attractam,
3091 5121 3304 5184 quanto
3329 5127 3400 5168 ex
3426 5113 3598 5166 altera

343 5187 455 5242 θεν.
507 5191 676 5245 Ὥστε
723 5193 792 5247 ἐκ
817 5194 1026 5249 τούτων
1060 5197 1461 5265 ἀποδέδεικται,
1495 5203 1576 5256 ὅτι
1609 5203 1719 5258 τῶν
1747 5205 1918 5262 ὄντων

2028 5211 2176 5273 parte
2199 5205 2438 5259 attraxi?
2461 5204 2747 5262 llinclicet
2783 5207 3079 5278 perspicue
3109 5219 3468 5278 cognoscere,
3497 5204 3597 5258 ha-

341 5282 458 5335 ὲστὶ
487 5285 740 5355 ποιητής.

2028 5295 2154 5351 bere
2209 5303 2410 5350 terram
2453 5298 2630 5374 finem
2683 5298 2921 5354 inferne.
2945 5299 3128 5367 Quare
3155 5313 3220 5355 ex
3254 5298 3342 5353 his
3371 5299 3600 5353 demon-

2021 5395 2255 5443 stratum
2302 5395 2386 5443 est
2437 5404 2564 5445 esse
2593 5389 2760 5446 Deum
2789 5390 3035 5447 omnium
3074 5405 3261 5447 rerum
3291 5396 3598 5446 auctorem.

1612 5583 1846 5647 VARIE
1885 5589 2286 5651 LECTIONES.

417 5706 464 5741 "‘
491 5710 620 5767 αὐτὸ
651 5717 968 5788 πεποίηται.
