3928 6130
247 355 386 428 “97
485 393 492 400 -

1671 367 2091 432 OPUSCULA.

3391 379 3524 447 1498

241 477 608 550 δικαιώματος.
657 476 940 549 Πέμπτον,
975 481 1046 535 ἐκ
1081 481 1192 536 τῶν
1225 479 1486 537 ἐναντίων
1511 482 1582 537 τὰ
1617 484 1833 538 ἐναντία

1945 501 2240 558 cognosco,
2293 493 2479 542 utrum
2521 485 2614 541 ille
2645 483 2928 540 calvitiem
2967 487 3185 553 habeat,
3217 497 3310 546 aut
3341 493 3410 547 sit
3446 494 3524 550 si-

242 572 572 640 γινώσκεται
599 570 883 636 πολλάκις,
908 572 1004 638 ώς,
1031 576 1118 628 ὅτε
1149 574 1226 646 τῷ
1255 575 1426 646 Ἀδὰμ
1448 570 1646 630 εἶπενὸ
1669 577 1826 641 Θεὸς,

249 679 270 714 t
301 653 380 733 *ῌ
409 661 456 716 δ’
485 661 550 715 ἂν
575 662 760 734 ἡμέρᾳ
790 663 940 738 φάγῃ
971 667 1080 719 ἀπὸ
1101 667 1196 720 τοῦ
1223 666 1406 734 ξύλου,
1443 668 1664 740 θανάτῳ
1694 670 1830 723 ἀπο-

245 750 402 822 θανῇ.
441 769 460 802 ι
489 749 662 804 Πόθεν
691 752 810 824 ᾔδει
841 755 872 806 6
921 755 1116 826 Ἀδὰμ,
1147 757 1198 810 τί
1221 758 1338 811 ἔστι
1361 757 1616 825 Θάνατος,
1655 759 1827 830 μηδέ-

252 859 374 896 ποτε
399 842 560 896 αὐτὸν
594 843 890 914 ὲωρακώς;
920 848 982 900 οὐ
1011 849 1122 920 γάρ
1145 850 1396 919 προεῖδεν
1412 849 1829 922 ἁποθνήσκοντά

249 949 388 996 τινα,
411 935 460 988 εί
485 935 560 1005 μὴ
589 937 658 989 ἐκ
681 936 778 990 τοῦ
811 939 1079 1006 ἐναντίου,
1111 941 1284 1010 ἧγουν
1313 944 1378 996 ἐκ
1417 941 1518 1013 τῆς
1549 943 1718 1012 ζωῆς.
1761 943 1829 998 Ἦ

246 1031 356 1102 γὰρ
386 1031 640 1102 στέρησις
683 1033 786 1102 τῆς
841 1032 988 1104 ζωῆς
1039 1035 1200 1106 δῆλον
1233 1037 1318 1090 ὅτι
1347 1035 1606 1100 «θάνατος.
1642 1035 1830 1099 Οὕτως

247 1127 340 1176 καὶ
399 1125 427 1176 6
485 1125 746 1192 πλούσιος
775 1125 875 1199 τὴν
922 1129 1136 1196 πενίαν,
1181 1129 1275 1183 καὶ
1303 1131 1330 1182 6
1359 1130 1517 1201 ὑγιὴς
1545 1129 1644 1201 τὴν
1673 1130 1830 1182 νόσον

245 1215 556 1271 ἐπίσταται.

1937 596 2087 646 mus,
2115 587 2211 634 aut
2243 593 2383 635 naso
2407 578 2648 642 adunco,
2675 578 2763 633 vel
2809 579 3026 646 magnis
3068 580 3264 644 oculis,
3304 597 3330 634 a
3365 585 3522 640 simi-

1935 671 2172 726 litudine
2193 671 2250 724 in
2281 671 2510 741 speculo
2535 685 2818 742 expressa.
2850 671 3094 737 Quintus
3115 675 3325 730 modus.
3354 689 3524 746 stupe-

1936 777 2172 819 numero
2223 763 2511 818 contraria
2572 778 2639 818 ex
2713 765 3020 820 contrariis
3084 776 3520 834 cognoscuntur,

1935 863 1996 908 ut
2022 867 2148 906 cum
2191 851 2335 906 dixit
2367 852 2509 908 Deus
2559 852 2730 908 Adae:
2768 871 2788 905 ι
2842 853 3188 924 Quocunque
3215 854 3305 910 die
3359 871 3421 910 ex
3459 855 3524 909 li-

1936 959 2048 1015 gno
2105 943 2436 1007 comedet-is,
2495 953 2676 1000 morte
2729 946 3006 1001 morieris.
3048 965 3066 996 ι
3127 943 3284 1001 Unde
3315 961 3522 1017 c0gno-

1935 1037 2016 1091 vit
2071 1035 2244 1090 Adam
2304 1035 2438 1104 quid
2497 1045 2652 1092 esset
2687 1053 2862 1102 tnors,
2914 1053 3040 1092 cum
3079 1055 3368 1110 nunquam
3403 1057 3522 1096 eam

1937 1126 2214 1182 vidisset?
2243 1139 2358 1180 non
2401 1127 2548 1181 enim
2599 1129 2760 1197 prius
2807 1128 3022 1184 viderat
3077 1131 3315 1200 aliquem
3375 1147 3525 1187 rnor-

1937 1227 2115 1272 tuum.
2163 1215 2440 1288 Cognovit
2488 1219 2708 1274 scilicet
2763 1235 2832 1274 ex
2874 1221 3180 1289 contrario,
3220 1223 3274 1277 id
3313 1231 3420 1288 est,
3458 1237 3526 1278 cx

243 1313 390 1379 vita;
427 1313 668 1382 privatio
695 1313 842 1368 enim
889 1315 1016 1369 vitm
1045 1330 1196 1370 mors
1226 1323 1336 1369 est.
1376 1313 1468 1370 Sic
1504 1314 1662 1370 dives
1689 1324 2068 1386 paupertatem
2103 1314 2420 1384 c0gnoscit,
2453 1323 2508 1370 et
2545 1329 2717 1372 sanus
2749 1317 3026 1373 morbum.

315 1403 478 1457 Κατὰ
501 1407 651 1457 ποῖον
680 1400 774 1458 οὖν
803 1404 914 1456 τῶν
951 1405 1113 1458 πέντε
1153 1405 1374 1476 τρόπων
1405 1406 1610 1460 τούτων
1638 1407 1830 1460 ἑαυτὸν

245 1495 274 1546 6
305 1495 436 1558 Θεὸς
472 1492 646 1560 οἷδενς
679 1497 736 1561 ἐξ
757 1497 922 1550 αὐτοῦ
962 1498 1252 1565 γινώσκειν
1273 1499 1467 1552 ἑαυτὸν
1496 1500 1556 1550 οὐ
1583 1499 1828 1553 δύναται.

245 1587 418 1640 Τοῦτο
444 1587 554 1658 γάρ
585 1589 816 1652 δέδοται,
849 1589 1008 1643 ἄλλον
1039 1586 1180 1644 εἶναι
1215 1591 1305 1644 τὸν
1345 1591 1706 1660 γινώσκοντα,
1739 1591 1834 1644 καὶ

244 1679 376 1732 ἄλλο
427 1680 486 1734 τὸ
516 1680 943 1750 γινωσκόμενον,
975 1681 1096 1734 οὐδὲ
1117 1682 1224 1752 μὴν
1255 1682 1316 1747 ἐξ
1353 1683 1533 1754 ῖχνους
1557 1682 1724 1745 τινός.
1751 1681 1832 1734 Τά

245 1771 354 1840 γὰρ
377 1774 658 1842 ποιήματα
705 1772 888 1843 πολλῷ
938 1773 1170 1844 δεύτερα
1199 1775 1294 1827 καὶ
1343 1773 1662 1844 κατώτερα⁶
1713 1773 1831 1826 ἀλλ’

2009 1405 2132 1472 Quo
2195 1407 2364 1478 igitur
2415 1407 2581 1462 modo
2661 1423 2728 1462 ex
2790 1409 2877 1464 his
2943 1410 3192 1480 quinque
3238 1413 3527 1482 cognoscit

1937 1492 2082 1548 Deus
2135 1496 2420 1565 seipsnm?
2474 1511 2816 1566 cognoscere
2853 1500 3094 1568 seipsum
3146 1516 3176 1555 e
3207 1515 3268 1556 se
3312 1501 3528 1558 scilicet

1935 1603 2046 1641 non
2084 1595 2266 1658 potest
2299 1607 2312 1642 :
2353 1588 2458 1642 hoc
2503 1590 2651 1643 enim
2685 1589 2876 1644 datum
2927 1600 3034 1656 est,
3073 1593 3243 1666 alium
3279 1608 3400 1648 esse
3430 1595 3526 1664 qui

1936 1681 2248 1749 cognoscit,
2282 1689 2336 1734 et
2381 1681 2558 1734 alium
2605 1683 2699 1752 qui
2751 1685 3130 1754 cognoscitur.
3189 1685 3300 1740 Nec
3335 1701 3398 1741 ex
3429 1701 3528 1740 ve-

1937 1772 2104 1840 stigio
2143 1772 2372 1842 aliquo;
2427 1787 2551 1842 quae
2599 1773 2746 1828 enim
2789 1775 2934 1830 facta
2988 1785 3140 1842 sunt,
3191 1777 3362 1832 multo
3397 1785 3530 1834 sunt

245 1859 367 1914 οὔτε
404 1861 472 1914 δι’
495 1862 794 1933 ἐσόπτρου,
810 1860 934 1916 οὔτε
962 1861 1051 1916 διά
1083 1879 1232 1926 τινος
1268 1862 1378 1916 τῶν
1404 1861 1688 1932 τεσσάρων
1719 1859 1833 1931 τρό-

1945 1862 2206 1918 infcriura
2243 1881 2256 1916 :
2295 1879 2472 1934 neque
2510 1881 2608 1934 per
2639 1867 2931 1936 speculum
2959 1907 2974 1934 ,
3013 1882 3114 1922 nec
3151 1868 3263 1921 alio
3289 1884 3356 1922 ex
3391 1883 3527 1939 qua-

246 1969 364 2007 πων
385 1969 396 1981 ·
434 1955 648 2024 ἀνάγκη
679 1955 862 2008 τοίνυν
897 1951 1038 2008 εἷναί
1070 1973 1196 2010 τινα
1227 1956 1368 2010 κατὰ
1415 1955 1598 2010 πάντα
1623 1955 1834 2024 ὅμοιον,

245 2049 413 2118 ἤγουν
445 2049 790 2116 ὀμοούσιον,
825 2049 918 2102 καὶ
954 2049 1226 2102 συναῖδιον
1249 2048 1327 2118 τῷ
1354 2045 1474 2118 Θεῷ
1503 2047 1560 2112 ἐξ
1586 2043 1648 2101 οὗ
1681 2049 1832 2118 γνοίη

246 2141 458 2204 ἑαυτὸν,
497 2141 584 2196 ἵνα
619 2141 695 2212 μὴ
728 2141 940 2210 άγνοῶν
984 2141 1176 2196 ἑαυτὸν
1229 2142 1616 2195 καταλείποιτο
1649 2157 1662 2168 ·
1685 2141 1830 2209 ὀρῶν

244 2235 354 2304 γὰρ
399 2236 427 2287 6
476 2235 610 2298 Θεὸς
649 2235 742 2288 τὸν
784 2237 980 2288 ἑαυτοῦ
1027 2235 1180 2300 rm,
1235 2236 1422 2308 ὅμοιον
1447 2233 1646 2304 ἐαυτῷ,
1691 2233 1835 2288 κατὰ

245 2327 442 2388 πάντα,
493 2327 686 2380 ἑαυτὸν
716 2328 773 2380 ὲν
809 2327 1006 2398 ἐκείνῳ
1051 2329 1192 2399 ὁρᾷ·
1233 2327 1398 2391 αὐτὸς
1455 2329 1566 2398 γάρ
1608 2329 1758 2380 εστιν
1799 2327 1831 2397 ἠ

243 2418 408 2473 εἰκὼν
437 2418 530 2472 τοῦ
577 2419 715 2473 Θεοῦ
751 2420 850 2474 τοῦ
895 2421 1156 2489 ἀοράτου,
1208 2419 1303 2474 καὶ
1351 2420 1380 2472 6
1417 2418 1707 2490 χαρακτὴρ
1733 2419 1832 2488 τῆς

245 2511 598 2574 ὑποστάσεως
627 2512 694 2566 αὖ
702 2510 818 2566 τοῦ.

313 2587 376 2658 Β.
397 2605 582 2656 Ἔστω
610 2604 697 2674 δὴ,
721 2604 812 2657 τὸν
825 2603 958 2657 Θεὸν
985 2603 1132 2675 [χειν
1159 2603 1280 2658 τινὰ
1299 2602 1586 2664 συναῖδιον.
1621 2603 1829 2674 ὅμοιον,

243 2695 392 2759 ὅπως
431 2695 624 2748 ἑαυτὸν
680 2695 775 2750 ἀπ’
811 2695 1026 2750 ἐκείνου
1085 2694 1368 2765 γινώσκοι.
1397 2693 1570 2747 Πόθεν
1611 2695 1830 2750 ἀποδείο

245 2785 356 2852 ξεις
386 2787 468 2840 ὅτι
497 2785 610 2851 υίός
637 2789 824 2850 ὲστιν;

313 2899 380 2950 Α.
418 2898 634 2952 Ἔοικεν
690 2899 802 2960 τοῖς
863 2896 964 2967 τῆς
1031 2897 1382 2968 δικαιοσύνης
1439 2899 1700 2968 ἐρασταῖς
1749 2897 1830 2968 τῷ

245 2988 396 3060 αὐτῷ
437 2989 619 3060 μέτρῳ
653 2991 748 3042 καὶ
779 2987 956 3058 ζυγῷ,
997 2980 1042 3056 ᾧ
1081 2988 1412 3061 μετροῦνται
1457 3007 1520 3042 τε
1551 2989 1646 3043 καὶ
1701 3005 1827 3042 στα·

1938 1963 2066 2010 ιυοι·
2109 1957 2329 2024 modis;
2387 1973 2614 2014 necesse
2650 1959 2824 2030 igitur
2877 1968 3116 2016 estesse
3145 1961 3386 2030 aliquem
3431 1977 3528 2032 per

1941 2049 2130 2104 Omnia
2169 2049 2430 2114 similem,
2469 2049 2526 2104 id
2567 2053 2686 2119 est,
2719 2051 3032 2106 homousion
3058 2092 3072 2116 ,
3105 2059 3159 2104 et
3191 2047 3526 2106 consternunt

1941 2138 2069 2202 Deo,
2101 2153 2162 2192 ex
2199 2155 2309 2207 quo
2354 2154 2656 2212 cognoscat
2717 2142 2988 2212 seipsunt,
3053 2157 3120 2196 ne
3149 2141 3424 2212 reliquum
3454 2141 3528 2196 sit

1935 2230 2194 2302 ignorare
2223 2231 2386 2302 367
2411 2236 2656 2303 seipsum
2688 2251 2702 2287 :
2731 2234 2925 2288 videns
2957 2235 3104 2288 enim
3143 2233 3290 2289 Deus
3325 2232 3526 2289 Filium

1936 2338 2098 2377 suum
2131 2323 2234 2377 sibi
2259 2339 2358 2394 per
2393 2326 2581 2380 omnia
2613 2325 2874 2389 similem,
2896 2341 2956 2380 se
2987 2327 3104 2394 ipse
3145 2327 3196 2380 in
3229 2327 3325 2380 illo
3353 2327 3523 2390 videt,

1935 2416 2052 2483 ipse
2083 2417 2230 2470 enim
2291 2415 2465 2472 Filius
2507 2425 2592 2473 est
2625 2418 2808 2489 imago
2857 2417 2952 2474 Dei
3005 2419 3328 2482 invisibilis,
3375 2429 3430 2474 et
3465 2417 3528 2472 il-

1934 2521 2068 2576 gura
2101 2509 2428 2564 substantiae
2455 2510 2600 2578 ejus.

2005 2597 2068 2653 Β.
2103 2598 2260 2664 Esto,
2303 2601 2501 2656 habeat
2559 2600 2706 2658 Deus
2755 2603 2995 2673 aliquem
3056 2612 3396 2656 coaeternum
3452 2604 3528 2658 si-

1944 2692 2159 2756 milem,
2193 2701 2250 2746 ut
2275 2707 2339 2746 ex
2372 2693 2472 2746 illo
2511 2707 2572 2747 se
2608 2693 2726 2764 ipse
2757 2691 3078 2766 cognoscat.
3111 2691 3266 2748 Unde
3291 2693 3526 2748 demon-

1935 2784 2144 2840 strabis
2181 2783 2358 2838 lilium
2389 2785 2550 2840 esse?

1995 2899 2062 2951 Α.
2124 2895 2293 2952 Decet
2332 2896 2566 2966 iustitiae
2611 2905 2894 2952 amatores
2931 2896 3123 2953 eadem
3177 2911 3439 2952 mensura
3469 2905 3527 2952 et

1929 2990 2113 3054 lance,
2173 3003 2281 3060 qua
2323 2989 2630 3044 metiuntur
2675 2999 2732 3044 et
2791 2989 3121 3060 ponderant,
3173 2989 3422 3044 rentetiri
3471 2997 3528 3044 et

245 3083 512 3154 θμῶνται,
538 3084 884 3152 ἀντιμετρεῖν
911 3099 972 3135 τε
1003 3083 1100 3136 καὶ
1131 3082 1594 3152 ἀντισταθμίζειν.
1631 3083 1694 3136 Εἰ
1716 3082 1828 3152 γὰρ

1945 3083 2260 3153 rependere.
2313 3080 2372 3136 Si
2423 3082 2570 3137 enim
2607 3097 2637 3136 a
2675 3089 2732 3138 te
2778 3083 3118 3153 accepissem
3171 3091 3394 3136 centum
3430 3097 3528 3135 au-

245 3176 364 3248 εῐην
394 3175 632 3247 εἰληφὼς
659 3175 810 3246 παρὰ
835 3175 930 3228 σοῦ
956 3175 1245 3247 χρυσίνους
1265 3177 1482 3238 ἑκατὸν,
1509 3175 1748 3244 ἐθέλοιμι
1775 3175 1832 3228 δέ

1945 3191 2062 3232 reos
2115 3191 2396 3242 nummos,
2447 3177 2763 3246 vellemque
2815 3177 2916 3232 bos
2989 3175 3086 3230 tibi
3149 3175 3397 3240 reddere,
3461 3189 3534 3254 ea

247 3286 328 3322 σοι
377 3270 600 3331 τούτους
657 3267 974 3332 ἀποδοῦναι,
999 3267 1076 3338 τῷ
1102 3267 1274 3336 ζυγῷ,
1305 3261 1349 3335 ᾧ
1377 3266 1830 3340 σταθμισάμενος

245 3363 466 3433 εἴληφα,
491 3361 688 3432 ἐκείνῳ
741 3362 838 3414 καὶ
873 3363 938 3415 σὺ
969 3363 1100 3432 παρ’
1128 3361 1264 3432 ἐμοῦ
1295 3362 1394 3431 οὐχ
1421 3361 1595 3430 ἑτέρῳ
1629 3359 1832 3411 ἁπολα·

245 3455 358 3507 δεῖν
388 3453 647 3523 ὀφείλεις.
709 3453 980 3525 Στάθμιον
1023 3453 1134 3524 γὰρ
1171 3453 1509 3524 μικρὸν,.καὶ
1540 3453 1682 3520 μέγα
1705 3451 1830 3520 ἐμί-

246 3561 410 3614 σησεν
463 3547 498 3615 ή
547 3545 694 3616 ψυχή
755 3562 880 3616 μου,
913 3545 1082 3614 φησὶν
1131 3545 1162 3598 6
1204 3543 1360 3608 Θεός.
1404 3545 1576 3598 Πόθεν
1605 3544 1834 3598 ἐπιστά-

248 3637 410 3709 μεθα,
466 3639 544 3690 ὅτι
593 3639 741 3689 ἐστιν
797 3636 952 3701 Θεὸς,
1003 3636 1192 3690 καὶτὰ
1233 3635 1328 3690 τοῦ
1357 3635 1492 3689 Θεοῦ
1530 3634 1830 3706 ἰδιώματας

244 3731 367 3800 οὐχὶ
394 3731 459 3782 ἐκ
479 3729 590 3782 τῶν
619 3730 749 3799 παρ’
770 3731 934 3800 ἡμῖν;
965 3729 1026 3780 El
1055 3727 1164 3800 γάρ
1187 3728 1353 3780 αὐτὸν
1379 3727 1478 3797 οὐχ
1507 3727 1834 3797 ἑωράκαμεν

247 3819 486 3883 πώποτε,
514 3820 625 3874 οὐδ’
665 3821 730 3872 ὲκ
763 3818 872 3872 τῶν
909 3817 1076 3873 αὐτοῦ
1112 3817 1440 3889 ποιημάτων
1465 3817 1632 3870 αὑτὸν
1664 3835 1835 3870 κατα-

246 3912 656 3984 λαμϐανόμεθα,
712 3911 928 3982 ἀνάγκη
991 3913 1142 3964 πᾶσα
1191 3914 1250 3965 ὲν
1287 3911 1543 3964 παντελεῖ
1587 3911 1832 3979 διαρκεῖν

246 4005 394 4075 ἡμᾶς
423 4005 668 4074 ἀγνωσία
691 4006 786 4058 τοῦ
815 4001 977 4057 Θεοῦ.
1021 4003 1120 4056 Ἐκ
1143 4003 1258 4056 τῶν
1291 3998 1386 4055 οὖν
1429 4003 1559 4072 παρ’
1591 4003 1722 4071 ἡμῖν
1749 4019 1831 4054 τι·

251 4093 536 4165 μιωτέρων
589 4095 682 4149 τὸν
733 4095 866 4148 Θεὸν
893 4095 1294 4164 διαγράφομεν,
1327 4096 1396 4147 τὰ
1447 4095 1574 4162 ἡμῖν
1599 4095 1836 4162 ὲπισυμυ

248 4187 502 4240 ϐαίνοντα
535 4185 924 4257 συμπτώματα
953 4186 1232 4249 παντελῶς
1275 4185 1698 4256 ὑπεξαιροῦντες
1729 4183 1836 4237 ἀπὸ

248 4279 356 4332 τῶν
386 4279 491 4332 ὑπὸ
512 4277 648 4331 Θεοῦ
692 4279 1026 4348 λεγομένων.
1056 4274 1182 4332 Οἷόν
1217 4281 1332 4330 ἐστι
1379 4277 1510 4348 παρ’
1543 4279 1674 4348 ἡμῖν
1699 4275 1834 4346 ζωὴ,

249 4371 343 4423 καὶ
380 4369 627 4432 θάνατος.
669 4370 790 4424 Τίνι
817 4371 1022 4439 πρέπει
1047 4372 1182 4441 ἡμῖν
1210 4369 1302 4422 τὸν
1328 4368 1464 4422 Θεὸν
1489 4367 1835 4439 χαρακτηρί-

253 4480 367 4526 σαι,
397 4465 464 4532 τῇ
481 4461 614 4532 ζωῇ,
640 4461 676 4532 ἢ
703 4461 784 4532 τῷ
809 4462 1059 4534 θανάτῳ;

321 4577 384 4632 Β.
421 4575 674 4646 Δηλονότι
695 4578 762 4648 τῇ
787 4577 922 4649 ζωῇ.

321 4695 386 4746 Α.
422 4691 670 4762 Λέγομεν
717 4687 830 4757 οὖν,
892 4693 974 4745 ὅτι
1005 4693 1034 4746 ὁ
1059 4691 1193 4756 Θεὸς
1222 4689 1356 4763 ζωὴ,
1407 4689 1502 4743 καὶ
1525 4687 1631 4753 ζῶν
1663 4687 1829 4740 ἐστιν.

262 4783 404 4838 Ἀλλ’
436 4783 628 4854 ἐπειδὴ
673 4785 801 4853 παρ’
835 4785 972 4853 ἡμῖν
1027 4783 1060 4852 ἡ
1095 4781 1209 4850 ζωὴ
1241 4781 1338 4832 καὶ
1375 4777 1548 4850 ἀρχὴν
1579 4775 1715 4846 ἔχει,
1741 4775 1836 4828 καὶ

245 4879 420 4944 τέλος,
453 4877 546 4931 καὶ
569 4877 755 4948 ἐνδεής
783 4879 900 4930 ἐστι
923 4894 934 4909 ·
971 4875 1162 4947 χρῄζει
1193 4875 1302 4944 γὰρ
1327 4873 1426 4943 τῆς
1451 4870 1650 4936 ἔξωθεν
1680 4871 1838 4941 ἑπιρ-

249 4969 406 5040 ροἧς,
443 4969 696 5042 βρώσεώς
752 4987 832 5033 τε,
873 4970 970 5022 καὶ
1009 4969 1244 5030 πόσεως,
1278 4965 1374 5018 καὶ
1422 4963 1524 5032 τῆς
1553 4961 1648 5015 τοῦ
1675 4962 1870 5032 ἀέρος’

247 5061 550 5131 ἀναπνοῆς,
580 5061 676 5114 καὶ
706 5060 816 5112 τῶν
845 5057 1129 5124 τοιούτων,
1165 5057 1224 5124 ἐξ
1251 5051 1326 5110 ὧν
1355 5057 1389 5126 ἠ
1431 5053 1691 5116 σύστασις
1737 5053 1837 5123 τῆς

246 5152 522 5224 ἡμετέρας
547 5151 709 5222 ζωῆς.
739 5152 926 5205 Ταῦτα
964 5151 1140 5204 πάντα
1189 5149 1258 5202 τὰ
1303 5143 1709 5218 συμπτώματα,
1740 5143 1838 5198 καὶ

247 5243 612 5314 ἐλαττώματα
649 5243 802 5300 κάτω
833 5243 1041 5305 θέντες,
1077 5239 1174 5294 καὶ
1231 5239 1547 5308 ἀφελόντες,
1579 5235 1833 5305 λέγομεν,

246 5335 340 5389 τὸν
367 5334 500 5388 Θεὸν
562 5335 664 5406 ζῇν
730 5333 897 5405 ζωὴν,
928 5334 1025 5387 καὶ
1065 5331 1324 5400 τοιαύτην
1355 5328 1524 5400 ζωὴν,
1557 5329 1656 5398 τὴν
1700 5327 1836 5398 μήτε

245 5425 423 5497 ἀρχὴν
475 5426 614 5496 μήτε
665 5425 820 5487 τέλος
871 5424 1145 5494 ἔχουσαν,
1187 5423 1326 5493 μήτε
1373 5420 1518 5482 τινὸς
1561 5416 1838 5480 παντελῶς

247 5519 356 5570 τῶν
391 5517 592 5584 ἔξωθεν
615 5517 946 5588 χρῄζουσαν.
971 5517 1041 5570 Ἣ
1064 5517 1162 5588 οὐχ
1184 5513 1358 5578 οὕτως
1389 5513 1536 5585 ἔχειν
1557 5527 1637 5564 σοι
1654 5510 1834 5575 δοκεῖ;

319 5610 382 5662 Β.
413 5611 522 5664 Καὶ
555 5611 694 5663 πάνυ
717 5610 1060 5676 θαυμασίως,
1094 5608 1188 5662 καὶ
1230 5604 1614 5674 εὐστοχώτατα
1645 5605 1707 5656 ἐκ
1727 5601 1836 5656 τῶν

319 5785 366 5827 δ’
410 5785 567 5842 Prov.
607 5802 698 5852 tu,
745 5785 828 5840 l0.

1935 3269 2092 3322 lance
2131 3282 2240 3338 qua
2271 3265 2550 3338 appensos
2581 3269 2796 3337 accepi,
2851 3275 2906 3322 et
2951 3283 3062 3322 non
3097 3267 3223 3328 alia,
3261 3281 3288 3318 a
3325 3281 3412 3320 me
3443 3281 3528 3320 re-

1933 3363 2120 3432 cipere
2167 3361 2356 3416 debes.
2419 3359 2648 3415 Pondus
2698 3361 2848 3415 enim
2901 3376 3133 3430 parvum
3183 3367 3236 3414 et
3267 3373 3526 3428 magnum

1935 3454 2110 3511 odivit
2134 3455 2316 3508 anima
2339 3469 2457 3508 mea
2481 3451 2552 3517 δ’,
2578 3453 2654 3506 ait
2679 3452 2844 3506 Deus.
2881 3451 3038 3506 Unde
3066 3452 3358 3517 scintus,si
3383 3450 3526 3505 Deus

1933 3558 2042 3620 est,
2127 3545 2364 3616 ejusque
2433 3543 2859 3614 proprietates?
2913 3557 3100 3597 annon
3152 3559 3220 3596 ex
3275 3543 3344 3597 iis
3401 3559 3526 3611 quae

1936 3639 2081 3709 apud
2111 3653 2214 3694 nos
2252 3637 2430 3692 sunt?
2471 3635 2690 3692 Etenim
2725 3635 2772 3692 si
2805 3651 3088 3708 nunquam
3115 3651 3240 3702 eum
3262 3635 3523 3698 vidimus,

1935 3745 2036 3786 nec
2065 3745 2130 3783 ex
2165 3727 2440 3784 creaturis
2479 3727 2604 3796 ejus
2648 3741 2776 3782 eum
2832 3727 3247 3797 cognoscimus,
3298 3737 3526 3778 necesse

1935 3823 2166 3878 omnino
2195 3830 2280 3877 est
2309 3837 2413 3876 nos
2443 3819 2614 3874 Deum
2666 3820 2946 3890 ignorare.
2980 3817 3154 3890 Igitur
3179 3835 3246 3872 ex
3279 3817 3368 3878 iis,
3402 3829 3526 3885 quas

1937 3915 2084 3985 apud
2121 3929 2222 3968 nos
2255 3921 2388 3968 sunt
2445 3913 2744 3976 nobiliora,
2793 3911 2960 3966 Deum
3011 3911 3400 3976 describimus,
3427 3923 3524 3966 eas

1937 4009 2158 4078 penitus
2199 4021 2320 4074 qua:
2371 4004 2533 4057 nobis
2565 4003 2823 4056 accidunt
2853 4004 3236 4056 aberrationes
3269 4003 3524 4055 eximen-

1938 4110 2022 4156 tes
2073 4115 2104 4154 e
2140 4111 2369 4153 numero
2399 4111 2590 4151 eorum
2625 4109 2748 4164 quae
2789 4093 2858 4149 de
2891 4093 3000 4148 Deo
3037 4093 3322 4148 dicuntur.
3355 4091 3452 4146 Ver
3471 4093 3520 4146 bi

1939 4195 2142 4266 gratia,
2175 4191 2318 4260 apud
2350 4205 2452 4244 nos
2488 4197 2574 4244 est
2621 4190 2730 4242 vita
2765 4197 2818 4242 et
2847 4201 2996 4244 mors
3031 4203 3043 4240 :
3083 4201 3194 4256 quo
3229 4185 3387 4240 decet
3419 4199 3524 4239 nos

1940 4289 2161 4358 signare
2193 4285 2388 4350 Deum,
2423 4283 2531 4338 vita
2559 4324 2573 4348 ,
2615 4281 2692 4335 an
2713 4280 2930 4336 morte?

2012 4567 2072 4621 Β.
2107 4565 2234 4620 Vita
2263 4563 2495 4620 scilicet.

2015 4683 2082 4737 Α.
2137 4680 2388 4735 Dicimus
2443 4678 2614 4750 igitur
2677 4678 2847 4733 Deum
2901 4678 3110 4742 vivere,
3155 4685 3212 4733 et
3249 4675 3522 4731 viventem

1942 4789 2088 4830 esse.
2127 4771 2233 4826 Sed
2275 4771 2410 4842 quia
2464 4771 2614 4841 apud
2672 4785 2776 4824 nos
2810 4769 2922 4822 vita
2969 4777 3023 4823 et
3057 4767 3390 4839 principium
3423 4766 3525 4818 ba-

1945 4869 2036 4922 bet
2089 4877 2144 4920 et
2203 4865 2394 4925 linem,
2455 4872 2510 4916 et
2571 4863 2823 4931 indiget;
2883 4861 3090 4931 indiget
3118 4861 3266 4914 enim
3303 4859 3373 4913 iis
3405 4871 3526 4927 quae

1945 4957 2303 5013 extrinsecus
2335 4954 2597 5018 inﬂuunt,
2645 4961 2704 5007 ut
2735 4953 2883 5016 cibo,
2916 4963 2968 5006 et
3013 4962 3164 5021 potu,
3198 4961 3254 5005 ct
3286 4951 3524 5020 respira-

1943 5051 2096 5104 tione
2124 5047 2292 5110 aeris,
2325 5054 2380 5101 et
2409 5047 2536 5101 aliis
2566 5045 2914 5112 bujusmodi,
2943 5061 3009 5098 ex
3049 5044 3254 5114 quibus
3287 5042 3396 5096 vita
3429 5057 3528 5096 no-

1945 5151 2058 5197 stra
2095 5147 2336 5193 constat.
2375 5139 2474 5194 llis
2505 5139 2792 5198 omnibus.
2816 5152 2942 5208 quas
2974 5137 3262 5202 accidunt,
3306 5137 3524 5207 seposi-

1943 5235 2020 5290 tis
2077 5245 2142 5287 ac
2195 5230 2452 5298 remotis,
2495 5229 2736 5284 dicimus
2765 5229 2937 5284 Deum
2971 5229 3154 5283 vivere
3197 5227 3364 5282 vitam
3403 5241 3521 5297 qua

1945 5337 2126 5393 neque
2171 5321 2510 5392 principium
2558 5319 2723 5374 habet
2775 5333 2958 5390 neque
3011 5317 3196 5382 linem,
3247 5331 3348 5371 nec
3411 5317 3522 5372 ulla

1945 5431 2178 5487 prorsus
2237 5429 2296 5468 re
2344 5413 2696 5468 extrinsecus
2749 5411 2984 5482 indiget.
3041 5411 3238 5464 Annon
3307 5408 3524 5474 videtur
3607 5441 3610 5445 -

1946 5507 2046 5564 tibi
2081 5507 2164 5562 sic
2197 5505 2360 5561 esse?

2015 5599 2076 5656 Β.
2099 5597 2536 5666 Admirabiliter,
2563 5604 2618 5653 et
2643 5609 2808 5668 quam
2838 5593 3045 5666 Optime
3075 5591 3278 5682 conjici
3313 5597 3520 5664 potest,
