3928 6130
441 315 577 381 “99

1656 321 2054 383 TBEODORI
2105 319 2475 382 ABUCARJ‘I

3488 321 3727 385 '1500‘

439 424 613 480 Deum
673 423 967 494 describis,
1024 442 1204 498 neque
1242 436 1403 499 potes
1445 430 1670 488 aliunde
1725 432 2009 503 cognosci,

2132 428 2250 500 παρ’
2273 431 2410 501 ἡμῖν
2434 429 2525 483 τὸν
2546 426 2679 481 Θεὸν
2706 426 3055 498 διατράφεις,
3093 422 3192 481 καὶ
3219 422 3325 478 οὐκ
3352 422 3508 480 ἐστιν
3542 424 3711 478 αὐτὸν

438 531 543 572 nec
572 515 731 571 aliter
760 532 1059 587 possumus
1093 520 1162 577 de
1187 536 1255 577 eo
1288 522 1464 597 loqui.

510 608 581 661 A.
616 608 697 662 Ad
731 608 984 664 eumdem
1012 612 1260 680 modum,
1295 615 1494 679 amice,
1520 615 1687 673 debes
1705 615 2021 687 intelligere

442 700 511 753 de
531 700 782 768 reliquis.
800 700 896 755 Est
916 702 1059 771 apud
1077 719 1180 758 nos
1198 714 1457 774 aspectus
1478 709 1782 763 etcaecitas.
1800 706 2018 764 Relicta

440 792 714 857 caecitate,
750 793 921 847 Deum
955 794 1194 850 dicimus
1226 796 1504 853 videntem
1535 798 1785 863 ἀπαθῶς,
1816 801 1870 854 id
1902 808 2013 866 est,

441 898 549 936 non
585 885 866 953 patiendo,
901 885 955 939 id
999 895 1105 952 est,
1142 901 1496 944 removentes
1527 890 1596 945 ab
1629 906 1695 945 eo
1727 891 2019 961 passiones

438 975 699 1029 visionis.
734 970 845 1030 Est
886 978 1033 1032 enim
1093 978 1234 1034 Deus
1268 980 1324 1034 in
1364 981 1624 1037 omnibus
1667 981 1905 1052 ἀπαθὴς,
1958 982 2015 1037 id

440 1070 527 1117 est
579 1064 794 1120 alienus
855 1080 887 1119 a
946 1068 1231 1136 passione.
1321 1068 1589 1122 Similiter
1662 1069 1886 1125 auditus
1962 1076 2017 1125 et

440 1153 607 1223 368
662 1157 911 1213 surditas
969 1169 1056 1212 est
1081 1158 1224 1227 apud
1258 1174 1384 1213 nos.
1422 1158 1592 1213 Deum
1627 1159 1879 1215 dicemus
1914 1174 2016 1214 au-

439 1246 705 1313 dientem,
747 1256 802 1303 et
834 1264 942 1305 non
973 1251 1225 1306 surdum.
1253 1251 1524 1308 Similiter
1556 1253 1613 1306 in
1645 1253 1903 1322 reliquis.

510 1399 572 1456 B.
622 1400 861 1456 Pulchre
902 1413 958 1457 et
1007 1405 1456 1460 demonstranter
1518 1403 1734 1461 dixisti.
1811 1404 2014 1461 Eadem

437 1492 621 1556 lance,
665 1493 1002 1562 jnstissime,
1052 1510 1174 1565 quae
1225 1496 1576 1553 consectaria
1621 1506 1752 1552 sunt
1797 1498 1853 1552 in
1908 1496 2017 1551 hoc

439 1599 716 1645 sermone,
744 1585 913 1639 redde
944 1586 1096 1641 mihi.

508 1679 573 1731 A.
614 1678 757 1745 Quid
798 1681 942 1749 apud
977 1695 1078 1734 nos
1103 1688 1190 1736 est
1218 1680 1520 1744 illustrius,
1567 1696 1633 1736 ac
1667 1679 1895 1750 majoris
1923 1679 2003 1734 di-

2117 520 2339 575 ἄλλοθεν
2365 520 2588 584 εἰδέναι,
2616 518 2650 590 ἢ
2682 519 2856 583 ἄλλως
2885 520 3082 573 εἰπεῖν.

2188 612 2257 666 Δ.
2279 609 2465 675 Οὕτως
2488 652 2505 677 ,
2530 606 2575 665 ὧ
2610 611 2783 680 φίλος,
2819 612 2913 665 ἐπὶ
2944 610 3055 665 τῶν
3103 607 3309 663 λοιπῶν
3341 626 3436 679 μοι
3492 609 3607 662 νόει
3632 607 3703 663 ’⁸.

2120 703 2278 755 Ἐστι
2309 705 2440 773 παρ’
2468 705 2600 774 ἡμῖν
2627 705 2843 775 ὅρασις,
2883 704 2979 757 καὶ
3015 701 3320 771 τύφλωσις.
3350 700 3465 772 Τὴν
3489 699 3709 768 τύφλω-

2117 809 2202 846 σιν
2249 793 2501 862 ἀφέντες,
2554 794 2647 847 τὸν
2702 795 2836 851 Θεὸν
2886 794 3118 865 λέγομεν
3158 793 3415 864 ὁρατικὸν
3451 791 3711 857 ἀπαθῶς,

2116 883 2257 953 ἦτοι,
2281 883 2351 937 τὰ
2378 884 2477 953 τῆς
2504 885 2751 955 ὁράσεως
2801 885 3140 957 ἑξορίζοντες
3196 883 3343 955 πάθη
3373 883 3470 937 ἀπ’
3509 881 3707 940 αὐτοῦ..

2130 975 2217 1029 Ἐν
2247 976 2380 1029 πᾶσι
2406 977 2514 1047 γάρ
2552 979 2699 1030 ἐστιν
2727 979 2755 1030 ὁ
2782 976 2917 1040 Θεὸς
2952 976 3199 1048 ἀπαθής.
3237 975 3516 1037 Ὡσαύτως
3563 973 3703 1044 ἀκοὴ

2117 1065 2211 1120 καὶ
2276 1065 2534 1136 κώφωσις
2576 1067 2708 1139 παρ’
2748 1069 2904 1137 ἡμῖν.
2960 1066 3338 1130 Ἀκουστικὸν,
3389 1065 3455 1117 ού
3511 1062 3698 1132 κωφὸν

2117 1154 2353 1229 ἐροῦμεν
2407 1157 2498 1211 τὸν
2545 1156 2699 1212 Θεόν.
2767 1157 3046 1221 Ὡσαύτως
3088 1157 3166 1222 δὲ,
3195 1157 3293 1210 καὶ
3334 1154 3405 1208 τά
3442 1154 3611 1208 λοιπά
3632 1156 3701 1209 ⁸⁸.

2185 1404 2247 1459 Β.
2277 1405 2426 1459 Πάνυ
2458 1420 2522 1471 γε
2546 1401 2754 1467 -καλῶς
2814 1400 2909 1463 καὶ
2972 1387 3290 1463 ἀποδέκτως
3328 1399 3585 1469 εἴρηκας.
3611 1397 3709 1469 Τῷ

2115 1495 2264 1565 αύτῷ
2301 1491 2393 1549 οὗν
2432 1493 2601 1565 ζυγῷ,
2665 1488 2710 1547 ὧ
2754 1491 3083 1556 δικαιότατε,
3112 1491 3210 1561 τὴν
3242 1488 3339 1543 τοῦ
3376 1488 3541 1557 λόγου
3570 1491 3709 1543 ἀκοον

2114 1584 2332 1640 λουθίαν
2362 1585 2662 1648 ἀνταπόδος
2686 1600 2799 1655 μοι.

2184 1676 2250 1729 Α.
2283 1675 2351 1728 Τί
2389 1673 2523 1745 παρ’
2549 1675 2682 1745 ἡμῖν
2702 1673 3157 1744 τιμαλφέστερον,
3199 1669 3264 1723 τὸ
3303 1670 3555 1740 γόνιμον,
3584 1670 3618 1740 ἦ
3642 1669 3713 1723 τὸ

438 1770 693 1838 gnitatis,
746 1769 1083 1835 fecunditas,
1130 1785 1198 1824 an
1226 1770 1652 1825 infecunditas?
1703 1770 2012 1835 generatio,

2132 1767 2346 1836 ἱγονον;
2405 1767 2643 1835 γένεσις,
2708 1764 2742 1836 ἢ
2803 1762 3128 1836 στείρωσις;
3171 1763 3222 1816 εί
3275 1762 3386 1833 γὰρ
3428 1764 3483 1815 ἐν
3522 1762 3715 1832 τούτῳ

440 1878 510 1915 an
541 1862 843 1916 sterilitas?
890 1860 946 1914 Si
999 1862 1146 1916 enim
1181 1862 1285 1916 hoc
1332 1861 1644 1924 contendis,
1680 1867 1735 1914 et
1768 1860 2017 1929 iniustus

331 2022 338 2029 .
441 1953 544 2014 sis,
578 1967 683 2021 ego
714 1953 882 2006 etiam
917 1953 1246 2007 contendam
1293 1961 1524 2007 mortem
1569 1966 1697 2007 esse
1732 1952 1846 2005 vita
1898 1966 2017 2006 me-

442 2043 660 2108 liorem,
714 2052 773 2098 et
818 2045 1123 2099 caecitatem
1206 2060 1271 2099 ac
1321 2044 1649 2099 surditatem
1699 2054 1922 2114 aspectu
1961 2052 2018 2098 et

443 2135 635 2196 auditu
677 2137 1035 2191 honoratiora
1073 2155 1086 2192 :
1135 2137 1332 2206 ecquid
1382 2138 1488 2191 ista
1535 2137 1892 2193 contentione
1914 2137 2014 2191 ab-

442 2229 692 2292 surdius,
722 2235 777 2282 et
804 2229 978 2299 magis
1011 2229 1304 2283 ridendum
1334 2243 1459 2283 esse
1491 2229 1705 2299 possit?

514 2316 574 2370 Β.
622 2317 768 2372 Sane
799 2317 1204 2373 demonstrasti
1256 2317 1428 2374 Deum
1458 2332 1585 2374 esse
1638 2318 1929 2374 fecundum
1962 2326 2018 2374 et

441 2417 835 2480 generantem,
882 2410 1051 2481 idque
1088 2426 1218 2467 esse
1267 2413 1410 2466 citra
1469 2411 1638 2465 ullam
1692 2420 2016 2467 controver-

443 2504 580 2558 siam
649 2505 892 2560 nobilius
948 2523 961 2559 :
1021 2507 1246 2576 gignere
1312 2505 1459 2561 enim
1536 2505 1888 2575 praestantius
1935 2514 2017 2562 est

440 2609 608 2663 quam
645 2596 889 2650 sterilem
926 2604 981 2651 et
1012 2596 1398 2668 inlrugiferum
1431 2612 1575 2653 esse.
1610 2597 1679 2651 At
1705 2598 2015 2666 generatio-

441 2702 565 2742 nem
594 2697 906 2757 sequuntur
941 2672 1257 2758 pa'ssiones.

509 2780 577 2832 A.
612 2777 760 2833 Bone
812 2790 864 2834 et
908 2780 1135 2849 sapiens
1200 2780 1305 2843 vir,
1352 2780 1466 2850 jam
1510 2781 1665 2850 prius
1716 2779 2020 2851 constitui-

440 2883 565 2924 mus
605 2870 806 2925 habere
856 2870 1026 2925 Deum
1077 2871 1433 2925 nobilissima
1482 2886 1675 2925 eorum
1707 2886 1828 2941 quae
1868 2870 2014 2942 apud

440 2973 544 3014 nos
580 2968 710 3013 sunt
742 2961 954 3030 absque
984 2960 1054 3014 iis
1070 2976 1190 3030 quae
1215 2969 1661 3032 consequuntur,
1691 2977 1813 3033 quae
1834 2962 2013 3033 παθή-

443 3067 593 3119 ματα
617 3061 669 3106 et
692 3050 1076 3122 συμπτώματα
1102 3052 1384 3108 dicuntur.

511 3143 574 3197 Β.
614 3143 680 3197 Et
726 3147 884 3208 satis,
907 3154 961 3199 et
1007 3144 1194 3215 plane,
1243 3159 1309 3200 ac
1348 3159 1474 3199 vere
1502 3144 1571 3200 de
1606 3145 1712 3200 hoc
1740 3145 2014 3208 tractasti,

441 3237 593 3309 quod
624 3235 773 3293 Dens
809 3239 902 3303 sit,
945 3244 1001 3292 et
1043 3237 1244 3292 Filium
1293 3237 1512 3293 habeat.
1547 3236 1653 3293 Sed
1698 3253 1872 3309 quare
1905 3252 2018 3292 non

442 3331 649 3385 multos
710 3331 921 3398 genuit,
958 3338 1018 3385 ut
1049 3345 1150 3400 per
1189 3330 1381 3400 plures
1424 3332 1689 3401 princeps
1725 3339 1778 3385 et
1818 3344 2020 3401 regna-

441 3428 533 3477 tor
563 3419 750 3477 esset?

512 3516 580 3570 A.
605 3514 744 3582 Quia
776 3521 1061 3584 oporteret
1098 3519 1160 3568 ut
1197 3527 1462 3567 unum-ex
1493 3511 1678 3568 tribus
1711 3513 1887 3576 ﬁeret,
1927 3520 2020 3567 ant

444 3604 703 3676 genuisse
734 3604 982 3659 inﬁnitos
1009 3643 1024 3668 ,
1075 3611 1130 3657 et
1161 3605 1217 3657 in
1247 3602 1509 3657 sacculum
1549 3602 1769 3669 saeculi,
1805 3610 1861 3657 et
1892 3618 2020 3672 per-

445 3704 645 3764 petuo;
695 3706 791 3748 aut
833 3704 988 3749 certo
1038 3709 1294 3760 numero,
1348 3694 1505 3748 verbi
1544 3695 1743 3764 gratia,
1791 3703 2017 3749 centum

446 3794 541 3841 aut
590 3801 786 3840 unum.
839 3784 897 3838 Si
948 3785 1199 3840 inﬁnitos
1249 3766 1562 3855 genuisset,
1602 3793 1658 3842 et
1705 3794 2016 3857 perpetuo,

445 3892 727 3949 nunquam
752 3876 1069 3946 quiesceret
1094 3876 1218 3946 eius
1260 3874 1625 3949 desiderinm‘,
1680 3894 1864 3948 neque
1898 3879 2019 3949 ejus

444 3972 703 4025 voluntas
756 3956 1002 4038 unquam
1045 3971 1268 4037 impleta
1316 3979 1487 4027 esset.
1545 3970 1642 4024 Sin
1675 3986 1810 4026 vero
1837 3977 2020 4026 certos

445 4071 501 4137 et
531 4062 737 4126 ﬁnitos,
771 4069 831 4116 ut
866 4068 1113 4124 centum,
1162 4071 1510 4132 generasset,
1551 4076 1664 4131 qua
1719 4060 1787 4116 de
1843 4070 2019 4116 causa

445 4153 552 4207 hoc
587 4150 835 4206 laceret?
862 4150 1115 4221 profecto
1139 4152 1272 4219 quia
1325 4166 1474 4206 unus
1520 4165 1629 4204 non
1672 4149 1811 4205 satis
1870 4158 2020 4203 esset

446 4245 513 4298 ad
541 4244 879 4314 implendum
912 4259 1074 4299 omne
1107 4242 1447 4298 desiderium
1499 4243 1645 4311 ejus,
1681 4256 2020 4312 ornncmque

445 4336 807 4392 voluntatem.
858 4333 1075 4389 Idcirco
1119 4334 1269 4389 enim
1331 4349 1471 4404 opus
1523 4344 1673 4391 esset
1735 4335 2017 4404 pluribus.

2119 1856 2500 1928 φιλονεικοίης,
2536 1858 2631 1911 καὶ
2686 1855 2956 1928 ἀδικοίης,
3001 1853 3369 1924 φιλονεικήσω
3411 1852 3590 1920 κάγὼ,
3617 1852 3713 1907 ὅτε

2116 1950 2212 2003 καλ⁵
2249 1948 2277 2001 ὁ
2305 1947 2534 2012 θάνατος
2557 1948 2657 2017 τῆς
2690 1946 2843 2016 ζωῆς
2873 1945 3168 2017 κρείσσων,
3209 1943 3306 1997 καὶ
3336 1945 3369 2013 ἡ
3401 1940 3703 2021 τύφλωσις,

2117 2040 2271 2110 κοιὶὴ
2313 2039 2575 2107 κώφωσις
2618 2039 2719 2108 τῆς
2757 2036 3009 2109 ὁράσεως
3045 2034 3140 2088 καὶ
3174 2033 3346 2102 ἀκοῆς
3370 2030 3702 2103 τιμιωτέρα..

2116 2128 2228 2181 Καὶ
2248 2128 2302 2180 τί
2336 2127 2402 2182 ἂν
2431 2127 2597 2196 τῆσδε
2629 2128 2730 2197 τῆς
2769 2124 3107 2197 φιλονεικίας
3148 2121 3530 2193 ὲκτοπώτερόν
3551 2136 3631 2186 τε,
3664 2119 3707 2192 ἦ

2117 2217 2659 2289 καταγελαστότερον
2684 2235 2703 2283 ;
2860 2212 2867 2219 ’

2184 2312 2248 2365 Β.
2276 2312 2484 2374 Ὄντως
2531 2309 2821 2374 ἀπέδειξας
2849 2309 2931 2363 ὅτι
2959 2309 3182 2380 γόνιμος
3205 2309 3233 2361 ὁ
3270 2306 3430 2370 Θεὸς,
3454 2305 3554 2360 καὶ
3580 2321 3706 2375 τεν-

2116 2405 2335 2473 νητικός
2352 2419 2369 2435 ο
2394 2403 2575 2473 πάσης
2602 2402 2710 2472 γὰρ
2727 2401 3036 2470 ἀντιλογίας
3061 2400 3343 2473 ἀργούσ-ης
3372 2396 3711 2470 τιμιώτερον

2115 2494 2177 2548 τὸ
2200 2496 2394 2566 γεννᾷν
2419 2495 2519 2564 τῆς
2565 2491 2910 2563 πειρώσεως
2952 2491 3047 2545 καὶ
3081 2491 3390 2562 ἀκαρπίας.
3444 2489 3612 2545 Ἀλλά
3635 2490 3705 2559 τῇ

2116 2587 2370 2657 γεννήσει
2401 2588 2713 2659 παρέπεται
2746 2585 2917 2655 πάθη.

2185 2782 2250 2835 Α.
2301 2780 2460 2847 Ἀλλ’,
2523 2779 2695 2848 ἀγαθὲ
2742 2779 2838 2833 καὶ
2880 2778 3032 2848 σοφὲ,
3082 2772 3718 2849 προδιεστειλάμεθατδ

2116 2872 2274 2927 Θεϊον
2300 2871 2599 2943 κεκτῆσθαι
2640 2872 2710 2926 τά
2737 2871 2872 2942 παρ’
2924 2871 3057 2941 ἡμῖν
3082 2865 3422 2939 τιμιώτατα,
3456 2867 3588 2922 ἀνευ
3607 2864 3713 2934 τῆς

2115 2961 2583 3033 ἐπακολουθούσης
2599 2962 2782 3026 αὐτοῖς
2806 2961 2915 3015 τῶν
2934 2959 3277 3030 παθημάτων
3306 2956 3409 3011 καὶ
3441 2971 3715 3028 συμπαιδ-

2124 3053 2311 3124 μάτων
2343 3038 2692 3123 συμϐάσεως.

2192 3144 2254 3198 Β.
2297 3125 2637 3214 Ἀρκούντως
2666 3145 2796 3217 περὶ
2824 3142 3040 3209 τούτου,
3075 3143 3170 3197 καὶ
3204 3142 3416 3210 σαφῶς,
3441 3141 3539 3197 καὶ
3568 3139 3715 3211 ἀλη-

2120 3235 2228 3300 θῶς
2255 3237 2554 3307 διεξῆλθες,
2588 3238 2671 3291 ὅτι
2729 3237 2863 3300 Θεός
2891 3238 3030 3301 ἐστι,
3074 3237 3171 3289 καὶ
3197 3235 3330 3289 Υἱὸν
3364 3235 3503 3306 ἔχει.
3545 3232 3717 3288 'ms

2117 3329 2206 3383 διὰ
2253 3330 2309 3381 τί
2352 3328 2426 3400 μὴ
2481 3328 2701 3393 πλείους
2742 3331 2770 3383 ὁ
2812 3328 2945 3393 Θεὸς
2974 3327 3293 3398 ἐγέννησεν,
3320 3327 3414 3380 ἵνα
3444 3324 3723 3380 πλειόνων»

2118 3422 2284 3494 ἄρχῃ,
2312 3421 2409 3475 καὶ
2423 3420 2684 3492 βασιλεύῃ
2709 3437 2727 3487 ;

2188 3513 2254 3566 Δ.
2301 3512 2522 3585 Ἐπειδὴ
2550 3513 2768 3582 ἀνάγκη
2790 3511 2849 3566 ἓν
2873 3510 2984 3566 τῶν
3012 3509 3404 3583 τριῶντούτων
3432 3508 3713 3577 γενέσθαι⁸

2119 3603 2437 3676 ῆάπείρους
2451 3604 2732 3676 γεννῆσαι,
2757 3604 2849 3657 καὶ
2875 3605 2958 3666 είς
3010 3603 3102 3656 τὸν
3137 3605 3314 3658 αἰῶνα
3357 3600 3457 3654 τοῦ
3486 3599 3721 3665 αἰῶνος,

2118 3696 2216 3749 καὶ
2236 3696 2633 3768 ἀτελευτήτως,
2668 3697 2701 3767 ἧ
2725 3695 3033 3768 ὡρισμένον
3063 3694 3323 3766 ἀριθμὸν,
3340 3695 3465 3765 ἦτοι
3487 3691 3710 3757 ἑκατὸν,

2117 3786 2152 3857 ἢ
2185 3785 2303 3851 ἕνα,
2334 3787 2468 3859 φέρε
2502 3788 2699 3841 είπεῖν.
2731 3789 2793 3840 El
2823 3787 2922 3855 μὲν
2955 3780 3050 3841 οὖν
3079 3787 3346 3858 ἀπείρους
3380 3787 3477 3839 καὶ
3523 3787 3719 3853 ἀναρι-

2119 3875 2358 3947 θμήτους
2386 3877 2699 3951 ἐγέννησεν,
2744 3880 2841 3933 καὶ
2891 3878 2972 3941 είς
3000 3877 3062 3931 τὸ
3083 3876 3337 3949 διηνεκὲς
3359 3877 3584 3946 ἐγέννα.
3612 3877 3713 3928 ούκ

2119 3969 2191 4024 ἂν
2219 3968 2384 4024 αὐτοῦ
2413 3973 2446 4042 ἡ
2499 3971 2686 4040 ἔφεσίς
2726 3972 2863 4037 ἐστι,
2917 3969 3042 4025 οὔτε
3072 3972 3105 4042 η
3135 3969 3357 4023 εὐδοκία
3382 3967 3554 4021 αὐτοῦ
3584 3983 3717 4020 ποτε

2118 4060 2443 4134 ἐπληροῦτο.
2466 4064 2527 4118 Εἰ
2544 4064 2601 4117 δὲ
2621 4064 2965 4134 ὡρισμένους
2980 4063 3157 4126 τινάς,
3183 4056 3297 4114 οἷον
3314 4061 3541 4126 ἑκατὸν,
3560 4059 3719 4128 triv-

2118 4170 2304 4223 νησεν,
2331 4155 2457 4208 ὅτου
2496 4156 2658 4226 χάριν
2687 4155 2860 4208 ἐποίει
2887 4153 3081 4219 τοῦτο;
3120 4154 3345 4215 πάντως
3380 4153 3457 4215 ὡς
3489 4152 3570 4222 μὴ
3593 4151 3715 4219 οὐχὶ

2116 4242 2212 4295 τοῦ
2253 4243 2373 4307 ἑνὸς
2425 4244 2798 4316 ἐπαρκοῦντος
2852 4246 3035 4298 πᾶσαν
3066 4242 3231 4297 αὑτοῦ
3273 4242 3568 4313 πληρῶσαι
3610 4242 3717 4308 τὴν

2118 4335 2368 4389 εὐδοκίαν
2419 4338 2516 4390 καὶ
2547 4335 2757 4405 ἔφεσιν.
2790 4336 2890 4390 Διά
2943 4336 3102 4390 τοῦτο
3141 4335 3253 4405 γὰρ
3296 4333 3408 4388 τῶν
3441 4334 3729 4386 πλειόνων

446 4421 602 4489 Quod
632 4424 851 4493 quidem
880 4423 926 4479 si
951 4422 1288 4487 dederimus,
1335 4423 1593 4492 sequitur
1626 4422 2012 4493 imperfectum

2132 4428 2358 4499 ἡχρεία.
2393 4427 2455 4480 Εἰ
2481 4427 2537 4479 δὲ
2562 4427 2719 4481 τοῦτο
2741 4427 2986 4498 δοίημεν,
3026 4426 3222 4496 ἀτελὴς
3250 4425 3339 4492 ἂν,
3370 4423 3467 4477 καὶ
3499 4423 3731 4494 mag,

446 4525 503 4572 et
533 4518 867 4587 indigentem
915 4530 1037 4571 esse
1081 4513 1303 4580 Filium,
1356 4531 1541 4584 neque
1591 4516 1701 4570 sibi
1738 4515 2014 4571 sullicere.

2114 4519 2208 4572 καὶ
2228 4519 2328 4572 οὐκ
2346 4519 2627 4589 αὐτάρκης
2678 4520 2706 4571 ὁ
2764 4519 2913 4581 Υἱός.
2952 4519 3013 4571 El
3051 4517 3108 4570 δὲ
3132 4518 3159 4569 ὁ
3182 4516 3310 4578 Υἱὸς
3344 4514 3563 4583 ἐνδεὴς,
3601 4513 3721 4574 ἴσος

449 4610 604 4677 Quod
647 4611 693 4665 si
738 4607 912 4663 Filius
965 4608 1041 4664 sit
1078 4607 1358 4677 indigens,
1413 4613 1498 4663 est
1561 4616 1748 4661 autem
1785 4608 2017 4677 aequalis

2132 4614 2168 4666 ἰὲ
2199 4611 2294 4666 καὶ
2317 4612 2504 4682 ὅμοιος
2532 4611 2610 4682 τῷ
2659 4612 2837 4682 Harp“.
2865 4611 3109 4680 πέφυκεν
3131 4604 3273 4662 εἶναι
3302 4605 3719 4663 ἀποδέδεικται.

446 4717 503 4762 et
533 4705 731 4761 similis
758 4702 930 4766 Patri,
968 4708 1027 4756 ut
1060 4701 1503 4755 demonstratum
1553 4710 1662 4766 est,
1695 4700 1802 4754 erit
1850 4700 2019 4770 igitur

2114 4703 2268 4758 ἔσται
2292 4704 2397 4775 ἄρα
2414 4705 2509 4757 καλ⁵
2538 4706 2565 4756 ὁ
2590 4702 2746 4771 Θεὸς,
2780 4703 2879 4756 καὶ
2903 4703 3093 4773 Πατὴρ
3144 4698 3347 4767 ἀτελής
3376 4714 3436 4750 τε
3496 4698 3596 4750 καὶ
3628 4698 3722 4748 ὲν-

445 4799 615 4855 etiam
649 4797 789 4851 Deus
837 4794 998 4850 Pater
1057 4793 1450 4861 imperfectus,
1493 4801 1548 4848 et
1578 4793 1835 4864 indigens
1882 4792 2017 4863 (sed

2132 4795 2238 4866 ῑεὴς
2268 4796 2448 4864 (ἵλεως
2472 4795 2672 4864 γένοιο,
2715 4794 2936 4867 Κύριε),
2970 4795 3067 4848 καὶ
3098 4794 3199 4847 οὐκ
3226 4791 3544 4862 αὐτάρκης,
3578 4791 3725 4859 ὅπερ

447 4889 720 4962 propitius
769 4888 848 4943 sis
897 4887 1054 4952 mihi,
1084 4885 1369 4956 Domine),
1405 4893 1459 4941 et
1506 4900 1615 4939 non
1647 4901 1747 4954 per
1779 4900 1840 4941 se
1873 4883 2023 4940 sulIi-

447 4985 622 5045 ciens,
653 4980 796 5051 quod
829 4978 1052 5048 quidem
1105 4978 1411 5033 absurdum
1454 4985 1558 5031 est.
1593 4975 1689 5030 Sin
1727 4991 1863 5030 vero
1892 4992 2020 5046 per-

449 5075 627 5130 fectus
650 5072 757 5129 est
801 5072 972 5128 Filius
1004 5072 1148 5128 sicut
1197 5070 1383 5135 Pater,
1430 5084 1541 5125 non
1571 5084 1710 5139 opus
1747 5075 1836 5123 est
1873 5068 2019 5123 aliis.

450 5167 547 5222 Dic
589 5165 747 5232 mihi,
788 5182 972 5221 nonne
1005 5164 1107 5219 tibi
1143 5165 1214 5218 ita
1250 5160 1504 5218 videtur?

521 5259 583 5311 B.
615 5257 759 5313 Sane
788 5256 1033 5329 quidem.

519 5350 586 5418 A,
618 5352 770 5420 Age:
807 5349 1021 5421 reliqua
1055 5347 1313 5404 animalia
1345 5353 1550 5401 suntne
1597 5342 1835 5399 rationis
1862 5349 1916 5397 et
1959 5341 2022 5395 li-

451 5439 567 5495 bcri
600 5439 813 5495 arbitrii
847 5439 1138 5511 expertia?

2118 4889 2337 4943 ἄτοπον.
2363 4889 2424 4941 Ei
2450 4888 2507 4942 δὲ
2533 4888 2739 4949 τέλειός
2760 4888 2912 4941 ἐστιν
2939 4890 2966 4940 ὁ
2998 4885 3149 4949 Υἱὸς,
3176 4884 3272 4937 καὶ
3304 4885 3333 4936 ὁ
3365 4882 3585 4953 Πατὴρ,
3616 4882 3728 4934 οὒκ

2119 4979 2265 5033 ἔστιν
2288 4979 2492 5050 ἑτέρων
2518 4980 2696 5050 χρεία.
2731 4978 2868 5033 Ετπὲ
2906 4995 3022 5049 μοι,
3058 4976 3182 5047 οὐχὶ
3210 4976 3318 5046 φής
3343 4991 3359 5039 ;

2193 5246 2257 5301 Β.
2285 5245 2416 5299 Ναί.

2196 5339 2259 5392 Α.
2304 5337 2384 5391 Τά
2409 5338 2465 5392 δὲ
2497 5337 2661 5391 λοιπά
2716 5337 2853 5403 ζῶα,
2912 5335 3072 5404 λόγου
3111 5353 3169 5388 τε
3227 5336 3323 5389 καὶ
3360 5333 3724 5401 ceraso-uati-

2125 5447 2285 5499 τητος
2318 5429 2521 5501 ἄμοιρα
2544 5445 2558 5494 ;
2746 5430 2753 5433 “

1751 5611 1985 5669 VARUS
2018 5611 2427 5670 LECTIONES.

534 5710 582 5745 ¹³
619 5711 877 5769 Turrian.
914 5713 1067 5784 legit,
1100 5712 1334 5781 ὀφείλεις
1364 5710 1456 5763 ἐπὶ
1486 5709 1593 5764 τῶν
1617 5708 1820 5764 λοιπῶν
1862 5724 1953 5777 μοι
1987 5710 2147 5760 νοεῖν.
2223 5709 2271 5739 ³⁸
2302 5705 2657 5761 Desidet-ater
2685 5706 2741 5763 in
2782 5702 3036 5760 versione
3065 5699 3359 5756 Turriani.
