3928 6130
190 342 321 409 1501

254 455 318 509 Β.
348 453 536 518 Οὔτως
556 452 690 523 ἔχει.

256 547 325 601 A-.
351 547 416 600 El
436 541 529 600 οὖν
575 548 603 598 ὁ
646 544 777 609 Θεὸς
806 544 1083 615 ἠϐουλήθη
1114 544 1249 615 πρὸς
1284 544 1454 615 ἡμᾶς,
1495 545 1665 613 ἤγουν
1696 547 1778 609 είς

180 639 278 693 τὸν
301 637 508 705 κόσμον
535 635 837 690 ἀπόστολόν
883 654 1007 689 τινα
1040 635 1279 705 πέμψαι,
1308 635 1464 688 ποίου
1489 638 1777 706 τάγματος

180 728 537 783 ἀποστέλλειν
575 727 791 798 ἔμελλε,
830 727 891 792 ἐξ
930 727 1183 795 ἀγγέλων
1221 727 1463 794 πάντως,
1498 728 1535 798 ἢ
1563 728 1776 801 ἀνθρώ-

182 837 337 883 πωνς
374 821 434 873 οὐ
467 821 577 892 γὰρ
608 822 673 874 ὲκ
703 821 811 874 τῶν
835 821 1048 890 ἀλόγων
1074 819 1250 885 ζώων.

256 911 318 965 Β.
356 910 546 975 Οῦτως
571 913 708 981 ἔχει.

254 1004 321 1055 Α.
353 1002 731 1067 Αὐτεξουσίων
765 996 860 1056 οῦν
890 1003 1082 1069 ὄντων,
1119 1003 1296 1074 ἐν·τῷ
1318 1004 1779 1074 ἀποστελλομένῳ

184 1089 254 1164 ἦν
294 1093 606 1148 ὑπακοῦσαι
657 1093 752 1147 τοῦ
800 1093 962 1161 Θεοῦ,
1014 1093 1047 1165 ἢ
1083 1094 1158 1165 μὴ
1205 1095 1517 1148 ὑπακοῦσαι
1555 1095 1636 1157 είς
1672 1094 1773 1164 τὴν

184 1186 513 1255 ἀποστολὴν,
554 1188 647 1240 καὶ
681 1189 880 1251 είπεῖν,
931 1186 1007 1249 ὡς
1040 1186 1365 1258 ἐκελεύσθη,
1419 1186 1775 1258 παρατρέψαι

183 1273 307 1325 τινὰ
330 1271 456 1341 “ﬂii
480 1270 611 1338 οῦκς
643 1269 838 1338 Οἶσθα,
866 1273 949 1325 ὃτι
973 1273 1068 1326 καὶ
1093 1274 1322 1343 Μωσῆς,
1352 1274 1444 1326 καὶ
1479 1274 1770 1345 Ἱερεμίας,

184 1363 282 1415 καὶ
302 1361 480 1431 ἕτεροι
511 1362 974 1430 ἀποστελλόμενοι
1002 1362 1155 1432 παρά
1180 1362 1276 1415 τοῦ
1304 1362 1466 1429 Θεοῦ,
1487 1363 1557 1415 τά
1578 1362 1773 1433 πρῶτα

190 1451 558 1524 παρῃτοῦντο,
586 1454 683 1507 καὶ
709 1454 988 1518 ἀνένευον,
1013 1456 1108 1507 καὶ
1129 1454 1240 1507 δέει
1268 1456 1370 1525 τῆς
1403 1455 1769 1524 λειτουργίας,

184 1542 221 1613 ἢ
251 1543 426 1613 ἑτέρῳ
461 1544 625 1598 πάθει
676 1543 1049 1614 κρατούμενοι
1083 1545 1543 1616 προεφασίζοντο,
1576 1548 1772 1619 μέχρις

189 1633 258 1686 ἂν
290 1634 452 1697 αὐτὸς
496 1636 525 1687 ὁ
564 1634 698 1697 Θεὸς
744 1634 959 1687 πλείοσι
989 1634 1191 1703 λόγοις,
1218 1637 1339 1689 ’καὶ
1382 1639 1772 1708 παραινέσεσιν

185 1723 498 1777 ἀνέπειθεν.
534 1724 598 1776 Ei
638 1722 697 1776 δὲ
729 1725 825 1777 καὶ
862 1722 971 1786 ἕως
1018 1724 1206 1787 τέλους
1234 1723 1439 1789 εἴλοντο
1484 1725 1772 1795 διαρκέσαι

186 1814 278 1867 ἐπ’
304 1816 511 1881 αὐτοῖς,
542 1815 617 1878 ὠς
657 1815 733 1886 μὴ
804 1815 1175 1880 αὐτεξουσίοις
1205 1815 1387 1868 ἔκειτο
1414 1815 1575 1869 τοῦτο
1594 1854 1611 1869 .

254 1902 315 1957 Β.
354 1902 543 1967 Οὕτως
576 1903 708 1974 ἔχει.

252 1995 318 2049 Α.
354 1995 414 2049 '0
439 1995 496 2048 δὲ.
531 1994 717 2059 Ἰωνᾶς
740 1997 838 2048 καλ¹
868 1997 1016 2066 φυγῇ
1045 1996 1320 2066 ἐχρήσατο
1342 1995 1452 2050 ἀπὸ
1475 1995 1773 2068 προσώπου

184 2085 414 2154 Κυρίου,
445 2088 523 2150 είς
541 2086 778 2158 Θαρσεῖς
794 2086 1125 2151 ἀποσταλεὶς
1156 2087 1288 2159 παρ’
1329 2087 1498 2142 αὐτοῦ
1544 2090 1624 2151 είς
1655 2088 1773 2156 Νη-

184 2176 325 2230 usui.

253 2269 316 2322 Β.
347 2267 532 2333 Οῦτως
570 2268 1048 2340 ἀναγινώσκομεν.

249 2356 318 2413 Α.
357 2361 418 2412 Εἰ
466 2362 649 2415 τοίνυν
696 2362 1160 2431 ἀποστελλόμενοι
1208 2360 1243 2431 ἢ
1291 2360 1636 2432 παρῃτοῦντο
1671 2360 1773 2431 τὴν

185 2452 509 2525 ἀποστολὴν,
533 2455 565 2524 ἢ
593 2453 710 2507 ἀνθ’
736 2455 940 2523 ἑτέρων
966 2453 1314 2524 ἀπήγγελλον
1342 2453 1525 2523 ἔτερα,
1558 2454 1771 2522 ἀνάγκη

187 2546 336 2598 πᾶσα
382 2545 493 2598 τῶν
544 2545 639 2598 δύο
694 2546 757 2598 τὸ
801 2547 991 2616 ἕτερον
1039 2542 1108 2616 ἦν
1151 2544 1427 2613 γενέσθαι,
1471 2545 1505 2615 ἢ
1539 2544 1640 2613 τὴν
1676 2545 1772 2598 τοῦ

186 2635 320 2689 Θεοῦ
351 2636 552 2707 βουλὴν
585 2637 828 2706 ἀργῆσαι
859 2638 921 2690 τὸ
952 2638 1026 2708 μὴ
1056 2637 1337 2706 εὑρίσκειν
1381 2638 1703 2701 ἀπόστολον,
1737 2637 1770 2707 ἢ

186 2728 348 2781 αὑτὸν
378 2728 772 2785 ἀπαναστάντα
798 2729 894 2782 τοῦ
939 2729 1223 2799 βασιλικοῦ
1251 2729 1444 2798 θρόνου
1470 2727 1772 2781 ἀπόστολον

190 2818 405 2886 ἑαυτοῦ,
448 2820 541 2872 καὶ
591 2819 928 2887 αὑτάγγελον
978 2819 1343 2889 χρηματίσαι,
1400 2818 1492 2869 καὶ
1523 2818 1771 2868 διάκονον

186 2910 287 2980 τῆς
325 2910 520 2964 ἑαυτοῦ
568 2911 785 2982 βουλῆς,
834 2911 928 2964 καὶ
958 2908 1285 2981 αὐτουργὸν,
1327 2902 1423 2963 καὶ
1460 2909 1768 2979 ὑπηρέτην,

188 3002 347 3074 ὅπερ,
378 3004 456 3067 ὡς
480 3003 816 3068 ἀπέδειξενό
866 3002 1049 3071 λόγος,
1107 3001 1393 3071 ἀλλότριον
1444 3000 1625 3067 πάντη
1676 3001 1771 3053 καὶ⁸

190 3095 600 3166 ἁπεξενωμένον
624 3096 721 3150 τοῦ
755 3095 1040 3166 βασιλικοῦ
1073 3094 1409 3164 ἀξιώματος,
1443 3094 1505 3145 τὸ
1529 3093 1598 3145 δι’
1638 3096 1769 3146 ἐαυ-

189 3184 285 3238 τοῦ
314 3186 694 3255 αὐτουργικῶς
720 3185 1037 3254 περαιοῦνιτι
1072 3185 1181 3238 τῶν
1228 3182 1448 3237 οίκείων
1491 3182 1769 3252 βουλημὰ-

190 3296 299 3331 των
322 3294 383 3330 τε
420 3276 516 3330 καὶ
547 3279 1006 3347 προσταγμάτων,
1031 3277 1349 3331 ἀποστεῖλαι
1374 3276 1429 3328 δὲ
1457 3277 1593 3347 πρὸς
1624 3277 1770 3345 ἡμᾶς

190 3386 244 3423 τι
279 3369 387 3423 τῶν
418 3370 628 3436 ἀλόγων
656 3368 831 3434 ζώων,
869 3372 965 3423 καλ⁵
996 3369 1057 3423 τὸ
1093 3368 1274 3437 λέγειν
1303 3368 1531 3437 ἠλίθιον.
1561 3367 1772 3421 Οὐκοῦν

192 3462 406 3533 ἀνάγκη
437 3464 591 3516 πᾶσα
616 3463 708 3516 τὸν
736 3462 870 3516 Θεὸν
909 3462 1054 3533 ἔχειν
1084 3463 1207 3515 τινὰ
1251 3461 1541 3531 ὁμοούσιον
1573 3460 1769 3513 ἑαυτοῦ

190 3553 250 3606 τὸ
278 3552 624 3617 αὐτεξούσιον
645 3552 869 3641 ἔχοντα,
902 3553 999 3607 καὶ
1034 3553 1097 3606 τὸ
1124 3552 1361 3622 θέλημα,
1392 3552 1453 3605 οὐ
1485 3552 1770 3621 παρηλλα-

192 3647 413 3716 γμένον,
438 3645 533 3699 καὶ
564 3646 774 3717 ἀπᾷδον
806 3644 1087 3706 παντελῶς
1135 3646 1235 3713 τῆς
1272 3644 1407 3706 ἰδίας
1439 3642 1768 3713 βουλήσεως,

194 3740 273 3800 είς
299 3737 646 3808 ἐκπλήρωσιν
676 3737 784 3791 τῶν
807 3737 968 3791 θείων
996 3736 1165 3791 αὐτοῦ
1196 3736 1459 3805 ὲφέσεων,
1493 3736 1551 3798 ὃς
1576 3738 1722 3788 ἐστιν
1746 3738 1774 3789 ὁ

196 3829 321 3892 Υἱὸς
363 3830 656 3892 συναῖδιος,
716 3833 812 3883 καὶ
884 3828 1233 3899 ταυτοτελὴς,
1270 3828 1363 3880 καὶ
1396 3825 1715 3896 ὁμόδουλος,
1745 3827 1774 3878 δ

194 3924 289 3975 καὶ
318 3924 374 3974 ὲν
405 3926 528 3984 ταῖς
548 3922 798 3992 Γραφαῖς
821 3924 923 3992 τῆς
953 3921 1200 3992 μεγάλης
1223 3919 1421 3990 βουλῆς
1440 3918 1775 3986 καλούμενος

199 4012 484 4083 Ἄγγελος,
521 4016 568 4048 ³³
600 4016 693 4068 καὶ
721 4017 834 4077 τοῖς
857 4013 1048 4084 πρώην
1100 4012 1445 4084 χρηματίσας
1495 4012 1776 4080 Πατράσιν

208 4104 462 4175 Ἀϐραὰμ
493 4122 573 4169 τε,
615 4107 709 4157 καὶ
770 4105 979 4170 Ἰσαὰκ,
1015 4105 1112 4158 καὶ
1141 4102 1363 4165 Ἰακὼϐ,
1419 4103 1512 4154 καὶ
1542 4103 1775 4170 Μωῦσῇ,

196 4196 289 4249 καὶ
322 4198 435 4259 τοῖς
457 4195 685 4261 λοιποῖς,
714 4196 790 4261 ὼς
825 4198 918 4251 καλ⁵
941 4198 1003 4249 ὲκ
1027 4197 1133 4249 τῶν
1158 4196 1330 4264 ἁγίων
1356 4193 1590 4265 Γραφῶν
1620 4194 1779 4263 ἀκριέ

201 4286 355 4339 ὁέστε
366 4302 454 4354 ρον
471 4287 835 4360 ,ἐντυγχάνων
869 4285 1114 4356 μαθήσῃ.

266 4378 331 4433 Β.
361 4378 427 4429 Τί
452 4377 509 4430 δὲ
559 4379 736 4430 εἰπεῖν
792 4377 936 4447 ἔχεις
991 4377 1124 4447 περὶ
1164 4375 1265 4433 τοῦ
1297 4374 1647 4444 Πνεύματο;;
1692 4373 1777 4435 τίς

1597 346 1774 409 OPUS

1885 349 2015 409 FLA.
3325 351 3475 416 15(ιὲ

1800 466 1849 520 Α
1944 456 2006 509 Β.
2047 453 2141 511 Sic
2168 462 2274 512 est.
2834 458 2843 467 ’

1920 550 2015 600 -A.
2064 545 2122 601 Si
2177 547 2352 617 igitur
2381 548 2648 605 voluisset
2688 547 2837 605 Deus
2871 549 3097 606 mittere
3129 551 3196 605 ad
3237 566 3362 616 nos,
3399 555 3473 609 ad

1878 636 2172 702 mundum,
2208 640 2457 709 inquam,
2505 639 2784 706 nuntium,
2827 638 2996 711 369
3026 656 3092 695 ex
3123 657 3235 709 quo
3269 642 3468 696 ordine

1877 732 2157 787 missurus
2208 733 2365 786 erat?
2404 748 2475 786 ex
2533 733 2772 802 angelis,
2828 742 2924 788 aut
2977 749 3047 787 ex
3097 734 3476 790 hominibus?

1876 837 1989 875 non
2025 824 2171 876 enim
2208 838 2276 878 ex
2305 824 2690 880 animantibus
2724 824 2944 880 ratione
2974 826 3322 882 carentibus.

1936 913 1997 967 Β.
2027 915 2111 967 Ita
2140 922 2248 970 est.

1946 1004 2013 1056 Α.
2048 1003 2186 1057 Cum
2225 1003 2397 1073 igitur
2425 1002 2479 1056 hi
2515 1010 2703 1057 essent
2734 1018 2851 1059 sua:
2885 1003 3190 1058 voluntatis
3231 1019 3463 1076 compo-

1875 1102 1980 1159 tes,
2014 1093 2069 1147 in
2100 1100 2377 1162 potestate
2413 1092 2534 1161 ejus
2568 1093 2661 1162 qui
2720 1094 3037 1147 mitteretur
3062 1103 3184 1147 erat
3238 1094 3465 1151 obedire

1873 1191 1967 1238 aut
1990 1200 2098 1263 non
2126 1182 2644 1249 obediremittenti;
2682 1185 2809 1239 item
2843 1184 3030 1238 dicere
3081 1192 3140 1239 ut
3170 1186 3217 1239 ei
3239 1185 3463 1253 jussum

1872 1283 2046 1339 esset,
2080 1283 2175 1330 aut
2206 1276 2390 1345 aliqua
2434 1276 2729 1331 invertere.
2768 1275 2852 1329 An
2874 1266 3101 1344 ignoras
3136 1275 3383 1347 Moysen,
3404 1285 3461 1330 et

1872 1365 2416 1429 Jeremiam,etalios
2443 1381 2474 1419 a
2496 1366 2609 1421 Deo
2627 1367 2830 1421 missos
2858 1381 3177 1428 recusasse,
3208 1366 3462 1421 etdetre-

1874 1465 2150 1521 ctasse,ac
2164 1464 2311 1511 metu
2336 1457 2637 1512 ministerii
2653 1457 2918 1521 obeundi,
2941 1457 3151 1511 autalia
3168 1456 3460 1511 aﬂ'ectione

1873 1556 2068 1618 captus
2108 1562 2433 1613 excusasse,
2471 1563 2766 1619 quousque
2820 1547 3174 1604 Deusmultis
3191 1549 3376 1602 verbis
3403 1557 3458 1602 et

1872 1640 2290 1694 hortationibus
2329 1639 2412 1693 eis
2456 1639 2668 1693 suasit?
2714 1640 2848 1710 quid
2885 1640 2931 1695 si
2972 1655 3146 1709 usque
3188 1640 3256 1693 ad
3294 1638 3456 1693 linem

1872 1732 2177 1786 voluissent
2215 1732 2614 1801 perseverare?
2647 1747 2817 1801 penes
2851 1745 2947 1788 eos
2986 1740 3246 1801 tauquam
3282 1730 3462 1786 libero

1804 1804 1847 1858 Β
1876 1824 2110 1878 arbitrio
2138 1825 2403 1894 praeditos
2447 1831 2567 1878 erat
2597 1824 2720 1878 boc.

1939 1915 2003 1969 Β.
2034 1914 2126 1969 Sic
2163 1924 2268 1971 est.
2332 1956 2351 1970 .

1946 2007 2016 2060 A.
2050 2005 2223 2062 Jonas
2258 2014 2443 2060 autem
2477 2004 2615 2076 fugit
2642 2020 2672 2058 a
2701 2004 2842 2059 facie
2871 2002 3085 2059 Domini
3116 2002 3169 2057 in
3202 2001 3454 2079 Tharsis,

1873 2114 2002 2154 cum
2034 2099 2103 2154 ab
2133 2114 2199 2154 eo
2224 2099 2434 2155 missus
2463 2107 2551 2154 est
2572 2096 2847 2153 Ninivem.

1944 2284 2006 2336 Β.
2054 2281 2147 2337 Sic
2179 2280 2437 2352 legimus.

1943 2375 2008 2429 Α.
2070 2373 2127 2428 Si
2179 2375 2349 2445 igitur
2402 2373 2496 2442 qui
2550 2370 2926 2436 mitterentur,
2990 2378 3086 2425 aut
3137 2379 3458 2426 recusarent

1872 2466 2245 2530 missionem,
2300 2474 2395 2518 aut
2457 2463 2563 2517 alia
2632 2477 2731 2532 pro
2806 2462 2930 2517 aliis
2997 2461 3337 2525 nuntiarent,
3373 2459 3457 2511 al-

1870 2562 2048 2608 terum
2094 2553 2333 2609 duorum
2390 2552 2621 2607 omnino
2685 2551 2805 2607 ﬁeri
2871 2565 3099 2605 necesse
3148 2556 3302 2615 erat,
3362 2553 3457 2601 aut

1871 2659 2104 2709 vacare,
2161 2659 2228 2699 ac
2292 2643 2499 2698 frustra
2548 2656 2673 2697 esse
2749 2640 3051 2695 consilium
3110 2638 3261 2701 Dei;
3328 2638 3454 2706 quia

1871 2749 1982 2789 non
2015 2734 2360 2788 inveniretur
2389 2734 2641 2798 nuntius,
2675 2739 2770 2786 aut
2809 2732 2990 2800 ipsum
3042 2745 3070 2783 a
3108 2729 3278 2796 regali
3317 2729 3459 2783 solio

1870 2828 2247 2881 discedentem
2281 2825 2400 2879 ﬁeri
2430 2825 2538 2879 sibi
2585 2825 2867 2887 nuntium,
2903 2830 2957 2877 et
2990 2821 3329 2889 αὐτάγγελον
3364 2835 3459 2874 vo-

1869 2919 2008 2983 cari,
2040 2927 2093 2972 et
2123 2919 2207 2972 sui
2240 2915 2464 2971 consilii
2499 2915 2916 2977 administrum,
2949 2921 3005 2967 et
3046 2928 3143 2981 per
3182 2928 3241 2967 se
3271 2911 3458 2965 confe-

1869 3017 2077 3062 ctorem
2126 3015 2181 3061 et
2205 3005 2499 3068 famulum,
2527 3003 2673 3074 quod
2702 3003 2946 3073 quidem,
2977 3010 3039 3056 ut
3067 3001 3207 3057 ratio
3230 3000 3458 3056 demou-

1872 3100 2089 3164 stravit,
2151 3099 2390 3153 alienum
2447 3097 2678 3152 omnino
2728 3102 2783 3150 ct
2830 3105 3155 3149 extraneum
3218 3107 3248 3145 a
3288 3092 3455 3161 regali

1873 3192 2140 3259 dignitate
2188 3197 2329 3253 erat,
2378 3204 2479 3259 per
2522 3203 2582 3244 se
2637 3189 2822 3257 ipsum
2872 3185 3284 3239 ministrantem
3336 3197 3457 3237 ser-

1873 3296 2069 3336 mones
2103 3282 2285 3334 I‘acere
2314 3279 2458 3347 apud
2495 3292 2598 3333 nos
2629 3278 2698 3331 de
2731 3276 2941 3333 nostris
2984 3273 3369 3329 voluntatibus
3396 3280 3456 3326 et

1875 3374 2062 3429 rebus.
2109 3370 2328 3425 Mittere
2362 3376 2544 3425 autem
2600 3368 2667 3422 ad
2708 3383 2812 3423 nos
2865 3365 3078 3436 aliquid
3130 3365 3457 3419 animaliqu

1873 3467 2088 3521 ratione
2116 3464 2440 3525 carentium,
2476 3461 2560 3517 vel
2605 3459 2709 3512 hoc
2740 3459 2922 3528 ipsum
2950 3457 3156 3521 dicere,
3204 3456 3459 3511 mortife-

1874 3572 1997 3614 rum
2037 3553 2352 3627 [stolidum]
2410 3560 2519 3608 est.
2570 3550 2753 3616 Quare
2804 3563 3036 3604 necesse
3083 3548 3306 3601 omnino
3339 3555 3460 3601 erat

1876 3657 1937 3705 ut
1967 3649 2111 3704 Deus
2141 3647 2368 3701 haberet
2399 3645 2644 3714 aliquem
2677 3642 3033 3706 bomousion,
3089 3641 3142 3695 id
3195 3647 3302 3700 est,
3347 3652 3461 3692 suae

1875 3742 2153 3802 essentise,
2189 3738 2288 3808 qui
2330 3736 2566 3791 liberum
2617 3734 2912 3788 arbitrium
2971 3731 3222 3795 haberet,
3263 3739 3317 3783 et
3360 3743 3457 3783 vo-

1877 3836 2142 3889 luntatem
2174 3832 2397 3901 penitus
2432 3845 2461 3883 a
2491 3845 2592 3884 sua
2622 3830 2907 3883 voluntate
2939 3843 3047 3880 non
3072 3825 3454 3886 dissidentem,

1876 3940 2053 3992 neque
2080 3922 2491 3978 discordantem
2533 3920 2597 3972 ad
2629 3917 2964 3987 explendqu
2999 3916 3181 3969 ouinia
3217 3930 3315 3969 sua
3347 3913 3449 3967 de-

1877 4016 2103 4077 sideria,
2144 4014 2238 4084 qui
2274 4022 2357 4067 est
2391 4009 2567 4065 Filius
2598 4009 2744 4078 ejus,
2779 4016 3106 4068 coaeternus,
3161 4014 3215 4058 et
3267 4019 3363 4072 per
3398 4018 3460 4057 se

1878 4108 2181 4179 perfectus,
2207 4112 2263 4159 et
2290 4102 2540 4173 ejusdem
2585 4100 2826 4163 consilii,
2862 4098 2955 4167 qui
2989 4097 3041 4149 iu
3074 4096 3286 4149 sanctis
3316 4093 3459 4147 Scri-

1878 4199 2053 4270 pturis
2083 4204 2308 4251 vocatur
2347 4194 2531 4264 magni
2557 4192 2781 4246 consilii
2814 4190 3060 4260 Angelus
3095 4198 3143 4239 ο.

1945 4373 2006 4427 Β.
2049 4369 2189 4439 Quid
2215 4368 2383 4423 babes
2419 4366 2485 4421 ad
2531 4365 2824 4419 dicendum
2856 4361 2924 4416 de
2974 4357 3183 4427 Spiritu
3232 4352 3460 4409 sancto?

198 4466 389 4523 τούτου
442 4468 600 4539 χρεία
658 4465 748 4541 ἢν,
790 4470 1099 4539 αὐτάρκους
1148 4468 1300 4529 ὄντος
1357 4466 1450 4519 τοῦ
1494 4467 1646 4526 Υίοῦ,
1701 4465 1774 4527 ὡς

1885 4466 2011 4537 quid
2042 4467 2145 4518 hoc
2172 4476 2311 4531 opus
2336 4461 2456 4514 est?
2486 4457 2621 4514 Cum
2650 4458 2788 4512 satis
2832 4455 2905 4510 sit
2937 4453 3135 4513 Filius,
3162 4458 3218 4503 ut
3245 4448 3456 4541 dixisti,

201 4564 453 4632 εἴρηκας,
478 4564 559 4624 εἰς
590 4560 867 4614 τελείωσιν
890 4562 986 4631 τῆς
1018 4563 1213 4631 ἀρχῆς,
1247 4559 1339 4613 καὶ
1371 4558 1472 4628 τῆς
1507 4557 1784 4627 βασιλείας

200 4655 293 4709 τοῦ
329 4654 543 4723 Πατρός
565 4671 579 4720 ;

272 4748 336 4801 Α.
381 4745 601 4815 Ἰδίωμά
630 4746 776 4798 ἐστιν
804 4745 902 4815 τῆς
944 4744 1327 4813 ὲννομωτάτης
1371 4739 1677 4810 βασιλείας,
1724 4736 1788 4790 τὸ

207 4839 371 4908 μηδὲν
408 4838 606 4908 δήποτε
644 4836 710 4891 δι’
739 4834 934 4889 ἑαυτοῦ
978 4835 1068 4888 τὸν
1114 4833 1341 4903 βασιλέα
1372 4834 1544 4884 ποιεῖν
1576 4848 1589 4862 ο
1626 4829 1783 4891 ἀλλὰ,

205 4933 274 4983 τὰ
309 4927 568 4982 δοκοῦντα
606 4926 754 4996 αὐτῷ
781 4926 870 4980 διὰ
909 4924 1215 4987 κελεύσεως
1266 4922 1529 4990 πληροῦν.
1571 4921 1633 4972 Et
1668 4918 1780 4988 γάρ

206 5019 346 5075 τιδι’
376 5018 567 5072 ἑαυτοῦ
624 5021 866 5088 ποιήσει,
908 5017 1198 5086 ἐλάττωμα
1228 5055 1241 5080 ,
1286 5019 1382 5067 καὶ
1439 5012 1653 5082 ὕφεσις,
1688 5012 1784 5065 καὶ

208 5109 558 5171 κατάπτωσίς
596 5110 710 5162 ἐστι
744 5110 844 5177 τῆς
887 5106 1200 5177 βασιλείας,
1259 5106 1353 5159 καὶ
1386 5105 1445 5157 οὑ
1483 5102 1781 5173 βασιλικόν.

209 5202 300 5256 Διὸ
328 5199 601 5270 μεσιτεὺει
629 5200 658 5251 ὀ
684 5201 832 5262 Υἱός.
864 5199 1034 5252 Πάλιν
1064 5198 1174 5251 τῶν
1204 5195 1674 5265 ἀναγκαιοτάτων,
1694 5194 1789 5247 καὶ

160 5317 169 5326 ·
214 5290 696 5363 συμπληρωτικῶν
714 5291 814 5360 τῆς
838 5290 1118 5359 βασιλείας
1139 5288 1257 5342 ἐστὶ
1305 5288 1366 5341 τὸ
1397 5287 1542 5357 ἔχειν
1561 5285 1790 5339 πλοῦτον

212 5383 539 5455 ἀπέραντον,
571 5382 668 5437 καὶ
688 5382 1055 5454 ἀδαπάνητον,
1088 5381 1181 5435 καὶ
1200 5380 1533 5453 θησαυροὺς,
1569 5378 1663 5432 καὶ
1693 5394 1788 5431 τα-

286 5529 312 5560 ο
334 5521 439 5573 lsa.
465 5536 542 5585 ix,
570 5518 603 5573 6
637 5534 752 5574 sec.
788 5515 930 5571 LXX

1889 4558 1958 4611 ad
1994 4555 2386 4627 perfectionem
2420 4549 2782 4622 principatus,
2813 4555 2868 4602 et
2900 4544 3054 4615 regni
3096 4540 3316 4596 Patris?

1964 4740 2027 4791 A.
2068 4733 2393 4802 Proprietas
2441 4727 2601 4798 regni
2628 4727 2831 4797 optime
2861 4724 3073 4794 legibus
3101 4717 3341 4774 instituti
3375 4722 3461 4769 cst

1885 4837 1943 4883 ut
1973 4829 2130 4889 nihil,
2170 4824 2558 4892 qualecunque
2587 4819 2682 4883 sit,
2728 4831 2828 4886 per
2870 4832 2929 4871 se
2988 4815 3150 4868 faciat
3193 4825 3311 4871 rex,
3365 4807 3458 4861 sed

1882 4936 2003 4991 qum
2052 4919 2099 4972 ei
2135 4916 2444 4977 videantur,
2486 4910 2728 4979 jubendo
2761 4905 3033 4976 perﬁciat.
3066 4902 3121 4957 Si
3154 4900 3281 4971 quid
3315 4899 3461 4991 enim

1882 4990 1977 5084 per
2029 5025 2089 5065 se
2137 5007 2324 5069 iaciat,
2368 4996 2683 5060 imminutio
2711 5005 2797 5053 est
2830 5009 2884 5051 et
2910 4995 3171 5084 dejectio,
3222 5001 3278 5047 et
3309 4990 3463 5084 regni

1883 5080 2190 5172 depressio,
2249 5106 2304 5151 ει
2355 5111 2465 5151 non
2521 5088 2811 5161 dignitatis
2846 5088 3031 5156 regiae.
3088 5080 3461 5172 Quamobrem

1884 5170 2047 5265 370
2068 5190 2242 5245 Filius
2281 5196 2370 5244 est
2398 5186 2633 5241 medius.
2660 5180 2880 5235 Rursus
2909 5177 3066 5233 valde
3088 5170 3464 5265 necessarium

1888 5260 2087 5346 εειίει
2117 5282 2264 5354 (μιοά
2302 5294 2530 5352 regnum
2565 5275 2826 5344 complet,
2861 5270 3063 5325 habere
3107 5265 3353 5322 inﬁnitas
3381 5260 3463 5316 di-

1892 5377 2077 5441 vitias,
2108 5384 2163 5432 et
2200 5390 2321 5445 quae
2360 5369 2610 5427 consumi
2641 5373 2937 5437 nequeant,
2972 5370 3026 5417 et
3057 5358 3367 5421 thesauros,
3400 5365 3461 5409 ac

1490 5645 1723 5701 VARM‘Z
1758 5643 2050 5701 [ΕΟτίοΝ
2064 5643 2166 5697 ES.

288 5747 354 5782 “'
379 5749 550 5805 Aliter
584 5749 675 5807 hic
730 5750 1027 5806 distinctus
1058 5756 1142 5804 est
1182 5747 1357 5804 codex
1405 5744 1570 5798 'l'urr.

1648 5744 1692 5774 ’⁵
1730 5741 1851 5796 ιΙςυε
1883 5741 2083 5795 desunt
2117 5740 2171 5791 in
2209 5737 2467 5793 versione
2499 5732 2786 5788 Turt'iani.
