3928 6130
216 301 342 370 15θῦ
1581 303 1803 368 0PUS(

1908 304 1999 368 .A.
3349 309 3487 376 1506

209 418 374 492 ταύτῃ
391 419 458 488 τῇ
489 413 664 487 πέτρα
687 413 1032 488 οἰκοδομήσω
1059 432 1164 487 μου
1190 415 1288 486 τὴν
1319 411 1790 486 Ἐκκλησίαν,καὶ

1908 417 2040 468 hanc
2075 420 2286 485 petram
2325 411 2616 469 aediﬁcabo
2643 410 2950 471 Ecclesiam
2991 433 3192 486 meam,
3225 431 3277 476 et
3310 423 3502 494 portas

212 511 370 566 πὺλαι
401 508 530 581 ᾅδου
553 505 614 560 οὐ
652 506 1044 578 κατισχύσουσί
1074 525 1153 562 σε.
1169 528 1187 560 ι
1207 505 1412 562 Τοῦτον
1442 507 1499 564 δέ
1520 509 1613 562 τὸν
1629 507 1792 577 λόγον

1908 505 2056 560 .nl'eri
2114 519 2225 560 non
2285 505 2662 576 praevalebunt
2719 506 2987 564 adversus
3030 524 3152 564 eam
3191 509 3236 566 ί.
3282 531 3302 564 ι
3354 512 3484 571 Haec

207 605 237 657 ὁ
271 601 475 672 Κύριος
494 597 668 670 ἔφησε
698 595 778 670 τῷ
816 598 1031 671 Πέτρῳ,
1073 600 1238 672 ἡνίκα
1267 597 1672 672 Πέτρο;[πρὸς]
1698 599 1792 652 τὸν

1908 596 2062 650 verba
2101 595 2242 650 dixit
2289 595 2554 652 Dominus
2587 596 2774 661 Petro.
2819 615 2944 654 cum
2977 598 3176 659 Petrus
3225 601 3478 672 Domino,

211 696 430 766 Κύριον,
466 690 664 746 ἐαυτὸν
689 690 818 744 Υἱὸν
855 690 1148 764 ἀνθρώπου
1178 691 1510 762 κεκληκότα,
1542 689 1790 766 εἴρηκεν·

1908 689 1987 758 ’μή
2021 704 2082 744 se
2109 688 2481 758 appellaverat
2511 688 2708 744 Filium
2747 691 3170 758 hominis,dixit
3199 713 3214 751 :
3253 713 3271 746 ι
3307 697 3390 751 Tu
3421 713 3482 752 es

218 807 234 839 ι
269 762 336 840 έὺ
367 781 420 838 εἴ
445 786 473 838 6
501 783 736 856 Χριστὸς
755 783 784 835 6
818 762 1069 846 Υἱὸς-τοῦ
1100 783 1236 837 Θεοῦ
1259 783 1353 836 τοῦ
1380 762 1624 846 ζῶντοςί
1644 800 1662 832 ι
1685 781 1794 835 Καὶ

1908 776 2150 832 Sinistus
2183 777 2358 834 Filius
2395 777 2484 835 Dei
2523 780 2630 834 vivi
2671 779 2754 845 f‘;
2793 801 2812 832 ι
2869 788 2922 836 et
2973 784 3230 853 copulata
3268 795 3393 840 sunt
3423 788 3482 842 in

212 875 554 948 συνήχθησαν
599 875 697 927 ἐπὶ
734 871 830 928 τοῦ
859 872 1100 945 Χριστοῦ
1129 873 1224 927 τοῦ
1257 871 1466 943 Κυρίου
1499 873 1532 942 ἡ
1543 870 1660 940 μῶν
1686 870 1796 940 ἀμ-

1908 868 2122 925 Chrislo
2153 869 2389 926 Domino
2434 881 2626 927 nostro
2675 882 2914 943 utraque
2963 875 3150 941 verba,
3187 885 3243 932 et
3281 881 3482 934 contir-

213 969 423 1040 φότεροι
449 967 500 1020 οἱ
530 965 703 1034 λόγοι,
727 963 824 1019 καὶ
858 965 1227 1029 πεπίστωται,
1258 965 1339 1017 ὅτι
1373 963 1507 1026 Θεός
1534 965 1651 1016 ἐστι
1695 961 1793 1014 καὶ

1908 971 2103 1016 rnatum
2144 963 2290 1033 quod
2320 971 2470 1020 esset
2501 963 2646 1021 Deus
2672 974 2726 1020 et
2762 966 2945 1022 honw.
3000 965 3234 1038 Oportet
3289 971 3480 1041 igitur,

213 1061 514 1132 ἅνθρωπος.
540 1058 662 1130 Χρὴ
687 1055 891 1122 τοίνυν,
911 1057 1214 1127 ἀγαπητοὶ,
1230 1055 1410 1110 πάντα
1426 1055 1517 1108 τὸν
1533 1055 1796 1126 Χριστιαο

1908 1054 2235 1120 :harissimi,
2297 1064 2359 1110 ut
2431 1057 2751 1128 quicunque
2821 1056 3196 1114 Christianam
3261 1063 3480 1132 religio.

212 1149 396 1220 νισμὸν
423 1146 798 1218 οἰκειούμενον
826 1147 928 1216 τὴν
963 1147 1162 1201 ἐαυτοῦ
1196 1146 1538 1216 δοκιμάζειν,
1565 1147 1658 1200 καὶ
1678 1146 1794 1200 δια-

1908 1161 2020 1200 nem
2059 1147 2434 1218 amplectitur,
2467 1147 2627 1202 [idem
2677 1163 2833 1203 suam
2888 1152 3105 1220 probet,
3140 1161 3196 1208 et
3229 1154 3519 1209 conside-t

214 1239 542 1296 σκέπτεσθαι
592 1239 808 1293 πίστιν·
855 1239 950 1292 καὶ
997 1241 1046 1292 εί
1101 1240 1201 1310 μὲν
1241 1239 1571 1309 βεϐαιοῦσαν
1621 1239 1794 1309 αὐτὴν

1908 1247 2001 1298 ret,
2035 1247 2088 1293 et
2123 1239 2167 1292 si
2209 1238 2436 1308 quidem
2471 1254 2588 1293 eam
2629 1241 2866 1310 reperiat
2896 1241 3172 1298 allirmare
3198 1241 3480 1298 Christum

211 1331 379 1404 εὖροι,
417 1330 660 1404 Χριστὸν
679 1324 822 1382 εἶναι
855 1329 989 1383 Θεόν
1023 1347 1080 1384 τε
1126 1331 1218 1383 καὶ
1251 1331 1560 1400 ἄνθρωπον,
1591 1329 1796 1398 ὀφείλει

1908 1342 2020 1382 esse
2082 1327 2251 1382 Deum
2315 1337 2368 1384 et
2403 1330 2703 1394 hominem,
2754 1331 2914 1386 debet
2962 1347 3082 1386 eam
3113 1335 3398 1404 complecti
3429 1343 3482 1390 et

167 1449 170 1452 ·
215 1425 490 1495 στέργειν,
547 1424 644 1475 καὶ
687 1421 1034 1492 ἀντέχεσθαι,
1079 1424 1172 1476 καὶ
1224 1423 1570 1494 ὑπερμαχεῖν
1599 1421 1792 1491 αὐτῆς,

1908 1420 2158 1485 retinere,
2193 1436 2258 1476 ac
2316 1437 2414 1491 pro
2451 1437 2514 1476 ea
2565 1437 2740 1494 usque
2798 1424 2864 1476 ad
2921 1433 3158 1479 mortem
3213 1440 3478 1494 pugnare.

211 1515 364 1587 ἀχρις
410 1513 789 1576 ἀποϐιώσεως.
831 1513 894 1566 Εἰ
937 1513 1000 1576 δὲ,
1034 1514 1130 1568 καὶ
1171 1515 1370 1586 ἐκϐαίη
1403 1515 1466 1567 τὸ
1511 1515 1688 1588 πέρας
1718 1516 1797 1578 εἰς

1908 1511 1996 1566 Sin
2028 1499 2310 1570 autem‘ad
2343 1515 2494 1569 aliud
2532 1516 2664 1585 quid
2698 1515 2968 1581 declinet,
3001 1517 3166 1572 debet
3199 1521 3485 1573 abominao

210 1607 353 1672 ἀλλο,
384 1606 468 1659 δεῖ
504 1605 899 1675 μυσάττεσθαι,
939 1605 1032 1660 καὶ
1064 1605 1308 1675 φεύγειν,
1351 1607 1448 1660 καὶ¹
1486 1608 1796 1678 ἀπεχθάνε-

213 1699 352 1764 σθαι,
377 1700 477 1771 τήν
498 1715 558 1752 τε
597 1697 948 1770 τραχύτητα,
1000 1699 1096 1752 καὶ
1142 1698 1240 1770 τὴν
1268 1699 1403 1771 πρὸς
1433 1701 1562 1764 τοὺς
1593 1700 1796 1772 προγό-

1899 1605 1978 1670 ri,
2015 1615 2069 1660 et
2097 1604 2308 1675 fugere,
2335 1618 2389 1662 et
2419 1608 2546 1664 orlio
2581 1610 2864 1678 prosequi,
2918 1619 2973 1664 et
3028 1611 3286 1665 duritiam
3335 1611 3480 1674 ﬁdei,

1897 1705 1951 1752 et
1988 1699 2246 1778 majores.
2283 1717 2311 1754 a
2336 1702 2544 1771 quibus
2579 1703 2753 1766 illam,
2801 1713 3062 1772 tanquam
3105 1702 3480 1758 haereditatem

209 1762 350 1861 νους,
380 1762 472 1862 ἀρ’
498 1786 574 1846 ὧν
597 1762 941 1864 ἐκείνην-τὴν
972 1793 1158 1846 πίστιν
1197 1762 1673 1864 ἐκληρονόμησεν,
1708 1762 1798 1860 ἐξο

1908 1792 2135 1860 accepit,
2169 1792 2373 1862 ejicere
2401 1811 2466 1848 ex
2498 1794 2666 1849 corde
2691 1812 2810 1860 suo,
2847 1803 2902 1850 et
2934 1796 3082 1849 illam
3109 1795 3479 1858 affectionem,

210 1886 410 1955 ορίζειν
435 1883 536 1954 τῆς
561 1884 757 1938 ἐαυτοῦ
803 1885 1034 1956 καρδίας
1057 1925 1073 1951 ,
1110 1886 1205 1938 καὶ
1237 1888 1339 1955 τὴν
1392 1887 1795 1958 προσπάθειαν,

213 1972 324 2032 οἷόν
350 1995 522 2049 φησιν
549 1980 578 2030 6
605 1978 772 2031 Δαυῖδ
799 1993 814 2010 ’
855 1997 874 2030 ι
916 1979 1206 2042 Ἄκουσον,
1245 1978 1491 2050 θύγατερ
1519 2020 1534 2046 ,
1568 1981 1663 2034 καὶ
1694 1981 1796 2046 ῐδε,

209 2068 298 2122 καὶ
326 2067 508 2122 κλῖνον
537 2067 596 2121 τὸ
625 2067 718 2132 οὓς
753 2084 869 2136 σου,
921 2070 1016 2123 καὶ
1063 2068 1326 2123 ἐπιλάθου
1379 2069 1475 2123 τοῦ
1509 2070 1641 2125 λαοῦ
1679 2087 1796 2136 σου,

208 2159 298 2212 καὶ
321 2159 417 2214 τοῦ
448 2160 601 2214 οἴκου
630 2161 724 2214 τοῦ
749 2161 956 2234 πατρός
986 2179 1080 2215 σου
1103 2179 1118 2194 ·
1147 2163 1246 2216 καὶ
1277 2161 1613 2236 ἐπιθυμήσει
1642 2165 1671 2217 6
1701 2163 1800 2234 βα-

211 2252 388 2315 σιλεὺς
409 2253 503 2304 τοῦ
535 2252 770 2317 κάλλους
802 2269 920 2308 σου.
958 2273 980 2308 ι
1019 2254 1342 2324 Τηνικαῦτα
1380 2256 1489 2328 γὰρ
1525 2256 1554 2308 6
1586 2256 1801 2328 ἀνθρω-

207 2360 306 2407 πος
329 2343 388 2396 τὺ
405 2343 576 2408 ὸντως
605 2347 794 2412 ἐφετὸν
826 2346 1128 2400 ἐπισπᾶται
1161 2348 1358 2412 κάλλος
1387 2349 1526 2420 πρὸς
1556 2349 1798 2420 Χριστοῦ

208 2434 462 2506 ἀληθινοῦ
512 2435 750 2506 νυμφίου
797 2437 892 2490 τοῦ
923 2437 1034 2490 τῶν
1068 2437 1462 2508 βασιλευόντων
1504 2439 1797 2510 βασιλέως,

209 2521 366 2590 ἡνίκα
389 2520 490 2591 τὴν
519 2521 659 2593 πρὸς
689 2524 820 2587 τοὺς
849 2525 1100 2594 πατέρας
1147 2527 1528 2596 προσπάθειαν
1565 2529 1802 2601 ἀπορρί-

205 2611 381 2682 ψειεν,
424 2615 520 2667 καὶ
563 2615 664 2686 τὴν
695 2617 776 2679 είς
820 2615 882 2668 τὸ
920 2615 1170 2687 διαρκεῖν
1206 2621 1265 2672 ἐν
1293 2623 1406 2684 τοῖς
1433 2621 1529 2674 ἀπ’
1576 2623 1801 2678 ἐκείνων

173 2783 176 2785 Δ
207 2705 672 2776 παραδεδομένοις
705 2706 1028 2778 πλησμονὴν
1055 2709 1456 2776 ἀποτινάξειεν.
1499 2714 1652 2768 Ἐπεὶ
1682 2711 1797 2779 οὖν,

207 2789 253 2848 ὦ
283 2790 452 2859 οὗτοι,
484 2795 660 2862 οὑτως
683 2795 796 2866 ἔχει
831 2797 1026 2862 ταῦτα,
1059 2799 1222 2872 δεῦρο
1263 2803 1468 2868 πάντες
1498 2807 1801 2880 ἀμφότεροι

205 2887 672 2960 προσδράμωμεν,
694 2892 761 2962 τῇ
796 2893 1178 2966 προειρημένῃ
1209 2897 1392 2949 πίστει
1421 2897 1519 2968 τῆς
1543 2899 1800 2965 ἀκλινοῦς

205 2979 411 3051 ταύτης
463 2980 670 3052 πέτρας
733 2981 828 3036 τοῦ
875 2985 984 3038 τῶν
1036 2986 1358 3042 ἀποστόλων
1396 2995 1797 3066 προηγήτορος,

205 3073 306 3127 καὶ
375 3073 760 3146 πιστεύσωμεν
805 3076 900 3130 τὸν
945 3077 1182 3149 Χριστὸν
1236 3075 1379 3135 εἶναι
1424 3083 1560 3138 Θεόν
1611 3103 1672 3139 τε
1702 3087 1798 3141 καὶ
1824 3103 1874 3167 ο

203 3161 520 3234 ἄνθρωπον.

291 3255 493 3309 Ίστέον
532 3257 589 3309 δέ
613 3297 628 3321 ,
675 3258 758 3310 ὅτι
790 3258 978 3330 ἐπειδὴ
1023 3262 1050 3313 6
1090 3262 1254 3326 αὐτὸς
1287 3265 1526 3336 ὑπάρχει
1559 3268 1693 3332 Θεός
1741 3286 1801 3322 τε

203 3346 302 3399 καὶ
321 3347 634 3418 ἄνθρωπος,
661 3349 764 3418 μία
787 3350 1006 3416 πάντως
1024 3353 1172 3406 ἐστὶν
1201 3356 1528 3423 ὑτόστασις·
1556 3361 1648 3413 καὶ
1668 3361 1802 3426 Θεὸς

201 3437 306 3502 ὢν,
347 3438 442 3490 καὶ
495 3439 820 3510 ἄνθρωπος,
878 3440 972 3494 δύο
1005 3443 1200 3511 φύσεις
1235 3447 1372 3516 ἕχει,
1409 3449 1561 3501 θείαν
1597 3467 1656 3503 τε
1709 3454 1804 3506 καὶ

200 3529 558 3600 ἀνθρωπίνην
583 3545 597 3562 ⁶
631 3529 720 3583 διὰ
747 3529 804 3584 δὲ
832 3531 892 3584 τὸ
921 3535 1126 3604 κυρίως
1147 3532 1289 3590 εἶναι
1317 3537 1470 3605 Θεὸς,
1493 3542 1555 3595 τὸ
1584 3545 1658 3615 μὴ
1681 3545 1803 3616 οὐχὶΙ

202 3622 362 3678 θείαν
379 3622 638 3696 ’ἐσχηκὼς
656 3624 821 3696 φύσιν
841 3627 1124 3694 ἀδύνατον,
1157 3633 1252 3686 καὶ
1274 3633 1492 3706 ἀληθῶς
1517 3637 1806 3709 ἄνθρωπος

201 3711 373 3783 εἶναι,
403 3717 464 3770 τὸ
509 3719 583 3789 μὴ
614 3717 872 3786 πεφυκὼς
901 3719 1050 3790 ἔχειν
1080 3721 1430 3796 ἀνθρωπίνην
1451 3727 1636 3797 φύσιν,
1674 3730 1805 3784 ἀδύ-

201 3825 392 3864 νατον.
427 3809 666 3863 Ἐστιδέ
697 3808 838 3881 αὕτη
868 3813 900 3881 ἡ
936 3813 1034 3882 μία
1071 3813 1374 3880 ὑπόστασις
1416 3817 1633 3888 αὑτὸς-ὸ
1664 3837 1802 3890 προ-

197 3900 426 3965 αιώνιος
455 3901 606 3966 Υἱὸς,
638 3902 666 3954 6
699 3904 806 3974 πρὸ
838 3905 1053 3961 πάντων
1079 3906 1190 3960 τῶν
1241 3907 1458 3962 αἰώνων
1487 3912 1552 3963 ἐκ
1589 3912 1805 3985 Πατρδς

199 3992 460 4062 ἀχρόνως
495 3993 589 4046 καὶ
609 3993 835 4058 ἀπαθῶς
857 3997 1281 4068 γεγεννημένος,
1297 3999 1356 4063 Ek
1378 4002 1494 4054 ἐστι
1515 4003 1670 4067 Θεὸς,
1691 4005 1807 4068 ica;

197 4085 288 4155 τῷ
319 4087 516 4157 Πατρὶ,
555 4089 700 4142 κατά
737 4087 840 4160 τὴν
870 4089 1154 4161 άῑδιότητα
1176 4090 1275 4164 τὴν
1309 4095 1586 4166 πατρικὴν
1611 4096 1806 4149 οὐσίαν

201 4177 400 4242 aratos;
422 4179 596 4249 ἔχων·
629 4182 717 4234 ἐπ’
769 4181 1018 4252 ἐσχάτων
1055 4183 1112 4236 δέ
1154 4184 1266 4239 τῶν
1315 4185 1537 4258 ἡμερῶν
1559 4189 1624 4241 ἐκ
1642 4188 1810 4242 Ilvati-

203 4283 386 4338 ματος
411 4269 595 4337 ἀγίου,
619 4271 713 4325 καὶ
743 4272 966 4342 Μαρίας
995 4274 1094 4344 τῆς
1131 4275 1438 4348 Παρθένου,
1487 4278 1802 4352 ἐσαρκώθη,

199 4359 312 4414 καὶ
333 4361 756 4431 ἐνηνθρώπησεν
788 4359 943 4428 οὗτος
969 4367 997 4419 6
1019 4366 1192 4430 ἀΐδιος
1213 4367 1342 4432 Υἱὸς
1377 4371 1688 4439 ἀτρέπτως,
1711 4373 1806 4425 καὶ

1899 1897 2064 1953 quam
2090 1883 2262 1936 David
2297 1885 2396 1950 ait,
2437 1900 2564 1940 cum
2602 1885 2736 1940 dicit
2767 1905 2780 1939 :
2827 1903 2844 1938 ι
2885 1885 3052 1953 Audi,
3082 1887 3216 1949 lilia,
3247 1894 3302 1940 et
3335 1886 3480 1950 vide,

1898 1983 1954 2031 et
2001 1977 2206 2031 inclina
2246 1991 2436 2033 aurem
2472 1985 2646 2040 tuam,
2679 1986 2735 2034 et
2784 1978 3120 2034 obliviscere
3153 1980 3340 2050 populi
3379 1979 3481 2043 tui,

1898 2077 1952 2124 et
1992 2067 2190 2126 domus
2223 2070 2399 2141 patris
2431 2071 2530 2136 tui,
2561 2078 2616 2126 et
2661 2071 3023 2143 concupiscet
3058 2088 3151 2127 rex
3185 2072 3484 2140 pulchritu-

1899 2162 2084 2216 dinem
2122 2171 2274 2216 tuam
2308 2171 2359 2215 ε.
2402 2180 2421 2214 ι
2451 2161 2608 2218 Tunc
2637 2163 2786 2218 enim
2823 2164 2985 2219 homo
3013 2164 3480 2234 pulchritudinem

1898 2273 2029 2314 vere
2054 2255 2558 2326 concupiscendam
2582 2257 2766 2312 haurit
2791 2264 2845 2312 et
2872 2257 3022 2312 elicit
3049 2273 3078 2311 a
3104 2256 3327 2312 Christo
3353 2271 3481 2312 vero
3563 2293 3574 2306 .

1900 2364 2123 2420 sponso,
2165 2358 2219 2402 et
2249 2363 2378 2417 rege
2413 2363 2624 2419 regum,
2675 2349 2898 2417 quando
2950 2348 3302 2404 all‘eetionem
3353 2363 3480 2420 erga

1901 2449 2162 2511 parentes
2194 2439 2477 2508 abjeeerit,
2535 2445 2590 2493 et
2641 2425 2952 2493 satietatem
3005 2437 3393 2509 perseverandi
3427 2439 3482 2492 in

1901 2533 1970 2587 iis
2003 2546 2126 2600 quat
2178 2530 2246 2585 ab
2277 2530 2392 2586 illis
2423 2529 2625 2585 tradita
2657 2527 2895 2596 fuerunt,
2929 2531 3260 2585 excusserit.
3296 2529 3485 2594 Quane

1901 2624 2196 2695 doquidem
2233 2623 2402 2694 igitur
2429 2621 2512 2678 sic
2547 2637 2606 2678 se
2637 2637 2726 2678 res
2760 2622 2945 2686 habet,
2983 2621 3148 2693 agite.
3182 2637 3372 2676 omnes
3403 2621 3483 2676 si-

1902 2715 2016 2770 mul
2042 2714 2110 2768 ad
2143 2715 2300 2770 tidem
2328 2729 2492 2784 quam
2524 2714 2658 2780 dixi,
2703 2721 2870 2782 petrae
2895 2713 3062 2783 hujus
3100 2712 3388 2778 ἀκλινοῦς,
3427 2713 3478 2766 id

1900 2817 2005 2872 est,
2039 2824 2160 2878 qua:
2193 2807 2528 2878 distorqueri
2583 2815 2634 2861 et
2681 2805 2886 2861 inﬂecti
2939 2823 3048 2860 non
3088 2817 3290 2876 potest,
3336 2804 3483 2858 Ριιιτί

1901 2899 2113 2954 scilicet
2181 2897 2344 2952 ducis
2399 2898 2802 2967 apostolorum,
2848 2911 3243 2960 occurramus,
3289 2895 3485 2950 creda-

1901 3007 2134 3062 musque
2163 2990 2443 3046 Christum
2484 3004 2608 3044 esse
2638 2988 2810 3044 Deum
2859 2996 2914 3042 et
2963 2989 3261 3044 hominem.

1977 3255 2273 3312 Sciendum
2316 3263 2494 3310 autem
2544 3260 2627 3308 est
2671 3253 2840 3324 quod,
2898 3252 3026 3324 quia
3073 3251 3216 3309 idem
3251 3251 3490 3324 ipse‘est

1903 3349 2049 3405 Deus
2087 3355 2142 3404 et
2169 3349 2356 3414 homo,
2396 3361 2504 3402 una
2537 3347 2766 3400 omnino
2795 3345 3114 3416 hypostasis
3141 3349 3244 3409 est;
3282 3355 3490 3402 etcum

1905 3439 2052 3496 Deus
2106 3447 2164 3495 et
2197 3439 2364 3494 homo
2405 3439 2500 3500 sit,
2542 3438 2680 3492 duas
2731 3437 2896 3490 habet
2950 3446 3202 3502 naturas,
3243 3437 3489 3492 divinam

1904 3543 1960 3589 et
2006 3513 2334 3598 humanam,
2368 3537 2424 3588 et
2476 3533 2612 3601 quia
2654 3527 2800 3586 Deus
2833 3537 2938 3592 est,
2998 3543 3106 3583 non
3155 3537 3336 3599 potest
3376 3543 3490 3584 non

1905 3626 2110 3681 habere
2169 3625 2414 3680 divinam
2475 3630 2766 3688 naturam;
2827 3631 2882 3676 et
2941 3621 3075 3692 quia
3131 3620 3322 3688 homo,
3377 3635 3490 3676 non

1904 3719 2068 3790 372
2111 3725 2296 3788 potest
2351 3731 2460 3770 non
2527 3715 2734 3770 habere
2787 3713 3104 3768 humanam.
3157 3711 3254 3769 Est
3308 3721 3492 3768 autem

1907 3813 2026 3866 haec
2073 3825 2182 3864 una
2225 3808 2540 3878 hypostasis
2580 3806 2698 3874 ipse
2746 3814 2874 3860 ante
2911 3806 3109 3860 saecula
3151 3804 3348 3872 Filius,
3394 3805 3490 3876 qui

1907 3909 1992 3955 est
2029 3884 2170 3953 Deus
2225 3899 2456 3966 aequalis
2508 3895 2688 3950 Patris
2739 3895 3045 3950 secundum
3093 3897 3488 3962 mternitatem,
3559 3967 3562 3970 t

1907 3992 2000 4063 qui
2054 4007 2121 4046 ex
2175 3993 2484 4045 aeternitate
2524 3997 2810 4058 paternam
2868 3987 3239 4042 substantiam
3301 3990 3492 4053 habet,

1907 4084 2228 4139 novissimis
2261 4096 2392 4138 vero
2440 4080 2639 4135 diebus
2667 4095 2735 4134 ex
2791 4077 2963 4132 Maria
2991 4075 3219 4148 Virgine
3261 4091 3490 4134 carnem

1908 4176 2230 4247 assumpsit,
2265 4181 2320 4230 et
2348 4174 2512 4228 homo
2547 4172 2724 4226 factus
2772 4177 2876 4226 est.
2927 4169 3017 4224 Sic
3043 4177 3280 4224 aeternus
3315 4170 3494 4226 Filius

1910 4271 2030 4326 sine
2059 4269 2364 4324 mutatione
2395 4274 2449 4322 et
2475 4265 2808 4328 variatione,
2846 4263 3021 4318 factus
3053 4261 3200 4316 sicut
3249 4279 3392 4317 unus
3423 4278 3494 4317 ex

1910 4364 2230 4419 hominibus
2261 4375 2355 4429 per
2389 4361 2598 4426 omnia,
2655 4364 2882 4427 excepto
2917 4363 3164 4426 peccato.
3207 4367 3496 4424 assumpta

197 4451 590 4514 ἀναλλοιώτως
621 4455 894 4523 γεγονὼς,
925 4455 1000 4520 ὡς
1035 4453 1117 4522 εἷς
1155 4459 1264 4514 τῶν
1313 4460 1620 4533 ἀνθρώπων
1665 4465 1803 4518 κατὰ

1912 4467 2100 4515 nostra
2134 4466 2352 4522 natura,
2379 4469 2541 4526 quam
2571 4467 2680 4506 non
2711 4451 2970 4512 habebat,
3010 4455 3324 4503 remanente
3349 4449 3498 4501 divi-

200 4543 416 4607 πάντα,
446 4543 570 4614 δίχα
599 4545 697 4616 τῆς
729 4546 1028 4615 ἁμαρτίας,
1059 4549 1445 4619 προσειληφὼς
1485 4551 1583 4624 τὴν
1605 4553 1811 4623 ἡμετέ-

203 4651 337 4706 ραν,
360 4635 428 4707 ῆν
446 4636 550 4690 οὑκ
564 4631 696 4707 εἶχε,
721 4636 906 4706 φύσιν,
933 4642 1310 4710 μεμενηκυίας
1333 4641 1485 4714 αὐτῷ
1507 4645 1606 4716 τῆς
1635 4645 1808 4713 θείας,

197 4733 278 4801 ἣν
309 4730 500 4795 ἀϊδίως
530 4733 776 4803 προεῖχε,
807 4731 1044 4801 φύσεως.
1067 4729 1238 4800 Οὗτος
1266 4738 1294 4790 6
1316 4737 1488 4803 ἀΐδιος
1516 4740 1645 4805 Υἱὸς
1670 4745 1812 4812 μετὰ.

195 4822 312 4894 τὴν
335 4821 538 4878 ἐαυτοῦ
569 4824 871 4896 σάρκωσιν,
909 4825 1042 4889 Θεὸς
1067 4827 1096 4879 6
1125 4828 1290 4893 αὐτός
1317 4830 1434 4885 ἐστι
1461 4831 1556 4886 καὶ
1596 4833 1808 4905 ἄνθρω-

196 4930 338 4979 πος,
377 4914 476 4984 μία
504 4915 771 4987 ὑπάρχων
795 4915 898 4986 τῆς
932 4917 1164 4988 Τριάδος
1190 4919 1511 4988 ὑπόστασις,
1551 4923 1652 4996 τὴν
1675 4921 1800 4980 ’τοῦ

199 5007 432 5078 Πατρὸς
483 5008 578 5060 καὶ
606 5009 702 5062 τοῦ
756 5009 914 5079 ἁγίου
955 5011 1276 5078 Πνεὺματος
1329 5014 1494 5084 φύσιν
1521 5015 1682 5088 ἔχων,
1711 5021 1804 5072 καὶ

195 5099 311 5169 τὴν
341 5099 617 5172 ἡμετέραν
654 5101 1001 5174 ἀνθρωπείαν
1032 5106 1216 5174 φύσιν,
1252 5107 1350 5178 τῆς
1371 5107 1602 5179 Τριάδος
1638 5127 1807 5182 προσ-

195 5194 394 5264 θήκην
424 5195 524 5248 οὐκ
551 5193 959 5267 είσδεξαμένης.
1001 5199 1111 5251 Καὶ
1145 5199 1275 5269 γὰρ,
1303 5193 1350 5254 ὦ
1383 5199 1670 5270 βέλτιστοι,
1705 5220 1804 5257 σα-

191 5284 331 5355 φῶς
361 5285 450 5338 ἐπ’
480 5285 653 5356 αὐτῆς
683 5289 784 5360 τῆς
815 5285 1072 5361 ἀληθείας
1097 5290 1262 5346 τῶνδε
1299 5291 1408 5346 τῶν
1437 5295 1568 5364 ἡμῖν
1587 5295 1813 5366 εἰρημέ-

191 5393 344 5440 νων,
374 5375 512 5449 ὅτιὴ
546 5379 718 5450 Τριάς
739 5382 800 5434 οὑ
831 5383 1202 5455 προσείληφεν
1233 5383 1462 5455 αὔξησιν
1481 5404 1495 5416 ·
1516 5387 1812 5458 ἐπειδήπερ

188 5467 339 5522 οὐδέ
366 5485 546 5540 φαμεν
589 5472 720 5542 μίαν
745 5474 1071 5542 ὑπόστασιν,
1106 5479 1229 5548 ἥτις
1259 5479 1379 5531 ἐστὶ
1413 5479 1568 5543 Θεὸς,
1601 5477 1811 5550 ταύτην

189 5558 456 5632 ἐροῦμεν
486 5562 756 5636 ὑπάρχειν
783 5566 1098 5638 ἄνθρωπον,
1134 5569 1237 5624 οὐκ
1265 5569 1434 5640 ἀλλην
1485 5570 1806 5626 ὑπόστασιν.

1913 4568 2003 4618 na,
2033 4565 2196 4622 quam
2221 4565 2285 4605 ex
2305 4546 2612 4603 aeternitate
2641 4544 2899 4618 habebat.
2927 4541 3030 4597 Hic
3056 4551 3296 4597 internus
3317 4539 3498 4598 Filius

1911 4654 2042 4716 post
2074 4641 2518 4700 incarnationem
2551 4652 2706 4694 suam
2743 4637 2885 4692 idem
2921 4643 3006 4691 est
3051 4633 3194 4691 Deus
3224 4645 3280 4691 et
3327 4635 3499 4690 homo

1911 4753 2021 4794 una
2053 4735 2371 4809 hypostasis
2415 4747 2483 4788 ex
2509 4729 2802 4792 Trinitate,
2844 4726 3054 4784 habens
3093 4735 3348 4781 naturam
3386 4724 3496 4780 Pa-

1911 4832 2014 4886 tris
2037 4838 2094 4885 et
2158 4827 2402 4896 Spiritus
2425 4824 2624 4889 sancti,
2659 4830 2714 4878 et
2744 4829 2990 4876 nostram
3029 4827 3306 4883 naturam,
3343 4817 3514 4874 nulla.

1911 4922 1982 4977 ad
2021 4921 2348 4976 Trinitatem
2381 4915 2702 4970 accessione
2755 4911 2922 4967 facta.
2975 4909 3260 4981 Siquidem
3293 4910 3500 4964 veritas

1912 5027 2104 5068 eorum
2148 5025 2271 5084 qua:
2306 5024 2336 5063 a
2366 5009 2527 5064 nobis
2580 5007 2724 5062 dicta
2760 5011 2909 5068 sunt,
2951 5003 3112 5074 plane
3157 5003 3322 5058 habet
3376 5001 3498 5056 Tri-

1915 5105 2144 5160 nitatem
2169 5117 2276 5157 nou
2311 5115 2434 5157 esse
2467 5105 2709 5161 auctam,
2746 5096 2876 5168 quia
2903 5109 3013 5150 non
3062 5095 3301 5149 dicimus
3333 5109 3500 5150 unam

1917 5195 2254 5270 hypostasim
2291 5191 2464 5248 Deum
2500 5206 2646 5256 esse,
2692 5188 2854 5242 aliam
2885 5201 3018 5242 vero
3049 5187 3360 5252 hominem;
3401 5186 3502 5240 είιά

1915 5287 2272 5359 hypostasim,
2313 5299 2436 5356 quae
2464 5291 2548 5337 est
2578 5279 2748 5344 Deus,
2781 5279 2922 5334 hanc
2967 5276 3202 5332 dicimus
3233 5289 3356 5330 esse
3405 5273 3504 5328 ho-

1913 5382 2150 5442 minem,’
2199 5394 2307 5432 non
2334 5377 2524 5438 aliam,
2555 5381 2610 5428 et
2644 5372 2807 5426 aliam
2855 5367 3220 5441 hypostasim.
3265 5365 3380 5420 Non
3414 5371 3530 5420 est=

1912 5481 2096 5528 autem
2132 5485 2324 5526 verum
2359 5467 2546 5522 dicere
2601 5461 2888 5518 Christum
2937 5475 3058 5516 esse
3108 5473 3274 5513 unam
3325 5457 3500 5526 hypo-

1913 5567 2132 5633 stasim,
2155 5573 2209 5623 et
2234 5571 2525 5636 propterea
2557 5573 2668 5616 non
2691 5555 2896 5614 debere
2920 5554 3028 5610 nisi
3055 5567 3220 5609 unam
3244 5561 3504 5606 naturam

297 5734 318 5774 ι
345 5734 538 5792 uana.
570 5754 682 5809 xu,
717 5740 803 5795 ts.
885 5743 930 5781 ι·
971 5741 1106 5798 ibid.
1147 5741 1235 5822 te,
1318 5744 1344 5783 ι
1372 5725 1520 5800 Psal.
1559 5759 1704 5809 xuv,
1741 5741 1952 5810 11,12.
