3928 6130
459 272 593 341 1507

1690 247 2099 314 THEODORI
2129 240 2504 308 ABUCARIE

3619 225 3762 294 1503

463 393 666 446 habere
687 401 704 452 ;
724 381 853 453 quia
885 379 1132 442 omnino,
1163 369 1210 428 si
1247 385 1368 446 non.
1389 370 1590 427 habeat
1621 367 1729 424 nisi
1757 379 1926 420 unam
1952 377 2049 418 na-

2177 361 2264 414 h’nt
2285 357 2485 429 ἀληθὲς
2503 353 2560 410 δὲ
2591 352 2757 424 φάναι
2778 351 2859 418 τδ,
2898 351 2990 406 τὸν
3016 349 3260 422 Χριστὸν
3282 343 3425 402 εἶναι
3452 347 3588 418 μίαν
3623 349 3764 401 ὑπό-

442 493 671 544 ‘turam,
703 485 963 546 sequetur
1015 479 1080 526 ut
1117 466 1408 524 dicendum
1465 464 1537 520 sit
1573 463 1716 517 hanc
1753 473 1920 515 unam
1952 472 2050 512 na-

465 583 647 628 turam
679 569 764 624 vel
797 582 920 622 esse
954 563 1196 619 divinam
1231 572 1429 630 puram
1452 597 1467 623 ,
1509 555 1596 611 vel
1629 553 1928 615 humanam
1958 562 2053 618 pu-

461 679 609 723 ram.
644 661 728 716 vel
767 658 1011 714 divinam
1051 663 1105 709 et
1165 653 1462 707 humanam
1514 647 1716 712 simul,
1755 645 1840 698 vel
1873 657 2052 714 neque

463 753 708 807 divinam
751 763 848 802 nec
873 729 1204 800 humanam:

540 844 601 900 Si
632 842 778 897 enim
806 848 890 894 est
918 839 1034 893 haec
1067 851 1176 890 una
1213 841 1412 889 natura
1451 818 1588 901 pure
1634 828 1846 895 divina,
1889 825 2049 881 Chri-

469 945 591 992 stus
626 936 794 1006 igitur
827 933 969 987 Deus
1001 937 1106 995 est,
1139 937 1194 983 et
1251 941 1363 980 non
1424 925 1616 979 homo.
1665 923 1764 978 Sin
1801 935 1936 976 vero
1965 927 2054 975 est

461 1037 609 1099 pure
657 1026 917 1086 lnnnana,
951 1019 1208 1075 Christus
1245 1016 1414 1086 igitur
1471 1021 1558 1068 est.
1598 1011 1782 1076 homo,
1838 1020 1892 1064 et
1939 1023 2050 1062 non

393 1169 403 1180 .
471 1119 642 1174 Deus.
677 1116 732 1170 Si
767 1123 948 1169 autem
981 1121 1065 1167 est
1097 1111 1214 1164 haec
1256 1121 1360 1162 una
1408 1113 1604 1162 natura
1660 1104 1849 1158 divina
1889 1100 2052 1156 simul

471 1225 528 1267 ει
591 1211 864 1274 humana,
929 1219 1059 1275 ergo
1115 1218 1294 1272 neque
1325 1199 1530 1266 Patris,
1576 1212 1755 1268 neque
1809 1195 2056 1266 Spiritus

475 1301 678 1366 sancti,
736 1313 834 1354 nec
886 1297 1172 1351 hominum
1221 1305 1418 1347 natura
1467 1299 1572 1356 est,
1620 1297 1674 1344 et
1712 1305 1779 1344 ex
1824 1296 2057 1357 utraque

474 1403 632 1462 parte
671 1393 886 1446 crimen
918 1387 1276 1458 blasphemiae
1307 1386 1562 1439 inuretur
1594 1381 1673 1436 sic
1700 1379 1976 1442 sentienti,
2003 1389 2057 1434 et

477 1499 508 1536 a
533 1497 666 1539 sana
699 1487 898 1535 natura
929 1479 1192 1533 excedet:
1235 1477 1322 1530 sin
1347 1484 1527 1530 autem
1568 1480 1653 1526 est
1679 1471 1794 1524 haec
1823 1484 1930 1524 una
1958 1482 2058 1522 na-

473 1583 604 1628 tura
630 1585 805 1642 neque
837 1571 1024 1625 divina
1054 1581 1235 1638 neque
1277 1567 1541 1630 humana,
1581 1563 1752 1632 igitur
1801 1561 2058 1616 Christus

473 1680 660 1746 neque
715 1663 862 1718 Deus
905 1677 1083 1730 neque
1127 1659 1293 1713 homo
1343 1665 1447 1712 est.
1503 1655 1688 1721 Quare
1728 1665 2060 1722 quocunque

2153 467 2370 516 στασιν,
2397 449 2489 503 διά
2518 446 2684 502 τοῦτο
2713 445 2827 500 δεῖν
2861 445 2939 514 μὴ
2968 443 3114 512 ἔχειν
3165 443 3214 495 εί
3271 441 3348 512 μὴ
3393 440 3532 512 μίαν
3558 440 3764 509 φύσιν·

2152 544 2274 597 ἐπεὶ
2313 542 2532 605 πάντως
2557 539 2750 610 ἕψεται
2771 537 2979 608 ταύτην
3007 537 3108 606 τὴν
3133 535 3264 604 μίαν
3298 535 3479 588 εἰπεῖν
3507 533 3710 602 φύσιν,
3733 532 3769 602 ἢ

2153 634 2306 688 θείαν
2331 634 2593 703 ἄκρατον,
2624 629 2657 702 ἢ
2685 627 3038 699 ἀνθρωπίνην
3074 627 3318 698 ἄκρατον
3341 665 3356 690 ,
3390 626 3425 694 ἦ
3462 625 3626 678 θείαν
3675 626 3772 680 καὶ

2153 727 2504 798 ἀνθρωπίνην
2527 727 2668 795 ἅμα,
2691 723 2725 792 ἢ
2761 723 2904 794 μήτε
2937 721 3115 785 θείαν,
3143 720 3282 790 μήτε
3309 718 3702 789 ἀνθρωπίνην.

2227 820 2292 874 Ei
2341 819 2442 892 μὲν
2487 819 2600 891 γάρ
2651 819 2802 872 ἐστιν
2837 819 2871 886 ἡ
2907 816 3006 885 μία
3055 813 3224 884 φύσις
3258 809 3399 882 αῦτη
3434 811 3563 864 θεία
3594 812 3772 882 ἄκρα-

2155 931 2249 978 τος
2276 915 2344 979 ⁸⁷,
2371 916 2398 967 ό
2424 912 2660 984 Χριστὸς
2693 913 2802 983 ἄρα
2841 909 3129 980 ἄνθρωπος
3147 950 3164 974 ,
3197 907 3293 960 καὶ
3327 907 3392 960 οὐ
3429 905 3592 969 Θεός.
3617 906 3690 958 Ei.
3715 905 3768 958 δέ

2157 1008 2304 1060 ἔστιν
2336 1007 2368 1076 ἡ
2404 1004 2500 1075 μία
2530 1003 2691 1074 φύσις
2717 1001 2882 1072 αῦτη,
2941 999 3066 1053 θεία
3109 998 3207 1054 καὶ
3257 997 3601 1071 ἀνθρωπίνη
3629 999 3766 1067 ἃμα,

2156 1097 2283 1152 οῦτε
2311 1098 2406 1152 τοῦ
2433 1097 2589 1166 ἀγίου
2619 1095 2964 1166 Πνεύματος,
2994 1093 3119 1147 οὔτε
3155 1092 3263 1164 μὴν
3311 1091 3423 1146 τῶν
3457 1091 3768 1162 ἀνθρώπων

2159 1189 2268 1263 ἄρα
2296 1189 2456 1261 φύσις
2491 1189 2662 1255 ἐστὶν,
2691 1190 2790 1242 καὶ
2825 1186 3223 1259 ἀμφοτέρωθεν
3270 1182 3643 1256 βλασφημίας
3693 1182 3770 1251 ετ-

2161 1285 2350 1354 κλημα
2373 1281 2450 1354 τῷ
2471 1281 2622 1336 τουτὶ
2657 1280 2948 1354 φρονοῦντι
2979 1278 3458 1351 προστριὸήσεται
3479 1316 3499 1341 ,
3547 1278 3650 1330 καὶ
3678 1275 3770 1344 τῆς

2162 1377 2452 1449 ἐρωμένης
2483 1375 2701 1446 φύσεως
2732 1376 3084 1446 ὲκστήσεται.
3117 1373 3180 1428 Ei
3209 1372 3268 1425 δέ
3289 1373 3502 1441 ἐστινὴ
3541 1371 3644 1439 μία
3679 1369 3774 1438 φύ-

2169 1491 2254 1537 σις
2284 1473 2448 1543 αῦτη,
2478 1469 2606 1525 οὕτε
2630 1471 2773 1536 θεία,
2798 1469 2924 1524 οὔτε
2951 1468 3298 1540 ἀνθρωπίνη,
3317 1468 3346 1520 ὁ
3374 1466 3626 1538 Χριστὸς
3651 1466 3772 1540 ἀρα,

2167 1564 2292 1619 οὔτε
2347 1565 2502 1629 Θεὸς,
2542 1563 2666 1616 οὕτε
2721 1561 3031 1632 ἄνθρωπος.
3090 1561 3272 1614 Ὅπου
3303 1555 3610 1627 τοιγαροῦν
3658 1558 3777 1618 τοὺς

2170 1659 2368 1728 λόγους
2400 1676 2467 1712 πε
2477 1657 2884 1729 ριστρέφωμεν,
2920 1658 3000 1718 είς
3019 1652 3080 1706 τδ
3103 1653 3288 1722 λέγειν
3309 1650 3678 1720 ἀπαγόμεθα,
3700 1651 3775 1704 ὅτι

480 1739 789 1814 sermonem
819 1755 1345 1812 circumvertamus,
1368 1763 1434 1803 eo
1457 1746 1788 1801 adducimur
1833 1751 1893 1799 u-t
1917 1743 2066 1798 dica-

2177 1757 2197 1810 ὑ
2231 1752 2487 1824 Χριστὸς,
2523 1750 2622 1821 μία
2642 1749 2941 1812 ὑπόστασις
2962 1749 3028 1801 ὲκ
3055 1747 3154 1816 τῆς
3189 1742 3446 1814 Τριάδος,
3471 1741 3778 1810 δὺοφὺσεις

477 1864 608 1904 mus
640 1848 921 1902 Christum
955 1858 1080 1898 esse
1130 1857 1294 1895 unam
1338 1839 1678 1910 hypostasim
1710 1845 1914 1890 sanctae
1943 1835 2067 1889 Tri-

483 1941 673 1994 nitatis
706 1947 934 1992 naturas
962 1935 1102 1988 duas
1143 1933 1458 1994 habentem,
1493 1931 1737 2001 divinam
1778 1928 1983 1981 scilicet
2013 1933 2070 1980 et

485 2033 804 2086 humanam.
855 2025 922 2080 Et
952 2027 1022 2080 ob
1057 2025 1200 2078 hanc
1233 2035 1456 2077 causam
1513 2020 1567 2074 in
1613 2033 1680 2074 eo
1722 2016 1885 2074 simul
1937 2031 2072 2071 con-

478 2129 779 2177 currerunt
834 2117 1055 2186 utrique
1113 2129 1433 2178 sermones,
1485 2119 1540 2166 et
1615 2111 1786 2180 ipsius
1833 2107 2068 2173 Christi,

481 2223 612 2263 cum
641 2208 781 2262 dixit
811 2221 873 2260 se
909 2220 1032 2259 esse
1078 2203 1278 2256 Filium
1319 2201 1594 2266 hominis;
1651 2207 1705 2255 et
1737 2199 1912 2262 Petri,
1943 2212 2070 2253 cum

351 2359 373 2372 ο
483 2297 670 2369 ipsum
707 2297 849 2351 dixit
878 2310 1000 2350 esse
1030 2293 1234 2349 Filium
1269 2293 1362 2346 Dei
1396 2292 1529 2347 vivi.
1579 2290 1683 2357 Qui
1737 2305 1870 2345 vero
1913 2289 2069 2353 dicit,

483 2391 769 2448 Christum
820 2403 946 2442 esse
987 2385 1127 2440 duas
1169 2383 1517 2456 hypouases,
1570 2381 1797 2436 Petrum
1848 2381 2074 2436 Christo

487 2481 914 2552 respondentem
955 2477 1086 2532 facit
1139 2480 1478 2545 respondere
1523 2473 1807 2537 ἀσκόπως,
1858 2473 1914 2528 id
1963 2483 2072 2536 est,

486 2583 646 2629 extra
682 2571 1050 2642 propositum,
1104 2567 1174 2622 de
1222 2582 1332 2638 quo
1370 2565 1628 2622 Christus
1677 2580 1784 2620 non
1820 2571 1906 2620 est
1951 2579 2076 2634 per-

490 2672 769 2720 contatus.
835 2663 930 2717 Ille
967 2663 1116 2716 enim
1179 2667 1539 2728 percontatus
1582 2667 1669 2712 est
1695 2658 1765 2712 de
1801 2655 1940 2711 Filio
1981 2654 2077 2710 ho-

492 2760 698 2824 minis;
725 2755 923 2810 Petrus
950 2765 1133 2808 autem
1180 2753 1384 2822 ipsum,
1430 2764 1733 2820 per-quem
1771 2751 1917 2803 facta
1959 2755 2080 2803 erat

491 2850 859 2920 percontatio,
915 2847 1078 2916 373
1117 2844 1398 2914 respondit
1431 2858 1554 2898 esse
1599 2841 1800 2895 Filium
1833 2841 1958 2895 Dei.
2017 2839 2077 2894 Si

493 2941 665 3012 igitur
691 2940 1009 3014 hypostasis
1056 2946 1286 3006 quaeest
1327 2933 1502 2988 Filius
1533 2934 1774 2988 hominis
1816 2934 1924 2987 alia
1974 2932 2079 2988 fuit.

2173 1847 2540 1920 Exwv,_tptiatv
2573 1861 2634 1898 τε
2698 1843 2851 1898 θείαν
2901 1842 3000 1895 καὶ
3057 1838 3220 1907 φύσιν
3252 1836 3638 1908 ἀνθρωπίνην,
3690 1833 3780 1887 καὶ

2174 1939 2366 1993 τούτου
2394 1939 2554 2008 χάριν
2585 1938 2672 1991 ἐπ’
2701 1934 2868 1989 αὑτοῦ
2912 1931 3173 2003 συνῆλθον
3216 1928 3355 2000 ὁμοῦ
3392 1929 3707 2000 ἀμφότεροι
3731 1927 3776 1980 εί

2175 2028 2329 2096 λόγοι
2354 2025 2522 2081 αὑτοῦ
2542 2025 2610 2080 τὰ
2643 2023 2774 2097 περὶ
2800 2021 2996 2078 ἑαυτοῦ
3015 2020 3328 2092 εἰρηκότος,
3365 2016 3510 2072 εἶναι
3541 2019 3636 2070 τὸν
3659 2017 3778 2069 Tib:

2176 2119 2273 2173 τοῦ
2309 2116 2622 2188 ἀνθρώπου,
2660 2117 2755 2170 καὶ
2781 2115 2876 2168 τοῦ
2899 2113 3110 2184 Πέτρου
3142 2113 3272 2181 περὶ
3294 2109 3490 2175 αὑτοῦ,
3523 2110 3610 2162 ὃτι
3634 2103 3778 2168 οὗτός

2179 2211 2326 2263 ἐστιν
2355 2211 2384 2263 ὁ
2430 2207 2559 2272 Υἱὸς
2596 2205 2691 2260 τοῦ
2731 2205 2868 2259 Θεοῦ
2899 2203 2995 2260 τοῦ
3043 2202 3267 2268 ζῶντος.
3307 2200 3366 2255 '0
3402 2199 3463 2252 δὲ
3489 2199 3673 2266 λέγων
3692 2196 3774 2248 τὸν

2177 2299 2414 2372 Χριστὸν
2472 2297 2801 2360 ὑποστάσεις
2855 2291 2996 2349 εἶναι
3027 2293 3154 2358 δύο,
3214 2290 3307 2344 τὸν
3361 2289 3528 2356 ἅγιον
3583 2287 3773 2354 Πέτρον

2179 2380 2620 2460 ἀποκρινόμενον
2647 2387 2724 2456 τῷ
2749 2382 2974 2456 Χριστῷ
3003 2381 3337 2450 καθίστησιν
3364 2379 3644 2439 ἀσκόπως
3663 2378 3771 2428 ἀπο-

2175 2481 2484 2552 κρίνεσθαι,
2520 2481 2647 2552 περὶ
2688 2472 2750 2532 οῦ
2781 2483 2808 2532 ὁ
2840 2475 3075 2548 Χριστὸς
3107 2475 3208 2528 οὐκ
3232 2472 3561 2543 ἠρώτησεν.
3602 2471 3659 2524 '0
3687 2469 3768 2537 μὲν

2182 2573 2291 2644 γὰρ
2319 2570 2574 2644 ἠρώτησε
2626 2571 2756 2642 περὶ
2789 2569 2884 2624 τοῦ
2939 2567 3072 2621 Υίοῦ
3107 2566 3203 2620 τοῦ
3259 2563 3594 2635 ἀνθρώπου,
3631 2563 3773 2630 ἑτέρα

2185 2665 2493 2735 καθέστηκε
2525 2664 2678 2736 παρά
2721 2662 2822 2734 τὴν
2856 2661 3158 2714 ὑπόστασιν
3182 2698 3198 2722 ,
3224 2659 3352 2728 ἥτις
3411 2655 3572 2709 ἐστὶν
3607 2655 3638 2707 ό
3663 2653 3776 2715 Υἱδς

2183 2757 2278 2812 τοῦ
2333 2757 2492 2826 Θεοῦ,
2543 2755 2908 2826 ἀπεπλανήθη
2962 2753 3062 2824 τῆς
3090 2751 3485 2822 κατανοήσεως
3514 2752 3546 2802 ό
3577 2747 3779 2816 Πέτρον

2185 2849 2310 2914 νοῦς
2331 2867 2346 2882 ο
2385 2849 2481 2903 καὶ
2527 2849 2752 2919 γέγονεν
2786 2846 2952 2901 αὑτοῦ
3001 2847 3035 2916 ἡ
3064 2844 3383 2916 ἀπόκρισις,
3418 2840 3570 2910 ὑπὲρ
3601 2833 3666 2894 οὗ
3689 2839 3786 2891 οὒκ

2183 2941 2489 3014 ἠρώτηται,
2539 2942 2614 3006 ὼς
2645 2942 2860 3012 ἔφημεν
2902 2939 3172 3000 εἰπόντες.
3216 2936 3280 2990 Ei
3321 2935 3380 2988 δὲ
3417 2933 3590 2987 τοῦτο
3619 2931 3788 2994 οὕτως

488 3043 692 3102 praeter
732 3030 1072 3103 hypostasim
1120 3041 1244 3098 qua:
1281 3033 1368 3081 εει
1433 3025 1604 3080 Filius
1638 3024 1755 3090 Dei,
1799 3021 2072 3080 aberravit

2184 3027 2254 3102 ἦν
2294 3031 2489 3102 (ἵλεως
2515 3033 2541 3085 ό
2567 3023 2753 3101 Θεὸς),
2785 3031 2887 3084 οὑκ
2915 3029 2979 3083 ἂν
3015 3031 3046 3082 ό
3069 3026 3279 3099 Κύριος
3315 3023 3598 3095 ἐπῄνεσεν
3625 3018 3789 3075 mitti

488 3100 564 3180 ab
589 3100 948 3192 intelligentia
980 3135 1135 3175 meus
1175 3118 1362 3182 Petri;
1415 3126 1472 3172 et
1495 3117 1804 3186 respondit,
1850 3117 1918 3172 de
1965 3132 2072 3188 quo

2180 3100 2270 3178 τον
2303 3100 2496 3193 λόγον·
2524 3123 2636 3178 οὔτ’
2674 3123 2740 3178 ἃν
2789 3122 3131 3200 ὲιμακάρισεν
3167 3119 3332 3174 αὐτὸν
3378 3117 3483 3189 τῆς
3524 3115 3790 3186 ἀμειδῆς.

493 3231 606 3270 non
641 3216 742 3269 t'uit
763 3215 1159 3282 interrogatus,
1194 3219 1255 3264 ut
1286 3211 1438 3281 prius
1463 3209 1728 3264 diximus.
1773 3209 1834 3264 Si
1866 3211 1946 3266 sic
1977 3225 2072 3266 au-

2183 3219 2248 3288 τῇ
2279 3220 2342 3271 ὲκ
2365 3218 2460 3272 τοῦ
2483 3218 2700 3290 Πατρδς
2727 3215 3077 3286 ἀποκαλύψει
3103 3213 3274 3284 αὐτὴν
3301 3211 3788 3282 ὲπιγραψάμενας.

491 3315 606 3364 tem
643 3314 795 3387 esset
839 3305 1135 3376 (prepitius
1175 3305 1250 3358 sit.
1277 3303 1412 3358 mihi
1479 3301 1670 3373 Deus),
1702 3318 1991 3372 nunquam
2071 3303 2336 3364 Dominus
2383 3325 2694 3364 sermonem
2745 3310 2872 3379 ejus
2926 3307 3254 3362 laudasset:
3329 3321 3516 3376 neque
3569 3305 3790 3360 beata

495 3417 623 3458 cum
681 3398 1032 3471 praedicasset
1067 3408 1291 3469 propter
1337 3400 1780 3469 responsionem,
1811 3414 1976 3468 quam
2004 3398 2074 3453 ad
2113 3405 2504 3458 revelationem
2545 3417 2575 3456 a
2617 3403 2780 3457 Patre
2815 3401 3122 3474 profectam
3170 3400 3389 3454 retulit.

566 3485 740 3560 igitur
795 3489 1165 3545 confessionis
1233 3487 1355 3543 (ιιιεί
1419 3489 1475 3542 in
1529 3489 1814 3543 Christum
1885 3504 2072 3544 verum

2260 3493 2471 3548 Οὐκοῦν
2507 3493 2567 3546 τὸ
2597 3493 2696 3563 τῆς
2728 3493 2810 3555 είς
2870 3491 3108 3559 Χριστὸν
3159 3489 3466 3561 ὁμολογίας
3529 3487 3790 3558 ἀληθινὴν

497 3583 698 3656 dogma
729 3593 833 3646 est,
874 3581 1026 3653 quod
1061 3581 1320 3636 deﬁnitio
1365 3580 1568 3635 divina:
1614 3591 1933 3636 sanctorum
1973 3581 2083 3636 Pa-

498 3686 646 3732 trum
683 3673 877 3746 synodi
928 3672 1399 3726 Chalcedonensis
1433 3681 1582 3726 recte
1622 3679 1845 3736 traCtat,
1893 3673 2087 3727 decer-

499 3783 639 3822 nens
668 3767 954 3820 Christum
987 3779 1112 3818 esse
1141 3778 1303 3817 unam
1352 3764 1692 3834 hypostasim
1723 3773 1930 3820 sanctas
1959 3765 2086 3820 Tri-

499 3858 691 3913 nitatis
725 3855 861 3910 duas
895 3866 1125 3910 naturas
1163 3855 1452 3910 habentem
1478 3895 1494 3922 ,
1527 3858 1770 3912 divinam
1801 3866 1854 3914 et
1885 3859 2086 3914 huma-

501 3967 651 4016 nam,
684 3949 874 4019 utjam
898 3957 1028 4004 ante
1052 3949 1314 4004 diximus.
1353 3949 1545 4020 Sitque
1581 3952 1744 4022 hujus
1775 3953 2084 4021 exemplum

501 4039 851 4111 perspicuum
887 4057 900 4093 :
937 4054 1207 4109 ponamus
1244 4049 1356 4096 tres
1397 4058 1598 4097 aureos
1621 4081 1636 4104 ,
1669 4059 1906 4112 quorum
1943 4057 2089 4097 unus

501 4132 740 4202 injectus
783 4131 839 4186 in
873 4131 1057 4200 ignem
1101 4133 1230 4203 igne
1270 4132 1501 4190 allectus
1553 4133 1733 4190 factus
1781 4143 1867 4190 est
1919 4134 2090 4204 ignis,

2189 3585 2388 3657 δόγμα,
2423 3588 2452 3640 ὁ
2483 3585 2584 3656 τῆς
2614 3586 2672 3638 ὲν
2707 3585 3016 3656 Χαλκηδόνι
3046 3581 3588 3654 συγκεκροτημένης
3647 3581 3788 3642 θείας

2193 3677 2412 3730 συνόδου
2438 3677 2547 3730 τῶν
2590 3677 2764 3745 ἁγίων
2821 3673 3080 3745 Πατέρων
3127 3676 3253 3745 ὄρος
3302 3673 3634 3744 ὀρθοτομεί,
3704 3670 3786 3724 τίη

2189 3766 2425 3836 Χριστὸν
2471 3765 2672 3836 ὁρίζων
2721 3765 2852 3836 μίαν
2883 3765 3185 3818 ὑπόστασιν
3213 3767 3278 3816 ὲκ
3305 3763 3408 3832 τῆς
3437 3763 3683 3834 Τριὰδος
3713 3756 3788 3815 εἷο

2189 3871 2298 3917 ναι,
2331 3854 2425 3908 δύο
2462 3855 2656 3922 φύσεις
2709 3855 2925 3925 ἔχοντα,
2963 3855 3127 3926 φύσιν
3176 3853 3330 3908 θείαν
3363 3855 3464 3908 καὶ
3509 3853 3788 3922 φύστην-

2191 3948 2494 4020 θρωπίνην,
2540 3947 2616 4012 ὡς
2643 3947 2744 4020 ήδη
2805 3947 3162 4020 προείπομεν.
3201 3948 3314 4002 Καὶ
3375 3948 3559 4016 σαφὲς
3598 3947 3787 4000 τούτου

2192 4041 2588 4110 παράδειγμα’
2623 4024 3052 4112 Προκείσθωσαν
3110 4039 3364 4111 χρύσινοι
3416 4044 3603 4112 τρεῖς,
3658 4035 3787 4096 ὧνό

2189 4127 2270 4196 εἷς
2299 4133 2598 4204 ἐμϐληθεὶς
2644 4133 2802 4205 πυρὶ,
2853 4134 2950 4186 καὶ
2999 4131 3300 4204 πυρωθεὶς,
3359 4135 3596 4201 ἐγένετο
3657 4133 3786 4205 πῦρ,

502 4238 799 4279 remanens
846 4237 1070 4288 aurum,
1117 4230 1178 4277 ut
1211 4233 1332 4280 erat
1373 4242 1389 4280 :
1426 4233 1484 4280 tu
1520 4241 1654 4295 ergo
1695 4227 1740 4280 si
1777 4227 1919 4282 alios
1951 4225 2072 4281 duo:

2193 4223 2520 4297 μεμενηκὼς
2544 4223 2762 4294 χρυσὸς,
2787 4217 2901 4287 οἷος
2919 4218 2986 4294 ἦν
3010 4238 3023 4252 ⁸
3059 4225 3124 4277 σὺ
3153 4222 3249 4277 οὖν
3275 4224 3325 4276 εί
3350 4222 3517 4292 θείης
3548 4227 3610 4277 ἐν
3629 4227 3788 4296 μέρει

499 4331 703 4370 aureos
725 4331 986 4386 seponas,
1009 4325 1066 4370 et
1087 4331 1328 4387 seponas
1354 4319 1556 4374 multos
1580 4319 1856 4375 carbones
1872 4321 2088 4390 igneos,

2197 4315 2294 4384 μὲν
2323 4315 2450 4377 τοῦς
2478 4314 2673 4378 ἄλλους
2702 4313 2797 4367 δύο
2823 4314 3134 4384 χρυσίνους,
3171 4315 3229 4367 ἐν
3261 4314 3427 4383 μέρει
3462 4313 3524 4367 δὲ

501 4407 696 4462 deinde
721 4423 946 4462 aureum
983 4408 1190 4462 factum
1227 4411 1406 4479 ignem
1455 4413 1600 4466 inter
1644 4413 1784 4467 alios
1818 4414 1962 4468 duos
1995 4428 2072 4466 au-

2195 4407 2472 4478 ἄνθρακας
2519 4408 2802 4478 πυρίνους,
2867 4404 2986 4460 εἷτα
3026 4406 3120 4460 τὸν
3171 4408 3441 4478 χρύσινον
3469 4408 3571 4460 τὸν
3605 4425 3782 4478 πυρω-

502 4513 625 4551 reos
653 4514 667 4550 :
701 4506 758 4552 et
796 4498 1068 4552 carbones
1098 4495 1288 4554 videas
1316 4499 1522 4555 habere
1564 4509 1818 4556 naturam
1847 4503 2086 4555 aliorum

499 4587 734 4642 duorum
767 4603 1062 4642 aureorum
1093 4590 1490 4660 perfecturum,
1525 4591 1579 4645 id
1614 4601 1720 4658 est,
1764 4592 1858 4662 qui
1894 4595 1965 4648 sit
1988 4609 2088 4647 au-

498 4693 647 4744 rum,
678 4679 823 4734 sicut
874 4689 1110 4750 uterque
1141 4681 1361 4735 illormn
1405 4682 1643 4738 duorum
1689 4699 2010 4748 aureorum,
2033 4693 2088 4739 et

499 4778 756 4822 naturam
793 4769 1096 4823 carbonum
1129 4771 1438 4840 igneorum,
1473 4774 1602 4842 quia
1635 4774 1778 4844 ignis
1803 4781 1911 4838 est,
1943 4775 2087 4829 sicut

497 4859 882 4929 unusquisque
915 4861 1149 4914 aliorum
1185 4863 1516 4928 carbonum,
1544 4865 1638 4919 iﬂe
1674 4869 1731 4918 in
1767 4864 1952 4919 medio
1983 4879 2086 4917 au-

2193 4497 2374 4564 θέντα,
2401 4499 2496 4551 καὶ
2526 4497 2636 4567 πῦρ
2669 4497 2987 4567 γενόμενον,
3012 4497 3220 4567 μεταξύ
3246 4514 3307 4551 τε
3334 4497 3446 4550 τῶν
3475 4499 3668 4553 ἄλλων
3699 4499 3782 4552 ads

2191 4589 2463 4662 χρυσίνων
2512 4591 2608 4643 καὶ
2663 4591 2773 4642 τῶν
2805 4588 3121 4660 ἀνθράκων,
3148 4591 3241 4644 τὸν
3301 4591 3470 4660 μέσον
3501 4591 3577 4645 ἂν
3596 4592 3781 4646 θεᾶται

2189 4683 2279 4734 τὸν
2309 4682 2566 4752 χρύσινον
2625 4679 2816 4750 ἔχοντα
2875 4680 2982 4735 τῶν
3038 4679 3216 4734 sum
3238 4680 3335 4734 δύο
3362 4682 3653 4752 χρυσίνων
3683 4683 3780 4738 τεέν

2187 4771 2412 4824 τελείων
2452 4772 2633 4840 φύσιν,
2658 4772 2937 4827 τουτέστιν
2967 4771 3096 4826 ὄντα
3125 4773 3351 4844 χρυσὸν,
3386 4775 3466 4837 ὡς
3483 4779 3610 4828 τοῖν
3645 4777 3778 4830 δυεῖν

2188 4863 2418 4916 ἐκείνοιν
2449 4863 2728 4934 χρυσίνοιν
2757 4863 3058 4932 ἑκατέροιν,
3092 4863 3190 4916 καὶ
3216 4866 3317 4933 τὴν
3347 4865 3458 4918 τῶν
3487 4867 3778 4938 ἀνθράκων

499 4962 628 5003 reus
663 4963 770 5001 una
811 4949 1124 5020 hypostasis
1158 4959 1242 5006 est
1277 4967 1575 5007 aureorum
1609 4952 1926 5020 Trinitatis,
1952 4955 2072 5023 quia

2189 4954 2376 5024 φύσιν,
2399 4955 2590 5026 ἐπειδὴ
2616 4955 2726 5026 πῦρ
2750 4957 2898 5009 ἐστιν
2928 4954 3118 5026 ὥσπερ
3134 4955 3246 5009 τῶν
3276 4955 3459 5010 ἄλλων
3485 4958 3780 5029 ἀνθρᾶωπ’

497 5049 749 5094 naturam
807 5041 1132 5107 carbonum,
1183 5059 1305 5114 quae
1355 5053 1476 5100 erat
1531 5047 1694 5116 ignis,
1752 5059 1861 5102 non
1913 5061 2072 5100 unum

2187 5047 2438 5111 ἕκαστος.
2511 5047 2568 5101 ’0
2611 5046 2669 5100 δὲ
2724 5046 2896 5118 μέσος
2955 5047 3247 5118 χρύσινος,
3302 5050 3621 5116 ὑπόστασίς
3676 5054 3778 5104 ἐπι

495 5131 792 5186 carbonem
830 5147 898 5186 ex
923 5134 1034 5190 illis
1084 5136 1415 5206 assumpsit,
1462 5139 1556 5194 sed
1603 5138 1780 5194 factus
1816 5147 1902 5194 est
1941 5139 2072 5194 sicut

2196 5139 2294 5211 μία
2348 5140 2449 5210 τῆς
2495 5137 2605 5192 τῶν
2654 5139 2926 5209 χρυσίνων
2971 5138 3222 5210 Τριὸιδος,
3258 5140 3404 5193 διότι
3425 5141 3531 5213 τὴν
3557 5144 3676 5195 τῶν
3695 5146 3780 5196 ἂν·

498 5240 640 5280 unus
688 5241 753 5281 ex
808 5226 916 5282 illis
983 5229 1340 5285 carbonibus.
1397 5230 1480 5284 Ad
1539 5230 1793 5286 eumdem
1858 5231 2072 5286 modum

2193 5231 2412 5304 θράκων
2447 5229 2630 5300 φύσιν,
2666 5230 2769 5300 τὴν
2805 5229 2970 5284 οὖσαν
3020 5229 3152 5300 πῦρ,
3201 5231 3308 5301 οὐχ
3349 5234 3452 5287 ἕνα
3487 5236 3780 5304 2:90:58;-

492 5324 739 5373 tetcrnus
774 5317 946 5374 Filius
978 5335 1008 5376 e
1035 5323 1180 5378 cmlo
1197 5323 1906 5394 descendens(intelligunt
1927 5322 2072 5377 audi-

2193 5343 2292 5395 φεν
2323 5327 2416 5380 ἀπ’
2437 5325 2665 5379 ἐκείνων
2697 5324 2807 5378 τῶν
2853 5324 3139 5396 ἀνθράκων
3171 5323 3438 5396 ἄνθρακα
3467 5345 3481 5358 ο
3521 5329 3670 5383 ms
3696 5333 3779 5395 τέο

494 5418 646 5464 tores
675 5410 1024 5477 descensura,
1061 5425 1121 5468 ut
1147 5413 1315 5470 Deum
1351 5414 1554 5486 decet),
1593 5430 1701 5470 non
1729 5415 2072 5486 hypostasim

2190 5435 2348 5486 γονεν
2395 5418 2578 5483 αὐτὸς,
2624 5418 2702 5481 ὡς
2738 5411 2819 5481 εἷς
2866 5415 2973 5470 τῶν
3011 5415 3342 5486 ἀνθράκων.
3394 5420 3500 5474 Τὸν
3535 5421 3780 5488 crithit}

1819 5588 2052 5646 VARIIE
2085 5588 2484 5647 LECTIONES.

583 5673 628 5710 ³⁷
661 5677 911 5736 Alterum
939 5684 1242 5769 membrum
1277 5684 1365 5742 hic
1390 5683 1756 5744 desideratur.
