3928 6130
243 276 384 355 1509

1664 276 2084 344 0PUSCUI.A.

3387 286 3522 353 1510

197 398 202 401 ⁷
244 400 446 472 τρόπον
474 397 503 452 6
533 395 703 461 ἀΐδιος
740 394 870 460 Tib;
894 393 953 462 ἐξ
980 390 1214 466 οὐρανοῦ
1269 389 1672 464 καταϐεϐηκὼς
1699 396 1823 466 (ὲν-

1933 403 2203 460 nostram,
2222 394 2316 451 sed
2336 402 2591 450 naturam
2613 396 2957 467 assumpsit;
2983 396 3271 471 factusque
3295 411 3380 457 est
3411 404 3522 460 sic-

238 492 541 547 νοείτωσαν
564 489 618 543 δὲ
639 490 688 542 oi
710 490 979 560 ἀκροαταὶ⁸
1001 483 1331 558 θεοπρεπῶς
1348 484 1448 556 τὴν
1476 486 1828 557 κατάϐασιν),

236 582 340 653 οὐχ
368 582 666 635 ὑπόστασιν
687 580 747 647 ἐξ
771 580 961 651 ήμῶν,
993 578 1130 635 ἀλλὰ
1179 577 1282 653 τὴν
1331 579 1611 650 ἡμετέραν
1664 579 1829 649 φύσιν

238 673 603 745 τπροσέλαὸεν,
663 673 760 728 καὶ
805 674 1030 742 γέγονεν
1061 672 1138 737 ὠς
1167 667 1246 736 εἷς
1269 671 1328 738 ἐξ
1360 670 1539 743 ἡμῶν,
1574 672 1697 743 δίχα
1726 673 1828 743 τῆς

1939 493 1998 540 ut
2048 501 2191 540 unus
2231 494 2505 552 nostrum,
2548 492 2704 541 extra
2748 497 3061 555 peccatum,
3107 493 3253 545 sicut
3285 492 3522 562 Aposto-

1936 580 2023 635 lus
2057 581 2130 634 ait
2152 579 2201 645 'I,
2224 588 2493 636 tentatum
2536 596 2660 636 esse
2688 596 2786 653 per
2818 584 3003 637 omnia
3036 584 3339 638 secundum
3370 585 3520 639 simi-

1894 708 1899 711 η
1932 672 2244 739 litudinem,
2267 675 2474 744 absque
2497 683 2742 744 peccato.

241 765 541 837 ἁμαρτίας,
590 764 666 830 ὥς
727 765 889 830 αὐτὸς
953 765 983 818 ό
1036 765 1176 831 θεῖος
1254 766 1620 830 Ἀπόστολος·
1662 765 2061 837 Πεπείρασται,
2116 769 2288 838 φησὶ,
2334 769 2479 823 κατὰ
2535 769 2713 823 πάντα
2775 768 2897 825 καθ’
2942 768 3241 840 ὁμοιότητα
3276 809 3292 835 ,
3346 770 3518 841 χωρὶς

240 859 544 933 ἁμαρτίας.

311 948 616 1023 Τοιγαροῦν
670 951 698 1004 ό
728 950 899 1016 ἀΐδιος
938 950 1067 1016 Υἱὸς
1106 950 1222 1023 ἔχει
1258 955 1357 1022 τήν
1385 970 1443 1006 τε
1474 952 1569 1007 τοῦ
1613 952 1831 1024 Πατρδς

242 1047 338 1101 καὶ
374 1044 467 1099 τοῦ
503 1045 661 1114 ἁγίου
719 1044 1062 1117 Πνεύματός,
1096 1049 1164 1121 ἢν
1194 1049 1282 1103 ἀεὶ
1337 1053 1588 1121 προεῖχε,
1642 1050 1828 1119 φύσιν,

241 1136 337 1192 καὶ
360 1137 459 1209 τὴν
489 1137 764 1210 ἡμετέραν
812 1137 1164 1210 ἀνθρωπίνην
1204 1138 1369 1209 φύσιν
1400 1142 1541 1211 μετὰ
1575 1142 1674 1212 τὴν
1703 1143 1831 1195 ἐαυ-

240 1230 338 1301 τῆς
368 1229 666 1301 σάρκωσιν,
702 1228 801 1300 μία
823 1229 1084 1301 ὑπάρχων
1107 1233 1172 1283 ὲκ
1194 1230 1295 1301 τῆς
1324 1231 1556 1302 Τριάδος
1585 1233 1828 1285 ὑπόστα-

244 1342 351 1391 σις,
402 1325 725 1398 προσθήκην
772 1325 876 1378 οὐκ
937 1323 1340 1394 είσδεξάμενος,
1373 1325 1449 1389 ὡς
1474 1327 1827 1396 προείρηται.

241 1415 335 1489 Μὴ
366 1413 619 1487 ποιητέον
672 1412 730 1468 δὲ
758 1414 857 1485 τὴν
906 1413 1067 1482 φύσιν
1118 1415 1442 1479 ὑπόστασιν,
1488 1415 1522 1485 ἢ
1554 1417 1657 1486 τὴν
1698 1415 1832 1469 ὑπόπ-

244 1524 433 1561 στασιν
483 1500 624 1559 εἶναι
654 1505 838 1575 φύσιν.
873 1505 933 1558 El
955 1504 1011 1557 δὲ
1045 1506 1143 1576 μὴ,
1177 1507 1344 1560 πᾶσιν
1389 1507 1521 1578 ήμίν
1556 1508 1668 1570 τοῖς
1696 1508 1833 1579 Χρι-

245 1600 479 1662 στιανοίς
518 1597 860 1669 συμϐήσεται
903 1596 1088 1666 λέγειν
1140 1596 1234 1651 τὸν
1282 1598 1533 1669 Πατέρα,
1592 1600 1689 1653 καὶ⁸
1731 1599 1822 1653 τὸν

2004 948 2181 1004 Habet
2238 948 2424 1019 itaque
2463 959 2706 1007 aeternus
2753 949 2934 1006 Filius
2964 950 3148 1009 Patris
3188 961 3243 1008 et
3274 954 3514 1026 Spiritus

1932 1043 2106 1095 sam-ti
2154 1049 2432 1105 naturam,
2477 1058 2641 1112 quam
2695 1058 2917 1111 semper
2964 1053 3091 1099 ante
3138 1046 3399 1114 habebat,
3460 1058 3515 1108 et

1930 1141 2180 1187 nostram
2241 1132 2534 1187 humanam
2595 1142 2845 1187 naturam
2898 1144 3024 1206 post
3076 1139 3512 1199 incarnationem

1914 1237 2039 1299 una
2088 1206 2404 1293 liypostasis
2455 1224 2570 1278 sive
2613 1238 2849 1292 persona
2902 1241 2968 1280 ex
3008 1237 3202 1283 sancta
3243 1226 3515 1290 Trinit'ate

1896 1329 2041 1391 \non
2074 1316 2323 1384 capiente
2354 1317 2758 1384 accessionem,
2791 1326 2849 1371 ut
2872 1329 3001 1374 ante
3025 1320 3235 1376 dictum
3265 1332 3370 1379 est.
3395 1324 3511 1380 Non

1928 1415 2015 1462 est
2046 1416 2227 1461 autem
2266 1416 2462 1462 natura
2496 1409 2747 1477 facienda
2785 1411 3127 1482 liypostasis,
3153 1418 3236 1471 vel
3261 1417 3515 1474 dicamus

1928 1493 2168 1563 Patrem,
2198 1505 2253 1552 et
2283 1497 2510 1564 Filium,
2551 1507 2619 1555 et»
2646 1499 2920 1570 Spiritum
2951 1511 3209 1558 sanctum
3239 1522 3366 1561 esse
3398 1515 3513 1563 tres

1907 1601 2183 1670 .naturas,
2212 1593 2360 1648 sicut
2408 1593 2618 1648 habent
2668 1610 2833 1648 unam
2881 1604 3158 1652 naturam.
3208 1597 3514 1669 Utrumque

164 1748 191 1755 _
242 1691 396 1756 Υἱδν,
426 1691 605 1745 καὶτὸ
644 1689 870 1761 Πνεῦμα
903 1690 963 1742 τὺ
992 1688 1170 1758 ἅγιον,
1207 1692 1355 1762 τρεῖς
1384 1690 1598 1760 φύσεις,
1632 1690 1823 1763 ὥσπερ

1931 1690 2113 1737 autem
2156 1698 2185 1755 a
2216 1683 2570 1739 confessione
2612 1684 3061 1742 Christianorum
3107 1687 3346 1742 alienum
3399 1697 3508 1753 est,

242 1787 354 1837 sici
376 1784 526 1854 τρεῖς
552 1782 955 1853 ὕποστάσεις,ἢ
986 1782 1116 1854 μίαν
1167 1783 1368 1847 αὐτοὺς
1411 1783 1560 1855 ἔχειν
1588 1784 1827 1839 ὑπόστα-

236 1868 351 1940 σιν,
381 1872 439 1927 δν
468 1873 672 1945 τρόπον
698 1873 826 1945 μίαν
847 1872 1032 1945 έχουσι
1080 1873 1263 1944 φύσιν.
1306 1875 1620 1948 ’Δμφότερα
1640 1877 1698 1930 δὲ
1726 1878 1828 1949 τῆς

240 1965 350 2019 τῶν
394 1965 738 2038 Χριστιανῶν
767 1965 1065 2037 ὁμολογίας
1112 1967 1392 2040 ἀλλότρια,
1423 1969 1614 2039 ἐπειδὴ
1642 1970 1705 2023 τὸ
1726 1969 1826 2041 μὲν

254 2063 486 2134 Ἀρείου,
507 2063 569 2117 τὸ
594 2063 652 2118 δὲ
679 2062 974 2117 Σαϐελλίου
1040 2064 1254 2139 ςπέφυκε
1285 2063 1563 2135 φρόνημα.
1603 2064 1661 2118 '0
1693 2065 1826 2136 μέν·

240 2173 323 2210 τοι
349 2157 448 2227 τῆς
477 2154 739 2225 ἀληθείας
792 2155 974 2223 λόγος,
1006 2155 1082 2220 ὡς
1112 2158 1141 2209 6
1167 2155 1431 2223 Θεολόγος
1458 2156 1563 2226 ἔφη
1597 2156 1816 2227 Γρηγόο

245 2264 380 2318 ριος,
439 2247 611 2319 μονάς
660 2249 778 2303 ἐστι
807 2250 865 2303 ιν
888 2249 1112 2320 Τριάδι,
1158 2249 1255 2302 καὶ
1309 2249 1477 2320 Τριάς
1521 2251 1581 2302 ὲν
1636 2250 1824 2319 μονάδι

243 2339 743 2410 προσηνουμένη¹⁸.
797 2340 988 2393 Ἔστιν
1018 2341 1119 2411 μὲν
1140 2335 1235 2394 οὖν
1275 2341 1446 2411 μονὰς
1474 2340 1570 2409 τῆς
1607 2340 1827 2409 φύσεως

246 2429 434 2499 μονὰς,
471 2431 532 2483 οὐ
571 2431 740 2501 μονὰς
784 2431 885 2502 τῆς
932 2432 1316 2496 ὑποστάσεως-
1352 2432 1459 2505 ἡδὲ
1489 2432 1662 2503 Τριάς
1714 2435 1824 2486 τῶν

244 2520 601 2574 ὖποστάσεων
658 2522 852 2591 Τριὰς,
913 2522 975 2576 οὐ
1030 2523 1074 2576 Τ
1079 2523 1203 2593 ριάς
1231 2523 1339 2576 τῶν
1394 2522 1613 2590 φύσεων
1640 2538 1655 2554 ·
1679 2525 1709 2577 6
1738 2524 1826 2577 λέ-

241 2627 354 2679 γων
382 2613 437 2666 δὲ
463 2612 558 2683 τὴν
584 2613 747 2682 φύσιν
771 2614 908 2673 αὐτὸ
934 2614 996 2668 τὸ
1023 2614 1130 2668 τῶν
1150 2616 1504 2697 ὑποστάσεων
1561 2613 1699 2670 εἶναι
1727 2616 1821 2670 σύ·

244 2719 447 2774 στημα,
469 2704 559 2757 τὸν
581 2703 738 2772 ἅγιον
768 2705 933 2776 φήσει
954 2705 1280 2778 Γρηγόριον,
1303 2709 1586 2779 εἰρηκότα,
1614 2705 1823 2778 μονάδα

241 2794 569 2849 αἰνίττεσθαι
597 2794 698 2867 τὴν
747 2795 977 2866 Τριάδα,
1024 2782 1125 2851 καὶ
1153 2797 1267 2851 ἴσον
1297 2799 1463 2852 αὑτοῦ
1497 2800 1822 2871 κριθήσεται

240 2884 432 2954 φάναι,
473 2886 678 2956 μονάδα
710 2889 768 2941 ὲν
802 2887 1032 2959 Τριάδι,
1092 2889 1389 2944 κάντεῦθεν
1447 2892 1822 2962 συνωθήσεται

241 2976 495 3044 φάσκειν,
527 2977 688 3032 ένάδα
717 2979 776 3031 έν
829 2979 997 3035 ἑνάδι.
1034 2971 1110 3033 Οὗ
1137 2981 1191 3034 τί
1218 2981 1289 3035 ἂν
1320 2983 1478 3053 ἐπείη
1507 2982 1720 3056 διανοίᾳ
1742 3002 1820 3037 τι-

1929 1773 2055 1841 qnia
2086 1773 2220 1827 illud
2263 1775 2488 1844 quidem
2533 1782 2618 1830 est
2652 1776 2768 1829 Arii
2821 1776 3052 1846 dogma;
3100 1778 3205 1832 hoc
3245 1794 3376 1833 vero
3410 1778 3512 1833 Sa-

1927 1862 2098 1919 bellii.
2155 1864 2351 1920 Sermo
2397 1877 2579 1920 tamen
2634 1868 2886 1922 veritatis
2933 1877 3050 1932 est,
3099 1877 3157 1922 ut
3205 1868 3512 1940 Gregorius

1927 1951 2239 2026 Tlteologns
2269 1956 2432 2021 dixit,
2458 1957 2644 2012 unitas
2678 1957 2732 2011 in
2764 1956 3038 2014 Trinitate
3058 2001 3071 2019 .
3107 1959 3274 2033 374
3303 1971 3358 2016 et
3389 1961 3510 2017 Tri-

1927 2045 2076 2101 nitas
2115 2047 2173 2100 in
2208 2046 2420 2100 unitate
2462 2047 2708 2102 adorata.
2748 2046 2841 2103 Est
2885 2050 3050 2119 igitur
3088 2056 3272 2106 unitas
3296 2063 3511 2106 natura:

1926 2137 2138 2199 unitas.
2180 2152 2288 2191 non
2333 2138 2521 2194 unitas
2565 2139 2930 2210 hypostasis:
2973 2138 3219 2197 Trinitas
3250 2158 3379 2198 vero
3414 2145 3513 2212 hy-

1927 2240 2220 2299 postaseon
2253 2232 2367 2283 sive
2398 2245 2762 2299 personarum
2800 2229 3043 2286 Trinitas
3067 2272 3084 2300 ,
3122 2249 3228 2287 non
3261 2235 3510 2292 Trinitas

1926 2330 2274 2377 naturarum.
2306 2320 2408 2388 Qui
2444 2337 2578 2377 vero
2621 2321 2757 2377 dicit
2809 2333 3091 2389 naturam,
3147 2326 3321 2394 ipsam
3372 2342 3511 2380 con-

1926 2417 2302 2484 gregatioiiem
2331 2415 2722 2486 ltypostaseon,
2749 2414 2894 2470 dicet
2921 2414 3132 2470 dixisse
3175 2416 3509 2487 Gregorium

1928 2507 2192 2560 unitatem
2245 2506 2563 2578 significare
2612 2505 2941 2562 Trinitatem
2973 2546 2991 2573 ,
3058 2515 3116 2563 et
3167 2510 3511 2564 tantumdem

1920 2597 2289 2669 iudicabitur,
2316 2600 2521 2664 dicere,
2559 2606 2618 2653 ut
2645 2600 2689 2655 si
2731 2599 2941 2655 diceret
2977 2601 3248 2656 unitatem
3291 2603 3347 2656 in
3380 2600 3509 2656 Tri-

1925 2692 2101 2747 nitate
2150 2700 2207 2746 et
2248 2691 2580 2747 Trinitatem
2639 2691 2696 2745 in
2742 2694 2974 2757 unitate,
3017 2707 3079 2746 ex
3118 2707 3233 2764 quo
3285 2704 3513 2763 coactor

1925 2784 2133 2849 dicere,
2183 2783 2449 2838 unitatem
2476 2799 2599 2839 esse
2637 2783 2691 2837 in
2728 2786 2957 2838 unitate.
3005 2782 3128 2849 Quo
3173 2784 3305 2854 quid
3342 2786 3509 2840 ullius

1924 2883 2105 2929 mente
2146 2876 2364 2946 turpius
2396 2874 2624 2945 cOgitari
2659 2875 2877 2945 potest?
2916 2864 3276 2945 quamobrem
3319 2892 3509 2948 repre-

1926 2964 2126 3021 hendet
2159 2980 2288 3021 eum
2339 2965 2437 3036 qui
2477 2965 2584 3021 hoc
2616 2967 2815 3037 dogma
2851 2965 3040 3030 tradit,
3081 2967 3362 3036 inquiens,
3397 2973 3505 3020 tam

241 3042 332 3130 νὸς
358 3067 710 3140 αἰσχρότερον
734 3087 750 3138 ;
792 3069 986 3142 διόπερ
1013 3072 1397 3145 ἐπιτιμήσειεν
1424 3042 1502 3146 τέῤ
1538 3042 1712 3131 ταῦτά
1733 3077 1820 3130 δο-

1928 3068 2119 3114 contra
2151 3072 2258 3125 me,
2284 3068 2337 3114 et
2364 3066 2517 3113 tanta
2540 3061 2594 3115 vi
2622 3066 2752 3115 sunt
2778 3042 3167 3130 verba,'quatn
3192 3068 3387 3114 contra
3413 3070 3505 3115 te:

243 3158 564 3238 γματίζοντι
582 3160 779 3228 λέγων,
800 3162 882 3215 ὅτι
897 3163 993 3216 ἀντ
1003 3164 1345 3235 ιταττόμενόν
1363 3167 1477 3220 ἐστί
1497 3184 1587 3236 μοι
1614 3169 1818 3240 κράτος

241 3243 354 3303 οἷον
382 3252 477 3304 καὶ
508 3251 612 3317 σοὶ,
645 3252 744 3307 καὶ
777 3256 891 3318 τοῖς
918 3256 1162 3325 ῥήμασιν
1184 3274 1196 3288 ·
1234 3260 1331 3311 καὶ¹
1372 3258 1628 3330 καθάπερ
1686 3261 1823 3332 ἀκη-

242 3338 388 3405 κοὼς
415 3342 553 3413 πρὸς
573 3343 671 3422 τοῦ
699 3343 959 3414 Θεολόγου
997 3348 1202 3417 μονάδα
1223 3352 1366 3403 νοεῖν
1382 3350 1428 3383 ¹⁹
1452 3351 1624 3420 αὐτὴν
1656 3352 1824 3424 Τριά-

240 3432 326 3499 δα,
357 3432 502 3489 οὕτω
531 3432 687 3503 κάγὼ
718 3435 920 3508 μονάδα
947 3437 1052 3490 νοῶ
1082 3438 1301 3493 ἀκούων
1349 3440 1484 3512 παρ’
1514 3441 1684 3495 αὐτοῦ
1723 3443 1823 3515 τὴν

242 3526 468 3597 Τριάδα.
498 3528 609 3582 Καὶ
634 3528 1072 3601 συμπεραίνεταί
1105 3549 1197 3603 μοι
1220 3532 1281 3585 τὸ
1296 3532 1476 3602 δόγμα
1504 3535 1587 3597 είς
1616 3536 1823 3606 μονάδα

242 3618 300 3671 ἑν
324 3618 528 3689 μονάδι.
564 3621 675 3674 Καὶ
703 3620 956 3694 καθάπερ
980 3622 1055 3688 ὡς
1076 3626 1283 3678 ἐκεῖνον
1311 3625 1527 3697 σεαυτῷ
1548 3627 1641 3681 τὸν
1665 3627 1823 3697 λόγον

243 3709 546 3781 ἐκύρωσας,
570 3710 766 3766 τοῦτον
780 3713 941 3784 εῐμοι
966 3715 1238 3787 κυρώσεις
1271 3718 1625 3789 πεφυρμένος
1653 3719 1823 3785 ὅντως

239 3800 271 3854 6
301 3803 427 3866 νοῦς
459 3803 856 3877 φυραθήσεται,
916 3807 1012 3861 καὶ
1055 3807 1165 3863 τῶν
1203 3809 1534 3865 ἀντιθέσεων
1562 3813 1656 3865 καὶ
1683 3813 1818 3868 άναο

239 3894 459 3964 τροπῶν
491 3897 520 3949 ό
544 3895 706 3967 νόμος
736 3896 1196 3969 άχρειωθήσεται,
1241 3901 1382 3971 ὅπερ
1413 3902 1514 3955 οὐκ
1546 3902 1820 3974 ἐνδέχεται

239 3984 516 4054 γενέσθαι.
544 3986 607 4041 Et
638 3987 697 4042 δὲ
725 3989 804 4060 μὴ
838 3991 1167 4061 κυρώσειας,
1190 3993 1386 4064 ὲνδίκῳ
1411 3994 1593 4066 κρίσει
1622 3997 1821 4068 λεχθή-

240 4076 396 4130 σεταὲ
424 4078 626 4140 σοι,ὅτι
647 4077 754 4132 τῶν
775 4078 950 4149 λόγων
984 4080 1045 4134 οὐ
1074 4082 1369 4154 τυγχάνεις
1397 4082 1475 4137 ὣν
1505 4086 1820 4157 ἐξεταστὴς,

238 4166 381 4222 ὥστε
434 4166 735 4240 θρασύτητι
784 4171 1133 4242 διαστρέφειν
1192 4175 1327 4245 πρὸς
1389 4176 1451 4230 τὸ
1494 4177 1581 4230 σοὶ
1626 4177 1821 4233 δοκοῦν

237 4259 507 4329 ἀσχέτως.
547 4261 700 4316 Ἐπεὶ
732 4257 828 4316 οὖν
858 4263 1079 4335 ἀληθεῖς
1109 4259 1414 4322 εἶναιοῦτοι
1438 4269 1490 4322 οί
1521 4269 1691 4339 λόγοι,
1727 4269 1821 4336 οὒς

1925 3157 1980 3204 et
2010 3151 2091 3207 sic
2122 3158 2181 3204 ut
2223 3161 2280 3205 tu
2315 3152 2548 3206 audiens
2592 3167 2658 3207 ex
2699 3150 2965 3224 Gregorio
2997 3152 3290 3216 unitatem,
3325 3154 3504 3223 ipsam

1925 3239 2259 3296 Trinitatem
2294 3241 2558 3312 intelligis
2582 3280 2598 3305 ,
2651 3242 2733 3297 sic
2766 3256 2869 3312 ego
2907 3241 3142 3298 audiens
3179 3242 3248 3297 ab
3278 3257 3344 3297 eo
3384 3240 3508 3296 Tri-

1923 3334 2187 3397 nitatem,
2234 3332 2501 3387 unitatem
2547 3332 2817 3404 intelligo.
2860 3332 2926 3387 Et
2987 3336 3266 3390 concludo
3307 3335 3507 3406 dogma

1925 3422 2055 3490 hoc,
2113 3425 2376 3479 unitatem
2415 3423 2472 3479 in
2527 3424 2738 3479 unitate
2776 3440 2920 3480 esse.
2956 3424 3020 3479 Et
3068 3426 3213 3480 sicut
3256 3435 3312 3479 tu
3368 3426 3506 3482 illud

1924 3515 2023 3570 tibi
2069 3513 2411 3585 approbas‘ti,
2448 3513 2554 3568 hoc
2602 3514 2734 3568 mihi
2767 3515 2814 3570 si
2863 3515 3159 3585 approbes,
3197 3517 3507 3586 deprchen-

1923 3607 2085 3663 detur
2114 3606 2365 3677 profecto
2397 3621 2553 3663 mens
2606 3605 2862 3672 confusa,
2894 3616 2947 3662 et
2974 3608 3059 3663 lex
3086 3609 3504 3665 contradicendi

1923 3710 1976 3756 et
2019 3699 2306 3756 refellendi
2356 3700 2572 3757 inutilis
2625 3702 2753 3767 erit,
2776 3702 2925 3772 quod
2966 3718 3074 3757 non
3124 3711 3306 3774 potest
3360 3703 3502 3759 fieri.

1925 3791 1982 3848 Si
2014 3805 2197 3849 autem
2239 3795 2765 3865 non.comprobes,
2819 3797 2973 3866 justo
3023 3798 3235 3866 judicio
3289 3798 3507 3853 dicetur

1925 3884 2048 3949 tibi,
2116 3900 2226 3938 non
2263 3876 2330 3938 te
2394 3884 2705 3954 expendere
2774 3886 2970 3949 verba,
3031 3901 3158 3941 cum
3234 3889 3503 3944 arbitratu

1925 3985 2019 4033 tuo
2048 3978 2235 4032 omnia
2268 3985 2583 4047 pervertere
2623 3992 2730 4031 non
2769 3979 3091 4033 erubescas.
3140 3978 3505 4049 Quandoqui-

1922 4070 2046 4145 dem
2077 4071 2246 4141 igitur
2281 4071 2416 4137 haec,
2447 4086 2569 4140 quae
2597 4071 2663 4125 de
2694 4078 2890 4124 natura
2937 4080 2991 4125 et
3041 4070 3324 4142 hypostasi
3356 4070 3504 4126 dixi-

1923 4179 2072 4226 mus,
2111 4178 2241 4220 vera
2292 4178 2419 4219 esse
2455 4163 2702 4234 ignoras,
2746 4162 3021 4218 sententia
3066 4170 3256 4217 nostra
3299 4163 3508 4218 confir-

1924 4264 2067 4309 mata
2091 4264 2195 4321 est,
2242 4257 2513 4310 unitatem
2562 4241 2873 4310 naturalem
2923 4256 3089 4309 aliam
3121 4270 3249 4310 esse
3301 4264 3506 4324 ριευῑυι·

236 4351 368 4421 περὶ
398 4352 617 4420 φύσεως
637 4354 733 4406 καὶ
756 4355 1109 4421 ὑποστάσεως
1141 4357 1389 4429 εἴπομεν,
1417 4361 1735 4433 ήγνόηνται,
1757 4361 1821 4416 τὸ

1928 4345 2257 4402 Trinitatem
2302 4346 2694 4418 liypostaseon,
2723 4352 2778 4401 et
2813 4346 2972 4401 fidem
2997 4361 3218 4416 semper
3250 4362 3504 4416 perseve-

235 4440 513 4512 ἡμέτερον
542 4443 760 4505 πάντως
786 4443 1088 4517 ἐϐεϐαιώθη
1119 4425 1398 4520 φρόνημα,
1617 4425 1821 4525 φυσικὴ

1928 4454 2051 4494 rare
2092 4440 2145 4492 in
2188 4437 2546 4493 confessione
2580 4437 2815 4493 unitatis
2851 4447 3063 4493 naturae
3103 4437 3180 4510 (et
3211 4438 3504 4495 Trinitatis

237 4530 409 4602 μονὰς
430 4530 566 4599 ἄλλη
596 4531 749 4603 παρὰ
775 4533 871 4605 τὴν
894 4534 1264 4607 ὐποστατικὴν
1300 4538 1529 4609 Τριάδα,
1550 4541 1646 4593 καὶ
1670 4543 1702 4612 ή
1733 4543 1823 4596 πί-

237 4636 357 4685 στις
405 4621 494 4674 ἀεὶ
547 4619 796 4692 διαμένει
840 4624 933 4678 ἐπὶ
995 4627 1095 4696 τῆς
1132 4626 1427 4698 ὁμολογίας
1452 4628 1554 4700 τῆς
1583 4630 1821 4701 φυσικῆς

218 4712 488 4782 μονάδος,
517 4712 594 4777 ὡς
618 4715 647 4767 ό
678 4713 822 4779 θεῖος
850 4713 955 4787 ἔφη
1008 4716 1347 4790 Γρηγόριος,
1389 4720 1487 4775 καὶ
1516 4723 1625 4786 πᾶς
1654 4724 1682 4774 6
1711 4722 1821 4776 τῶν

174 4856 183 4861 .
228 4805 405 4874 ἁγίων
430 4806 525 4860 καὶ
548 4804 863 4878 θεολήπτων
904 4808 1066 4880 χορὸς
1090 4810 1372 4882 Πατέρων.

306 4894 369 4950 Εἰ
390 4895 448 4951 δέ
474 4914 558 4962 τις
605 4898 770 4952 πάλιν
802 4899 969 4963 εῐποι,
999 4902 1102 4972 τὴν
1130 4902 1294 4971 φύσιν
1341 4903 1531 4976 κοινὴν
1587 4907 1684 4959 καὶ
1718 4907 1814 4960 tat.

232 4990 340 5061 κὴν
392 4983 579 5056 εῖναι,
608 4991 700 5044 καὶ
751 4991 833 5046 δτι
866 4994 916 5046 ει
957 4992 1117 5066 μὲνὴ
1152 4994 1304 5067 κοινὴ
1362 4996 1524 5066 φύσις
1576 4998 1726 5052 εστὶν
1762 5003 1819 5054 αἱ

233 5080 564 5146 ὑποστάσεις
610 5083 802 5150 πᾶσαι,
832 5085 868 5156 ή
899 5084 1125 5158 δὲῑδική
1179 5088 1296 5140 ἔστι
1341 5087 1440 5158 μία
1491 5089 1811 5158 ὑπόστασις·

302 5261 331 5304 δ
366 5260 533 5316 Hebr.
570 5273 644 5327 tv,
678 5259 765 5315 15.

1919 4531 2324 4602 personarum),
2388 4532 2536 4586 sicut
2585 4531 2726 4585 dixit
2787 4530 3006 4587 divinus
3061 4530 3380 4602 Gregorius,
3446 4539 3504 4587 et.

1918 4635 2111 4677 omnes
2143 4620 2323 4675 sancti
2355 4630 2410 4676 et
2433 4619 2606 4675 divini
2645 4618 2859 4677 l’atrcs.

2000 4908 2058 4964 Si
2105 4926 2234 4966 vero
2281 4926 2477 4969 rursus
2531 4913 2679 4969 dicat
2751 4923 3006 4970 naturam
3057 4931 3404 4973 communem
3445 4927 3500 4972 ct

1927 5002 2223 5072 specialem
2257 5019 2400 5071 esse,
2434 5012 2491 5061 et
2534 5007 2682 5077 quod
2716 5009 3027 5063 communis
3065 5019 3149 5065 est
3180 5025 3373 5065 omnes
3401 5011 3504 5081 hy-

1924 5103 2211 5165 postases,
2258 5097 2517 5168 specialis
2551 5113 2680 5156 vero
2726 5108 2814 5156 est
2859 5114 2968 5156 una
3009 5100 3326 5174 hypostasis
3360 5100 3498 5173 (40),

1512 5382 1744 5440 VARLE
1775 5385 2187 5445 LEC'I'IONES.

300 5463 346 5497 ³⁸
375 5467 829 5539 προσκυνουμένη
862 5465 1027 5526 Turr.
1105 5444 1151 5500 ἐδ
1177 5471 1318 5534 νοεῖς
1365 5467 1524 5527 Turr.

1743 5565 1981 5624 NOTJE.

258 5720 270 5731 '
300 5630 676 5731 (60)‘Ponere
708 5656 763 5731 in
802 5655 1079 5716 Trinitate
1130 5668 1384 5717 naturam
1420 5673 1792 5725 communem,

225 5723 352 5795 quae
394 5723 466 5779 sit
495 5739 689 5784 omnes
734 5727 1085 5800 hypostases,
1116 5732 1661 5805 baereticorum_est;
1690 5723 1822 5792 fides

1906 5679 2038 5736 vero
2066 5665 2221 5736 ponit
2266 5682 2431 5736 unam
2466 5677 2721 5728 naturam
2759 5683 3110 5728 communem
3148 5672 3206 5729 in
3230 5664 3504 5734 Triniiats

1935 5735 2330 5807 hypostaseon.
