3928 6130
484 233 613 299 1511

1690 201 2089 300 'rHEooom
2118 241 2488 305 asumma

3614 246 3733 316 1512

479 340 812 412 respondeat
852 341 1012 397 nobis
1049 338 1516 412 percontantibus
1546 361 1564 396 ι
1599 341 1759 398 Pater
1801 353 1856 400 et
1895 345 2056 401 Filius

2173 349 2554 418 ἀναγγειλάτω
2576 352 2709 423 ἡμῖν
2740 353 3019 424 ἐρωτῶσιν
3055 372 3070 387 ·
3109 357 3172 412 '0
3201 358 3418 429 Πατὴρ,
3454 358 3550 411 καὶ
3570 359 3599 413 6
3621 359 3732 425 Υίδς

482 441 689 488 suntne
732 434 972 503 aequales
1009 442 1228 495 natura.
1277 429 1334 486 id
1382 440 1488 500 est,
1541 436 1709 488 unius
1743 444 1976 498 natura.
2013 447 2069 492 et

485 526 826 591 substantiae,
875 527 1097 580 annon?
1124 525 1182 580 Si
1209 526 1359 581 enim
1388 543 1495 582 non
1525 527 1777 584 concedit
1827 530 2067 600 aequales

488 634 612 675 esse
643 626 863 682 natura,
886 632 916 671 a
941 616 1373 674 Christianismo
1402 620 1624 691 penitus
1659 622 1933 677 alienatus
1959 630 2063 677 est.

487 710 583 766 Sin
633 725 768 765 vero
826 710 1118 775 concedat,
1161 711 1428 765 concedet
1484 713 1656 782 igitur
1701 716 1927 770 omnino
1963 714 2069 769 Pa-

486 811 622 855 trem
654 786 931 855 etFilium
973 803 1215 870 aequales
1254 818 1379 857 esse
1428 808 1735 860 secundum
1783 814 2062 860 naturam.

484 891 701 948 Rursus
731 893 1059 962 respondeat
1100 894 1285 957 nobis,
1334 893 1452 950 hac
1501 905 1724 962 natura,
1763 913 1874 967 qua
1906 896 2065 952 Pater

483 994 539 1040 ει
558 983 737 1040 Filius
772 985 1015 1054 mquales
1061 992 1227 1051 sunt,
1267 987 1658 1042 communisne
1692 997 1800 1053 est,
1840 1003 1908 1041 an
1941 1002 2068 1058 spe-

483 1077 681 1132 cialis?
707 1076 764 1131 Si
795 1079 941 1132 enim
970 1077 1121 1131 dicat
1149 1091 1504 1133 communem
1534 1093 1677 1143 esse,
1719 1088 1953 1149 cogetur
1977 1077 2068 1133 di-

484 1183 611 1225 cere
639 1168 856 1224 Patrem
881 1180 936 1223 et
962 1168 1165 1224 Filium
1199 1170 1443 1239 aequales
1472 1185 1599 1225 esse
1630 1172 1684 1225 in
1729 1169 1907 1226 tribus
1940 1185 2068 1241 per-

483 1262 658 1318 sonis.
698 1262 794 1317 Sin
820 1276 952 1316 vero
980 1270 1263 1326 naturam,
1297 1262 1601 1317 secundum
1626 1278 1792 1333 quam
1817 1264 1988 1319 Pater
2012 1270 2069 1318 et

484 1352 661 1407 Filius
710 1354 950 1419 aequales
1000 1362 1150 1420 sunt,
1204 1354 1499 1422 specialem
1554 1355 1794 1419 dixerit,
1840 1367 2070 1425 cogetur

483 1444 670 1499 dicere
721 1442 939 1498 Patrem
974 1456 1029 1499 et
1074 1441 1275 1499 Filium
1309 1446 1549 1516 arquales
1592 1460 1714 1501 esse
1760 1445 2065 1517 hypostasi.

484 1539 553 1596 Et
581 1538 743 1610 375
770 1540 818 1593 ei
843 1579 857 1603 ,
895 1540 989 1609 qui
1045 1539 1151 1594 hoc
1194 1539 1351 1604 dicit,
1384 1547 1550 1595 erunt
1588 1538 1756 1595 Pater
1792 1550 1848 1595 et
1895 1539 2067 1595 Filius

484 1648 594 1686 una
634 1632 971 1702 hypostasis.
1020 1629 1266 1700 Utraque
1311 1641 1495 1688 autem
1532 1633 1858 1688 consecutio
1909 1630 2066 1687 valde

483 1735 716 1794 angusta
758 1731 811 1777 et
854 1724 1173 1793 blasphema
1197 1731 1303 1779 est.

556 1837 754 1891 Sermo
790 1838 958 1903 igitur
988 1838 1242 1892 veritatis
1281 1837 1637 1894 confessione
1670 1838 1867 1910 synodi
1898 1838 2065 1894 Chal-

481 1929 810 1986 cedonensis
878 1935 1193 1982 sant-torum
1250 1927 1473 1982 Patrum
1534 1931 1895 1995 continetur,
1954 1945 2063 1984 non

481 2036 604 2076 esse
637 2031 890 2073 naturam
923 2034 1115 2075 omnes
1147 2020 1315 2074 simul
1365 2020 1691 2092 hypostascs
1717 2060 1733 2083 ,
1768 2036 1867 2075 nec
1896 2036 2062 2075 unam

482 2110 858 2181 hypostasim,
904 2110 1000 2165 sed
1043 2119 1297 2163 naturam
1340 2126 1466 2165 esse
1508 2126 1725 2180 semper
1760 2112 1816 2166 in
1864 2110 2059 2167 eadem

482 2206 691 2257 unitate
715 2220 729 2263 ;
755 2202 1082 2274 hypostases
1107 2218 1239 2257 vero
1279 2218 1405 2257 esse
1448 2204 1501 2257 in
1537 2202 1729 2258 eadem
1767 2201 2059 2269 Trinitate,

480 2292 623 2347 sicut
676 2292 815 2346 dixit
859 2289 1162 2362 Gregorius
1201 2291 1537 2360 Theulogus.
1580 2293 1746 2348 Docet
1781 2295 1925 2349 enim
1958 2294 2061 2350 hoc

481 2385 657 2437 solum
696 2383 856 2447 scire,
900 2386 1168 2436 unitatem
1212 2384 1267 2436 in
1301 2381 1605 2446 Trinitate,
1640 2392 1695 2440 et
1730 2384 2057 2440 Trinitatem

479 2474 536 2528 in
622 2476 834 2528 unitate
899 2475 1228 2540 adoratam,
1310 2475 1600 2531 habentem
1680 2476 2058 2532 admirabilem

479 2564 804 2619 divisionem
887 2572 941 2619 et
1013 2566 1296 2620 unionem.
1345 2564 1556 2637 Neque
1649 2567 1832 2622 dicere
1896 2569 2057 2633 licet,

480 2657 528 2711 si
575 2648 850 2711 naturalis
917 2657 1098 2711 unitas
1163 2658 1272 2712 alia
1332 2666 1417 2713 est
1480 2670 1678 2727 praeter
1729 2657 2056 2713 Trinitatem

478 2750 906 2820 hypostaticam,
971 2749 1023 2803 id
1086 2757 1195 2814 est,
1253 2748 1651 2820 hypostaseon,
1711 2757 1840 2803 sunt
1889 2749 2061 2819 igitur

477 2847 713 2908 quatuor
741 2853 852 2900 res,
884 2838 1011 2905 quia
1039 2853 1136 2905 per
1170 2844 1421 2890 naturam
1461 2838 1767 2906 completur
1799 2853 2059 2907 unaquae-

482 2946 587 3001 que
627 2931 967 3001 hypostasis,
1005 2937 1058 2983 et
1090 2944 1200 2982 non
1232 2941 1667 2983 connumeratur
1692 2946 1817 2982 cum
1871 2945 1929 2984 re
1963 2945 2060 2998 per

2171 440 2274 492 ῐσοι
2316 441 2457 494 κατά
2490 442 2590 513 τὴν
2618 442 2781 512 φύσιν
2819 446 2949 510 είσὶ,
2973 446 3121 500 τοῦτ’
3144 450 3295 504 ἔστιν
3316 451 3624 517 αὐτοφυεῖς.
3645 456 3731 504 καὶ

2167 530 2527 603 ὁμοούσιοι,,ἥ
2551 534 2653 589 οὑκ
2672 535 2848 597 είσίν;
2873 537 2935 592 El
2960 539 3059 610 μὲν
3082 540 3189 612 γὰρ
3208 543 3284 613 μὴ
3314 543 3579 613 συνθῆται
3601 544 3731 608 tm;

2169 621 2369 685 αὐτοὺς
2419 619 2744 679 εἶναικκατά
2791 626 2894 699 τὴν
2948 627 3131 698 φύσιν,
3178 631 3274 685 τοῦ
3316 633 3730 703 Χριστιανισμοῦ

2168 712 2519 767 παντάπασιν
2576 715 2936 783 ἀπεξένωται.
2972 720 3034 772 Εἰ
3059 720 3117 773 δὲ
3150 723 3451 793 συνθῆται,
3485 723 3733 792 συνθῆται

2167 803 2212 855 δ’
2243 800 2337 857 οὖν
2360 805 2579 869 πάντως
2609 807 2699 860 τὸν
2727 809 2969 881 Πατέρα,
2999 813 3093 865 καὶ
3124 812 3216 866 τὸν
3243 813 3374 866 Υίδν
3415 813 3564 878 ῐσους
3606 812 3731 871 εἶναι

2168 897 2310 950 κατά
2338 899 2437 969 τὴν
2464 898 2649 966 φύσινο
2685 897 2843 965 αὖθις
2869 904 3004 972 ἡμῖν
3027 904 3306 976 ἐρωτῶσιν
3336 908 3726 979 ἁποκρινάσθω·

2183 990 2247 1044 Ἦ
2266 990 2428 1060 φύσις
2461 990 2626 1062 αὕτη,
2652 993 2776 1046 καθ’
2795 993 2863 1064 ἣν
2889 995 2994 1048 ἶσοι
3017 995 3332 1065 πεφύκασιν
3351 1000 3380 1051 6
3404 1000 3613 1071 Πατὴρ,
3644 1002 3729 1054 καὶ

2168 1082 2322 1150 Υίὸς,
2353 1084 2507 1155 κοινή
2536 1084 2707 1149 ἐστιν,
2744 1085 2777 1155 ἢ
2813 1085 2956 1156 ίδική
2978 1104 2992 1149 ;
3017 1086 3078 1139 Εί
3114 1086 3214 1156 μὲν
3237 1088 3347 1159 γάρ
3372 1089 3542 1159 αὐτὴν
3581 1092 3729 1153 εἴποι,

2168 1175 2353 1247 κοινὴν
2381 1173 2544 1239 εἶναι,
2580 1174 2938 1247 βιασθήσεται
2987 1177 3081 1231 τὸν
3109 1180 3331 1250 Πατέρα
3360 1182 3459 1235 καὶ
3503 1182 3595 1236 τδν
3614 1182 3731 1237 Υίδν

2168 1260 2347 1329 λέγειν
2393 1264 2506 1316 ἴσον
2533 1263 2592 1317 ὲν
2612 1263 2792 1331 τρισὶν
2821 1264 3208 1320 ὑποστάσεσιν.
3242 1269 3306 1324 Ei
3330 1269 3390 1323 δὲ
3413 1270 3517 1341 τὴν
3561 1272 3730 1341 φύσιν,

2168 1351 2290 1406 καθ’
2322 1352 2390 1424 ἥν
2415 1357 2552 1408 εἰσιν
2578 1356 2607 1409 ὁ
2632 1356 2821 1427 Πατὴρ
2853 1358 2948 1411 καὶ
2979 1359 3007 1411 6
3032 1358 3164 1423 Υίδς
3213 1361 3340 1427 ίσοι,
3378 1362 3558 1434 ίδικήν
3584 1365 3733 1429 εἴποι,

2167 1446 2650 1516 ἀναγκασθήσεται
2681 1447 2771 1502 τὸν
2803 1450 3044 1521 Πατέρα,
3096 1452 3191 1507 καὶ
3228 1455 3320 1508 τὸν
3380 1456 3510 1509 Υἱὲν
3572 1458 3736 1526 λέγειν

2169 1539 2317 1601 τσους
2340 1535 2479 1594 εἶναι
2500 1542 2565 1611 τῇ
2588 1541 2902 1597 ὑποστάσει.
2924 1542 3037 1596 Καὶ
3058 1542 3213 1598 ἔσται
3230 1544 3309 1616 τῷ
3325 1547 3487 1601 τοῦτο
3508 1548 3735 1616 λέγοντι,

2169 1632 2197 1683 6
2226 1629 2418 1701 Πατὴρ
2462 1631 2558 1684 καὶ
2604 1633 2633 1683 6
2661 1631 2786 1695 Υἱός
2824 1634 2922 1702 μία
2958 1634 3277 1699 ὑπόστασις.
3325 1639 3642 1710 Ἀμφὸτερι
3688 1643 3739 1696 δὲ

2164 1722 2233 1775 τά
2253 1722 2747 1793 ὲπακολουθήματα
2772 1724 2893 1779 λίαν
2922 1727 3285 1796 ὲστενωμὲνα,
3304 1730 3400 1782 καὶ
3430 1730 3736 1801 βλάσφημα.

2248 1813 2307 1867 ’0
2338 1813 2435 1882 τῆς
2460 1814 2722 1883 ἀληθείας
2754 1816 2937 1868 τοίνυν
2965 1815 3122 1885 λόγος
3152 1817 3210 1871 6v
3244 1821 3275 1890 ή
3302 1820 3413 1873 τῶν
3430 1824 3739 1893 ὁμοφρόνων

2160 1904 2260 1975 τῆς
2288 1906 2347 1960 ὲν
2377 1905 2682 1976 Χαλκηδόνι
2708 1907 3199 1979 συναθροισθείσης
3227 1910 3336 1963 τῶν
3364 1912 3541 1980 ἁγίων
3576 1915 3740 1968 Πατέ-

2164 2013 2276 2067 ρων
2300 1996 2626 2067 ὁμηγύρεως
2647 1998 2905 2067 ὁμολογία
2943 2001 3307 2072 καθέστηκεν,
3334 2002 3420 2056 ὅτι
3456 2004 3559 2058 οὑκ
3601 2008 3739 2060 ἐστιν

2159 2090 2194 2159 ή
2227 2089 2389 2159 φύσις
2423 2091 2479 2144 αί
2515 2090 2844 2154 ὑποστάσεις
2892 2091 3030 2161 ὁμοῦ
3067 2094 3266 2157 πᾶσαι,
3296 2094 3423 2148 οὐδὲ
3483 2097 3582 2165 μία
3618 2084 3740 2152 ὑπὸέ

2162 2196 2352 2245 στασις
2382 2197 2397 2212 ’
2431 2181 2546 2235 ἀλλ’
2575 2183 2607 2252 ἡ
2640 2181 2802 2251 φύσις
2851 2182 3085 2254 ἕστηκεν
3128 2185 3219 2238 ἀεὶ
3274 2187 3369 2239 ἐπὶ
3423 2186 3525 2256 τῆς
3579 2191 3738 2257 αὐτῆς

2160 2269 2366 2334 ἐνάδος,
2389 2272 2444 2324 αἱ
2473 2271 2530 2325 δὲ
2562 2273 2887 2337 ὑποστάσεις
2916 2275 3010 2327 ἐπὶ
3036 2275 3137 2344 τῆς
3157 2277 3329 2347 αὐτῆς
3382 2278 3642 2349 Τριάδος,
3669 2281 3736 2343 ὡς

2161 2364 2432 2435 εἴρηκενὸ
2459 2363 2600 2427 θεῖος
2647 2365 2954 2438 Γρηγόριος
3000 2367 3288 2437 θεολογῶν.
3345 2371 3606 2425 Διδάσκει
3636 2374 3733 2442 γὰρ

2160 2452 2414 2507 τοσοῦτον
2434 2453 2632 2507 εἰδέναι
2661 2455 2842 2524 μόνον,
2884 2456 3090 2526 μονάδα
3121 2459 3181 2511 ὲν
3209 2458 3425 2529 Τριᾶδι,
3452 2464 3551 2514 καὶ
3579 2463 3733 2532 Τρια-

2159 2546 2226 2600 δα
2256 2549 2313 2600 ὲν
2340 2545 2529 2616 μονάδι
2581 2548 3088 2618 προσκυνουμένην,
3141 2550 3451 2619 παράδοξον
3506 2537 3737 2623 ’ἔχουσαν

2161 2637 2255 2690 καὶ
2292 2635 2391 2707 τὴν
2435 2636 2705 2707 διαίρεσιν
2753 2637 2966 2709 καὶτὴν
2998 2639 3215 2692 ἕνωσιν.
3252 2641 3392 2694 Ούδέ
3421 2659 3535 2697 τινι
3567 2645 3740 2712 λέγειν

2161 2728 2389 2794 ἔξεστιν,
2425 2729 2508 2781 ὅτι
2568 2729 2726 2800 εἴπερ
2785 2729 2918 2798 ἄλλη
2978 2730 3280 2802 πέφυκενή
3314 2733 3527 2804 φυσικὴ
3577 2738 3740 2805 μονὰς

2162 2819 2316 2890 παρὰ
2334 2818 2432 2891 τὴν
2459 2818 2569 2873 τῶν
2601 2820 2950 2875 ὑποστάσεων
2984 2823 3210 2894 Τριάδα,
3244 2825 3277 2893 ἠ
3303 2826 3517 2895 φυσικὴ
3557 2827 3742 2896 μονὰς,

2160 2915 2255 2967 καὶ
2297 2914 2331 2983 ἡ
2361 2913 2468 2967 τῶν
2533 2914 2885 2969 ὑποστάσεων
2935 2915 3140 2985 Τριάςο
3182 2917 3290 2985 ἄρα
3319 2917 3575 2988 τέσσαρα
3607 2920 3746 2990 πρό-

481 3038 646 3092 quam
697 3021 1023 3090 completur.
1057 3019 1210 3075 Mens
1259 3020 1446 3090 igitur,
1493 3036 1615 3091 quae
1646 3021 1797 3074 omni
1835 3019 2054 3074 dubita-

2164 3005 2516 3075 γματα,διότι
2539 3008 2606 3077 τῇ
2633 3005 2794 3074 φύσει
2825 3006 3242 3078 συμπληροῦται
3262 3010 3471 3080 ἑκάστη
3488 3011 3751 3064 τῶνὺπο-

480 3114 627 3169 tione
680 3113 960 3183 agitatur,
1015 3110 1351 3166 necessitate
1401 3111 1750 3182 compellitur
1799 3111 2053 3166 confiteri

479 3207 849 3262 rectissimam
899 3212 954 3260 et
994 3206 1061 3259 ab
1113 3205 1259 3257 omni
1302 3203 1517 3257 macula
1571 3214 1851 3258 vacantem
1895 3203 2055 3259 fidem

479 3305 684 3353 sanctae
709 3297 897 3367 synodi
933 3294 1429 3358 Chalcedonensis,
1472 3310 1598 3349 esse
1637 3294 1848 3350 scilicet
1890 3296 2055 3350 Chri-

479 3397 625 3443 stum
658 3404 820 3442 unam
855 3388 1195 3458 hypostasim
1219 3402 1283 3441 ex
1315 3395 1505 3441 sancta
1532 3386 1799 3443 Trinitate
1830 3398 2055 3445 naturas

478 3480 617 3533 duas
664 3478 1229 3545 hahentem,divinam
1287 3484 1340 3531 et
1385 3476 1703 3532 humanam.
1746 3479 1813 3533 Et
1846 3495 1953 3533 non
1990 3479 2053 3534 li-

475 3581 562 3625 cet
598 3571 674 3624 illi
708 3569 891 3624 dicere
940 3568 1108 3639 quud,
1143 3567 1189 3621 si
1241 3581 1347 3620 una
1401 3566 1718 3636 hypustasis
1761 3578 1845 3625 est
1888 3570 2054 3624 Chri-

476 3672 615 3729 suts,
651 3677 757 3716 nou
786 3660 992 3714 desinit
1024 3658 1224 3713 habere
1241 3673 1403 3711 unam
1433 3667 1688 3712 naturam
1719 3679 1735 3715 ε
1761 3671 1813 3716 et
1834 3662 1880 3716 si
1913 3663 2054 3720 duas

478 3763 705 3807 naturas
752 3752 938 3815 habet,
973 3751 1202 3803 omnino
1250 3758 1337 3805 est
1378 3751 1499 3805 dua:
1532 3751 1889 3822 hypostascs;
1936 3769 2055 3811 rata

472 3842 623 3897 enim
665 3850 720 3894 et
755 3839 860 3894 lixa
904 3851 989 3893 est
1040 3838 1318 3894 confessio
1356 3839 1563 3911 synodi
1600 3851 1919 3897 sanctorum
1952 3843 2055 3896 Pa-

472 3946 621 3989 trum
662 3933 1130 3988 Chalcedonensis
1175 3934 1473 3987 secundum
1516 3932 1677 3989 fidem
1724 3935 1869 3989 beati
1909 3936 2055 4007 prin-

474 4027 616 4095 cipis
646 4026 1046 4096 apostolorum,
1081 4040 1111 4077 a
1144 4039 1249 4093 qua
1284 4024 1432 4077 nullo
1463 4025 1624 4078 modo
1660 4025 1851 4089 variat,
1887 4043 2050 4096 quam

470 4118 745 4188 principio
774 4117 1083 4185 posuimus.
1116 4113 1182 4169 Et
1227 4113 1506 4170 confessio
1541 4116 1656 4169 haec
1681 4127 1764 4170 est
1795 4117 1885 4171 illa
1913 4132 2052 4172 con-

468 4208 645 4266 fessio
699 4210 884 4275 Petri,
941 4194 1209 4266 adversus
1263 4225 1429 4279 quam
1483 4224 1590 4263 non
1648 4210 2053 4280 praevaluerunt

470 4316 646 4373 porta:
674 4302 897 4356 inferni.
938 4302 1002 4355 Et
1038 4302 1158 4370 ipsa
1188 4301 1295 4355 erit
1338 4302 1555 4356 tandem
1598 4318 1745 4368 sors,
1788 4313 1842 4358 et
1872 4304 2048 4360 haere-

466 4389 620 4444 ditas
648 4389 825 4443 omnis
855 4398 1034 4443 cmtus
1062 4389 1526 4459 CltriSIianQrum,
1554 4393 1811 4460 quamvis
1853 4394 2051 4449 adver-

464 4483 657 4537 sarius
691 4482 819 4536 vitze
855 4489 908 4535 et
945 4482 1142 4537 salutis
1173 4493 1373 4537 nostra:
1402 4482 1574 4539 Belial
1617 4488 1818 4541 multas
1850 4486 2052 4542 sectio-

468 4588 574 4629 nes
601 4574 648 4626 ei
692 4573 943 4637 immisit,
987 4574 1193 4629 ChriSti
1241 4576 1552 4645 permissu,
1600 4584 1657 4630 ut
1700 4578 2049 4647 ostendatur,

467 4665 625 4736 quod
679 4665 749 4719 de
770 4680 841 4719 ea
879 4665 1039 4730 dixit,
1078 4681 1421 4736 nequaquam
1477 4667 1531 4721 in
1570 4676 1891 4738 perpetuum
1931 4669 2053 4726 fru-

470 4760 762 4813 strandum
784 4772 932 4824 esse,
971 4766 1026 4812 et
1056 4760 1284 4814 omnino
1308 4774 1593 4830 nunquam
1631 4761 1979 4819 vincendum.

2161 3098 2406 3152 στάσεων
2437 3114 2451 3128 ·
2483 3098 2545 3151 οὔ
2581 3099 2991 3170 συναριθμεῖται
3017 3102 3308 3173 πράγματι
3332 3110 3352 3125 '
3381 3105 3462 3175 τῷ
3489 3109 3753 3178 συμπλη·

2162 3188 2369 3258 ροῦται.
2397 3188 2647 3260 Ἀπορῶν
2675 3185 2770 3243 οὖν
2792 3189 2964 3254 ὁννοῦς
2985 3192 3250 3245 παντοίαν
3277 3193 3543 3264 ἀπορίαν,
3581 3196 3755 3264 ἀνάγ-

2158 3276 2229 3354 κῂ
2252 3281 2478 3351 φέρεται
2504 3281 2604 3353 τὴν
2618 3282 2941 3353 ὀρθοτάτην,
2968 3283 3065 3337 καὶ
3088 3284 3422 3356 ἀμώμητον,
3455 3288 3755 3357 ὁμολογεῖν

2155 3374 2447 3443 ὁμολογίαν
2504 3374 2606 3445 τῆς
2628 3377 2686 3428 ὲν
2714 3374 3018 3447 Χαλκηδόνι
3073 3378 3553 3451 συγκροτηθείσης
3581 3382 3755 3449 ἀγίας

2158 3466 2397 3531 συνόδου,
2423 3466 2503 3518 ὅτι
2531 3465 2560 3517 6
2594 3465 2829 3536 Χριστὸς
2861 3466 2960 3536 μία
2991 3466 3296 3531 ὑπόστασις
3319 3471 3388 3522 ἐκ
3415 3470 3523 3541 τῆς
3579 3472 3756 3542 Τριέ-

2155 3556 2263 3622 δος,
2311 3556 2451 3628 ἔχων
2511 3556 2606 3610 δύο
2659 3557 2870 3626 φύσεις,
2923 3557 3078 3612 θείαν
3125 3575 3186 3612 τε
3216 3559 3314 3612 καὶ
3363 3559 3751 3636 ἀνθρωπίνην.

2155 3649 2267 3701 Καὶ
2298 3647 2401 3700 οὐκ
2445 3644 2564 3710 ἐξόν
2605 3663 2711 3701 τινι
2755 3646 2957 3715 λέγειν,
3017 3649 3100 3702 ὅτι
3134 3650 3185 3702 εί
3218 3650 3318 3720 μία
3384 3651 3703 3717 ὑπόστασις
3728 3656 3755 3707 6

2155 3739 2408 3810 Χριστὸς,
2432 3738 2872 3811 ἀπαραχώρητον
2900 3738 3047 3810 ἐχειν
3072 3740 3257 3808 αὑτὸν,
3277 3742 3374 3795 καὶ
3401 3743 3545 3815 μίαν
3572 3745 3755 3815 φύσιν,

2156 3828 2251 3883 καὶ
2274 3829 2354 3880 ὅτι
2381 3829 2430 3882 εί
2450 3828 2542 3881 δύο
2562 3829 2750 3898 φύσεις
2771 3829 2905 3899 ἔχει,
2930 3831 3153 3896 πάντως
3180 3835 3277 3887 καὶ
3291 3834 3390 3890 δύο
3412 3838 3759 3903 ὑποστάσεις

2154 3922 2293 3976 ἐστί’
2323 3921 2633 3993 κεκύρωται
2663 3922 2741 3987 δὲ,
2770 3924 2865 3978 καὶ
2890 3925 3266 3995 πεπαγίωται,
3291 3931 3324 3999 η
3354 3930 3471 3984 τῶν
3507 3935 3763 4005 ὁμοφρά-

2155 4035 2262 4073 νων
2285 4018 2379 4072 τοῦ
2404 4020 2461 4071 ἐν
2488 4018 2797 4090 Χαλκηδόνι
2858 4024 3383 4093 συγκεκροτημένου
3408 4026 3532 4079 τῶν
3567 4046 3758 4097 μακα-

2157 4110 2287 4182 ρίων
2313 4108 2571 4179 Πατέρων
2607 4108 2889 4179 ὁμολογία,
2937 4111 3080 4164 κατά
3128 4112 3227 4182 τὴν
3269 4112 3368 4166 τοῦ
3436 4118 3758 4187 κορυφαίου

2153 4201 2261 4257 τῶν
2307 4201 2618 4255 ἀποστόλων
2669 4202 2852 4275 πίστιν
2882 4200 3307 4271 ἀπαράλλακτος
3333 4201 3501 4268 οὖσα,
3524 4208 3596 4275 ἣν
3624 4223 3767 4275 προσ

2153 4294 2334 4364 οίμιον
2391 4291 2644 4361 ἐθέμεθα.
2702 4292 2815 4346 Καὶ
2845 4294 2878 4361 ἡ
2908 4292 3169 4363 ὁμολογία
3213 4294 3356 4365 αὕτη
3386 4298 3548 4349 ἐστὶν
3582 4300 3619 4367 ἡ
3650 4297 3765 4351 Ili.

2154 4404 2306 4459 τρου,
2329 4380 2397 4459 ἧς
2418 4386 2479 4438 οὐ
2506 4384 2840 4453 κατίσχυσαν
2865 4386 2921 4437 al
2957 4385 3051 4437 τοῦ
3109 4384 3242 4456 ᾅδου
3278 4387 3475 4441 πύλαι.
3525 4390 3649 4442 Καὶ
3687 4392 3765 4448 είς

2152 4477 2322 4549 αὐτὴν
2346 4479 2380 4547 ἠ
2412 4475 2567 4548 λῆξις
2589 4475 2791 4539 παντὸς
2832 4475 2927 4528 τοῦ
2960 4476 3071 4528 τῶν
3133 4477 3495 4548 Χριστιανῶν
3521 4479 3765 4551 πλη

2157 4587 2328 4642 ματος
2372 4567 2528 4622 ἔσται
2583 4569 2736 4634 ποτὲ,
2763 4569 2811 4621 εί
2846 4569 2940 4622 καὶ
2994 4568 3199 4631 πολλὰς
3235 4574 3264 4623 ὁ
3311 4571 3416 4642 τῆς
3460 4575 3765 4644 ἡμετέρας

2154 4662 2324 4732 ζωῆς,
2354 4661 2447 4716 καὶ¹
2478 4661 2757 4733 σωτηρίας
2800 4660 3093 4724 ἀντίπαλος
3142 4660 3348 4732 Βελίαρ
3398 4666 3735 4735 ἐμϐέϐληκε

2156 4758 2296 4827 αὐτῇ
2338 4753 2644 4825 διαιρέσεις
2676 4752 2921 4825 Χριστοῦ
2965 4757 3562 4826 παρακεχωρηκότος,
3614 4762 3765 4818 ὃπως

465 4851 800 4923 essetsunt,
835 4852 917 4904 ὅτι
938 4853 966 4905 6
988 4849 1133 4916 θεῖος
1166 4849 1333 4907 αὑτοῦ
1368 4852 1497 4925 περὶ
1520 4852 1693 4926 αὐτῆς
1728 4853 1907 4925 λόγος,
1933 4858 2015 4923 είς
2036 4858 2097 4913 τδ
2120 4851 2371 4926 διηνεκὲς
2398 4849 2601 4919 ἥκιστα
2625 4846 3131 4921 καταργηθήσεται,
3162 4847 3263 4902 καὶ
3294 4850 3380 4913 είς
3399 4850 3467 4904 τὸ
3488 4853 3769 4914 πει-πως

463 4945 571 5017 οὑχ
601 4943 987 5017 ἡττηθήσεται.

542 5040 663 5094 Hoc
681 5048 940 5108 prieterea
959 5035 1255 5092 dicendum
1286 5046 1393 5099 est,
1412 5038 1672 5107 quoniam
1701 5053 1826 5095 cum
1846 5049 2052 5098 interno

464 5132 615 5188 ‘Filio
645 5130 806 5186 simul
833 5130 1086 5201 copulata
1111 5138 1198 5185 est
1252 5137 1451 5185 natura
1478 5130 1664 5185 divina
1693 5139 1749 5185 et
1786 5131 2055 5202 humana,

464 5233 829 5295 postcarnem
841 5229 1179 5290 assumptam
1193 5220 1358 5275 habet
1369 5220 1507 5277 duas
1524 5222 2056 5294 naturalcsproprie-

461 5322 694 5370 tates.et
711 5313 839 5366 item
860 5311 1140 5366 naturales
1156 5310 1600 5381 Operationes,ac
1616 5309 1756 5366 duas
1779 5313 2056 5367 naturales

466 5405 942 5476 voluntates,'quia
961 5411 1176 5460 natura:
1194 5404 1615 5475 comprehensio
1631 5419 1738 5460 non
1782 5413 1865 5461 est
1897 5403 2052 5460 ﬁrma

465 5508 525 5554 et
551 5507 721 5562 certa,
737 5497 1056 5551 nisinatura
1068 5496 1294 5551 omnino
1324 5495 1524 5550 habeat
1550 5511 1895 5567 quaecunque
1921 5502 2053 5553 sunt

470 5589 825 5659 perfectionis
836 5586 977 5657 ejus.
996 5586 1491 5657 Pereipiat‘optime
1508 5585 1652 5658 quod
1672 5587 1797 5643 dico
1812 5587 2053 5652 auditor,

471 5677 619 5748 quod
647 5677 892 5747 ejusdem
920 5679 1114 5736 aeterni
1154 5677 1324 5749 370
1347 5675 1473 5736 Filii
1496 5687 1633 5738 sunt
1660 5677 1784 5735 duas
1805 5678 2055 5751 proprie-

2230 5036 2354 5092 Ἐτι
2374 5034 2432 5090 δὲ
2461 5031 2625 5087 τοῦτο
2650 5031 2865 5103 ῥητέον,
2888 5031 2972 5086 ὃτι
3000 5032 3233 5104 ἐπείπερ
3280 5034 3423 5104 ὁμιοῦ
3477 5038 3781 5107 συνῆπται

2156 5126 2270 5198 Υίῷ
2292 5125 2456 5194 φύσις
2489 5122 2610 5177 θεία
2649 5121 2747 5176 καὶ
2771 5120 2934 5189 φύσις
2955 5120 3293 5194 ἀνθρωπίνη,
3326 5124 3449 5195 ἔχει
3464 5127 3583 5182 5-39
3612 5143 3780 5198 φυςι.

2155 5218 2260 5282 κάς
2287 5215 2597 5286 ἐνεργείας,
2630 5212 2728 5268 καὶ
2752 5211 2849 5266 δύο
2877 5212 3118 5281 φυσικὰς
3152 5211 3411 5283 θελήσεις
3431 5232 3448 5247 -
3482 5216 3660 5271 διῦτι
3690 5215 3785 5284 τῆς

2158 5311 2380 5382 φύσεως
2431 5298 2740 5377 κατάληψις
2797 5307 2862 5361 06
2906 5304 3230 5372 πιστοῦται,
3281 5307 3333 5360 εί
3386 5308 3469 5379 μὴ
3544 5311 3786 5365 πάντες

2160 5401 2338 5475 σχοίη,
2355 5402 2457 5456 ὅσα
2483 5401 2588 5472 τῆς
2638 5399 2810 5468 αὐτῆς
2833 5400 2951 5454 ἐστι
2982 5397 3344 5463 τελειώσεως.
3370 5400 3711 5456 Κάλλιππε
3738 5399 3793 5451 ἃ

2160 5494 2252 5549 τὸν
2305 5492 2577 5564 ἡμέτερον
2628 5487 3158 5559 λόγονηκατανοείτω
3182 5491 3214 5542 6
3234 5490 3669 5562 ἀκροώμενος,
3717 5490 3797 5542 ὅτι

2161 5582 2258 5639 τοῦ
2290 5583 2459 5638 αὑτοῦ
2481 5580 2657 5637 ἀϊδίου
2680 5581 2809 5636 Υίοῦ
2840 5583 2981 5635 εισιν
3012 5582 3071 5636 αί
3105 5581 3203 5636 δύο
3230 5585 3471 5651 φυσικαὶ
3517 5585 3802 5655 θελήςεις

2162 5694 2222 5731 τε
2280 5676 2376 5731 καὶ
2426 5676 2700 5750 ἐνέργειαι
2754 5673 2848 5729 τοῦ
2890 5672 3047 5738 ὄντος
3086 5676 3188 5748 μία
3230 5675 3577 5743 ὑπόστασις·
3605 5672 3809 5741 uti:
