3928 6130
248 288 255 291 ἦ
316 334 458 400 1513
1030 318 1037 325 ’
1720 315 1799 379 Ὀ]

2035 314 2146 375 LA.
2739 375 2742 379 ,
3450 305 3586 373 15η

317 439 644 517 Τριάδος,δν
660 434 796 509 ὁμοῦ
850 434 945 490 δύο
990 431 1183 504 φύσεις
1212 425 1511 501 ἐσχηκέναι
1535 427 1723 498 σαφῶς
1750 443 1866 497 παρ

2034 431 2142 479 ιιθε
2196 419 2502 485 naturales,
2536 426 2593 474 et
2646 415 2768 472 duae
2817 418 3102 475 naturales
3148 419 3489 486 voluntates,
3530 428 3585 475 et

300 511 652 605 εστήσαμεν,
705 529 807 583 οὑκ
862 526 1031 596 ἀλλης
1071 523 1447 584 ὑποστάσεως.
1494 520 1607 573 Καὶ
1659 519 1768 590 γὰρ
1791 518 1851 571 τᾶ

2031 516 2384 587 perationes,
2412 513 2532 583 ejus
2567 511 2806 576 scilicet,
2840 512 2938 582 qui
2982 519 3067 567 est
3104 526 3211 566 una
3261 511 3582 583 hypostasis

314 600 623 696 δεχομένων
653 621 824 686 ἐστὶν,
845 614 889 674 ὦ
911 610 1079 683 οὗτοι,
1124 615 1254 686 μίαν
1286 612 1585 667 ὑπόστασιν
1607 609 1865 680 διαφόρου

2036 622 2069 660 x
2108 612 2302 661 sancta
2345 602 2639 669 Trinitate,
2668 616 2832 672 quem
2863 610 3052 671 aperte
3094 600 3453 671 probavimus
3485 600 3585 655 ha-

318 687 462 786 ἕχειν
480 713 788 782 ένεργείας,
814 712 910 764 καὶ
940 709 1122 780 μένειν
1146 708 1239 761 ἐπὶ
1266 705 1368 774 τῆς
1392 704 1596 774 ἑαυτῆς
1647 701 1869 771 μονάδος

2033 708 2133 748 ere
2176 692 2316 748 duas
2346 701 2597 757 naturas,
2631 705 2745 745 non
2798 688 2944 744 alius
2981 698 3036 743 et
3077 688 3223 743 alius
3264 687 3584 758 hypostasis

320 779 550 873 ἧσπερ,
573 779 1097 874 παραδειγματικῶς
1119 799 1314 861 εἰπεῖν,
1343 796 1614 866 βλέπομεν
1634 793 1726 846 τὸν
1748 791 1866 847 Παῦ

2033 782 2119 838 ive
2145 797 2416 853 personae.
2460 780 2744 850 Siquidem
2781 779 3051 849 possibile
3074 786 3183 847 est,
3215 794 3378 834 unam
3410 782 3583 851 hypo-

316 898 409 950 λον
458 871 758 964 δυνάμενον
807 891 965 961 όρᾷν,
1018 889 1115 941 καὶ
1171 886 1418 947 ἀκούειν,
1454 884 1548 938 καὶ
1575 883 1780 943 λαλεῖν,
1805 898 1867 933 κα

2034 872 2197 927 tasim
2223 873 2425 928 habere
2457 872 2708 927 diversas
2746 871 3105 941 operationcs
3126 912 3141 937 ,
3184 878 3238 924 et
3269 886 3493 927 manere
3530 871 3584 925 in

317 959 752 1055 διαλογίζεσθαι·
777 985 810 1052 ἡ
842 959 1055 1052 ὅρασις,
1107 978 1203 1032 καὶ
1235 980 1269 1049 ἡ
1291 976 1451 1047 ἀκοὴ,
1514 977 1608 1033 καὶ
1630 975 1675 1044 ,ἡ
1719 971 1868 1027 λαλιὰ

2036 977 2105 1017 ua
2137 963 2370 1017 unitate.
2422 959 2767 1031 Utfexempli
2795 975 2965 1016 causa
3006 961 3283 1027 dicamus,
3328 961 3587 1017 videmus

319 1079 416 1133 καὶ
444 1051 889 1143 ὁνδιαλογισμὺς,
935 1070 1189 1140 διάφοροί
1236 1070 1378 1121 εἰσιν
1429 1066 1749 1135 ἐνέργειαι,
1806 1080 1870 1116 κα

2039 1054 2236 1108 ’aulum
2269 1060 2548 1124 potentem
2591 1051 2800 1119 videre,
2851 1061 2906 1108 et
2959 1053 3176 1122 audire,
3221 1069 3286 1109 ac
3323 1053 3495 1126 loqui,
3536 1065 3590 1111 et

220 1230 223 1234 ς
320 1170 523 1223 τούτων
539 1166 745 1237 ἑκάστη
770 1164 905 1233 ἄλλη
929 1162 1078 1231 παρὰ
1102 1161 1201 1231 τὴν
1229 1158 1427 1229 ἑτέραν
1448 1174 1460 1186 ·
1494 1156 1608 1210 ἀλλ’
1633 1156 1662 1207 ό
1689 1156 1771 1208 Πα

2045 1146 2327 1216 isputare;
2356 1145 2518 1210 visio,
2552 1145 2782 1209 auditio,
2812 1145 3041 1212 locutio,
3080 1151 3135 1201 et
3164 1144 3475 1216 disputatio
3506 1147 3590 1202 di-

324 1258 427 1330 μία
457 1254 619 1312 ἐστὶν
641 1257 964 1319 ὑπόστασις,
987 1250 1197 1312 ταύτας
1229 1248 1367 1318 ἔχων
1401 1247 1531 1309 ὅλας
1564 1246 1665 1308 τὰς
1703 1244 1873 1297 τέσσα

2040 1251 2181 1292 θτεω
2209 1237 2566 1307 operationes
2599 1245 2760 1302 sunt;
2793 1245 2848 1292 et
2882 1253 3228 1309 unaquaeque
3258 1238 3452 1295 harum
3481 1240 3588 1295 alia

328 1328 724 1420 ραςδνεργείας
749 1363 764 1379 ο
802 1345 913 1398 ἀλλ’
942 1342 1209 1414 ὀφθαλμῷ
1243 1342 1341 1412 μὲν
1372 1340 1495 1409 όρᾷ,
1527 1338 1619 1391 καὶ
1644 1336 1746 1390 οὑκ
1762 1336 1874 1391 ἀλλ(

2039 1337 2090 1383 st
2122 1336 2323 1398 praeter
2357 1329 2550 1395 aliam,
2601 1339 2655 1385 et
2693 1328 2902 1384 Paulus
2954 1345 3066 1384 una
3114 1338 3200 1386 est
3251 1331 3587 1403 hypostasis,

323 1446 432 1497 τῶν
465 1441 558 1496 τοῦ
599 1440 851 1511 σώματος
902 1436 1113 1508 μελῶνο
1150 1433 1340 1488 ἀκούει
1374 1431 1431 1484 δὲ
1461 1430 1540 1501 τῷ
1589 1429 1755 1499 ὼτίῳ,
1812 1446 1874 1479 κα

2049 1436 2131 1475 uae
2161 1421 2324 1476 habet
2340 1428 2485 1478 totas
2514 1428 2756 1490 quatuor
2788 1420 3182 1491 operationes;
3213 1438 3402 1479 verum
3425 1425 3591 1480 oculo

324 1535 426 1586 οὑκ
452 1532 619 1602 ἄλλῳ,
645 1530 742 1583 καὶ
764 1532 831 1600 τῇ
854 1526 1073 1597 γλώττῃ
1097 1525 1270 1589 λαλεῖ,
1299 1526 1396 1576 καὶ
1414 1522 1517 1575 οὑκ
1540 1521 1685 1591 ἄλλῳ
1711 1520 1875 1590 μορίῳ

2038 1516 2177 1580 idet,
2207 1524 2395 1572 etnon
2429 1517 2534 1571 alia
2578 1527 2732 1587 parte
2773 1518 3058 1587 corporis,
3098 1518 3252 1603 audit
3291 1534 3449 1585 aure,
3480 1536 3589 1575 non

327 1625 422 1678 καὶ
448 1622 811 1690 διαλογίζεται
837 1619 915 1673 τῶ
949 1616 1052 1682 νοῒ,
1081 1618 1178 1671 καὶ
1207 1616 1309 1669 οὑκ
1357 1614 1505 1682 ἄλλῳ
1526 1613 1633 1666 τινί
1654 1630 1667 1643 ο
1701 1610 1878 1665 ἑκάστ-

2044 1607 2116 1661 lio
2139 1606 2412 1674 membro,
2454 1615 2510 1663 et
2536 1607 2723 1677 lingua
2756 1608 3024 1678 loquitur,
3066 1616 3254 1665 etnon
3287 1609 3393 1665 alia
3422 1612 3592 1678 parti-

326 1716 384 1768 6‘3
413 1714 520 1767 τῶν
559 1708 939 1765 ὑποστατικῶν
997 1705 1295 1777 ἐνεργειῶν
1326 1704 1443 1775 ἔχει
1479 1703 1724 1773 φυσικὴν
1753 1702 1810 1753 ὲν
1837 1704 1877 1752 τί

2045 1697 2156 1762 ula,
2188 1706 2243 1752 et
2274 1706 2459 1752 mente
2508 1698 2920 1763 ratiocinatur,
2955 1710 3011 1754 et
3044 1715 3151 1756 non
3197 1701 3308 1756 alio
3352 1702 3540 1772 aliquo
3576 1720 3590 1756 :

328 1762 928 1870 ὑῷατάσ-ειηδύναμιν,
983 1762 1117 1868 ὕλην
1139 1762 1535 1864 ¹ὑποκειμένην
1570 1792 1648 1862 τῷ
1676 1762 1878 1860 ἐνεργή

2046 1801 2358 1856 ιηοᾳιιωίιυε
2387 1795 2570 1842 autem
2594 1762 2976 1857 operationum
2997 1762 3472 1861 hypustaticarum
3498 1794 3597 1848 ha-

333 1914 487 1968 ματι,
513 1897 648 1965 ὅπερ
680 1896 713 1965 ἡ
752 1893 1054 1954 ὑπόστασις
1107 1890 1344 1958 ἐνεργεῖ,
1381 1886 1478 1939 καί¹
1507 1883 1627 1937 ἔστι
1656 1882 1717 1935 τὸ
1748 1884 1884 1950 ὲνερ·

2137 1878 2446 1933 naturalem
2499 1880 2554 1933 in
2613 1879 2897 1951 hypostasi
2953 1883 3255 1950 potentiam
3304 1885 3594 1942 materiam
3659 1951 3664 1956 η

232 2006 243 2017 ί
328 1967 593 2057 γούμενον
620 1985 751 2037 ἴδιον
774 1984 874 2053 τῆς
919 1981 1295 2042 ὑποστάσεως.
1336 1978 1432 2029 Ὃν
1466 1975 1667 2045 τρόπον
1694 1974 1780 2026 Ila.

2049 1967 2322 2038 ubjectam
2369 1968 2617 2036 eﬁ‘ectui,
2658 1985 2822 2041 quem
2864 1971 3182 2043 hypostasis
3228 1984 3508 2045 operatur,
3543 1986 3598 2032 et

334 2080 629 2139 ὑπόστασις
656 2074 754 2140 ὢν,
782 2072 1013 2142 δύναμιν
1030 2071 1146 2140 ἔχει
1168 2072 1235 2139 τῇ
1261 2064 1459 2121 ἑαυτοῦ
1482 2062 1676 2134 γνώμῃ
1702 2062 1885 2115 λαλεῖν

2045 2066 2100 2114 ει
2159 2061 2306 2131 quod
2364 2061 2637 2129 edicitur,
2695 2063 2984 2135 proprium
3031 2065 3378 2137 hypostasis.
3440 2067 3596 2124 Sicut

331 2171 407 2229 ὡς
427 2168 643 2239 ἔχουσιν
673 2167 722 2218 οἱ
745 2164 948 2226 πάντες
1003 2162 1304 2232 ἄνθρωποι.
1367 2160 1429 2212 Οἱ
1493 2158 1678 2226 μέντοι
1736 2153 1882 2221 λόγοι

2089 2150 2242 2220 ιυιιιε,
2282 2153 2375 2222 qui
2421 2161 2508 2210 est
2559 2155 2897 2226 hypostasis,
2945 2160 3248 2227 potentiam
3306 2160 3471 2216 habet
3513 2163 3596 2216 lo-
3634 2166 3640 2171 '

331 2259 660 2323 οὓςῘΙαὺ).ος
712 2257 885 2319 λαλεῖ,
928 2253 1046 2309 καθ’
1081 2252 1139 2306 ὃν
1192 2252 1492 2321 φθέγγεται
1550 2246 1763 2318 καιρὸν,
1817 2247 1882 2297 το⁴

2045 2244 2221 2312 [uendi
2272 2260 2373 2301 sua
2405 2247 2702 2313 voluntate,
2753 2250 2920 2306 sicuti
2960 2252 3384 2309 habentomnes
3417 2255 3596 2310 homi—

334 2352 547 2406 Παύλου
609 2351 749 2403 εἰσὶν
798 2349 943 2402 ἴδιοι.
968 2345 1122 2400 Οὑτω
1167 2343 1346 2397 τοίνυν
1378 2341 1453 2413 μὴ
1477 2336 1885 2409 ἀπαγορευτέον

2045 2350 2138 2391 nes.
2173 2334 2469 2393 Sermones
2521 2348 2704 2396 tamen
2762 2357 2903 2412 quos
2949 2342 3154 2399 Paulus
3185 2345 3454 2416 loquitur,
3489 2363 3596 2417 quo

335 2447 425 2500 τὸν
454 2447 627 2500 ἀΐδιον
654 2438 809 2509 Υἱδν,
832 2442 925 2495 τὸν
956 2443 1020 2494 ὲκ
1042 2439 1139 2509 τῆς
1169 2435 1396 2506 Τριάδυς
1438 2433 1655 2488 ἅπαντα
1685 2431 1886 2483 ὑπόστα

2047 2438 2268 2494 empore
2325 2429 2592 2499 loquitur,
2640 2433 2850 2504 proprii
2898 2445 3029 2491 sunt
3082 2437 3258 2493 Pauli.
3297 2438 3388 2494 Sic
3431 2440 3598 2513 igitur

339 2556 442 2605 σιν,
474 2537 618 2608 ἔχειν
666 2535 805 2605 μετὰ
859 2534 960 2604 τὴν
1021 2528 1218 2585 ἑαυτοῦ
1256 2524 1693 2598 ὲνανθρώπησιν,
1719 2523 1819 2591 τήν
1851 2537 1890 2574 τι

2048 2527 2133 2566 non
2168 2523 2253 2570 est
2291 2518 2623 2587 negandum,
2664 2528 2933 2578 aeternum
2974 2523 3171 2581 Filium
3212 2528 3390 2583 totum
3421 2530 3599 2603 hypo—

338 2606 718 2696 θείανηφύσιν,
768 2622 1135 2691 ὼςόΠατὴρ,
1191 2619 1288 2672 καὶ
1343 2617 1404 2670 τὸ
1463 2613 1618 2684 ἅγιον
1664 2609 1889 2682 Πνεῦμα

2113 2606 2215 2666 sine
2261 2622 2328 2663 ex
2375 2607 2667 2679 Trinitate,
2728 2614 2934 2672 habere
2979 2628 3107 2687 post
3158 2620 3597 2678 incarnationem
3660 2678 3664 2683 ,

341 2723 433 2776 καὶ
462 2721 559 2791 τὴν
609 2716 962 2789 ἀνθρωπίνην
1019 2714 1213 2781 φύσιν,
1277 2708 1469 2778 ὥσπερ
1519 2698 1750 2770 ἕκαστος
1804 2704 1892 2759 τῶε

2048 2708 2279 2755 laturam
2328 2702 2593 2771 divinam,
2631 2706 2797 2761 sicuti
2838 2723 2983 2765 unus
3034 2708 3217 2776 Pater,
3260 2719 3316 2766 et
3355 2711 3599 2783 Spiritus

342 2813 484 2867 κατὰ
535 2811 702 2882 μέρος
760 2807 1099 2878 ἀνθρώπων,
1150 2802 1270 2857 καθ’
1314 2801 1375 2855 ὃν
1434 2800 1759 2871 προέφημεν
1788 2796 1893 2869 τρό¹

2052 2799 2285 2860 anctus;
2316 2801 2372 2850 et
2397 2803 2650 2851 naturam
2684 2798 3001 2867 humanam,
3029 2802 3194 2858 sicuti
3218 2809 3601 2879 unusquisque

343 2921 464 2958 nov.
2024 2885 2187 2940 homo
2214 2886 2594 2955 particularis,
2631 2891 2772 2946 sicut
2799 2900 2928 2947 ante
2954 2893 3218 2951 diximus.

412 2994 631 3059 Τούτων
676 2991 848 3054 οὑτως
920 2990 1185 3061 ἐχόντων,
1241 2986 1487 3055 πέφυκεν
1536 2981 1914 3052 εἰλικρινεῖ)ςὴ

2095 2979 2225 3037 Haec
2257 2998 2383 3037 cum
2429 2985 2512 3039 sic
2537 2984 2671 3052 sint,
2715 2986 2885 3044 habet
2933 2988 3119 3045 divina
3158 3000 3360 3048 natura
3401 2993 3457 3049 in
3497 3009 3601 3059 av-

344 3086 465 3139 θεία
499 3084 683 3154 φύσις,
718 3084 775 3135 ἐν
801 3084 867 3153 τῇ
899 3079 1064 3135 αὑτοῦ
1094 3078 1411 3140 ὑποστάσει,
1444 3076 1545 3146 ὑλη
1574 3077 1685 3139 τοῖς
1718 3072 1895 3127 ἑαυτοὶ

2079 3071 2231 3128 ιειαεί
2272 3071 2419 3138 Filii,
2472 3083 2533 3129 ut
2579 3077 2653 3131 sit
2693 3082 2925 3134 materia
2980 3081 3186 3139 divinis
3238 3084 3359 3155 ejus
3412 3078 3630 3145 oneri-3

345 3176 513 3239 θείοις
564 3175 767 3245 ἔργοις,
799 3172 835 3227 ἃ
861 3171 1005 3226 κατά
1045 3170 1142 3241 τὴν
1166 3168 1578 3241 ὲνανθρώπησιν
1613 3163 1800 3232 αὑτοῦ,
1823 3181 1896 3218 κα

2047 3181 2125 3219 ius
2148 3165 2298 3236 (41),
2334 3182 2456 3236 quae
2511 3171 2818 3226 secundum
2856 3188 3014 3229 suam
3056 3175 3461 3233 humanitatem
3505 3195 3598 3236 as—

342 3271 439 3324 ὲπὶ
483 3271 588 3338 γῆς
644 3266 1005 3338 ἀναστροφὴν*
1048 3265 1365 3336 εἰργάσατο.
1412 3258 1653 3331 Ἀληθῶς
1677 3260 1735 3314 δὲ
1768 3258 1893 3312 καὶτ

2045 3261 2318 3322 sumptam,
2361 3268 2416 3310 et
2467 3259 2771 3314 secundum
2820 3265 3302 3321 conversationem
3349 3267 3407 3322 in
3448 3274 3596 3324 terra

344 3359 662 3433 ἀνθρωπίνη
691 3357 851 3428 φύσις
883 3356 1059 3410 ἔνεστι
1087 3359 1155 3428 τῇ
1187 3354 1283 3408 τοῦ
1311 3353 1485 3407 ἀϊδίου
1527 3351 1658 3405 Υἱοῦ
1683 3348 1895 3404 ὑποστά

2151 3357 2280 3402 'atus
2311 3354 2417 3402 est.
2459 3347 2599 3403 Vere
2639 3351 2792 3405 enim
2830 3360 2885 3407 et
2938 3364 3136 3411 natura
3164 3357 3405 3415 humana
3453 3361 3601 3416 inest

347 3471 453 3517 σει,
482 3451 582 3523 ὕλη
632 3451 745 3512 τοῖς
786 3448 986 3502 ἑαυτοῦ
1012 3444 1376 3518 ἀνθρωπίνοις
1397 3443 1604 3514 ἔργοις,
1633 3441 1670 3496 ἃ
1689 3443 1802 3503 τοῖς
1829 3441 1898 3494 ἀν

2047 3454 2080 3492 ιι
2130 3438 2411 3510 hypostasi
2462 3441 2653 3495 aeterni
2701 3441 2827 3497 Filii
2881 3448 3119 3501 materia
3173 3450 3291 3506 suis
3335 3454 3598 3521 operibus

346 3548 586 3619 θρώποις
616 3541 1196 3613 συναναστρεφόμενος
1241 3537 1566 3607 πεποίηκεν,
1623 3534 1719 3588 καὶ
1773 3531 1897 3586 ἐστιε

2050 3530 2303 3595 Iumanis,
2342 3547 2464 3602 quae
2496 3547 2621 3588 cum
2673 3533 2989 3594 hominibus
3032 3552 3229 3608 agens,
3271 3550 3327 3597 et
3365 3543 3421 3597 in
3453 3552 3601 3599 terra

345 3638 510 3693 αὑτοῦ
559 3637 666 3690 ἴδια
707 3634 865 3707 παρά
910 3633 1120 3695 πάντας
1174 3629 1521 3699 ἀνθρώπους.
1557 3627 1615 3680 '0
1658 3625 1820 3688 αὑτὸς
1866 3625 1895 3679 δ

2050 3636 2255 3679 νενεαηε
2294 3621 2444 3689 fecit,
2477 3633 2533 3680 et
2576 3635 2707 3681 sunt
2744 3625 2866 3697 ejus
2905 3633 3129 3700 propria
3169 3640 3370 3702 praeter
3406 3649 3601 3691 omnes

345 3733 501 3801 λόγος
538 3730 687 3783 ἐστὶν
740 3728 836 3782 καὶ
870 3727 966 3779 ἐπὶ
994 3726 1107 3788 τοῖς
1134 3723 1287 3777 δυσὶν
1318 3719 1483 3776 αὑτοῦ
1508 3719 1758 3788 φυσικοῖς
1781 3715 1895 3773 ίδιὼ

2054 3713 2294 3769 nomines.
2324 3712 2526 3770 Eadem
2561 3716 2706 3772 ratio
2737 3725 2823 3774 est
2860 3727 2918 3774 et
2950 3721 3005 3775 in
3036 3722 3250 3780 duabus
3283 3725 3407 3795 ejus
3440 3735 3605 3781 natu-

348 3822 517 3895 μασίν
542 3837 601 3872 τε
634 3818 730 3872 καὶ
769 3818 1091 3888 θελήμασιν.

2025 3804 2232 3859 ralibus
2262 3807 2689 3876 proprietatibus
2740 3821 2795 3866 et
2821 3813 3218 3872 voluntatibus.

431 3912 754 3979 Ἀναγκαῖον
782 3910 841 3963 δὲ
873 3908 970 3963 καὶ
1029 3906 1188 3962 τοῦτο
1221 3906 1296 3976 μὴ
1335 3904 1549 3975 ἀσαφὲς
1603 3901 1925 3957 καταλιπεῖν

2094 3897 2482 3955 Necessarium
2532 3909 2799 3969 praeterea
2839 3915 2923 3960 est
2974 3922 3085 3963 non
3130 3910 3448 3981 relinquere
3499 3915 3605 3971 hoc

345 4005 427 4079 τῷ
478 4003 859 4074 ἐντυγχάνοντι
887 4000 1024 4069 τῷδε
1071 3998 1150 4069 τῷ
1178 3997 1434 4069 ἡμετέρῳ
1479 3995 1785 4066 γράμματι,
1844 3994 1896 4046 ὅτ

2053 3991 2218 4045 ectori
2252 3992 2370 4047 sine
2399 3992 2788 4061 explicatione,
2827 3997 2974 4067 quod
3007 4013 3130 4053 cum
3165 4001 3405 4059 dicimus
3440 4014 3604 4062 aeter-

344 4099 442 4150 τὸν
471 4096 640 4150 ἀΐδιον
672 4093 798 4147 Υίὸν
828 4091 1112 4160 ἄνθρωπον
1138 4089 1391 4158 λέγοντες
1421 4085 1772 4155 γεγενῆσθαι,
1804 4083 1895 4137 τοῦ

2051 4095 2157 4134 ium
2186 4080 2384 4135 Filium
2414 4080 2619 4138 factum
2654 4100 2779 4141 esse
2827 4086 3106 4142 hominem
3130 4130 3146 4155 ,
3200 4090 3306 4146 hoc
3342 4094 3602 4163 dicimus,

347 4189 409 4241 τό
442 4204 642 4259 φαμεν,
683 4187 820 4256 ὅπερ
853 4182 1173 4245 Ἀθανάσιός
1203 4199 1263 4235 τε
1298 4181 1392 4235 καὶ
1439 4178 1728 4248 Κύριλλος,
1753 4177 1803 4229 οἱ
1828 4174 1894 4244 τῆ

2059 4172 2173 4240 ςυοά
2231 4172 2569 4231 Athanasius
2616 4185 2673 4232 et
2726 4177 2966 4250 Cyrillus
3009 4179 3367 4239 Alexandrini
3427 4188 3610 4243 archi-

360 4274 775 4344 ’Λλεξανδρείας
832 4272 1123 4344 εἰρήκασιν
1184 4271 1462 4341 ίεράρχαι,
1517 4269 1611 4321 καὶ
1648 4267 1848 4328 πάντες
1876 4268 1911 4318 οἱ

2054 4266 2296 4336 τνίεοορί,
2346 4278 2401 4323 et
2433 4284 2626 4325 omnes
2675 4272 2854 4326 sancti
2892 4270 3088 4328 Patres
3144 4273 3426 4341 dixerunt,
3480 4293 3605 4334 cum

347 4368 601 4437 θεοφόροι
630 4365 895 4437 Πατέρες,
918 4364 1001 4418 ὅτι
1046 4363 1239 4426 κτίσας
1262 4366 1327 4416 ὲκ
1343 4362 1441 4431 τῆς
1485 4358 1764 4429 Παρθένου
1790 4372 1898 4411 παν

2057 4360 2323 4414 abricavit
2354 4362 2457 4417 sibi
2488 4379 2555 4417 ex
2586 4363 2889 4434 purissima
2936 4364 3163 4436 Virgine
3189 4365 3365 4423 Maria
3396 4373 3608 4426 anima-

349 4459 518 4525 άγνου
567 4457 792 4527 Μαρίας
816 4454 996 4525 ἐαυτῷ
1018 4453 1404 4524 ὲψυχωμένην,
1435 4451 1663 4521 λογικήν
1716 4467 1777 4503 τε
1829 4453 1900 4503 κα

2052 4466 2141 4504 um
2176 4459 2232 4506 et
2273 4454 2713 4521 ratiocinantem,
2756 4472 2822 4512 ac
2856 4457 3256 4528 intelligentem
3304 4460 3603 4516 humanam

350 4550 505 4621 ἱερὰν
518 4548 718 4619 ψυχὴν,
746 4548 881 4601 ἰδίαν
904 4548 1001 4618 τῆς
1023 4546 1220 4601 ἑαυτοῦ
1238 4545 1591 4607 ὑποστάσεως
1610 4543 1901 4613 ἐποιήσατο

2056 4557 2282 4611 :arnem,
2340 4546 2507 4600 etiam
2556 4547 2854 4603 humanam
2911 4549 3309 4622 intelligentem
3364 4555 3607 4610 animam

290 4664 305 4673 -
343 4640 421 4702 ὡς
457 4640 491 4708 ἡ
520 4637 614 4691 τοῦ
646 4637 817 4700 δεῖνος
871 4636 1008 4706 σάρξ
1027 4653 1086 4688 τε
1122 4637 1218 4689 καὶ
1259 4634 1426 4705 ψυχὴ,
1457 4634 1557 4704 τῆς
1615 4632 1841 4705 τοῦοδεῖε

2056 4634 2308 4704 propriam
2364 4653 2479 4692 sua:
2535 4639 2848 4710 hyposlasis
2899 4640 3057 4710 fecit,
3113 4644 3278 4700 sicuti
3317 4644 3607 4716 cujusdam

346 4732 699 4793 ὑποστάσεως
729 4730 833 4782 ίδία
856 4729 1216 4800 καθέστηκεν.
1245 4731 1343 4781 Ὃν
1365 4725 1459 4782 οὖν
1478 4726 1680 4796 τρόπον
1709 4724 1897 4779 ὀδεῖνα

2061 4742 2160 4780 aro
2208 4735 2262 4781 et
2312 4727 2493 4782 anima
2520 4729 2809 4798 cujusdam
2856 4731 3173 4803 hypostasis
3196 4735 3313 4790 sive
3354 4751 3607 4806 personae

345 4828 373 4877 ὁ
406 4825 565 4895 σῶμα
624 4821 966 4894 ἀνθρώπινον
1024 4821 1163 4890 ἔχων
1190 4820 1285 4873 καὶ⁵
1322 4819 1504 4889 ψυχὴν
1548 4816 1896 4889 ἀνθρωπίνην

2059 4820 2249 4890 r0pria
2298 4828 2403 4874 est.
2452 4820 2610 4876 Sicut
2660 4823 2831 4892 igitur
2867 4825 3121 4895 quidam,
3170 4828 3280 4897 qui.
3310 4844 3509 4898 corpus
3552 4838 3610 4884 ct

343 4913 630 4984 ἄνθρωπός
659 4915 809 4974 ἐστιν
830 4929 844 4942 °
869 4912 960 4965 τὸν
982 4912 1145 4965 αὑτὸν
1165 4911 1410 4982 τρόπονὸ
1436 4909 1608 4972 ἀΐδιος
1634 4908 1783 4974 Υἱὸς,
1813 4909 1894 4962 κτί

2052 4910 2269 4963 mimam
2300 4909 2463 4980 377
2508 4911 2691 4975 habet,
2741 4913 2908 4969 homo
2946 4924 3053 4981 cst,
3099 4915 3166 4971 ad
3197 4919 3449 4974 eumdem
3481 4934 3603 4974 mo-

346 5024 444 5069 ca;
467 5010 531 5077 τῇ
560 5005 754 5059 ἑαυτοῦ
777 5007 1081 5059 ὑποστάσει
1110 5004 1273 5075 σῶμα
1292 5003 1665 5074 ἀνθρώπινον,
1693 5002 1790 5055 καὶ
1814 5001 1888 5071 ψυ

2058 5008 2158 5057 tum
2185 5009 2429 5057 aeternus
2461 5002 2659 5070 Filius,
2698 5002 3007 5062 fabricatus
3028 5008 3133 5062 sibi
3179 5023 3382 5076 corpus
3413 5008 3609 5063 Imma-=-

341 5097 443 5169 χὴν
471 5097 850 5167 ἀνθρωπίνην,
881 5100 976 5149 καὶ
1002 5097 1112 5150 ῐδια
1133 5095 1299 5149 αὑτοῦ
1326 5095 1494 5166 ἄμφω
1522 5093 1892 5164 ποιησάμενος

2056 5112 2181 5159 lum,
2224 5102 2279 5149 et
2315 5095 2554 5148 animam
2588 5094 2912 5160 humanam,
2944 5108 2998 5153 et
3043 5099 3207 5154 ambo
3246 5100 3470 5171 propria
3502 5101 3607 5154 sibi

341 5190 563 5258 γιέγονεν
599 5188 814 5263 άληθῶς
871 5188 1179 5260 ἄνθρωπος.
1204 5188 1377 5240 Ὤσπε
1387 5205 1419 5258 ρ
1438 5187 1495 5240 δὲ
1520 5186 1581 5240 τὸ
1607 5186 1702 5252 τοῦ
1750 5186 1892 5240 δεῖνο

2055 5189 2253 5252 sciens,
2292 5187 2474 5241 factus
2504 5193 2592 5241 est
2622 5202 2750 5242 vero
2792 5187 2981 5245 homo.
3014 5188 3170 5245 Sicut
3210 5191 3606 5278 igiturcorpus

342 5286 497 5353 σῶμα
531 5284 627 5334 καὶ
651 5283 685 5351 ἡ
714 5280 863 5353 ψυχὴ
914 5280 1203 5351 ἀμφότερα
1232 5280 1333 5349 τῆς
1349 5277 1545 5332 ἑαυτοῦ
1574 5277 1893 5331 ὑποστάσεω

2063 5277 2287 5330 tanima
2320 5275 2604 5346 cujusdam
2636 5286 2867 5347 utraque
2913 5286 3042 5333 sunt
3077 5282 3303 5350 propria
3344 5275 3458 5334 sua:
3492 5291 3614 5349 per-

1847 5426 2078 5483 NOTIE.

412 5522 522 5589 (ὧι)
565 5520 744 5577 Schol.
771 5522 932 5576 Turr.
967 5520 1122 5575 Sicut
1145 5522 1391 5591 potentia
1409 5528 1494 5578 est
1518 5519 1765 5592 subjecta
1797 5520 1917 5576 suis
2029 5520 2310 5592 hypostasi
2347 5492 2532 5575 divina
2569 5523 2816 5591 subjecta
2862 5523 3284 5592 operationibus
3322 5522 3603 5581 humanis.

340 5586 755 5662 operationibus
798 5595 851 5645 in
890 5586 1172 5662 hypostas'i
1226 5592 1489 5653 humana,
1538 5591 1619 5643 sic
1658 5590 1711 5643 in
1747 5591 1919 5660 hypo-
2030 5586 2241 5644 Dicitur
2267 5598 2463 5645 natura
2480 5586 2684 5646 divina
2719 5586 2970 5654 materia,
3006 5594 3057 5647 id
3087 5601 3192 5654 est,
3226 5586 3403 5647 instar
3432 5605 3605 5649 mate-

340 5662 474 5733 stus't
503 5662 691 5733 divina
717 5660 840 5714 Filii
874 5660 1058 5733 divina
1096 5669 1292 5733 natura
1343 5662 1592 5729 subjecta
1620 5670 1738 5733 erat
1771 5663 1914 5733 divi-
2027 5662 2143 5726 riae,
2180 5671 2234 5715 et
2277 5662 2511 5730 subjecti
2549 5662 2849 5733 secundum
2886 5663 3107 5717 modum
3143 5663 3603 5733 apprclicnsionis

341 5730 428 5787 nis
458 5732 874 5800 operationibus
906 5749 919 5784 :
954 5729 1192 5783 lnnnai‘fa
1229 5746 1361 5785 vero
1399 5740 1596 5785 natura
1630 5730 1682 5782 in
1716 5729 1906 5785 eadem
2023 5742 2246 5797 nostrae,
2282 5740 2342 5785 ut
2370 5729 2594 5788 Sanctus
2624 5731 2823 5788 Thozn.
2858 5733 3001 5804 loqui
3040 5729 3199 5788 sole".

665 5821 938 5882 PATnOL.
989 5823 1108 5885 Gn.
1155 5823 1391 5883 XCV“.
3206 5828 3283 5891 [ιδ
