3928 6130
314 356 320 359 ν
381 308 517 377 Ῑῦἱῦ

1609 305 2003 369 THEODORI
2031 305 2402 367 ABUCARJE

3510 302 3643 371 1516

378 441 547 491 some,
577 434 635 481 et
683 440 794 480 non
829 427 967 481 alius
1009 426 1266 481 humana:
1308 442 1561 497 personae
1590 428 1697 501 [sic
1723 443 1949 500 corpus,

2080 426 2185 491 δια,
2208 425 2308 480 οὐκ
2334 424 2503 496 ἄλλης
2523 424 2630 478 τῶν
2654 423 3011 494 ἀνθρωπίνων
3026 422 3389 479 ὑποστάσεων
3411 435 3427 452 ⁸
3452 422 3641 478 τούτου

376 529 431 573 et
458 519 643 574 anima
664 518 853 573 aeterni
883 516 1033 581 Filii,
1072 516 1238 571 ambo
1269 527 1401 574 sunt
1439 521 1663 592 propria
1707 534 1824 576 suae
1858 520 1956 591 hy-

380 610 638 679 postasis,
659 617 715 665 et
734 624 843 664 non
861 608 1004 663 alius
1017 608 1384 665 humanarum
1403 612 1772 683 hypostaseon
1792 609 1954 683 (42)],

379 700 482 755 hac
521 699 588 753 de
616 714 784 753 causa
826 697 1066 753 dicimus
1095 707 1364 756 aeternum
1409 701 1609 756 Filium
1649 718 1817 757 unam
1855 703 1957 773 hy-

383 791 644 861 posmsim
690 806 757 845 ex
788 788 1085 856 Trinitate,
1119 792 1322 848 habere
1365 794 1503 850 duas
1543 803 1793 859 naturas,
1841 808 1953 847 non

382 890 644 951 utrasque
685 881 892 945 ἱδικῶς.
926 883 978 937 id
1010 890 1124 946 est,
1161 885 1478 953 specialiter
1510 887 1626 941 sive
1653 885 1955 955 particula-

383 976 516 1028 riter
551 975 835 1043 hypostasi
872 975 1048 1044 ipsius
1079 974 1436 1042 differentes;
1493 977 1589 1032 sed
1622 976 1808 1031 divina
1839 976 1961 1045 qui-

383 1067 507 1121 dem
540 1076 737 1120 natura
764 1068 942 1137 ipsius
961 1074 1016 1121 et
1044 1066 1244 1130 Patris,
1269 1075 1323 1122 et
1351 1068 1592 1138 Spiritus
1619 1068 1799 1122 sancti
1819 1074 1962 1127 erat,

382 1158 619 1210 humana
664 1172 794 1212 vero
845 1157 1127 1227 ipsius-et
1174 1158 1479 1212 hominum.
1525 1157 1851 1228 Hypostasis
1882 1164 1965 1210 ta-

382 1264 508 1301 men
546 1248 668 1317 ejus
715 1248 1111 1319 διαφερόντως,
1156 1249 1209 1303 id
1254 1257 1339 1304 est
1380 1251 1658 1319 praecipue
1708 1249 1816 1318 ipsi
1859 1247 1963 1302 soli

386 1347 583 1407 praeter
615 1338 831 1394 Patrem
874 1347 929 1393 et
973 1337 1243 1409 Spiritum
1290 1347 1566 1405 sanctum,
1608 1339 1876 1395 distincta
1911 1347 1967 1391 et

2061 516 2127 585 δὴ
2160 518 2320 588 χάριν
2350 547 2354 555 ε
2380 515 2474 570 τὸν
2527 515 2698 570 ἀΐδιον
2727 514 2856 568 Υίόν
2880 532 3062 585 φαμεν
3087 515 3180 569 τὸν
3200 516 3267 569 ὲκ
3290 515 3394 586 τῆς
3414 515 3645 587 Τριάδος

2062 610 2192 662 ὄντα
2227 608 2354 678 μίαν
2380 606 2699 675 ὑπόστασιν,
2760 606 2855 661 δύο
2889 606 3083 674 φύσεις
3113 605 3283 678 ἔχειν,
3331 606 3435 660 οὐκ
3464 607 3644 669 ίδικώς

2063 699 2331 770 ἑκατέρας
2376 701 2442 768 τῇ
2481 698 2648 752 αὑτοῦ
2704 698 3004 751 ὑποστάσει
3055 697 3457 767 διαφερούσας,
3510 698 3646 749 ἀλλά

2059 794 2159 863 τῆς
2193 793 2291 863 μὲν
2347 791 2499 854 θείας
2551 790 2769 858 φύσεως
2828 788 2996 844 αὐτοῦ
3023 806 3106 855 τε,
3138 790 3232 843 καὶ
3286 790 3502 860 Πατρδς
3554 792 3645 842 καὶ

2063 884 2222 952 ἁγίου
2259 884 2578 954 Πνεύματος
2617 878 2718 955 ἦν’
2761 883 3083 953 ἀνθρωπίνη
3111 882 3193 950 δὲ,
3220 881 3385 955 αὑτοῦ
3442 899 3503 935 τε
3553 884 3646 935 καὶ

2063 975 2174 1027 τῶν
2213 974 2354 1028 κατά
2407 974 2574 1046 μέρος
2633 974 2962 1045 ἀνθρώπων.
3010 975 3076 1029 Ἦ
3101 975 3286 1045 μέντοι
3344 975 3643 1035 ὑπόστασις

2067 1065 2233 1119 αὑτοῦ
2259 1065 2627 1136 διαφερόντως
2670 1065 2820 1134 αὐτῷ
2881 1066 3028 1137 μόνῳ
3082 1065 3233 1137 παρά
3282 1065 3375 1119 τὸν
3422 1065 3647 1135 Πατέρα

2060 1156 2247 1210 καὶτὸ
2280 1154 2506 1224 Πνεῦμα
2543 1155 2606 1207 τὸ
2648 1155 2806 1224 ἆγιον
2852 1155 3186 1226 ἀφώρισται,
3243 1156 3338 1210 καὶ
3374 1155 3439 1208 τὸ
3492 1156 3647 1225 σῶμα

2061 1245 2226 1300 αὐτοῦ
2279 1246 2375 1297 καὶ
2400 1246 2434 1316 ὴ
2451 1245 2596 1317 ψυχὴ
2622 1245 2808 1310 ίδικῶς
2839 1247 3125 1320 ἀμφότερα
3147 1246 3250 1319 τῆς
3285 1248 3647 1310 ὑποστάσεως

2061 1336 2227 1392 αὑτοῦ
2259 1339 2415 1409 παρὰ
2440 1338 2650 1402 πάντας
2674 1339 3024 1413 ἀνθρώπους.
3496 1350 3519 1371 ⁸

386 1431 626 1485 discreta
664 1440 769 1498 est,
803 1438 857 1487 et
901 1446 1108 1502 corpus
1152 1431 1276 1502 ejus
1314 1440 1370 1486 et
1413 1432 1597 1487 anima
1645 1429 1960 1502 specialiter
1998 1439 2131 1485 sunt
2168 1429 2505 1501 hypostasis,
2548 1430 2666 1486 sive
2706 1446 2961 1502 personae
3000 1433 3123 1505 ejus
3185 1443 3386 1504 praeter
3461 1445 3649 1485 omnes

393 1524 670 1578 homines.
1649 1564 1653 1569 .

455 1598 810 1686 Qumcunquc
858 1622 1041 1669 autem
1087 1613 1356 1669 sustinuit
1382 1621 1437 1667 et
1496 1627 1662 1682 passa
1713 1618 1800 1667 est
1835 1623 1966 1665 caro

384 1708 576 1765 aeterni
605 1705 752 1774 Filii,
780 1715 836 1762 et
855 1708 1038 1760 anima
1093 1705 1216 1777 ejus
1269 1705 1536 1768 humana,
1580 1705 1700 1774 ipse
1725 1711 1968 1759 aeternus

2145 1602 2293 1656 Ὅσα
2329 1600 2389 1655 δὲ
2412 1601 2627 1674 ὑπέστη
2655 1602 2751 1658 καὶ
2798 1603 3126 1677 πέπονθενή
3157 1605 3255 1660 τοῦ
3284 1606 3462 1661 ἀϊδίου
3494 1610 3641 1681 σὰρξ,

2073 1694 2171 1748 καὶ
2215 1696 2248 1765 ἡ
2282 1694 2606 1766 ἀνθρωπίνη
2654 1695 2823 1750 αὐτοῦ
2853 1696 3003 1769 ψυχὴ
3026 1738 3041 1763 ,
3071 1698 3235 1762 αὐτὸς
3274 1700 3303 1752 ό
3328 1700 3501 1764 ἀΐδιος
3527 1701 3649 1756 Tib:

384 1800 556 1857 Filius
612 1799 708 1855 Dei
769 1798 1106 1854 sustinuisse
1142 1805 1196 1851 et
1226 1811 1429 1865 passus
1478 1810 1602 1850 esse
1634 1794 1880 1857 dicitur;
1920 1801 1974 1846 et

2080 1786 2378 1855 ὑφεστάναι
2436 1803 2499 1839 τε
2551 1785 2772 1855 λέγεται
2820 1789 2918 1843 καὶ
2964 1790 3335 1856 πεπονθέναι,
3368 1795 3465 1845 καὶ
3498 1795 3651 1866 αὑτῷ

384 1893 488 1964 ipsi
503 1906 632 1948 vere
651 1890 1062 1955 acciderunt,et
1080 1887 1181 1957 ipsi
1202 1889 1603 1952 attribuuntur,
1626 1887 1794 1942 sicuti
1822 1900 1975 1956 quaa-

383 1998 607 2053 cunque
637 1981 845 2052 patitur
887 1993 1018 2035 caro
1073 1979 1365 2049 cujusdam
1424 1986 1480 2034 et
1518 1980 1725 2044 anima,
1754 1979 1974 2034 cuidam

385 2075 665 2138 accidunt,
687 2082 742 2127 et
768 2073 872 2143 ipsi
931 2085 1061 2126 vere
1091 2072 1495 2126 attribuuntur.
1527 2070 1745 2125 Idcirco
1790 2084 1976 2126 veram

326 2179 335 2187 '
369 2166 801 2222 confessionem
871 2163 1227 2229 confitemur,
1287 2176 1414 2216 cum
1449 2161 1685 2216 dicimus
1709 2168 1976 2216 aeternum

386 2258 585 2314 Filium
610 2256 880 2320 esurisse,
910 2261 966 2309 et
1014 2254 1227 2318 sitisse,
1253 2259 1310 2309 et
1341 2251 1705 2322 defatigatum
1767 2265 1892 2307 esse
1920 2250 1977 2305 in

355 2348 610 2419 agonia,
640 2355 696 2402 et
721 2345 918 2400 faciem
971 2344 1094 2414 ejus
1128 2355 1457 2413 percussam
1494 2356 1618 2397 esse
1652 2348 1708 2396 et
1736 2354 1980 2409 conspu-

387 2450 521 2506 κοίη,
544 2446 600 2495 et
633 2437 866 2494 dorsum
902 2436 1022 2506 ejus
1053 2433 1384 2506 ﬂagellatum
1412 2447 1557 2499 esse,
1589 2438 1645 2487 et
1668 2431 1860 2487 aeterni
1887 2429 1983 2484 Fi-

386 2532 447 2588 tii
471 2545 668 2588 manus
695 2545 821 2586 esse
848 2526 1104 2584 conﬂxas
1136 2533 1193 2582 et
1228 2525 1419 2596 pedes,
1446 2532 1502 2582 et
1528 2524 1709 2595 ipsum
1735 2523 1788 2577 in
1812 2536 1979 2578 cruce

388 2639 719 2696 suspensum
751 2637 876 2679 esse
899 2660 915 2688 ,
950 2629 1006 2676 et
1041 2629 1320 2674 mortuum
1361 2632 1427 2672 ac
1455 2617 1759 2688 sepultum,
1782 2622 1837 2670 et
1866 2624 1977 2669 ter-

388 2717 463 2772 tia
496 2716 585 2772 die
608 2713 1006 2770 resurrexisse.
1032 2710 1237 2766 Verum
1271 2709 1390 2764 haec
1411 2723 1618 2778 passus
1643 2716 1754 2771 est,
1780 2715 1979 2777 quate-

385 2803 497 2866 nus
527 2805 794 2876 possibile
815 2804 922 2860 fuit
942 2802 1081 2875 pati,
1105 2803 1161 2858 id
1176 2810 1283 2867 est,
1309 2816 1477 2857 carne
1505 2814 1604 2855 sua
1623 2800 1890 2863 humana,
1924 2806 1981 2854 et

390 2901 573 2957 anima
584 2913 709 2954 cum
724 2912 825 2953 sua
840 2906 1039 2950 natura
1062 2895 1272 2950 divina.
1290 2894 1398 2949 Sed
1417 2893 1465 2949 si
1483 2893 1752 2949 vellemus
1769 2891 1979 2962 sigilla-

389 3009 488 3048 tun
548 2989 854 3061 explicare,
910 2986 1192 3057 quomodo
1257 2987 1691 3057 unumquodque
1755 2983 1974 3049 horum,

391 3100 513 3145 quae
537 3082 804 3148 diximus,
837 3079 1038 3136 factum
1066 3078 1253 3145 fuerit,
1286 3079 1452 3149 longa
1481 3085 1631 3135 esset
1650 3075 1979 3148 epistola,et

390 3178 699 3233 satietatem
721 3173 961 3230 afferret.
986 3172 1081 3227 Sin
1106 3181 1297 3227 autem
1320 3168 1779 3225 horumomnium
1803 3167 1978 3238 expli-

351 3270 354 3273 λ
391 3271 666 3326 sationem
703 3268 978 3330 omittam,
1006 3264 1302 3320 videndum
1320 3264 1448 3330 erit,
1482 3279 1552 3332 ne
1570 3262 1706 3333 quid
1734 3262 1841 3318 mei
1864 3277 1981 3319 ser-

400 3377 599 3416 mones
636 3359 937 3415 excludant
955 3359 1139 3423 abiis,
1170 3357 1263 3428 qui
1282 3372 1392 3412 non
1414 3362 1547 3410 sunt
1568 3354 1637 3410 ad
1669 3354 1983 3425 intelligen-

390 3467 523 3509 dum
545 3453 717 3517 acuti,
752 3464 929 3520 neque
952 3447 1374 3518 habentingenii
1390 3447 1692 3504 solertiam.
1709 3445 1979 3512 Quocirca

392 3552 626 3599 mortem
687 3543 756 3598 ad
802 3541 1195 3612 explicandum
1234 3539 1554 3609 seligemus,
1614 3552 1724 3608 qua
1763 3552 1978 3602 eorum,

391 3637 599 3705 quaa'in
638 3634 902 3705 passione
930 3640 1140 3686 aeterno
1177 3629 1318 3683 Filio
1348 3627 1446 3683 Dei
1469 3628 1815 3694 tribuuntur,
1844 3625 1982 3680 nihil

391 3734 478 3781 est
509 3723 763 3779 odiosius
793 3731 847 3777 et
875 3721 1131 3776 invisius.
1173 3719 1251 3774 De
1304 3719 1407 3773 hac
1435 3719 1592 3773 vobis
1645 3718 1980 3787 aperiemus,

392 3814 674 3886 quomodo
728 3812 932 3869 accidit
960 3812 1034 3879 ei,
1061 3819 1117 3868 et
1145 3811 1270 3883 ejus
1327 3820 1586 3882 reputata
1644 3818 1755 3875 est,
1782 3818 1843 3865 ut
1877 3810 1983 3865 hoc

394 3906 553 3977 dicto,
575 3894 630 3962 et
684 3906 925 3978 prolato,
956 3904 1027 3961 ad
1058 3905 1269 3977 reliqua
1303 3904 1500 3960 ducem
1534 3903 1802 3959 habeatis.

465 4260 634 4333 378
652 4258 889 4316 Joannes
915 4257 1184 4329 Baptista,
1235 4255 1383 4327 quod
1414 4268 1513 4309 vos
1552 4268 1660 4308 non
1696 4250 1854 4324 fugit,
1882 4252 1984 4306 im-

396 4354 576 4425 pletus
610 4360 694 4409 est
728 4350 942 4423 Spiritu
1003 4357 1199 4404 sancto
1229 4349 1354 4402 cum
1388 4346 1567 4400 adhuc
1593 4346 1646 4399 in
1684 4356 1839 4399 utero
1869 4358 1982 4397 ma-

2080 1876 2396 1947 συμϐέϐηκε
2435 1877 2577 1931 κατά
2604 1878 2887 1948 ἀλήθειαν,
2927 1897 3022 1933 και
3067 1881 3219 1952 αὐτῷ
3247 1883 3652 1955 ἐπιγράφεται.

2075 1968 2137 2022 ὃν
2165 1968 2367 2037 τρόπον
2391 1967 2491 2021 ὅσα
2512 1969 2712 2041 πάσχει
2740 1971 2773 2039 ἡ
2795 1969 2891 2024 τοῦ
2919 1971 3088 2030 δεῖνος
3118 1973 3257 2046 σάρξ
3279 1992 3337 2027 τε
3362 1977 3655 2047 καὶψυχὴ,

2075 2059 2155 2131 τῷ
2183 2059 2316 2115 δεῖνι
2341 2061 2652 2131 συμὸαίνει,
2685 2062 2946 2134 καὶαύτῷ
2967 2063 3113 2117 κατά
3135 2065 3397 2138 ἀλήθειαν
3422 2072 3660 2142 ἐπιγράο

2078 2168 2260 2220 φεται.
2291 2153 2391 2207 Διά
2413 2152 2575 2207 τοῦτο
2597 2152 2695 2226 τὴν
2729 2154 2990 2227 ἀληθινὴν
3012 2158 3307 2229 ὁμολογίαν
3337 2160 3659 2232 ὁμολογοῦν-

2076 2261 2167 2307 τες
2212 2246 2443 2316 λέγομεν
2472 2284 2488 2311 ,
2528 2246 2612 2299 ὅτι
2636 2246 2800 2311 αὐτὸς
2828 2249 2857 2300 ό
2886 2247 3057 2313 ἀΐδιος
3086 2249 3217 2313 Υἱὸς
3240 2252 3530 2318 έπείνασε,
3566 2258 3661 2319 κα]

2078 2333 2323 2404 ἐδίψησε,
2356 2333 2451 2388 καὶ
2483 2335 2769 2401 ἐκοπίασε,
2804 2336 2921 2391 καῖ’
2945 2339 3242 2407 ἡγωνίασε,
3278 2344 3374 2395 καὶ
3403 2343 3463 2396 τὸ
3490 2347 3660 2416 7:963-

2077 2440 2227 2478 ωπον
2268 2425 2435 2479 αὑτοῦ
2468 2426 2779 2497 ὲρῤαπίσθη
2826 2429 2921 2482 καὶ
2965 2430 3277 2503 ὲνεπτύσθη
3303 2474 3318 2497 ,
3359 2438 3453 2488 καὶ
3479 2436 3528 2468 ³⁸
3573 2438 3662 2491 τὸν

2078 2515 2249 2569 νῶτον
2276 2518 2444 2571 αὐτοῦ
2466 2517 2843 2590 ὲμαστιγὼθη,
2887 2521 2983 2574 καὶ
3012 2521 3107 2575 τοῦ
3149 2523 3322 2578 ἀϊδίου
3360 2525 3495 2579 Υἱοῦ
3526 2527 3661 2580 καθα

2077 2609 2369 2680 ηλώθησαν
2402 2610 2461 2663 αἱ
2514 2613 2717 2683 χεῖρες,
2769 2614 2865 2665 καὶ
2901 2613 2952 2666 οί
3001 2615 3182 2681 πόδες,
3223 2618 3318 2671 καὶ
3365 2617 3531 2682 αὐτὸς
3572 2620 3663 2673 ἐπὶ

2074 2699 2318 2769 σταυροῦ
2365 2701 2707 2774 ἐκρεμάσθη,
2758 2705 2855 2757 καὶ
2895 2704 3156 2771 ἀπέθανε,
3199 2709 3294 2760 καὶ
3329 2710 3532 2778 ἐτάφη,
3571 2713 3663 2764 καὶ

2068 2792 2279 2864 ’ἀνέστη
2319 2796 2387 2863 τῇ
2421 2794 2582 2869 τρίτῃ
2609 2794 2813 2867 ἡμέρᾳ.
2859 2797 3046 2851 Ταῦτα
3081 2799 3282 2866 πάντα,
3312 2794 3552 2866 ὦοῦτοι,
3585 2804 3662 2872 τῷ

2078 2884 2232 2956 ἀϊδίῳ
2267 2903 2329 2938 συ
2339 2886 2584 2959 μϐέὸηκε
2609 2903 2622 2915 ·
2648 2887 2784 2942 ἀλλά
2813 2888 2990 2944 ταῦτα
3017 2891 3280 2957 πέπονθε,
3312 2893 3436 2946 καθ’
3454 2894 3483 2947 δ
3508 2896 3666 2949 δυνα-

2076 2979 2169 3034 τὸν
2192 2975 2261 3050 ἦν
2291 2981 2518 3048 παθεῖν,
2556 2983 2828 3051 τουτέστι,
2856 2987 2922 3056 τῇ
2953 2984 3152 3040 ἑαυτοῦ
3180 2987 3500 3062 ἀνθρωπίνῃ
3529 3008 3664 3065 σαρο

2080 3072 2136 3126 κί
2161 3089 2220 3126 τε
2250 3073 2346 3126 καὶ
2386 3073 2533 3145 ψυχῇ
2580 3076 2677 3129 σὺν
2695 3076 2761 3146 τῇ
2795 3075 2988 3130 ἑαυτοῦ
3022 3078 3146 3149 θείᾳ
3192 3078 3374 3148 φύσει.
3419 3082 3564 3136 Ἀλλ’
3612 3083 3686 3137 εί·

2084 3166 2185 3237 μὲν
2207 3167 2309 3220 ἀνά
2342 3166 2506 3236 μέρος
2532 3167 2867 3240 διασαφῆσαι
2893 3168 3010 3233 πῶς
3031 3170 3264 3225 ἕκαστον
3292 3172 3403 3226 τῶν
3428 3176 3665 3245 εἰρημέ-

2080 3275 2188 3313 νων
2245 3258 2463 3327 ὲγένετο
2522 3258 2938 3333 βουληθείημεν,
2978 3246 3231 3335 ’μακρὰν
3252 3265 3297 3297 ³¹
3353 3267 3423 3321 ἂν
3469 3268 3556 3338 εἴη
3602 3270 3668 3323 τὺ

2078 3348 2317 3419 γράμμα
2351 3353 2446 3403 καὶ
2491 3350 2817 3421 προσκορές.
2849 3352 2910 3404 Et
2950 3350 3007 3405 δὲ
3039 3353 3139 3424 τὴν
3166 3352 3375 3408 τούτων
3408 3356 3668 3411 ἀπάντων

2067 3437 2409 3508 διασάφησιν
2446 3440 2871 3512 καταλίποιμεν,
2911 3443 3103 3496 σκόπει
3140 3443 3350 3511 λοιπὸν,
3399 3448 3474 3517 μή
3518 3466 3573 3500 τι
3601 3448 3669 3502 ἂν

2080 3530 2494 3586 ἀποκλεισθεῖεν
2540 3533 2649 3586 τῶν
2687 3534 2788 3587 οὐκ
2843 3533 3014 3587 όντων
3055 3536 3133 3598 εἰς
3185 3538 3528 3608 κατανόησιν
3569 3541 3673 3594 οὐκ

2081 3622 2318 3692 ἐχόντων
2336 3623 2622 3694 ἀγχίνοιαν
2656 3626 2705 3678 οἱ
2740 3624 2999 3700 ἡμέτεροι
3034 3626 3202 3696 λόγοι,
3234 3627 3359 3680 ὅθεν
3384 3629 3477 3682 τὸν
3506 3629 3675 3685 θάνα-

2072 3728 2175 3766 τον
2196 3713 2532 3786 ἀφορίζομεν
2553 3756 2568 3780 ,
2609 3716 2667 3779 ὃς
2698 3717 2848 3770 ἐστιν
2873 3717 2977 3770 ὃσα
3004 3717 3082 3788 τῷ
3106 3718 3264 3789 ἀϊδίῳ
3291 3718 3410 3788 Υίῷ
3430 3723 3671 3793 ἐπιγρά-

2084 3819 2243 3872 φεται
2280 3804 2623 3875 παθημάτων
2660 3806 3064 3878 ἀπεχθέστερός
3094 3825 3155 3861 τε
3197 3810 3292 3862 καὶ
3336 3810 3676 3881 εἰδεχθέστε-

2085 3910 2195 3963 ρος.
2255 3896 2365 3949 Καὶ
2410 3896 2568 3951 τοῦτο
2620 3898 3077 3964 διαλευκάναντες
3120 3901 3467 3975 γνωριοῦμεν
3518 3906 3672 3976 ὑμῖν,

2083 3984 2201 4048 πῶς
2242 3985 2393 4057 αὑτῷ
2444 3987 2762 4059 συμῦέὸηκέ
2802 4007 2864 4043 τε
2913 3991 3006 4044 καὶ
3028 3991 3365 4061 λελόγισται,
3414 3995 3679 4060 ὅπως-ἑν-

2081 4076 2273 4131 τεῦθεν
2313 4078 2610 4150 λεγομένου
2638 4082 2733 4134 καὶ¹
2766 4082 3041 4153 ἠχομὲνου
3065 4084 3111 4118 ³³
3134 4124 3151 4150 ,
3182 4086 3275 4139 καὶ
3301 4089 3385 4151 είς
3407 4087 3478 4141 τά
3511 4087 3679 4142 λοιπὰ

2084 4167 2568 4241 καθοδηγηθείητε.

2165 4260 2425 4331 Ἰωάννης
2452 4262 2481 4314 ὁ
2500 4262 2837 4335 Βαπτιστὴς,
2867 4259 2913 4317 ὧ
2939 4259 3109 4329 οὗτοι,
3136 4264 3324 4330 καθὼς
3349 4268 3673 4331 ἐπίστασθε,

2084 4353 2329 4425 ἐπλήσθη
2360 4354 2676 4426 Πνεύματος
2701 4358 2857 4425 ἁγίου
2890 4358 2970 4411 ἔτι
2993 4359 3134 4414 κατά
3160 4361 3409 4430 γαστέρα
3430 4361 3537 4431 τῆς
3570 4378 3678 4432 μη-

396 4446 499 4503 tris
556 4451 725 4500 esset.
790 4441 924 4495 Erat
964 4448 1149 4494 autem
1203 4436 1406 4493 Jeanni
1454 4451 1660 4505 corpus
1689 4444 1742 4489 et
1777 4435 1974 4488 anima.

2084 4443 2209 4514 τρὸς
2255 4444 2421 4497 αὑτοῦ
2472 4445 2833 4516 κεκυημένος.
2885 4445 2995 4500 Ἦν
3031 4447 3089 4501 δὲ
3129 4448 3211 4518 τῷ
3249 4450 3473 4521 Ἰωάννῃ
3530 4450 3681 4521 ψυχὴ

396 4538 529 4593 Post
585 4535 883 4591 adventum
925 4532 1097 4602 igitur
1152 4529 1395 4601 Spiritus
1450 4527 1651 4592 sancti,
1703 4526 1886 4580 anima
1928 4534 1984 4582 ct

396 4643 602 4698 corpus
628 4625 860 4682 Joannis
901 4623 1147 4694 Spiritus
1172 4621 1354 4678 sancti
1407 4627 1589 4675 erant.
1615 4617 1765 4674 Mors
1793 4626 1979 4673 autem

395 4721 665 4789 cujusque
690 4714 931 4770 hominis
957 4710 1236 4781 separatio
1264 4717 1351 4765 est
1380 4711 1578 4763 animat
1599 4723 1629 4763 a
1648 4724 1754 4764 suo
1783 4723 1985 4779 corpo-

342 4794 349 4799 Ἴ
395 4827 476 4866 re.
513 4808 778 4885 Sep-arata
845 4806 1021 4876 igitur
1054 4803 1239 4856 anima
1280 4800 1513 4857 Joannis
1539 4816 1826 4871 acorpore
1857 4816 1981 4867 suo,

312 4918 317 4924 ‘
398 4912 649 4959 mortuus
681 4899 786 4953 fuit
817 4897 1083 4958 Joannes,
1103 4910 1213 4950 non
1251 4905 1431 4948 autem
1461 4892 1705 4964 Spiritus
1735 4903 1982 4959 sanctus,

398 4995 490 5064 qui
521 4993 569 5048 ei
593 4991 833 5046 advenit.
864 4987 1012 5042 Mors
1036 4986 1205 5057 igitur
1224 4982 1453 5040 Joauuis
1483 4983 1608 5050 fuit,
1640 4999 1672 5039 a
1708 4999 1815 5054 qua
1848 4984 1984 5043 liber

400 5088 502 5141 t'uit
535 5085 779 5157 Spiritus
802 5089 1056 5145 sanctus,
1081 5079 1155 5134 ita
1190 5086 1244 5133 ut
1300 5092 1450 5133 mors
1476 5075 1706 5133 Joannis
1754 5092 1865 5131 non
1897 5091 1985 5130 re-

401 5185 620 5247 putetur
654 5174 899 5243 Spiritus
929 5170 1108 5227 sancti
1142 5184 1315 5232 mors,
1342 5167 1489 5223 sicut
1515 5167 1788 5222 audistis:
1816 5176 1983 5222 mter-

400 5285 505 5324 nus
533 5283 661 5321 vero
698 5264 870 5321 Filius
902 5280 1013 5319 non
1042 5272 1129 5319 est
1160 5262 1457 5331 cepulatus
1488 5260 1778 5330 hypostasi
1803 5261 1982 5315 alicu-

402 5361 488 5428 jus
508 5358 750 5413 hominis
781 5372 983 5426 corpus
1007 5362 1063 5410 et
1088 5353 1328 5407 animam
1363 5351 1641 5417 habentis,
1675 5351 1771 5406 sed
1800 5353 1984 5421 potius

2086 4536 2182 4588 καὶ
2206 4535 2386 4606 σῶμα.
2420 4536 2577 4590 Μετὰ
2609 4536 2739 4603 γοῦν
2769 4536 2867 4607 τὴν
2898 4536 2993 4589 τοῦ
3020 4537 3180 4606 ἁγίου
3205 4539 3529 4610 Πνεῦματος
3557 4543 3682 4593 ἐπι-

2088 4624 2354 4694 φοίτησιν,
2403 4625 2561 4696 ὴτοῦ
2629 4626 2880 4679 Ἰωάννου
2937 4627 3106 4697 ψυχὴ,
3153 4633 3248 4680 καὶ
3298 4630 3361 4680 τὸ
3394 4630 3559 4698 σῶμα
3580 4628 3681 4682 τοῦ

2101 4717 2349 4770 Ἰωάννου
2388 4715 2482 4769 τοῦ
2528 4717 2684 4786 ἁγίου
2732 4717 3052 4788 Πνεύματος
3088 4713 3181 4789 ἦν.
3231 4718 3291 4771 Ὁ
3336 4720 3396 4772 δὲ
3444 4719 3683 4784 θάνατος

2089 4808 2320 4861 ἑκάστου
2345 4806 2452 4861 τῶν
2486 4809 2798 4880 ἀνθρώπων
2846 4810 3125 4880 χωρισμός
3157 4811 3276 4863 ἐστι
3320 4813 3421 4879 τῆς
3464 4813 3685 4874 οἰκείας

2087 4900 2266 4970 ψυχῆς
2295 4900 2404 4954 ἀπὸ
2448 4898 2543 4954 τοῦ
2572 4902 2801 4954 οἰκείου·
2826 4902 3123 4972 σώματος-ε
3150 4897 3542 4973 Χωρισθείσης
3583 4900 3688 4957 οὖν

2036 5020 2040 5024 ι
2087 4991 2188 5060 τῆς
2238 4990 2332 5046 τοῦ
2380 4994 2627 5048 Ἰωάννου
2655 4994 2836 5066 ψυχῆς
2862 4994 2972 5049 ἀπὸ
3011 4994 3109 5048 τοῦ
3156 4996 3287 5049 ἰδίου
3315 4996 3582 5066 σώματος
3610 5036 3631 5061 ,
3661 4999 3691 5050 ὸ

2101 5081 2351 5154 Ἰωάννης
2402 5085 2698 5156 τέθνηκεν,
2766 5087 2829 5139 οὐ
2880 5087 2942 5139 τὸ
2991 5087 3360 5158 ὲπιφοιτῆσαν
3411 5089 3471 5140 ὲν
3533 5087 3693 5156 autsi-

2089 5173 2314 5246 Πνεῦμα
2343 5177 2518 5246 ἅγιον.
2536 5177 2595 5232 ’0
2626 5179 2853 5243 θάνατος
2880 5180 3059 5233 τοίνυν
3093 5181 3344 5235 Ἰωάννου
3370 5176 3461 5250 ἦν,
3496 5185 3603 5234 καὶ
3634 5177 3698 5229 τὺ

2086 5265 2181 5318 τοῦ
2218 5267 2373 5336 ἁγίου
2399 5270 2721 5341 Πνεύματος
2741 5270 3046 5342 ἐλεύθερον,
3073 5271 3217 5326 ὥστε
3249 5272 3325 5342 μὴ
3354 5268 3699 5339 λογισθῆναι

2089 5359 2238 5430 αὐτῷ
2262 5362 2351 5416 τὸν
2389 5361 2483 5416 τοῦ
2543 5364 2796 5420 Ἰωάννου
2840 5364 3104 5429 θάνατον,
3140 5364 3267 5418 καθ’
3300 5364 3362 5417 ὃν
3400 5364 3694 5435 ἀκηκόατε

1684 5487 1919 5544 νΑΙίΙίΕ
1960 5491 2366 5552 LECTIONES.

422 5578 429 5585 ’
476 5586 521 5617 ιτο
548 5587 709 5640 κατὰ,
775 5585 817 5617 ⁸³
855 5585 896 5639 I'.
930 5582 1160 5654 μακρόν.
1232 5583 1276 5614 ³⁸
1293 5581 1381 5636 ῖσ.
1415 5579 1746 5650 ἡχουμένουο

1923 5647 2152 5705 NOTAE.

480 5722 593 5788 (4'2)
629 5721 790 5777 Deest
817 5725 871 5776 in
902 5723 1113 5775 Graeco.
