3928 6130
358 330 489 397 1517

1752 325 2173 387 OPUSCULA.

3481 319 3619 385 I518

353 451 554 524 τρόπον
577 465 594 481 '
637 450 666 502 0
700 448 883 519 μέντοι
916 445 1086 510 ἀΐδιος
1127 441 1256 507 Υἰδς
1296 442 1396 513 οὑχ
1448 442 1749 500 ὑποστάσει
1789 445 1936 510 τινδς

2041 456 2260 500 carnem
2281 448 2337 498 et
2358 441 2597 497 animam
2628 437 2735 495 sibi
2761 439 3083 510 assumpsit,
3114 445 3169 494 et
3200 447 3430 509 utraque
3487 441 3618 497 fecit

247 598 249 601 ,
353 542 462 596 τῶν
499 536 802 609 ἀνθρώπιον
834 537 1049 608 ἔχοντος
1080 535 1239 608 σῶμα
1264 534 1359 589 καὶ
1394 534 1571 608 ψυχὴν
1594 538 1926 609 ἑνηρμὸσθη,

354 633 468 687 ἀλλ’
492 627 674 700 ἑαυτῷ
699 630 881 700 σάρκα
913 628 1011 682 καὶ
1041 627 1221 699 ψυχὴν
1256 626 1605 699 ἀνθρωπίνην
1641 629 1931 700 προσειλη-

355 722 491 792 φὼς,
522 722 619 774 καὶ
656 721 1081 790 οἰκειωσάμενος
1121 719 1412 790 ἀμφότερα
1445 718 1547 789 τῆς
1576 718 1931 782 ὑποστάσεως

352 811 518 866 αὑτοῦ
552 812 653 864 οὑκ
682 810 860 873 άλλως
901 809 1254 863 παντάπασιν
1286 810 1581 879 ἐποιήσατο
1604 850 1618 872 ,
1653 809 1842 880 ὥσπερ
1870 808 1932 862 τὸ

352 903 444 958 106
492 902 742 956 Ἰωάννου
788 898 979 972 σῶμα,
1016 903 1112 952 καὶ
1141 901 1173 971 ἡ
1203 899 1348 971 ψυχὴ
1397 898 1490 952 τοῦ
1545 898 1792 952 Ἰωάννου
1829 900 1931 951 οὐκ

354 996 516 1050 ἀλλου
557 993 821 1063 ὑπῆρχεν,
864 992 958 1045 καὶ
992 993 1135 1046 κατὰ
1175 992 1335 1045 τοῦτο
1366 992 1585 1060 γέγονε,
1627 992 1724 1044 καὶ
1759 991 1933 1053 ἀΐδιος

355 1087 483 1149 Υἱὸς
529 1085 604 1148 ὡς
643 1079 724 1147 εἷς
770 1083 878 1136 τῶν
919 1082 1248 1152 ἀνθρώπων.
1283 1082 1554 1152 Καθάπερ
1596 1080 1653 1135 δὲ
1703 1081 1802 1153 τῆς
1836 1078 1931 1134 τοῦ

366 1178 615 1231 Ἰωάννου
638 1175 817 1245 ψυχῆς
835 1174 944 1229 ἀπὸ
963 1174 1057 1227 τοῦ
1091 1174 1223 1227 ἰδίου
1258 1172 1511 1243 σώματος
1544 1172 1931 1243 χωρισθείσης,

351 1268 572 1331 αὑτὸςνό
614 1267 870 1335 Ἰωάννης
906 1266 1056 1319 ἐστὶν
1087 1265 1117 1316 0
1149 1262 1429 1334 τεθνηκὼς
1454 1301 1469 1326 ,
1495 1259 1555 1317 οὗ
1595 1264 1628 1334 ἡ
1661 1262 1805 1333 ψυχὴ
1840 1263 1933 1316 καὶ

352 1358 416 1413 τὸ
451 1357 611 1428 σῶμα
638 1357 709 1411 τά
748 1356 1135 1426 κεχωρισμένα
1169 1355 1306 1408 ἴδια*
1341 1354 1484 1407 οὕτω
1514 1355 1615 1422 τῆς
1654 1355 1925 1425 ἀνθρωπί-

324 1465 454 1518 ινης
474 1447 569 1502 τοῦ
612 1447 783 1501 ἀϊδίου
830 1446 961 1499 Υἰοῢ
990 1445 1174 1516 ψυχῆς
1206 1444 1314 1498 ἀπὸ
1358 1444 1454 1497 τοῦ
1487 1444 1739 1512 σώματος
1768 1443 1933 1497 αὐτοῦ

354 1538 716 1610 χωρισθείσης
744 1577 758 1602 ,
802 1537 964 1599 αὐτὸς
992 1539 1021 1589 0
1052 1536 1221 1598 ἀΐδιος
1251 1534 1518 1603 τέθνηκεν
1563 1534 1711 1598 Υἱὸς,
1744 1533 1933 1605 ἐπειδὴ

353 1631 473 1683 ἐκεῖ
493 1630 594 1682 οὐκ
634 1624 703 1700 ἦν
742 1627 1041 1689 ὑπόστασις
1088 1625 1252 1697 ἑτέρα
1298 1625 1575 1696 παρεκτὸς
1618 1623 1714 1678 τοῦ
1761 1625 1933 1678 ἀϊδίου

354 1719 485 1774 Υἰοῢ
506 1716 948 1793 ἐσχηκυῖα-σῶμα
966 1716 1060 1771 καὶ
1075 1714 1276 1785 ψυχὴν,
1300 1709 1375 1768 ὧν
1396 1713 1613 1781 ἐγένετο
1633 1715 1931 1785 χωρισμὸς,

354 1811 444 1865 ἵνα
472 1809 693 1880 λογισθῇ
712 1809 810 1879 τῆς
833 1807 1184 1870 ὑποστάσεως
1215 1807 1432 1877 ἐκείνης
1461 1808 1490 1860 0
1517 1805 1743 1869 θάνατος
1763 1802 1929 1860 εἶναι.

366 1902 505 1955 Ἀλλ’
525 1904 553 1957 0
584 1901 681 1970 μὲν
729 1901 985 1970 Ἰωάννης
1015 1899 1113 1969 τῆς
1139 1898 1318 1968 ψυχῆς
1350 1896 1517 1952 αὑτοῦ
1567 1899 1932 1969 χωρισθείσης

353 1992 463 2047 ἀπὸ
499 1989 593 2044 τοῦ
632 1990 764 2044 ἰδίου
802 1989 1053 2059 σώματος
1097 1987 1359 2059 τέθνηκεν
1392 1991 1486 2042 καί⁵
1526 1989 1836 2044 ἀπόλωλενο
1867 1990 1930 2043 οὑ

353 2083 464 2155 γὰρ
511 2081 790 2144 παντελῶς
831 2076 933 2151 ἦν,
974 2081 1022 2132 εἰ
1065 2079 1140 2150 μὴ
1177 2083 1243 2133 ὲκ
1287 2080 1579 2151 συναφείας
1615 2081 1792 2152 ψυχῆς
1835 2080 1933 2134 καὶ

356 2175 608 2247 σώματος
634 2191 648 2205 ο
689 2177 718 2227 ὁ
745 2174 801 2227 δὲ
828 2171 1159 2243 προαιώνιος
1188 2172 1286 2225 καὶ
1325 2171 1403 2242 τῷ
1441 2173 1617 2243 Πατρὶ
1663 2172 1932 2247 σύναρχος

353 2268 450 2322 καὶ
494 2265 765 2328 συναῖδιος
799 2264 926 2327 Υίὸς
953 2264 1052 2333 τῆς
1086 2263 1436 2335 ἀνθρωπίνης
1491 2265 1688 2317 ἑαυτοῦ
1728 2264 1929 2335 ψυχῆς,

355 2357 465 2412 ἀπὸ
488 2356 583 2410 τοῦ
621 2356 750 2410 ἰδίου
782 2355 975 2409 ἑαυτοῦ
1009 2354 1262 2425 σώματος
1286 2355 1669 2425 χωρισθείσης,
1693 2356 1934 2410 ἀπέθανε

359 2449 458 2521 μὲν
506 2448 777 2520 ἀληθείᾳ⁶
827 2447 959 2501 διότι
1011 2446 1073 2500 τὸ
1116 2445 1295 2517 σῶμα,
1351 2447 1446 2501 καὶ
1487 2449 1520 2518 ἡ
1569 2447 1737 2519 ψυχὴ,
1789 2448 1933 2520 ἅπερ

355 2538 767 2612 διεζεύχθησαν,
800 2539 939 2593 αὑτά
965 2539 1067 2592 οὑκ
1094 2538 1260 2608 ἄλλης
1290 2539 1641 2603 ὑποστάσεως
1670 2536 1832 2612 ἦσαν,
1858 2540 1936 2605 ὡς

358 2631 604 2704 ἔφθημεν
643 2632 922 2693 είπύντεςο
968 2629 1069 2682 οὒκ
1106 2629 1352 2683 ἀπώλετο
1389 2630 1447 2683 δὲ
1470 2671 1485 2695 ,
1522 2632 1822 2703 ἐπειδήπερ
1866 2629 1935 2704 ἦν

358 2724 482 2788 ἀεὶ,
512 2723 619 2793 πρὸ
642 2722 737 2775 τοῦ
771 2721 1053 2791 εἰληφέναι
1087 2719 1295 2791 ταύτην
1334 2721 1435 2793 τὴν
1466 2721 1645 2793 ψυχὴν
1665 2763 1680 2788 ,
1711 2723 1807 2777 καὶ
1838 2723 1936 2795 τὴν

358 2817 558 2886 σάρκα.
586 2814 745 2868 Κατὰ
759 2812 948 2867 τοῦτον
973 2812 1037 2882 δὴ
1070 2813 1163 2866 τὸν
1189 2813 1392 2883 τρόπον
1417 2814 1685 2867 ἀπέθανεν
1712 2817 1741 2868 0
1768 2817 1937 2881 ἀΐδιος

360 2905 489 2968 Υἰος
523 2904 660 2974 ὑπὲρ
690 2903 845 2974 ἡμῶν
882 2900 1134 2972 ἀληθείᾳ,
1170 2900 1503 2973 μεμενηκὼς
1533 2902 1662 2968 ζῶν,
1690 2899 1805 2967 οἷος
1822 2900 1891 2977 ἦν
1916 2921 1931 2937 ⁸

2034 534 2253 605 propria
2288 548 2403 589 suae
2452 531 2786 604 hypostasis.
2829 532 2947 587 sive
3004 544 3288 601 personae;
3319 544 3420 586 nec
3455 531 3617 586 aliter

2032 627 2261 680 omnino
2276 624 2425 691 fecit,
2439 624 2603 680 siculi
2623 636 2828 692 corpus
2841 630 2896 676 et
2909 619 3349 686 animaJoannis,
3364 636 3472 676 non
3487 622 3619 677 alte-

2020 717 2150 770 rius
2177 716 2300 770 fuit.
2321 717 2501 785 Atque
2515 716 2616 769 hac
2640 716 2853 768 ratione
2877 712 2979 767 fuit
3006 721 3245 768 aeternus
3264 711 3439 767 Filius
3469 713 3618 768 sicut

2034 824 2180 862 unus
2202 823 2231 862 e
2255 822 2487 862 numero
2510 807 2812 860 hominum.
2839 803 2993 860 Sicut
3015 812 3218 868 autem,
3244 794 3426 858 anima
3448 803 3617 858 Joan-

2036 897 2126 951 nis
2154 912 2181 949 a
2203 911 2437 967 corpore
2465 910 2566 951 suo
2596 895 2866 964 sejuncta,
2915 894 3033 964 ipse
3082 892 3325 947 Joannes
3359 903 3443 947 est
3474 906 3621 945 inor-

2034 995 2180 1050 tuus,
2212 989 2373 1057 cujus
2426 986 2607 1040 anima
2634 998 2687 1041 et
2739 1000 2964 1054 corpus,
3015 999 3139 1054 quae
3177 990 3430 1053 separata
3466 991 3614 1040 sunt.

2039 1078 2257 1150 prepria
2288 1089 2466 1145 erant,
2499 1079 2579 1134 sic
2605 1079 2844 1132 humana
2867 1076 3055 1131 reterni
3078 1074 3202 1149 Filii
3231 1074 3412 1129 anima
3436 1091 3466 1128 a
3490 1090 3618 1130 cor-

2039 1185 2170 1240 pore
2199 1185 2302 1225 suo
2333 1178 2605 1240 separata,
2632 1169 2753 1240 ipse
2775 1161 3016 1223 ieternus
3044 1167 3215 1223 Filius
3235 1177 3490 1223 mortuus
3512 1177 3616 1231 est,
3697 1231 3706 1239 ν

2035 1262 2160 1332 quia
2197 1278 2305 1316 non
2348 1271 2467 1317 erat
2495 1263 2609 1317 illic
2640 1271 2843 1332 printer
2878 1261 3221 1332 hypostasim
3252 1261 3447 1315 aeterni
3471 1259 3617 1326 Filii,

2035 1353 2143 1407 alia
2172 1353 2510 1423 hypostasis,
2540 1368 2662 1423 qua:
2710 1353 2996 1407 habuisset
3026 1366 3230 1421 corpus
3275 1357 3331 1405 et
3358 1353 3618 1414 animam,

2036 1459 2269 1512 quorum
2304 1452 2389 1499 est
2438 1443 2578 1499 facta
2641 1445 2943 1513 separatio,
2981 1451 3039 1496 ut
3076 1441 3226 1496 illius
3275 1442 3618 1512 bypostasis,

2036 1534 2149 1589 sive
2206 1549 2456 1603 personae
2513 1548 2664 1589 mors
2709 1548 2832 1587 esse
2869 1539 3235 1602 repularetur.
3271 1529 3514 1586 Joannes
3536 1542 3622 1585 ta-

2039 1642 2184 1692 men,
2236 1628 2419 1681 anima
2466 1641 2496 1680 a
2529 1642 2763 1692 corpore
2792 1642 2894 1680 suo
2923 1633 3200 1695 separata,
3235 1632 3487 1681 mortuus
3511 1633 3619 1693 est,

2038 1724 2092 1772 ct
2123 1718 2358 1783 interiit,
2416 1732 2767 1787 nequaquam
2792 1718 2938 1771 enim
2977 1723 3096 1769 erat
3130 1716 3235 1769 nisi
3277 1731 3343 1771 ex
3387 1716 3623 1788 conjun-

2036 1809 2220 1863 ctione
2248 1810 2444 1864 anima:
2463 1817 2517 1864 et
2548 1808 2802 1878 corporis
2829 1826 2839 1860 :
2867 1807 2959 1876 qui
2989 1821 3121 1861 vero
3137 1815 3224 1863 est
3252 1819 3382 1863 ante
3399 1811 3618 1873 secula,

2034 1906 2203 1956 etest
2261 1914 2384 1953 cum
2451 1901 2614 1954 Patre
2637 1907 2700 1953 e'x
2732 1899 3063 1964 aeternitate,
3122 1906 3378 1967 separata
3438 1901 3619 1956 anima

2037 1991 2158 2061 ejus
2212 1991 2452 2045 humana
2480 2006 2509 2045 a
2544 1990 2769 2062 proprio
2824 2003 3079 2061 corpore,
3111 2002 3368 2047 mortuus
3398 1992 3620 2062 quidem

2036 2090 2120 2138 est
2172 2098 2319 2147 vere,
2364 2084 2496 2153 quia
2527 2074 2731 2152 éorpus
2770 2090 2825 2136 et
2852 2083 3035 2136 anima
3065 2081 3343 2149 disiuncta
3382 2091 3535 2148 sunt,
3568 2093 3625 2139 ct

2037 2175 2156 2246 ipsa
2184 2190 2290 2230 non
2314 2182 2472 2229 erant
2503 2174 2643 2229 alius
2670 2173 3004 2245 bypostasis,
3032 2173 3177 2229 sicut
3196 2182 3324 2229 ante
3354 2175 3619 2242 diximus;

2033 2280 2143 2321 non
2169 2274 2349 2321 tamen
2377 2265 2656 2320 interitum
2689 2265 2857 2335 cepit,
2884 2255 3169 2334 quia'erat
3205 2279 3425 2335 semper
3459 2274 3621 2320 antc-

2030 2374 2193 2429 quam
2226 2358 2367 2413 hanc
2401 2357 2638 2433 animam
2685 2365 2740 2412 et
2770 2371 2976 2427 corpus
3009 2364 3343 2411 assumeret.
3373 2357 3451 2411 Ad
3477 2358 3625 2412 hunc

2035 2446 2256 2503 modum
2294 2456 2536 2502 aeternus
2563 2444 2739 2500 Filius
2766 2461 2866 2514 pro
2886 2446 3048 2501 nobis
3079 2461 3205 2501 vere
3240 2454 3493 2503 mortuus
3516 2456 3621 2513 est,

2035 2556 2270 2597 manens
2334 2540 2514 2604 vivus,
2553 2547 2612 2592 ut
2657 2548 2812 2594 erat:
2877 2539 3137 2609 factaque
3189 2548 3274 2593 est
3321 2539 3627 2609 redemptio

2041 2641 2231 2687 nostra
2286 2647 2396 2687 non
2420 2634 2476 2686 in
2509 2642 2686 2686 morte
2715 2644 2965 2702 persona:
2993 2630 3229 2701 alicujus
3278 2632 3539 2695 hominis,
3571 2638 3629 2685 ut

2044 2724 2257 2780 scilicet
2294 2721 2524 2778 Joannis
2558 2722 2817 2791 Baptistae
2840 2760 2858 2790 ,
2892 2722 2988 2777 sed
3017 2722 3073 2776 in
3100 2731 3277 2777 morte
3310 2724 3500 2778 aeterni
3531 2723 3626 2778 Fi-

2042 2816 2123 2881 lii,
2158 2830 2256 2869 uec
2287 2810 2419 2870 ullo'
2449 2815 2801 2869 incommodo
2864 2814 2997 2868 hinc
3019 2814 3071 2869 ei
3106 2814 3264 2869 illato
3309 2831 3325 2868 :
3361 2816 3441 2870 sic
3465 2810 3628 2887 igitur

2042 2909 2110 2961 de
2142 2914 2314 2959 morte
2342 2904 2528 2958 aeterni
2566 2904 2688 2958 Filii
2714 2904 3064 2959 sentiendum
3097 2907 3201 2960 εει.

358 2993 454 3046 καί
507 2995 730 3060 γέγονεν
771 2993 805 3062 ἡ
844 2990 1115 3071 λύτρωσις
1171 2991 1330 3060 ἡμῶν
1376 2992 1476 3045 οὐκ
1518 2992 1576 3045 ὲν
1621 2993 1836 3066 θανάτῳ
1888 2997 2241 3052 ὑποστάσεων
2292 2994 2438 3057 τινὸς
2484 2993 2594 3046 τῶν
2665 2993 2992 3066 ἀνθρώπων,
3050 2995 3126 3059 ὡς
3170 2995 3329 3067 δῆθεν
3378 2996 3627 3052 Ἰωάννου

360 3086 455 3139 τοῦ
482 3085 815 3147 Βαπτιστοῦ,
855 3084 968 3137 ἀλλ’
1000 3086 1058 3137 ὲν
1107 3083 1186 3154 τῷ
1233 3082 1330 3137 τοῦ
1378 3084 1549 3139 ἀϊδίου
1615 3085 1745 3141 Υἰοῦ
1793 3084 2037 3163 θανάτῳ,
2094 3090 2353 3159 οὐδεμιᾶς
2418 3088 2675 3143 ἐντεῦθεν
2722 3089 2873 3161 αὐτῷ
2928 3089 3132 3160 ζημίας
3182 3090 3628 3163 ἐπεισελθούσης·

359 3177 503 3233 οὕτω
530 3179 731 3239 τοίνυν,
763 3169 1000 3240 ιῖἒοῦτοι,
1030 3175 1255 3244 γέγονεν
1283 3177 1312 3228 0
1348 3177 1442 3230 106
1469 3177 1639 3231 ἀϊδίου
1665 3178 1915 3244 θάνατος.

435 3274 624 3333 Ὅστις
676 3265 769 3323 οὖν
814 3269 961 3321 ὲστιν
1011 3269 1296 3339 νουνεχὴς,
1335 3267 1564 3322 δύναται
1608 3270 1708 3341 τὴν
1751 3270 1937 3324 ἑαυτοῦ

2123 3267 2451 3337 Quicunque
2471 3267 2643 3338 igitur
2675 3268 2842 3322 habet
2863 3267 3108 3322 animum
3147 3276 3632 3340 attrutum,potest

360 3362 596 3435 θεωρίαν
622 3360 929 3431 ὲμϐαθῆναι
993 3361 1129 3411 πᾶσι
1177 3360 1288 3423 τοῖς
1309 3362 1390 3423 είς
1437 3360 1474 3415 ἀ
1535 3363 1943 3434 κεχρημάτικεν

362 3456 535 3526 αὐτῷ,
565 3453 933 3525 ἀνθρώποις³³
959 3493 975 3519 ,
1010 3454 1106 3507 καί
1137 3452 1347 3520 γνῶναι
1377 3452 1496 3516 πῶς
1527 3453 1764 3522 ἐγένετο.
1801 3457 1943 3510 Ὅσα

363 3550 474 3621 γάρ
521 3551 638 3602 ἐστι
665 3545 761 3600 τοῦ
786 3547 1017 3601 θανάτου
1046 3588 1059 3610 ,
1109 3545 1218 3599 τῶν
1264 3544 1620 3618 ἀνθρωπίνων
1651 3565 1766 3610 πως
1792 3548 1943 3619 ἥττω

363 3636 640 3706 τυγχάνει.
672 3635 735 3686 Et
768 3634 876 3704 γὰρ
901 3636 928 3686 0
959 3633 1189 3695 θάνατος
1227 3633 1462 3704 ἁρμόζει
1507 3635 1602 3686 ἐπὶ
1630 3633 1726 3687 τοῦ
1772 3635 1941 3689 ἀϊδίου

366 3727 498 3782 Υἰοῦ
530 3724 824 3794 λέγεσθαι,
852 3723 975 3777 καθ’
1020 3723 1078 3775 ὃν
1109 3722 1322 3795 ἔφημεν
1362 3710 1585 3795 τρόπον,
1626 3725 1835 3790 πάθους
1879 3728 1942 3780 οὐ

367 3818 848 3889 προσπελάσαντος
887 3816 1051 3870 αὑτοῦ
1080 3818 1148 3887 τῇ
1189 3815 1406 3886 θεότητι
1428 3855 1444 3882 ,
1474 3817 1542 3870 τὰ
1574 3819 1743 3889 χωρὶς
1783 3817 1945 3873 θανά-

365 3927 459 3964 του
482 3910 591 3963 ἀπὸ
617 3909 726 3961 τῶν
753 3907 1108 3977 ἀνθρωπίνων
1140 3909 1409 3979 προσήκει
1433 3909 1632 3979 μᾶλλον
1656 3911 1747 3964 ἐπ’
1775 3910 1942 3963 αὑτοῦ

367 3999 646 4067 λέγεσθαι,
689 3998 913 4068 μηδενὸς
946 4001 1011 4069 τῇ
1039 3999 1203 4052 αὑτοῦ
1246 3999 1461 4071 θεότητι
1492 4003 1942 4072 προσαπτομένου

369 4091 713 4161 παθήματος.
746 4087 955 4142 Οὐκοῦν
979 4089 1152 4143 ταῦτα
1168 4091 1237 4143 τὰ
1256 4089 1573 4162 ἀνθρώπινα
1595 4092 1736 4147 καθὰ
1766 4093 1947 4165 προεί-

372 4182 646 4253 ρηται,τῷ
674 4179 829 4250 ἀϊδίῳ
846 4178 981 4250 Υἰῷ,
1009 4181 1068 4244 ὃς
1092 4183 1239 4234 ἐστιν
1262 4182 1290 4235 0
1314 4183 1567 4254 Χριστὸς,
1595 4184 1944 4255 συμϐέόηκεν

372 4274 511 4343 μετὰ
551 4273 651 4342 τὴν
691 4270 888 4325 ἑαυτοῦ
928 4272 1343 4344 ὲνανθρώπησιν
1366 4316 1382 4341 ,
1412 4275 1501 4328 ὅτε
1543 4276 1796 4341 θάνατος,
1849 4277 1945 4330 καὶ

305 4357 309 4361 ’
372 4358 541 4416 eam
588 4364 689 4415 ὅσα
751 4365 865 4426 τοῖς
918 4364 1086 4434 ἱεροῖς
1146 4365 1499 4434 Εὐαγγελίοις
1541 4368 1943 4440 ἐγγέγραπται.

384 4452 547 4506 Ἀλλὰ
579 4452 841 4523 μηδαμῶς
875 4454 1239 4523 ὑποληπτέον,
1275 4455 1439 4510 αὐτὸν
1466 4458 1944 4530 ὑπομεμενηκέναι

368 4560 425 4598 τι
447 4543 652 4596 τούτων
677 4544 892 4614 ἀνάγκη
937 4545 997 4598 τὸ
1036 4546 1323 4619 παράπαν,
1359 4546 1478 4599 ἀλλ’
1525 4548 1757 4616 ἑκουσίῳ
1784 4548 1944 4619 θελή-

2048 3361 2565 3430 contemplationem
2611 3374 2768 3414 suam
2827 3359 3092 3416 adhibere
3145 3360 3312 3432 379
3370 3363 3630 3421 omnibus

2042 3453 2175 3517 illis,
2208 3467 2330 3522 qua:
2363 3452 2416 3506 in
2448 3466 2515 3506 eo
2543 3459 2813 3505 vocantur
2868 3451 3147 3516 humana,
3182 3461 3237 3507 et
3295 3469 3631 3525 cognoscere

2044 3543 2319 3614 quomodo
2375 3542 2520 3597 facta
2565 3541 2811 3598 fuerunt.
2867 3540 3221 3613 Quaecunque
3290 3547 3437 3599 enim
3498 3557 3632 3603 sunt

2043 3634 2258 3697 mortis,
2286 3632 2497 3686 minora
2533 3620 2877 3702 sunt,.quam
2904 3647 3027 3704 quae
3066 3633 3331 3688 dicuntur
3362 3636 3632 3694 humana.

2046 3723 2105 3779 Si
2138 3724 2285 3779 enim
2345 3739 2495 3780 mors
2530 3732 2656 3795 apte
2710 3725 2923 3780 dicitur
2952 3727 3143 3781 aeterni
3177 3727 3323 3795 Filii,
3362 3729 3623 3784 sicutex-

2051 3817 2314 3887 plicatum
2344 3825 2455 3882 est,
2494 3832 2602 3872 non
2636 3818 2983 3888 pertingente
3013 3821 3272 3891 passione
3302 3819 3357 3875 in
3379 3821 3636 3876 divinita-

2045 3915 2152 3963 tem
2179 3927 2193 3973 ;
2222 3924 2346 3977 quae
2370 3918 2500 3963 sunt
2529 3909 2667 3962 citra
2691 3919 2927 3964 mortem
2959 3910 3220 3978 humana,
3252 3914 3430 3968 multo
3462 3917 3637 3986 magis

2044 4000 2323 4064 convenit,
2364 4009 2426 4054 ut
2447 3998 2517 4054 de
2546 4008 2613 4053 eo
2639 4000 2916 4065 dicantur,
2960 4001 3110 4055 nulla
3141 4004 3403 4072 passione
3416 4006 3635 4060 'divini-

2047 4097 2220 4145 tatem
2264 4090 2389 4160 ejus
2439 4092 2767 4161 attingente.
2801 4090 2927 4145 Haec
2966 4092 3140 4163 igitur
3171 4095 3432 4159 humana,
3490 4095 3636 4152 sicut

2042 4180 2252 4234 dictum
2299 4189 2387 4237 est
2437 4183 2614 4248 prius,
2662 4192 2867 4237 aeterno
2899 4182 3059 4247 Filio,
3090 4185 3185 4254 qui
3232 4195 3317 4240 est
3345 4184 3631 4265 Christus,

2047 4273 2372 4328 acciderunt
2414 4283 2539 4344 post
2563 4290 2788 4330 carnem
2830 4284 3196 4348 assumptam,
3231 4294 3380 4335 mors
3415 4282 3635 4339 scilicet

2043 4374 2100 4421 et
2128 4367 2234 4420 alia
2265 4382 2608 4438 quaecunque
2655 4371 2709 4423 in
2746 4368 3058 4438 Evangeliis
3093 4371 3301 4442 scripta
3336 4381 3488 4429 sunt.
3523 4374 3632 4432 Sed

2044 4472 2395 4527 nequaquam
2445 4453 2872 4515 existimandum
2944 4467 3030 4515 est
3084 4462 3381 4533 quidquam
3431 4464 3629 4519 horum

2047 4549 2364 4604 necessario
2394 4551 2619 4605 omnino
2638 4552 2997 4622 sustinuisse,
3040 4554 3137 4609 sed
3168 4557 3498 4622 voluntarie,
3521 4557 3633 4613 nisi

372 4650 539 4705 ματι·
567 4633 707 4702 πλὴν
754 4635 835 4687 ὅτι
873 4636 1039 4706 ἡνίκα
1076 4637 1249 4691 ταῦτα
1289 4636 1482 4691 παθεῖν
1507 4638 1778 4703 ἐϐούλετο,
1827 4657 1937 4694 συνε

2053 4640 2198 4708 quod
2228 4640 2451 4711 quando
2475 4643 2691 4698 volebat
2722 4644 2833 4698 hau:
2868 4644 3004 4713 pati,
3032 4646 3319 4701 accidebat
3356 4647 3434 4700 illi
3466 4649 3634 4703 modo

371 4728 587 4782 έὸαινεν
612 4727 790 4798 αὐτῷ,
829 4728 953 4782 καθ’
981 4729 1041 4782 ὃν
1061 4732 1199 4801 ἡμῖν
1240 4731 1529 4800 συμϐαίνει
1561 4732 1792 4800 φυσικὸν
1823 4732 1952 4803 τρό-

2048 4730 2311 4796 naturali,
2339 4745 2449 4800 quo
2507 4732 2668 4787 nobis
2714 4734 2955 4787 accidit:
2986 4750 3055 4789 ne
3088 4736 3499 4793 existimaretur
3548 4741 3634 4794 in-

373 4835 494 4871 πον.
531 4819 696 4870 Ὥστε
749 4816 824 4888 μὴ
889 4818 1217 4887 νομισθῆναι
1262 4819 1361 4890 τὴν
1416 4819 1733 4890 οἰκονομίαν
1784 4822 1937 4875 αὐτοί

2052 4816 2330 4876 ειιτιὶειιίυ’
2359 4822 2480 4891 ejus
2539 4823 2710 4889 ﬁctio,
2750 4833 2802 4879 et
2835 4835 2893 4878 ut
2917 4827 3191 4881 sententia
3218 4837 3408 4883 contra
3436 4829 3633 4885 diabo-

373 4909 675 4979 φαντασίαν
695 4947 711 4974 ,
736 4910 832 4962 καὶ
856 4909 1007 4972 ὅπως
1038 4912 1072 4980 ἡ
1111 4909 1255 4989 κατά
1274 4909 1369 4963 τοῦ
1398 4910 1937 4980 διαϐόλουκάπόφασις

2054 4917 2163 4970 lum
2206 4917 2996 4988 pronuntiatajustiﬁearetur,
3031 4935 3062 4974 a
3094 4937 3203 4991 quo
3239 4922 3341 4976 hac
3377 4925 3633 4980 incarna-

370 4998 662 5069 δικαιωθῇ,
699 4998 760 5063 ἐξ
793 4992 855 5053 οὗ
885 4998 1060 5071 ταύτῃ
1093 5003 1158 5071 τῇ
1205 5002 1492 5073 οἰκονομίᾳ
1521 5001 1580 5054 τὸ
1607 5003 1714 5055 τῶν
1746 5003 1937 5072 ἀνθρώ

2059 5009 2209 5064 tione
2234 5025 2406 5079 genus
2438 5011 2736 5065 humanum
2767 5011 3019 5067 redemit.

372 5106 493 5143 πων
524 5088 870 5159 ὲλυτρώσατο
899 5091 1077 5158 γένος.

443 5177 596 5243 Εἶδος
645 5180 693 5233 δ’
734 5178 831 5234 οὖν
878 5181 989 5234 τῶν
1035 5181 1186 5253 αὐτῷ
1228 5183 1553 5253 συμδάντων
1593 5183 1985 5257 ἀνθρωπίνων¹

2128 5185 2301 5241 Unam
2343 5196 2527 5244 autem
2561 5167 2805 5260 .speciem
2851 5207 3043 5246 eorum
3101 5208 3222 5261 qua:
3263 5193 3501 5250 humana
3543 5211 3638 5250 ac-

371 5267 672 5340 κατάδηλον
703 5274 1026 5344 ποιήσομαι,
1055 5274 1140 5327 ἴνα
1170 5274 1229 5328 τδ
1259 5276 1425 5346 ῥηθὲν
1461 5275 1750 5346 βεϐαιώσω
1770 5295 1785 5307 ·
1812 5277 1937 5331 ἔστιι

2053 5278 2309 5333 ciderunt
2335 5280 2409 5345 ei,
2441 5282 2759 5349 declarabo,
2802 5283 3036 5353 utquod
3086 5284 3296 5339 dictum
3357 5294 3443 5342 cst
3499 5302 3634 5341 coa-

369 5364 430 5417 δὲ
484 5366 519 5435 ἡ
571 5366 752 5418 πεῖνα.
810 5364 943 5417 Ὅτε
992 5365 1056 5436 δὴ
1101 5366 1212 5437 γάρ
1265 5369 1459 5439 πεινᾷν
1498 5371 1526 5422 ὁ
1552 5368 1723 5432 ἀΐδιος
1761 5368 1937 5438 ἠθελει

2055 5372 2264 5426 ﬁrmem
2313 5374 2437 5429 :sit
2482 5374 2680 5442 fames,
2732 5377 3031 5445 loquamur
3081 5376 3148 5432 de
3206 5377 3368 5433 fame.
3402 5378 3636 5445 Quando

372 5453 522 5522 Υἰος,
553 5453 697 5523 ὲφίει
731 5456 799 5526 τῇ
826 5455 1023 5509 ἑαυτοῦ
1050 5458 1217 5527 σαρκὶ
1247 5457 1347 5530 τὴν
1382 5457 1475 5513 τοῦ
1515 5459 1678 5531 ἀέρος
1707 5459 1951 5529 εἰσδέχε-

445 5696 486 5727 ﬂ
533 5719 573 5776 l'.
622 5721 1018 5791 ἀνθρωπίνοις.

2055 5462 2238 5517 noluit
2298 5471 2544 5520 aeternus
2598 5464 2776 5521 Filius
2830 5466 3067 5535 esurire,
3128 5467 3347 5523 sinebat
3408 5483 3633 5524 carnem

1660 5631 1893 5687 VARle
1940 5634 2345 5691 LECTIONES.
