3928 6130
533 294 666 358 1Ξι19

1746 291 2140 351 THEonont
2189 292 2558 351 ABUCABE
3555 313 3645 380 προ

527 422 684 460 suam
727 403 978 472 excipere
1015 402 1121 457 vim
1165 401 1328 469 aeris,
1369 410 1430 456 ut
1467 419 1560 458 aer
1617 405 1707 457 illa
1750 406 2079 475 exprimeret

2212 406 2335 457 σθαι
2382 405 2629 475 δύναμιν,
2682 405 2823 459 ὦστε
2855 406 2944 459 τὸν
2974 408 3102 479 ἀέρα
3140 412 3266 466 κατὰ
3301 416 3386 487 τὴν
3409 419 3644 490 ἐπιφάνειαν

523 512 648 565 qua:
691 494 1174 565 persuperfieiem
1210 493 1401 548 carnis
1432 505 1561 549 sunt
1609 497 1666 549 in
1726 498 1879 567 poris
1928 504 2093 551 cutis.

525 588 737 643 Deinde
768 602 898 657 pars
934 586 1123 641 carnis
1154 586 1520 657 propinquior
1551 590 1689 655 aeri,
1739 605 1802 642 ex
1839 588 2097 644 membris

522 679 861 743 attrahebat,
892 677 1096 747 quibus
1139 677 1544 748 appropinquat
1590 694 1718 747 pars
1766 695 1830 733 ex
1862 695 1968 748 qua
2001 696 2098 734 aer

522 769 782 823 hauritur
823 785 839 833 ;
888 777 942 820 et
981 766 1072 819 illa
1111 766 1355 821 membra
1380 767 1747 822 extrahebant
1780 784 1846 822 ex
1899 769 2095 823 vacuis

521 858 911 928 receptaculis,
947 857 1151 927 quibus
1176 868 1417 927 semper‘
1443 858 1833 927 suppeditatur
1859 876 1927 913 ex
1959 874 2095 913 con-

520 954 776 1008 veniente
826 951 1091 1005 alimento
1132 950 1391 1020 digestio,
1421 966 1545 1019 qua:
1575 966 1642 1005 ex
1668 951 1823 1004 venis
1846 952 2093 1019 ipsorum

520 1043 893 1099 membrorum
945 1041 1015 1096 ab
1053 1041 1253 1109 hepate
1283 1041 1576 1106 educitur;
1622 1057 1775 1097 vena:
1809 1053 1993 1096 autem
2025 1056 2093 1095 ex

520 1136 756 1203 hepate;
788 1133 957 1202 hepar
980 1148 1111 1187 vero
1136 1147 1202 1186 ex
1220 1132 1434 1187 duabus
1455 1134 1631 1198 vertis,
1656 1148 1778 1202 quae
1802 1149 1866 1186 ex
1892 1141 2097 1186 stoma-

517 1227 622 1279 cho
639 1225 931 1289 oriuntur;
957 1223 1040 1277 hae
1059 1224 1183 1277 dua:
1204 1239 1354 1278 vente
1379 1224 1675 1278 trahebant
1694 1239 1756 1277 ex
1788 1223 2094 1279 stomacho.

518 1318 857 1371 Stomachus
892 1316 1065 1386 igitur
1112 1317 1438 1371 exinanitus
1474 1316 1711 1384 requirit
1760 1323 1817 1368 ut
1880 1315 2096 1369 extrin-

518 1424 680 1463 secus
719 1408 1105 1478 suppeditetur
1128 1409 1468 1461 alimentum.
1505 1405 1618 1460 iloc
1654 1407 1838 1469 modo,
1873 1404 2096 1467 fratres,

514 1512 727 1556 aeterno
764 1499 909 1554 Filio
941 1500 1145 1553 accidit
1171 1497 1370 1554 fames.
1394 1496 1692 1552 Voluntate
1725 1496 1868 1573 enim
1899 1495 2096 1560 libera,

517 1609 626 1646 non
663 1592 998 1646 necessitate
1049 1589 1292 1644 naturali
1327 1590 1583 1644 esurivit.
1636 1588 1810 1657 Cujus
1858 1586 1937 1640 rei
1982 1586 2099 1640 evi-

513 1683 653 1738 dens
710 1691 1096 1753 argumentum
1153 1690 1239 1735 est
1306 1679 1477 1751 quod,
1541 1694 1665 1734 cum
1727 1677 2093 1748 quadraginta

512 1774 712 1829 diebus
747 1781 801 1828 et
842 1772 1102 1827 noctibus
1143 1772 1471 1841 jejunasset,
1520 1778 1711 1838 postea
1759 1768 1981 1823 esuriit.
2033 1767 2090 1822 Si
2126 1753 2167 1807 Β

466 1882 477 1886 ί
511 1866 662 1918 enim
701 1878 798 1919 aer
827 1869 1159 1932 potestatem
1194 1864 1248 1915 in
1283 1875 1506 1915 carnem
1540 1860 1663 1929 ejus
1694 1859 1999 1921 habuisset,
2033 1868 2092 1912 ut

514 1960 568 2009 in
602 1970 823 2009 carnem
882 1953 1154 2022 cujusque
1211 1959 1485 2018 nostrum,
1542 1966 1653 2005 non
1710 1965 1882 2004 unum
1920 1949 2086 2012 diem,

514 2045 597 2098 vel
628 2043 792 2105 duos,
833 2042 917 2096 vel
944 2052 1057 2096 tres
1096 2042 1481 2113 transegisset,
1512 2055 1801 2110 quousque
1831 2040 2089 2102 esuriret,

513 2136 658 2190 sicut
689 2134 896 2188 factum
942 2133 997 2187 in
1030 2149 1098 2188 eo
1125 2149 1253 2189 esse
1288 2133 1555 2191 videmus.
1595 2133 1702 2189 Sed
1736 2134 1959 2204 quando
1991 2148 2091 2187 vo-

513 2229 695 2291 lebat,
759 2226 1114 2295 permittebat
1171 2233 1382 2281 natura:
1452 2235 1509 2279 ut
1573 2242 1695 2296 qua:
1754 2233 1914 2281 erant
1969 2227 2091 2295 ejus

510 2328 838 2391 operaretur
923 2326 978 2374 et
1032 2319 1370 2374 ostenderet.
1405 2318 1570 2389 380
1618 2317 1882 2372 Similiter
1922 2316 2087 2371 etiam

511 2420 745 2467 mortem
780 2410 977 2465 volens
1003 2410 1295 2465 sustinuit.
1329 2409 1533 2463 Audite
1558 2409 1690 2479 quid
1725 2410 1841 2480 ipsa
1868 2406 2089 2462 Veritas

511 2501 578 2555 de
611 2516 670 2555 se
704 2500 898 2555 dicat:
939 2497 1314 2555 «Potestatem
1354 2498 1531 2553 habeo
1570 2482 1807 2567 ponendi
1849 2497 2087 2552 animam

513 2605 713 2655 meam,
767 2599 820 2645 et
851 2596 1181 2659 potestatem
1219 2588 1400 2643 habeo
1432 2588 1629 2643 iterum
1658 2587 1906 2643 sumendi
1942 2601 2085 2641 eam.

512 2682 577 2734 Et
607 2696 769 2736 nemo
806 2680 951 2734 tollit
985 2681 1225 2734 animam
1259 2694 1433 2733 meam
1466 2694 1496 2732 a
1527 2695 1610 2734 me
1634 2679 1678 2734 ί.
1713 2698 1732 2731 ι
1786 2675 1857 2733 Ut
1901 2685 2087 2733 autem

510 2775 738 2839 clarius,
771 2788 891 2843 qua:
924 2771 1209 2837 dicuntur,
1253 2771 1599 2841 intelligatis,
1635 2770 1752 2825 haec
1781 2769 2000 2825 addam.

579 2952 798 3020 Corpus
875 2949 1003 3003 Adae
1055 2963 1252 3019 purum
1304 2948 1374 3003 ab
1435 2950 1584 3003 omni
1634 2950 1758 3003 labe
1816 2947 2088 3005 formasse

509 3044 677 3097 Deum
734 3040 1029 3113 [formavit
1060 3036 1267 3110 Deus],
1328 3039 1498 3093 nullis
1556 3040 1905 3096 naturalibus
1960 3026 2154 3109 pas-C

507 3131 781 3198 sionibus,
824 3144 854 3183 a
910 3129 1069 3198 culpa
1121 3128 1455 3182 vacantibus
1512 3130 1848 3183 necessitate
1899 3127 2087 3198 subje-

512 3235 681 3286 ctum,
714 3231 772 3275 ut
803 3220 1024 3284 mortis,
1054 3226 1109 3273 ct
1140 3219 1206 3274 iis
1238 3218 1585 3289 passionibus
1630 3233 1755 3289 quae
1805 3227 1937 3274 sunt
1964 3229 2089 3274 ante

510 3324 766 3378 mortem,
821 3321 876 3368 et
929 3328 1050 3381 quae
1080 3320 1202 3382 post
1253 3321 1503 3375 mortem.
1555 3314 1849 3384 Postquam
1902 3323 2116 3394 autem.

507 3405 681 3459 Adam
710 3420 808 3460 sua
840 3406 1126 3459 voluntate
1161 3406 1406 3462 divinum
1439 3407 1759 3461 mandatum
1810 3409 2085 3475 transivit,

507 3504 559 3548 et
593 3494 695 3549 sub
732 3502 957 3565 peccato
984 3496 1206 3563 cecidit,
1261 3506 1317 3550 et
1356 3498 1600 3566 pollutus
1635 3509 1747 3564 cst,
1803 3501 2089 3570 passiones

508 3587 791 3642 naturales
828 3602 858 3641 a
883 3589 1050 3659 culpa
1089 3598 1351 3644 vacantes
1383 3590 1676 3645 dominata:
1696 3600 1827 3647 sunt
1857 3594 1915 3646 in
1939 3608 2087 3661 eum,

508 3697 655 3737 mors
704 3681 944 3745 scilicet,
987 3688 1042 3734 et
1076 3695 1200 3750 quae
1247 3690 1377 3736 ante
1429 3693 1685 3747 mortem,
1719 3691 1774 3739 et
1815 3701 1937 3754 qum
1968 3695 2090 3756 post

507 3778 762 3825 mortem.
796 3769 878 3824 Ob
916 3768 1058 3823 hanc
1109 3784 1337 3824 causam
1394 3773 1699 3843 cogebatur
1737 3773 1908 3839 Adam
1958 3791 2087 3831 esu-

507 3863 638 3926 rire,
673 3869 724 3915 et
750 3861 925 3925 sitire,
956 3875 1019 3915 ac
1053 3863 1215 3915 mori.
1257 3862 1318 3916 Et
1352 3874 1476 3934 post
1518 3878 1749 3921 mortem
1800 3868 2086 3938 corruptio

504 3953 777 4028 corporis,
832 3960 885 4007 et
918 3966 1264 4022 quaecunque
1295 3956 1380 4012 his
1419 3963 1553 4012 sunt
1587 3958 1792 4015 similia
1834 3958 2087 4014 domina-

505 4055 619 4099 tum
650 4044 705 4098 in
739 4059 864 4099 eum
899 4044 1195 4099 habebant.
1234 4044 1500 4103 IEtcrnus
1530 4058 1712 4104 tamen
1756 4049 1926 4105 Filius
1961 4065 2088 4106 cor-

505 4154 604 4205 pus
638 4137 1314 4213 Adama'umassumpsit,
1342 4139 1394 4194 id
1428 4152 1533 4207 est,
1572 4143 1688 4211 ipse
1720 4143 1828 4197 sibi
1860 4160 1925 4198 ex
1955 4159 2086 4199 san-

478 4228 766 4298 ~guinibus
813 4228 1131 4298 purissimis
1191 4230 1566 4286 sanctissimae
1618 4232 1855 4303 Virginis
1902 4234 2088 4289 Maria:

2200 497 2398 564 αὐτῆς,
2452 502 2508 550 ἐν
2559 499 2672 560 τοῖς
2708 497 2785 568 τῷ
2829 499 3055 568 δέρματι
3095 504 3267 573 πόροις
3307 508 3642 579 ἁναμάττεσθαι,

2199 582 2332 639 Εἶτα
2368 589 2431 639 τὸ
2461 590 2892 658 προσεχέστερον
2929 591 3007 662 τῷ
3030 593 3148 663 ἀέρι
3190 597 3280 665 τῆς
3310 602 3481 670 σαρκὸς
3503 607 3643 676 μέρος⁹

2197 678 2262 729 ἐκ
2312 677 2421 767 τῷν
2454 678 2632 749 μελῶν
2689 682 2971 733 ἐπεσπᾶτο
3012 678 3090 747 οἷς
3123 685 3186 738 ἂν
3222 689 3485 757 ὲμπελὰςει
3517 698 3645 767 μέρος,

2196 767 2289 833 ἀφ’
2316 760 2377 818 οὗ
2424 769 2453 820 6
2491 768 2600 837 ἀὴρ
2642 769 2929 838 ἀνιμᾶται,
2964 772 3182 825 κάκεῖνα
3208 775 3306 827 τῶν
3331 780 3475 831 κενῶν

2195 859 2560 927 χωρημάτων,
2607 854 2686 922 οἷς
2732 861 2815 912 ἀεὶ
2862 865 3168 931 χορηγεῖταί
3210 883 3288 930 τις
3332 867 3487 934 ἕνυλος
3510 875 3559 926 ἐκ
3581 879 3645 946 τῆς

2195 948 2545 1018 καταλλήλου-
2569 950 2776 1019 τροφῆς
2817 951 3084 1017 ἀνάδοσις,
3116 955 3230 1024 ἥτις
3264 958 3322 1010 ἐκ
3351 959 3441 1011 τῶν
3470 964 3644 1032 ἐμπεφ-

2195 1038 2576 1107 κυιῶναὺτοῖς
2604 1039 2712 1092 ἀπὸ
2740 1040 2834 1093 τοῦ
2864 1042 3066 1112 ἥπατος
3113 1044 3363 1107 ὲξείλκετο
3388 1052 3580 1118 φλεϐῶν·
3608 1057 3644 1108 αἱ

2182 1130 2253 1205 *δὲ
2294 1130 2492 1199 φλέϐες
2541 1132 2604 1183 ἐκ
2651 1130 2745 1184 τοῦ
2789 1133 3033 1201 ἥπατοςν
3062 1134 3122 1187 τὸ
3145 1135 3198 1188 δὲ
3222 1131 3355 1208 ἧπαρ
3386 1143 3441 1192 ὲκ
3475 1144 3557 1197 τῶν
3586 1145 3646 1199 δῦι

2196 1224 2412 1292 φλεϐῶν
2466 1223 2576 1277 τῶν
2643 1225 2753 1278 ἀπὸ
2791 1227 2886 1279 τοῦ
2944 1228 3209 1298 στομάχου
3257 1232 3549 1302 ἐπιφυομένων
3585 1237 3645 1291 6'35

2197 1315 2394 1384 φλέϐες
2444 1310 2604 1369 αὗται
2661 1319 2727 1369 ἐκ
2777 1317 2873 1369 τοῦ
2928 1318 3193 1389 στομάχου
3250 1321 3532 1389 ἀφείλκοντο.
3578 1326 3645 1378 Κε-

2195 1407 2453 1477 νούμενος
2496 1407 2589 1460 οὖν
2633 1408 2661 1460 6
2714 1409 2991 1479 στόμαχος
3037 1410 3133 1481 τὴν
3171 1410 3350 1475 ἔξωθεν
3389 1414 3472 1483 τῆς
3505 1417 3645 1487 τροφῆς

2193 1496 2451 1569 ἐπεζήτει
2480 1498 2765 1568 χορηγίαν.
2793 1500 2951 1553 Κατὰ
2970 1499 3153 1553 τοῦτον
3170 1498 3256 1555 οὖν
3270 1502 3461 1571 ἀδελφοὶ
3476 1504 3547 1556 τὸν
3566 1506 3645 1575 τρό-

2195 1604 2318 1654 πον,
2346 1587 2423 1656 τῷ
2451 1588 2607 1657 ἀϊδίῳ
2634 1587 2750 1659 Υἱῷ
2784 1588 3128 1659 συμϐέϐηκεν
3150 1593 3181 1660 ἡ
3206 1594 3366 1644 πεῖνα.
3392 1592 3643 1663 Δῠτεξουσίῳ

2195 1680 2303 1751 γὰρ
2352 1679 2628 1748 βουλήσει,
2678 1681 2779 1734 οὐκ
2808 1682 3024 1752 ἀνάγκῃ
3059 1684 3253 1752 φυσικῇ
3303 1683 3644 1747 erratum,le

2196 1770 2386 1824 τούτου
2412 1770 2683 1835 ἀπόδειξις
2716 1772 2975 1842 ἐναργὴς,
3008 1773 3093 1824 ὅτε
3121 1756 3481 1842 τεσσαράκοντα
3501 1771 3643 1841 ἡμέρας

2195 1861 2480 1932 διαμείνας
2508 1862 2782 1925 ἀπόσιτος.
2838 1861 3064 1933 ὕστερον
3106 1848 3381 1917 ἐπείνασεν.
3416 1863 3468 1915 Εἰ
3493 1862 3571 1932 γὰρ
3595 1863 3644 1921 tl;

2198 1952 2437 2022 ἑκάστης
2468 1953 2575 2005 τῶν
2606 1953 2894 2024 ἡμετέρων
2925 1955 3164 2024 σαρκῶν,
3194 1955 3282 2008 καὶ
3306 1955 3389 2022 τῆς
3407 1952 3535 2005 αὑτοῦ
3556 1967 3643 2020 σαρ-

2197 2041 2292 2105 κδς
2340 2041 2653 2106 ὲξουσίαζεν
2696 2043 2725 2095 6
2753 2042 2863 2114 ἀὴρ
2889 2083 2904 2109 ,
2940 2043 3041 2096 οὐκ
3094 2045 3158 2098 ἂν
3199 2044 3388 2115 ἡμέραν
3432 2039 3643 2112 διεληλύθει

2200 2132 2327 2202 μίαν
2356 2172 2372 2197 ,
2403 2132 2438 2203 ἢ
2469 2132 2562 2185 δύο
2586 2172 2602 2198 ,
2629 2132 2663 2204 ἢ
2692 2134 2842 2203 τρεῖς
2864 2173 2880 2197 ,
2909 2132 3076 2203 ἄχρις
3102 2133 3167 2187 ἂν
3203 2133 3424 2205 πεινάσῃ,
3447 2129 3583 2191 καθὼς
3607 2130 3644 2180 ὲν

2196 2223 2344 2294 αὐτῷ
2376 2223 2593 2294 ὁρῶμεν
2626 2225 2935 2294 γινόμενον.
2990 2225 3127 2278 Ἀλλ’
3156 2224 3241 2278 ὅτε
3264 2224 3477 2278 ἐϐούλετο
3497 2262 3509 2286 ,
3534 2219 3648 2274 ὲνεδξ·

2195 2315 2287 2368 δου
2314 2318 2380 2385 τῇ
2428 2316 2588 2383 φύσει
2627 2316 2822 2386 καιρὸν
2878 2316 2948 2369 τὰ
2988 2315 3182 2385 ἑαυτῆς
3223 2317 3473 2385 ἐνεργῆσαι
3509 2312 3645 2366 καὶέν·

2195 2404 2497 2470 δεῖξασθαι,
2527 2405 2789 2469 ὡσαύτως
2816 2406 2909 2458 καὶ
2941 2409 3037 2459 τὸν
3063 2407 3279 2461 θάνατον
3302 2404 3421 2458 ἑκὼν
3445 2403 3643 2472 timeare,

2197 2497 2290 2551 καὶ
2329 2496 2499 2566 αὐτῆς
2527 2497 2624 2566 τῆς
2653 2496 2824 2557 ὅντως
2848 2496 3111 2566 ἀληθείας
3138 2499 3258 2567 περὶ
3285 2498 3431 2567 αὐτῆς
3452 2494 3568 2547 τοῦτο
3587 2491 3645 2545 λι-

2196 2586 2399 2657 γούσης
2429 2586 2653 2641 ἀκούετε
2680 2603 2742 2637 ’γι
2797 2586 3082 2651 Ἐξουσίαν
3107 2587 3211 2656 ἔχω
3239 2586 3392 2639 θεῖναι
3422 2585 3499 2653 τὴν
3526 2581 3645 2652 ψυχήν

2199 2693 2324 2746 μου,
2357 2678 2451 2730 καὶ
2481 2676 2729 2743 ἐξουσίαν
2757 2675 2864 2746 ἔχω
2907 2677 3074 2731 πάλιν
3101 2677 3274 2731 λαϐεῖν
3305 2677 3463 2747 αὑτήν.
3492 2672 3570 2727 Καὶ
3588 2669 3648 2725 οὐ-

2195 2768 2305 2831 δεὶς
2338 2770 2483 2839 αῖρει
2513 2768 2682 2839 αὐτὴν
2710 2768 2806 2820 ἀπ’
2839 2769 3000 2839 ἐμοῦ.
3046 2789 3065 2820 ι
3109 2770 3218 2822 Ἵνα
3255 2769 3306 2822 δὲ
3333 2768 3572 2837 σαφέστερα
3602 2760 3645 2814 τὰ

2106 2904 2127 2919 κ
2198 2859 2466 2930 λεγόμενα
2498 2861 2895 2929 κατανοήσητε,
2920 2860 3100 2915 ταῦτα
3131 2861 3480 2933 προσθήσομαι.

2268 2951 2390 3004 Ὅτι
2410 2949 2504 3004 τοῦ
2540 2951 2711 3022 Ἀδὰμ
2735 2952 2794 3004 τὸ
2815 2951 2975 3022 σῶμα
2997 2952 3235 3024 καθαρὸν
3254 2954 3351 3006 ἀπὸ
3366 2950 3523 3011 παντὸς
3538 2946 3644 3017 μολὺ-

2190 3060 2395 3113 σμ-ατος
2412 3042 2649 3096 ἔπλασεν
2668 3044 2696 3096 6
2718 3042 2873 3107 Θεὸς,
2897 3044 2992 3096 ὑπ’
3010 3043 3219 3109 οὐδενὸς
3237 3044 3333 3096 τῶν
3350 3041 3541 3111 φυσικῶν
3550 3039 3646 3091 ἀδια-

2190 3135 2401 3206 ϐλήτων
2413 3134 2601 3188 παθῶν
2614 3137 3032 3202 ἀναγκαστικῶς
3047 3138 3405 3209 κυριευόμενον
3418 3132 3643 3188 (levarem.

2189 3227 2284 3278 καὶ
2322 3225 2430 3279 τῶν
2468 3224 2679 3297 προτοῦ
2713 3226 2947 3280 Θανάτου
2971 3230 3066 3282 καὶ
3089 3228 3224 3299 μετά
3250 3209 3649 3289 θάναὲον.Ἐκουοίᾳ

2188 3316 2244 3369 δὲ
2267 3315 2461 3386 γνώμῃ
2497 3317 2593 3369 καὶ
2636 3317 2980 3388 ὲκουσιότητι
3013 3319 3106 3371 τοῦ
3147 3319 3304 3388 Ἀδὰμ
3329 3318 3412 3388 τὴν
3445 3315 3557 3369 θείαν
3580 3326 3649 3361 πᾶν

2190 3408 2459 3479 ραϐάντος
2487 3407 2709 3474 ἐντολὴν
2735 3447 2751 3474 ,
2783 3409 3154 3474 ὑποπεσόντος
3185 3426 3241 3463 τε
3261 3411 3322 3478 τῇ
3355 3404 3560 3477 ἁμαρτῆ..
3586 3399 3647 3451 καὶ

2190 3499 2569 3570 μολυνθὲντος,
2588 3502 2702 3563 τοῖς
2730 3504 2988 3570 φυσικοῖς
3019 3502 3347 3571 ἁδιαϐλήτοις
3373 3494 3647 3562 ἐδουλώθητε.

2191 3592 2287 3644 καὶ
2322 3591 2726 3662 κατεκυριεύθη
2760 3591 2991 3657 πάθεσι,
3033 3592 3241 3663 θανάτῳ
3260 3609 3314 3646 τε
3335 3632 3348 3657 ,
3382 3585 3555 3655 καὶτῆς
3578 3582 3650 3653 πρ)

2191 3684 2450 3747 θανάτου,
2491 3686 2585 3737 καὶ
2621 3685 2758 3754 μετὰ
2796 3684 3045 3740 θάνατον.
3092 3687 3296 3739 Ὀθενό
3335 3682 3475 3751 Ἀδὰμ
3501 3676 3647 3746 πεινᾷν.

2190 3773 2283 3826 καὶ
2329 3771 2487 3842 διψᾷν
2517 3814 2531 3837 ,
2567 3774 2663 3826 καὶ
2709 3772 2966 3842 θνήσκειν
3000 3776 3213 3847 ἀνάγκῃ
3252 3762 3650 3833 κατεϐιάζετο,καὶ

2190 3861 2422 3915 θάνατον
2443 3860 2761 3933 ήδιαφθορὰ
2777 3861 2870 3915 τοῦ
2895 3863 3149 3935 σώματος
3170 3862 3322 3917 αὑτοῦ
3342 3850 3649 3919 κατεξουώζεν

2190 3954 2285 4007 καὶ
2314 3954 2414 4011 ὅσα
2453 3954 2661 4018 τούτοις
2707 3950 2846 4026 ἦσαν
2893 3956 3080 4026 ὃμοια.
3127 3956 3183 4007 '0
3216 3954 3382 4024 μέντοι
3420 3948 3548 4007 ἀΐδιος
3567 3940 3650 4001 Υἱὶί

2187 4045 2249 4097 τὸ
2310 4045 2621 4114 Ἀδαμιαίον
2679 4044 2909 4099 ἀνέλαϐε
2973 4047 3157 4116 σῶμα,
3200 4046 3335 4098 τοῦτ’
3383 4042 3502 4093 ἔστιν
3542 4031 3650 4088 αὐτὸς
3744 4088 3759 4117 ³

2190 4135 2370 4206 ἐαυτῷ
2436 4137 2501 4188 ὲκ
2559 4135 2669 4188 τῶν
2714 4136 3006 4206 ἀχράντων
3058 4137 3300 4206 αἱμάτων
3344 4135 3428 4202 τῆς
3461 4122 3650 4190 navali“

2190 4226 2467 4298 Παρθένου
2502 4225 2718 4295 Μαρίας
2756 4226 3091 4280 διεπλάσατο
3133 4226 3374 4293 καθαρὸν,
3412 4223 3489 4273 καὶ
3516 4212 3651 4269 παγεὶς

503 4335 702 4390 corpus
752 4334 978 4389 purum,
1018 4327 1072 4373 et
1123 4320 1191 4374 ab
1222 4320 1372 4374 omni
1415 4323 1630 4376 macula
1684 4324 1913 4379 liberum
1972 4325 2081 4381 for-

2192 4318 2393 4388 μύσους
2431 4318 2702 4387 ἁμαρτίας
2761 4317 3068 4387 ἐλεύθερον.
3111 4318 3289 4387 Ταύτῃ
3318 4331 3387 4365 τοι
3412 4310 3475 4379 τῷ
3504 4304 3651 4365 Θανάτῳ

501 4412 691 4465 mavit.
750 4409 864 4464 Hac
893 4409 962 4464 de
991 4424 1161 4465 causa
1195 4426 1304 4465 non
1337 4412 1529 4467 habuit
1576 4429 1724 4470 mors
1783 4414 2076 4485 imperium

2184 4413 2306 4463 κατ’
2345 4408 2513 4463 αὐτοῦ
2557 4409 2758 4479 κράτος
2789 4408 2888 4461 οὐκ
2922 4405 2993 4479 ἦν
3013 4448 3028 4468 .
3061 4407 3185 4460 οὔτε
3218 4407 3318 4476 πρὸ
3338 4402 3528 4456 θανάτου
3546 4394 3651 4444 πεῖνα

500 4490 552 4556 in
583 4517 731 4567 eum,
767 4517 868 4556 nec
896 4510 1023 4555 ante
1055 4511 1311 4570 mortem,
1360 4504 1532 4560 fames
1580 4488 1811 4573 scilicet,
1855 4518 1909 4560 et
1946 4509 2078 4563 alia-

498 4608 618 4646 rum
651 4592 1002 4660 passionum,
1040 4605 1161 4658 quac
1194 4592 1523 4660 reprehendi
1560 4610 1668 4648 non
1704 4597 1903 4664 possit,
1937 4599 2077 4653 mule

498 4684 696 4746 titndo,
729 4689 785 4735 ut
808 4680 1098 4736 docuimus
1127 4698 1141 4747 ;
1182 4698 1357 4752 neque
1380 4695 1501 4754 post
1535 4698 1765 4743 mortem
1795 4694 2082 4762 corruptio

496 4773 972 4844 eorporum,quod
989 4773 1226 4829 Davidin
1250 4775 1468 4832 Psalmo
1489 4782 2071 4852 praedixit,inqniens:

500 4886 517 4917 ι
546 4867 658 4921 Non
693 4867 1042 4935 derelinques
1079 4866 1317 4921 animam
1357 4886 1531 4924 meum
1583 4872 1640 4927 in
1678 4872 1899 4930 inferno
1935 4891 2075 4941 ;ne-

493 4975 598 5027 que
634 4958 791 5012 dabis
831 4958 1086 5012 san’ctum
1115 4965 1266 5010 tuum
1297 4960 1483 5015 videre
1519 4964 1930 5034 corruptionem
1962 4963 1976 5016 i
2008 5006 2023 5020 .
2049 4984 2067 5017 ι

565 5046 672 5102 Sed
717 5046 850 5116 quid
898 5062 960 5102 ea
1015 5062 1140 5118 qua:
1189 5048 1256 5103 ab
1310 5049 1434 5105 aliis
1467 5051 1704 5109 decursa
1758 5066 1908 5125 sunt,
1947 5058 2077 5112 sub-

489 5141 697 5209 jiciam,
736 5149 791 5193 et
819 5143 944 5206 fnon
1000 5141 1184 5210 potius
1234 5145 1555 5198 summatim
1594 5146 1817 5202 dicam?
1869 5165 2074 5221 corpus

2176 4502 2239 4571 δή
2270 4517 2435 4571 φημι,
2470 4478 2689 4553 καὶτῶν
2718 4478 3170 4564 ἄλλωνίῥυσικὼν
3201 4493 3496 4560 ἀδιαϐλήτων
3521 4478 3652 4571 παΘῷ

2384 4591 2458 4654 ὡς
2476 4590 2865 4660 ἀπεδείξαμενο
2884 4588 3009 4641 οὔτε
3035 4591 3144 4658 μὴν
3165 4590 3227 4657 τῇ
3246 4586 3374 4656 μετὰ
3393 4567 3653 4661 Beiram???”

2184 4656 2454 4752 σιομάτων
2498 4656 2765 4750 διαφθορᾷ
2790 4718 2805 4743 ,
2839 4678 2907 4748 ἢν
2945 4656 3111 4731 Δαυῖδ
3136 4681 3163 4730 ὁ
3194 4656 3452 4739 θεοπάτωρ
3474 4656 3653 4752 μελῳὸᾤν

2183 4772 2658 4844 προανεφώνησεν,
2686 4773 2767 4824 ὅτι
2805 4790 2823 4821 ι
2860 4768 2974 4825 Οὐκ
3017 4766 3414 4838 ἐγκαταλείψεις
3432 4762 3511 4829 τὴν
3534 4750 3654 4823 φυήν

2184 4882 2285 4935 μου
2322 4866 2399 4927 εἰς
2433 4863 2591 4934 ᾅδην,
2618 4861 2736 4915 οὐδὲ
2759 4859 2951 4923 δώσεις
2986 4861 3078 4913 τὸν
3094 4860 3239 4913 ὅσιόν
3262 4875 3348 4910 σου
3378 4855 3484 4907 ἰδεῖν
3497 4843 3655 4912 διαφθο-

2181 4958 2299 5027 ράν.
2348 4976 2365 5008 ι

2250 5046 2314 5101 Τί
2353 5049 2416 5119 δή
2461 5065 2549 5118 μοι
2586 5047 2651 5100 τὰ
2698 5047 3093 5116 πεπερασμένα
3127 5045 3446 5099 ὑποτάττειν,
3480 5031 3585 5088 ἁλλὶ
3605 5023 3654 5093 μὴ

2178 5143 2481 5215 συλλήϐδην
2508 5138 2788 5213 ἐρεῖν;’ὂτι
2814 5140 2872 5193 τὸ
2893 5139 2985 5193 τοῦ
3012 5140 3184 5193 ἁῖδίου
3215 5136 3336 5192 Υἱοῦ
3365 5133 3516 5201 σῶμα,
3534 5126 3653 5189 dmi“

489 5228 699 5283 scilicet
726 5230 919 5284 aeterni
950 5228 1076 5283 Filii
1108 5245 1136 5283 a
1172 5230 1444 5303 principio
1475 5249 1589 5289 sua:
1639 5235 1984 5295 formationis
2010 5249 2064 5295 et

2180 5238 2276 5309 χῆς
2311 5237 2407 5305 τῆς
2440 5233 2636 5286 ἑαυτοῦ
2667 5232 3029 5296 διαπλάσεως,
3058 5231 3272 5301 καὶτῆς
3302 5225 3415 5281 καθ’
3439 5220 3655 5309 ὑπόστεσίν

488 5318 713 5374 unionis
745 5320 1107 5391 hypostaticze
1130 5321 1251 5377 sine
1277 5324 1630 5394 confusione,
1665 5329 2063 5396 perfectissime

2180 5330 2266 5383 τοῦ
2292 5328 2459 5382 ἀϊδίου
2488 5323 2615 5377 Υῐοῦ
2647 5322 2948 5393 ἀσυγχύτου
2983 5320 3251 5385 ὲνὼσεως,
3278 5318 3369 5390 τὴν
3394 5302 3656 5368 τελειοτάτην

490 5411 801 5466 tleilicatum
833 5428 981 5478 esse,
1031 5420 1085 5466 et
1120 5412 1324 5469 factum
1373 5418 1490 5473 sine
1545 5423 1846 5477 mutatione
1908 5424 2059 5478 illum

2180 5420 2380 5486 ὲθεώῦη
2400 5417 2616 5478 θέωσιν.
2642 5415 2736 5467 καὶ
2760 5414 2980 5481 γέγονεν
2998 5412 3285 5482 ἀτρέπτως
3302 5410 3428 5475 ὅπερ
3441 5403 3492 5455 τὸ
3502 5396 3656 5489 χρίῗῗῆ

499 5504 579 5571 μή
617 5502 795 5569 unxit,
841 5511 913 5571 ct,
942 5503 1117 5558 audeo
1146 5503 1330 5561 dicere
1364 5508 1607 5577 ὁμόθεον.
1656 5511 1854 5566 Verum
1896 5524 2054 5569 teter-

2180 5516 2261 5565 m
2293 5511 2479 5581 ϐειιὶρῶ
2516 5508 2719 5576 λέγειν,
2757 5505 2996 5575 ὁμόθεον.
3034 5503 3175 5555 Ἀλλ’
3213 5504 3240 5554 6
3265 5500 3418 5560 ἀΐδιος
3445 5480 3650 5550 regite

570 5681 579 5715 ί
619 5676 776 5734 Jnan.
822 5698 872 5743 Χ,
908 5684 990 5737 18.
1108 5696 1120 5733 1
1173 5685 1316 5737 Psal.
1368 5703 1449 5748 δι’,
1486 5688 1569 5740 1-³.
