3928 6130
299 283 428 352 1521

1655 283 2070 346 OPUSCULA.

3412 284 3546 346 1522

293 399 440 454 λοντι
464 399 722 451 ἐνέδωκεν
751 397 898 468 αὐτῷ
929 397 1160 466 διάγειν,
1198 395 1338 451 κατά
1371 395 1472 466 τὴν
1505 397 1614 450 τῶν
1647 399 1859 468 ἀνθρω-

1966 409 2068 450 nus
2107 391 2276 448 Filius
2313 392 2504 448 volens
2541 389 2822 446 concessit
2869 393 2916 447 ei
2965 393 3164 464 degere
3186 392 3352 449 vitam
3391 413 3542 452 more

296 490 467 542 πίνων
491 489 756 558 σωμάτων
777 489 1076 558 διαγωγὴν,
1100 490 1184 544 ἵνα
1201 489 1290 542 τὸν
1317 489 1414 559 μὲν
1435 491 1680 545 διάϐολον
1705 491 1863 562 λάθῃ,

293 579 392 646 τῆς
414 577 470 629 δὲ
501 576 664 628 αὐτοῦ
685 578 954 647 σωτηρίου
975 578 1288 648 οἰκονομίας
1311 581 1539 648 γένηται
1561 579 1824 642 πίστωσις
1849 595 1862 609 ·

292 671 388 722 καὶ
427 669 712 740 πειραθείη
739 671 848 724 τῶν
874 671 1660 742 σκυθρωπῶν,καὶδέξηταιτά
1694 671 1861 740 πάθη,

293 758 384 810 καὶ
431 757 524 810 τὸν
557 758 786 814 θάνατον
820 761 962 830 ὑπὲρ
1003 761 1164 831 ἡμῶν
1209 762 1479 832 ὑπομείνῃ
1521 761 1770 831 ἀληθείᾳ,
1803 762 1862 813 οὐ

293 849 584 920 φαντασίᾳ.
616 851 918 920 Πληρώσας
942 852 1000 904 δὲ
1026 853 1203 904 πᾶσαν
1221 851 1386 906 αὐτοῦ
1413 853 1511 922 τὴν
1533 853 1861 922 οἰκονομίαν,

292 940 528 1004 ἀνέδειξε
562 941 701 1010 μετὰ
731 941 830 1008 τὴν
855 941 1046 995 ἑαυτοῦ
1075 941 1138 996 ἐκ
1157 943 1366 1012 νεκρῶν
1393 943 1687 996 ἀνάστασιν
1711 943 1768 994 ὲν
1797 944 1862 1010 τῇ

295 1030 400 1099 ἰδίᾳ
433 1032 595 1102 σαρκὶ
623 1032 722 1100 τὴν
750 1031 910 1096 δόξαν
941 1033 1040 1102 τῆς
1064 1033 1256 1086 ἑαυτοῦ
1287 1032 1556 1102 θεότητος.
1605 1032 1742 1086 Ἀλλ’
1777 1032 1865 1086 ἵνα

295 1121 367 1187 μὴ
420 1120 702 1188 νομιστέον
746 1120 954 1190 ταύτην
999 1122 1096 1191 τὴν
1125 1121 1303 1188 δόξαν,
1356 1123 1454 1192 τὴν
1487 1125 1546 1176 ἐν
1586 1125 1652 1192 τῇ
1697 1123 1863 1192 σαρκῖ¹

290 1207 384 1260 τοῦ
414 1208 582 1261 ἀϊδίου
616 1207 745 1261 Υίοῢ
769 1249 784 1272 ,
828 1209 966 1280 μετά
993 1211 1092 1279 τὴν
1123 1212 1187 1264 ὲκ
1214 1211 1387 1278 τάφου
1427 1211 1644 1281 ἔγερσιν
1673 1211 1864 1264 ἀναδε-

290 1297 578 1366 δειγμένην
599 1298 798 1362 ἔξωθεν
829 1299 1186 1368 ἐπεισελθεῖν,
1217 1302 1354 1355 ἀλλά
1380 1303 1689 1373 φανέρωσιν
1720 1301 1860 1370 εἶναι

291 1389 390 1458 τῆς
422 1391 480 1442 ὲν
515 1391 650 1461 αὐτῇ
703 1393 1092 1462 κεκρυμμένης
1120 1395 1214 1447 ἀπ’
1254 1395 1430 1463 ἀρχῆς
1457 1395 1558 1465 τῆς
1591 1395 1712 1449 καθ’
1740 1395 1865 1450 ὑπό-

295 1493 484 1530 στασιν
509 1479 814 1549 ἀσυγχύτου
837 1481 1081 1544 ἑνώσεως
1105 1498 1120 1513 ο
1161 1483 1350 1536 τούτου
1377 1485 1432 1536 δὲ
1466 1486 1738 1555 μαρτυρία
1764 1501 1864 1540 σα-

293 1568 420 1636 φὴς,
447 1569 536 1621 ὅτε
561 1569 666 1640 πρὸ
695 1571 788 1623 τοῦ
820 1573 1090 1643 σωτηρίου
1133 1574 1337 1637 πάθους
1361 1574 1669 1644 ἔμπροσθεν
1698 1577 1862 1645 τριῶν

1967 499 2262 554 corporum
2293 485 2678 544 humanorum,
2716 489 2779 536 ut
2811 483 3089 538 diabolum
3116 485 3332 548 lateret,
3367 495 3421 540 et
3441 487 3540 540 lin-

1967 574 2215 629 carnatio
2235 575 2354 644 ejus
2379 573 2640 630 salutaris
2658 573 2998 636 crederetur,
3017 576 3320 644 etexperiri
3345 591 3534 646 aspera

1966 674 2020 720 et
2051 665 2300 730 molesta,
2339 671 2394 718 et
2421 664 2709 733 passiones
2744 663 3052 733 suscipere,
3087 680 3150 719 ac
3177 673 3410 720 mortem
3440 682 3539 735 pro

1967 756 2130 810 nobis
2169 769 2318 819 vere,
2351 761 2405 808 et
2435 768 2544 808 non
2591 755 2718 807 ficte
2751 753 2960 808 subire.
3016 753 3298 823 Completa
3357 763 3535 810 autem

1967 848 2116 901 omni
2166 861 2268 901 sua
2323 844 2734 914 dispensatione
2791 851 2914 912 post
2981 845 3446 900 resurrectionem
3507 861 3536 897 a

1967 937 2224 998 mortuis,
2259 935 2504 991 ostendit
2557 936 2612 988 in
2677 935 2902 1004 propria
2956 949 3124 990 carne
3159 935 3386 1005 gloriam
3425 951 3538 990 sua:

1965 1027 2297 1082 divinitatis.
2349 1025 2427 1080 Ne
2488 1034 2670 1079 autem
2722 1025 3171 1079 existimaremus
3231 1027 3371 1080 hanc
3425 1025 3538 1096 glo-
3633 1063 3644 1068 -

1966 1119 2126 1183 riam,
2176 1131 2298 1186 qua:
2330 1117 2384 1169 in
2420 1131 2588 1170 carne
2624 1115 2816 1170 aterni
2841 1115 2964 1170 Filii
3007 1124 3127 1185 post
3179 1117 3538 1170 resurrectio-

1965 1223 2088 1263 nem
2122 1217 2344 1262 ostensa
2383 1213 2492 1271 est,
2527 1205 2877 1261 extrinsecus
2912 1205 3226 1270 advenisse,
3273 1205 3402 1274 quin
3440 1219 3535 1274 po-

1966 1301 2082 1354 tius
2113 1307 2391 1354 ostensam
2419 1312 2561 1364 esse,
2602 1311 2724 1367 quae
2753 1297 2808 1351 in
2843 1297 2960 1366 ipsa
2994 1313 3023 1350 a
3054 1297 3330 1368 principio
3363 1297 3536 1366 ipsius

1967 1391 2267 1446 secundum
2327 1388 2664 1459 hypostasim
2726 1387 2950 1444 unionis
3025 1388 3144 1442 sine
3214 1387 3535 1441 confusione

1965 1479 2142 1543 factae,
2207 1478 2431 1541 latebat,
2497 1477 2872 1532 testimonium
2931 1475 3285 1531 manifestum
3357 1475 3532 1536 dedit,

1964 1566 2190 1638 quando
2219 1577 2347 1621 ante
2377 1566 2690 1636 passionem
2729 1565 2888 1636 381
2921 1580 3112 1620 coram
3154 1565 3332 1620 tribus
3363 1565 3531 1619 disci-

291 1660 400 1712 τῶν
430 1661 594 1728 αὐτοῦ
629 1662 884 1736 μαθητῶν
909 1665 966 1717 ὲν
993 1665 1105 1734 ὄρει
1134 1665 1353 1735 Θαϐὼρ,
1384 1667 1480 1736 τὴν
1509 1670 1566 1720 ἐν
1594 1669 1659 1738 τῇ
1695 1668 1859 1721 αὐτοῦ

1966 1663 2110 1730 pulis
2133 1660 2252 1716 suis
2283 1659 2339 1712 in
2375 1666 2564 1714 monte
2592 1657 2814 1712 Thabor
2860 1659 2916 1712 in
2951 1659 3174 1727 propria
3218 1672 3384 1712 carne
3434 1671 3532 1712 sua

294 1751 458 1820 σαρκὶ
483 1749 668 1821 θεῖκὴν
683 1752 854 1816 ἔδειξε
881 1751 1058 1818 δόξαν,
1085 1755 1151 1824 ἢν
1173 1757 1269 1809 καὶ
1295 1755 1432 1826 μετά
1449 1757 1547 1826 τὴν
1564 1760 1628 1810 ὲκ
1654 1757 1862 1828 νεκρῶν

292 1841 648 1910 ἀναφοίτησιν
683 1842 962 1914 ἐξέφηνεν.
1004 1847 1294 1899 Ἐτεθέωτο
1319 1847 1448 1917 γὰρ,
1480 1847 1555 1909 ὡς
1603 1849 1863 1918 προείπο-

298 1949 418 2000 μεν,
450 1935 482 2003 ἡ
519 1933 610 1988 τοῦ
642 1935 814 1989 ἀϊδίου
855 1937 1012 2007 σὰρξ,
1050 1936 1147 2007 τὴν
1181 1937 1524 2005 τελειοτάτην
1549 1937 1742 1990 θέωσιν
1769 1939 1864 1990 ἀπ’

294 2023 468 2092 ἀρχῆς
515 2025 610 2093 τῆς
643 2025 834 2084 ἑαυτοῦ
862 2026 1220 2089 διαπλάσεως.
1280 2026 1418 2078 Ἀλλ’
1465 2029 1494 2079 ό
1527 2027 1694 2089 ἀΐδιος
1735 2027 1864 2090 Υἱὸς

295 2110 500 2177 ἐφῆκεν
563 2113 731 2183 αὐτὴν
784 2115 870 2168 διὰ
919 2113 1016 2184 τὴν
1065 2115 1284 2180 αἰτίαν,
1335 2110 1404 2186 ἧς
1449 2117 1860 2186 ἐμνημονεύσα-

298 2217 418 2268 μεν,
451 2204 590 2256 κατά
632 2203 732 2275 τὴν
775 2205 882 2260 τῶν
904 2206 1204 2277 ξὴμετέρων
1233 2207 1500 2278 σωμάτων
1528 2209 1863 2280 ἀναστρέφε-

297 2287 420 2342 σθαι
461 2289 670 2359 βίωσιν.

363 2379 516 2450 Αὕτη
541 2383 746 2448 τοίνυν,
777 2377 822 2438 ὧ
860 2379 1028 2452 οὗτοι,
1065 2385 1167 2456 τῆς
1196 2387 1475 2457 ἡμετέρας
1507 2388 1796 2458 ὁμολογίας
1826 2392 1860 2461 ή

294 2468 649 2534 διατύπωσις,
684 2473 780 2526 καὶ
826 2473 1162 2546 πλατύτερον
1185 2475 1496 2546 ἐδυνάμεθα
1529 2478 1660 2548 περὶ
1692 2479 1862 2549 αὐτῆς

295 2554 570 2622 διεξιέναι,
606 2558 745 2613 ἀλλά
773 2559 947 2614 τὸτοῦ
978 2562 1138 2632 λόγου
1183 2564 1510 2635 παρῄτημαι
1543 2567 1738 2636 μῆκος.
1771 2568 1862 2621 Διὸ

297 2648 735 2718 κατανοήσαντες
779 2650 848 2704 τά
876 2652 1013 2720 πρὸς
1065 2655 1199 2723 ἡμῖν
1240 2656 1610 2726 σημανθέντα,
1642 2658 1738 2709 καὶ
1793 2661 1859 2729 τῇ

298 2735 440 2788 κοιτά
470 2737 708 2806 Χριστὸν
741 2740 930 2812 ἀγάπῃ
976 2744 1410 2813 προσηκάμενοι,
1446 2747 1861 2817 συναρμόσθητε

295 2828 448 2894 ἡμῖν,
499 2829 592 2881 καὶ
645 2829 916 2902 ἐνώθητε,
969 2835 1065 2886 καὶ
1102 2835 1389 2904 γενώμεθα
1445 2838 1648 2901 πάντες
1686 2839 1744 2890 ἓν
1776 2841 1864 2894 διὰ

295 2917 390 2970 τοῦ
426 2919 596 2972 ἀϊδίου
633 2921 958 2992 Πνεύματος
999 2925 1058 2978 ὲν
1101 2927 1167 2996 τῇ
1222 2925 1570 2998 θεοπνεύστῳ
1615 2927 1710 2980 τοῦ
1763 2947 1862 2998 με·

1964 1752 2206 1806 divinam
2237 1750 2468 1820 gloriam
2503 1748 2767 1814 ostendit,
2804 1764 2967 1818 quam
3001 1751 3166 1804 etiam
3192 1759 3314 1818 post
3349 1763 3534 1804 resur—
3619 1773 3622 1775 λ

1967 1845 2264 1900 rectionem
2298 1841 2578 1912 patefecit.
2622 1840 2754 1894 Erat
2801 1841 2970 1907 enim,
3005 1849 3064 1894 ut
3113 1841 3224 1908 jam
3262 1841 3530 1905 diximus,

1963 1951 2094 1991 caro
2124 1934 2314 1990 aeterni
2355 1933 2480 1987 Filii
2515 1931 2758 2002 perfecta
2795 1931 3147 1987 deiﬁcatione
3191 1947 3220 1984 a
3263 1933 3534 2000 principio

1964 2043 2076 2082 suae
2111 2026 2458 2080 formationis
2483 2023 2732 2092 praedita.
2783 2021 2890 2077 Sed
2925 2036 3164 2078 aeternus
3199 2021 3370 2078 Filius
3405 2023 3540 2077 sivit.

1962 2136 2080 2175 eam
2117 2117 2432 2173 conversari
2461 2131 2612 2170 more
2639 2116 2814 2170 victus
2843 2122 3160 2170 nostrorum
3210 2129 3528 2184 corporum,

1963 2219 2018 2266 ut
2043 2212 2153 2280 jam
2191 2197 2768 2264 commemoravimus.

2035 2389 2160 2444 Haec
2185 2394 2290 2452 est,
2331 2387 2554 2452 fratres,
2584 2386 2883 2454 descriptio
2913 2394 3113 2440 nostrae
3142 2385 3530 2452 confessionis,

1963 2497 2126 2553 quam
2149 2481 2370 2551 quidem
2412 2480 2578 2535 latius
2615 2481 2874 2548 persequi
2905 2486 3262 2546 poteramus;
3297 2479 3392 2534 sed
3428 2493 3529 2530 no-

1964 2574 2037 2628 lui
2063 2587 2188 2628 esse
2213 2571 2481 2642 prolixus.
2503 2569 2898 2635 Quamobrem,
2918 2568 3332 2636 comprehensis
3352 2575 3534 2622 mente

1962 2682 2081 2734 quae
2100 2663 2552 2735 significavimus,
2577 2669 2630 2716 et
2651 2661 2908 2716 admissis
2929 2677 3023 2730 per
3049 2661 3380 2716 charitatem’
3403 2675 3530 2730 erga

1961 2757 2275 2818 Christum,
2304 2752 2586 2824 adjungite
2622 2767 2722 2808 vos
2756 2752 2948 2816 nobis,
2991 2761 3045 2807 et
3072 2751 3405 2823 copulamini
3427 2793 3442 2816 ,
3478 2761 3532 2805 et

1962 2847 2264 2904 efficiamur
2296 2859 2488 2898 omnes
2517 2858 2687 2897 unum
2723 2859 2819 2914 per
2852 2843 3112 2912 Spiritum
3148 2853 3398 2898 sanctum
3429 2883 3444 2907 ,
3476 2844 3534 2897 in
3571 2881 3576 2884 -

1967 2939 2070 2992 hac
2113 2936 2377 2991 divinitus
2421 2935 2662 2989 revelata
2693 2935 3046 2988 confessione
3083 2933 3228 2990 Petri
3260 2935 3533 3005 principis

295 3010 462 3075 γάλου
547 3013 643 3066 καὶ
709 3016 1012 3085 κορυφαίου
1080 3015 1188 3070 τῶν
1262 3018 1579 3073 ἀποστόλων
1645 3021 1858 3092 Πέτρου

1969 3029 2360 3098 apostolorum,
2389 3026 2479 3080 cui
2513 3041 2610 3080 nos
2637 3027 3020 3093 ascripsimus,
3053 3036 3113 3081 ut
3153 3027 3312 3082 nobis
3339 3027 3532 3081 Domi-

294 3098 554 3171 ὁμολογίᾳ
588 3103 784 3177 ταύτῃ,
879 3105 1270 3177 συνετάξαμεν,
1309 3109 1458 3171 ὅπως
1496 3112 1630 3180 ἡμῖν
1664 3111 1857 3182 ἱλασθῇ

295 3191 530 3260 Χριστὸς
572 3196 600 3246 ὁ
654 3194 786 3257 Θεὸς
825 3197 1004 3265 ἡμῶν,
1044 3199 1138 3251 καὶ
1169 3199 1350 3252 πᾶσαν
1393 3199 1646 3252 ἐναντίαν
1691 3217 1862 3269 προσ-

294 3280 479 3350 δολὴν,
527 3284 622 3336 καὶ
671 3284 902 3355 ἀνιαράν
931 3287 1230 3359 ἐπαγωγὴν
1273 3288 1473 3361 ὰπώσῃ
1507 3307 1587 3353 τε,
1636 3291 1731 3343 καὶ
1777 3291 1859 3352 εἰς

293 3373 394 3443 τὴν
422 3373 592 3438 ὅντως
618 3377 768 3445 ἡμᾶς
805 3381 1117 3451 μεταστήσῃ
1152 3382 1552 3452 μακαριότητα,
1575 3381 1672 3434 καὶ⁵
1703 3383 1762 3434 ἐν
1788 3384 1870 3452 τῇ·

293 3463 484 3518 ἑαυτοῦ
519 3466 760 3538 συνάψῃ,
792 3470 886 3520 καὶ
931 3471 1246 3542 συναρμόσῃ
1298 3472 1570 3542 βασιλείᾳ.
1617 3464 1724 3534 Ἦς
1769 3473 1859 3540 γέ-

293 3573 440 3610 νοιτο
477 3558 688 3622 πάντας
734 3564 1036 3631 ἐπιτυχεῖν,
1091 3549 1414 3628 πρεσϐείαις
1451 3565 1550 3634 τῆς
1585 3565 1860 3631 παναγίας

293 3649 594 3719 Δεσποίνης
635 3651 794 3721 ἡμῶν
851 3639 1114 3708 Θεοτόκου
1153 3656 1410 3726 Μαρίας,
1458 3657 1552 3710 καὶ
1609 3657 1856 3710 Ἰωάννου

292 3738 388 3790 τοῦ
423 3739 740 3810 Προδρόμου
793 3748 884 3796 καὶ
917 3745 1252 3811 Βαπτιστοῦ,
1288 3747 1498 3816 Πέτρου
1538 3763 1596 3800 τε
1641 3744 1736 3799 τοῦ
1763 3763 1858 3800 κο-

297 3829 522 3897 ρυφαίου
571 3830 680 3883 τῶν
726 3833 1062 3900 ἀποστόλων,
1102 3835 1198 3889 καὶ
1253 3835 1512 3891 Ἰακώϐου
1562 3837 1654 3889 τοῦ
1699 3837 1856 3891 ἀδελ-

293 3919 508 3986 φοθέου,
534 3921 628 3974 καὶ
658 3923 878 3978 πάντων
910 3924 1002 3978 τοῦ
1027 3927 1136 3979 τῶν
1170 3926 1342 3994 ἁγίων
1377 3928 1722 3999 συστήματος
1748 3929 1817 3980 ³⁸.

298 4115 410 4172 Τοῦ
441 4117 631 4172 αὐτοῦ
671 4119 1015 4249 ﬂaccidipr
1015 4123 1127 4202 7012
1156 4123 1479 4192 Ἀϐουκαρᾶ
1522 4125 1864 4182 ἐπισκόπου

1013 4210 1192 4249 apum

1013 4210 1192 4261 (ιρων.

1962 3136 2066 3174 nus
2093 3119 2234 3174 Deus
2263 3126 2448 3173 noster
2493 3119 2765 3188 propitius
2808 3118 2917 3182 sit,
2959 3128 3012 3172 et
3065 3133 3281 3172 onmem
3313 3125 3532 3172 contra-

1963 3209 2104 3262 rium
2135 3197 2418 3260 incursum
2480 3215 2534 3260 et
2569 3187 2824 3262 acerbam
2861 3187 3207 3262 aﬂlictionem
3241 3213 3489 3260 amoveat
3512 3244 3531 3271 ,

1949 3306 2018 3352 et
2070 3295 2140 3348 ad
2192 3310 2378 3349 veram
2424 3295 2822 3350 beatitudinem
2873 3312 2972 3351 nos
3025 3296 3346 3362 transferat,
3379 3307 3431 3350 et
3475 3297 3530 3351 in

1966 3401 2136 3458 regno
2165 3401 2266 3441 suo
2293 3401 2396 3440 nos
2421 3399 2616 3440 omnes
2643 3387 2937 3454 conjungat
2986 3397 3040 3441 et
3072 3397 3238 3457 aptet.
3267 3387 3440 3454 Quam
3473 3399 3533 3443 ut

1967 3492 2322 3546 assequamur
2379 3489 2608 3541 omnes,
2649 3475 2787 3528 faxit
2826 3475 2970 3532 Deus
3007 3480 3262 3546 precibus
3299 3481 3532 3536 sanctis-

1966 3570 2117 3622 simae
2174 3567 2394 3638 Reginae
2440 3574 2645 3622 nostrae
2677 3567 2920 3636 Deiparae
2953 3567 3131 3622 Mariae
3153 3609 3168 3632 ,
3205 3585 3270 3623 ac
3300 3570 3528 3624 Joannis

1968 3658 2322 3728 praecursoris
2337 3664 2392 3712 et
2416 3655 2696 3726 Baptistae,
2726 3670 2788 3710 ac
2813 3655 2956 3710 Petri
2989 3659 3185 3712 summi
3219 3661 3271 3712 in
3313 3669 3531 3725 aposto-

1963 3749 2052 3814 lis,
2086 3757 2139 3802 et
2171 3747 2358 3803 Jacobi
2385 3747 2571 3802 fratris
2603 3745 2839 3812 Domini,
2872 3755 2926 3802 et
2954 3757 3130 3805 coetus
3160 3751 3404 3804 onmium
3429 3750 3530 3804 ho-

1963 3855 2084 3896 rum
2115 3850 2452 3896 sanctorum.
2487 3841 2680 3894 Amen.

1935 4127 2222 4198 -Ejusdem
2277 4126 2540 4181 Theodori
2597 4131 2940 4198 cognomenta
2995 4123 3254 4180 Abucara:
3302 4127 3530 4194 episcopi

2633 4182 2855 4249 C'arum.

1651 4313 1888 4362 Turriano
1923 4315 2213 4363 interprete.

1651 4313 1855 4362 Turrian

371 4392 718 4460 Ἐρώτησις.
769 4397 867 4448 Διά
917 4395 968 4448 τί
998 4395 1254 4465 λέγομεν,
1311 4397 1452 4468 ὄτιὴ
1502 4313 1859 4468 ἀνθρὶοπότης

1966 4319 2054 4363 Iter
2091 4316 2213 4361 rete.
2668 4339 2670 4342 -

2034 4311 2297 4468 Ιῗιιετνόθ.
2331 4396 2531 4461 Quare,
2555 4393 2702 4449 sicut
2729 4391 2985 4456 dicimus,
3015 4392 3340 4446 Humanitas
3371 4393 3532 4446 Chri-

291 4482 386 4534 τοῦ
415 4483 654 4553 Χριστοῦ
685 4483 824 4555 αὕτη
855 4487 1056 4556 ἐστὶνὴ
1099 4487 1462 4557 ἀνθρωπότης
1502 4490 1734 4559 Πέτρου,
1761 4493 1858 4542 καὶ

293 4573 531 4637 Παύλου,
569 4574 662 4627 καὶ
692 4575 798 4629 τῶν
828 4577 1140 4630 καθέκαστα
1175 4577 1500 4648 ἀνθρώπων,
1533 4575 1857 4650 οὗλέγομεν

291 4663 368 4729 δὲ,
398 4665 480 4716 ὅτι
517 4665 577 4716 τὸ
617 4666 775 4735 σῶμα
813 4667 906 4719 τοῦ
931 4670 1192 4737 Χριστοῦ,
1219 4665 1278 4724 οὗ
1314 4671 1408 4723 καὶ
1443 4673 1858 4742 μεταλαμϐάνο-

295 4773 414 4823 μεν,
461 4756 594 4810 αὑτό
635 4760 752 4810 ἐστι
783 4758 845 4810 τὸ
880 4759 1044 4829 σῶμα
1075 4760 1306 4834 Πέτρου,
1341 4764 1433 4817 καὶ
1479 4765 1716 4832 Παύλου,
1761 4768 1856 4821 καὶ

290 4846 522 4899 ἑκάστου
553 4849 656 4900 ἀνά
688 4849 856 4918 μέρος
890 4850 1232 4924 ἀνθρώπων;

364 4937 729 5004 Ἀπόκρισις.
771 4940 894 4992 Ὅτι
933 4941 994 4992 τὸ
1029 4943 1212 4998 κοινὸν
1245 4944 1306 4996 τὸ
1342 4945 1522 4998 ὁλικὸν
1569 4947 1860 5017 δεχόμενον

245 5093 250 5096 _
295 5027 491 5092 ἰδίωμα
523 5033 1048 5102 χαρακτηριστικὸν,
1087 5035 1389 5099 ὑπόστασις
1428 5038 1662 5104 γίνεται.
1697 5039 1770 5091 Τὸ
1800 5039 1855 5092 δὲ

294 5117 454 5187 σῶμα
504 5119 568 5172 τὸ
598 5122 800 5189 κοινὸν,
848 5125 942 5177 καὶ
977 5125 1174 5189 ἁπλῶς
1223 5127 1516 5197 λεγόμενον
1570 5129 1856 5199 δεχόμενον

295 5209 491 5278 ἰδίωμα
543 5217 1072 5283 χαρακτηριστικὸν,
1112 5219 1298 5270 οὐκέτι
1345 5220 1372 5270 ὁ
1417 5219 1580 5273 δεῖνα
1613 5220 1852 5289 λέγεται,

290 5300 428 5353 ἁλλά
460 5302 554 5354 τοῦ
576 5304 772 5370 δεῖνος,
795 5307 967 5376 ἤγουν
995 5310 1092 5379 οὐχ
1129 5311 1429 5374 ὑπόστασις
1458 5311 1687 5379 γίνεται,
1721 5312 1855 5365 ἀλλὰ

295 5390 388 5460 τῆς
433 5392 825 5457 ὑποστάσεως·
877 5399 938 5450 τὸ
1001 5399 1108 5470 γὰρ
1169 5401 1327 5472 σῶμα
1382 5402 1546 5472 μέρος
1595 5403 1714 5454 ἐστὶ
1761 5405 1857 5470 τῆς

1967 4493 2036 4548 sti
2075 4498 2160 4546 est
2191 4490 2310 4560 ipsa
2349 4485 2659 4541 humanitas
2706 4483 2850 4539 Petri
2882 4491 2936 4537 et
2985 4483 3138 4536 Pauli
3178 4491 3232 4538 et
3267 4483 3533 4538 uniuscu-
3583 4493 3602 4511 ν

1959 4586 2158 4654 jusque
2185 4578 2426 4634 hominis
2451 4617 2466 4642 ,
2497 4591 2604 4632 non
2656 4577 2740 4630 sic
2771 4573 3028 4636 dicimus,
3061 4575 3278 4646 Corpus
3307 4575 3528 4638 Christi,

1963 4673 2108 4746 quod
2148 4673 2417 4729 sumimus
2454 4678 2504 4722 et
2537 4667 2950 4736 participamus,
2977 4663 3126 4720 idem
3159 4672 3245 4720 est
3299 4664 3446 4719 Petri
3478 4674 3546 4719 et!

1962 4765 2140 4829 Pauli,
2163 4771 2217 4819 et
2249 4760 2498 4830 cujusvis
2530 4757 2782 4828 corpus?

2032 4943 2185 5010 Resp.
2240 4939 2506 5006 Quoniam
2543 4952 2832 4992 commune
2865 4937 3134 5006 recipiens
3191 4943 3360 4989 totam
3399 4950 3527 5004 pro-

1961 5037 2248 5108 prietatem
2313 5031 2841 5092 characteristicam,
2899 5029 2950 5082 id
3009 5035 3133 5092 est,
3197 5026 3529 5095 signantem.

1965 5119 2276 5198 hypostasis
2301 5121 2554 5177 efﬁcitur.
2579 5121 2794 5188 Corpus
2831 5135 2961 5174 vero
2991 5133 3282 5172 commune
3309 5127 3362 5173 et
3397 5119 3528 5172 sim-

1963 5219 2176 5290 pliciter
2218 5216 2420 5268 dictum
2457 5212 2729 5281 recipiens
2783 5209 3171 5279 proprietatem
3218 5210 3529 5276 signantem

1965 5329 2072 5367 non
2102 5308 2336 5377 amplius
2365 5305 2565 5359 dicitur
2591 5306 2620 5356 ὁ
2649 5303 2814 5366 δεῖνα,
2835 5303 3076 5372 quidam,
3096 5302 3190 5358 sed
3221 5301 3524 5370 cujusdam,

1965 5408 2014 5459 id
2051 5413 2154 5464 est,
2187 5415 2292 5452 non
2327 5397 2378 5450 fit
2413 5394 2724 5464 hyposlasis
2749 5393 2865 5446 sive
2901 5407 3147 5462 persona.
3193 5391 3379 5446 sed-iit
3406 5405 3524 5458 per-

1593 5560 1625 5606 ‘J
1649 5559 1818 5612 \liL-‘i‘l
1858 5555 2259 5613 LI‘LC'I'HJM'RS.

357 5633 398 5665 ⁸³
450 5633 634 5702 Ἀμήν.
679 5635 840 5689 Ττιιί·.
