3928 6130
364 203 499 268 1523

1591 221 1983 287 THEODORI
2022 215 2392 294 ABUCAR/E

3487 244 3616 312 1524

362 327 547 380 senae;
585 331 792 389 corpus
831 321 975 377 enim
1011 336 1138 394 pars
1186 326 1411 382 naturae
1444 335 1552 393 est,
1596 345 1705 385 non
1739 340 1939 389 totum.

362 404 607 427 ηηηηι
1202 412 1297 427 .-.

2056 340 2297 409 φύσεως,
2325 345 2421 397 καὶ
2452 345 2552 417 οὐχ
2603 345 2749 401 ὅλον.
2795 348 2888 402 Διὸ
2919 348 2980 404 τὸ
3026 351 3187 424 μέρος
3217 352 3320 409 οὒκ
3368 353 3478 427 ἰδίᾳ
3513 356 3613 424 ὑφ-

360 404 730 471 Quamobrem
780 427 907 482 pars
944 429 1051 469 non
1102 412 1327 471 exsistit
1368 434 1618 476 seorsum
1648 432 1701 478 et
1727 439 1823 494 per
1855 440 1935 493 se,

362 496 457 553 sed
494 501 696 556 dicitur
736 505 935 562 totius.

358 700 521 771 382
559 700 893 780 Eafeavglunt,
926 721 1029 780 quo
1067 707 1381 769 ostenditur.
1421 714 1684 780 quomodo
1724 717 1940 772 macula

426 773 634 893 pecrlan'
668 773 866 827 Adami
895 776 1198 832 universum
1231 795 1395 849 genus
1426 773 1718 838 humanum
1747 802 1937 855 perva-

426 857 529 893 sen
565 881 577 893 .

426 857 577 895 sent.

388 958 390 962 ν
424 929 590 986 Aiunt
612 934 888 1005 agricolas,
924 935 970 993 si
998 938 1239 1008 accipias
1267 940 1567 1009 palmitem,
1594 944 1936 1014 tinctumque

354 1022 477 1076 oleo
522 1024 735 1091 plantes
761 1067 775 1091 ,
818 1029 923 1084 olei
956 1030 1275 1099 qualitatem
1313 1034 1366 1085 in
1406 1032 1582 1103 ipsum
1616 1038 1780 1089 etiam
1826 1038 1937 1091 fru-

354 1124 524 1180 ctum,
560 1115 662 1172 hoc
695 1128 801 1183 est,
840 1121 895 1173 in
934 1136 1093 1177 uvam
1126 1123 1450 1179 redundare.
1490 1125 1582 1181 Sic
1608 1135 1662 1181 et
1690 1128 1932 1185 Adamus

353 1219 478 1257 cum
510 1219 760 1261 naturam
794 1210 972 1265 omnis
999 1214 1227 1268 maculre
1265 1225 1541 1284 expertem
1601 1219 1930 1286 accepisset,

352 1310 471 1348 eam
506 1306 730 1366 peccato
759 1301 1039 1371 variisque
1066 1302 1452 1361 alieetionibus
1497 1310 1930 1375 contaminavit,

353 1386 512 1456 cujus
543 1393 803 1461 contagio
832 1393 899 1447 ad
933 1409 1032 1449 nos
1068 1409 1245 1464 usque
1278 1398 1543 1453 manavit.

390 1521 667 1586 Quomodo
704 1540 797 1593 per
835 1526 1261 1581 incarnatione»:
1292 1529 1588 1584 Saluatoris
1630 1532 1799 1585 nostri
1825 1532 1894 1585 ad

608 1623 610 1625 -
704 1601 916 1670 omnes
943 1599 1180 1666 expiatio
1227 1602 1543 1667 pervenerit.

424 1711 614 1777 Aiunt,
672 1714 718 1771 si
765 1729 954 1771 semen
989 1720 1220 1785 peponis
1281 1719 1444 1772 melle
1485 1720 1718 1774 tinctum
1751 1733 1926 1785 seras,

352 1802 702 1860 dulcedinem
751 1807 928 1863 mellis
964 1808 1019 1861 in
1051 1809 1229 1876 ipsum
1274 1799 1510 1862 fructum
1549 1811 1810 1865 transire.
1854 1810 1929 1865 lla

352 1893 608 1951 Christus
666 1903 864 1950 natura
916 1896 987 1953 ab
1030 1897 1215 1952 oleosa
1259 1897 1547 1966 qualitate,
1597 1898 1854 1952 nimirum
1901 1914 1931 1953 a

354 1996 584 2056 peccato
609 2001 707 2056 per
732 1995 983 2042 sanctum
1009 1987 1344 2058 Baptismum
1363 1995 1691 2058 expurgatu,
1713 2004 1928 2044 assum-

356 2078 467 2146 psit
496 2078 644 2132 illam
674 2078 883 2149 absque
914 2077 1035 2134 labe
1055 2087 1111 2135 et
1140 2072 1374 2146 niaeula,
1396 2080 1576 2149 qualis
1604 2080 1756 2150 prius
1784 2090 1925 2147 erat,

355 2176 411 2223 et
439 2169 659 2224 condita
690 2169 888 2235 fuerat,
921 2186 1096 2240 eaque
1126 2172 1286 2227 melle
1315 2171 1619 2227 divinitatis
1648 2179 1703 2226 et
1741 2171 1931 2228 dulce-

355 2261 485 2316 dine
508 2301 524 2328 ,
558 2262 665 2317 hoc
693 2270 778 2318 est
801 2262 1005 2318 virtute
1044 2262 1287 2334 Spiritus
1318 2263 1495 2319 sancti
1529 2262 1797 2329 delibuta,
1827 2277 1930 2319 nos

354 2352 519 2407 etiam
547 2353 859 2411 dulcedinis
890 2354 1186 2424 participes
1216 2353 1393 2409 eﬂ‘ecit
1419 2396 1434 2421 ,
1470 2353 1926 2424 quemadmodum

356 2460 526 2516 grana
556 2446 784 2517 peponis
809 2486 823 2511 ,
855 2447 1012 2516 quasi
1046 2462 1142 2518 per
1167 2447 1472 2514 traducem,
1504 2445 1740 2503 fructum
1768 2447 1938 2518 parti-

358 2540 534 2608 cipem
565 2539 833 2595 efficiunt:

1944 630 2009 684 Vl

2048 429 2285 501 ισταται,
2298 433 2435 489 ἀλλὰ
2463 434 2559 489 τοῦ
2585 437 2708 491 ὅλου
2736 437 2979 508 λέγεται.

2045 716 2443 800 Παράδειγμρ,
2473 720 2549 800 δι’
2580 718 2655 777 οὗ
2691 723 3152 800 μάποδεζκκυζαι,
3185 725 3312 800 πῶς
3353 730 3388 800 gi
3419 734 3607 798 μολυ-

2112 789 2270 911 ιιζμὸς
2327 789 2438 856 τῆς
2483 792 2776 858 ἁμαρτίας
2822 794 2930 849 τοῦ
2974 794 3164 867 Ἀδὰμ
3205 789 3301 865 εὶς(
3338 789 3500 853 ἅπαν
3542 802 3608 853 τὸ

2152 858 2480 911 νθοώπειον
2512 860 2676 911 διέϐη
2718 862 2915 911 mia-or.

2152 858 2480 926 νθρώπειον
2512 860 2676 929 διέϐη
2718 862 2915 930 γένος.

2080 949 2281 1026 γ,Φασὶν
2312 946 2361 1004 οι
2404 953 2684 1022 γεηπόνοι,
2722 956 2806 1008 ὅτι
2854 955 2951 1009 ἐὰν
2987 955 3169 1012 λαϐὼν
3207 958 3397 1013 κλάδον
3428 959 3607 1029 ἀμπέ-

2040 1036 2134 1089 λου
2177 1041 2272 1093 καὶ
2324 1042 2577 1113 ἐμϐάψας
2618 1044 2784 1117 ἐλαίῳ
2833 1048 3128 1120 φυτεύσῃς,
3173 1051 3206 1120 ἡ
3242 1051 3465 1121 ποιότης
3512 1051 3603 1104 τοῦ

2038 1129 2224 1183 ἐλαίου
2253 1132 2405 1185 πᾶσα
2423 1127 2517 1186 καὶ
2537 1136 2594 1187 ὲν
2621 1135 2700 1206 τῷ
2728 1136 2947 1207 καρπῷ,
2970 1139 3140 1208 ιιῖιγουν
3169 1144 3227 1193 ὲν
3251 1144 3316 1210 τῇ
3336 1140 3602 1211 σταφυλῇ,

2035 1218 2348 1287 διαδίδοται,
2389 1222 2531 1277 οὕτω
2571 1227 2664 1278 καὶ
2691 1228 2718 1279 6
2751 1227 2925 1298 Ἀδὰμ
2961 1230 3295 1299 παραλαϐὼν
3319 1233 3419 1301 τὴν
3446 1231 3603 1298 φύσιν

2035 1308 2303 1381 καθαρὰν,
2348 1312 2577 1382 ἔκρανεν
2606 1316 2775 1386 αὐτὴν
2822 1320 2887 1389 τῇ
2922 1319 3193 1393 ἁμαρτίᾳ,
3220 1323 3316 1374 καὶ
3351 1326 3469 1385 τοῖς
3501 1322 3603 1375 πά-

2033 1397 2173 1465 θεσι,
2208 1403 2303 1455 καὶ
2333 1404 2544 1476 διεδόθη
2580 1407 2661 1470 εὶς
2699 1409 2849 1477 ἡμᾶς
2878 1410 2910 1480 ή
2939 1411 3185 1479 ποιότης.

2034 1532 2166 1600 Πῶς
2200 1535 2269 1611 δὲ
2298 1536 2396 1611 διὰ
2434 1537 2544 1611 τῆς
2585 1539 2891 1609 érO’a'pxov
2932 1544 3042 1597 τοῦ
3070 1543 3345 1611 Σωτῆρος
3379 1546 3605 1599 οικονο-

2148 1606 2290 1673 μίας
2315 1610 2404 1673 εὶς
2436 1609 2669 1675 πάντας
2703 1606 2863 1679 ἡμᾶς
2894 1613 3063 1680 διέϐη
3093 1614 3131 1682 ἠ
3159 1606 3473 1683 κάθαρσις.

2105 1714 2245 1768 Φασὶ
2292 1716 2349 1769 δὲ
2385 1718 2585 1772 πάλιν
2618 1719 2681 1771 Ei
2730 1720 2914 1776 λαϐὼν
2968 1724 3193 1793 σπέρμα
3232 1724 3486 1786 πέπονος.
3507 1724 3602 1776 καὶ
3652 1720 3655 1721 ⁷

2036 1807 2291 1876 ἐμϐάψας
2326 1809 2505 1878 μέλιτι
2546 1811 2812 1881 σπείρεις,
2857 1815 2889 1881 ἡ
2926 1813 3203 1882 γλυκύτης
3251 1814 3347 1866 τοῦ
3393 1813 3600 1883 μέλιτος

2038 1898 2133 1950 καὶ
2158 1898 2217 1949 ὲν
2249 1896 2327 1968 τῷ
2361 1899 2562 1969 καρπῷ
2607 1901 2923 1957 διαδίδοται.
2952 1903 3112 1956 Οῦτω
3157 1903 3254 1957 καὶ
3305 1904 3336 1955 6
3372 1904 3601 1975 Χριστὸς

2033 1987 2133 2058 τὴν
2179 1989 2343 2056 φύσιν
2401 1993 2465 2044 ὲκ
2499 1988 2596 2060 τῆς
2639 1992 2932 2058 ἐλαιώδους
2990 1995 3295 2064 ποιότητος,
3334 1996 3501 2065 ἤγουν
3539 1994 3599 2045 ἐκ

2034 2082 2134 2151 τῆς
2183 2082 2461 2152 ἁμαλακίας
2491 2085 2889 2155 ἀποκαθάρας,
2926 2085 3014 2139 διὰ
3063 2086 3156 2138 τοῦ
3196 2085 3353 2151 ἁγίου
3409 2081 3604 2154 βαπτί-

2039 2187 2267 2241 σματος,
2299 2171 2565 2225 ἀνέλαϐεν
2612 2174 2785 2244 αὐτὴν
2813 2173 3149 2243 ἁκηλίδωτον
3188 2174 3283 2226 καὶ
3312 2173 3599 2241 ἄχραντον,

2037 2261 2122 2315 οἵα
2153 2263 2249 2316 καὶ
2276 2258 2368 2332 ἦν,
2400 2265 2496 2317 καὶ
2541 2264 2768 2334 ἐκτίσθη
2805 2266 2866 2317 τὸ
2899 2265 3166 2334 πρότερον
3188 2280 3201 2291 '
3230 2263 3322 2317 καὶ
3351 2260 3603 2331 ἐμϐάψας

2037 2351 2206 2423 αὐτὴν
2234 2352 2312 2423 τῷ
2345 2353 2521 2422 μέλιτι
2565 2354 2666 2423 τῆς
2697 2353 2974 2425 θεότητος,
3020 2352 3343 2421 γλυκύτητι,
3376 2353 3500 2421 ἦτοι
3539 2352 3606 2418 τῇ

2032 2445 2261 2512 δυνάμει
2289 2442 2385 2497 τοῦ
2415 2444 2796 2514 Παρακλήτου,
2834 2444 3142 2514 μετέδωκεν
3172 2445 3307 2515 ἡμῖν
3339 2443 3440 2513 τῆς
3480 2441 3607 2508 fauo

2036 2534 2291 2605 κύτητος,
2332 2535 2406 2598 ὡς
2435 2536 2484 2588 oi
2523 2535 2716 2590 κόκκοι
2761 2536 2856 2590 τοῦ
2905 2537 3141 2600 πέπονος
3174 2535 3255 2606 τῷ
3301 2536 3398 2589 ἀπ’
3433 2533 3609 2587 αὐτῶν

2033 2624 2254 2696 καρπῷ,
2281 2625 2374 2678 καὶ
2401 2626 2544 2679 κατὰ
2572 2624 2853 2697 διαδοχήν.

1935 2760 2049 2817 νη.

429 2846 690 2902 Theodori
712 2849 940 2916 episcopi
985 2847 1188 2903 Carum
1230 2852 1294 2905 de
1320 2854 1612 2906 luctatione
1655 2851 1860 2906 Christi

955 2934 1075 2971 cum
1106 2918 1338 2973 diabolo.
1866 2952 1871 2956 ·

2045 2855 2170 2913 Τοῦ.
2215 2855 2404 2911 αὐτοῦ
2455 2855 2757 2922 Θεοδώρου
2812 2853 3147 2907 ἐπισκόπου
3181 2850 3435 2922 Καρῶν,
3465 2849 3614 2918 ’πφι

2186 2923 2299 2994 τῆς
2335 2924 2537 2995 πάλης
2572 2921 2679 2978 τοῦ
2700 2922 2964 2992 Χριστοῦ
2990 2922 3143 2994 μετὰ
3165 2921 3471 2978 διαϐόλου.

1532 3039 1817 3099 (Francisco
1842 3041 2090 3091 Turriano
2110 3040 2435 3103 interprete.)

389 3206 393 3210 ,
435 3141 702 3213 Interrog.
735 3141 991 3199 Christus
1042 3142 1186 3197 Deus
1219 3156 1345 3197 eum
1385 3142 1604 3198 diabolo
1651 3143 1892 3201 luctatus
1921 3186 1936 3212 ,

389 3234 493 3289 'icit
522 3248 684 3289 eum:
715 3233 849 3289 auid
876 3248 1132 3289 manuum
1154 3232 1286 3288 fecit
1309 3233 1332 3286 ?
1352 3232 1495 3288 dicet
1526 3234 1800 3289 diabolus.
1827 3236 1939 3289 an

2111 3145 2462 3214 Ἐρώτησις.
2504 3146 2551 3198 Χ
2596 3144 2741 3208 ιστὸς
2774 3143 2907 3206 Θεὸς
2935 3142 3033 3208 ὣν,
3064 3143 3160 3196 καὶ
3192 3141 3333 3212 πρὸς
3377 3140 3471 3194 τὸν
3498 3138 3617 3194 διά-

2049 3237 2199 3289 ϐολον
2230 3236 2525 3289 παλαίσας.
2554 3162 2844 3289 ἐνίκησεν.
2880 3235 2934 3289 τι
2977 3235 3041 3289 δὴ
3079 3235 3228 3289 μέγα
3275 3232 3615 3289 πεποίηκενς

359 3234 493 3290 vicit
522 3248 684 3290 eum:
715 3233 849 3304 quid
876 3248 1132 3303 magnum
1154 3232 1286 3288 fecit
1309 3233 1332 3286 ?
1352 3232 1495 3288 dicet
1526 3234 1800 3291 diabolus.
1827 3236 1939 3308 Ego

361 3324 639 3380 hominem
671 3324 776 3378 vici
798 3341 821 3391 ;‘
844 3330 899 3379 et
931 3338 961 3377 a
1003 3322 1112 3378 Deo
1142 3325 1319 3380 victus
1342 3337 1487 3380 sum.
1523 3323 1697 3392 Quam
1728 3328 1940 3383 utilita-

362 3427 470 3470 tem
497 3415 799 3485 reportavit
823 3422 1023 3471 natura
1054 3424 1243 3471 nostra
1270 3431 1337 3471 ex
1366 3416 1598 3471 victoria
1628 3416 1767 3473 Dei?

437 3596 598 3665 Resp.
631 3594 896 3651 Jacobitaz
940 3595 1112 3653 Deum
1147 3593 1387 3648 Verbum
1434 3594 1757 3662 simpliciter
1784 3596 1940 3650 aiunt

369 3691 635 3745 lactatum
686 3703 846 3751 esse;
898 3685 1210 3741 Nestoriani
1245 3693 1462 3749 contra,
1492 3687 1768 3742 hominem
1803 3689 1940 3744 sim-

366 3781 586 3847 pliciter
606 3820 621 3844 ,
649 3787 703 3833 et
728 3779 928 3834 solum.
971 3777 1219 3832 Ecclesia
1257 3793 1386 3832 vero
1407 3816 1424 3841 ,
1453 3793 1574 3848 quin
1607 3779 1790 3835 media
1854 3782 1940 3836 via

366 3878 420 3925 et
450 3870 597 3939 regia
622 3869 947 3940 ingreditur,
985 3869 1223 3924 Verbum
1253 3869 1309 3923 in
1340 3870 1508 3924 ca'rne
1559 3886 1683 3927 cum
1721 3872 1941 3928 diabolo

370 3944 634 4017 lactatum
665 3978 788 4018 esse
814 3962 994 4018 docet.
1029 3962 1186 4029 Quod
1212 3963 1281 4030 si,
1325 3974 1382 4021 ut
1412 3960 1720 4019 Nestor-iani
1763 3965 1938 4030 aiunt,

370 4055 535 4110 homo
558 4062 700 4118 erat,
731 4055 826 4124 qui
859 4054 1031 4118 vicit,
1070 4062 1125 4109 et
1155 4054 1250 4125 qui
1286 4053 1611 4110 interfectus
1639 4054 1763 4119 fuit,
1805 4056 1946 4111 nihil
1992 4118 1997 4122 ς

372 4147 528 4202 nobis
553 4146 758 4218 profuit
811 4162 960 4204 mors
986 4148 1249 4202 hominis.
1297 4145 1505 4202 Omitto
1560 4163 1706 4202 nunc
1742 4148 1941 4213 dicere,

370 4254 535 4311 quam
563 4240 752 4295 multis
774 4241 1060 4295 erroribus
1088 4240 1200 4294 labi
1240 4253 1470 4296 necesse
1491 4247 1594 4305 est,
1621 4241 1941 4311 priusquam

371 4333 443 4386 ab
485 4334 569 4388 eis
600 4332 787 4388 doceri
833 4333 1030 4402 possit,
1069 4331 1343 4386 hominem
1375 4331 1553 4395 solum
1584 4332 1804 4388 vicisse.
1843 4331 1944 4387 Sin

329 4443 347 4459 ο
373 4431 554 4481 autem
594 4432 698 4490 est,
739 4433 801 4477 ut
845 4422 1108 4478 Jacobita».
1136 4422 1347 4484 dicunt,
1391 4421 1528 4476 nihil
1560 4423 1625 4477 ad
1655 4438 1756 4480 nos
1795 4438 1946 4480 mors

2042 3237 2199 3291 ϐολον
2230 3236 2525 3301 παλαίσας,
2554 3232 2844 3307 ἓνίκησεν,
2880 3235 2934 3289 τι
2977 3235 3041 3305 δὴ
3079 3235 3228 3304 μέγα
3275 3232 3615 3303 πεποίηκενς

2052 3325 2201 3398 Ἐρεῐ
2227 3326 2337 3398 γὰρ
2382 3328 2412 3380 6
2447 3326 2716 3392 διάϐολος,
2749 3330 2833 3382 ὃτι
2865 3325 3188 3396 ’Ἄνθρωπον
3231 3324 3487 3392 ἐνίκησα,
3520 3320 3619 3374 καὶ

2041 3417 2147 3471 ὑπὸ
2173 3416 2310 3470 Θεοῦ
2342 3418 2625 3489 ἐνικήθην,
2644 3419 2698 3471 τί
2723 3419 2780 3472 δὲ
2807 3420 2900 3473 καὶ
2921 3417 3185 3489 ὠφελήθη
3210 3418 3246 3487 ἡ
3268 3414 3434 3486 φύσις
3462 3413 3621 3486 ἡμῶν

2039 3511 2137 3566 τοῦ
2170 3510 2305 3565 Θεοῦ
2336 3500 2688 3582 νενικηκότος
2708 3528 2724 3578 ;

2110 3601 2478 3669 Ἀπόκρισις.
2521 3600 2585 3655 Ol
2645 3601 2742 3669 μὲν
2772 3593 3081 3655 Ἰακωϐἶται
3135 3597 3231 3653 τὸν
3256 3595 3393 3649 Θεὸν
3424 3595 3601 3663 Λόγον

2042 3691 2231 3755 ἁπλῶς
2259 3691 2479 3760 λέγουσι
2496 3752 2507 3760 ο
2522 3675 2946 3755 πεπαλαικέναι,
2975 3691 3067 3743 καὶ
3088 3686 3438 3758 νενικηκέναι
3456 3701 3471 3714 ·
3492 3687 3545 3737 οἱ
3568 3683 3625 3736 δὲ

2040 3784 2392 3854 Νεστοριανοι
2424 3783 2759 3850 τούναντίον,
2797 3781 2887 3835 τὸν
2932 3781 3220 3850 ἄνθρωπον
3276 3777 3472 3839 ἁπλῶς
3527 3778 3625 3829 καὶ

2046 3873 2313 3945 μόνον.Ἦ
2345 3874 2405 3928 δὲ
2421 3873 2742 3945 Ἐκκλησία,
2770 3874 2870 3946 τὴν
2889 3874 3062 3942 μέσην
3085 3874 3179 3926 καὶ
3202 3870 3625 3942 βασιλικὴνὸδδν

2041 3965 2355 4029 διανύουσα,
2388 3965 2477 4019 τὸν
2507 3966 2642 4019 Θεὸν
2664 3948 2860 4035 Λόγον,
2907 3965 3075 4035 σαρκὶ
3107 3963 3208 4033 τὴν
3248 3963 3430 4032 πάλην
3457 3963 3621 4031 ποιή-

2046 4056 2244 4110 σασθαι
2278 4056 2418 4127 μετὰ
2455 4056 2553 4111 τοῦ
2584 4057 2833 4111 διαϐόλου
2871 4056 3139 4111 διδάσκει.
3167 4055 3281 4109 Καὶ
3313 4057 3365 4108 sl
3400 4054 3518 4126 μὲν,
3548 4054 3624 4115 ὡς

2044 4151 2093 4203 οἱ
2120 4148 2479 4222 Νεστοριανοι
2505 4149 2782 4217 λέγουσιν,
2809 4145 2878 4221 ἦν
2912 4148 3200 4219 ἄνθρωπος
3233 4149 3262 4199 6
3320 4146 3623 4216 νενικηκὼς

2046 4240 2143 4294 καὶ
2189 4241 2533 4310 ἀναιρεθεὶς,
2583 4239 2744 4293 οὐθὲν
2786 4240 2936 4310 ἡμᾶς
2984 4238 3273 4309 ὠφέλησεν
3329 4237 3621 4307 ἀνθρώπου

2048 4331 2296 4395 θάνατος.
2338 4331 2443 4385 Ἐῶ
2493 4332 2603 4403 γὰρ
2640 4331 2822 4399 λέγειν
2861 4332 2978 4396 νῦν,
3021 4332 3106 4384 ὃτι
3155 4330 3333 4383 πολλὰ
3389 4330 3625 4400 προσκόο

2046 4422 2263 4489 ψουσιν,
2295 4422 2429 4492 πρὶν
2458 4422 2492 4491 ἦ
2522 4421 2830 4488 ἀποδεῖξαι,
2871 4421 3095 4475 δυνατὸν
3127 4419 3294 4484 εἶναι,
3335 4420 3624 4491 ἄνθρωπον

373 4515 605 4580 Christi,
644 4516 691 4571 si
719 4515 864 4570 Deus
896 4514 1218 4583 simpliciter
1249 4514 1400 4568 vicit.
1426 4514 1530 4569 Sed
1563 4515 1693 4584 quia
1722 4517 1940 4585 propria

2049 4511 2203 4581 ψιλὸν
2257 4511 2625 4582 νενικηκέναι.
2661 4512 2723 4564 Ei
2748 4511 2827 4577 δὲ,
2871 4511 2946 4574 ὡς
2993 4512 3045 4564 οἱ
3087 4512 3399 4565 Ἰακωϐἰται
3452 4527 3623 4579 φασιν

374 4609 498 4664 vitm
527 4607 853 4677 compositio
886 4614 941 4662 et
970 4606 1244 4663 ordinatio
1272 4606 1421 4674 Adae,
1455 4608 1519 4660 ad
1562 4608 1757 4672 Adam,
1788 4618 1843 4663 et
1882 4609 1949 4663 ad

375 4708 627 4771 posteros
654 4699 775 4769 ejus
801 4698 964 4770 383
1001 4698 1308 4769 pertinebat
1334 4738 1350 4764 ,
1378 4715 1501 4754 cum
1561 4700 1773 4755 videret
1801 4701 1950 4754 illam

377 4790 632 4846 diabolus
661 4806 691 4844 a
720 4805 780 4846 se
819 4791 1015 4845 victam
1042 4806 1164 4846 esse
1189 4831 1204 4855 ,
1232 4805 1340 4844 non
1377 4806 1666 4861 personam
1726 4792 1855 4846 Adm
1899 4798 1954 4845 et

378 4881 625 4949 reliquos
653 4878 907 4933 homines
935 4879 1108 4933 victos
1162 4895 1286 4934 esse
1315 4880 1614 4947 reputavit,
1650 4881 1744 4934 sed
1779 4880 1949 4948 ipsam
1990 4918 1995 4925 η

267 5046 270 5049 Α
381 4980 658 5029 naturam.
695 4970 787 5025 Sic
809 4971 953 5025 enim
982 4970 1187 5025 aiebat:
1224 4970 1362 5037 Quia
1387 4971 1525 5026 Deus
1549 4971 1758 5025 creavit
1782 4971 1954 5026 homi-

382 5079 529 5124 nem.
563 5062 659 5133 qui
685 5077 863 5131 neque
890 5062 1045 5125 mihi,
1081 5078 1259 5132 neque
1282 5070 1505 5132 peccato
1535 5062 1791 5117 resistere
1825 5076 1953 5130 pos-

382 5166 487 5221 set,
519 5154 725 5210 idcireo
759 5152 899 5207 Deus
930 5151 1493 5223 Verbum,assumpta
1529 5162 1725 5208 natura
1762 5154 1954 5206 huma-

385 5246 575 5300 nitatis
611 5242 873 5313 perfecta,
910 5260 1043 5299 usus
1069 5251 1154 5299 est
1184 5244 1351 5317 libera
1391 5242 1511 5311 ejus
1555 5243 1860 5304 voluntate,
1894 5250 1949 5297 et

340 5372 354 5381 -
388 5337 669 5403 sensibus,
704 5344 757 5391 et
793 5335 1139 5390 naturalibus
1169 5336 1432 5405 polentiis
1467 5334 1724 5389 omnibus
1753 5349 1953 5389 convc-

2050 4602 2216 4667 ἔστιν,
2238 4601 2391 4655 οὐδὲν
2420 4601 2556 4672 πρὸς
2582 4603 2731 4672 ἡμᾶς
2760 4601 2852 4654 τοῦ
2876 4600 3013 4655 Θεοῦ
3041 4602 3230 4664 ἁπλῶς
3258 4601 3624 4670 νενικηκότος.

2063 4692 2206 4746 Ἀλλ’
2259 4691 2450 4762 ἐπειδὴ
2483 4692 2796 4763 ίδιορυθμία
2816 4694 2858 4725 ³⁵
2893 4694 2985 4745 τὸν
3050 4692 3227 4761 Ἀδὰμ
3265 4692 3475 4761 νέμειν,
3530 4689 3626 4742 καὶ

2050 4786 2175 4847 τοὺς
2213 4785 2511 4853 μετέπειτα
2539 4782 2884 4854 ἀνθρώπους,
2919 4783 3060 4853 ὀρῶν
3081 4785 3109 4836 6
3137 4783 3385 4846 διάϐολος
3412 4782 3504 4835 ὑπ’
3530 4780 3627 4834 αὖ-

2051 4876 2144 4929 τοῦ
2207 4874 2546 4946 ἡττημένην,
2582 4876 2643 4927 οὺ
2697 4877 2764 4945 τῇ
2803 4876 3100 4928 ὑποστάσει
3149 4873 3244 4926 τοῦ
3299 4873 3491 4943 Ἀδὰμ,
3534 4872 3629 4924 καὶ

2052 4968 2159 5021 τῶν
2190 4967 2412 5021 λοιπῶν
2461 4966 2768 5038 ἀνθρώπων
2797 4967 3075 5034 ἐλογίζετο
3123 4966 3224 5038 τὴν
3276 4960 3474 5037 ἧτταν,
3511 4963 3627 5017 ἀλλ’

2054 5058 2192 5128 αὐτῇ
2221 5060 2288 5129 τῇ
2322 5057 2504 5127 φύσει,
2531 5056 2726 5125 λέγων’
2762 5058 2889 5110 Ὅτι
2922 5058 3153 5111 ἔπλασεν
3179 5059 3207 5110 6
3235 5056 3369 5120 Θεὸς
3399 5055 3629 5123 πλάσμα

2057 5151 2131 5223 μὴ
2153 5151 2452 5219 δυνάμενον
2484 5151 2621 5222 πρός
2677 5168 2746 5221 με
2775 5151 2871 5204 καὶ
2904 5150 3006 5221 τὴν
3048 5150 3330 5220 ἁμαρτίαν
3370 5146 3630 5215 ἀντιστῆ-

2053 5263 2161 5309 ναι,
2225 5246 2422 5298 τούτου
2471 5245 2632 5315 χάριν
2684 5246 2713 5298 6
2753 5244 2886 5308 Θεὸς
2919 5244 3121 5313 Λόγος,
3164 5242 3265 5314 τὴν
3318 5241 3483 5312 φύσιν
3530 5242 3629 5307 τῆς

2050 5334 2473 5406 ἁνθρωπὸτητος
2503 5335 2719 5390 τελείαν
2753 5335 3056 5403 ἀναλαϐὼν,
3091 5337 3372 5408 ἐχρήσατο
3392 5334 3469 5407 τῷ
3501 5333 3631 5388 αὖτ-

1669 5509 1900 5565 VAlil/E
1940 5510 2341 5566 LECTEONES.

466 5605 505 5632 ³³
547 5602 768 5661 Videtur
794 5604 1081 5675 legendum
1113 5621 1121 5655 :
1160 5605 1278 5656 ἐπεὶ
1304 5604 1406 5655 ἔδει
1439 5602 1797 5672 ἱδιορυθμίαν.
