3928 6130
324 239 463 304 1525

1571 243 1586 252 “
1687 248 2104 310 ()PUSCULA.

3448 250 3581 314 152C-

321 350 552 419 εξουσίῳ
574 349 746 420 αὐτῆς
774 351 1059 422 θελήματι,
1083 353 1201 416 ταῖς
1231 365 1291 404 τε
1327 348 1554 424 αἱσθήσε
1567 372 1642 418 σι,
1668 359 1762 412 καὶ
1786 361 1906 422 ταῖς

2027 361 2222 415 ιὶιιιιιοι·
2260 366 2494 421 naturae,
2529 365 2582 413 et
2623 363 2683 410 nt
2716 357 3029 426 oportebat,
3057 372 3123 414 ac
3152 358 3454 417 secundum
3485 376 3579 413 vo-

323 441 582 510 φυσικαῖς
605 439 869 509 δυνάμεσι
902 441 1106 505 πάσαις
1136 441 1280 496 κατὰ
1314 440 1500 511 φύσιν,
1534 448 1628 500 καὶ
1665 449 1806 502 κατὰ
1837 451 1899 502 τὸ

322 531 463 596 δέον,
495 533 592 586 καὶ
647 531 788 586 κατὰ
816 533 878 587 τὸ
937 531 1186 604 βούλημα
1215 533 1311 588 τοῦ
1365 534 1530 602 Θεοῦ,
1583 539 1678 592 καὶ
1723 535 1900 602 οὕτως

323 627 576 698 ὲνίκησεν
620 627 715 682 τὸν
755 627 1026 688 διάϐολον,
1058 628 1121 681 οὐ
1157 627 1390 699 δύναμιν
1421 630 1634 700 θεῖκὴν,
1667 631 1765 685 καὶ
1798 648 1898 683 πε-

325 718 652 791 ρισσοτέραν
679 721 779 790 τῆς
811 719 1028 789 φύσεως
1048 721 1332 791 προσθεὶς,
1366 723 1462 776 καὶ
1491 723 1902 794 ὲπιχορηγήσας

324 811 384 865 ὲν
413 813 479 882 τῇ
517 811 688 882 πάλῃ,
713 811 852 864 ἀλλὰ
878 814 1018 882 πρὸς
1038 813 1101 866 τὸ
1123 813 1366 884 ἁρμόζον
1387 815 1483 867 καὶ
1511 813 1590 884 τῷ
1611 813 1732 884 Θεῷ
1753 815 1904 885 νόμῳ

328 903 552 973 συνᾷδον
601 901 955 973 χρησάμενος
1005 905 1118 966 τοῖς
1158 906 1436 971 φυσικοῖς,
1484 905 1578 959 καὶ
1619 905 1906 980 ⁸ῥυθμίσας

327 994 506 1046 πάντα
528 993 599 1046 τὰ
639 995 741 1065 τῆς
769 993 986 1064 φύσεως
1012 995 1177 1066 μέρη,
1219 996 1314 1048 καὶ¹
1355 996 1644 1065 δυνάμεις,
1693 995 1789 1050 καὶ
1817 994 1906 1065 δρ-

325 1099 489 1152 γανα,
542 1085 684 1138 κατὰ
719 1085 779 1138 τὸ
833 1091 1137 1154 προσῆκον,
1169 1087 1311 1138 κατὰ
1341 1085 1408 1139 τὰ
1450 1086 1628 1157 μέτρα
1672 1087 1773 1154 τῆς
1811 1087 1907 1140 ἁν-

327 1175 698 1246 θρωπὸτητος,
728 1177 827 1229 καὶ
855 1175 1029 1240 οὔτως
1055 1177 1334 1246 ἐνίκησεν,
1370 1177 1464 1230 καὶ
1490 1175 1780 1243 ἀπέδειξεν
1806 1176 1908 1248 τὴν

327 1267 494 1334 φύσιν
526 1267 849 1338 νικηφόρον,
881 1269 978 1322 καὶ
1005 1271 1073 1339 τῇ
1107 1267 1270 1338 φύσει
1302 1267 1544 1339 λοιπδνή
1567 1269 1715 1338 νίκη,
1747 1267 1844 1322 καὶ
1873 1271 1908 1338 ἡ

324 1357 610 1422 δικαίωσις
642 1359 944 1427 λογίζεται.

400 1449 461 1502 Β.
495 1449 630 1502 Εἱπέ
661 1467 775 1520 μοι,
811 1453 837 1504 6
878 1449 1223 1522 ἀνθρώπινος
1271 1449 1420 1535 νοῦς,
1453 1450 1619 1516 αὐτὸς
1646 1446 1716 1524 ἦν
1743 1453 1771 1506 6
1802 1467 1910 1505 πα-

327 1539 498 1594 λαίων
549 1542 687 1614 πρὸς
719 1542 810 1595 τὸν
840 1542 1113 1609 διάϐολον,
1154 1543 1188 1614 ἢ
1219 1543 1406 1607 ἁπλῶς
1434 1544 1636 1606 εἰπεῖν,
1691 1540 1912 1596 αὐτοκί-

331 1650 493 1704 νητος
529 1629 598 1706 ἧν
629 1635 663 1704 ἢ
692 1635 1106 1708 ὲτεροκίνητοςς

1970 525 1977 531 _
2003 453 2268 505 luntatem
2299 450 2426 516 Dei;
2455 458 2619 518 atque
2643 447 2716 502 ita
2745 447 2877 504 vicit
2904 448 3181 504 diabolum
3209 488 3224 514 ,
3258 463 3367 504 non
3412 463 3582 518 oppo-

2002 542 2106 598 sita
2135 549 2190 596 et
2239 539 2588 612 suppeditata
2621 541 2676 596 in
2724 539 3066 605 luctatione,
3109 538 3294 594 divina
3340 539 3578 598 virtute.

2003 634 2290 709 ampﬁore,
2319 649 2479 704 quam
2517 631 2776 696 naturali,
2809 631 2904 688 sed
2941 638 3002 686 ut
3033 629 3262 686 decebat
3294 629 3488 694 Deum,
3528 639 3582 684 ct
3622 673 3630 682 .

2004 726 2200 805 legem,
2241 741 2376 782 usus
2415 725 2780 790 naturalibus,
2808 729 2863 778 et
2885 721 3140 778 omnibus
3171 729 3380 774 naturae
3408 718 3580 790 parti-

2004 818 2131 882 bus,
2162 827 2216 874 et
2240 817 2498 888 potentiis
2525 857 2540 882 ,
2587 823 2642 871 et
2671 815 2892 887 organis
2929 815 3010 870 sic
3059 811 3408 884 compositis,
3440 811 3583 866 sicut

2005 909 2407 975 conveniebat,
2461 917 2523 964 ut
2582 923 2843 964 mensura
2892 904 3266 962 humanitatis
3339 903 3583 976 Wstula-

2007 997 2100 1052 bat
2129 995 2266 1070 (4⁸5).
2292 997 2470 1066 Atque
2496 999 2569 1052 ita
2597 997 2751 1060 vicit,
2777 995 3093 1052 et'ostendit
3119 1001 3377 1048 naturam
3401 993 3585 1047 victri-

1969 1099 1977 1108 '
2005 1103 2150 1153 cem,
2177 1095 2233 1143 et
2263 1072 2472 1143 naturae
2495 1087 2754 1159 deinceps
2791 1087 3044 1154 victoria,
3075 1093 3129 1144 et
3152 1083 3474 1156 justiﬁeatio
3504 1092 3586 1137 at-

2010 1179 2239 1236 tribui-tu
2249 1194 2300 1233 r.

2084 1439 2146 1493 Β.
2202 1436 2302 1492 Dic
2365 1435 2520 1503 mihi,
2578 1435 2698 1508 ipsa
2745 1448 2904 1491 mens
2965 1433 3225 1500 humana,
3285 1445 3410 1502 quae
3465 1446 3587 1484 cum

2013 1527 2233 1584 diabolo
2263 1526 2600 1592 luctabatur,
2632 1524 3030 1581 movebaturne
3059 1537 3089 1576 a
3127 1536 3206 1586 se,
3234 1535 3307 1576 an
3338 1523 3408 1576 ab
3443 1519 3593 1574 alio?

400 1727 468 1779 Δ.
505 1700 716 1796 ’Ὠσπερ
743 1700 806 1778 ού
841 1700 1064 1794 λέγεται
1147 1725 1240 1790 σὸς
1279 1725 1425 1787 νοῦς,
1458 1723 1490 1795 ἢ
1526 1723 1682 1788 ποῦς,
1713 1723 1745 1794 ἢ
1787 1721 1910 1794 χεὶρ

2081 1709 2146 1764 Α.
2189 1705 2345 1763 Sicut
2371 1721 2481 1761 non
2512 1704 2716 1760 dicitur
2748 1717 2907 1759 mens
2939 1708 3055 1766 tua,
3083 1708 3178 1755 aut
3206 1713 3324 1770 pes,
3359 1703 3454 1752 aut
3473 1709 3592 1750 ma-

328 1817 600 1870 κινεῖσοαι
627 1833 641 1847 ·
679 1819 744 1870 σὺ
770 1817 878 1887 γὰρ
905 1819 933 1872 6
963 1817 1055 1870 τὸν
1084 1816 1177 1870 σὺν
1203 1814 1350 1878 νοῦν,
1393 1817 1485 1870 καὶ
1519 1816 1586 1869 τὰ
1626 1815 1788 1886 μέλη,
1815 1814 1912 1868 καὶ

328 1909 426 1970 τὰς
457 1909 718 1976 δυνάμεις
747 1909 934 1974 κινῶν,
957 1908 1053 1961 καὶ
1087 1908 1390 1980 ῥυθμίζων,
1414 1907 1490 1972 ὡς
1515 1907 1732 1979 βούλει·
1768 1904 1914 1959 οῦτω

330 2001 423 2052 καὶ
451 2002 478 2053 ὁ
507 2000 641 2061 Θεὸς
682 2001 880 2070 Λόγος,
908 2000 1073 2064 αὐτὸς
1103 1995 1196 2072 ἦν,
1224 2001 1250 2054 6
1276 2002 1370 2054 τὸν
1413 2000 1543 2054 ἴδιον
1570 1997 1912 2071 ἀνθρώπινον

331 2091 482 2158 νοῦν,
525 2093 620 2148 καὶ
659 2091 758 2156 τὰς
807 2093 1114 2162 αἰσθήσεις,
1163 2093 1257 2146 καὶ
1309 2092 1552 2168 φυσικὰς
1595 2091 1760 2156 ἕξεις,
1819 2090 1914 2145 καὶ

331 2177 590 2248 δυνάμεις
617 2179 809 2242 κινῶν,
842 2181 939 2234 καὶ
959 2179 1182 2233 διακυϐε
1193 2180 1354 2251 ρνῶν,
1374 2179 1451 2244 ὡς
1473 2179 1746 2250 βούλεται,
1777 2179 1916 2250 πρὸς

333 2265 394 2318 τὸ
427 2267 721 2337 εἰρημένον
747 2269 900 2340 παρα
934 2269 1052 2332 σοῦ,
1083 2267 1166 2324 ὃτι
1205 2269 1582 2340 αύτοκίνητος,
1615 2268 1648 2341 ἢ
1677 2267 1919 2340 ὲτεροκί-

335 2374 498 2426 νητος
529 2361 557 2412 6
593 2358 720 2424 νοῦς
747 2361 842 2414 τοῦ
873 2359 1116 2434 Χριστοῦ
1138 2375 1154 2390 ο
1188 2359 1347 2414 τοῦτό
1391 2378 1596 2432 φαμεν,
1631 2360 1706 2423 ὡς
1739 2358 1853 2431 ἔχει
1883 2361 1918 2431 ή

339 2449 528 2518 φύσις,
563 2451 684 2522 ἦτοι
717 2453 812 2505 καὶ
841 2453 872 2522 ή
907 2452 1080 2524 ψυχὴ,
1107 2453 1202 2506 καὶ
1225 2451 1288 2506 τὺ
1305 2451 1488 2524 σῶμα,
1513 2453 1700 2506 καὶτὰ
1729 2451 1918 2506 τούτου

340 2541 510 2612 μέρη,
545 2542 642 2594 καὶ
693 2543 1050 2615 αἰσθητήρια,
1099 2545 1334 2599 ἕκαστον
1390 2545 1528 2599 ἰδίαν
1575 2545 1697 2598 τινὰ
1741 2545 1920 2614 ἁπλῆν

315 2631 438 2699 ,καὶ
463 2632 705 2704 φυσικὴν
732 2635 974 2706 κίνησιν.
1007 2637 1070 2690 Et
1111 2636 1186 2708 μὴ
1219 2636 1328 2706 γὰρ
1359 2635 1545 2706 ἔχουσι
1569 2639 1924 2692 ταῦτα’κατὰ

341 2723 507 2792 φύσιν
529 2725 652 2778 τινὰ
675 2724 920 2796 κίνησιν,
961 2727 1062 2780 οὐκ
1093 2727 1158 2780 ἂν
1182 2727 1345 2796 ἡμεῖς
1383 2725 1747 2798 δυνηθείημεν
1782 2725 1924 2781 αὑτὰ

343 2815 592 2886 κινῆσαι.
632 2815 744 2886 Τὴν
779 2813 876 2870 οὖν
903 2814 1142 2887 φυσικὴν
1179 2817 1272 2871 καὶ
1317 2815 1496 2886 ἁπλῆν
1523 2815 1738 2886 κίνησιν
1759 2817 1923 2884 ἡμεῖς

344 2896 896 2978 παραλαμϐάνοντες,
935 2907 1200 2978 κινοῦμεν
1230 2909 1325 2960 καὶ
1359 2905 1700 2978 ῥυθμίζομεν
1727 2907 1922 2977 αὐτὴν,

342 2997 420 3060 ὡς
449 2997 512 3050 ἂν
550 2995 904 3068 βουλοίμεθα,
939 2994 1142 3060 καλῶς,
1175 2994 1208 3066 ἢ
1241 2995 1448 3059 κακῶς.
1471 2991 1594 3049 Οἴον
1617 2996 1802 3066 ἔχουσι
1823 2996 1923 3068 τὴν
1951 3025 1994 3083 C

345 3087 660 3159 βαδιστικὴν
693 3087 910 3157 κίνησιν
940 3085 1188 3155 φυσικῶς
1229 3088 1277 3139 οἱ
1320 3086 1514 3148 πόδεςο
1565 3085 1678 3154 ἐγὼ
1722 3085 1781 3140 δὲ
1824 3086 1920 3140 κέ-

273 3222 276 3226 ί
343 3197 558 3250 χρημαι
609 3183 677 3252 τῇ
755 3179 1006 3250 βαδίσει,
1057 3178 1134 3242 ὡς
1207 3161 1496 3249 βούλομαι.
1555 3179 1816 3249 Ἔχουσιν
1870 3179 1922 3232 οἱ

341 3269 612 3339 ὀφθαλμοὶ
666 3269 726 3322 τὸ
760 3268 950 3332 ἁπλῶς
997 3269 1163 3340 ὁρᾷψ
1215 3269 1326 3338 ἐγὼ
1365 3269 1444 3333 δὲ,
1497 3269 1572 3333 ὡς
1632 3269 1921 3342 βούλομαι,

345 3360 627 3430 κέχρημαι
676 3361 742 3430 τῇ
773 3359 986 3430 ὁράσει,
1021 3359 1094 3413 Τὸ
1139 3355 1233 3413 οὖν
1270 3360 1404 3430 ὁρᾷν
1441 3361 1508 3413 ὲκ
1545 3359 1646 3430 τῆς
1702 3359 1922 3429 φύσεως

271 3513 276 3518 ,
344 3450 482 3522 ἔχω’
514 3450 675 3515 τὸδὲ,
713 3449 834 3514 πῶς
867 3451 1020 3522 ὀρᾷν,
1050 3451 1112 3514 ἐξ
1136 3452 1378 3522 ἐμαυτοῦ
1427 3453 1599 3506 ἐστιν.
1643 3451 1926 3516 Ὡσαύτως

344 3543 440 3596 καὶ
471 3543 563 3596 ἐπὶ
593 3543 693 3613 τῆς
719 3541 1019 3614 θελήσεως,
1052 3541 1149 3596 καὶ
1175 3541 1286 3594 τῶν
1315 3541 1528 3596 λοιπῶν
1569 3542 1668 3614 τῆς
1705 3543 1924 3614 φύσεως

349 3634 554 3704 μερῶν,
603 3635 700 3688 καὶ
751 3634 846 3686 ἐπὶ
891 3631 1057 3687 αὐτοῦ
1106 3631 1204 3686 τοῦ
1234 3633 1349 3689 νοῦ.
1393 3634 1439 3666 ³⁸
1472 3633 1628 3703 Ἔχει
1670 3633 1782 3704 γὰρ
1830 3635 1928 3689 καὶ

345 3727 510 3788 αὐτὸς
536 3725 784 3793 φυσικῶς
815 3725 878 3777 τὸ
922 3723 1109 3787 ἁπλῶς
1133 3723 1474 3792 λογίζεσθαι,
1515 3725 1614 3778 καὶ¹
1663 3725 1850 3790 τοῦτο,
1889 3725 1926 3798 ἢ

347 3815 539 3869 τοῦτο·
573 3814 684 3884 ἐγὼ
726 3817 783 3869 δὲ
817 3818 885 3887 τῇ
924 3814 1156 3888 τοιαύτῃ
1185 3817 1389 3886 φυσικῇ
1417 3816 1647 3886 δυνάμει
1691 3815 1790 3870 τοῦ
1833 3817 1930 3871 νοῦ

349 3907 649 3977 κέχρημαι,
677 3906 751 3970 ὡς
780 3906 1048 3977 βούλομαι
1079 3905 1222 3960 κατὰ
1244 3903 1496 3977 γνώμην,
1527 3907 1648 3978 ήτοι
1685 3907 1848 3970 καλὰ,
1893 3908 1928 3979 ἢ

350 3999 501 4052 κακὰ
525 3995 901 4069 λογιζόμενος,
933 3999 1031 4052 καὶ
1063 3999 1546 4069 κατεργαζόμενος
1565 3999 1664 4070 τὴν
1702 3998 1797 4053 τοῦ
1836 3999 1930 4054 νοῦ

351 4091 601 4162 δύναμιν,
623 4093 700 4156 εἰς
729 4092 868 4160 ὅπερ
898 4093 1145 4161 ἐφίεμαι.
1173 4091 1248 4143 1‘6
1278 4090 1408 4158 γοῦν
1433 4090 1622 4155 ἁπλῶς
1637 4091 1928 4153 κινεῖσθαι,

353 4179 492 4233 κατὰ
551 4180 652 4250 τὴν
714 4180 954 4249 ἰδιότητα
1004 4179 1236 4233 ἑκάστου
1294 4179 1496 4250 μέρους
1553 4180 1653 4251 τῆς
1716 4181 1934 4249 φύσεώς

354 4273 470 4324 ἐστι
491 4287 504 4300 ⁶
539 4271 600 4324 τὸ
632 4271 689 4323 δὲ
716 4270 834 4333 πῶς
888 4269 1182 4332 κινεῖσθαι,
1213 4271 1316 4339 τῆς
1357 4271 1734 4334 ὑποστάσεως.
1777 4271 1934 4325 υῦτω

2014 1817 2118 1856 nus
2176 1798 2436 1866 moveri;
2483 1807 2540 1852 tu
2595 1797 2742 1852 enim
2773 1809 2834 1852 es
2865 1793 2960 1864 qui
3011 1799 3252 1848 mentem
3311 1799 3508 1852 tuam,
3539 1793 3592 1842 et

2014 1891 2282 1954 membra,
2335 1904 2400 1944 ac
2449 1888 2721 1959 potentias
2765 1901 2954 1943 moves
3001 1891 3056 1940 et
3090 1881 3400 1938 moderaris
3449 1879 3592 1935 sicut

2013 1983 2099 2040 vis
2145 2003 2160 2039 :
2209 1984 2290 2038 sic
2351 1979 2498 2036 Deus
2555 1977 2792 2036 Verbum
2845 1978 2964 2050 ipse
3011 1981 3130 2030 erat
3177 1974 3269 2045 qui
3316 1970 3594 2043 propriam

2017 2081 2252 2129 mentem
2286 2073 2605 2134 humanam,
2632 2079 2685 2125 et
2711 2083 2930 2132 sensus,
2957 2072 3012 2122 et
3040 2064 3324 2120 naturales
3347 2061 3590 2123 habitus,-

2017 2180 2082 2219 ac
2115 2164 2392 2234 potentias
2441 2161 2698 2216 movebat
2744 2167 2800 2216 et
2849 2157 3191 2228 gubernabat
3250 2164 3310 2210 ut
3353 2153 3591 2209 volebat.

2018 2256 2176 2324 Quod
2215 2264 2396 2311 autem
2431 2252 2712 2324 quaerebas
2740 2291 2758 2320 ,
2789 2259 2971 2306 utrum
3009 2264 3164 2304 mens
3204 2247 3408 2302 Christi
3451 2259 3482 2298 a
3539 2257 3600 2298 se

2019 2363 2087 2404 an
2112 2346 2191 2403 'ab
2229 2347 2338 2401 alio
2369 2352 2706 2412 moveretur,
2735 2343 3133 2414 respondemus
3165 2339 3311 2412 quod
3336 2353 3512 2402 mens,
3545 2341 3601 2391 et

2022 2435 2204 2496 anima
2224 2437 2361 2514 (μ),
2385 2444 2442 2494 et
2467 2452 2698 2508 corpus,
2719 2443 2775 2492 et
2791 2443 2979 2508 partes
3003 2431 3274 2502 corporis”,
3299 2440 3353 2486 et
3375 2443 3598 2492 sensus,

2023 2531 2454 2602 unumquodque
2486 2529 2680 2583 horum
2713 2527 2997 2598 pr0prium
3030 2521 3320 2594 quemdam
3374 2529 3431 2576 et
3469 2520 3601 2574 sim-

2021 2621 2222 2692 plicem
2273 2635 2338 2676 ac
2368 2621 2678 2676 naturalem
2729 2626 2935 2672 motmn
2987 2615 3171 2670 habet.
3203 2611 3262 2668 Si
3293 2611 3440 2666 enim
3491 2625 3599 2664 non

2023 2714 2290 2769 baberent
2319 2711 2437 2768 haec
2481 2711 2782 2768 secundum
2811 2717 3062 2774 naturam
3099 2713 3308 2760 motum
3339 2705 3602 2774 aliquem.

2022 2822 2137 2862 non
2166 2820 2454 2877 possemus
2484 2819 2590 2860 nos
2637 2802 2875 2858 naturali
2927 2809 2982 2856 et
3021 2797 3259 2868 simplici
3291 2803 3440 2852 motu
3480 2811 3602 2850 mn-

2023 2899 2162 2965 veri,
2187 2913 2349 2968 quem
2373 2911 2471 2951 nos
2500 2894 2862 2964 suscipimus,
2889 2899 2944 2947 et
2971 2905 3038 2944 eo
3069 2898 3379 2952 movemur,
3405 2895 3460 2941 et
3485 2901 3600 2938 mo-

2027 2989 2286 3045 deramur
2315 3002 2466 3052 eum,
2504 2995 2564 3052 ut
2607 2985 2882 3045 volumus,
2929 2983 3070 3038 bene
3097 2981 3184 3036 vel
3235 2979 3398 3034 male.
3437 2975 3602 3032 Verbi

2027 3081 2223 3151 gratia,
2267 3077 2468 3133 habent
2502 3077 2668 3147 pedes
2700 3074 3016 3130 facultatem
3055 3072 3276 3128 insitam
3311 3071 3378 3126 ad
3415 3069 3600 3123 ambu»

2027 3171 2286 3238 landum;
2325 3187 2428 3242 ego
2452 3185 2586 3224 vero
2639 3179 2768 3224 utor
2799 3169 3076 3240 ingressu,
3113 3163 3508 3245 ambulatione,
3548 3170 3604 3215 ut

2029 3261 2172 3316 volo.
2206 3258 2420 3314 Habent
2448 3260 2597 3314 oculi
2634 3258 2948 3314 facultatem
2992 3255 3212 3312 videndi
3247 3253 3568 3324 simpliciter
3589 3295 3604 3315 ,

2029 3365 2130 3421 ego
2157 3364 2289 3404 vero
2328 3357 2580 3419 aspectu,
2615 3358 2675 3403 ut
2704 3350 2856 3413 libet,
2891 3357 3038 3404 utor.
3075 3349 3146 3404 [τι
3169 3347 3336 3418 igitur
3361 3345 3604 3408 videam,

2033 3451 2065 3490 a
2133 3444 2332 3492 natura
2381 3435 2596 3500 habeo,
2631 3435 2922 3505 quomodo?
2979 3443 3160 3489 autem
3238 3432 3479 3496 videam,
3540 3446 3606 3484 ex

2033 3541 2122 3582 me
2161 3535 2271 3583 est.
2323 3523 2595 3580 Similiter
2623 3525 2682 3578 fit
2715 3526 2769 3578 in
2822 3524 3138 3589 voluntate,‘
3171 3533 3223 3576 et
3281 3523 3334 3576 in
3385 3521 3611 3591 reliquis

2035 3617 2292 3690 partibus
2319 3626 2550 3683 naturae,
2582 3624 2636 3672 et
2669 3617 2724 3670 in
2767 3617 2886 3686 ipsa
2915 3623 3122 3669 mente.
3163 3613 3320 3676 Utor,
3358 3619 3418 3666 ut
3466 3613 3610 3676 volo,

2034 3723 2089 3769 et
2119 3710 2422 3768 secundum
2452 3709 2804 3774 sententiam,
2831 3707 2882 3762 id
2911 3715 3017 3773 est,
3037 3705 3290 3767 honesta,
3315 3713 3408 3758 aut
3427 3719 3613 3773 prava.
3702 3745 3710 3750 .
3795 3722 3798 3726 ’

2036 3813 2319 3877 potestate
2374 3805 2578 3858 mentis
2635 3801 2840 3870 cOgito,
2897 3809 2952 3853 et
2991 3813 3211 3868 cperor.
3259 3797 3415 3862 Quod
3448 3795 3614 3864 igitur

2037 3897 2305 3958 diximus,
2339 3892 2670 3962 simpliciter
2710 3890 2918 3943 moveri
2971 3890 3274 3944 secundum
3309 3887 3616 3958 proprieta-

2039 3998 2147 4044 tem
2179 3987 2448 4058 cujusque
2483 3982 2649 4054 384
2676 3983 2848 4052 partis
2875 4020 2891 4043 ,
2930 3989 3143 4035 natura:
3179 3990 3298 4043 est;
3344 3979 3616 4049 quomodo

2041 4087 2220 4134 autem
2251 4078 2378 4149 quis
2424 4083 2733 4138 moveatur,
2768 4089 3018 4144 personae
3045 4079 3150 4128 est.
3189 4072 3280 4126 Sic
3308 4071 3363 4124 in
3393 4071 3616 4126 ΟΙιινίειις

2041 4170 2309 4238 intellige.
2345 4169 2505 4222 Sicut
2531 4167 2737 4222 dicitur
2763 4166 2916 4220 faber
2948 4165 3216 4236 liguarius
3257 4163 3454 4218 fecisse
3492 4178 3619 4232 pro-

2043 4273 2158 4340 pria
2199 4283 2364 4323 manu
2417 4267 2638 4331 sedile;
2673 4279 2726 4320 et
2769 4265 3004 4320 dicimus
3048 4266 3177 4318 item
3227 4277 3447 4316 manum
3483 4260 3618 4314 l‘abr‘:
3660 4299 3666 4305 .

354 4363 450 4416 καὶ
481 4362 578 4415 ἐπὶ
613 4362 852 4432 Χριστοῦ
883 4363 1018 4417 νόει.
1051 4362 1268 4434 Ὥσπερ
1302 4361 1524 4430 λέγεται
1562 4365 1590 4416 6
1627 4365 1837 4417 τέκτων
1869 4368 1918 4433 τῇ

2044 4361 2260 4433 lignarii
2304 4359 2504 4414 fecisse
2531 4358 2737 4422 sedile;
2797 4357 2876 4412 sic
2911 4356 3147 4410 dicimus
3178 4354 3344 4407 Deum
3379 4352 3618 4407 Verbum
3656 4377 3660 4381 ~

358 4453 468 4524 ἰδίᾳ
497 4455 646 4522 χειρὶ
674 4452 1040 4522 πεποιηκέναι
1069 4453 1162 4506 τὸν
1190 4450 1400 4523 θρόνον,
1433 4452 1530 4506 καὶ
1558 4452 1816 4524 λέγομεν,
1846 4453 1928 4508 ὃτι

355 4548 390 4618 ἠ
448 4544 571 4616 χεὶρ
608 4545 703 4598 τοῦ
751 4544 1004 4608 τέκτονος
1049 4544 1142 4597 τὸν
1195 4544 1384 4615 θρόνον
1420 4543 1754 4614 πεποίηκεν*
1781 4544 1925 4599 οῦτω

2041 4454 2239 4510 vicisse
2269 4466 2438 4505 carne
2469 4465 2485 4514 ;
2539 4458 2593 4504 et
2627 4463 2822 4503 rursus
2851 4447 3088 4502 dicimus
3143 4461 3363 4500 carnem
3397 4445 3618 4508 vicisse,

2037 4543 2089 4598 id
2118 4555 2222 4604 est,
2251 4549 2502 4594 naturain
2536 4538 2895 4592 humanitatis
2922 4535 3056 4602 (65).

358 4635 564 4726 φαμὲν,
597 4636 817 4690 καὶτὸν
881 4635 1016 4689 Θεὸν
1061 4637 1236 4705 Λόγον
1289 4636 1641 4706 νενικηκέναι
1684 4641 1751 4710 τῇ
1821 4641 2008 4710 σαρκὶ,
2069 4637 2167 4691 κο.)⁸
2216 4633 2318 4706 τὴν
2384 4632 2562 4706 σάρκα
2620 4630 2851 4700 λέγομεν
2891 4629 3054 4683 πάλιν
3103 4626 3449 4698 νενικηκέναι
3504 4625 3621 4696 ἢτοι

354 4729 457 4800 τὴν
496 4726 660 4797 φύσιν
683 4727 784 4797 τῆς
811 4726 1258 4799 ἀνθρωπότητος.

426 4819 489 4872 B.
531 4815 656 4880 Πῶς
683 4817 712 4870 6
755 4815 930 4887 Ἀδὰμ
968 4814 1220 4888 ήττήθη;
1250 4815 1376 4886 οὐχὶ
1419 4815 1702 4884 διστάσας,
1735 4818 1940 4890 μᾶλλον

2121 4816 2179 4872 Β.
2209 4813 2495 4880 Quomodo
2525 4814 2700 4868 Adam
2728 4813 2905 4867 victus
2938 4810 3069 4866 est?
3097 4825 3282 4864 nonne
3314 4808 3577 4867 dubitans
3598 4813 3619 4863 '?

355 4910 401 4963 δ’
433 4909 742 4979 ἀπιστήσας
769 4907 849 4978 τῷ
889 4907 1036 4978 λόγῳ
1068 4906 1164 4960 τοῦ
1210 4905 1369 4971 Θεοῦ,
1414 4909 1511 4962 καὶ
1536 4909 1836 4975 πιστεύσας
1863 4911 1918 4982 τι]

2050 4910 2162 4964 imo
2193 4909 2378 4978 potius
2401 4923 2516 4964 non
2543 4905 2776 4962 credens
2811 4903 2980 4960 verbo
3010 4902 3130 4968 Dei,
3163 4909 3218 4958 et
3247 4902 3481 4958 credens
3512 4901 3626 4959 dia-

359 4999 598 5070 διαϐόλῳ
619 5017 634 5066 ;

431 5093 498 5145 Λ.
541 5090 616 5143 T6
642 5089 788 5144 λεῖον
819 5089 926 5160 τῆς
945 5089 1146 5161 ἡδονῆς
1165 5087 1381 5157 ἔθελξεν
1409 5091 1573 5146 αὐτὸν
1597 5094 1814 5166 πρῶτον
1840 5098 1942 5167 τῆς

361 5180 686 5254 ἐπιθυμίας,
721 5175 843 5234 εἶτα
899 5179 1199 5234 ὲδίστασεν.
1242 5181 1305 5234 Et
1359 5181 1467 5255 γὰρ
1509 5185 1584 5258 μὴ
1620 5185 1800 5242 καλὸν
1848 5183 1936 5259 ἦν,

2049 5003 2177 5058 bolo
2197 5003 2220 5056 ?

2124 5093 2193 5146 A.
2237 5089 2508 5145 Blanditia
2562 5087 2740 5160 ipsius
2779 5084 3072 5158 voluptatis
3103 5083 3340 5158 primum
3377 5083 3627 5139 delinivit

2047 5201 2172 5242 eum
2200 5185 2536 5256 cupiditate;
2565 5181 2768 5238 deinde
2791 5177 3087 5236 dubitavit.
3110 5175 3228 5232 Nisi
3257 5176 3546 5248 pulchrum
3576 5179 3624 5230 ci

1637 5300 1868 5358 VABl/E
1902 5299 2314 5358 LECTIONES.

414 5367 458 5399 ⁸⁵
515 5365 876 5422 Desideratur
908 5365 962 5419 in
988 5363 1179 5421 codice
1206 5363 1372 5420 Turr.

1884 5462 2118 5518 ΝΟΤᾹΞ.

435 5570 554 5650 μᾷ)
595 5569 650 5624 Id
698 5579 803 5632 est,
850 5581 1043 5625 natura
1098 5572 1336 5629 humana
1385 5574 1440 5628 in
1470 5573 1692 5632 Christo
1728 5591 1944 5646 semper

336 5639 472 5694 'fuit
507 5642 652 5693 intra
691 5656 1005 5696 mensuram
1039 5657 1220 5697 suam.

2263 5572 2486 5646 Videtur
2507 5571 2596 5646 hic
2615 5568 2816 5646 legisse
2835 5567 3001 5646 T_ut‘_r.
3125 5570 3268 5634 νοῦς,
3290 5571 3626 5646 και-ἡψυχὴ.

2043 5669 2058 5684 -
2129 5639 2243 5714 (45)
2269 5639 2531 5698 Naturam
2563 5639 2923 5696 [Humanitatis
2954 5639 3006 5693 in
3037 5639 3318 5709 hy’postasi
3352 5639 3504 5696 (ιίρη,
