3928 6130
332 176 467 244 1527

1542 170 1931 262 THEODORI
1968 205 2335 267 ABUCAM

3460 223 3568 284 528

330 291 503 347 visum
561 302 729 359 esset,
791 299 933 366 quod
997 293 1359 360 interdictum
1408 317 1547 375 erat,
1611 327 1868 384 nunqnan

1998 322 2135 390 μήτε
2166 322 2367 391 ὡραῖον
2396 322 2569 393 ἐφάνη
2606 324 2756 395 αὐτῷ
2792 328 2851 380 τὸ
2880 328 3332 401 ἀπηγορευμένον
3373 338 3564 406 φυτὸν,

327 391 560 471 mentem
592 397 744 440 suam
774 389 1095 460 decepisset.
1133 390 1200 445 Et
1263 397 1488 455 adverte
1536 405 1682 471 quod
1742 405 1885 471 dico,

323 470 370 525 si
396 470 647 530 diabolus
680 479 1011 535 ostendisset
1036 484 1085 537 ei
1118 483 1347 553 lignum,
1377 491 1524 546 unde
1549 470 1782 564 sumpsit
1804 470 1890 551 vei-

324 561 479 618 titum
504 568 705 631 cibum,
737 579 878 624 tetro
898 571 1085 636 odore,
1128 583 1181 628 et
1205 575 1510 651 spinosum,
1535 591 1587 635 et
1617 561 1884 650 amarum,

286 656 290 664 '
321 652 696 726 dixissetque:
729 659 785 714 Si
820 677 885 716 ex
918 663 1021 717 hoc
1047 666 1375 731 comederis,
1407 671 1515 725 eris
1542 671 1705 738 Deus,
1745 691 1887 728 nun-

318 762 481 817 quam
511 749 631 804 sine
659 752 981 821 probatione
1024 761 1078 810 et
1130 755 1487 829 indagationc
1515 762 1692 816 locum
1731 765 1884 817 falla‘

315 835 417 891 cia:
451 838 573 905 ejus
600 838 860 896 dedisset.
896 843 1039 912 Quin
1075 848 1257 919 potius
1286 850 1512 905 curiose
1534 851 1601 906 de
1627 868 1690 906 ea
1716 869 1776 907 re
1803 856 1887 907 in-

316 928 654 995 quisivisset,
686 946 747 985 ac
776 935 1109 1001 respondens
1133 940 1360 993 dixisset
1387 959 1398 991 :
1426 939 1578 996 Unde
1602 943 1707 997 hoc
1733 946 1887 999 scis?

315 1026 407 1070 aut
437 1019 580 1073 unde
627 1022 755 1075 mihi
807 1025 906 1075 hoc
942 1028 1163 1093 probas,
1202 1040 1255 1080 et
1293 1046 1376 1083 me
1405 1039 1614 1086 certum
1649 1035 1829 1088 reddis
1861 1036 1884 1088 ’ἒ

314 1116 366 1162 et
412 1109 652 1180 denique
681 1127 959 1182 nunquam
1007 1118 1126 1172 sine
1163 1132 1288 1172 vera
1319 1120 1795 1178 demonstratione
1823 1127 1882 1177 ti-

312 1198 435 1253 dem
464 1201 648 1257 verbis
680 1203 800 1273 ejus
835 1205 1197 1264 adhibuisset.
1230 1212 1528 1282 Postquam
1561 1229 1693 1269 vero
1722 1216 1876 1284 cupi-

311 1289 456 1345 ditas
482 1306 606 1346 eum
636 1296 885 1359 mollivit,
920 1297 1109 1354 fefellit
1137 1302 1251 1371 ipse
1285 1319 1441 1359 suam
1465 1308 1876 1377 cogitationem.

312 1381 405 1437 Sic
459 1385 640 1439 evenit
690 1387 757 1444 iis
804 1388 898 1455 qui
935 1390 1462 1463 pseudoprOphetam
1501 1399 1876 1466 Agarenorum

311 1474 508 1538 secuti,
533 1475 887 1533 crediderunt
918 1481 993 1543 ei,
1026 1487 1306 1539 concessis
1329 1492 1382 1539 et
1413 1487 1699 1554 promissls
1732 1489 1878 1542 volu-

308 1565 550 1633 ptatibus
579 1567 814 1638 decepti.
850 1570 986 1625 Cum
1015 1574 1157 1628 enim
1192 1577 1363 1630 multa
1392 1578 1587 1647 spolia,
1614 1586 1668 1632 et
1701 1579 1871 1649 legem

1991 409 2090 460 οὐκ
2122 408 2187 461 ἂν
2240 409 2431 473 ἐαυτὸν
2478 412 2953 485 ἐφρεναπάτησεν,
2990 420 3083 471 καὶ
3130 423 3224 473 τὸν
3272 424 3431 492 λόγον
3462 430 3563 481 τοῦ

1991 495 2187 567 ἐχθροῦ
2241 499 2602 568 παρεδέξατο.
2641 502 2752 554 Καὶ
2781 506 3020 574 πρόσχες
3153 508 3299 576 λέγω
3322 529 3336 542 ο
3368 515 3418 565 εἰ
3448 517 3564 567 ὐπ-

1990 586 2193 653 ἐδειξεν
2222 588 2371 657 αὺτῷ
2400 591 2429 642 ὁ
2458 591 2704 655 διάϐολος
2736 594 2901 661 φυτὸν
2932 597 3185 662 δυσῶδες,
3221 603 3557 669 ἀκανθῶδες,

1988 679 2082 731 καὶ
2108 680 2326 748 πικρὸν,
2363 682 2455 734 καὶ
2484 679 2640 737 εἶπεν
2667 685 2814 755 αὐτῷ
2835 701 2848 714 ·
2881 688 2943 740 Εἰ
2977 689 3171 758 φάγοις
3202 693 3309 744 ἀπὸ
3338 696 3555 761 τούτου,

1987 766 2084 838 ἔσῃ
2118 770 2247 832 Θεός
2276 787 2289 801 ·
2353 772 2452 824 οῦκ
2487 772 2552 825 ἂν
2599 774 3007 841 ἀναποδείκτως
3047 779 3142 831 καὶ
3184 782 3555 847 ἀνεξετάστως

1986 858 2318 929 παρεδέξατο
2360 861 2460 932 τὴν
2506 863 2743 935 ἀπάτην.
2807 866 2949 919 Ἀλλ’
2997 869 3556 943 ἐπολυπραγμόνησεν

1985 948 2051 1001 ἂν
2081 950 2535 1020 ἀποκρινόμενος,
2575 955 2670 1007 καὶ
2719 954 2927 1023 λέγων·
2961 959 3133 1011 Πόθεν
3175 978 3257 1014 σοι
3298 963 3461 1016 τοῦτο
3494 966 3558 1016 τὸ

1986 1039 2205 1104 εἰδέναι,
2243 1042 2272 1109 ἦ
2306 1043 2474 1095 πόθεν
2522 1062 2611 1113 μοι
2646 1047 2911 1117 παρέχεις
2941 1049 3037 1116 τὴν
3068 1051 3318 1120 τοιαύτην
3344 1053 3554 1124 πληρο-

1986 1130 2215 1198 φορίαν,
2262 1133 2354 1184 καὶ
2407 1133 2718 1199 ἀπόδειξινς
2778 1138 2873 1191 καὶ
2922 1138 3109 1201 ἁπλῶς
3152 1141 3251 1193 οὐκ
3298 1143 3364 1195 ἀν
3417 1162 3551 1196 ποτε

1984 1221 2209 1291 ἐπείσθη
2246 1222 2372 1275 ἄνευ
2416 1225 2858 1294 ἀπαραλογίστου
2906 1230 3229 1297 ἀποδείξεως
3272 1234 3362 1286 τὸν
3393 1235 3551 1301 λόγον

1982 1309 2146 1361 αὐτοῦ
2180 1311 2606 1379 παραδέξασθαι.
2654 1315 2869 1387 Ἐπειδὴ
2898 1316 2955 1369 δὲ
2999 1320 3030 1389 ἡ
3075 1321 3343 1390 ἐπιθυμία
3380 1326 3547 1393 ἐχαύ-

1981 1417 2141 1465 νωσε,
2171 1402 2261 1454 τὸν
2288 1402 2483 1456 ἐαυτοῦ
2506 1402 2765 1473 λογισμὸν
2809 1408 3229 1477 παρελογίσατο.
3266 1413 3422 1466 Οῦτω
3449 1405 3547 1467 καὶ

1979 1490 2029 1541 οἱ
2059 1490 2135 1559 τῷ
2156 1490 2577 1572 ψευδοπροφήτῃ
2611 1496 2720 1549 τῶν
2759 1497 3080 1568 Ἀγαρηνῶν
3111 1501 3547 1572 ἠκολουθηκότες

1982 1582 2415 1637 πεπιστεύκασιν
2476 1570 2622 1656 αὗτῷ
2652 1627 2668 1652 ,
2697 1589 2818 1650 ταῖς
2866 1587 3177 1658 δεδομέναις
3218 1594 3400 1657 αὐτοῖς
3449 1596 3544 1647 καὶ

308 1654 597 1711 remissam
631 1667 685 1712 et
714 1659 1035 1727 relaxatam,
1064 1673 1118 1717 et
1148 1678 1339 1718 eorum
1371 1667 1764 1736 cupiditatibus
1788 1669 1868 1739 ju-

1982 1669 2419 1740 ἐπηγγελμέναις
2456 1654 2672 1742 ἡδοναῖς
2700 1654 3149 1742 φενακισθέντες·
3182 1654 3399 1750 λάφυρα
3431 1683 3542 1752 γὰρ

308 1746 582 1814 cundam,
613 1749 899 1818 dedisset,
950 1752 1111 1809 facile
1146 1757 1547 1812 conscientiam
1594 1761 1874 1830 propriam

309 1837 459 1894 fatue
503 1840 877 1910 deceperunt,
906 1843 1370 1915 credideruntque
1417 1848 1740 1918 praphetam
1782 1850 1873 1907 Dei

307 1945 431 1987 esse
463 1940 518 1986 et
563 1933 894 2002 apostolum.
931 1932 1171 1999 Etenim,
1196 1937 1302 1991 uisi
1336 1940 1718 2008 proposuisset
1755 1956 1878 2011 qua:

304 2022 385 2077 eis
404 2022 647 2091 jucunda
695 2033 899 2091 essent,
937 2024 1030 2080 sed
1068 2027 1248 2094 potius
1280 2030 1507 2083 molesta
1534 2038 1587 2085 et
1618 2031 1878 2099 difﬁcilia,

302 2118 485 2168 statim
518 2125 735 2171 austere
781 2129 834 2172 et
868 2118 986 2173 sine
1032 2119 1142 2174 ullo
1168 2120 1379 2190 pudore
1409 2123 1825 2189 respondissent
1858 2141 1873 2179 :

302 2205 462 2262 Unde
493 2207 652 2261 nobis
678 2208 878 2263 suades
926 2225 1049 2265 esse
1076 2217 1129 2265 te
1154 2226 1184 2263 a
1214 2211 1326 2265 Deo
1348 2212 1574 2267 missum
1602 2213 1624 2266 ?
1651 2220 1706 2268 et
1734 2229 1877 2284 quo-

301 2298 465 2353 modo
496 2297 656 2353 ﬁdem
692 2298 863 2354 facis?
900 2302 1320 2372 exegissentque
1354 2304 1421 2357 ab
1458 2318 1524 2359 eo
1556 2306 1879 2374 perspicuas,

301 2401 512 2449 eorum,
547 2401 667 2455 quae
697 2388 933 2452 dicebat,
967 2392 1222 2446 rationes.
1256 2391 1321 2447 Et
1350 2402 1407 2447 ut
1441 2407 1548 2447 uno
1587 2393 1750 2447 verbo
1783 2393 1873 2447 di-

300 2492 442 2541 cam,
493 2494 617 2538 cun),
668 2489 898 2550 aegrotat
939 2497 1001 2536 ea
1060 2498 1187 2552 pars
1259 2498 1367 2553 qua
1409 2485 1700 2553 cupimus,
1738 2495 1867 2540 tunc

301 2580 536 2626 mentem
565 2572 734 2628 trahit
760 2581 815 2628 et
847 2572 915 2627 ad
947 2575 1323 2630 assensionem
1357 2576 1536 2630 illicit.

1975 1761 2167 1824 πολλὰ,
2206 1763 2302 1815 καὶ
2355 1763 2550 1831 σκῦλα,
2599 1767 2693 1818 καὶ
2733 1766 2897 1837 νόμον
2926 1770 3231 1838 ἀνειμένον,
3280 1773 3373 1824 καὶ
3418 1777 3538 1836 ταῖς

1975 1854 2294 1925 ἐπιθυμίαις
2353 1856 2534 1909 αὐτῶν
2582 1858 2921 1931 καταθύμιον
2974 1860 3265 1928 δεδωκότος
3315 1867 3532 1930 αὐτοῖς,

1974 1944 2285 2015 ἐμώραναν,
2338 1949 2432 1999 καὶ
2485 1948 2842 2020 ἐξηπάτησαν
2888 1950 2986 2021 τὴν
3029 1952 3167 2005 [δίαν
3207 1955 3533 2024 συνείδησιν,

1975 2036 2069 2087 καὶ
2101 2036 2448 2098 ἐπίστευσαν,
2479 2039 2561 2092 ὅτι
2595 2040 2889 2112 προφήτης
2927 2042 3066 2109 ἐστὶ,
3104 2044 3199 2096 καὶ
3239 2044 3372 2098 Θεοῦ
3400 2048 3533 2101 ἀπό-

1976 2123 2180 2188 στολος.
2218 2126 2370 2180 Ἐπεὶ
2424 2128 2473 2180 εἰ
2506 2128 2674 2199 μηδὲν
2705 2131 3018 2200 προέτεινεν
3049 2135 3113 2185 ἐκ
3149 2134 3256 2187 τῶν
3296 2137 3536 2203 ἐφέσεων

1972 2213 2175 2279 αὐτῶν,
2208 2215 2343 2269 ἀλλά
2376 2216 2598 2288 λυπηρά
2620 2236 2765 2285 τινα,
2802 2220 2899 2273 καὶ
2944 2221 3156 2292 ἐργώδη
3184 2225 3366 2288 αὐτοῖς
3399 2244 3537 2295 προ-

1971 2306 2219 2371 εϐάλετο,
2248 2307 2409 2371 εὐθὺς
2438 2309 2502 2363 ἂν
2532 2311 2822 2382 αὐστηρῶς
2852 2312 3022 2384 αὐτῷ,
3053 2316 3147 2368 καὶ
3184 2318 3393 2383 ἰταμῶς
3426 2321 3537 2372 ἀπ-

1969 2396 2256 2467 εκρίναντο
2279 2415 2291 2428 ⁸
2329 2400 2439 2452 Καὶ
2473 2401 2639 2454 πόθεν
2687 2404 2836 2473 ἡμᾶς
2871 2404 3098 2469 πείθεις,
3125 2408 3205 2459 ὅτι
3234 2425 3293 2460 σε
3334 2411 3364 2462 ὁ
3402 2410 3537 2472 85b;

1966 2486 2345 2554 ἀπέσταλκεν;
2380 2490 2473 2542 καὶ
2494 2492 2616 2545 τίνα
2642 2493 2908 2546 πίστωσιν
2935 2495 3127 2561 δίδωςς
3158 2498 3253 2550 καὶ
3280 2498 3345 2550 ἂν
3373 2499 3535 2551 αὐτὶ-δ

1971 2578 2364 2649 εἰσεπράξαντο
2386 2583 2657 2653 ἐναργεῖς,
2680 2576 2755 2638 ὧν
2776 2585 2929 2656 λέγῃ,
2957 2587 3055 2649 τὰς
3079 2589 3403 2655 ἀποδείξεις
3424 2590 3534 2643 Καὶ

299 2662 485 2726 ἁπλῶς
510 2662 722 2732 είπεῖν,’
757 2666 881 2723 ἐπεὶ
910 2668 1126 2730 πάντως
1159 2669 1222 2720 τὸ
1255 2668 1652 2738 ἐπιθυμητικὸν
1699 2669 1865 2735 νοσεῖ,
1907 2670 2001 2723 καὶ
2072 2673 2193 2726 τότε
2244 2675 2337 2727 τὸν
2381 2675 2505 2729 νοῦν
2555 2678 2875 2746 ἐπισπᾶται,
2929 2682 3023 2732 καὶ
3070 2681 3310 2745 δελεάζει
3398 2683 3531 2754 πρὸς

298 2759 714 2826 συγκατάθεσιν.

364 2851 425 2909 Β.
450 2850 742 2908 Poteratne
772 2852 865 2923 qui
897 2860 1015 2909 erat
1041 2852 1339 2909 secundum
1369 2852 1701 2925 hypostasim
1731 2853 1855 2909 uni-

2035 2853 2094 2909 B.
2146 2853 2406 2910 Ἦὸύνατο
2435 2856 2463 2910 ὁ
2493 2856 2774 2929 ἡνωμένος
2805 2857 2928 2914 καθ’
2958 2861 3255 2918 ὑπόστασιν
3294 2863 3371 2936 τῷ
3414 2867 3532 2940 Θεῷ

293 2955 381 3000 tus
407 2944 539 3008 Deo,
565 2953 762 2999 etcaro
780 2945 867 2997 illa
888 2946 1028 2998 trahi
1056 2947 1278 3000 omnino
1301 2945 1668 3015 voluptatibus
1688 2945 1854 3009 illius,

1982 2947 2120 3015 λόγῳ
2146 2949 2241 3001 καὶ¹
2293 2948 2497 3019 ἡσὰρξ
2543 2951 2726 3020 ἐκείνη
2759 2953 3173 3024 συναπαχθῆναι
3224 2958 3362 3021 ὅλως
3409 2962 3533 3025 ταῖς

292 3028 391 3106 (ιιιῖ
407 3036 669 3099 tentabat,
700 3044 754 3092 et
794 3038 1023 3091 mundi?

358 3131 426 3187 A.
460 3128 576 3183 Non
602 3130 848 3200 potuisse
884 3130 1140 3196 dicimus,
1174 3146 1279 3185 non
1313 3141 1535 3201 propter
1566 3133 1859 3188 infirmita-

290 3231 399 3279 tem
432 3231 487 3279 et
547 3223 880 3278 debilitatem
903 3261 917 3285 ,
956 3223 1049 3277 sed
1087 3232 1309 3293 propter
1339 3223 1500 3294 385
1530 3225 1860 3280 convenien-

291 3316 421 3370 tiam
446 3315 672 3369 rationis
701 3321 755 3369 et
790 3314 1053 3369 decentiae
1075 3331 1089 3380 ;
1113 3316 1256 3370 sicut
1305 3316 1539 3372 dicimus
1564 3333 1669 3374 non
1696 3333 1859 3387 posse

292 3405 459 3460 Deum
490 3404 750 3475 injuriam
778 3405 977 3465 facere.

1956 3035 2051 3088 τοῦ
2078 3036 2433 3104 πειράζοντος
2455 3040 2693 3108 ἡδοναῖς,
2728 3043 2822 3094 καὶ
2847 3043 2939 3096 τοῦ
2969 3043 3209 3113 κόσμους
3332 3096 3347 3105 ,

2026 3128 2091 3180 Α.
2133 3126 2206 3178 Τὸ
2246 3127 2319 3196 μὴ
2349 3128 2608 3182 δύνασθαι
2641 3125 2744 3183 ὦδε
2777 3133 2837 3184 οὐ
2869 3135 3011 3187 κατά
3051 3136 3113 3188 τὸ
3149 3136 3399 3203 ἀσθενὲς,
3431 3144 3529 3196 καὶ

1954 3216 2287 3285 ἀνένδεκτον,
2314 3218 2407 3271 κα)⁸
2433 3217 2837 3291 ἀνεγχώρητον,
2865 3222 3002 3277 ἀλλά
3034 3229 3175 3280 κατά
3200 3229 3260 3281 τὸ
3281 3229 3529 3300 εὔλογον,

1956 3307 2050 3361 καὶ
2080 3308 2372 3379 εὐπρεπὲς,
2402 3310 2476 3374 ὡς
2508 3312 2600 3365 καὶ
2641 3314 2736 3366 ἐπ)⁵
2771 3313 2865 3369 τοῦ
2894 3315 3030 3370 θεοῦ
3078 3335 3282 3388 φαμεν,
3332 3323 3417 3377 ἔτι
3463 3325 3529 3378 οὗ

1953 3399 2172 3466 δύναται
2198 3401 2471 3472 ἀδικῆσαι.

1847 3540 1987 3598 Vlll.

373 3693 376 3697 ι
452 3656 808 3727 Interrogatio
837 3655 1073 3709 Arabum
1101 3664 1287 3711 contra
1315 3656 1704 3714 Christianum.
1760 3689 1767 3698 -

737 3764 804 3818 Α.
859 3763 1056 3819 Christ.
1108 3763 1172 3817 B.
1213 3766 1374 3819 Arab.
1444 3764 1455 3774 ’

350 3856 412 3908 Β.
446 3853 545 3909 Dic
572 3853 733 3919 mihi,
765 3865 921 3910 estne
941 3855 1199 3912 Christus
1224 3855 1368 3912 Deus
1404 3859 1581 3915 tuus?

351 3946 417 4001 A.
448 3946 703 4000 Maxime.

348 4040 409 4093 B.
440 4039 689 4094 Habesne
722 4039 891 4094 alium
929 4038 1099 4094 Deum
1132 4048 1332 4111 praeter
1362 4041 1527 4095 eum?

347 4133 414 4185 A.
457 4130 831 4199 Nequaquam.

347 4220 411 4274 Β.
442 4220 613 4291 Igitur
662 4221 821 4279 Pater
856 4230 911 4276 et
956 4223 1192 4295 Spiritus
1241 4232 1469 4279 sanctus
1517 4220 1842 4279 exciderunt

277 4312 397 4366 tibi.

348 4403 411 4453 Α.
444 4400 584 4453 Audi
617 4400 781 4455 etiam
806 4416 913 4455 me.
944 4400 1048 4466 Sit,
1076 4400 1416 4470 exsistatque
1442 4401 1529 4454 hic
1573 4403 1841 4469 scriptura

276 4494 482 4548 vestra,
512 4502 673 4556 quam
695 4487 884 4541 dicitis
928 4504 959 4543 e
982 4490 1126 4544 coelo
1143 4489 1515 4557 descendisse,
1553 4499 1845 4560 percontor

275 4591 307 4633 ιι
336 4583 407 4637 te,
440 4574 684 4628 hahesne
716 4574 876 4627 aliam
913 4585 1109 4643 praeter
1138 4576 1320 4633 hanc?

346 4752 403 4804 Β.
446 4750 794 4818 Rcspondeo,
826 4753 1030 4809 tnrllam
1069 4752 1228 4804 aliam
1267 4752 1487 4807 habere.
1525 4808 1537 4819 ,

341 4844 407 4893 Α.
445 4839 623 4910 Negas
659 4841 825 4910 igitur
842 4856 1057 4896 omnem
1083 4843 1286 4895 aliam?

341 4931 404 4986 B.
435 4930 693 4987 Maxime.

339 5025 410 5082 A.
441 5023 624 5093 Quid?
652 5022 711 5079 Si
741 5023 886 5080 adsit
921 5022 1064 5083 alius
1104 5023 1264 5089 liber,
1298 5024 1391 5094 qui
1422 5025 1669 5081 eamdem
1700 5025 1838 5081 scri-

268 5127 484 5189 pturam
517 5117 737 5185 habeat,
768 5131 936 5188 negas
970 5116 1301 5188 scripturam
1331 5118 1524 5172 illam?

342 5213 401 5266 Β.
451 5208 570 5266 Non
606 5221 689 5265 est
742 5209 871 5276 alia,
902 5215 955 5263 et
984 5208 1090 5263 alia
1127 5209 1401 5277 scriptura
1423 5251 1438 5277 ,
1485 5210 1581 5265 sed
1611 5210 1834 5278 eadem;

269 5300 487 5354 tametsi
514 5302 567 5352 in
600 5300 710 5353 alio
736 5300 878 5354 libro
904 5298 1085 5369 posita
1117 5308 1221 5353 est.

337 5392 401 5443 Α.
436 5390 527 5443 Sic
574 5405 673 5459 ego
710 5390 869 5442 etiam
910 5390 1052 5450 dico,
1086 5403 1192 5442 non
1228 5396 1312 5444 est
1359 5387 1521 5445 Pater
1571 5399 1624 5443 et
1659 5391 1835 5460 Spiri-

269 5490 357 5537 tus
388 5489 616 5536 sanctus
653 5481 801 5533 aliud
848 5487 903 5534 et
932 5479 1078 5533 aliud
1117 5489 1309 5547 praeter
1332 5479 1551 5548 Filium,
1580 5483 1831 5551 quamvis

268 5575 326 5634 tu
354 5574 458 5634 alia
491 5582 543 5627 et
597 5574 701 5625 alia
727 5573 1006 5643 hypostasi
1040 5574 1325 5648 reperitur.

2129 3652 2451 3723 Ἐρώτησις
2493 3656 2754 3725 Ἀράϐων
2779 3661 2931 3728 πρὸς
2963 3664 3345 3733 Χριστιανόν.

2325 3774 2367 3823 Α
2424 3772 2796 3840 Χριστιανὸς,
2828 3779 2875 3829 Β
2933 3777 3144 3846 Ἄραψ.

2024 3857 2083 3911 Β.
2116 3859 2247 3912 Εἰπέ
2287 3877 2395 3930 μοι,
2426 3863 2453 3914 ὁ
2485 3863 2719 3933 Χριστὸς
2750 3865 2882 3930 Θεός
2917 3868 3010 3920 σού
3046 3872 3239 3938 ἐστιν;

2022 3948 2084 3999 Α.
2116 3947 2241 3999 Ναί.

2021 4037 2081 4091 Β.
2118 4039 2298 4107 Ἔχεις
2330 4034 2422 4093 οὖν
2457 4041 2640 4112 ἕτερον
2675 4042 2807 4097 Θεὸν
2840 4046 2979 4116 πλὴν
3004 4049 3208 4116 αὐτοῦς

2020 4128 2085 4183 Α.
2110 4128 2261 4199 Οὐχί.

2019 4220 2080 4272 Β.
2112 4219 2319 4273 Οὐκοῦν
2352 4222 2379 4273 ὁ
2411 4223 2599 4295 Πατὴρ
2634 4225 2727 4278 καὶ
2767 4227 2829 4280 τδ
2867 4229 3089 4299 Πνεῦμα
3130 4233 3517 4293 διαπεπτιῖηιαο

1881 4295 1922 4348 Ῑ)
1953 4305 2036 4359 σίν
2066 4324 2169 4361 σοι.

2015 4398 2077 4449 Α.
2111 4398 2308 4451 ’Ἄκουε
2360 4401 2451 4452 καὶ
2480 4402 2543 4453 σὺ
2594 4402 2724 4472 παρ’
2770 4404 2925 4472 ἐμοῦ.
2968 4407 3241 4478 Παρέστω
3280 4415 3518 4471 ἐνταῦθα

1944 4486 2066 4539 καθ’
2095 4488 2440 4560 ὑπόστασινή
2470 4491 2714 4563 ὑμετέρα
2744 4494 2951 4565 γραφὴ,
2981 4498 3013 4567 ἠ
3048 4500 3111 4552 ἐκ
3135 4502 3228 4554 τοῦ
3256 4504 3516 4575 οὐρανοῦ,

1941 4575 2017 4640 ὣς
2050 4596 2185 4647 φατε
2205 4621 2218 4643 ,
2254 4582 2589 4639 κατελθοῦσα
2607 4600 2621 4614 ’
2666 4584 2933 4656 ἐρωτήσω
2960 4588 3016 4641 δέ
3049 4607 3106 4643 σε
3128 4633 3142 4655 ,
3174 4592 3321 4663 ἔχεις
3348 4598 3516 4668 inv

1943 4669 2159 4739 γραφὴν
2192 4671 2330 4740 πλὴν
2351 4672 2555 4741 ταύτης
2580 4690 2593 4736 ;

2012 4759 2073 4813 Β.
2121 4762 2539 4831 Ἀποκρινοῦμαί
2562 4781 2644 4817 σοι
2702 4766 2891 4820 λοιπὸν
2920 4768 2993 4839 μὴ
3034 4769 3199 4841 ἔχειν.

2008 4851 2071 4902 Α.
2114 4851 2320 4905 Οὐκοῦν
2353 4855 2488 4924 ἀρνῇ
2521 4856 2702 4908 πᾶσαν
2736 4857 2929 4927 ἑτέραν
2962 4864 3224 4931 γραφήν;

2010 4942 2069 4993 Β.
2102 4942 2228 4997 Ναί.

2009 5033 2074 5085 Δ.
2102 5030 2167 5083 Τί
2192 5029 2319 5098 οῦν;
2348 5035 2409 5087 El
2433 5036 2637 5105 παρείη
2661 5036 2796 5107 ἄλλη
2833 5037 3033 5107 βίϐλος,
3056 5046 3160 5109 τὴν
3187 5043 3360 5117 αὐτὴν
3383 5063 3513 5118 γρα-

1939 5123 2043 5195 φὴν
2074 5125 2291 5195 ἔχουσα,
2335 5127 2473 5197 ἀρνῇ
2504 5125 2605 5198 τὴν
2636 5128 2857 5198 γραφὴν
2892 5130 3150 5200 ἐκείνην;

2006 5217 2065 5268 Β.
2099 5215 2212 5269 Οὐκ
2239 5215 2386 5269 ἐστιν
2415 5215 2570 5285 άλλη.
2591 5217 2687 5270 καὶ
2718 5216 2852 5289 άλλη
2884 5220 3092 5290 γραφὴ,
3128 5223 3249 5276 ἀλλ’
3285 5226 3320 5296 ἡ
3350 5228 3509 5298 αὑτὴ,

1936 5308 1984 5358 sl
2016 5305 2107 5359 καὶ
2132 5307 2190 5357 ἐν
2218 5305 2351 5383 ἄλλη
2378 5306 2472 5359 καὶ
2500 5306 2644 5379 ἄλλῃ⁴
2659 5308 3000 5379 καθέστηκεν
3031 5313 3232 5385 βίϐλῳ.

2003 5398 2068 5449 Α.
2115 5397 2271 5450 Ἀλλὰ
2298 5380 2452 5464 κάγὼ
2483 5398 2646 5467 λέγω.
2683 5401 2763 5454 ὅτι
2801 5401 2899 5454 οὐκ
2936 5380 3088 5456 ἔστιν
3117 5408 3146 5458 ὁ
3175 5380 3390 5479 ὴατὴρ,
3418 5413 3515 5464 καὶ

1934 5487 1994 5538 τὸ
2020 5486 2242 5555 Πνεῦμα
2270 5488 2420 5550 ἄλλο,
2452 5490 2548 5542 καὶ
2577 5490 2704 5543 ἄλλο
2741 5492 2889 5561 παρά
2918 5492 3015 5545 τὸν
3049 5495 3210 5562 Υἱδν,
3252 5502 3303 5553 εἰ
3336 5504 3425 5556 καὶ
3462 5506 3516 5556 ἐν

1936 5578 2089 5649 ann,
2124 5579 2215 5632 καὶ
2244 5578 2378 5652 ἄλλῃ
2412 5580 2708 5648 ὑποστάσει
2744 5584 3084 5653 εὑρίσκεται.
