3928 6130
95 278 211 344 i529

249 486 555 557 Ἐρώτησις
581 485 909 556 Ἀγαρηνοῦ
935 486 1086 555 πρὸς
1117 486 1222 541 τὸν·
1248 487 1459 540 αὐτόν.

1477 280 1867 345 OPUSCULA
1882 333 1895 347 .

1634 399 1726 455 1X.

3181 303 3312 366 153G

1889 491 2126 557 Quwslio
2177 494 2240 547 ab
2280 493 2522 564 Agareno
2560 492 2823 548 Abucarre
2855 497 3148 564 proposita.

1360 577 1623 638 (Turriano
1654 575 1984 641 interprete.)

316 664 380 717 A.
410 663 443 716 ὀ
475 660 853 732 Χριστιανὸς.
894 663 962 715 Β.
986 663 1020 715 ὁ
1047 660 1388 731 Ἀγαρηνός.

149 759 204 811 Β.
241 754 363 809 Εἱπὲ
409 771 522 824 μοι,
567 754 619 807 οἱ
659 752 909 807 Ἰουδαῖοι
953 752 1047 805 τὸν
1073 751 1334 823 Χριστὸν,
1376 752 1435 806 ὃν
1494 753 1629 808 Θεὸν

85 846 168 896 σὺν
190 838 315 896 εἶναι
333 840 533 909 λέγεις,
567 840 1006 910 σταυρῶσαντες,
1037 840 1366 912 βουλομένου
1382 842 1575 908 αὐτοῦ,
1593 843 1627 913 ἢ

88 935 157 1006 μὴ
182 932 513 1004 βουλομένου,
538 931 700 985 τοῦτο
725 930 1134 1002 πεποιήκασιν;
1211 985 1216 990 ,

146 1028 206 1079 Α.
228 1024 573 1094 Βουλομένου.

147 1118 204 1171 Β.
228 1116 332 1171 οὐκ
361 1116 454 1169 οὐν
480 1113 642 1184 μόνον
663 1112 805 1166 εἰσὶν
834 1112 1141 1177 ἀνεύθυνοι,
1173 1111 1312 1168 ἀλλά
1338 1114 1434 1169 καὶ
1465 1113 1629 1185 εὐχα-

85 1206 383 1278 ριπηθῆναι
405 1205 536 1277 παρ’
555 1204 709 1275 ὑμῶν
739 1203 1069 1273 ὀφείλουσιν.

147 1299 207 1351 Α.
242 1294 556 1366 ’Λπόκριναί
592 1311 706 1364 μοι,
748 1292 1129 1363 ἀντερωτῶντί
1167 1309 1264 1347 σε’
1309 1294 1423 1364 ἐγὼ
1470 1295 1632 1365 βλασ-

82 1390 264 1459 φημῶν
283 1387 401 1441 καθ’
452 1386 692 1457 ἑκάστην
718 1387 957 1458 ἡμέραν,
984 1385 1058 1448 ὡς
1092 1385 1156 1438 σὺ
1200 1385 1407 1453 λέγεις,
1434 1387 1515 1449 είς
1539 1386 1631 1439 τὸν

79 1480 201 1533 Θεόν
224 1496 332 1541 σου,
363 1478 590 1541 ἄκοντος
613 1476 779 1532 αὐτοῦ
820 1475 985 1530 τοῦτο
1024 1477 1276 1547 πράσσω,
1308 1475 1341 1545 ἢ
1371 1475 1586 1540 ἑκόντος
1612 1493 1628 1543 ;

78 1572 125 1624 εί
160 1570 249 1641 μὲν
273 1570 376 1640 γὰρ
407 1571 633 1632 ἄκοντος
658 1607 675 1632 ,
723 1566 958 1637 ἀσθενής
992 1569 1141 1621 ἐστιν
1168 1583 1183 1598 ο
1226 1568 1276 1620 εἰ
1301 1567 1359 1621 δέ
1388 1568 1629 1633 ἑκόντος,

77 1662 134 1714 οὐ
159 1661 307 1732 μόνον
333 1660 432 1714 οὐκ
457 1659 685 1728 ὠφειλεν
718 1657 846 1728 τέλη
868 1699 882 1721 ,
914 1661 1007 1711 καὶ
1049 1658 1251 1729 φόρους
1277 1659 1631 1712 ἀπαιτεῖσθαι

75 1754 200 1826 παρ’
228 1753 379 1824 ἐμοῦ,
413 1751 549 1805 ἀλλά
580 1750 728 1821 δῶρα
758 1749 1107 1818 κομίζεσθαι,
1138 1749 1235 1803 ἆτε
1262 1748 1512 1820 βούλημα
1537 1748 1630 1802 τοῦ

73 1842 206 1898 Θεοῦ
241 1861 329 1898 σου
368 1842 615 1914 πληρῶν.
649 1841 769 1894 Ἔτι
800 1857 892 1911 μοι
932 1840 1233 1909 ἀπόκριναι
1256 1857 1272 1872 ο
1314 1840 1482 1910 ἡνίκα
1509 1842 1631 1903 ταῖς

86 1934 409 2003 Ῥωμαϊκαῖς
459 1929 873 1985 ἐπιϐατεύσοιτε
918 1927 1144 2000 χώραις,
1175 1927 1230 1981 εί
1258 1946 1339 1992 τις
1379 1927 1439 1994 ἐξ
1476 1927 1632 1998 ὐμῶν

1662 663 1712 718 Α

2054 665 2119 717 Α.
2170 663 2531 720 Christianus.
2567 664 2634 718 B.
2674 663 2974 733 Agarenus.

1800 754 1861 808 B.
1882 753 1978 810 Dic
2000 756 2158 821 mihi,
2178 755 2489 820 Christum,
2516 770 2679 827 quem
2706 766 2761 812 tu
2786 757 2925 813 dicis
2958 757 3126 814 Deum
3151 764 3303 813 tuum

1730 858 1876 909 esse,
1927 860 2052 901 cum
2084 847 2238 901 cruci
2281 848 2572 902 afﬁxerunt
2604 846 2805 915 Judaei,
2829 848 3151 905 feceruntne
3178 849 3303 915 hoc,

1731 935 1855 1004 ipso
1875 936 2114 1002 volente,
2144 953 2213 992 an
2239 952 2348 992 non
2377 934 2637 995 volente?

1801 1027 1867 1084 Δ.
1901 1027 2154 1084 Valente.

1799 1119 1862 1173 B.
1895 1118 2013 1175 Non
2040 1121 2218 1175 solum
2245 1119 2417 1190 igitur
2442 1128 2574 1176 sunt
2608 1120 2822 1177 nullius
2850 1135 3026 1190 paena:
3076 1122 3174 1188 rei,
3209 1122 3333 1178 sed'

1729 1212 1919 1281 potius
1944 1211 2212 1267 habenda:
2243 1219 2374 1267 sunt
2396 1212 2480 1266 eis
2499 1212 2715 1282 gratiae.
2819 1218 2821 1220 '

1798 1304 1867 1357 Δ.
1899 1302 2192 1372 Responde
2222 1302 2358 1357 mihi
2388 1283 2989 1373 rursus'percontanti,
3034 1317 3135 1374 ego
3181 1318 3305 1359 cum

1731 1394 1980 1466 quotidie
2001 1394 2170 1449 Deum
2195 1403 2373 1461 tuum,
2396 1401 2454 1447 ut
2497 1402 2554 1447 tu
2583 1394 2688 1459 ais,
2719 1393 3079 1462 blasphemiis
3102 1392 3303 1454 aﬂicio,

1733 1484 1876 1541 facio
1903 1486 2008 1540 hoc
2040 1486 2213 1542 invito
2242 1501 2331 1551 eo,
2358 1501 2427 1539 an
2455 1499 2563 1540 non
2607 1486 2781 1540 invito
2802 1486 2827 1539 ?
2851 1486 2900 1542 si
2934 1486 3082 1541 enim
3110 1486 3303 1549 invito,

1733 1577 1986 1634 infirmus
2014 1585 2070 1632 et
2101 1577 2394 1632 imbecillis
2420 1585 2534 1642 est;
2585 1578 2670 1631 sin
2710 1583 2893 1631 autem
2929 1577 3169 1643 volente,
3200 1592 3304 1632 non

1733 1669 1910 1723 solum
1940 1682 2051 1722 non
2079 1668 2240 1723 debet
2268 1682 2298 1721 a
2331 1682 2418 1721 me
2447 1681 2548 1737 pro
2568 1681 2636 1721 eo
2684 1665 2953 1720 tributum
2981 1667 3122 1736 exigi
3148 1683 3162 1731 ;
3211 1667 3307 1722 sed

1732 1757 1918 1828 potius
1942 1772 2175 1812 munera
2210 1757 2468 1812 deberem
2510 1757 2671 1822 ferre,
2694 1758 2898 1826 quippe
2924 1757 3021 1826 qui
3051 1757 3309 1811 volunta-

1732 1856 1842 1903 tem
1873 1847 1969 1903 Dei
2007 1848 2083 1902 tui
2113 1849 2385 1917 expleam.
2421 1846 2711 1916 Responde
2754 1847 2934 1902 adhuc
2982 1847 3139 1912 mihi,
3184 1863 3307 1902 cum

1733 1955 1833 1997 vos
1864 1940 1933 1995 ad
1959 1940 2210 2010 regiones
2237 1938 2609 1993 Romanorum
2636 1935 2867 2007 profecti
2917 1938 3076 2001 estis,
3103 1939 3149 1993 si
3184 1939 3310 2007 quis

69 2025 248 2079 αὐτόθι
281 2023 547 2093 φονευθῇ,
599 2022 700 2075 οὐκ
733 2023 813 2084 εἰς
842 2021 935 2074 τὸν
982 2020 1318 2091 παράδεισον
1342 2018 1633 2090 πορεύεται

1754 2045 1803 2087 :x
1828 2032 2028 2086 vestris
2059 2030 2137 2085 ibi
2175 2030 2343 2101 386
2369 2027 2700 2084 interfectus
2730 2035 2839 2093 est,
2875 2042 3082 2094 nonne,
3115 2038 3175 2083 ut
3212 2045 3308 2084 vos

69 2117 280 2183 πάντως
299 2115 372 2178 ὡς
401 2115 558 2184 ὑμεῖς
584 2111 944 2182 δογματίζετε
968 2128 984 2178 ;

138 2207 198 2261 Β.
226 2207 329 2259 Ναὶ
354 2205 591 2268 πάντως.

138 2302 202 2352 Α.
242 2299 302 2352 Εἰ
337 2292 428 2351 οὖν
454 2313 549 2350 σου
593 2296 713 2366 ἅμα
744 2294 824 2366 τῷ
851 2294 928 2365 σῷ
966 2295 1009 2329 ³⁷
1039 2295 1247 2365 γνησίῳ
1290 2292 1504 2363 ἀδελφῷ
1535 2310 1639 2345 πε-

1736 2123 1946 2179 docetis
1998 2129 2054 2175 et
2085 2121 2331 2184 traditis,
2380 2120 2439 2174 in
2472 2119 2793 2190 paradisum
2828 2118 3169 2190 ingreditur?

1805 2210 1868 2266 Β.
1907 2212 1986 2265 Ita
2027 2225 2162 2266 sane
2188 2220 2298 2267 est.

1804 2300 1873 2358 A.
1915 2298 1971 2353 Si
2013 2299 2180 2372 igitur
2214 2307 2271 2353 tu
2306 2312 2431 2353 cum
2463 2298 2637 2354 fratre
2682 2306 2778 2352 tuo
2808 2306 2864 2354 et
2895 2298 3008 2353 filio
3028 2298 3159 2353 illuc
3185 2313 3309 2367 pro-

69 2391 423 2463 πορευμένου,
455 2390 552 2441 καὶ
587 2387 1169 2459 ἐπιστρατευσαμένου
1208 2388 1321 2450 τοῖς
1359 2385 1469 2438 τῶν
1504 2386 1633 2438 Ῥω-

1754 2387 1913 2444 'ectus
1944 2403 2120 2453 esses,
2153 2396 2207 2441 et
2244 2388 2321 2443 ibi
2362 2388 2695 2453 militasses,
2743 2403 2808 2444 ac
2854 2396 3043 2458 postea
3106 2387 3309 2458 aliquis

70 2483 245 2555 μαίων
277 2481 366 2535 τὸν
387 2480 477 2534 σὺν
497 2480 613 2533 υίδν
638 2480 684 2512 ³⁸
717 2480 949 2545 ἀνεῖλεν,
969 2475 1081 2549 ἄρα
1101 2478 1192 2532 τὸν
1226 2476 1390 2531 αὐτὸν
1412 2475 1636 2530 ἀνελόν-

65 2591 136 2628 τα
184 2574 256 2637 ὡς
274 2572 467 2644 ἐχθρὸν
510 2570 845 2643 ἀμύνεσθαι,
867 2571 964 2625 καὶ
1005 2571 1353 2642 ἀνταναιρεῖν
1387 2566 1633 2640 ἔμελλες,

1739 2482 2020 2536 Romanus
2064 2480 2291 2535 fratrem
2333 2487 2515 2547 tuum,
2551 2490 2645 2534 aut
2695 2479 2869 2534 filium
2901 2478 3203 2542 occideret,
3237 2494 3306 2532 an

1739 2582 1794 2628 tu
1834 2572 1990 2627 illum
2032 2571 2127 2641 qui
2168 2570 2395 2636 occidit,
2451 2581 2711 2642 tanquam
2759 2572 3049 2626 inimicum
3108 2570 3305 2625 ulcisci

62 2666 98 2737 ἢ
130 2665 204 2729 ὡς
247 2665 543 2736 εὐεργέτην
586 2665 778 2736 τιμᾷν,
813 2664 910 2718 καὶ
929 2662 1272 2728 ἀσπάζεσθαι
1325 2662 1421 2715 καὶ
1464 2679 1633 2716 κατα-

1754 2664 1987 2728 ieberes,
2017 2679 2086 2718 an
2118 2663 2304 2734 potius
2336 2673 2595 2733 tanquam
2650 2662 2959 2720 beneﬁcum
3016 2662 3305 2727 honorare,

62 2754 262 2824 φιλεῖνς

132 2846 194 2899 Β.
229 2846 452 2907 Πάντως
479 2846 548 2898 ἂν
572 2844 872 2898 ἀπέκτεινα
894 2844 1058 2898 αὐτὸν
1092 2844 1372 2915 μυριάκις,
1410 2844 1506 2897 καὶ
1536 2860 1637 2914 με·-

55 2937 220 3008 ληδὸν
242 2934 567 3006 κατέτεμον,
596 2935 712 3004 εῐγε
738 2935 1034 3006 δυναίμην.

124 3028 194 3081 Δ.
225 3027 335 3080 Καὶ
361 3025 478 3089 πῶς
496 3026 588 3089 τὸν
611 3027 782 3080 αἴτιον
805 3025 908 3095 τῆς
926 3025 1184 3097 τοιαύτης
1208 3028 1487 3096 σωτηρίας
1534 3026 1632 3079 καὶ

46 3118 268 3190 τρυφῆς
280 3115 360 3187 τῷ
378 3117 455 3187 σῷ
475 3116 846 3186 γεγενημένον
869 3117 912 3148 ³⁸
935 3115 1174 3186 ἀδελφῷ,
1199 3116 1408 3170 δίκαιον
1422 3114 1635 3186 κρίνεις

42 3211 267 3264 ἀνελεῖν
294 3226 309 3276 ;
334 3209 470 3263 Είπέ
518 3192 577 3262 ¹δέ
624 3225 716 3278 μοι
764 3208 862 3262 καὶ
886 3208 1075 3277 ἕτερον
1108 3209 1372 3278 πρᾶγμα·
1400 3209 1451 3261 εί
1494 3207 1635 3262 κατά

38 3304 144 3356 τὸν
182 3300 277 3356 σὺν
305 3300 585 3370 ὀφθαλμὸν
611 3294 756 3369 εἶχες
796 3296 1039 3370 μώλωπα
1066 3298 1188 3352 λίαν
1215 3299 1477 3369 ὀδυνηρὸν
1537 3298 1633 3352 καὶ

1754 3318 1857 3368 ius,
1884 3303 1931 3356 si
1962 3302 2194 3357 haberes
2223 3302 2274 3354 in
2307 3302 2472 3371 oculo
2505 3310 2598 3356 tuo
2622 3302 2960 3367 cicatricem,
2991 3317 3114 3371 ηοω
3131 3309 3185 3357 te
3210 3301 3309 3356 do--
3401 3297 3407 3303 ”

38 3395 355 3466 θανάσιμον
374 3409 391 3424 ο
428 3391 662 3462 ἠθέλησε
686 3390 745 3445 δέ
775 3408 859 3453 τις
892 3389 1002 3443 τῶν
1027 3389 1135 3444 σῶν
1166 3390 1378 3461 ἐχθρῶν
1408 3389 1632 3460 καιρίαν

38 3506 132 3544 σοι
164 3487 355 3544 δοῦναι
391 3486 635 3558 πληγὴν,
674 3487 770 3540 καὶ
800 3485 996 3540 θᾶττόν
1034 3502 1094 3537 σε
1141 3486 1241 3554 τῆς
1279 3484 1427 3554 ζωῆς
1457 3484 1632 3537 ἀπαλ-

35 3581 209 3649 λάξαι
251 3579 542 3651 εὐκαιρίας
590 3576 952 3650 δραξάμενος,
992 3579 1276 3647 ἐπήγαγεν
1312 3576 1370 3629 δέ
1412 3593 1495 3629 σοι
1535 3574 1635 3646 τὴν

37 3674 296 3745 πληγὴν,
317 3673 419 3726 οὐκ
445 3673 503 3726 ἐν
519 3670 666 3742 ἄλλῳ
689 3672 846 3742 μέρει
871 3669 966 3723 τοῦ
993 3669 1265 3740 σώματος,
1292 3668 1404 3722 ἀλλ’
1433 3668 1466 3738 ἢ
1493 3668 1634 3721 κατὰ

27 3767 135 3818 τὸν
193 3763 746 3835 τετραυματισμένον
801 3760 1112 3831 ὀφθαλμὸν,
1161 3761 1252 3814 ἴνα
1305 3777 1363 3812 σε
1389 3800 1420 3824 ,_
1453 3758 1636 3822 καθὼς

24 3858 202 3926 ἔφην,
241 3854 532 3925 ταχύτατα
558 3853 652 3906 τοῦ
683 3854 783 3924 ζῇν
813 3852 1101 3923 ἀπαλλάξῃ
1136 3854 1200 3904 ἐκ
1228 3850 1324 3904 τοῦ
1358 3849 1636 3921 συμϐεϐη-

24 3950 203 4010 κότος
247 3945 489 4016 πληγεὶς
528 3943 835 4015 ὀφθαλμὺςς
881 3926 1071 4015 έρευσε
1103 3941 1237 4007 πύα,
1266 3943 1362 3996 καὶ
1411 3941 1633 4012 ἰχῶρας,

23 4041 135 4092 καὶ
175 4039 365 4109 ὑγρὰν
401 4038 674 4108 σηπεδόνα
699 4052 713 4067 ⁸
745 4037 810 4089 σὺ
854 4037 911 4089 δὲ
941 4036 1043 4105 τῆς
1078 4035 1370 4104 ἀλγηδόνος
1390 4033 1635 4087 ἀπαλλα-

23 4132 154 4198 γεὶς
196 4130 297 4183 διὰ
330 4132 434 4196 τῆς
478 4129 694 4198 πληγῆς
741 4129 958 4200 ἐκείνης
1011 4128 1233 4190 τελείως
1280 4126 1530 4194 ὐγίανας,
1561 4125 1637 4188 ὡς

23 4219 194 4289 φίλον
223 4219 342 4289 ἄρα
369 4218 466 4271 καὶ
496 4217 821 4288 εὐεργέτην,
843 4217 940 4270 τὸν
963 4216 1234 4270 δεδωκότα
1261 4233 1343 4269 σοι
1374 4215 1473 4286 τὴν
1500 4214 1637 4285 πλη-

23 4310 139 4381 γὴν
174 4308 369 4380 ἐώρας
423 4308 723 4379 ἐχθρὸν,οὐ
774 4307 908 4378 πρὸς
953 4309 1053 4378 τὴν
1100 4306 1424 4378 προαίρεσιν
1471 4304 1637 4360 αὐτοῦ

23 4400 476 4470 ἀποσκοπήσας,
506 4397 643 4452 ἀλλά
672 4398 809 4468 πρὸς
847 4399 908 4451 τὸ
946 4396 1361 4469 ἀπροαιρέσεως
1389 4396 1434 4427 ⁸ο
1471 4394 1639 4448 αὐτοῦ

23 4494 103 4563 μὴ
138 4491 411 4551 θέλοντος
442 4489 655 4557 συμϐὰν
683 4488 964 4560 ἔστεργες.
998 4491 1094 4544 καὶ
1118 4490 1437 4560 εὐηργέτεις
1464 4505 1479 4553 ;

88 4584 163 4637 B.
228 4580 404 4634 Ἀλλὰ
455 4579 552 4632 καὶ
596 4578 740 4632 κατά
800 4578 961 4648 μέλος
1029 4581 1191 4633 αὐτὸν
1226 4578 1635 4650 ἐτιμωρούμην,

23 4677 61 4729 :i
98 4673 362 4743 δύναμιν
392 4667 562 4742 εἶχον,
587 4671 681 4724 καὶ
706 4670 782 4732 ὡς
807 4670 1056 4742 ἔχθιστον
1082 4672 1178 4726 καὶ
1205 4672 1637 4742 δυσμενέστατον

23 4765 269 4837 ξταζον.

76 4855 159 4908 Α.
202 4853 382 4907 Οὕτω
414 4853 507 4906 καὶ
551 4852 681 4921 περὶ
723 4846 799 4906 ὧν
840 4854 989 4923 ἡμᾶς
1033 4853 1266 4916 ἄκοντας
1305 4853 1355 4905 οἱ
1398 4853 1642 4906 Ἰουδαῖοι

27 4941 424 5013 ὐεργέτησαν
455 4941 691 4995 διανοοῦ.
1078 4951 1082 4955 ’

62 5056 93 5070 ν

288 5122 454 5189 Πρὸς
491 5121 784 5177 Ἰουδαῖον
815 5125 847 5176 ό
880 5122 1066 5188 αὐτὸς
1097 5122 1400 5191 διελέχθη.

1736 2758 1994 2827 amplecti
2022 2764 2077 2810 et
2105 2755 2456 2812 exosculari?
2561 2812 2570 2821 ,

1806 2849 1867 2902 Β.
1907 2847 2020 2902 lmo
2048 2861 2181 2901 vero
2217 2847 2416 2900 millies
2467 2846 2993 2911 Sane-occidissem,
3027 2856 3081 2901 et
3136 2858 3309 2900 mem-

1733 2938 1930 2994 bratim
1957 2939 2374 3007 discerpsissem
2407 2937 2453 2992 si
2494 2937 2817 3008 potuissem.

1804 3030 1872 3086 A.
1908 3029 1974 3084 Et
2004 3030 2284 3101 quomodo
2320 3043 2537 3098 aequum
2569 3044 2693 3084 esse
2723 3027 2965 3098 Iudicas,
3017 3043 3142 3084 eum
3170 3028 3312 3083 occi-

1735 3122 1884 3187 dere,
1920 3122 2014 3190 qui
2046 3121 2149 3175 fuit
2193 3135 2369 3183 causa
2396 3120 2527 3187 filio,
2570 3128 2663 3176 aut
2695 3118 2851 3175 fratri
2893 3127 3009 3186 tuo,
3052 3128 3221 3175 tanta:
3245 3134 3310 3173 ac

1736 3213 1863 3267 talis
1921 3213 2117 3267 salutis
2167 3226 2232 3265 ac
2287 3212 2629 3280 voluptatis?
2667 3210 2957 3280 Responde
3011 3212 3146 3266 mihi
3184 3226 3310 3265 rur-

1735 3396 1853 3451 lore
1880 3393 2140 3459 adiceret,
2175 3403 2229 3448 et
2260 3393 2547 3449 mortifera
2578 3400 2745 3460 esset,
2786 3395 3060 3463 velletque
3109 3394 3311 3464 aliquis

1735 3487 1996 3542 inimicus
2036 3493 2167 3541 tuus
2194 3484 2407 3555 plagam
2440 3483 2535 3538 [ibi
2578 3483 2823 3553 inﬂigere
2861 3484 3225 3551 mortiferam,
3259 3493 3310 3541 et

1733 3577 1903 3631 vitam
1932 3574 2209 3639 adimere,
2258 3581 2313 3629 et
2341 3573 2809 3643 opportunitatem
2847 3581 3066 3633 nactus,
3102 3585 3212 3625 non
3256 3571 3308 3625 iu

1736 3669 1897 3722 aliam
1934 3678 2144 3737 partem
2178 3666 2450 3737 corporis,
2491 3680 2655 3737 quam
2690 3665 2744 3719 in
2774 3665 2998 3720 oculum
3051 3664 3312 3718 vulnera-
3346 3666 3349 3667 ⁷

1734 3767 1853 3814 tum
1885 3760 2098 3829 plagam
2139 3759 2491 3829 impingeret,
2527 3765 2587 3813 ut
2619 3764 2674 3812 te
2705 3757 2843 3824 cito,
2876 3766 2937 3812 ut
2966 3756 3100 3822 dixi,
3137 3765 3313 3817 morte

1738 3850 2009 3918 afﬁceret;
2038 3849 2315 3904 accideret
2344 3857 2552 3913 autem,
2572 3848 2847 3903 utoculus
2875 3850 3029 3919 plaga
3062 3855 3309 3919 accepta,

1736 3949 1947 4007 putrem
1984 3939 2269 3993 humorem
2303 3937 2600 4001 emitteret,
2633 3947 2688 3991 tu
2725 3952 2857 3991 vero
2883 3947 2937 3992 et
2963 3938 3312 3993 dolorelihc-

1735 4040 1914 4096 ratus,
1938 4037 1993 4083 et
2023 4029 2170 4083 oculi
2197 4028 2493 4083 sanitatem
2521 4027 2789 4095 integram
2819 4036 3112 4083 assecutus
3134 4043 3308 4094 esses,

1736 4119 1988 4190 nunquid
2019 4128 2279 4187 tanquam
2317 4117 2581 4181 amicum,
2622 4126 2676 4170 et
2702 4118 2840 4170 bene
2876 4116 2943 4170 de
2973 4125 3027 4171 te
3054 4117 3310 4171 meritum

1736 4226 1861 4266 eum
1884 4211 2180 4280 aspiceres,
2197 4209 2292 4279 qui
2313 4208 2610 4277 percussit,
2632 4216 2686 4262 et
2718 4206 2940 4262 intuens
2962 4223 3068 4262 non
3086 4208 3309 4278 quidem

1737 4302 1794 4355 in
1826 4302 2188 4367 voluntatem,
2232 4300 2408 4370 quam
2440 4299 2535 4352 ille
2562 4298 2777 4364 habuit,
2826 4298 2922 4365 sed
2975 4298 3031 4353 in
3073 4299 3125 4354 id
3167 4299 3309 4369 quod

1738 4400 1935 4461 praeter
1961 4391 2309 4445 voluntatem
2360 4389 2512 4444 illius
2566 4388 2804 4453 accidit,
2834 4403 3051 4443 amares
3100 4397 3154 4444 et
3191 4404 3314 4442 mu-

1738 4483 2008 4539 nerares?
2033 4498 2104 4537 an
2137 4496 2268 4536 vero
2298 4480 2585 4535 inimicum
2616 4479 2892 4535 duceres?

1810 4573 1873 4626 Β.
1902 4573 2015 4627 lmo
2066 4586 2265 4643 magno
2315 4570 2588 4640 supplicio
2635 4570 2929 4633 adicerem,
2964 4569 3011 4625 si
3070 4584 3310 4640 possem,

1668 4651 1714 4707 Ῐ)
1739 4673 1794 4721 et
1829 4673 2087 4734 tanquam
2120 4661 2560 4718 inimicissimum
2611 4672 2666 4717 et
2711 4663 2951 4716 maxime
2983 4660 3312 4715 malevolum

1738 4770 2066 4811 cruciarem.
2163 4768 2168 4774 ’

1809 4847 1877 4901 Α.
1935 4845 2028 4899 Sic
2059 4826 2240 4914 cogita
2272 4841 2340 4898 de
2362 4842 2433 4898 iis
2468 4842 2777 4909 beneﬁciis,
2815 4858 2938 4912 qua:
2961 4841 3129 4899 nobis
3155 4841 3312 4898 inviti

1741 4938 1916 4994 Judaai
1948 4938 2275 4991 attulerunt.

1898 5120 2152 5192 Ejusdem
2182 5119 2443 5174 Theodori
2472 5119 2783 5174 dissertatio
2818 5135 2937 5172 cum
2977 5118 3189 5173 Juda'o.

1427 5218 1689 5279 (Turriano
1719 5216 2042 5282 interprete.)

301 5303 376 5353 Α.
414 5302 447 5354 ὁ
470 5302 847 5369 Χριστιανός,
883 5306 951 5357 Β.
986 5307 1018 5357 o'
1051 5303 1364 5370 Ἰουδαῖος.

70 5396 149 5448 Β.
208 5391 373 5460 Ἐγὼ
402 5410 503 5458 σοι,
547 5396 733 5463 φησὶν,
772 5396 839 5447 ἐκ
874 5395 985 5447 τῶν
1024 5395 1255 5465 Γραφῶν
1293 5395 1636 5468 διαλέγομαι,

24 5489 179 5541 ὐόὲν
213 5484 340 5556 γὰρ
367 5485 557 5556 ἓτερον
587 5481 704 5538 οἶδα
736 5486 886 5557 παρὰ
909 5487 1130 5549 ταύτας.

73 5673 131 5706 ³⁷
174 5665 300 5739 υἱῷ
337 5672 453 5726 καί.

2104 5307 2169 5357 Α.
2219 5301 2578 5356 Christianus.
2610 5299 2675 5353 B.
2711 5296 2954 5352 Judwus.

1820 5396 1878 5452 Β.
1921 5396 2031 5467 Ego
2060 5438 2074 5462 ,
2118 5395 2300 5465 inquit
2339 5393 2594 5457 Judmus,
2638 5407 2702 5446 ex
2761 5390 3065 5459 Scripturis
3134 5396 3315 5445 tecum

1748 5492 2004 5558 disputo;
2049 5487 2182 5542 nihil
2218 5486 2364 5542 enim
2391 5484 2537 5539 aliud
2569 5485 2685 5538 scio
2728 5493 2919 5551 praeter
2960 5482 3078 5537 has.

1362 5584 1597 5639 VARI/ii
1642 5584 2044 5638 LECTIONES.

585 5671 628 5705 ³⁸
667 5673 915 5742 ἀδελφόν.
994 5674 1038 5705 ³⁸
1076 5676 1177 5747 υἱῴ
1344 5677 1387 5709 δ’)
1423 5677 1458 5730 f.
1499 5679 1901 5748 ἀπροαιρέτως.
