3928 6130
580 256 713 324 1531

1798 257 2194 319 Timonem
2224 258 2599 319 ABUCAIl/E
3722 251 3835 313 133;:

647 371 715 423 A.
756 366 870 422 Nec
899 381 1001 437 ego
1040 365 1142 420 has
1171 362 1400 433 rejicio;
1440 364 1538 421 sed
1583 375 1807 438 oportet
1841 379 1903 424 ut
1940 370 2028 426 his
2055 385 2152 425 au-

2322 370 2387 425 A.
2415 369 2551 423 ούδὲ
2583 365 2695 436 ἐγὼ
2729 364 2936 428 ταύτας
2974 362 3383 434 ἀποϐάλλομαι.
3447 362 3624 416 Ἀλλὰ
3654 363 3741 416 δεῖ
3786 384 3838 434 μ

577 459 852 515 ditoribus
883 456 1038 527 prius
1077 456 1350 526 explicem
1394 460 1675 526 quomodo
1713 460 2027 531 Scripturas
2067 462 2149 516 in-

2248 465 2365 528 τοῖς
2416 459 2687 532 παροῦσιν
2724 458 3021 528 ἀκροαταῖς
3076 454 3533 527 προδιαστετλαι,
3589 454 3717 519 πῶς
3754 458 3838 509 vos

578 549 790 618 telligo.
857 546 931 602 Ut
989 546 1036 601 si
1089 547 1215 616 quis
1272 546 1497 601 domum
1568 549 1811 620 aliquam
1867 551 2150 622 ingressus

2283 555 2349 618 ὰς
2381 552 2843 625 Γραφάς.Ὥσπερ
2868 550 2921 601 εί
2946 564 3028 610 τις
3049 544 3307 599 εἰσελθὼν
3332 548 3394 598 ὲν
3420 545 3583 616 οἰκίᾳ
3613 546 3837 617 ἐζωγρα-

580 640 786 708 pictam
813 635 993 701 Pauli,
1012 635 1061 691 si
1090 637 1165 690 ita
1193 650 1486 706 ponamus,
1524 640 1819 711 imaginem
1850 649 2151 712 spectaret,

577 729 788 782 diceret
810 727 1040 798 digitum
1058 728 1374 795 intendens,
1402 731 1687 787 indicandi
1714 732 1919 803 gratia.
1941 730 2043 788 Hic
2071 741 2154 788 est

578 816 789 874 Paulus
813 817 1132 884 Tarsensis,
1174 821 1267 890 qui
1300 822 1455 876 stetit
1481 823 1839 879 consentiens
1887 824 1945 878 in
1980 832 2156 878 morte

583 908 877 981 Stephani,
908 911 1003 981 qui
1035 912 1233 968 litteris
1252 896 1417 984 387
1451 929 1480 967 a
1512 918 1894 973 sacerdotibus
1916 918 2159 987 acceptis

582 1002 826 1070 perrexit
858 1000 1185 1057 Damascum
1211 1002 1259 1067 Ιι,
1303 1005 1397 1073 qui
1431 1008 1698 1062 custodia:
1729 1007 2160 1062 tradebatChri-

584 1095 836 1159 stianos;
892 1093 981 1147 hic
1007 1094 1219 1151 visione
1244 1095 1455 1159 divina,
1491 1098 1827 1166 paenitentia
1846 1097 2051 1153 ductus
2090 1097 2161 1152 ad

585 1184 1068 1240 Christianismum
1113 1185 1415 1272 convegsus
1448 1196 1567 1253 est,
1607 1197 1663 1243 et
1712 1189 2042 1258 praedicator
2096 1204 2162 1245 ac

586 1276 849 1345 magister
880 1277 1127 1345 gentium
1163 1276 1365 1342 factus,
1391 1288 1446 1334 et
1488 1280 1593 1333 alia
1624 1279 1899 1349 ejusmodi
1936 1297 1953 1335 :
1981 1282 2074 1352 qui
2107 1282 2164 1336 in

2251 646 2470 716 φημένῃ
2508 642 2747 723 Παύλου,
2781 640 2831 693 εί
2860 639 3034 709 τύχοι,
3069 637 3319 692 θεάσοιτο
3339 637 3445 706 τὴν
3476 638 3701 703 εἰκόνα,
3734 641 3833 711 εἴτε

2251 734 2732 796 δακτυλοδεικτῶν,
2763 734 2847 786 ὅτι
2867 726 3023 795 οὗτος
3042 732 3071 784 6
3093 730 3347 801 Ταρσεὺς
3365 730 3621 796 Παῦλος,
3650 731 3715 795 ὃς
3740 750 3832 785 συι-

2254 826 2494 882 ευδοκῶν
2544 825 2790 895 εἱστήκει
2824 824 2894 893 τῇ
2928 822 3209 894 ἀναιρέσει
3239 822 3562 890 Στεφάνου,
3617 822 3686 885 ὃς
3713 824 3832 889 παρὰ

2254 919 2365 971 τῶν
2410 913 2716 988 ἀρχιερέων
2769 912 3061 975 ἐπιστολὰς
3125 911 3365 982 εἰληφὼς
3425 912 3516 973 εἰς
3564 913 3832 981 Δαμααῄ

2258 1008 2505 1079 ὥρμησε,
2540 1004 2780 1078 πορθῶν,
2815 1004 2910 1057 καὶ
2954 1003 3269 1072 φυλακίζων
3300 1003 3432 1066 τοὺς
3457 1004 3830 1074 Χριστιανούς.

2260 1090 2429 1162 Οὗτός
2459 1102 2575 1152 ἐστι.
2601 1100 2630 1151 6
2661 1095 2785 1167 θείᾳ.
2818 1095 3051 1164 δυνάμει
3092 1093 3419 1165 μετατεθεὶς
3462 1096 3573 1146 ἐπὶ
3603 1095 3701 1148 τὸν
3733 1096 3830 1163 Χρι-

2264 1189 2578 1260 στιανισμὸν
2620 1187 2875 1258 ὀπτασίᾳ,
2909 1187 3003 1241 καὶ
3042 1184 3240 1256 κῆρυξ,
3269 1184 3367 1239 καὶ⁸
3391 1184 3735 1247 διδάσκαλος
3756 1188 3831 1237 τίνι

2263 1280 2432 1334 ἐθνῶν
2465 1279 2776 1348 γενόμενος,
2820 1273 3012 1328 καὶτὰ
3055 1272 3270 1334 τούτοις
3310 1272 3484 1340 ὅμοια
3519 1271 3702 1339 λέγοι,
3731 1274 3759 1323 ὁ

585 1366 881 1436 imaginem
907 1365 1063 1422 Pauli
1100 1369 1348 1427 intentus
1387 1380 1493 1437 est,
1519 1373 1586 1426 ad
1619 1374 1867 1439 Paulum,
1902 1373 2167 1443 cujus_est

2279 1372 2434 1426 είκόνι
2464 1367 2677 1424 Παύλου
2718 1363 3061 1429 ὲνατινίζων,
3092 1362 3267 1418 ταῦτα
3307 1363 3376 1432 δὴ
3410 1363 3607 1415 πάντα
3636 1363 3734 1414 ἐπὶ
3774 1364 3835 1414 τίη

588 1457 684 1511 illa
718 1458 922 1530 imago,
956 1461 1071 1516 haec
1095 1463 1284 1517 omnia
1317 1462 1509 1528 refert,
1549 1480 1658 1519 non
1686 1472 1870 1521 autem
1898 1468 1954 1521 in
1986 1467 2166 1536 pictu-

2279 1459 2685 1530 ιίκονιζὸμενον.
2710 1455 2941 1519 Παῦλον,
2966 1449 3029 1509 οὗ
3065 1455 3215 1507 ἐστιν
3258 1454 3449 1523 ἐκείνη
3492 1453 3695 1514 εἰκὼν,
3740 1455 3838 1506 ἅλιαι

588 1563 707 1603 ram
764 1557 821 1605 et
859 1553 1141 1615 COIOI‘i‘liL,
1190 1569 1313 1623 qum
1342 1554 1499 1610 vidit.
1546 1554 1605 1610 Si
1648 1572 1780 1611 vero
1816 1557 2001 1625 dicat,
2046 1555 2168 1611 Non

2279 1552 2519 1621 φέρεται,
2550 1549 2651 1602 οὐκ
2676 1548 2769 1600 ἐπὶ
2801 1547 2899 1618 τὴν
2929 1543 3271 1615 ζωγραφίαν,
3301 1542 3432 1613 ἢτὰ
3465 1544 3774 1613 χρώματι,

589 1638 730 1693 bene
770 1640 950 1709 pictor
983 1640 1229 1710 depinxit
1259 1643 1526 1711 Paulum;
1559 1646 1792 1701 nimium
1825 1648 1976 1701 enim
2028 1646 2170 1701 latos

2279 1644 2327 1697 δὲ
2357 1642 2534 1696 είποιο
2559 1640 2634 1695 Οὐ
2660 1639 2842 1703 καλῶς
2877 1639 3160 1708 ἱστόρησεν
3195 1638 3224 1688 ὁ
3255 1634 3564 1734 ζωγράιρος
3599 1636 3701 1687 τὸν
3723 1634 3841 1734 ιιειῇΣ

588 1729 851 1787 humeros
880 1732 999 1801 ejus
1032 1734 1198 1801 fecit;
1229 1737 1421 1789 oculos
1452 1737 1576 1805 ejus
1629 1740 1738 1791 ndn
1787 1738 1927 1794 bene
1955 1739 2169 1808 pictura

2279 1735 2360 1785 λον
2384 1750 2401 1764 ο
2442 1731 2669 1794 πλατεῖς
2708 1730 2818 1800 γὰρ
2856 1725 3236 1797 ὑπερϐολικῶς
3275 1726 3406 1788 τοὺς
3456 1723 3662 1793 ὤμους
3706 1726 3842 1777 αὒωό

590 1818 838 1874 imitatus
876 1829 983 1885 est,
1019 1828 1077 1876 et
1103 1837 1269 1876 crura
1305 1825 1557 1892 gracilia,
1608 1835 1702 1878 aut
1755 1842 1950 1881 manca
1986 1828 2118 1882 fecit
2150 1844 2168 1883 :

591 1908 710 1962 haec
739 1917 793 1962 et
831 1910 939 1963 alia
968 1910 1247 1980 ejusmodi
1303 1929 1411 1967 non
1452 1916 1519 1967 ad
1551 1913 1782 1970 Paulum
1815 1917 2167 1984 referuntur;

592 1998 687 2055 sed
746 2001 803 2054 in
861 2002 977 2057 sola
1023 2003 1259 2073 imagine
1314 2007 1734 2079 circumscripta
1783 2016 2029 2063 manent.
2078 2009 2170 2064 Sic

592 2096 746 2153 sunt,
773 2103 894 2157 quae
931 2090 987 2143 in
1024 2089 1310 2162 Scriptura
1340 2094 1408 2150 de
1442 2098 1651 2152 sanctis
1693 2096 1836 2151 dicta
1863 2105 1992 2153 sunt
2020 2117 2033 2153 :
2065 2100 2171 2154 alia

593 2176 815 2244 quidem
849 2180 1162 2237 referuntur
1187 2185 1254 2239 ad
1285 2186 1595 2253 Christum,
1624 2190 1721 2259 qui
1764 2192 1819 2245 in
1845 2191 1954 2247 illis
1986 2200 2072 2249 est
2104 2195 2170 2247 li-

594 2275 826 2335 guratus
889 2280 944 2325 et
998 2272 1406 2341 praeformatus,
1459 2277 1568 2332 alia
1609 2295 1742 2334 vero
1787 2283 1853 2335 ad
1894 2283 2066 2353 ipsos,
2117 2293 2172 2340 et

594 2358 745 2414 solos
803 2361 1143 2433 pertingunt.
1204 2362 1390 2420 Placet
1450 2368 1573 2433 tibi,
1604 2367 1817 2437 Judaee,
1853 2373 2172 2440 hujusmodi

594 2449 779 2516 lectio,
810 2458 864 2506 et
906 2455 1201 2525 explicatio
1240 2455 1587 2529 Scriptum?

661 2630 727 2684 Β.
760 2628 1141 2703 Nequaquam.
1176 2632 1295 2690 Non
1327 2638 1575 2707 approbo
1625 2629 1765 2704 hoc;
1782 2640 1877 2695 sed
1909 2641 2172 2705 litteram,

594 2732 655 2775 ιιι
689 2723 840 2777 verbi
877 2726 1074 2793 gratia,
1126 2742 1247 2796 quae
1279 2727 1425 2782 dicta
1458 2741 1586 2783 sunt
1615 2731 1684 2784 de
1717 2730 1908 2795 David,
1962 2733 2031 2786 de
2079 2734 2174 2787 illo

594 2821 809 2868 tantum
848 2816 1116 2887 intelligo,
1147 2830 1203 2872 et
1238 2835 1359 2887 quae
1388 2821 1455 2874 de
1485 2820 1787 2887 Abraham,
1807 2822 1981 2891 lsaac,
2014 2821 2176 2880 etla-

595 2904 718 2964 cob,
759 2913 813 2957 et
844 2903 1007 2969 Juda,
1038 2916 1090 2959 et
1120 2906 1189 2961 de
1221 2909 1449 2977 reliquis
1482 2910 1760 2967 similiter.

2271 1824 2592 1894 πεποίηκεν,
2641 1821 2738 1875 καὶ
2782 1820 2877 1874 τὸν
2914 1817 3192 1888 ὀφθαλμὸν
3228 1815 3399 1869 αὑτοῦ
3442 1818 3553 1869 οὐκ
3594 1817 3844 1887 εὐστόχως

2272 1916 2684 1988 ἔξωγράφησεν,
2724 1914 2821 1967 καὶ
2848 1912 2929 1966 τὰ
2980 1911 3148 1979 σκέλη
3190 1907 3373 1962 λεπτὰ
3427 1906 3463 1976 ἢ
3510 1908 3729 1960 κολοϐὰ
3761 1909 3843 1975 εἰρ-

2270 2008 2496 2077 γάσατο,
2525 2006 2620 2060 καὶ
2647 2006 2747 2059 ὅσα
2774 2003 3031 2059 τοιαῦταο
3066 2003 3165 2055 οὐκ
3188 2001 3283 2055 ἐπὶ
3307 1999 3406 2052 τὸν
3450 2000 3844 2067 ὲκτυτεούμειοιι

2270 2099 2655 2171 ἀναφέρονται,
2686 2096 2803 2151 ἀλλ’
2845 2098 2902 2148 ὲν
2936 2088 3071 2162 μόνῃ
3087 2090 3529 2161 περιγράφονται
3564 2095 3635 2161 τῇ
3666 2093 3842 2142 twn.

2272 2190 2431 2244 Οὖτω
2455 2189 2550 2243 καὶ
2586 2190 2643 2244 ὲν
2674 2190 2740 2259 τῇ
2782 2186 2976 2257 Γραφῇ
3018 2187 3149 2253 περὶ
3179 2182 3302 2236 ’τῶν
3346 2183 3534 2252 ἁγίων
3570 2184 3842 2253 είρημέπει·

2272 2282 2341 2336 τὰ
2382 2282 2480 2352 μὲν
2507 2281 2589 2344 είς
2614 2281 2707 2333 τὸν
2735 2279 2804 2333 δι’
2831 2276 3055 2330 ἐκείνων
3098 2274 3519 2344 είκονιζόμενον
3549 2275 3652 2325 καὶ
3679 2291 3843 2343 πρωθ-

2273 2374 2545 2443 πούμενον
2583 2369 2823 2442 Χριστὸν
2860 2366 3271 2437 ἀναφέρονται*
3314 2366 3391 2418 τὰ
3419 2365 3486 2418 δὲ
3540 2368 3628 2427 είς
3656 2366 3837 2425 αὐτὰ,

2273 2465 2368 2519 καὶ
2394 2466 2591 2536 μόνους
2611 2462 3013 2533 περιίστανται.
3044 2459 3297 2528 ’Λρέσκει
3332 2474 3441 2521 σοι,
3474 2453 3528 2512 ὦ
3563 2458 3836 2523 Ὶοινδαίι,ῆ

2272 2557 2495 2627 τοιαύτη
2520 2557 2622 2626 τῆς
2649 2554 2879 2626 Γραφῆς
2905 2552 3232 2619 ἀνάγνωσις,
3260 2551 3359 2603 καὶ
3389 2552 3707 2616 ἀνάπτυξις
3732 2567 3747 2611 ;

2346 2648 2408 2702 Β.
2443 2647 2600 2718 Οὐχί.
2637 2647 2713 2699 Οὐ
2736 2646 2960 2715 δέχομαι
2988 2642 3097 2711 γὰρ
3120 2640 3304 2705 τοῦτο,
3356 2640 3503 2693 ἀλλὰ
3532 2642 3716 2693 πάντα
3735 2638 3845 2691 ιιι-εὶ

2233 2805 2243 2813 ο
2274 2740 2335 2793 τὸ
2365 2739 2622 2811 γράμμα,
2650 2732 2763 2792 οἷον
2808 2737 2878 2789 τὰ
2912 2737 2992 2798 εἰς
3020 2733 3184 2787 Δαυῖδ
3202 2734 3518 2803 λεγόμενα,
3560 2736 3647 2795 εἰς
3675 2734 3845 2784 ἐκεῖνον

2280 2831 2440 2901 μόνον
2469 2829 2606 2883 νοῶο
2641 2829 2739 2882 καὶ
2758 2827 2828 2881 τὰ.
2856 2828 2938 2889 εἰς
2976 2824 3254 2895 Ἀϐραὰμ,
3284 2825 3384 2877 καὶ
3410 2827 3498 2887 εἰς
3542 2824 3748 2883 Ἰσαὰκ,
3774 2822 3849 2874 καὶ

2288 2920 2504 2983 Ἰακὼϐ,
2534 2922 2629 2974 καὶ
2649 2920 2890 2984 Ἰούδαν,
2926 2918 3023 2972 καὶ
3049 2919 3179 2979 τοὺς
3200 2918 3432 2981 λοιποὺς
3457 2917 3750 2979 ὡσαύτως.

667 2993 734 3046 Λ.
764 2991 902 3048 Vide
932 2995 1063 3064 quid
1097 2997 1286 3062 dicas,
1316 3006 1372 3053 et
1403 3001 1548 3054 scias
1576 3002 1722 3069 quod
1744 3040 1759 3066 ,
1787 3001 1855 3056 ad
1877 3003 2026 3059 hunc
2058 3020 2170 3062 mo-

2348 3014 2413 3067 A.
2442 3013 2615 3068 Βλέπε
2647 3014 2699 3067 τί
2733 3013 2935 3081 λέγεις,
2986 3011 3083 3063 καὶ
3122 3011 3391 3079 γίνωσκε,
3436 3011 3529 3063 ὃτι
3570 3010 3710 3077 μετὰ
3740 3008 3848 3061 ταύ-

597 3086 726 3139 dum
783 3086 1042 3157 loquendi
1077 3095 1131 3143 et
1170 3090 1563 3161 intelligendi,.
1593 3091 1762 3148 Deum
1820 3094 1965 3151 facis
2024 3110 2177 3151 men-

598 3176 813 3232 dacem.

671 3268 731 3323 Β.
765 3267 1088 3335 Quomodo?

670 3360 738 3414 A.
804 3356 997 3416 Nonne
1054 3361 1194 3417 dixit
1233 3361 1378 3420 Deus
1432 3364 1666 3423 Abrahae
1698 3387 1711 3422 :
1753 3387 1772 3420 ι
1809 3368 2002 3424 Totam
2038 3370 2181 3427 hane

601 3460 829 3516 terram,
879 3466 1044 3522 quam
1089 3461 1148 3509 tu
1196 3457 1371 3525 vides,
1405 3457 1505 3513 tibi
1533 3459 1678 3514 dabo
1715 3474 1835 3515 eam
1857 3500 1873 3527 ,
1903 3468 1957 3516 et
1983 3461 2180 3517 semini

604 3543 763 3600 iuo‘?
786 3562 805 3597 ι

673 3639 736 3695 Β.
769 3641 861 3694 Sic
895 3648 1000 3695 est.

672 3732 737 3784 Α.
794 3728 994 3786 Fuitne
1062 3746 1301 3801 unquam
1360 3732 1636 3789 Abraham
1695 3735 1956 3793 dominus
2034 3737 2181 3796 illius

604 3829 766 3874 terra:
800 3822 825 3874 ?

674 3910 732 3964 Β.
771 3911 1061 3977 Quomodo
1103 3912 1384 3979 dominus,
1429 3915 1523 3987 qui
1560 3931 1735 3987 neque
1764 3932 1990 3988 passum
2024 3921 2181 3989 pedis

602 3999 659 4052 in
716 4000 807 4054 illa
869 4002 1101 4057 habuit?
1146 4006 1381 4074 sepelire
1429 4007 1577 4061 enim
1613 4008 1805 4063 Saram
1834 4027 1943 4065 non
1975 4015 2178 4083 potuit,

601 4090 777 4145 donec
810 4093 990 4147 locum
1017 4096 1155 4149 emit
1180 4104 1244 4149 ιιι.

674 4184 738 4235 Λ.
778 4185 974 4239 Sermo
1002 4185 1167 4255 igitur
1196 4185 1288 4241 Dei
1321 4186 1542 4243 excidit.

670 4277 731 4334 Β.
773 4278 1031 4341 naturus,
1065 4279 1265 4347 inquit,
1296 4287 1381 4334 est
1408 4280 1488 4334 eis
1520 4288 1745 4335 terram.

2278 3122 2379 3177 την
2410 3107 2509 3175 τὴν
2543 3107 2745 3178 φράσιν
2799 3105 2894 3158 καὶ
2932 3102 3212 3174 διάληψιν,
3254 3102 3514 3174 ψεύστην
3557 3105 3617 3155 ἐν
3662 3101 3851 3159 πολλάς

2279 3200 2459 3261 ποιεῖς
2487 3197 2582 3250 τὸν
2612 3196 2769 3251 Θεόν.

2348 3288 2411 3341 Β.
2438 3287 2561 3351 Πῶς
2586 3287 2768 3355 λέγεις
2785 3302 2800 3351 ;

2349 3378 2415 3431 A.
2452 3378 2567 3429 Οὐκ
2594 3375 2789 3430 εἶπενό
2813 3376 2946 3438 Θεὸς
2962 3373 3040 3445 τῷ
3078 3372 3355 3443 Ἀϐραὰμ,
3396 3392 3415 3425 ι
3441 3375 3672 3444 Ταύτην
3700 3376 3849 3426 τᾶπη

2280 3468 2381 3538 τὴν
2400 3469 2506 3539 γῆν
2526 3469 2592 3539 ἢν
2619 3470 2774 3540 ὁρᾷς,
2813 3468 2900 3521 σοὶ
2927 3466 3089 3521 δώσω
3122 3466 3320 3538 αὐτὴν,
3360 3469 3461 3520 καὶ
3489 3469 3577 3535 τῷ
3603 3466 3850 3538 σττὲρξδιτξ

2282 3573 2410 3623 σούς
2440 3576 2458 3609 ι

2352 3651 2413 3702 Β.
2442 3649 2572 3703 Ναί.

2348 3747 2413 3796 Δ.
2480 3741 2759 3813 Ἐκυρίευε
2820 3740 2879 3793 δὲ
2945 3739 3048 3807 τῆς
3124 3738 3233 3809 γῆς
3302 3737 3540 3808 ἐκείνης
3629 3736 3843 3807 ’Δϐραὲιξ

2283 3851 2413 3888 ποτε
2447 3849 2462 3898 ;

2351 3927 2413 3981 B.
2442 3925 2565 3989 Πῶς
2591 3924 2721 3994 γὰρ,
2750 3924 2779 3975 ὁ
2815 3923 2954 3993 μήτε
2989 3922 3141 3992 βῆμα
3170 3922 3333 3984 ποδὸς
3366 3919 3633 3991 ἐσχηκὼς
3666 3921 3843 3973 Extis,

2282 4016 2449 4085 θάψαι
2472 4014 2580 4084 γὰρ
2608 4015 2709 4085 τὴν
2754 4013 2973 4085 Σάρραν
3019 4014 3121 4067 οὐκ
3154 4011 3426 4082 ἠδυνήθη,
3478 4012 3590 4077 ἓως
3622 4006 3690 4065 οὗ
3718 4013 3845 4063 τύπτ’

2279 4107 2576 4177 ὴγόρακεν.

2350 4199 2416 4251 A.
2444 4194 2657 4250 Οὐκοῦν
2684 4194 2714 4247 ὁ
2744 4192 2837 4247 τοῦ
2869 4192 3007 4246 Θεοῦ
3038 4193 3211 4260 Λόγος
3237 4192 3537 4259 διέπεσεν;

2352 4290 2414 4343 Β.
2446 4287 2666 4352 Μέλλει,
2698 4287 2883 4357 φησὶν,
2910 4285 3096 4339 δοῦναι
3128 4287 3317 4349 αὐτοῖς
3338 4288 3442 4359 τὴν
3474 4288 3609 4357 γῆν.

672 4377 738 4427 Α.
774 4371 843 4424 At
878 4386 982 4425 non
1009 4372 1091 4426 sic
1124 4371 1260 4425 dixit
1289 4371 1454 4436 Deus,
1485 4373 1719 4431 daturus
1740 4392 1863 4431 sum
1901 4394 2019 4433 eam
2049 4381 2170 4436 filiis

2353 4380 2418 4431 A.
2454 4377 2594 4430 Ἀλλ’
2619 4378 2718 4447 οὐχ
2760 4376 2932 4439 οὕτως
2965 4372 3118 4428 εἶπεν
3146 4377 3175 4428 ὁ
3214 4375 3372 4439 Θεὸς,
3415 4379 3510 4431 ὅτι
3534 4378 3739 4431 Mille
3766 4377 3839 4427 ⁸.·ιέ

601 4462 734 4522 tuis,
792 4460 889 4516 sed
950 4479 970 4513 ι
1002 4461 1203 4516 tibl'et
1230 4462 1425 4517 semini
1461 4475 1592 4518 .tuo.
1636 4484 1654 4517 ι
1720 4464 1986 4523 Similiter
2036 4471 2177 4525 dixit

600 4553 811 4609 Jacob:
854 4572 870 4605 ι
913 4552 1063 4608 lianc
1117 4563 1340 4618 terram,
1395 4571 1557 4625 quam
1600 4558 1725 4613 dedi
1773 4562 2019 4629 patribus
2069 4566 2178 4619 tuis

602 4648 905 4712 Abraham,
960 4657 1015 4703 ct
1052 4646 1224 4712 isaac,
1275 4648 1376 4704 tibi
1411 4648 1554 4705 dabo
1584 4667 1725 4716 eam,
1758 4662 1810 4707 ct
1842 4655 2039 4709 semini
2082 4665 2178 4713 tuo

602 4746 730 4809 post
762 4747 815 4793 te
849 4747 899 4792 ιι.
935 4757 954 4789 ι
986 4738 1053 4790 Ει
1082 4752 1184 4793 nec
1208 4737 1379 4794 Jacob
1410 4741 1602 4804 habuit
1634 4758 1854 4811 passum
1883 4747 2061 4815 pedis;
2082 4747 2178 4803 sed

600 4834 792 4901 potius
842 4831 899 4884 in
953 4831 1132 4884 aliena
1183 4837 1351 4897 terra,
1394 4834 1446 4886 in
1497 4832 1738 4905 Egypto
1783 4847 2037 4893 mortuus
2070 4850 2173 4894 est.

603 4922 790 4985 Vides,
816 4922 1298 4990 quemadmodum,
1322 4939 1444 4978 cum
1491 4925 1573 4979 sic
1626 4925 1890 4997 intelligis
1919 4929 2176 4999 Scriptu-

601 5031 717 5079 ras,
751 5013 918 5070 Deum
947 5016 1264 5071 mendacem
1300 5016 1474 5071 facis?

676 5194 743 5247 Et
769 5195 900 5264 quid
928 5194 995 5249 ad
1024 5194 1177 5259 illud,
1210 5198 1355 5264 quod
1395 5196 1460 5249 dc
1486 5193 1659 5249 Jacoli
1681 5196 1817 5249 dixit
1853 5196 2135 5266 Scriptura
2162 5218 2175 5253 :

611 5304 631 5336 ι
674 5285 878 5341 Gentes
924 5296 977 5341 et
1037 5288 1490 5357 cougregationcs
1541 5288 1785 5355 gentium
1840 5304 1906 5341 ex
1960 5300 2014 5343 te
2081 5305 2181 5345 ex-

606 5376 809 5430 ibunt?
844 5397 862 5429 ι
893 5376 995 5432 Ubi
1036 5387 1241 5442 autem,
1275 5387 1367 5431 aut
1399 5378 1675 5448 quomodo
1702 5379 1871 5450 388
1898 5395 1963 5434 ex
2012 5380 2180 5437 Jacob

612 5478 882 5536 gcnct'atze
913 5478 1043 5525 sunt
1069 5470 1386 5539 gentes?i£t
1418 5488 1611 5527 rursus
1642 5472 1814 5526 dixit:
1847 5491 1864 5524 ι
1895 5472 1960 5526 Ει
1986 5472 2181 5528 adora-

686 5644 706 5681 λ
743 5647 835 5697 Art
892 5663 965 5711 ix,
1011 5649 1025 5702 l
1064 5667 1218 5721 ει-ιισι.
1339 5649 1352 5690 ι
1393 5654 1667 5717 ϐιηιλιιι,
1708 5654 1791 5706 i5.

1909 5666 1945 5691 τη
1989 5658 2122 5711 Gen.
2161 5672 2311 5722 χχιιι,
2354 5659 2553 5729 iquq.

2272 4469 2488 4532 τέκνοις
2513 4486 2607 4522 σου
2637 4469 2823 4522 δοῦναι
2848 4468 3041 4537 αὐτὴν,
3073 4468 3235 4530 ἀλλὰ,
3267 4487 3286 4517 ι
3334 4469 3431 4523 Σοὶ
3475 4472 3577 4524 καὶ
3609 4471 3689 4539 τῷ

2278 4562 2408 4633 ματί
2433 4578 2548 4617 σου.
2582 4582 2599 4614 ι
2640 4561 2916 4623 Ὡσαύτως
2939 4560 3019 4631 τῷ
3048 4559 3245 4614 Ἰακὼϐ
3270 4556 3457 4625 εἶπεν,
3486 4563 3575 4615 ὅτι
3612 4585 3629 4610 ι
3661 4563 3817 4614 Tui:-

2273 4654 2373 4725 τὴν
2411 4655 2535 4724 γῆν,
2578 4657 2645 4723 ἢν
2672 4653 2848 4705 ἔδωκα
2875 4655 2987 4715 τοῖς
3018 4651 3293 4722 πατράσιν
3337 4669 3463 4719 σου,
3499 4655 3582 4723 τῷ
3630 4654 3839 4720 ’Δεῳξ

2277 4746 2370 4799 καὶ
2412 4744 2617 4807 Ἰσαὰκ,
2652 4744 2735 4797 σοὶ
2776 4742 2935 4796 δώσω
2974 4743 3164 4813 αὐτὴν,
3218 4744 3316 4797 καί
3354 4744 3438 4814 τῷ
3474 4746 3755 4817 σπέρματὶ
3778 4760 3837 4793 :z.

2288 4836 2424 4907 μετὰ
2451 4836 2529 4888 σέ.
2574 4855 2593 4888 ι
2628 4836 2733 4888 Καὶ
2760 4834 2885 4888 οὐδὲ
2926 4834 3123 4888 Ἰακὼϐ
3157 4834 3282 4905 ἔσχε
3317 4836 3484 4905 βῆμα
3519 4840 3713 4901 ποδίς·
3746 4837 3843 4889 ἀλὶι

2284 4924 2380 4975 καὶ
2411 4926 2467 4976 ἐν
2486 4924 2743 4994 ἀλλοτρίᾳ
2760 4927 2832 4994 γῇ
2860 4925 2917 4976 ὲν
2944 4922 3208 4992 Αἰγύπτῳ
3230 4926 3663 4998 τετελεύτηκεν.
3694 4928 3825 4992 ’0μί-

2283 5016 2364 5068 ὂτι
2419 5018 2448 5069 ὁ
2499 5014 2672 5079 οὕτως
2736 5014 2875 5069 νοῶν
2930 5014 3030 5078 τὰς
3088 5015 3336 5084 Γραφὰς,
3371 5018 3473 5070 τὸν
3526 5021 3660 5073 Θεθιν
3708 5018 3841 5069 2:21

2282 5106 2522 5177 ψεύστην
2543 5124 2557 5173 ;

2347 5199 2412 5251 Τί
2440 5199 2523 5250 ὅτι
2551 5198 2610 5250 δὲ
2638 5198 2729 5250 καὶ
2762 5197 2899 5267 πρὸς
2928 5198 3017 5251 τὸν
3051 5196 3252 5251 Ἰακὼϐ
3291 5195 3491 5253 εἶπεν·
3532 5221 3549 5251 ι
3592 5201 3755 5265 Ἐθγῇ
3786 5214 3825 5241 ιτ

2280 5290 2569 5360 συναγωγὴ
2611 5289 2719 5343 τῶν
2754 5288 2947 5358 ἐθνῶν,
2995 5291 3061 5343 ὲκ
3087 5289 3184 5343 σοῦ
3226 5291 3657 5357 ὲξελεύσονται;
3702 5312 3721 5341 ι
3768 5290 3813 5339 ἱξσ

2276 5378 2355 5442 δὲ,
2384 5378 2416 5449 ἢ
2449 5378 2568 5441 πῶς
2593 5379 2658 5430 ἐκ
2697 5378 2792 5432 τοῦ
2837 5379 3032 5433 Ἰακὼϐ
3059 5379 3128 5432 τὰ
3167 5378 3302 5452 ἔθνη
3340 5382 3757 5452 ἐγεννήοηεαν;
3782 5398 3825 5422 ι.

2278 5471 2440 5525 πάλιν
2470 5468 2622 5524 εἶπεν
2641 5472 2812 5542 αὐτῷ,
2845 5473 2927 5527 ὅτι
2959 5491 2978 5526 ι
3010 5474 3518 5546 Προσκυνήσουσίν
3555 5491 3632 5529 σοι
3662 5474 3760 5526 vis"
3782 5464 3831 5515 έΔ

2676 5670 2698 5696 π
2729 5657 2864 5715 Gen.
2903 5666 3096 5716 sunt,
3136 5651 3227 5706 l3.
