  <div class='ocr_page' id='page_1' title='image "/cluster/home/n/w/nwhite01/storage/ocr_20150623/97/mdp.39015041892756/786.png"; bbox 0 0 3928 6130; ppageno 0'>
   <div class='ocr_carea' id='block_1_1' title="bbox 103 245 230 311">
    <p class='ocr_par' dir='ltr' id='par_1_1' title="bbox 103 245 230 311">
     <span class='ocr_line' id='line_1_1' title="bbox 103 245 230 311; baseline 0 0"><span class='ocrx_word' id='word_1_1' title='bbox 103 245 230 311; x_wconf 76' lang='lat'><strong>1.533</strong></span> 
     </span>
    </p>
   </div>
   <div class='ocr_carea' id='block_1_2' title="bbox 1492 241 1910 307">
    <p class='ocr_par' dir='ltr' id='par_1_2' title="bbox 1492 241 1910 307">
     <span class='ocr_line' id='line_1_2' title="bbox 1492 241 1910 307; baseline 0.014 -7"><span class='ocrx_word' id='word_1_2' title='bbox 1492 241 1910 307; x_wconf 84' lang='lat' dir='ltr'><strong>OPUSCULA.</strong></span> 
     </span>
    </p>
   </div>
   <div class='ocr_carea' id='block_1_3' title="bbox 3215 246 3350 313">
    <p class='ocr_par' dir='ltr' id='par_1_3' title="bbox 3215 246 3350 313">
     <span class='ocr_line' id='line_1_3' title="bbox 3215 246 3350 313; baseline 0.015 -4"><span class='ocrx_word' id='word_1_3' title='bbox 3215 246 3350 313; x_wconf 73' lang='grc'><strong>1534</strong></span> 
     </span>
    </p>
   </div>
   <div class='ocr_carea' id='block_1_4' title="bbox 102 336 1670 443">
    <p class='ocr_par' dir='ltr' id='par_1_4' title="bbox 102 336 1664 432">
     <span class='ocr_line' id='line_1_4' title="bbox 102 336 1664 432; baseline -0.003 -18"><span class='ocrx_word' id='word_1_4' title='bbox 102 359 290 432; x_wconf 84' lang='grc' dir='ltr'>πατρός</span> <span class='ocrx_word' id='word_1_5' title='bbox 317 376 434 413; x_wconf 92' lang='grc' dir='ltr'>σου.</span> <span class='ocrx_word' id='word_1_6' title='bbox 466 358 579 412; x_wconf 73' lang='grc' dir='ltr'><strong>Καὶ</strong></span> <span class='ocrx_word' id='word_1_7' title='bbox 605 336 788 421; x_wconf 80' lang='grc' dir='ltr'>αὐτὸς,</span> <span class='ocrx_word' id='word_1_8' title='bbox 805 356 904 411; x_wconf 74' lang='grc' dir='ltr'>καὶ</span> <span class='ocrx_word' id='word_1_9' title='bbox 924 357 986 411; x_wconf 91' lang='grc' dir='ltr'><strong>τὸ</strong></span> <span class='ocrx_word' id='word_1_10' title='bbox 1012 355 1233 427; x_wconf 77' lang='grc' dir='ltr'>σπίρμα</span> <span class='ocrx_word' id='word_1_11' title='bbox 1262 369 1356 408; x_wconf 90' lang='grc' dir='ltr'>σου</span> <span class='ocrx_word' id='word_1_12' title='bbox 1377 356 1664 426; x_wconf 81' lang='grc' dir='ltr'><strong>κυριεύσει</strong></span> 
     </span>
    </p>
   </div>
   <div class='ocr_carea' id='block_1_5' title="bbox 1777 336 3355 443">
    <p class='ocr_par' dir='ltr' id='par_1_5' title="bbox 1777 357 3355 443">
     <span class='ocr_line' id='line_1_5' title="bbox 1777 357 3355 443; baseline 0.004 -33"><span class='ocrx_word' id='word_1_13' title='bbox 1777 360 1904 413; x_wconf 76' lang='lat' dir='ltr'><strong>bunt</strong></span> <span class='ocrx_word' id='word_1_14' title='bbox 1936 366 1989 415; x_wconf 92' lang='lat' dir='ltr'><strong>te</strong></span> <span class='ocrx_word' id='word_1_15' title='bbox 2016 359 2113 414; x_wconf 81' lang='lat' dir='ltr'><strong>lilii</strong></span> <span class='ocrx_word' id='word_1_16' title='bbox 2144 358 2321 431; x_wconf 85' lang='lat' dir='ltr'><strong>patris</strong></span> <span class='ocrx_word' id='word_1_17' title='bbox 2350 358 2459 426; x_wconf 88' lang='lat' dir='ltr'><strong>lui;</strong></span> <span class='ocrx_word' id='word_1_18' title='bbox 2487 357 2703 443; x_wconf 79' lang='lat' dir='ltr'><strong>etipse,</strong></span> <span class='ocrx_word' id='word_1_19' title='bbox 2723 364 2780 413; x_wconf 89' lang='lat' dir='ltr'><strong>et</strong></span> <span class='ocrx_word' id='word_1_20' title='bbox 2808 374 2996 415; x_wconf 83' lang='lat' dir='ltr'><strong>semen</strong></span> <span class='ocrx_word' id='word_1_21' title='bbox 3030 368 3185 413; x_wconf 89' lang='lat' dir='ltr'><strong>tuum</strong></span> <span class='ocrx_word' id='word_1_22' title='bbox 3206 399 3220 422; x_wconf 92' lang='lat'><strong>,</strong></span> <span class='ocrx_word' id='word_1_23' title='bbox 3248 360 3355 417; x_wconf 86' lang='lat' dir='ltr'><strong>do-</strong></span> 
     </span>
    </p>
   </div>
   <div class='ocr_carea' id='block_1_6' title="bbox 100 444 1666 518">
    <p class='ocr_par' dir='ltr' id='par_1_6' title="bbox 100 444 1666 518">
     <span class='ocr_line' id='line_1_6' title="bbox 100 444 1666 518; baseline 0.007 -16"><span class='ocrx_word' id='word_1_24' title='bbox 100 446 282 503; x_wconf 83' lang='grc' dir='ltr'>αύτῶν.</span> <span class='ocrx_word' id='word_1_25' title='bbox 313 469 332 502; x_wconf 78' lang='grc' dir='ltr'>ι</span> <span class='ocrx_word' id='word_1_26' title='bbox 371 449 496 512; x_wconf 85' lang='grc' dir='ltr'>Πῶς</span> <span class='ocrx_word' id='word_1_27' title='bbox 520 444 698 513; x_wconf 73' lang='grc' dir='ltr'>εἶπεν,</span> <span class='ocrx_word' id='word_1_28' title='bbox 724 452 788 503; x_wconf 77' lang='lat' dir='ltr'><strong>Ol</strong></span> <span class='ocrx_word' id='word_1_29' title='bbox 803 448 1059 517; x_wconf 60' lang='grc' dir='ltr'>ἀδελφοί</span> <span class='ocrx_word' id='word_1_30' title='bbox 1077 465 1215 511; x_wconf 87' lang='grc' dir='ltr'>σου,</span> <span class='ocrx_word' id='word_1_31' title='bbox 1249 445 1666 518; x_wconf 71' lang='grc' dir='ltr'>πληθυντικῶςς</span> 
     </span>
    </p>
   </div>
   <div class='ocr_carea' id='block_1_7' title="bbox 100 539 1665 613">
    <p class='ocr_par' dir='ltr' id='par_1_7' title="bbox 100 539 1665 613">
     <span class='ocr_line' id='line_1_7' title="bbox 100 539 1665 613; baseline 0.001 -19"><span class='ocrx_word' id='word_1_32' title='bbox 100 540 327 607; x_wconf 78' lang='grc' dir='ltr'><strong>καίτοιγε</strong></span> <span class='ocrx_word' id='word_1_33' title='bbox 360 542 459 593; x_wconf 82' lang='grc' dir='ltr'>οὐκ</span> <span class='ocrx_word' id='word_1_34' title='bbox 502 540 662 609; x_wconf 73' lang='grc' dir='ltr'>ἔσχεν</span> <span class='ocrx_word' id='word_1_35' title='bbox 703 542 751 593; x_wconf 85' lang='grc' dir='ltr'><strong>εί</strong></span> <span class='ocrx_word' id='word_1_36' title='bbox 800 542 875 613; x_wconf 83' lang='grc' dir='ltr'>μὴ</span> <span class='ocrx_word' id='word_1_37' title='bbox 908 542 1005 593; x_wconf 74' lang='grc' dir='ltr'><strong>ἕνα</strong></span> <span class='ocrx_word' id='word_1_38' title='bbox 1041 540 1270 609; x_wconf 82' lang='grc' dir='ltr'>ἀδελφὸν</span> <span class='ocrx_word' id='word_1_39' title='bbox 1309 539 1399 592; x_wconf 89' lang='grc' dir='ltr'><strong>τὸν</strong></span> <span class='ocrx_word' id='word_1_40' title='bbox 1456 541 1665 595; x_wconf 77' lang='grc' dir='ltr'><strong>Ἠσαῦο</strong></span> 
     </span>
    </p>
   </div>
   <div class='ocr_carea' id='block_1_8' title="bbox 99 629 1666 704">
    <p class='ocr_par' dir='ltr' id='par_1_8' title="bbox 99 629 1666 704">
     <span class='ocr_line' id='line_1_8' title="bbox 99 629 1666 704; baseline 0.003 -21"><span class='ocrx_word' id='word_1_41' title='bbox 99 629 200 685; x_wconf 76' lang='grc' dir='ltr'><strong>ποῦ</strong></span> <span class='ocrx_word' id='word_1_42' title='bbox 222 631 274 684; x_wconf 84' lang='grc' dir='ltr'>δὲ</span> <span class='ocrx_word' id='word_1_43' title='bbox 295 632 387 685; x_wconf 74' lang='grc' dir='ltr'><strong>καὶ</strong></span> <span class='ocrx_word' id='word_1_44' title='bbox 419 632 830 704; x_wconf 82' lang='grc' dir='ltr'><strong>προσεκύνησεν</strong></span> <span class='ocrx_word' id='word_1_45' title='bbox 859 633 888 685; x_wconf 94' lang='lat'><strong>6</strong></span> <span class='ocrx_word' id='word_1_46' title='bbox 931 632 1103 689; x_wconf 78' lang='grc' dir='ltr'>Ἠσαῦ</span> <span class='ocrx_word' id='word_1_47' title='bbox 1141 632 1220 703; x_wconf 86' lang='grc' dir='ltr'>τῷ</span> <span class='ocrx_word' id='word_1_48' title='bbox 1271 632 1502 699; x_wconf 86' lang='grc' dir='ltr'>Ἰακώϐ;</span> <span class='ocrx_word' id='word_1_49' title='bbox 1538 634 1666 687; x_wconf 77' lang='grc' dir='ltr'>τοὺ-</span> 
     </span>
    </p>
   </div>
   <div class='ocr_carea' id='block_1_9' title="bbox 99 720 1669 796">
    <p class='ocr_par' dir='ltr' id='par_1_9' title="bbox 99 720 1669 796">
     <span class='ocr_line' id='line_1_9' title="bbox 99 720 1669 796; baseline 0.004 -23"><span class='ocrx_word' id='word_1_50' title='bbox 99 720 294 777; x_wconf 81' lang='grc' dir='ltr'>ναντίον</span> <span class='ocrx_word' id='word_1_51' title='bbox 344 721 403 776; x_wconf 80' lang='grc' dir='ltr'>δὲ</span> <span class='ocrx_word' id='word_1_52' title='bbox 450 723 654 793; x_wconf 81' lang='grc' dir='ltr'>μᾶλλον</span> <span class='ocrx_word' id='word_1_53' title='bbox 696 726 724 777; x_wconf 98' lang='lat'><strong>6</strong></span> <span class='ocrx_word' id='word_1_54' title='bbox 789 722 986 777; x_wconf 82' lang='grc' dir='ltr'>Ἰακὼϐ</span> <span class='ocrx_word' id='word_1_55' title='bbox 1026 723 1256 786; x_wconf 75' lang='grc' dir='ltr'>ἑπτάκις</span> <span class='ocrx_word' id='word_1_56' title='bbox 1299 724 1392 778; x_wconf 78' lang='grc' dir='ltr'><strong>ἐπὶ</strong></span> <span class='ocrx_word' id='word_1_57' title='bbox 1427 726 1527 796; x_wconf 78' lang='grc' dir='ltr'>τὴν</span> <span class='ocrx_word' id='word_1_58' title='bbox 1564 726 1669 795; x_wconf 84' lang='grc' dir='ltr'><strong>γῆν</strong></span> 
     </span>
    </p>
   </div>
   <div class='ocr_carea' id='block_1_10' title="bbox 99 812 1663 886">
    <p class='ocr_par' dir='ltr' id='par_1_10' title="bbox 99 812 1663 886">
     <span class='ocr_line' id='line_1_10' title="bbox 99 812 1663 886; baseline 0.001 -21"><span class='ocrx_word' id='word_1_59' title='bbox 99 812 496 884; x_wconf 77' lang='grc' dir='ltr'><strong>προσεκύνησεν</strong></span> <span class='ocrx_word' id='word_1_60' title='bbox 534 812 612 884; x_wconf 86' lang='grc' dir='ltr'><strong>τῷ</strong></span> <span class='ocrx_word' id='word_1_61' title='bbox 655 813 852 879; x_wconf 77' lang='grc' dir='ltr'>Ἡσαῦ,</span> <span class='ocrx_word' id='word_1_62' title='bbox 904 816 1000 868; x_wconf 80' lang='grc' dir='ltr'>καὶ</span> <span class='ocrx_word' id='word_1_63' title='bbox 1046 814 1317 886; x_wconf 75' lang='grc' dir='ltr'><strong>δεσπότην</strong></span> <span class='ocrx_word' id='word_1_64' title='bbox 1364 815 1663 869; x_wconf 78' lang='grc' dir='ltr'>ὲκάλεσεν”</span> 
     </span>
    </p>
   </div>
   <div class='ocr_carea' id='block_1_11' title="bbox 98 905 1668 975">
    <p class='ocr_par' dir='ltr' id='par_1_11' title="bbox 98 905 1668 975">
     <span class='ocr_line' id='line_1_11' title="bbox 98 905 1668 975; baseline 0.002 -17"><span class='ocrx_word' id='word_1_65' title='bbox 98 905 188 958; x_wconf 80' lang='grc' dir='ltr'>καὶ</span> <span class='ocrx_word' id='word_1_66' title='bbox 214 905 480 970; x_wconf 82' lang='grc' dir='ltr'>δεδοικὼς,</span> <span class='ocrx_word' id='word_1_67' title='bbox 514 907 610 959; x_wconf 81' lang='grc' dir='ltr'><strong>καὶ</strong></span> <span class='ocrx_word' id='word_1_68' title='bbox 641 906 864 975; x_wconf 82' lang='grc' dir='ltr'><strong>τρέμων</strong></span> <span class='ocrx_word' id='word_1_69' title='bbox 887 906 1051 960; x_wconf 80' lang='grc' dir='ltr'>αὑτὸν</span> <span class='ocrx_word' id='word_1_70' title='bbox 1092 907 1394 960; x_wconf 79' lang='grc' dir='ltr'>διετέλεσεν</span> <span class='ocrx_word' id='word_1_71' title='bbox 1425 907 1548 961; x_wconf 84' lang='grc' dir='ltr'><strong>ὅλον</strong></span> <span class='ocrx_word' id='word_1_72' title='bbox 1576 908 1668 961; x_wconf 89' lang='grc' dir='ltr'><strong>τὸν</strong></span> 
     </span>
    </p>
   </div>
   <div class='ocr_carea' id='block_1_12' title="bbox 70 967 1668 1068">
    <p class='ocr_par' dir='ltr' id='par_1_12' title="bbox 70 967 1668 1068">
     <span class='ocr_line' id='line_1_12' title="bbox 70 967 1668 1068; baseline 0.001 -18"><span class='ocrx_word' id='word_1_73' title='bbox 70 967 210 1068; x_wconf 57' lang='grc' dir='ltr'>’βίον</span> <span class='ocrx_word' id='word_1_74' title='bbox 231 996 411 1052; x_wconf 80' lang='grc' dir='ltr'>αὐτοῦ.</span> <span class='ocrx_word' id='word_1_75' title='bbox 438 967 629 1062; x_wconf 34' lang='lat' dir='ltr'><strong>in“,</strong></span> <span class='ocrx_word' id='word_1_76' title='bbox 661 967 760 1052; x_wconf 64' lang='grc' dir='ltr'><strong>»ἑαὶ</strong></span> <span class='ocrx_word' id='word_1_77' title='bbox 792 997 930 1068; x_wconf 84' lang='grc' dir='ltr'>μετὰ</span> <span class='ocrx_word' id='word_1_78' title='bbox 951 998 1191 1052; x_wconf 84' lang='grc' dir='ltr'>τοσαῦτα</span> <span class='ocrx_word' id='word_1_79' title='bbox 1218 997 1314 1067; x_wconf 78' lang='grc' dir='ltr'>ἐτη</span> <span class='ocrx_word' id='word_1_80' title='bbox 1342 997 1668 1063; x_wconf 74' lang='grc' dir='ltr'><strong>ἐξελθόντων</strong></span> 
     </span>
    </p>
   </div>
   <div class='ocr_carea' id='block_1_13' title="bbox 98 1087 1667 1159">
    <p class='ocr_par' dir='ltr' id='par_1_13' title="bbox 98 1087 1667 1159">
     <span class='ocr_line' id='line_1_13' title="bbox 98 1087 1667 1159; baseline -0.001 -17"><span class='ocrx_word' id='word_1_81' title='bbox 98 1089 269 1144; x_wconf 82' lang='grc' dir='ltr'>αὐτῶν</span> <span class='ocrx_word' id='word_1_82' title='bbox 315 1089 376 1153; x_wconf 78' lang='grc' dir='ltr'><strong>ἐξ</strong></span> <span class='ocrx_word' id='word_1_83' title='bbox 410 1089 714 1157; x_wconf 76' lang='grc' dir='ltr'><strong>Αἰγύπτου,</strong></span> <span class='ocrx_word' id='word_1_84' title='bbox 766 1087 1039 1158; x_wconf 68' lang='grc' dir='ltr'>δδήὶωσεν</span> <span class='ocrx_word' id='word_1_85' title='bbox 1086 1088 1331 1157; x_wconf 83' lang='grc' dir='ltr'>Μωῡσῆς</span> <span class='ocrx_word' id='word_1_86' title='bbox 1364 1089 1442 1157; x_wconf 86' lang='grc' dir='ltr'>τῷ</span> <span class='ocrx_word' id='word_1_87' title='bbox 1464 1087 1667 1159; x_wconf 81' lang='grc' dir='ltr'>πρώτῳ</span> 
     </span>
    </p>
   </div>
   <div class='ocr_carea' id='block_1_14' title="bbox 98 1178 1668 1251">
    <p class='ocr_par' dir='ltr' id='par_1_14' title="bbox 98 1178 1668 1251">
     <span class='ocr_line' id='line_1_14' title="bbox 98 1178 1668 1251; baseline -0.001 -16"><span class='ocrx_word' id='word_1_88' title='bbox 98 1182 190 1235; x_wconf 80' lang='grc' dir='ltr'><strong>καὶ</strong></span> <span class='ocrx_word' id='word_1_89' title='bbox 219 1182 431 1251; x_wconf 78' lang='grc' dir='ltr'>ἄρχοντι</span> <span class='ocrx_word' id='word_1_90' title='bbox 470 1180 583 1234; x_wconf 83' lang='grc' dir='ltr'><strong>τῶν</strong></span> <span class='ocrx_word' id='word_1_91' title='bbox 613 1179 742 1233; x_wconf 80' lang='grc' dir='ltr'><strong>υῑῶν</strong></span> <span class='ocrx_word' id='word_1_92' title='bbox 781 1178 952 1233; x_wconf 78' lang='grc' dir='ltr'><strong>Ἡσαῦ</strong></span> <span class='ocrx_word' id='word_1_93' title='bbox 975 1219 989 1243; x_wconf 89' lang='grc'><strong>,</strong></span> <span class='ocrx_word' id='word_1_94' title='bbox 1025 1180 1109 1233; x_wconf 87' lang='grc' dir='ltr'>ὅτι</span> <span class='ocrx_word' id='word_1_95' title='bbox 1159 1199 1179 1231; x_wconf 80' lang='grc' dir='ltr'><strong>ι</strong></span> <span class='ocrx_word' id='word_1_96' title='bbox 1226 1178 1475 1247; x_wconf 62' lang='grc' dir='ltr'>Ἀδελφοί.</span> <span class='ocrx_word' id='word_1_97' title='bbox 1513 1179 1668 1249; x_wconf 80' lang='grc' dir='ltr'>ὑμῶν</span> 
     </span>
    </p>
   </div>
   <div class='ocr_carea' id='block_1_15' title="bbox 97 1268 1667 1342">
    <p class='ocr_par' dir='ltr' id='par_1_15' title="bbox 97 1268 1667 1342">
     <span class='ocr_line' id='line_1_15' title="bbox 97 1268 1667 1342; baseline 0.001 -18"><span class='ocrx_word' id='word_1_98' title='bbox 97 1272 258 1341; x_wconf 82' lang='grc' dir='ltr'>ἐσμεν</span> <span class='ocrx_word' id='word_1_99' title='bbox 280 1286 292 1301; x_wconf 78' lang='grc'><strong><em>⁸</em></strong></span> <span class='ocrx_word' id='word_1_100' title='bbox 333 1271 612 1342; x_wconf 78' lang='grc' dir='ltr'>μηνύσατε</span> <span class='ocrx_word' id='word_1_101' title='bbox 642 1273 775 1342; x_wconf 69' lang='grc' dir='ltr'>ἡμῖν</span> <span class='ocrx_word' id='word_1_102' title='bbox 808 1268 1064 1340; x_wconf 82' lang='grc' dir='ltr'>διαϐῆναι</span> <span class='ocrx_word' id='word_1_103' title='bbox 1095 1272 1256 1342; x_wconf 85' lang='grc' dir='ltr'>μόνον</span> <span class='ocrx_word' id='word_1_104' title='bbox 1305 1272 1396 1325; x_wconf 76' lang='grc' dir='ltr'><strong>διὰ</strong></span> <span class='ocrx_word' id='word_1_105' title='bbox 1433 1272 1533 1341; x_wconf 80' lang='grc' dir='ltr'>τῆς</span> <span class='ocrx_word' id='word_1_106' title='bbox 1559 1273 1667 1342; x_wconf 86' lang='grc' dir='ltr'>γῆς</span> 
     </span>
    </p>
   </div>
   <div class='ocr_carea' id='block_1_16' title="bbox 98 1361 1667 1433">
    <p class='ocr_par' dir='ltr' id='par_1_16' title="bbox 98 1361 1667 1433">
     <span class='ocr_line' id='line_1_16' title="bbox 98 1361 1667 1433; baseline 0.001 -19"><span class='ocrx_word' id='word_1_107' title='bbox 98 1362 276 1432; x_wconf 77' lang='grc' dir='ltr'>ὑμῶν’</span> <span class='ocrx_word' id='word_1_108' title='bbox 302 1362 404 1432; x_wconf 83' lang='grc' dir='ltr'>ὀδῷ</span> <span class='ocrx_word' id='word_1_109' title='bbox 437 1361 689 1433; x_wconf 72' lang='grc' dir='ltr'>βασιλικῇ</span> <span class='ocrx_word' id='word_1_110' title='bbox 718 1362 1142 1432; x_wconf 70' lang='grc' dir='ltr'>πορευσόμεθατ</span> <span class='ocrx_word' id='word_1_111' title='bbox 1173 1362 1275 1415; x_wconf 83' lang='grc' dir='ltr'>οὐκ</span> <span class='ocrx_word' id='word_1_112' title='bbox 1307 1363 1667 1431; x_wconf 75' lang='grc' dir='ltr'>ὲκκλινοῦμεν</span> 
     </span>
    </p>
   </div>
   <div class='ocr_carea' id='block_1_17' title="bbox 94 1450 1668 1523">
    <p class='ocr_par' dir='ltr' id='par_1_17' title="bbox 94 1450 1668 1523">
     <span class='ocr_line' id='line_1_17' title="bbox 94 1450 1668 1523; baseline -0.002 -17"><span class='ocrx_word' id='word_1_113' title='bbox 94 1452 235 1515; x_wconf 83' lang='grc' dir='ltr'>δεξιὰ</span> <span class='ocrx_word' id='word_1_114' title='bbox 283 1452 374 1505; x_wconf 70' lang='grc' dir='ltr'><strong>καὶ</strong></span> <span class='ocrx_word' id='word_1_115' title='bbox 411 1451 677 1523; x_wconf 80' lang='grc' dir='ltr'>ἀριστερά</span> <span class='ocrx_word' id='word_1_116' title='bbox 706 1468 723 1486; x_wconf 76' lang='grc' dir='ltr'><strong><em>ο</em></strong></span> <span class='ocrx_word' id='word_1_117' title='bbox 771 1450 908 1504; x_wconf 69' lang='grc' dir='ltr'>ἀλλὰ</span> <span class='ocrx_word' id='word_1_118' title='bbox 936 1451 999 1503; x_wconf 87' lang='grc' dir='ltr'><strong>τὸ</strong></span> <span class='ocrx_word' id='word_1_119' title='bbox 1031 1450 1175 1521; x_wconf 76' lang='grc' dir='ltr'>ὕδωρ</span> <span class='ocrx_word' id='word_1_120' title='bbox 1222 1451 1322 1503; x_wconf 72' lang='grc' dir='ltr'><strong>καὶ</strong></span> <span class='ocrx_word' id='word_1_121' title='bbox 1379 1451 1472 1503; x_wconf 92' lang='grc' dir='ltr'><strong>τὸν</strong></span> <span class='ocrx_word' id='word_1_122' title='bbox 1501 1451 1668 1522; x_wconf 80' lang='grc' dir='ltr'>ἄρτον</span> 
     </span>
    </p>
   </div>
   <div class='ocr_carea' id='block_1_18' title="bbox 93 1540 1665 1613">
    <p class='ocr_par' dir='ltr' id='par_1_18' title="bbox 93 1540 1665 1613">
     <span class='ocr_line' id='line_1_18' title="bbox 93 1540 1665 1613; baseline 0.001 -18"><span class='ocrx_word' id='word_1_123' title='bbox 93 1544 253 1613; x_wconf 84' lang='grc' dir='ltr'>τιμῆς</span> <span class='ocrx_word' id='word_1_124' title='bbox 281 1544 651 1613; x_wconf 74' lang='grc' dir='ltr'>ἀγοράσομεν,</span> <span class='ocrx_word' id='word_1_125' title='bbox 690 1543 797 1606; x_wconf 72' lang='grc' dir='ltr'><strong>ἕως</strong></span> <span class='ocrx_word' id='word_1_126' title='bbox 840 1540 906 1596; x_wconf 79' lang='grc' dir='ltr'><strong>ἂν</strong></span> <span class='ocrx_word' id='word_1_127' title='bbox 944 1540 1225 1611; x_wconf 75' lang='grc' dir='ltr'>διαϐὦμεν</span> <span class='ocrx_word' id='word_1_128' title='bbox 1270 1544 1350 1605; x_wconf 76' lang='grc' dir='ltr'><strong>είς</strong></span> <span class='ocrx_word' id='word_1_129' title='bbox 1396 1542 1496 1612; x_wconf 83' lang='grc' dir='ltr'><strong>τὴν</strong></span> <span class='ocrx_word' id='word_1_130' title='bbox 1536 1543 1665 1612; x_wconf 81' lang='grc' dir='ltr'>γῆν,</span> 
     </span>
    </p>
   </div>
   <div class='ocr_carea' id='block_1_19' title="bbox 94 1628 1662 1704">
    <p class='ocr_par' dir='ltr' id='par_1_19' title="bbox 94 1628 1662 1704">
     <span class='ocr_line' id='line_1_19' title="bbox 94 1628 1662 1704; baseline -0.001 -19"><span class='ocrx_word' id='word_1_131' title='bbox 94 1634 162 1703; x_wconf 69' lang='grc' dir='ltr'><strong>ἣν</strong></span> <span class='ocrx_word' id='word_1_132' title='bbox 181 1633 375 1687; x_wconf 79' lang='grc' dir='ltr'>ἔδωκεν</span> <span class='ocrx_word' id='word_1_133' title='bbox 412 1635 544 1704; x_wconf 76' lang='grc' dir='ltr'>ἡμῖν</span> <span class='ocrx_word' id='word_1_134' title='bbox 583 1634 611 1685; x_wconf 90' lang='lat'><strong>6</strong></span> <span class='ocrx_word' id='word_1_135' title='bbox 644 1628 807 1697; x_wconf 80' lang='grc' dir='ltr'><strong>Θεός.¹</strong></span> <span class='ocrx_word' id='word_1_136' title='bbox 850 1651 868 1684; x_wconf 80' lang='grc' dir='ltr'><strong>ι</strong></span> <span class='ocrx_word' id='word_1_137' title='bbox 899 1633 1009 1685; x_wconf 75' lang='grc' dir='ltr'><strong>Καὶ</strong></span> <span class='ocrx_word' id='word_1_138' title='bbox 1046 1632 1418 1702; x_wconf 73' lang='grc' dir='ltr'>ἀντεδήλωσεν</span> <span class='ocrx_word' id='word_1_139' title='bbox 1454 1633 1662 1700; x_wconf 81' lang='grc' dir='ltr'>αὐτοῖς,</span> 
     </span>
    </p>
   </div>
   <div class='ocr_carea' id='block_1_20' title="bbox 91 1693 1738 1795">
    <p class='ocr_par' dir='ltr' id='par_1_20' title="bbox 91 1693 1738 1795">
     <span class='ocr_line' id='line_1_20' title="bbox 91 1693 1738 1795; baseline 0.001 -18"><span class='ocrx_word' id='word_1_140' title='bbox 91 1693 175 1777; x_wconf 63' lang='grc' dir='ltr'>ὅτι</span> <span class='ocrx_word' id='word_1_141' title='bbox 213 1743 230 1775; x_wconf 76' lang='grc' dir='ltr'>ι</span> <span class='ocrx_word' id='word_1_142' title='bbox 267 1725 398 1794; x_wconf 83' lang='grc' dir='ltr'><strong>Οὐχί</strong></span> <span class='ocrx_word' id='word_1_143' title='bbox 420 1693 564 1779; x_wconf 74' lang='grc' dir='ltr'><strong>σ”ιάν</strong></span> <span class='ocrx_word' id='word_1_144' title='bbox 587 1693 812 1795; x_wconf 80' lang='grc' dir='ltr'>διαϐῆτε</span> <span class='ocrx_word' id='word_1_145' title='bbox 842 1724 930 1777; x_wconf 81' lang='grc' dir='ltr'>διὰ</span> <span class='ocrx_word' id='word_1_146' title='bbox 952 1726 1052 1795; x_wconf 83' lang='grc' dir='ltr'>τῆς</span> <span class='ocrx_word' id='word_1_147' title='bbox 1076 1727 1179 1795; x_wconf 83' lang='grc' dir='ltr'><strong>γῆς</strong></span> <span class='ocrx_word' id='word_1_148' title='bbox 1216 1693 1343 1793; x_wconf 39' lang='lat' dir='ltr'><strong>eo...</strong></span> <span class='ocrx_word' id='word_1_149' title='bbox 1379 1693 1659 1788; x_wconf 62' lang='grc' dir='ltr'>ἐξελευσόξ</span> <span class='ocrx_word' id='word_1_150' title='bbox 1697 1693 1738 1747; x_wconf 74' lang='grc' dir='ltr'>Β</span> 
     </span>
    </p>
   </div>
   <div class='ocr_carea' id='block_1_21' title="bbox 97 1816 1669 1886">
    <p class='ocr_par' dir='ltr' id='par_1_21' title="bbox 97 1816 1669 1886">
     <span class='ocr_line' id='line_1_21' title="bbox 97 1816 1669 1886; baseline 0.001 -19"><span class='ocrx_word' id='word_1_151' title='bbox 97 1816 251 1885; x_wconf 79' lang='grc' dir='ltr'>μεθα,</span> <span class='ocrx_word' id='word_1_152' title='bbox 284 1816 376 1869; x_wconf 81' lang='grc' dir='ltr'>καὶ</span> <span class='ocrx_word' id='word_1_153' title='bbox 400 1816 813 1886; x_wconf 78' lang='grc' dir='ltr'>ἀποκτενοῦμεν</span> <span class='ocrx_word' id='word_1_154' title='bbox 853 1817 1019 1885; x_wconf 78' lang='grc' dir='ltr'>ὑμᾶς.</span> <span class='ocrx_word' id='word_1_155' title='bbox 1057 1835 1075 1866; x_wconf 78' lang='grc' dir='ltr'>ι</span> <span class='ocrx_word' id='word_1_156' title='bbox 1109 1816 1215 1868; x_wconf 77' lang='grc' dir='ltr'><strong>Καὶ</strong></span> <span class='ocrx_word' id='word_1_157' title='bbox 1249 1816 1349 1868; x_wconf 74' lang='grc' dir='ltr'>οὐκ</span> <span class='ocrx_word' id='word_1_158' title='bbox 1374 1816 1669 1886; x_wconf 76' lang='grc' dir='ltr'>ἀνέτρεψεν</span> 
     </span>
    </p>
   </div>
   <div class='ocr_carea' id='block_1_22' title="bbox 88 1905 1669 1979">
    <p class='ocr_par' dir='ltr' id='par_1_22' title="bbox 88 1905 1669 1979">
     <span class='ocr_line' id='line_1_22' title="bbox 88 1905 1669 1979; baseline 0.001 -20"><span class='ocrx_word' id='word_1_159' title='bbox 88 1905 245 1960; x_wconf 80' lang='grc' dir='ltr'>τοῦτο</span> <span class='ocrx_word' id='word_1_160' title='bbox 283 1910 311 1961; x_wconf 93' lang='lat'><strong>6</strong></span> <span class='ocrx_word' id='word_1_161' title='bbox 353 1908 507 1972; x_wconf 86' lang='grc' dir='ltr'>Θεὸς,</span> <span class='ocrx_word' id='word_1_162' title='bbox 551 1909 687 1963; x_wconf 77' lang='grc' dir='ltr'><strong>ἀλλὰ</strong></span> <span class='ocrx_word' id='word_1_163' title='bbox 731 1908 826 1963; x_wconf 73' lang='grc' dir='ltr'><strong>καὶ</strong></span> <span class='ocrx_word' id='word_1_164' title='bbox 876 1908 1076 1979; x_wconf 81' lang='grc' dir='ltr'>μᾶλλον</span> <span class='ocrx_word' id='word_1_165' title='bbox 1126 1909 1526 1978; x_wconf 82' lang='grc' dir='ltr'>ὑπεκύρωσεν,</span> <span class='ocrx_word' id='word_1_166' title='bbox 1575 1909 1669 1960; x_wconf 68' lang='grc' dir='ltr'><strong>καὶ</strong></span> 
     </span>
    </p>
   </div>
   <div class='ocr_carea' id='block_1_23' title="bbox 90 1999 1671 2073">
    <p class='ocr_par' dir='ltr' id='par_1_23' title="bbox 90 1999 1671 2073">
     <span class='ocr_line' id='line_1_23' title="bbox 90 1999 1671 2073; baseline 0.001 -21"><span class='ocrx_word' id='word_1_167' title='bbox 90 1999 418 2071; x_wconf 81' lang='grc' dir='ltr'>ἀντέσχυρεν</span> <span class='ocrx_word' id='word_1_168' title='bbox 439 2001 637 2069; x_wconf 82' lang='grc' dir='ltr'>λέγων,</span> <span class='ocrx_word' id='word_1_169' title='bbox 665 2002 746 2055; x_wconf 85' lang='grc' dir='ltr'>ὅτι</span> <span class='ocrx_word' id='word_1_170' title='bbox 786 2021 803 2053; x_wconf 85' lang='grc' dir='ltr'>ι</span> <span class='ocrx_word' id='word_1_171' title='bbox 836 2000 945 2073; x_wconf 85' lang='grc' dir='ltr'><strong>Τὴν</strong></span> <span class='ocrx_word' id='word_1_172' title='bbox 976 2001 1079 2069; x_wconf 87' lang='grc' dir='ltr'>γῆν</span> <span class='ocrx_word' id='word_1_173' title='bbox 1108 2001 1334 2071; x_wconf 86' lang='grc' dir='ltr'>ταύτην,</span> <span class='ocrx_word' id='word_1_174' title='bbox 1367 2001 1435 2073; x_wconf 77' lang='grc' dir='ltr'><strong>ἣν</strong></span> <span class='ocrx_word' id='word_1_175' title='bbox 1462 2001 1671 2054; x_wconf 78' lang='grc' dir='ltr'>δέδωκα</span> 
     </span>
    </p>
   </div>
   <div class='ocr_carea' id='block_1_24' title="bbox 87 2090 1727 2163">
    <p class='ocr_par' dir='ltr' id='par_1_24' title="bbox 87 2090 1727 2163">
     <span class='ocr_line' id='line_1_24' title="bbox 87 2090 1727 2163; baseline 0.003 -20"><span class='ocrx_word' id='word_1_176' title='bbox 87 2090 168 2160; x_wconf 82' lang='grc' dir='ltr'>τῷ</span> <span class='ocrx_word' id='word_1_177' title='bbox 208 2090 399 2155; x_wconf 81' lang='grc' dir='ltr'>Ἡσαῦ,</span> <span class='ocrx_word' id='word_1_178' title='bbox 438 2091 516 2163; x_wconf 79' lang='grc' dir='ltr'>μὴ</span> <span class='ocrx_word' id='word_1_179' title='bbox 560 2092 901 2163; x_wconf 82' lang='grc' dir='ltr'>πλησιάσητε</span> <span class='ocrx_word' id='word_1_180' title='bbox 935 2094 1150 2157; x_wconf 71' lang='grc' dir='ltr'>αὐτοῖς,</span> <span class='ocrx_word' id='word_1_181' title='bbox 1190 2111 1209 2143; x_wconf 70' lang='grc' dir='ltr'><strong>ι</strong></span> <span class='ocrx_word' id='word_1_182' title='bbox 1266 2095 1360 2145; x_wconf 64' lang='grc' dir='ltr'><strong>καλ⁸</strong></span> <span class='ocrx_word' id='word_1_183' title='bbox 1399 2093 1468 2145; x_wconf 75' lang='grc' dir='ltr'>τὰ</span> <span class='ocrx_word' id='word_1_184' title='bbox 1493 2092 1668 2163; x_wconf 70' lang='grc' dir='ltr'>ιὲξῆς.</span> <span class='ocrx_word' id='word_1_185' title='bbox 1714 2114 1727 2119; x_wconf 57' lang='grc' dir='ltr'><em>ί</em></span> 
     </span>
    </p>
   </div>
   <div class='ocr_carea' id='block_1_25' title="bbox 89 2179 1669 2254">
    <p class='ocr_par' dir='ltr' id='par_1_25' title="bbox 89 2179 1669 2254">
     <span class='ocr_line' id='line_1_25' title="bbox 89 2179 1669 2254; baseline 0.003 -19"><span class='ocrx_word' id='word_1_186' title='bbox 89 2179 201 2235; x_wconf 83' lang='grc' dir='ltr'><strong>Ποῦ</strong></span> <span class='ocrx_word' id='word_1_187' title='bbox 225 2180 313 2235; x_wconf 76' lang='grc' dir='ltr'>οὖν</span> <span class='ocrx_word' id='word_1_188' title='bbox 344 2182 664 2253; x_wconf 74' lang='grc' dir='ltr'>ἐπλήρωσεν</span> <span class='ocrx_word' id='word_1_189' title='bbox 700 2185 729 2237; x_wconf 91' lang='lat'><strong>6</strong></span> <span class='ocrx_word' id='word_1_190' title='bbox 760 2183 892 2248; x_wconf 88' lang='grc' dir='ltr'>Θεὸς</span> <span class='ocrx_word' id='word_1_191' title='bbox 924 2183 1004 2254; x_wconf 86' lang='grc' dir='ltr'>τῷ</span> <span class='ocrx_word' id='word_1_192' title='bbox 1048 2182 1270 2248; x_wconf 85' lang='grc' dir='ltr'>Ἰακὼϐ,</span> <span class='ocrx_word' id='word_1_193' title='bbox 1302 2183 1338 2237; x_wconf 77' lang='lat' dir='ltr'><strong>a</strong></span> <span class='ocrx_word' id='word_1_194' title='bbox 1365 2180 1519 2237; x_wconf 80' lang='grc' dir='ltr'>εἶπεν</span> <span class='ocrx_word' id='word_1_195' title='bbox 1538 2226 1552 2248; x_wconf 98' lang='grc'><strong>,</strong></span> <span class='ocrx_word' id='word_1_196' title='bbox 1587 2187 1669 2239; x_wconf 76' lang='grc' dir='ltr'>ὅτι</span> 
     </span>
    </p>
   </div>
   <div class='ocr_carea' id='block_1_26' title="bbox 95 2273 1669 2346">
    <p class='ocr_par' dir='ltr' id='par_1_26' title="bbox 95 2273 1669 2346">
     <span class='ocr_line' id='line_1_26' title="bbox 95 2273 1669 2346; baseline 0.003 -22"><span class='ocrx_word' id='word_1_197' title='bbox 95 2292 114 2324; x_wconf 79' lang='grc' dir='ltr'>ι</span> <span class='ocrx_word' id='word_1_198' title='bbox 154 2273 595 2345; x_wconf 84' lang='grc' dir='ltr'>Προσκυνήσουσί</span> <span class='ocrx_word' id='word_1_199' title='bbox 635 2290 716 2346; x_wconf 81' lang='grc' dir='ltr'>σοι</span> <span class='ocrx_word' id='word_1_200' title='bbox 761 2275 869 2328; x_wconf 76' lang='grc' dir='ltr'>υἱοὶ</span> <span class='ocrx_word' id='word_1_201' title='bbox 915 2274 1010 2328; x_wconf 82' lang='grc' dir='ltr'><strong>τοῦ</strong></span> <span class='ocrx_word' id='word_1_202' title='bbox 1058 2275 1265 2346; x_wconf 83' lang='grc' dir='ltr'>πατρός</span> <span class='ocrx_word' id='word_1_203' title='bbox 1316 2293 1447 2341; x_wconf 84' lang='grc' dir='ltr'>σου,</span> <span class='ocrx_word' id='word_1_204' title='bbox 1495 2275 1590 2329; x_wconf 57' lang='grc' dir='ltr'><strong>καί¹</strong></span> <span class='ocrx_word' id='word_1_205' title='bbox 1620 2275 1669 2331; x_wconf 84' lang='grc' dir='ltr'>οί</span> 
     </span>
    </p>
   </div>
   <div class='ocr_carea' id='block_1_27' title="bbox 88 2343 1670 2436">
    <p class='ocr_par' dir='ltr' id='par_1_27' title="bbox 88 2343 1670 2436">
     <span class='ocr_line' id='line_1_27' title="bbox 88 2343 1670 2436; baseline 0.002 -20"><span class='ocrx_word' id='word_1_206' title='bbox 88 2362 305 2431; x_wconf 84' lang='grc' dir='ltr'>ἀδελφοί</span> <span class='ocrx_word' id='word_1_207' title='bbox 342 2352 461 2430; x_wconf 54' lang='grc' dir='ltr'>σοῖο,</span> <span class='ocrx_word' id='word_1_208' title='bbox 496 2365 591 2417; x_wconf 61' lang='grc' dir='ltr'><strong>καί⁸</strong></span> <span class='ocrx_word' id='word_1_209' title='bbox 632 2343 733 2428; x_wconf 37' lang='grc' dir='ltr'>σὺν,</span> <span class='ocrx_word' id='word_1_210' title='bbox 769 2366 863 2417; x_wconf 74' lang='grc' dir='ltr'><strong>καὶ</strong></span> <span class='ocrx_word' id='word_1_211' title='bbox 904 2365 966 2418; x_wconf 89' lang='grc' dir='ltr'><strong>τὸ</strong></span> <span class='ocrx_word' id='word_1_212' title='bbox 1000 2366 1223 2436; x_wconf 82' lang='grc' dir='ltr'>σπέρμα</span> <span class='ocrx_word' id='word_1_213' title='bbox 1252 2382 1345 2418; x_wconf 77' lang='grc' dir='ltr'>σου</span> <span class='ocrx_word' id='word_1_214' title='bbox 1387 2364 1670 2435; x_wconf 85' lang='grc' dir='ltr'>κυριεύσει</span> 
     </span>
    </p>
   </div>
   <div class='ocr_carea' id='block_1_28' title="bbox 88 2451 1672 2527">
    <p class='ocr_par' dir='ltr' id='par_1_28' title="bbox 88 2451 1672 2527">
     <span class='ocr_line' id='line_1_28' title="bbox 88 2451 1672 2527; baseline 0.003 -20"><span class='ocrx_word' id='word_1_215' title='bbox 88 2453 287 2518; x_wconf 78' lang='grc' dir='ltr'>αὐτῶν,</span> <span class='ocrx_word' id='word_1_216' title='bbox 328 2473 347 2506; x_wconf 70' lang='grc' dir='ltr'><strong>ι</strong></span> <span class='ocrx_word' id='word_1_217' title='bbox 395 2456 492 2507; x_wconf 74' lang='grc' dir='ltr'><strong>καὶ</strong></span> <span class='ocrx_word' id='word_1_218' title='bbox 534 2454 604 2507; x_wconf 85' lang='grc' dir='ltr'>τὰ</span> <span class='ocrx_word' id='word_1_219' title='bbox 647 2455 909 2523; x_wconf 59' lang='lat' dir='ltr'><strong>conﬁsa;</strong></span> <span class='ocrx_word' id='word_1_220' title='bbox 951 2457 1137 2527; x_wconf 65' lang='grc' dir='ltr'>Ὁρᾷς,</span> <span class='ocrx_word' id='word_1_221' title='bbox 1185 2451 1231 2510; x_wconf 83' lang='grc' dir='ltr'><strong>ὦ</strong></span> <span class='ocrx_word' id='word_1_222' title='bbox 1290 2458 1540 2523; x_wconf 84' lang='grc' dir='ltr'>Ἰουδαίε,</span> <span class='ocrx_word' id='word_1_223' title='bbox 1589 2460 1672 2512; x_wconf 85' lang='grc' dir='ltr'><strong>δτι</strong></span> 
     </span>
    </p>
   </div>
   <div class='ocr_carea' id='block_1_29' title="bbox 86 2545 1672 2619">
    <p class='ocr_par' dir='ltr' id='par_1_29' title="bbox 86 2545 1672 2619">
     <span class='ocr_line' id='line_1_29' title="bbox 86 2545 1672 2619; baseline 0.003 -22"><span class='ocrx_word' id='word_1_224' title='bbox 86 2545 364 2616; x_wconf 78' lang='grc' dir='ltr'>πανταχοῦ</span> <span class='ocrx_word' id='word_1_225' title='bbox 398 2546 489 2598; x_wconf 89' lang='grc' dir='ltr'><strong>τὸν</strong></span> <span class='ocrx_word' id='word_1_226' title='bbox 531 2545 666 2599; x_wconf 83' lang='grc' dir='ltr'>Θεὸν</span> <span class='ocrx_word' id='word_1_227' title='bbox 714 2546 959 2618; x_wconf 78' lang='grc' dir='ltr'>ψεύστην</span> <span class='ocrx_word' id='word_1_228' title='bbox 995 2550 1169 2610; x_wconf 76' lang='grc' dir='ltr'>ποιεῖς</span> <span class='ocrx_word' id='word_1_229' title='bbox 1214 2546 1302 2601; x_wconf 81' lang='grc' dir='ltr'>διὰ</span> <span class='ocrx_word' id='word_1_230' title='bbox 1350 2550 1451 2618; x_wconf 78' lang='grc' dir='ltr'>τῆς</span> <span class='ocrx_word' id='word_1_231' title='bbox 1494 2549 1672 2619; x_wconf 82' lang='grc' dir='ltr'>κακῆς</span> 
     </span>
    </p>
   </div>
   <div class='ocr_carea' id='block_1_30' title="bbox 86 2631 1671 2705">
    <p class='ocr_par' dir='ltr' id='par_1_30' title="bbox 86 2631 1671 2705">
     <span class='ocr_line' id='line_1_30' title="bbox 86 2631 1671 2705; baseline 0 -19"><span class='ocrx_word' id='word_1_232' title='bbox 86 2634 381 2705; x_wconf 74' lang='grc' dir='ltr'>ἑρμηνείας</span> <span class='ocrx_word' id='word_1_233' title='bbox 417 2651 510 2686; x_wconf 90' lang='grc' dir='ltr'>σου</span> <span class='ocrx_word' id='word_1_234' title='bbox 567 2633 665 2686; x_wconf 76' lang='grc' dir='ltr'><strong>καὶ</strong></span> <span class='ocrx_word' id='word_1_235' title='bbox 702 2633 1034 2698; x_wconf 84' lang='grc' dir='ltr'>ἀσυνεσίας;</span> <span class='ocrx_word' id='word_1_236' title='bbox 1074 2633 1209 2703; x_wconf 80' lang='grc' dir='ltr'><strong>Οὐχὶ</strong></span> <span class='ocrx_word' id='word_1_237' title='bbox 1253 2632 1311 2687; x_wconf 84' lang='grc' dir='ltr'>δὲ</span> <span class='ocrx_word' id='word_1_238' title='bbox 1357 2633 1436 2703; x_wconf 84' lang='grc' dir='ltr'>τῷ</span> <span class='ocrx_word' id='word_1_239' title='bbox 1472 2631 1671 2687; x_wconf 82' lang='grc' dir='ltr'>Ἰακὼϐ</span> 
     </span>
    </p>
   </div>
   <div class='ocr_carea' id='block_1_31' title="bbox 85 2720 1685 2805">
    <p class='ocr_par' dir='ltr' id='par_1_31' title="bbox 85 2720 1685 2805">
     <span class='ocr_line' id='line_1_31' title="bbox 85 2720 1685 2805; baseline 0 -28"><span class='ocrx_word' id='word_1_240' title='bbox 85 2727 277 2795; x_wconf 71' lang='grc' dir='ltr'>φανεὶς</span> <span class='ocrx_word' id='word_1_241' title='bbox 311 2725 338 2777; x_wconf 81' lang='lat'><strong>6</strong></span> <span class='ocrx_word' id='word_1_242' title='bbox 376 2724 528 2790; x_wconf 87' lang='grc' dir='ltr'>Θεὸς,</span> <span class='ocrx_word' id='word_1_243' title='bbox 575 2723 742 2795; x_wconf 81' lang='grc' dir='ltr'>ἡνίκα</span> <span class='ocrx_word' id='word_1_244' title='bbox 785 2725 1087 2778; x_wconf 74' lang='grc' dir='ltr'>ἐπάλαισεν</span> <span class='ocrx_word' id='word_1_245' title='bbox 1133 2724 1252 2794; x_wconf 83' lang='grc' dir='ltr'>μετ’</span> <span class='ocrx_word' id='word_1_246' title='bbox 1283 2723 1475 2786; x_wconf 79' lang='grc' dir='ltr'>αὑτοῦ,</span> <span class='ocrx_word' id='word_1_247' title='bbox 1518 2720 1685 2805; x_wconf 73' lang='grc' dir='ltr'><strong>εἶπεν⁸</strong></span> 
     </span>
    </p>
   </div>
   <div class='ocr_carea' id='block_1_32' title="bbox 84 2810 1672 2882">
    <p class='ocr_par' dir='ltr' id='par_1_32' title="bbox 84 2810 1672 2882">
     <span class='ocr_line' id='line_1_32' title="bbox 84 2810 1672 2882; baseline 0.003 -18"><span class='ocrx_word' id='word_1_248' title='bbox 84 2811 258 2880; x_wconf 77' lang='grc' dir='ltr'>αὐτῷ.</span> <span class='ocrx_word' id='word_1_249' title='bbox 276 2812 357 2865; x_wconf 86' lang='grc' dir='ltr'>ὅτι</span> <span class='ocrx_word' id='word_1_250' title='bbox 397 2831 416 2862; x_wconf 82' lang='grc' dir='ltr'>ι</span> <span class='ocrx_word' id='word_1_251' title='bbox 447 2811 581 2864; x_wconf 81' lang='grc' dir='ltr'>Ἀπὸ</span> <span class='ocrx_word' id='word_1_252' title='bbox 602 2810 699 2864; x_wconf 77' lang='grc' dir='ltr'><strong>τοῦ</strong></span> <span class='ocrx_word' id='word_1_253' title='bbox 721 2811 817 2865; x_wconf 83' lang='grc' dir='ltr'><strong>νῦν</strong></span> <span class='ocrx_word' id='word_1_254' title='bbox 848 2812 1034 2865; x_wconf 81' lang='grc' dir='ltr'>οὐκέτι</span> <span class='ocrx_word' id='word_1_255' title='bbox 1055 2811 1389 2882; x_wconf 80' lang='grc' dir='ltr'>κληθήσεται</span> <span class='ocrx_word' id='word_1_256' title='bbox 1411 2814 1472 2866; x_wconf 88' lang='grc' dir='ltr'><strong>τὸ</strong></span> <span class='ocrx_word' id='word_1_257' title='bbox 1499 2813 1672 2879; x_wconf 76' lang='grc' dir='ltr'>ὄνομά</span> 
     </span>
    </p>
   </div>
   <div class='ocr_carea' id='block_1_33' title="bbox 82 2899 1670 2974">
    <p class='ocr_par' dir='ltr' id='par_1_33' title="bbox 82 2899 1670 2974">
     <span class='ocr_line' id='line_1_33' title="bbox 82 2899 1670 2974; baseline 0.003 -21"><span class='ocrx_word' id='word_1_258' title='bbox 82 2918 183 2953; x_wconf 88' lang='grc' dir='ltr'><strong>σου</strong></span> <span class='ocrx_word' id='word_1_259' title='bbox 230 2899 447 2964; x_wconf 87' lang='grc' dir='ltr'>Ἰακὼϐ,</span> <span class='ocrx_word' id='word_1_260' title='bbox 495 2901 632 2955; x_wconf 82' lang='grc' dir='ltr'>ἀλλὰ</span> <span class='ocrx_word' id='word_1_261' title='bbox 691 2903 944 2973; x_wconf 83' lang='grc' dir='ltr'>’1σραήλ;</span> <span class='ocrx_word' id='word_1_262' title='bbox 1008 2920 1027 2953; x_wconf 84' lang='grc'><strong>›</strong></span> <span class='ocrx_word' id='word_1_263' title='bbox 1069 2903 1167 2956; x_wconf 77' lang='grc' dir='ltr'>καὶ</span> <span class='ocrx_word' id='word_1_264' title='bbox 1211 2903 1474 2973; x_wconf 83' lang='grc' dir='ltr'>μυριάκις</span> <span class='ocrx_word' id='word_1_265' title='bbox 1528 2903 1670 2974; x_wconf 84' lang='grc' dir='ltr'>μετὰ</span> 
     </span>
    </p>
   </div>
   <div class='ocr_carea' id='block_1_34' title="bbox 80 2991 1671 3065">
    <p class='ocr_par' dir='ltr' id='par_1_34' title="bbox 80 2991 1671 3065">
     <span class='ocr_line' id='line_1_34' title="bbox 80 2991 1671 3065; baseline 0 -19"><span class='ocrx_word' id='word_1_266' title='bbox 80 2991 260 3046; x_wconf 83' lang='grc' dir='ltr'>ταῦτα</span> <span class='ocrx_word' id='word_1_267' title='bbox 296 2994 392 3047; x_wconf 74' lang='grc' dir='ltr'><strong>καὶ</strong></span> <span class='ocrx_word' id='word_1_268' title='bbox 417 2993 446 3045; x_wconf 88' lang='lat'><strong>6</strong></span> <span class='ocrx_word' id='word_1_269' title='bbox 484 2993 641 3059; x_wconf 81' lang='grc' dir='ltr'>Θεὸς,</span> <span class='ocrx_word' id='word_1_270' title='bbox 676 2994 771 3047; x_wconf 84' lang='grc' dir='ltr'>καὶ</span> <span class='ocrx_word' id='word_1_271' title='bbox 810 2995 844 3065; x_wconf 80' lang='grc' dir='ltr'><strong>ἡ</strong></span> <span class='ocrx_word' id='word_1_272' title='bbox 892 2993 1111 3065; x_wconf 83' lang='grc' dir='ltr'>Γραφὴ,</span> <span class='ocrx_word' id='word_1_273' title='bbox 1146 2996 1242 3047; x_wconf 78' lang='grc' dir='ltr'><strong>καὶ</strong></span> <span class='ocrx_word' id='word_1_274' title='bbox 1279 2994 1442 3058; x_wconf 83' lang='grc' dir='ltr'>αὐτὸς</span> <span class='ocrx_word' id='word_1_275' title='bbox 1476 2995 1671 3049; x_wconf 76' lang='grc' dir='ltr'>ἑαυτὸν</span> 
     </span>
    </p>
   </div>
   <div class='ocr_carea' id='block_1_35' title="bbox 94 3081 1707 3154">
    <p class='ocr_par' dir='ltr' id='par_1_35' title="bbox 94 3081 1707 3154">
     <span class='ocr_line' id='line_1_35' title="bbox 94 3081 1707 3154; baseline 0 -17"><span class='ocrx_word' id='word_1_276' title='bbox 94 3084 297 3138; x_wconf 87' lang='grc' dir='ltr'>Ἰακὼϐ</span> <span class='ocrx_word' id='word_1_277' title='bbox 333 3085 614 3140; x_wconf 75' lang='grc' dir='ltr'>ἐκάλεσεν.</span> <span class='ocrx_word' id='word_1_278' title='bbox 643 3086 709 3137; x_wconf 93' lang='grc' dir='ltr'><strong>Τί</strong></span> <span class='ocrx_word' id='word_1_279' title='bbox 741 3081 835 3139; x_wconf 77' lang='grc' dir='ltr'>οὖν</span> <span class='ocrx_word' id='word_1_280' title='bbox 869 3085 929 3138; x_wconf 87' lang='grc' dir='ltr'>ού</span> <span class='ocrx_word' id='word_1_281' title='bbox 955 3084 1427 3154; x_wconf 77' lang='grc' dir='ltr'>διαπεπτώκασιν,</span> <span class='ocrx_word' id='word_1_282' title='bbox 1459 3086 1554 3140; x_wconf 75' lang='grc' dir='ltr'><strong>καὶ</strong></span> <span class='ocrx_word' id='word_1_283' title='bbox 1583 3085 1674 3140; x_wconf 77' lang='grc' dir='ltr'><strong>οὖ-</strong></span> <span class='ocrx_word' id='word_1_284' title='bbox 1700 3084 1707 3089; x_wconf 76' lang='grc'>’</span> 
     </span>
    </p>
   </div>
   <div class='ocr_carea' id='block_1_36' title="bbox 79 3175 1230 3244">
    <p class='ocr_par' dir='ltr' id='par_1_36' title="bbox 79 3175 1230 3244">
     <span class='ocr_line' id='line_1_36' title="bbox 79 3175 1230 3244; baseline 0.003 -18"><span class='ocrx_word' id='word_1_285' title='bbox 79 3191 194 3238; x_wconf 87' lang='grc' dir='ltr'><strong>τως</strong></span> <span class='ocrx_word' id='word_1_286' title='bbox 231 3176 369 3228; x_wconf 74' lang='grc' dir='ltr'>είσὶν</span> <span class='ocrx_word' id='word_1_287' title='bbox 402 3175 721 3229; x_wconf 78' lang='grc' dir='ltr'>ἀϐέϐαιοιοί</span> <span class='ocrx_word' id='word_1_288' title='bbox 746 3176 897 3244; x_wconf 83' lang='grc' dir='ltr'>λόγοι</span> <span class='ocrx_word' id='word_1_289' title='bbox 930 3176 1025 3229; x_wconf 81' lang='grc' dir='ltr'><strong>τοῦ</strong></span> <span class='ocrx_word' id='word_1_290' title='bbox 1056 3175 1230 3239; x_wconf 82' lang='grc' dir='ltr'>Θεοῦ;</span> 
     </span>
    </p>
   </div>
   <div class='ocr_carea' id='block_1_37' title="bbox 157 3265 1677 3338">
    <p class='ocr_par' dir='ltr' id='par_1_37' title="bbox 157 3265 1677 3338">
     <span class='ocr_line' id='line_1_37' title="bbox 157 3265 1677 3338; baseline 0.003 -23"><span class='ocrx_word' id='word_1_291' title='bbox 157 3265 217 3317; x_wconf 89' lang='grc' dir='ltr'><strong>Β.</strong></span> <span class='ocrx_word' id='word_1_292' title='bbox 265 3265 405 3318; x_wconf 83' lang='grc' dir='ltr'>Ἀλλ’</span> <span class='ocrx_word' id='word_1_293' title='bbox 437 3265 570 3333; x_wconf 76' lang='grc' dir='ltr'>ἐγὼ,</span> <span class='ocrx_word' id='word_1_294' title='bbox 597 3265 797 3334; x_wconf 73' lang='grc' dir='ltr'>φησὶν,</span> <span class='ocrx_word' id='word_1_295' title='bbox 825 3265 942 3336; x_wconf 75' lang='grc' dir='ltr'>εἰμὶ</span> <span class='ocrx_word' id='word_1_296' title='bbox 968 3269 997 3319; x_wconf 91' lang='lat'><strong>6</strong></span> <span class='ocrx_word' id='word_1_297' title='bbox 1025 3265 1137 3329; x_wconf 87' lang='grc' dir='ltr'>υἱὸς</span> <span class='ocrx_word' id='word_1_298' title='bbox 1162 3265 1258 3319; x_wconf 81' lang='grc' dir='ltr'>τοῦ</span> <span class='ocrx_word' id='word_1_299' title='bbox 1303 3266 1544 3338; x_wconf 78' lang='grc' dir='ltr'>Ἰσραὴλ,</span> <span class='ocrx_word' id='word_1_300' title='bbox 1578 3267 1677 3321; x_wconf 80' lang='grc' dir='ltr'>καὶ</span> 
     </span>
    </p>
   </div>
   <div class='ocr_carea' id='block_1_38' title="bbox 77 3356 1536 3432">
    <p class='ocr_par' dir='ltr' id='par_1_38' title="bbox 77 3356 1536 3432">
     <span class='ocr_line' id='line_1_38' title="bbox 77 3356 1536 3432; baseline 0.003 -25"><span class='ocrx_word' id='word_1_301' title='bbox 77 3357 209 3426; x_wconf 78' lang='grc' dir='ltr'>ἐμοὶ</span> <span class='ocrx_word' id='word_1_302' title='bbox 242 3358 299 3409; x_wconf 77' lang='grc' dir='ltr'>αἱ</span> <span class='ocrx_word' id='word_1_303' title='bbox 329 3356 678 3425; x_wconf 78' lang='grc' dir='ltr'>ἐπαγγελίαι.</span> <span class='ocrx_word' id='word_1_304' title='bbox 1530 3426 1536 3432; x_wconf 24' lang='grc' dir='ltr'><strong>θ</strong></span> 
     </span>
    </p>
   </div>
   <div class='ocr_carea' id='block_1_39' title="bbox 153 3446 1674 3519">
    <p class='ocr_par' dir='ltr' id='par_1_39' title="bbox 153 3446 1674 3519">
     <span class='ocr_line' id='line_1_39' title="bbox 153 3446 1674 3519; baseline 0.002 -20"><span class='ocrx_word' id='word_1_305' title='bbox 153 3447 221 3500; x_wconf 79' lang='grc' dir='ltr'><strong>Α.</strong></span> <span class='ocrx_word' id='word_1_306' title='bbox 256 3447 425 3517; x_wconf 75' lang='grc' dir='ltr'>Ούχίο</span> <span class='ocrx_word' id='word_1_307' title='bbox 477 3447 592 3501; x_wconf 83' lang='grc' dir='ltr'>ἀλλ’</span> <span class='ocrx_word' id='word_1_308' title='bbox 619 3446 731 3515; x_wconf 72' lang='grc' dir='ltr'>ἐγώ</span> <span class='ocrx_word' id='word_1_309' title='bbox 774 3448 890 3514; x_wconf 88' lang='grc' dir='ltr'>είμι</span> <span class='ocrx_word' id='word_1_310' title='bbox 943 3449 973 3501; x_wconf 93' lang='lat'><strong>6</strong></span> <span class='ocrx_word' id='word_1_311' title='bbox 1009 3448 1105 3502; x_wconf 82' lang='grc' dir='ltr'><strong>τοῦ</strong></span> <span class='ocrx_word' id='word_1_312' title='bbox 1157 3446 1377 3519; x_wconf 81' lang='grc' dir='ltr'>Ἰσραὴλ</span> <span class='ocrx_word' id='word_1_313' title='bbox 1407 3447 1541 3513; x_wconf 76' lang='grc' dir='ltr'>υἱός.</span> <span class='ocrx_word' id='word_1_314' title='bbox 1586 3448 1674 3502; x_wconf 83' lang='grc' dir='ltr'>Ἐν</span> 
     </span>
    </p>
   </div>
   <div class='ocr_carea' id='block_1_40' title="bbox 76 3537 1674 3612">
    <p class='ocr_par' dir='ltr' id='par_1_40' title="bbox 76 3537 1674 3612">
     <span class='ocr_line' id='line_1_40' title="bbox 76 3537 1674 3612; baseline 0.003 -22"><span class='ocrx_word' id='word_1_315' title='bbox 76 3537 189 3591; x_wconf 89' lang='grc' dir='ltr'>τίνι</span> <span class='ocrx_word' id='word_1_316' title='bbox 219 3537 333 3609; x_wconf 78' lang='grc' dir='ltr'>γὰρ</span> <span class='ocrx_word' id='word_1_317' title='bbox 364 3538 565 3609; x_wconf 67' lang='grc' dir='ltr'><strong>ὲπὶρδιιῷ</strong></span> <span class='ocrx_word' id='word_1_318' title='bbox 608 3539 826 3609; x_wconf 85' lang='grc' dir='ltr'>Ἰσραὴλ</span> <span class='ocrx_word' id='word_1_319' title='bbox 854 3541 1234 3610; x_wconf 78' lang='grc' dir='ltr'>ὲγκαυχᾶσαις</span> <span class='ocrx_word' id='word_1_320' title='bbox 1267 3541 1350 3594; x_wconf 82' lang='grc' dir='ltr'><strong>ὅτι</strong></span> <span class='ocrx_word' id='word_1_321' title='bbox 1378 3540 1481 3612; x_wconf 81' lang='grc' dir='ltr'>τὴν</span> <span class='ocrx_word' id='word_1_322' title='bbox 1510 3540 1674 3612; x_wconf 82' lang='grc' dir='ltr'>τρίχα</span> 
     </span>
    </p>
   </div>
   <div class='ocr_carea' id='block_1_41' title="bbox 76 3628 1674 3703">
    <p class='ocr_par' dir='ltr' id='par_1_41' title="bbox 76 3628 1674 3703">
     <span class='ocr_line' id='line_1_41' title="bbox 76 3628 1674 3703; baseline 0.004 -23"><span class='ocrx_word' id='word_1_323' title='bbox 76 3628 246 3698; x_wconf 78' lang='grc' dir='ltr'>ἔσχεν</span> <span class='ocrx_word' id='word_1_324' title='bbox 300 3629 499 3701; x_wconf 74' lang='grc' dir='ltr'>οὔλην,</span> <span class='ocrx_word' id='word_1_325' title='bbox 558 3630 591 3701; x_wconf 73' lang='grc' dir='ltr'>ἢ</span> <span class='ocrx_word' id='word_1_326' title='bbox 650 3630 714 3684; x_wconf 81' lang='grc' dir='ltr'><strong>τὸ</strong></span> <span class='ocrx_word' id='word_1_327' title='bbox 775 3632 939 3702; x_wconf 82' lang='grc' dir='ltr'>σῶμα</span> <span class='ocrx_word' id='word_1_328' title='bbox 1009 3631 1266 3702; x_wconf 75' lang='grc' dir='ltr'>μέγιστος</span> <span class='ocrx_word' id='word_1_329' title='bbox 1330 3632 1484 3703; x_wconf 71' lang='grc' dir='ltr'>παρὰ</span> <span class='ocrx_word' id='word_1_330' title='bbox 1547 3635 1674 3696; x_wconf 83' lang='grc' dir='ltr'>τοὺς</span> 
     </span>
    </p>
   </div>
   <div class='ocr_carea' id='block_1_42' title="bbox 75 3717 1669 3795">
    <p class='ocr_par' dir='ltr' id='par_1_42' title="bbox 75 3717 1669 3795">
     <span class='ocr_line' id='line_1_42' title="bbox 75 3717 1669 3795; baseline 0.001 -20"><span class='ocrx_word' id='word_1_331' title='bbox 75 3720 279 3783; x_wconf 75' lang='grc' dir='ltr'>ἄλλους</span> <span class='ocrx_word' id='word_1_332' title='bbox 321 3717 415 3791; x_wconf 80' lang='grc' dir='ltr'>ἦν,</span> <span class='ocrx_word' id='word_1_333' title='bbox 458 3722 494 3792; x_wconf 80' lang='grc' dir='ltr'>ἢ</span> <span class='ocrx_word' id='word_1_334' title='bbox 536 3721 869 3792; x_wconf 85' lang='grc' dir='ltr'>κράτιστος,</span> <span class='ocrx_word' id='word_1_335' title='bbox 910 3722 944 3793; x_wconf 85' lang='grc' dir='ltr'>ἢ</span> <span class='ocrx_word' id='word_1_336' title='bbox 990 3721 1461 3795; x_wconf 77' lang='grc' dir='ltr'>παρηλλαγμένην</span> <span class='ocrx_word' id='word_1_337' title='bbox 1506 3722 1669 3793; x_wconf 76' lang='grc' dir='ltr'>ἔσχεν</span> 
     </span>
    </p>
   </div>
   <div class='ocr_carea' id='block_1_43' title="bbox 82 3815 355 3882">
    <p class='ocr_par' dir='ltr' id='par_1_43' title="bbox 82 3815 355 3882">
     <span class='ocr_line' id='line_1_43' title="bbox 82 3815 355 3882; baseline -0.015 -1"><span class='ocrx_word' id='word_1_338' title='bbox 82 3815 316 3882; x_wconf 76' lang='grc' dir='ltr'>μορφήν</span> <span class='ocrx_word' id='word_1_339' title='bbox 341 3830 355 3877; x_wconf 87' lang='lat'><strong>;</strong></span> 
     </span>
    </p>
   </div>
   <div class='ocr_carea' id='block_1_44' title="bbox 150 3898 1087 3973">
    <p class='ocr_par' dir='ltr' id='par_1_44' title="bbox 150 3898 1087 3973">
     <span class='ocr_line' id='line_1_44' title="bbox 150 3898 1087 3973; baseline 0.003 -20"><span class='ocrx_word' id='word_1_340' title='bbox 150 3901 216 3955; x_wconf 87' lang='grc' dir='ltr'><strong>Β.</strong></span> <span class='ocrx_word' id='word_1_341' title='bbox 248 3902 386 3971; x_wconf 83' lang='grc' dir='ltr'>Οὐχί</span> <span class='ocrx_word' id='word_1_342' title='bbox 409 3917 424 3933; x_wconf 80' lang='grc' dir='ltr'><strong><em>ο</em></strong></span> <span class='ocrx_word' id='word_1_343' title='bbox 457 3902 574 3955; x_wconf 67' lang='grc' dir='ltr'>ἀλλ’</span> <span class='ocrx_word' id='word_1_344' title='bbox 599 3903 681 3955; x_wconf 85' lang='grc' dir='ltr'><strong>ὅτι</strong></span> <span class='ocrx_word' id='word_1_345' title='bbox 707 3902 966 3972; x_wconf 79' lang='grc' dir='ltr'>θεοσεϐὴς</span> <span class='ocrx_word' id='word_1_346' title='bbox 996 3898 1087 3973; x_wconf 85' lang='grc' dir='ltr'><strong>ἦν.</strong></span> 
     </span>
    </p>
   </div>
   <div class='ocr_carea' id='block_1_45' title="bbox 36 3988 1676 4068">
    <p class='ocr_par' dir='ltr' id='par_1_45' title="bbox 36 3988 1676 4068">
     <span class='ocr_line' id='line_1_45' title="bbox 36 3988 1676 4068; baseline 0.005 -24"><span class='ocrx_word' id='word_1_347' title='bbox 36 3990 61 3996; x_wconf 76' lang='grc'><strong><em>“</em></strong></span> <span class='ocrx_word' id='word_1_348' title='bbox 144 3992 217 4045; x_wconf 85' lang='grc' dir='ltr'><strong>Δ.</strong></span> <span class='ocrx_word' id='word_1_349' title='bbox 246 3995 366 4056; x_wconf 87' lang='grc' dir='ltr'>Πᾶς</span> <span class='ocrx_word' id='word_1_350' title='bbox 381 3988 475 4046; x_wconf 75' lang='grc' dir='ltr'><strong>οὖν</strong></span> <span class='ocrx_word' id='word_1_351' title='bbox 487 3992 765 4065; x_wconf 77' lang='grc' dir='ltr'>θεοσεϐὴς,</span> <span class='ocrx_word' id='word_1_352' title='bbox 784 3996 879 4049; x_wconf 83' lang='grc' dir='ltr'><strong>καὶ</strong></span> <span class='ocrx_word' id='word_1_353' title='bbox 901 3995 1160 4067; x_wconf 81' lang='grc' dir='ltr'>θεοφιλὴς</span> <span class='ocrx_word' id='word_1_354' title='bbox 1182 3996 1252 4063; x_wconf 74' lang='grc'>⁸⁸,</span> <span class='ocrx_word' id='word_1_355' title='bbox 1285 3998 1412 4062; x_wconf 77' lang='grc' dir='ltr'>τοὺς</span> <span class='ocrx_word' id='word_1_356' title='bbox 1437 3998 1676 4068; x_wconf 83' lang='grc' dir='ltr'>τρόπους</span> 
     </span>
    </p>
   </div>
   <div class='ocr_carea' id='block_1_46' title="bbox 80 4083 1674 4161">
    <p class='ocr_par' dir='ltr' id='par_1_46' title="bbox 80 4083 1674 4161">
     <span class='ocr_line' id='line_1_46' title="bbox 80 4083 1674 4161; baseline 0.006 -25"><span class='ocrx_word' id='word_1_357' title='bbox 80 4083 317 4155; x_wconf 75' lang='grc' dir='ltr'>Ἰσραὴλ</span> <span class='ocrx_word' id='word_1_358' title='bbox 331 4086 504 4140; x_wconf 80' lang='grc' dir='ltr'>σέϐων</span> <span class='ocrx_word' id='word_1_359' title='bbox 530 4086 626 4141; x_wconf 78' lang='grc' dir='ltr'><strong>καὶ</strong></span> <span class='ocrx_word' id='word_1_360' title='bbox 683 4087 934 4155; x_wconf 81' lang='grc' dir='ltr'>ἀγαπῶν,</span> <span class='ocrx_word' id='word_1_361' title='bbox 966 4088 1129 4156; x_wconf 86' lang='grc' dir='ltr'>λέγω,</span> <span class='ocrx_word' id='word_1_362' title='bbox 1157 4090 1241 4143; x_wconf 81' lang='grc' dir='ltr'><strong>ὅτι</strong></span> <span class='ocrx_word' id='word_1_363' title='bbox 1270 4091 1398 4155; x_wconf 85' lang='grc' dir='ltr'>Υίός</span> <span class='ocrx_word' id='word_1_364' title='bbox 1434 4093 1553 4161; x_wconf 85' lang='grc' dir='ltr'>είμι</span> <span class='ocrx_word' id='word_1_365' title='bbox 1577 4090 1674 4145; x_wconf 82' lang='grc' dir='ltr'><strong>τοῦ</strong></span> 
     </span>
    </p>
   </div>
   <div class='ocr_carea' id='block_1_47' title="bbox 78 4177 1676 4255">
    <p class='ocr_par' dir='ltr' id='par_1_47' title="bbox 78 4177 1676 4255">
     <span class='ocr_line' id='line_1_47' title="bbox 78 4177 1676 4255; baseline 0.006 -26"><span class='ocrx_word' id='word_1_366' title='bbox 78 4177 320 4248; x_wconf 80' lang='grc' dir='ltr'>Ἰσραὴλ</span> <span class='ocrx_word' id='word_1_367' title='bbox 349 4177 766 4249; x_wconf 78' lang='grc' dir='ltr'>ἐξομοιούμενος</span> <span class='ocrx_word' id='word_1_368' title='bbox 789 4180 1081 4249; x_wconf 66' lang='grc' dir='ltr'>αὐτῷξτοίς</span> <span class='ocrx_word' id='word_1_369' title='bbox 1110 4182 1338 4253; x_wconf 81' lang='grc' dir='ltr'>τρόποις</span> <span class='ocrx_word' id='word_1_370' title='bbox 1366 4184 1463 4237; x_wconf 77' lang='grc' dir='ltr'>καὶ</span> <span class='ocrx_word' id='word_1_371' title='bbox 1483 4187 1552 4255; x_wconf 79' lang='grc' dir='ltr'>τῇ</span> <span class='ocrx_word' id='word_1_372' title='bbox 1582 4184 1676 4237; x_wconf 86' lang='grc' dir='ltr'>πί-</span> 
     </span>
    </p>
   </div>
   <div class='ocr_carea' id='block_1_48' title="bbox 1772 448 3356 518">
    <p class='ocr_par' dir='ltr' id='par_1_48' title="bbox 1772 448 3356 518">
     <span class='ocr_line' id='line_1_48' title="bbox 1772 448 3356 518; baseline 0.003 -16"><span class='ocrx_word' id='word_1_373' title='bbox 1772 450 2074 504; x_wconf 83' lang='lat' dir='ltr'><strong>minaberis</strong></span> <span class='ocrx_word' id='word_1_374' title='bbox 2102 452 2185 505; x_wconf 90' lang='lat' dir='ltr'><strong>eis</strong></span> <span class='ocrx_word' id='word_1_375' title='bbox 2205 459 2245 505; x_wconf 91' lang='lat'><strong>°.</strong></span> <span class='ocrx_word' id='word_1_376' title='bbox 2290 470 2309 503; x_wconf 77' lang='grc' dir='ltr'><strong>ι</strong></span> <span class='ocrx_word' id='word_1_377' title='bbox 2341 450 2629 517; x_wconf 85' lang='lat' dir='ltr'><strong>Quomodo</strong></span> <span class='ocrx_word' id='word_1_378' title='bbox 2682 448 2860 514; x_wconf 79' lang='lat' dir='ltr'><strong>dixit,</strong></span> <span class='ocrx_word' id='word_1_379' title='bbox 2896 450 3091 518; x_wconf 76' lang='lat' dir='ltr'><strong>fratres</strong></span> <span class='ocrx_word' id='word_1_380' title='bbox 3123 453 3222 513; x_wconf 84' lang='lat' dir='ltr'><strong>tui,</strong></span> <span class='ocrx_word' id='word_1_381' title='bbox 3254 469 3356 506; x_wconf 90' lang='lat' dir='ltr'><strong>nu-</strong></span> 
     </span>
    </p>
   </div>
   <div class='ocr_carea' id='block_1_49' title="bbox 1771 540 3353 611">
    <p class='ocr_par' dir='ltr' id='par_1_49' title="bbox 1771 540 3353 611">
     <span class='ocr_line' id='line_1_49' title="bbox 1771 540 3353 611; baseline 0.001 -16"><span class='ocrx_word' id='word_1_382' title='bbox 1771 556 1926 595; x_wconf 87' lang='lat' dir='ltr'><strong>mero</strong></span> <span class='ocrx_word' id='word_1_383' title='bbox 1991 543 2256 611; x_wconf 90' lang='lat' dir='ltr'><strong>plurium,</strong></span> <span class='ocrx_word' id='word_1_384' title='bbox 2318 558 2444 601; x_wconf 90' lang='lat' dir='ltr'><strong>cum</strong></span> <span class='ocrx_word' id='word_1_385' title='bbox 2500 556 2612 596; x_wconf 89' lang='lat' dir='ltr'><strong>non</strong></span> <span class='ocrx_word' id='word_1_386' title='bbox 2664 540 2951 606; x_wconf 77' lang='lat' dir='ltr'><strong>habuerit,</strong></span> <span class='ocrx_word' id='word_1_387' title='bbox 3015 542 3123 598; x_wconf 88' lang='lat' dir='ltr'><strong>nisi</strong></span> <span class='ocrx_word' id='word_1_388' title='bbox 3183 555 3353 597; x_wconf 89' lang='lat' dir='ltr'><strong>unum</strong></span> 
     </span>
    </p>
   </div>
   <div class='ocr_carea' id='block_1_50' title="bbox 1770 630 3354 703">
    <p class='ocr_par' dir='ltr' id='par_1_50' title="bbox 1770 630 3354 703">
     <span class='ocr_line' id='line_1_50' title="bbox 1770 630 3354 703; baseline 0.001 -18"><span class='ocrx_word' id='word_1_389' title='bbox 1770 630 2001 686; x_wconf 82' lang='lat' dir='ltr'><strong>fratrem</strong></span> <span class='ocrx_word' id='word_1_390' title='bbox 2062 633 2259 689; x_wconf 79' lang='lat' dir='ltr'><strong>Esau?</strong></span> <span class='ocrx_word' id='word_1_391' title='bbox 2320 633 2414 688; x_wconf 83' lang='lat' dir='ltr'><strong>ubi</strong></span> <span class='ocrx_word' id='word_1_392' title='bbox 2480 642 2671 688; x_wconf 89' lang='lat' dir='ltr'><strong>autem</strong></span> <span class='ocrx_word' id='word_1_393' title='bbox 2730 633 2976 687; x_wconf 84' lang='lat' dir='ltr'><strong>adoravit</strong></span> <span class='ocrx_word' id='word_1_394' title='bbox 3025 633 3142 703; x_wconf 89' lang='lat' dir='ltr'><strong>ipse</strong></span> <span class='ocrx_word' id='word_1_395' title='bbox 3208 633 3354 688; x_wconf 83' lang='lat' dir='ltr'><strong>Esau</strong></span> 
     </span>
    </p>
   </div>
   <div class='ocr_carea' id='block_1_51' title="bbox 1768 719 3353 793">
    <p class='ocr_par' dir='ltr' id='par_1_51' title="bbox 1768 719 3353 793">
     <span class='ocr_line' id='line_1_51' title="bbox 1768 719 3353 793; baseline 0.001 -19"><span class='ocrx_word' id='word_1_396' title='bbox 1768 719 1979 776; x_wconf 82' lang='lat' dir='ltr'><strong>Iacob?</strong></span> <span class='ocrx_word' id='word_1_397' title='bbox 2013 722 2122 776; x_wconf 92' lang='lat' dir='ltr'><strong>imo</strong></span> <span class='ocrx_word' id='word_1_398' title='bbox 2167 731 2362 777; x_wconf 88' lang='lat' dir='ltr'><strong>contra</strong></span> <span class='ocrx_word' id='word_1_399' title='bbox 2397 722 2581 793; x_wconf 86' lang='lat' dir='ltr'><strong>potius</strong></span> <span class='ocrx_word' id='word_1_400' title='bbox 2612 722 2820 791; x_wconf 80' lang='lat' dir='ltr'><strong>septies</strong></span> <span class='ocrx_word' id='word_1_401' title='bbox 2852 723 2968 792; x_wconf 91' lang='lat' dir='ltr'><strong>ipso</strong></span> <span class='ocrx_word' id='word_1_402' title='bbox 2999 721 3168 777; x_wconf 83' lang='lat' dir='ltr'><strong>Iacob</strong></span> <span class='ocrx_word' id='word_1_403' title='bbox 3202 723 3353 777; x_wconf 88' lang='lat' dir='ltr'><strong>humi</strong></span> 
     </span>
    </p>
   </div>
   <div class='ocr_carea' id='block_1_52' title="bbox 1770 808 3377 879">
    <p class='ocr_par' dir='ltr' id='par_1_52' title="bbox 1770 808 3377 879">
     <span class='ocr_line' id='line_1_52' title="bbox 1770 808 3377 879; baseline 0 -12"><span class='ocrx_word' id='word_1_404' title='bbox 1770 820 1980 869; x_wconf 83' lang='lat' dir='ltr'><strong>stratus</strong></span> <span class='ocrx_word' id='word_1_405' title='bbox 2034 815 2288 869; x_wconf 79' lang='lat' dir='ltr'><strong>adoravit</strong></span> <span class='ocrx_word' id='word_1_406' title='bbox 2346 814 2517 879; x_wconf 88' lang='lat' dir='ltr'><strong>Esau,</strong></span> <span class='ocrx_word' id='word_1_407' title='bbox 2586 823 2639 869; x_wconf 87' lang='lat' dir='ltr'><strong>et</strong></span> <span class='ocrx_word' id='word_1_408' title='bbox 2689 814 2972 870; x_wconf 90' lang='lat' dir='ltr'><strong>dominum</strong></span> <span class='ocrx_word' id='word_1_409' title='bbox 3028 830 3154 868; x_wconf 90' lang='lat' dir='ltr'><strong>eum</strong></span> <span class='ocrx_word' id='word_1_410' title='bbox 3190 808 3377 869; x_wconf 61' lang='lat' dir='ltr'><strong>voca-~</strong></span> 
     </span>
    </p>
   </div>
   <div class='ocr_carea' id='block_1_53' title="bbox 1769 900 3375 974">
    <p class='ocr_par' dir='ltr' id='par_1_53' title="bbox 1769 900 3375 974">
     <span class='ocr_line' id='line_1_53' title="bbox 1769 900 3375 974; baseline 0.001 -19"><span class='ocrx_word' id='word_1_411' title='bbox 1769 903 1851 959; x_wconf 89' lang='lat' dir='ltr'><strong>vit</strong></span> <span class='ocrx_word' id='word_1_412' title='bbox 1890 912 1951 971; x_wconf 81' lang='lat' dir='ltr'><strong>P;</strong></span> <span class='ocrx_word' id='word_1_413' title='bbox 1988 911 2044 959; x_wconf 88' lang='lat' dir='ltr'><strong>et</strong></span> <span class='ocrx_word' id='word_1_414' title='bbox 2078 904 2339 960; x_wconf 89' lang='lat' dir='ltr'><strong>universo</strong></span> <span class='ocrx_word' id='word_1_415' title='bbox 2374 906 2496 961; x_wconf 70' lang='lat' dir='ltr'><strong>vitae</strong></span> <span class='ocrx_word' id='word_1_416' title='bbox 2550 921 2665 960; x_wconf 66' lang='lat' dir='ltr'><strong>sua:</strong></span> <span class='ocrx_word' id='word_1_417' title='bbox 2704 914 2961 974; x_wconf 85' lang='lat' dir='ltr'><strong>tempore</strong></span> <span class='ocrx_word' id='word_1_418' title='bbox 2994 920 3116 959; x_wconf 91' lang='lat' dir='ltr'><strong>eum</strong></span> <span class='ocrx_word' id='word_1_419' title='bbox 3149 900 3375 958; x_wconf 60' lang='lat' dir='ltr'><strong>timuit.</strong></span> 
     </span>
    </p>
   </div>
   <div class='ocr_carea' id='block_1_54' title="bbox 1768 995 3358 1066">
    <p class='ocr_par' dir='ltr' id='par_1_54' title="bbox 1768 995 3358 1066">
     <span class='ocr_line' id='line_1_54' title="bbox 1768 995 3358 1066; baseline 0 -17"><span class='ocrx_word' id='word_1_420' title='bbox 1768 995 1836 1050; x_wconf 83' lang='lat' dir='ltr'><strong>Et</strong></span> <span class='ocrx_word' id='word_1_421' title='bbox 1858 1010 1969 1050; x_wconf 91' lang='lat' dir='ltr'><strong>non</strong></span> <span class='ocrx_word' id='word_1_422' title='bbox 2006 996 2186 1052; x_wconf 78' lang='lat' dir='ltr'><strong>solum</strong></span> <span class='ocrx_word' id='word_1_423' title='bbox 2221 997 2358 1061; x_wconf 72' lang='lat' dir='ltr'><strong>lucc,</strong></span> <span class='ocrx_word' id='word_1_424' title='bbox 2417 998 2514 1053; x_wconf 84' lang='lat' dir='ltr'><strong>sed</strong></span> <span class='ocrx_word' id='word_1_425' title='bbox 2547 1005 2671 1066; x_wconf 90' lang='lat' dir='ltr'><strong>post</strong></span> <span class='ocrx_word' id='word_1_426' title='bbox 2722 1004 2804 1051; x_wconf 89' lang='lat' dir='ltr'><strong>tot</strong></span> <span class='ocrx_word' id='word_1_427' title='bbox 2857 1011 3031 1049; x_wconf 88' lang='lat' dir='ltr'><strong>annos</strong></span> <span class='ocrx_word' id='word_1_428' title='bbox 3084 1003 3208 1065; x_wconf 90' lang='lat' dir='ltr'><strong>post</strong></span> <span class='ocrx_word' id='word_1_429' title='bbox 3241 995 3358 1050; x_wconf 80' lang='lat' dir='ltr'><strong>exi-</strong></span> 
     </span>
    </p>
   </div>
   <div class='ocr_carea' id='block_1_55' title="bbox 1769 1084 3357 1159">
    <p class='ocr_par' dir='ltr' id='par_1_55' title="bbox 1769 1084 3357 1159">
     <span class='ocr_line' id='line_1_55' title="bbox 1769 1084 3357 1159; baseline 0.001 -19"><span class='ocrx_word' id='word_1_430' title='bbox 1769 1092 1883 1140; x_wconf 84' lang='lat' dir='ltr'><strong>tum</strong></span> <span class='ocrx_word' id='word_1_431' title='bbox 1939 1084 2294 1143; x_wconf 61' lang='lat' dir='ltr'><strong>Hebraeorum</strong></span> <span class='ocrx_word' id='word_1_432' title='bbox 2347 1103 2415 1143; x_wconf 76' lang='lat' dir='ltr'><strong>ex</strong></span> <span class='ocrx_word' id='word_1_433' title='bbox 2444 1087 2704 1159; x_wconf 66' lang='lat' dir='ltr'><strong>Aigypto,</strong></span> <span class='ocrx_word' id='word_1_434' title='bbox 2754 1094 2942 1156; x_wconf 80' lang='lat' dir='ltr'><strong>aperte</strong></span> <span class='ocrx_word' id='word_1_435' title='bbox 2980 1086 3357 1158; x_wconf 74' lang='lat' dir='ltr'><strong>dixitIonses</strong></span> 
     </span>
    </p>
   </div>
   <div class='ocr_carea' id='block_1_56' title="bbox 1768 1178 3417 1256">
    <p class='ocr_par' dir='ltr' id='par_1_56' title="bbox 1768 1178 3417 1256">
     <span class='ocr_line' id='line_1_56' title="bbox 1768 1178 3417 1256; baseline 0.002 -26"><span class='ocrx_word' id='word_1_436' title='bbox 1768 1179 2004 1248; x_wconf 87' lang='lat' dir='ltr'><strong>principi</strong></span> <span class='ocrx_word' id='word_1_437' title='bbox 2065 1178 2302 1234; x_wconf 81' lang='lat' dir='ltr'><strong>ﬁliorum</strong></span> <span class='ocrx_word' id='word_1_438' title='bbox 2362 1178 2504 1235; x_wconf 86' lang='lat' dir='ltr'><strong>Esau</strong></span> <span class='ocrx_word' id='word_1_439' title='bbox 2542 1202 2554 1237; x_wconf 86' lang='lat'><strong>:</strong></span> <span class='ocrx_word' id='word_1_440' title='bbox 2598 1198 2616 1231; x_wconf 76' lang='grc' dir='ltr'><strong>ι</strong></span> <span class='ocrx_word' id='word_1_441' title='bbox 2661 1178 2886 1234; x_wconf 84' lang='lat' dir='ltr'><strong>Fratres</strong></span> <span class='ocrx_word' id='word_1_442' title='bbox 2918 1179 3085 1256; x_wconf 80' lang='lat' dir='ltr'><strong>vostri</strong></span> <span class='ocrx_word' id='word_1_443' title='bbox 3136 1194 3350 1241; x_wconf 86' lang='lat' dir='ltr'><strong>sumus,</strong></span> <span class='ocrx_word' id='word_1_444' title='bbox 3413 1215 3417 1220; x_wconf 86' lang='lat'><strong><em>-</em></strong></span> 
     </span>
    </p>
   </div>
   <div class='ocr_carea' id='block_1_57' title="bbox 1768 1268 3353 1338">
    <p class='ocr_par' dir='ltr' id='par_1_57' title="bbox 1768 1268 3353 1338">
     <span class='ocr_line' id='line_1_57' title="bbox 1768 1268 3353 1338; baseline -0.003 -15"><span class='ocrx_word' id='word_1_445' title='bbox 1768 1268 2079 1338; x_wconf 78' lang='lat' dir='ltr'><strong>signiﬁcato</strong></span> <span class='ocrx_word' id='word_1_446' title='bbox 2153 1269 2361 1332; x_wconf 89' lang='lat' dir='ltr'><strong>nobis,</strong></span> <span class='ocrx_word' id='word_1_447' title='bbox 2439 1279 2499 1322; x_wconf 91' lang='lat' dir='ltr'><strong>ut</strong></span> <span class='ocrx_word' id='word_1_448' title='bbox 2579 1278 2933 1324; x_wconf 89' lang='lat' dir='ltr'><strong>transeamus</strong></span> <span class='ocrx_word' id='word_1_449' title='bbox 2999 1284 3095 1336; x_wconf 83' lang='lat' dir='ltr'><strong>per</strong></span> <span class='ocrx_word' id='word_1_450' title='bbox 3151 1277 3353 1322; x_wconf 85' lang='lat' dir='ltr'><strong>terram</strong></span> 
     </span>
    </p>
   </div>
   <div class='ocr_carea' id='block_1_58' title="bbox 1767 1358 3356 1431">
    <p class='ocr_par' dir='ltr' id='par_1_58' title="bbox 1767 1358 3356 1431">
     <span class='ocr_line' id='line_1_58' title="bbox 1767 1358 3356 1431; baseline -0.001 -18"><span class='ocrx_word' id='word_1_451' title='bbox 1767 1367 2034 1424; x_wconf 80' lang='lat' dir='ltr'><strong>vestram,</strong></span> <span class='ocrx_word' id='word_1_452' title='bbox 2090 1360 2181 1415; x_wconf 86' lang='lat' dir='ltr'><strong>via</strong></span> <span class='ocrx_word' id='word_1_453' title='bbox 2213 1360 2363 1431; x_wconf 81' lang='lat' dir='ltr'><strong>regia</strong></span> <span class='ocrx_word' id='word_1_454' title='bbox 2400 1360 2752 1430; x_wconf 86' lang='lat' dir='ltr'><strong>gradiemur;</strong></span> <span class='ocrx_word' id='word_1_455' title='bbox 2790 1375 2901 1413; x_wconf 88' lang='lat' dir='ltr'><strong>non</strong></span> <span class='ocrx_word' id='word_1_456' title='bbox 2956 1358 3356 1414; x_wconf 86' lang='lat' dir='ltr'><strong>declinabimus</strong></span> 
     </span>
    </p>
   </div>
   <div class='ocr_carea' id='block_1_59' title="bbox 1768 1450 3356 1520">
    <p class='ocr_par' dir='ltr' id='par_1_59' title="bbox 1768 1450 3356 1520">
     <span class='ocr_line' id='line_1_59' title="bbox 1768 1450 3356 1520; baseline -0.002 -15"><span class='ocrx_word' id='word_1_457' title='bbox 1768 1466 1870 1506; x_wconf 91' lang='lat' dir='ltr'><strong>nec</strong></span> <span class='ocrx_word' id='word_1_458' title='bbox 1898 1450 1966 1505; x_wconf 89' lang='lat' dir='ltr'><strong>ad</strong></span> <span class='ocrx_word' id='word_1_459' title='bbox 1991 1452 2267 1517; x_wconf 80' lang='lat' dir='ltr'><strong>dextram,</strong></span> <span class='ocrx_word' id='word_1_460' title='bbox 2318 1467 2418 1506; x_wconf 90' lang='lat' dir='ltr'><strong>nec</strong></span> <span class='ocrx_word' id='word_1_461' title='bbox 2470 1451 2535 1506; x_wconf 87' lang='lat' dir='ltr'><strong>ad</strong></span> <span class='ocrx_word' id='word_1_462' title='bbox 2572 1451 2887 1517; x_wconf 87' lang='lat' dir='ltr'><strong>sinistram;</strong></span> <span class='ocrx_word' id='word_1_463' title='bbox 2923 1451 3018 1507; x_wconf 89' lang='lat' dir='ltr'><strong>sed</strong></span> <span class='ocrx_word' id='word_1_464' title='bbox 3066 1465 3262 1520; x_wconf 88' lang='lat' dir='ltr'><strong>panem</strong></span> <span class='ocrx_word' id='word_1_465' title='bbox 3302 1459 3356 1502; x_wconf 90' lang='lat' dir='ltr'><strong>et</strong></span> 
     </span>
    </p>
   </div>
   <div class='ocr_carea' id='block_1_60' title="bbox 1767 1542 3357 1614">
    <p class='ocr_par' dir='ltr' id='par_1_60' title="bbox 1767 1542 3357 1614">
     <span class='ocr_line' id='line_1_60' title="bbox 1767 1542 3357 1614; baseline -0.002 -16"><span class='ocrx_word' id='word_1_466' title='bbox 1767 1558 1967 1614; x_wconf 77' lang='lat' dir='ltr'><strong>aquam</strong></span> <span class='ocrx_word' id='word_1_467' title='bbox 1996 1545 2172 1611; x_wconf 82' lang='lat' dir='ltr'><strong>pretio</strong></span> <span class='ocrx_word' id='word_1_468' title='bbox 2187 1558 2458 1611; x_wconf 90' lang='lat' dir='ltr'><strong>ememus,</strong></span> <span class='ocrx_word' id='word_1_469' title='bbox 2493 1544 2672 1599; x_wconf 86' lang='lat' dir='ltr'><strong>donec</strong></span> <span class='ocrx_word' id='word_1_470' title='bbox 2711 1542 3103 1613; x_wconf 85' lang='lat' dir='ltr'><strong>perveniamus</strong></span> <span class='ocrx_word' id='word_1_471' title='bbox 3134 1543 3190 1597; x_wconf 88' lang='lat' dir='ltr'><strong>in</strong></span> <span class='ocrx_word' id='word_1_472' title='bbox 3245 1553 3357 1596; x_wconf 87' lang='lat' dir='ltr'><strong>tor-</strong></span> 
     </span>
    </p>
   </div>
   <div class='ocr_carea' id='block_1_61' title="bbox 1766 1633 3356 1707">
    <p class='ocr_par' dir='ltr' id='par_1_61' title="bbox 1766 1633 3356 1707">
     <span class='ocr_line' id='line_1_61' title="bbox 1766 1633 3356 1707; baseline -0.003 -16"><span class='ocrx_word' id='word_1_473' title='bbox 1766 1652 1889 1691; x_wconf 89' lang='lat' dir='ltr'><strong>ram</strong></span> <span class='ocrx_word' id='word_1_474' title='bbox 1919 1652 2081 1707; x_wconf 90' lang='lat' dir='ltr'><strong>quam</strong></span> <span class='ocrx_word' id='word_1_475' title='bbox 2110 1636 2260 1693; x_wconf 82' lang='lat' dir='ltr'><strong>dedit</strong></span> <span class='ocrx_word' id='word_1_476' title='bbox 2291 1638 2455 1694; x_wconf 85' lang='lat' dir='ltr'><strong>nobis</strong></span> <span class='ocrx_word' id='word_1_477' title='bbox 2485 1636 2630 1692; x_wconf 86' lang='lat' dir='ltr'><strong>Deus</strong></span> <span class='ocrx_word' id='word_1_478' title='bbox 2658 1646 2720 1702; x_wconf 58' lang='lat' dir='ltr'><strong>tt;</strong></span> <span class='ocrx_word' id='word_1_479' title='bbox 2758 1654 2776 1688; x_wconf 73' lang='grc' dir='ltr'>ι</span> <span class='ocrx_word' id='word_1_480' title='bbox 2809 1642 2864 1691; x_wconf 89' lang='lat' dir='ltr'><strong>et</strong></span> <span class='ocrx_word' id='word_1_481' title='bbox 2893 1638 3085 1690; x_wconf 82' lang='lat' dir='ltr'><strong>contra</strong></span> <span class='ocrx_word' id='word_1_482' title='bbox 3142 1633 3356 1704; x_wconf 81' lang='lat' dir='ltr'><strong>signiti-</strong></span> 
     </span>
    </p>
   </div>
   <div class='ocr_carea' id='block_1_62' title="bbox 1772 1727 3354 1796">
    <p class='ocr_par' dir='ltr' id='par_1_62' title="bbox 1772 1727 3354 1796">
     <span class='ocr_line' id='line_1_62' title="bbox 1772 1727 3354 1796; baseline -0.003 -13"><span class='ocrx_word' id='word_1_483' title='bbox 1772 1729 1918 1783; x_wconf 89' lang='lat' dir='ltr'><strong>cavit</strong></span> <span class='ocrx_word' id='word_1_484' title='bbox 1972 1730 2055 1783; x_wconf 91' lang='lat' dir='ltr'><strong>eis</strong></span> <span class='ocrx_word' id='word_1_485' title='bbox 2114 1728 2261 1783; x_wconf 89' lang='lat' dir='ltr'><strong>clare</strong></span> <span class='ocrx_word' id='word_1_486' title='bbox 2311 1728 2618 1796; x_wconf 89' lang='lat' dir='ltr'><strong>inquiens:</strong></span> <span class='ocrx_word' id='word_1_487' title='bbox 2674 1747 2694 1780; x_wconf 84' lang='grc' dir='ltr'>ι</span> <span class='ocrx_word' id='word_1_488' title='bbox 2728 1727 2969 1793; x_wconf 82' lang='lat' dir='ltr'><strong>Minime,</strong></span> <span class='ocrx_word' id='word_1_489' title='bbox 3032 1727 3119 1782; x_wconf 88' lang='lat' dir='ltr'><strong>sin</strong></span> <span class='ocrx_word' id='word_1_490' title='bbox 3174 1733 3354 1781; x_wconf 88' lang='lat' dir='ltr'><strong>autem</strong></span> 
     </span>
    </p>
   </div>
   <div class='ocr_carea' id='block_1_63' title="bbox 1772 1817 3356 1891">
    <p class='ocr_par' dir='ltr' id='par_1_63' title="bbox 1772 1817 3356 1891">
     <span class='ocr_line' id='line_1_63' title="bbox 1772 1817 3356 1891; baseline -0.003 -16"><span class='ocrx_word' id='word_1_491' title='bbox 1772 1819 2132 1881; x_wconf 79' lang='lat' dir='ltr'><strong>transieritis,</strong></span> <span class='ocrx_word' id='word_1_492' title='bbox 2181 1834 2246 1873; x_wconf 85' lang='lat' dir='ltr'><strong>ex</strong></span> <span class='ocrx_word' id='word_1_493' title='bbox 2298 1829 2443 1891; x_wconf 72' lang='lat' dir='ltr'><strong>terra</strong></span> <span class='ocrx_word' id='word_1_494' title='bbox 2478 1834 2597 1874; x_wconf 89' lang='lat' dir='ltr'><strong>mea</strong></span> <span class='ocrx_word' id='word_1_495' title='bbox 2629 1819 3001 1889; x_wconf 86' lang='lat' dir='ltr'><strong>egrediemur,</strong></span> <span class='ocrx_word' id='word_1_496' title='bbox 3037 1827 3093 1872; x_wconf 91' lang='lat' dir='ltr'><strong>et</strong></span> <span class='ocrx_word' id='word_1_497' title='bbox 3138 1817 3356 1871; x_wconf 88' lang='lat' dir='ltr'><strong>occide-</strong></span> 
     </span>
    </p>
   </div>
   <div class='ocr_carea' id='block_1_64' title="bbox 1772 1908 3356 1977">
    <p class='ocr_par' dir='ltr' id='par_1_64' title="bbox 1772 1908 3356 1977">
     <span class='ocr_line' id='line_1_64' title="bbox 1772 1908 3356 1977; baseline -0.002 -13"><span class='ocrx_word' id='word_1_498' title='bbox 1772 1927 1896 1965; x_wconf 91' lang='lat' dir='ltr'><strong>mus</strong></span> <span class='ocrx_word' id='word_1_499' title='bbox 1926 1924 2025 1966; x_wconf 89' lang='lat' dir='ltr'><strong>vos</strong></span> <span class='ocrx_word' id='word_1_500' title='bbox 2057 1920 2106 1965; x_wconf 83' lang='grc' dir='ltr'><strong>ι’.</strong></span> <span class='ocrx_word' id='word_1_501' title='bbox 2149 1928 2169 1961; x_wconf 73' lang='grc' dir='ltr'>ι</span> <span class='ocrx_word' id='word_1_502' title='bbox 2208 1910 2271 1964; x_wconf 82' lang='grc' dir='ltr'><strong>Ει</strong></span> <span class='ocrx_word' id='word_1_503' title='bbox 2302 1925 2413 1963; x_wconf 91' lang='lat' dir='ltr'><strong>non</strong></span> <span class='ocrx_word' id='word_1_504' title='bbox 2450 1909 2675 1963; x_wconf 86' lang='lat' dir='ltr'><strong>invertit</strong></span> <span class='ocrx_word' id='word_1_505' title='bbox 2706 1909 2812 1963; x_wconf 84' lang='lat' dir='ltr'><strong>hoc</strong></span> <span class='ocrx_word' id='word_1_506' title='bbox 2845 1908 3013 1974; x_wconf 87' lang='lat' dir='ltr'><strong>Deus,</strong></span> <span class='ocrx_word' id='word_1_507' title='bbox 3044 1908 3141 1963; x_wconf 89' lang='lat' dir='ltr'><strong>sed</strong></span> <span class='ocrx_word' id='word_1_508' title='bbox 3173 1909 3356 1977; x_wconf 87' lang='lat' dir='ltr'><strong>potius</strong></span> 
     </span>
    </p>
   </div>
   <div class='ocr_carea' id='block_1_65' title="bbox 1771 1997 3353 2069">
    <p class='ocr_par' dir='ltr' id='par_1_65' title="bbox 1771 1997 3353 2069">
     <span class='ocr_line' id='line_1_65' title="bbox 1771 1997 3353 2069; baseline -0.005 -13"><span class='ocrx_word' id='word_1_509' title='bbox 1771 2002 2122 2056; x_wconf 81' lang='lat' dir='ltr'><strong>continuavit</strong></span> <span class='ocrx_word' id='word_1_510' title='bbox 2159 2012 2214 2054; x_wconf 85' lang='lat' dir='ltr'><strong>et</strong></span> <span class='ocrx_word' id='word_1_511' title='bbox 2243 2000 2527 2055; x_wconf 87' lang='lat' dir='ltr'><strong>roboravit</strong></span> <span class='ocrx_word' id='word_1_512' title='bbox 2561 1999 2706 2055; x_wconf 88' lang='lat' dir='ltr'><strong>Deus</strong></span> <span class='ocrx_word' id='word_1_513' title='bbox 2738 1997 2996 2069; x_wconf 85' lang='lat' dir='ltr'><strong>inquiens</strong></span> <span class='ocrx_word' id='word_1_514' title='bbox 3025 2016 3038 2051; x_wconf 90' lang='lat'><strong>:</strong></span> <span class='ocrx_word' id='word_1_515' title='bbox 3068 2017 3088 2050; x_wconf 83' lang='grc' dir='ltr'>ι</span> <span class='ocrx_word' id='word_1_516' title='bbox 3125 1997 3353 2053; x_wconf 83' lang='lat' dir='ltr'><strong>Terram</strong></span> 
     </span>
    </p>
   </div>
   <div class='ocr_carea' id='block_1_66' title="bbox 1770 2076 3358 2160">
    <p class='ocr_par' dir='ltr' id='par_1_66' title="bbox 1770 2076 3358 2160">
     <span class='ocr_line' id='line_1_66' title="bbox 1770 2076 3358 2160; baseline -0.002 -14"><span class='ocrx_word' id='word_1_517' title='bbox 1770 2093 1913 2146; x_wconf 86' lang='lat' dir='ltr'><strong>hanc</strong></span> <span class='ocrx_word' id='word_1_518' title='bbox 1941 2090 2065 2145; x_wconf 88' lang='lat' dir='ltr'><strong>dedl</strong></span> <span class='ocrx_word' id='word_1_519' title='bbox 2098 2090 2266 2153; x_wconf 88' lang='lat' dir='ltr'><strong>Esau,</strong></span> <span class='ocrx_word' id='word_1_520' title='bbox 2299 2106 2368 2145; x_wconf 87' lang='lat' dir='ltr'><strong>ne</strong></span> <span class='ocrx_word' id='word_1_521' title='bbox 2395 2076 2853 2160; x_wconf 87' lang='lat' dir='ltr'><strong>appropinquetis</strong></span> <span class='ocrx_word' id='word_1_522' title='bbox 2877 2090 2926 2145; x_wconf 93' lang='lat' dir='ltr'><strong>ei</strong></span> <span class='ocrx_word' id='word_1_523' title='bbox 2953 2101 3000 2155; x_wconf 77' lang='grc' dir='ltr'>ι,</span> <span class='ocrx_word' id='word_1_524' title='bbox 3049 2108 3069 2141; x_wconf 71' lang='grc' dir='ltr'>ι</span> <span class='ocrx_word' id='word_1_525' title='bbox 3122 2097 3178 2144; x_wconf 85' lang='lat' dir='ltr'><strong>et</strong></span> <span class='ocrx_word' id='word_1_526' title='bbox 3234 2104 3358 2159; x_wconf 79' lang='lat' dir='ltr'><strong>quae</strong></span> 
     </span>
    </p>
   </div>
   <div class='ocr_carea' id='block_1_67' title="bbox 1773 2164 3360 2254">
    <p class='ocr_par' dir='ltr' id='par_1_67' title="bbox 1773 2164 3360 2254">
     <span class='ocr_line' id='line_1_67' title="bbox 1773 2164 3360 2254; baseline -0.002 -15"><span class='ocrx_word' id='word_1_527' title='bbox 1773 2164 2105 2254; x_wconf 77' lang='lat' dir='ltr'><strong>sequuntur.</strong></span> <span class='ocrx_word' id='word_1_528' title='bbox 2167 2180 2273 2237; x_wconf 88' lang='lat' dir='ltr'><strong>Ubi</strong></span> <span class='ocrx_word' id='word_1_529' title='bbox 2321 2182 2491 2251; x_wconf 84' lang='lat' dir='ltr'><strong>igitur</strong></span> <span class='ocrx_word' id='word_1_530' title='bbox 2535 2182 2785 2252; x_wconf 84' lang='lat' dir='ltr'><strong>implevit</strong></span> <span class='ocrx_word' id='word_1_531' title='bbox 2818 2180 2960 2237; x_wconf 85' lang='lat' dir='ltr'><strong>Deus</strong></span> <span class='ocrx_word' id='word_1_532' title='bbox 2987 2195 3109 2252; x_wconf 75' lang='lat' dir='ltr'><strong>quae</strong></span> <span class='ocrx_word' id='word_1_533' title='bbox 3146 2181 3360 2237; x_wconf 78' lang='lat' dir='ltr'><strong>dixerat</strong></span> 
     </span>
    </p>
   </div>
   <div class='ocr_carea' id='block_1_68' title="bbox 1774 2268 3355 2349">
    <p class='ocr_par' dir='ltr' id='par_1_68' title="bbox 1774 2268 3355 2349">
     <span class='ocr_line' id='line_1_68' title="bbox 1774 2268 3355 2349; baseline 0.003 -27"><span class='ocrx_word' id='word_1_534' title='bbox 1774 2270 1877 2340; x_wconf 88' lang='lat' dir='ltr'><strong>ipsi</strong></span> <span class='ocrx_word' id='word_1_535' title='bbox 1906 2268 2125 2326; x_wconf 73' lang='lat' dir='ltr'><strong>Jacob’:</strong></span> <span class='ocrx_word' id='word_1_536' title='bbox 2162 2288 2181 2323; x_wconf 83' lang='grc' dir='ltr'>ι</span> <span class='ocrx_word' id='word_1_537' title='bbox 2212 2271 2335 2326; x_wconf 85' lang='lat' dir='ltr'><strong>Filii</strong></span> <span class='ocrx_word' id='word_1_538' title='bbox 2372 2272 2548 2349; x_wconf 84' lang='lat' dir='ltr'><strong>patris</strong></span> <span class='ocrx_word' id='word_1_539' title='bbox 2578 2272 2655 2325; x_wconf 93' lang='lat' dir='ltr'><strong>tui</strong></span> <span class='ocrx_word' id='word_1_540' title='bbox 2709 2270 3023 2327; x_wconf 89' lang='lat' dir='ltr'><strong>adorabunt</strong></span> <span class='ocrx_word' id='word_1_541' title='bbox 3053 2279 3140 2337; x_wconf 90' lang='lat' dir='ltr'><strong>te;</strong></span> <span class='ocrx_word' id='word_1_542' title='bbox 3172 2279 3227 2326; x_wconf 82' lang='lat' dir='ltr'><strong>et</strong></span> <span class='ocrx_word' id='word_1_543' title='bbox 3257 2279 3315 2326; x_wconf 90' lang='lat' dir='ltr'><strong>tu</strong></span> <span class='ocrx_word' id='word_1_544' title='bbox 3338 2310 3355 2336; x_wconf 92' lang='lat'><strong>,</strong></span> 
     </span>
    </p>
   </div>
   <div class='ocr_carea' id='block_1_69' title="bbox 1772 2365 3359 2436">
    <p class='ocr_par' dir='ltr' id='par_1_69' title="bbox 1772 2365 3359 2436">
     <span class='ocr_line' id='line_1_69' title="bbox 1772 2365 3359 2436; baseline 0.001 -17"><span class='ocrx_word' id='word_1_545' title='bbox 1772 2372 1827 2419; x_wconf 90' lang='lat' dir='ltr'><strong>et</strong></span> <span class='ocrx_word' id='word_1_546' title='bbox 1854 2378 2041 2420; x_wconf 87' lang='lat' dir='ltr'><strong>semen</strong></span> <span class='ocrx_word' id='word_1_547' title='bbox 2094 2372 2249 2419; x_wconf 91' lang='lat' dir='ltr'><strong>tuum</strong></span> <span class='ocrx_word' id='word_1_548' title='bbox 2300 2365 2671 2421; x_wconf 89' lang='lat' dir='ltr'><strong>dominaberis</strong></span> <span class='ocrx_word' id='word_1_549' title='bbox 2698 2365 2815 2430; x_wconf 87' lang='lat' dir='ltr'><strong>eis;</strong></span> <span class='ocrx_word' id='word_1_550' title='bbox 2850 2384 2869 2418; x_wconf 77' lang='grc' dir='ltr'><strong>ι</strong></span> <span class='ocrx_word' id='word_1_551' title='bbox 2912 2374 2969 2421; x_wconf 88' lang='lat' dir='ltr'><strong>et</strong></span> <span class='ocrx_word' id='word_1_552' title='bbox 3016 2366 3122 2420; x_wconf 87' lang='lat' dir='ltr'><strong>alia</strong></span> <span class='ocrx_word' id='word_1_553' title='bbox 3173 2365 3359 2436; x_wconf 82' lang='lat' dir='ltr'><strong>hujus-</strong></span> 
     </span>
    </p>
   </div>
   <div class='ocr_carea' id='block_1_70' title="bbox 1774 2454 3361 2528">
    <p class='ocr_par' dir='ltr' id='par_1_70' title="bbox 1774 2454 3361 2528">
     <span class='ocr_line' id='line_1_70' title="bbox 1774 2454 3361 2528; baseline 0.001 -19"><span class='ocrx_word' id='word_1_554' title='bbox 1774 2455 1967 2509; x_wconf 85' lang='lat' dir='ltr'><strong>modi?</strong></span> <span class='ocrx_word' id='word_1_555' title='bbox 2014 2455 2205 2520; x_wconf 77' lang='lat' dir='ltr'><strong>Vides,</strong></span> <span class='ocrx_word' id='word_1_556' title='bbox 2230 2454 2441 2520; x_wconf 78' lang='lat' dir='ltr'><strong>Iudaee,</strong></span> <span class='ocrx_word' id='word_1_557' title='bbox 2478 2456 2628 2527; x_wconf 90' lang='lat' dir='ltr'><strong>quod</strong></span> <span class='ocrx_word' id='word_1_558' title='bbox 2661 2457 2868 2527; x_wconf 90' lang='lat' dir='ltr'><strong>ubique</strong></span> <span class='ocrx_word' id='word_1_559' title='bbox 2903 2456 3098 2521; x_wconf 88' lang='lat' dir='ltr'><strong>Deum,</strong></span> <span class='ocrx_word' id='word_1_560' title='bbox 3138 2468 3361 2528; x_wconf 88' lang='lat' dir='ltr'><strong>propter</strong></span> 
     </span>
    </p>
   </div>
   <div class='ocr_carea' id='block_1_71' title="bbox 1772 2547 3359 2619">
    <p class='ocr_par' dir='ltr' id='par_1_71' title="bbox 1772 2547 3359 2619">
     <span class='ocr_line' id='line_1_71' title="bbox 1772 2547 3359 2619; baseline 0.001 -19"><span class='ocrx_word' id='word_1_561' title='bbox 1772 2561 2003 2617; x_wconf 83' lang='lat' dir='ltr'><strong>pravam</strong></span> <span class='ocrx_word' id='word_1_562' title='bbox 2042 2547 2555 2619; x_wconf 89' lang='lat' dir='ltr'><strong>interpretationem</strong></span> <span class='ocrx_word' id='word_1_563' title='bbox 2614 2558 2670 2604; x_wconf 89' lang='lat' dir='ltr'><strong>et</strong></span> <span class='ocrx_word' id='word_1_564' title='bbox 2718 2549 3138 2619; x_wconf 82' lang='lat' dir='ltr'><strong>intelligentiam</strong></span> <span class='ocrx_word' id='word_1_565' title='bbox 3204 2548 3359 2602; x_wconf 86' lang='lat' dir='ltr'><strong>Srri-</strong></span> 
     </span>
    </p>
   </div>
   <div class='ocr_carea' id='block_1_72' title="bbox 1767 2639 3361 2709">
    <p class='ocr_par' dir='ltr' id='par_1_72' title="bbox 1767 2639 3361 2709">
     <span class='ocr_line' id='line_1_72' title="bbox 1767 2639 3361 2709; baseline 0.001 -16"><span class='ocrx_word' id='word_1_566' title='bbox 1767 2646 1963 2708; x_wconf 86' lang='lat' dir='ltr'><strong>pturae,</strong></span> <span class='ocrx_word' id='word_1_567' title='bbox 1992 2640 2313 2695; x_wconf 84' lang='lat' dir='ltr'><strong>mendacem</strong></span> <span class='ocrx_word' id='word_1_568' title='bbox 2353 2641 2533 2696; x_wconf 77' lang='lat' dir='ltr'><strong>facis?</strong></span> <span class='ocrx_word' id='word_1_569' title='bbox 2560 2639 2753 2695; x_wconf 88' lang='lat' dir='ltr'><strong>Nonne</strong></span> <span class='ocrx_word' id='word_1_570' title='bbox 2779 2655 2906 2695; x_wconf 89' lang='lat' dir='ltr'><strong>cum</strong></span> <span class='ocrx_word' id='word_1_571' title='bbox 2933 2639 3074 2695; x_wconf 90' lang='lat' dir='ltr'><strong>Deus</strong></span> <span class='ocrx_word' id='word_1_572' title='bbox 3105 2642 3361 2709; x_wconf 83' lang='lat' dir='ltr'><strong>apparuit</strong></span> 
     </span>
    </p>
   </div>
   <div class='ocr_carea' id='block_1_73' title="bbox 1772 2728 3363 2801">
    <p class='ocr_par' dir='ltr' id='par_1_73' title="bbox 1772 2728 3363 2801">
     <span class='ocr_line' id='line_1_73' title="bbox 1772 2728 3363 2801; baseline 0.003 -19"><span class='ocrx_word' id='word_1_573' title='bbox 1772 2728 1944 2785; x_wconf 79' lang='lat' dir='ltr'><strong>Iacob</strong></span> <span class='ocrx_word' id='word_1_574' title='bbox 1965 2738 2020 2785; x_wconf 90' lang='lat' dir='ltr'><strong>et</strong></span> <span class='ocrx_word' id='word_1_575' title='bbox 2049 2745 2174 2786; x_wconf 92' lang='lat' dir='ltr'><strong>cum</strong></span> <span class='ocrx_word' id='word_1_576' title='bbox 2198 2746 2266 2785; x_wconf 89' lang='lat' dir='ltr'><strong>eo</strong></span> <span class='ocrx_word' id='word_1_577' title='bbox 2301 2732 2645 2796; x_wconf 86' lang='lat' dir='ltr'><strong>luctabatur,</strong></span> <span class='ocrx_word' id='word_1_578' title='bbox 2679 2731 2822 2786; x_wconf 83' lang='lat' dir='ltr'><strong>dixit</strong></span> <span class='ocrx_word' id='word_1_579' title='bbox 2852 2750 2864 2785; x_wconf 90' lang='lat'>:</span> <span class='ocrx_word' id='word_1_580' title='bbox 2904 2750 2924 2783; x_wconf 85' lang='grc'><em>‹</em></span> <span class='ocrx_word' id='word_1_581' title='bbox 2958 2729 3077 2785; x_wconf 83' lang='lat' dir='ltr'><strong>Iam</strong></span> <span class='ocrx_word' id='word_1_582' title='bbox 3100 2732 3363 2801; x_wconf 86' lang='lat' dir='ltr'><strong>deinceps</strong></span> 
     </span>
    </p>
   </div>
   <div class='ocr_carea' id='block_1_74' title="bbox 1776 2822 3360 2892">
    <p class='ocr_par' dir='ltr' id='par_1_74' title="bbox 1776 2822 3360 2892">
     <span class='ocr_line' id='line_1_74' title="bbox 1776 2822 3360 2892; baseline 0.002 -18"><span class='ocrx_word' id='word_1_583' title='bbox 1776 2834 1884 2875; x_wconf 91' lang='lat' dir='ltr'><strong>non</strong></span> <span class='ocrx_word' id='word_1_584' title='bbox 1915 2822 2154 2892; x_wconf 86' lang='lat' dir='ltr'><strong>amplius</strong></span> <span class='ocrx_word' id='word_1_585' title='bbox 2203 2823 2490 2878; x_wconf 80' lang='lat' dir='ltr'><strong>vocabitur</strong></span> <span class='ocrx_word' id='word_1_586' title='bbox 2542 2838 2741 2877; x_wconf 88' lang='lat' dir='ltr'><strong>nomen</strong></span> <span class='ocrx_word' id='word_1_587' title='bbox 2802 2833 2958 2878; x_wconf 89' lang='lat' dir='ltr'><strong>tuum</strong></span> <span class='ocrx_word' id='word_1_588' title='bbox 3007 2822 3198 2889; x_wconf 80' lang='lat' dir='ltr'><strong>Iacob,</strong></span> <span class='ocrx_word' id='word_1_589' title='bbox 3260 2823 3360 2879; x_wconf 85' lang='lat' dir='ltr'><strong>sed</strong></span> 
     </span>
    </p>
   </div>
   <div class='ocr_carea' id='block_1_75' title="bbox 1775 2906 3358 2982">
    <p class='ocr_par' dir='ltr' id='par_1_75' title="bbox 1775 2906 3358 2982">
     <span class='ocr_line' id='line_1_75' title="bbox 1775 2906 3358 2982; baseline 0.003 -22"><span class='ocrx_word' id='word_1_590' title='bbox 1775 2906 1942 2965; x_wconf 88' lang='lat' dir='ltr'><strong>Israel</strong></span> <span class='ocrx_word' id='word_1_591' title='bbox 1971 2909 2022 2962; x_wconf 65' lang='grc'><strong>³2</strong></span> <span class='ocrx_word' id='word_1_592' title='bbox 2060 2927 2079 2961; x_wconf 77' lang='grc' dir='ltr'>ι</span> <span class='ocrx_word' id='word_1_593' title='bbox 2121 2918 2176 2965; x_wconf 90' lang='lat' dir='ltr'><strong>et</strong></span> <span class='ocrx_word' id='word_1_594' title='bbox 2207 2917 2390 2965; x_wconf 88' lang='lat' dir='ltr'><strong>tamen</strong></span> <span class='ocrx_word' id='word_1_595' title='bbox 2432 2910 2636 2965; x_wconf 87' lang='lat' dir='ltr'><strong>millies</strong></span> <span class='ocrx_word' id='word_1_596' title='bbox 2667 2919 2723 2965; x_wconf 88' lang='lat' dir='ltr'><strong>et</strong></span> <span class='ocrx_word' id='word_1_597' title='bbox 2752 2910 2921 2977; x_wconf 87' lang='lat' dir='ltr'><strong>Deus,</strong></span> <span class='ocrx_word' id='word_1_598' title='bbox 2956 2920 3011 2966; x_wconf 91' lang='lat' dir='ltr'><strong>et</strong></span> <span class='ocrx_word' id='word_1_599' title='bbox 3046 2910 3358 2982; x_wconf 82' lang='lat' dir='ltr'><strong>Scriptura,</strong></span> 
     </span>
    </p>
   </div>
   <div class='ocr_carea' id='block_1_76' title="bbox 1774 3001 3360 3075">
    <p class='ocr_par' dir='ltr' id='par_1_76' title="bbox 1774 3001 3360 3075">
     <span class='ocr_line' id='line_1_76' title="bbox 1774 3001 3360 3075; baseline 0 -17"><span class='ocrx_word' id='word_1_600' title='bbox 1774 3009 1828 3058; x_wconf 91' lang='lat' dir='ltr'><strong>et</strong></span> <span class='ocrx_word' id='word_1_601' title='bbox 1858 3001 2091 3073; x_wconf 88' lang='lat' dir='ltr'><strong>ipsemet</strong></span> <span class='ocrx_word' id='word_1_602' title='bbox 2122 3018 2182 3058; x_wconf 90' lang='lat' dir='ltr'><strong>se</strong></span> <span class='ocrx_word' id='word_1_603' title='bbox 2212 3003 2389 3072; x_wconf 84' lang='lat' dir='ltr'><strong>ipsum</strong></span> <span class='ocrx_word' id='word_1_604' title='bbox 2419 3004 2726 3059; x_wconf 88' lang='lat' dir='ltr'><strong>nominavit</strong></span> <span class='ocrx_word' id='word_1_605' title='bbox 2756 3003 2950 3059; x_wconf 78' lang='lat' dir='ltr'><strong>Iacob.</strong></span> <span class='ocrx_word' id='word_1_606' title='bbox 2982 3003 3122 3072; x_wconf 87' lang='lat' dir='ltr'><strong>Quid</strong></span> <span class='ocrx_word' id='word_1_607' title='bbox 3156 3004 3360 3075; x_wconf 81' lang='lat' dir='ltr'><strong>igitur?</strong></span> 
     </span>
    </p>
   </div>
   <div class='ocr_carea' id='block_1_77' title="bbox 1776 3093 3361 3165">
    <p class='ocr_par' dir='ltr' id='par_1_77' title="bbox 1776 3093 3361 3165">
     <span class='ocr_line' id='line_1_77' title="bbox 1776 3093 3361 3165; baseline 0.003 -18"><span class='ocrx_word' id='word_1_608' title='bbox 1776 3108 1959 3148; x_wconf 85' lang='lat' dir='ltr'><strong>annon</strong></span> <span class='ocrx_word' id='word_1_609' title='bbox 1990 3093 2347 3159; x_wconf 89' lang='lat' dir='ltr'><strong>deciderunt,</strong></span> <span class='ocrx_word' id='word_1_610' title='bbox 2385 3104 2549 3165; x_wconf 90' lang='lat' dir='ltr'><strong>atque</strong></span> <span class='ocrx_word' id='word_1_611' title='bbox 2588 3096 2660 3150; x_wconf 87' lang='lat' dir='ltr'><strong>ita</strong></span> <span class='ocrx_word' id='word_1_612' title='bbox 2717 3095 2923 3149; x_wconf 77' lang='lat' dir='ltr'><strong>inﬁrmi</strong></span> <span class='ocrx_word' id='word_1_613' title='bbox 2981 3106 3034 3151; x_wconf 86' lang='lat' dir='ltr'><strong>et</strong></span> <span class='ocrx_word' id='word_1_614' title='bbox 3070 3095 3361 3151; x_wconf 84' lang='lat' dir='ltr'><strong>instabiles</strong></span> 
     </span>
    </p>
   </div>
   <div class='ocr_carea' id='block_1_78' title="bbox 1777 3184 3157 3240">
    <p class='ocr_par' dir='ltr' id='par_1_78' title="bbox 1777 3184 3157 3240">
     <span class='ocr_line' id='line_1_78' title="bbox 1777 3184 3157 3240; baseline 0.001 -2"><span class='ocrx_word' id='word_1_615' title='bbox 1777 3184 1908 3238; x_wconf 84' lang='lat' dir='ltr'><strong>facti</strong></span> <span class='ocrx_word' id='word_1_616' title='bbox 1938 3192 2070 3239; x_wconf 88' lang='lat' dir='ltr'><strong>sunt</strong></span> <span class='ocrx_word' id='word_1_617' title='bbox 2098 3200 2387 3240; x_wconf 87' lang='lat' dir='ltr'><strong>sermones</strong></span> <span class='ocrx_word' id='word_1_618' title='bbox 2424 3185 2556 3239; x_wconf 88' lang='lat' dir='ltr'><strong>Dei?</strong></span> <span class='ocrx_word' id='word_1_619' title='bbox 3152 3196 3157 3201; x_wconf 79' lang='lat'><strong>‘</strong></span> 
     </span>
    </p>
   </div>
   <div class='ocr_carea' id='block_1_79' title="bbox 1846 3356 3363 3432">
    <p class='ocr_par' dir='ltr' id='par_1_79' title="bbox 1846 3356 3363 3432">
     <span class='ocr_line' id='line_1_79' title="bbox 1846 3356 3363 3432; baseline 0 -17"><span class='ocrx_word' id='word_1_620' title='bbox 1846 3362 1909 3416; x_wconf 88' lang='grc' dir='ltr'><strong>Β.</strong></span> <span class='ocrx_word' id='word_1_621' title='bbox 1934 3363 2002 3416; x_wconf 85' lang='lat' dir='ltr'><strong>At</strong></span> <span class='ocrx_word' id='word_1_622' title='bbox 2028 3376 2151 3432; x_wconf 85' lang='lat' dir='ltr'><strong>ego,</strong></span> <span class='ocrx_word' id='word_1_623' title='bbox 2187 3360 2393 3430; x_wconf 90' lang='lat' dir='ltr'><strong>inquit,</strong></span> <span class='ocrx_word' id='word_1_624' title='bbox 2423 3373 2547 3414; x_wconf 86' lang='lat' dir='ltr'><strong>sum</strong></span> <span class='ocrx_word' id='word_1_625' title='bbox 2579 3357 2724 3413; x_wconf 84' lang='lat' dir='ltr'><strong>ﬁlius</strong></span> <span class='ocrx_word' id='word_1_626' title='bbox 2761 3356 2961 3425; x_wconf 82' lang='lat' dir='ltr'><strong>Israel;</strong></span> <span class='ocrx_word' id='word_1_627' title='bbox 2990 3367 3046 3414; x_wconf 89' lang='lat' dir='ltr'><strong>et</strong></span> <span class='ocrx_word' id='word_1_628' title='bbox 3069 3358 3200 3413; x_wconf 85' lang='lat' dir='ltr'><strong>mihi</strong></span> <span class='ocrx_word' id='word_1_629' title='bbox 3235 3372 3363 3430; x_wconf 87' lang='lat' dir='ltr'><strong>pro-</strong></span> 
     </span>
    </p>
   </div>
   <div class='ocr_carea' id='block_1_80' title="bbox 1776 3452 2439 3510">
    <p class='ocr_par' dir='ltr' id='par_1_80' title="bbox 1776 3452 2439 3510">
     <span class='ocr_line' id='line_1_80' title="bbox 1776 3452 2439 3510; baseline -0.009 0"><span class='ocrx_word' id='word_1_630' title='bbox 1776 3454 2072 3510; x_wconf 89' lang='lat' dir='ltr'><strong>missiones</strong></span> <span class='ocrx_word' id='word_1_631' title='bbox 2105 3452 2264 3507; x_wconf 81' lang='lat' dir='ltr'><strong>factae</strong></span> <span class='ocrx_word' id='word_1_632' title='bbox 2287 3459 2439 3506; x_wconf 92' lang='lat' dir='ltr'><strong>sunt.</strong></span> 
     </span>
    </p>
   </div>
   <div class='ocr_carea' id='block_1_81' title="bbox 1845 3540 3363 3614">
    <p class='ocr_par' dir='ltr' id='par_1_81' title="bbox 1845 3540 3363 3614">
     <span class='ocr_line' id='line_1_81' title="bbox 1845 3540 3363 3614; baseline -0.003 -14"><span class='ocrx_word' id='word_1_633' title='bbox 1845 3548 1913 3603; x_wconf 86' lang='lat' dir='ltr'><strong>A.</strong></span> <span class='ocrx_word' id='word_1_634' title='bbox 1964 3545 2219 3611; x_wconf 81' lang='lat' dir='ltr'><strong>Minime;</strong></span> <span class='ocrx_word' id='word_1_635' title='bbox 2251 3544 2362 3597; x_wconf 91' lang='lat' dir='ltr'><strong>imo</strong></span> <span class='ocrx_word' id='word_1_636' title='bbox 2388 3557 2490 3614; x_wconf 72' lang='lat' dir='ltr'><strong>ego</strong></span> <span class='ocrx_word' id='word_1_637' title='bbox 2521 3557 2642 3598; x_wconf 88' lang='lat' dir='ltr'><strong>sum</strong></span> <span class='ocrx_word' id='word_1_638' title='bbox 2676 3543 2825 3599; x_wconf 75' lang='lat' dir='ltr'><strong>illius</strong></span> <span class='ocrx_word' id='word_1_639' title='bbox 2849 3541 3042 3599; x_wconf 90' lang='lat' dir='ltr'><strong>Israel.</strong></span> <span class='ocrx_word' id='word_1_640' title='bbox 3070 3540 3189 3608; x_wconf 86' lang='lat' dir='ltr'><strong>Qua</strong></span> <span class='ocrx_word' id='word_1_641' title='bbox 3216 3541 3363 3597; x_wconf 86' lang='lat' dir='ltr'><strong>enim</strong></span> 
     </span>
    </p>
   </div>
   <div class='ocr_carea' id='block_1_82' title="bbox 1777 3629 3364 3704">
    <p class='ocr_par' dir='ltr' id='par_1_82' title="bbox 1777 3629 3364 3704">
     <span class='ocr_line' id='line_1_82' title="bbox 1777 3629 3364 3704; baseline -0.006 -9"><span class='ocrx_word' id='word_1_642' title='bbox 1777 3653 1838 3695; x_wconf 85' lang='lat' dir='ltr'><strong>re</strong></span> <span class='ocrx_word' id='word_1_643' title='bbox 1872 3637 1942 3692; x_wconf 91' lang='lat' dir='ltr'><strong>de</strong></span> <span class='ocrx_word' id='word_1_644' title='bbox 1966 3636 2134 3690; x_wconf 88' lang='lat' dir='ltr'><strong>Israel</strong></span> <span class='ocrx_word' id='word_1_645' title='bbox 2167 3643 2224 3689; x_wconf 93' lang='lat' dir='ltr'><strong>tu</strong></span> <span class='ocrx_word' id='word_1_646' title='bbox 2260 3633 2558 3704; x_wconf 86' lang='lat' dir='ltr'><strong>gloriaris?</strong></span> <span class='ocrx_word' id='word_1_647' title='bbox 2598 3633 2747 3702; x_wconf 84' lang='lat' dir='ltr'><strong>quod</strong></span> <span class='ocrx_word' id='word_1_648' title='bbox 2782 3632 2887 3687; x_wconf 82' lang='lat' dir='ltr'><strong>fuit</strong></span> <span class='ocrx_word' id='word_1_649' title='bbox 2915 3630 3120 3701; x_wconf 89' lang='lat' dir='ltr'><strong>capillo</strong></span> <span class='ocrx_word' id='word_1_650' title='bbox 3153 3629 3364 3701; x_wconf 84' lang='lat' dir='ltr'><strong>crispo,</strong></span> 
     </span>
    </p>
   </div>
   <div class='ocr_carea' id='block_1_83' title="bbox 1774 3720 3366 3793">
    <p class='ocr_par' dir='ltr' id='par_1_83' title="bbox 1774 3720 3366 3793">
     <span class='ocr_line' id='line_1_83' title="bbox 1774 3720 3366 3793; baseline -0.006 -10"><span class='ocrx_word' id='word_1_651' title='bbox 1774 3727 1860 3784; x_wconf 85' lang='lat' dir='ltr'><strong>vel</strong></span> <span class='ocrx_word' id='word_1_652' title='bbox 1883 3725 2123 3780; x_wconf 79' lang='lat' dir='ltr'><strong>maxime</strong></span> <span class='ocrx_word' id='word_1_653' title='bbox 2146 3738 2381 3793; x_wconf 89' lang='lat' dir='ltr'><strong>corpore</strong></span> <span class='ocrx_word' id='word_1_654' title='bbox 2397 3738 2511 3793; x_wconf 63' lang='lat' dir='ltr'><strong>prae</strong></span> <span class='ocrx_word' id='word_1_655' title='bbox 2528 3724 2675 3790; x_wconf 88' lang='lat' dir='ltr'><strong>aliis,</strong></span> <span class='ocrx_word' id='word_1_656' title='bbox 2700 3723 2783 3777; x_wconf 86' lang='lat' dir='ltr'><strong>vel</strong></span> <span class='ocrx_word' id='word_1_657' title='bbox 2809 3722 3255 3787; x_wconf 87' lang='lat' dir='ltr'><strong>robustissimus,</strong></span> <span class='ocrx_word' id='word_1_658' title='bbox 3280 3720 3366 3776; x_wconf 86' lang='lat' dir='ltr'><strong>vel</strong></span> 
     </span>
    </p>
   </div>
   <div class='ocr_carea' id='block_1_84' title="bbox 1775 3817 2275 3877">
    <p class='ocr_par' dir='ltr' id='par_1_84' title="bbox 1775 3817 2275 3877">
     <span class='ocr_line' id='line_1_84' title="bbox 1775 3817 2275 3877; baseline -0.016 0"><span class='ocrx_word' id='word_1_659' title='bbox 1775 3818 2038 3877; x_wconf 81' lang='lat' dir='ltr'><strong>dissimili</strong></span> <span class='ocrx_word' id='word_1_660' title='bbox 2064 3817 2275 3872; x_wconf 81' lang='lat' dir='ltr'><strong>forma?</strong></span> 
     </span>
    </p>
   </div>
   <div class='ocr_carea' id='block_1_85' title="bbox 1819 3903 3187 3976">
    <p class='ocr_par' dir='ltr' id='par_1_85' title="bbox 1819 3903 3187 3976">
     <span class='ocr_line' id='line_1_85' title="bbox 1819 3903 3187 3976; baseline -0.005 -11"><span class='ocrx_word' id='word_1_661' title='bbox 1819 3910 1910 3976; x_wconf 46' lang='lat' dir='ltr'><strong>,B.</strong></span> <span class='ocrx_word' id='word_1_662' title='bbox 1952 3909 2218 3975; x_wconf 83' lang='lat' dir='ltr'><strong>Minime;</strong></span> <span class='ocrx_word' id='word_1_663' title='bbox 2262 3907 2358 3963; x_wconf 90' lang='lat' dir='ltr'><strong>sed</strong></span> <span class='ocrx_word' id='word_1_664' title='bbox 2399 3906 2529 3976; x_wconf 89' lang='lat' dir='ltr'><strong>quia</strong></span> <span class='ocrx_word' id='word_1_665' title='bbox 2570 3913 2688 3959; x_wconf 85' lang='lat' dir='ltr'><strong>erat</strong></span> <span class='ocrx_word' id='word_1_666' title='bbox 2730 3905 2856 3974; x_wconf 89' lang='lat' dir='ltr'><strong>pius</strong></span> <span class='ocrx_word' id='word_1_667' title='bbox 2894 3905 2950 3958; x_wconf 95' lang='lat' dir='ltr'><strong>in</strong></span> <span class='ocrx_word' id='word_1_668' title='bbox 2994 3903 3187 3958; x_wconf 90' lang='lat' dir='ltr'><strong>Deum.</strong></span> 
     </span>
    </p>
   </div>
   <div class='ocr_carea' id='block_1_86' title="bbox 1845 3994 3366 4070">
    <p class='ocr_par' dir='ltr' id='par_1_86' title="bbox 1845 3994 3366 4070">
     <span class='ocr_line' id='line_1_86' title="bbox 1845 3994 3366 4070; baseline -0.006 -15"><span class='ocrx_word' id='word_1_669' title='bbox 1845 4004 1911 4055; x_wconf 80' lang='grc' dir='ltr'><strong>Α.</strong></span> <span class='ocrx_word' id='word_1_670' title='bbox 1946 3999 2142 4056; x_wconf 88' lang='lat' dir='ltr'><strong>Omnis</strong></span> <span class='ocrx_word' id='word_1_671' title='bbox 2183 4000 2352 4070; x_wconf 84' lang='lat' dir='ltr'><strong>igitur</strong></span> <span class='ocrx_word' id='word_1_672' title='bbox 2385 3998 2566 4053; x_wconf 89' lang='lat' dir='ltr'><strong>cultor</strong></span> <span class='ocrx_word' id='word_1_673' title='bbox 2613 3995 2728 4061; x_wconf 88' lang='lat' dir='ltr'><strong>Dei,</strong></span> <span class='ocrx_word' id='word_1_674' title='bbox 2780 4005 2835 4049; x_wconf 90' lang='lat' dir='ltr'><strong>et</strong></span> <span class='ocrx_word' id='word_1_675' title='bbox 2884 3994 2994 4050; x_wconf 90' lang='lat' dir='ltr'><strong>Deo</strong></span> <span class='ocrx_word' id='word_1_676' title='bbox 3025 3995 3248 4061; x_wconf 83' lang='lat' dir='ltr'><strong>cbarus,</strong></span> <span class='ocrx_word' id='word_1_677' title='bbox 3282 4003 3366 4049; x_wconf 88' lang='lat' dir='ltr'><strong>est</strong></span> 
     </span>
    </p>
   </div>
   <div class='ocr_carea' id='block_1_87' title="bbox 1775 4084 3364 4155">
    <p class='ocr_par' dir='ltr' id='par_1_87' title="bbox 1775 4084 3364 4155">
     <span class='ocr_line' id='line_1_87' title="bbox 1775 4084 3364 4155; baseline -0.006 -8"><span class='ocrx_word' id='word_1_678' title='bbox 1775 4091 1948 4148; x_wconf 85' lang='lat' dir='ltr'><strong>Israel</strong></span> <span class='ocrx_word' id='word_1_679' title='bbox 1980 4099 2035 4146; x_wconf 87' lang='lat' dir='ltr'><strong>et</strong></span> <span class='ocrx_word' id='word_1_680' title='bbox 2071 4091 2218 4144; x_wconf 80' lang='lat' dir='ltr'><strong>[ilius</strong></span> <span class='ocrx_word' id='word_1_681' title='bbox 2249 4089 2504 4143; x_wconf 62' lang='lat' dir='ltr'><strong>Abrahae.</strong></span> <span class='ocrx_word' id='word_1_682' title='bbox 2538 4086 2681 4153; x_wconf 83' lang='lat' dir='ltr'><strong>Quid</strong></span> <span class='ocrx_word' id='word_1_683' title='bbox 2703 4086 2873 4155; x_wconf 76' lang='lat' dir='ltr'><strong>igitur</strong></span> <span class='ocrx_word' id='word_1_684' title='bbox 2897 4085 3139 4150; x_wconf 86' lang='lat' dir='ltr'><strong>miraris,</strong></span> <span class='ocrx_word' id='word_1_685' title='bbox 3166 4084 3237 4147; x_wconf 89' lang='lat' dir='ltr'><strong>si,</strong></span> <span class='ocrx_word' id='word_1_686' title='bbox 3268 4084 3364 4153; x_wconf 88' lang='lat' dir='ltr'><strong>qui</strong></span> 
     </span>
    </p>
   </div>
   <div class='ocr_carea' id='block_1_88' title="bbox 1776 4175 3363 4249">
    <p class='ocr_par' dir='ltr' id='par_1_88' title="bbox 1776 4175 3363 4249">
     <span class='ocr_line' id='line_1_88' title="bbox 1776 4175 3363 4249; baseline -0.006 -12"><span class='ocrx_word' id='word_1_687' title='bbox 1776 4182 1949 4240; x_wconf 92' lang='lat' dir='ltr'><strong>Deum</strong></span> <span class='ocrx_word' id='word_1_688' title='bbox 1988 4182 2160 4238; x_wconf 90' lang='lat' dir='ltr'><strong>Israel</strong></span> <span class='ocrx_word' id='word_1_689' title='bbox 2190 4181 2316 4235; x_wconf 92' lang='lat' dir='ltr'><strong>colo</strong></span> <span class='ocrx_word' id='word_1_690' title='bbox 2371 4189 2425 4234; x_wconf 89' lang='lat' dir='ltr'><strong>et</strong></span> <span class='ocrx_word' id='word_1_691' title='bbox 2464 4179 2656 4249; x_wconf 80' lang='lat' dir='ltr'><strong>diligo,</strong></span> <span class='ocrx_word' id='word_1_692' title='bbox 2702 4178 2831 4233; x_wconf 87' lang='lat' dir='ltr'><strong>dico</strong></span> <span class='ocrx_word' id='word_1_693' title='bbox 2877 4192 2965 4231; x_wconf 90' lang='lat' dir='ltr'><strong>me</strong></span> <span class='ocrx_word' id='word_1_694' title='bbox 3015 4190 3137 4231; x_wconf 85' lang='lat' dir='ltr'><strong>esse</strong></span> <span class='ocrx_word' id='word_1_695' title='bbox 3178 4175 3363 4239; x_wconf 74' lang='lat' dir='ltr'><strong>ﬁlium</strong></span> 
     </span>
    </p>
   </div>
   <div class='ocr_carea' id='block_1_89' title="bbox 64 4263 1670 4346">
    <p class='ocr_par' dir='ltr' id='par_1_89' title="bbox 64 4263 1670 4346">
     <span class='ocr_line' id='line_1_89' title="bbox 64 4263 1670 4346; baseline 0.007 -29"><span class='ocrx_word' id='word_1_696' title='bbox 64 4281 224 4321; x_wconf 83' lang='grc' dir='ltr'>στει.</span> <span class='ocrx_word' id='word_1_697' title='bbox 244 4266 462 4337; x_wconf 84' lang='grc' dir='ltr'>Ὠσπερ</span> <span class='ocrx_word' id='word_1_698' title='bbox 480 4268 591 4340; x_wconf 85' lang='grc' dir='ltr'>γὰρ</span> <span class='ocrx_word' id='word_1_699' title='bbox 613 4269 670 4322; x_wconf 75' lang='lat' dir='ltr'><strong>at</strong></span> <span class='ocrx_word' id='word_1_700' title='bbox 694 4268 936 4338; x_wconf 79' lang='grc' dir='ltr'>εὐλογίαι</span> <span class='ocrx_word' id='word_1_701' title='bbox 954 4263 1096 4341; x_wconf 80' lang='grc' dir='ltr'>ἦσαν</span> <span class='ocrx_word' id='word_1_702' title='bbox 1113 4271 1206 4325; x_wconf 81' lang='grc' dir='ltr'><strong>τοῦ</strong></span> <span class='ocrx_word' id='word_1_703' title='bbox 1224 4273 1394 4327; x_wconf 84' lang='grc' dir='ltr'><strong>Ἡσαῦ</strong></span> <span class='ocrx_word' id='word_1_704' title='bbox 1408 4273 1503 4327; x_wconf 81' lang='grc' dir='ltr'>τοῦ</span> <span class='ocrx_word' id='word_1_705' title='bbox 1522 4292 1670 4346; x_wconf 88' lang='grc' dir='ltr'>πρω-</span> 
     </span>
    </p>
   </div>
   <div class='ocr_carea' id='block_1_90' title="bbox 1777 4263 3364 4346">
    <p class='ocr_par' dir='ltr' id='par_1_90' title="bbox 1777 4265 3364 4340">
     <span class='ocr_line' id='line_1_90' title="bbox 1777 4265 3364 4340; baseline -0.006 -13"><span class='ocrx_word' id='word_1_706' title='bbox 1777 4273 1964 4340; x_wconf 85' lang='lat' dir='ltr'><strong>Israel,</strong></span> <span class='ocrx_word' id='word_1_707' title='bbox 1997 4273 2046 4327; x_wconf 88' lang='lat' dir='ltr'><strong>si</strong></span> <span class='ocrx_word' id='word_1_708' title='bbox 2080 4271 2326 4326; x_wconf 89' lang='lat' dir='ltr'><strong>moribus</strong></span> <span class='ocrx_word' id='word_1_709' title='bbox 2382 4279 2437 4325; x_wconf 88' lang='lat' dir='ltr'><strong>et</strong></span> <span class='ocrx_word' id='word_1_710' title='bbox 2466 4270 2569 4324; x_wconf 86' lang='lat' dir='ltr'><strong>Iide</strong></span> <span class='ocrx_word' id='word_1_711' title='bbox 2598 4267 3019 4324; x_wconf 89' lang='lat' dir='ltr'><strong>similitudinem</strong></span> <span class='ocrx_word' id='word_1_712' title='bbox 3043 4265 3165 4335; x_wconf 88' lang='lat' dir='ltr'><strong>ejus</strong></span> <span class='ocrx_word' id='word_1_713' title='bbox 3184 4265 3364 4334; x_wconf 78' lang='lat' dir='ltr'><strong>expri-</strong></span> 
     </span>
    </p>
   </div>
   <div class='ocr_carea' id='block_1_91' title="bbox 57 4354 1670 4437">
    <p class='ocr_par' dir='ltr' id='par_1_91' title="bbox 57 4357 1670 4437">
     <span class='ocr_line' id='line_1_91' title="bbox 57 4357 1670 4437; baseline 0.006 -28"><span class='ocrx_word' id='word_1_714' title='bbox 57 4357 352 4422; x_wconf 81' lang='grc' dir='ltr'>τοτόκου,</span> <span class='ocrx_word' id='word_1_715' title='bbox 406 4358 579 4413; x_wconf 76' lang='grc' dir='ltr'>ἐλθὼν</span> <span class='ocrx_word' id='word_1_716' title='bbox 625 4360 684 4414; x_wconf 79' lang='grc' dir='ltr'><strong>δὲ</strong></span> <span class='ocrx_word' id='word_1_717' title='bbox 746 4360 965 4428; x_wconf 82' lang='grc' dir='ltr'>Ἰακὼϐ,</span> <span class='ocrx_word' id='word_1_718' title='bbox 1025 4365 1122 4418; x_wconf 71' lang='grc' dir='ltr'><strong>καὶ</strong></span> <span class='ocrx_word' id='word_1_719' title='bbox 1168 4363 1338 4431; x_wconf 76' lang='grc' dir='ltr'>είπὼν</span> <span class='ocrx_word' id='word_1_720' title='bbox 1381 4364 1461 4434; x_wconf 76' lang='grc' dir='ltr'>τῷ</span> <span class='ocrx_word' id='word_1_721' title='bbox 1508 4366 1670 4437; x_wconf 69' lang='grc' dir='ltr'>πατρὶ</span> 
     </span>
    </p>
   </div>
   <div class='ocr_carea' id='block_1_92' title="bbox 1777 4354 3367 4437">
    <p class='ocr_par' dir='ltr' id='par_1_92' title="bbox 1779 4354 3367 4427">
     <span class='ocr_line' id='line_1_92' title="bbox 1779 4354 3367 4427; baseline -0.009 -8"><span class='ocrx_word' id='word_1_722' title='bbox 1779 4364 1915 4419; x_wconf 89' lang='lat' dir='ltr'><strong>mo?</strong></span> <span class='ocrx_word' id='word_1_723' title='bbox 1949 4363 2107 4418; x_wconf 81' lang='lat' dir='ltr'><strong>Sicut</strong></span> <span class='ocrx_word' id='word_1_724' title='bbox 2160 4361 2576 4417; x_wconf 86' lang='lat' dir='ltr'><strong>benedictiones</strong></span> <span class='ocrx_word' id='word_1_725' title='bbox 2625 4358 2770 4413; x_wconf 83' lang='lat' dir='ltr'><strong>Esau</strong></span> <span class='ocrx_word' id='word_1_726' title='bbox 2803 4357 3024 4427; x_wconf 90' lang='lat' dir='ltr'><strong>quidem</strong></span> <span class='ocrx_word' id='word_1_727' title='bbox 3083 4354 3367 4424; x_wconf 83' lang='lat' dir='ltr'><strong>primoge-</strong></span> 
     </span>
    </p>
   </div>
   <div class='ocr_carea' id='block_1_93' title="bbox 53 4445 1670 4528">
    <p class='ocr_par' dir='ltr' id='par_1_93' title="bbox 53 4449 1670 4528">
     <span class='ocr_line' id='line_1_93' title="bbox 53 4449 1670 4528; baseline 0.004 -24"><span class='ocrx_word' id='word_1_728' title='bbox 53 4449 286 4504; x_wconf 70' lang='grc' dir='ltr'>αὑτοῦ·</span> <span class='ocrx_word' id='word_1_729' title='bbox 338 4469 357 4502; x_wconf 82' lang='grc' dir='ltr'>ι</span> <span class='ocrx_word' id='word_1_730' title='bbox 397 4451 541 4519; x_wconf 83' lang='grc' dir='ltr'>Ἐγώ</span> <span class='ocrx_word' id='word_1_731' title='bbox 597 4454 715 4521; x_wconf 78' lang='grc' dir='ltr'>είμι</span> <span class='ocrx_word' id='word_1_732' title='bbox 761 4454 975 4520; x_wconf 82' lang='grc' dir='ltr'>Ἠσαῦ,</span> <span class='ocrx_word' id='word_1_733' title='bbox 1020 4476 1040 4509; x_wconf 74' lang='grc' dir='ltr'><strong>ι</strong></span> <span class='ocrx_word' id='word_1_734' title='bbox 1087 4456 1161 4528; x_wconf 82' lang='grc' dir='ltr'>μὴ</span> <span class='ocrx_word' id='word_1_735' title='bbox 1197 4456 1275 4510; x_wconf 86' lang='grc' dir='ltr'>ὣν</span> <span class='ocrx_word' id='word_1_736' title='bbox 1331 4456 1539 4523; x_wconf 82' lang='grc' dir='ltr'>Ἠσαῦ,</span> <span class='ocrx_word' id='word_1_737' title='bbox 1581 4458 1670 4520; x_wconf 78' lang='grc' dir='ltr'><strong>τὰς</strong></span> 
     </span>
    </p>
   </div>
   <div class='ocr_carea' id='block_1_94' title="bbox 1777 4445 3364 4528">
    <p class='ocr_par' dir='ltr' id='par_1_94' title="bbox 1780 4445 3364 4519">
     <span class='ocr_line' id='line_1_94' title="bbox 1780 4445 3364 4519; baseline -0.006 -12"><span class='ocrx_word' id='word_1_738' title='bbox 1780 4454 1882 4507; x_wconf 83' lang='grc' dir='ltr'><strong>ιιίιί</strong></span> <span class='ocrx_word' id='word_1_739' title='bbox 1919 4461 2099 4519; x_wconf 90' lang='lat' dir='ltr'><strong>erant,</strong></span> <span class='ocrx_word' id='word_1_740' title='bbox 2132 4454 2232 4508; x_wconf 84' lang='lat' dir='ltr'><strong>sed</strong></span> <span class='ocrx_word' id='word_1_741' title='bbox 2261 4467 2385 4506; x_wconf 90' lang='lat' dir='ltr'><strong>cum</strong></span> <span class='ocrx_word' id='word_1_742' title='bbox 2406 4452 2653 4506; x_wconf 80' lang='lat' dir='ltr'><strong>venisset</strong></span> <span class='ocrx_word' id='word_1_743' title='bbox 2676 4448 2847 4504; x_wconf 81' lang='lat' dir='ltr'><strong>Iacob</strong></span> <span class='ocrx_word' id='word_1_744' title='bbox 2874 4456 2931 4503; x_wconf 89' lang='lat' dir='ltr'><strong>et</strong></span> <span class='ocrx_word' id='word_1_745' title='bbox 2957 4446 3190 4502; x_wconf 76' lang='lat' dir='ltr'><strong>dixisset</strong></span> <span class='ocrx_word' id='word_1_746' title='bbox 3220 4445 3364 4514; x_wconf 88' lang='lat' dir='ltr'><strong>patri</strong></span> 
     </span>
    </p>
   </div>
   <div class='ocr_carea' id='block_1_95' title="bbox 58 4532 1670 4618">
    <p class='ocr_par' dir='ltr' id='par_1_95' title="bbox 58 4540 1670 4618">
     <span class='ocr_line' id='line_1_95' title="bbox 58 4540 1670 4618; baseline 0.004 -25"><span class='ocrx_word' id='word_1_747' title='bbox 58 4540 345 4604; x_wconf 81' lang='grc' dir='ltr'>εὐλογίας</span> <span class='ocrx_word' id='word_1_748' title='bbox 387 4540 599 4605; x_wconf 79' lang='grc' dir='ltr'>ἔλαϐεν,</span> <span class='ocrx_word' id='word_1_749' title='bbox 644 4543 741 4595; x_wconf 74' lang='grc' dir='ltr'><strong>καὶ</strong></span> <span class='ocrx_word' id='word_1_750' title='bbox 768 4544 829 4596; x_wconf 88' lang='grc' dir='ltr'>ού</span> <span class='ocrx_word' id='word_1_751' title='bbox 879 4544 1209 4618; x_wconf 70' lang='grc' dir='ltr'>μετετρεψεν</span> <span class='ocrx_word' id='word_1_752' title='bbox 1263 4547 1436 4611; x_wconf 78' lang='grc' dir='ltr'>αὐτάς</span> <span class='ocrx_word' id='word_1_753' title='bbox 1482 4547 1670 4601; x_wconf 71' lang='grc' dir='ltr'>Ἰακὼϐ</span> 
     </span>
    </p>
   </div>
   <div class='ocr_carea' id='block_1_96' title="bbox 1777 4532 3366 4618">
    <p class='ocr_par' dir='ltr' id='par_1_96' title="bbox 1781 4532 3366 4611">
     <span class='ocr_line' id='line_1_96' title="bbox 1781 4532 3366 4611; baseline -0.008 -14"><span class='ocrx_word' id='word_1_754' title='bbox 1781 4556 1904 4606; x_wconf 90' lang='lat' dir='ltr'><strong>suo,</strong></span> <span class='ocrx_word' id='word_1_755' title='bbox 1942 4559 1961 4592; x_wconf 78' lang='grc' dir='ltr'>ι</span> <span class='ocrx_word' id='word_1_756' title='bbox 1995 4538 2109 4611; x_wconf 85' lang='lat' dir='ltr'><strong>Ego</strong></span> <span class='ocrx_word' id='word_1_757' title='bbox 2135 4556 2256 4595; x_wconf 91' lang='lat' dir='ltr'><strong>sum</strong></span> <span class='ocrx_word' id='word_1_758' title='bbox 2292 4538 2433 4592; x_wconf 84' lang='lat' dir='ltr'><strong>Esau</strong></span> <span class='ocrx_word' id='word_1_759' title='bbox 2466 4550 2513 4601; x_wconf 84' lang='grc' dir='ltr'><strong>ιι,</strong></span> <span class='ocrx_word' id='word_1_760' title='bbox 2565 4557 2583 4589; x_wconf 72' lang='grc' dir='ltr'>ι</span> <span class='ocrx_word' id='word_1_761' title='bbox 2621 4552 2745 4593; x_wconf 91' lang='lat' dir='ltr'><strong>cum</strong></span> <span class='ocrx_word' id='word_1_762' title='bbox 2786 4550 2896 4590; x_wconf 89' lang='lat' dir='ltr'><strong>non</strong></span> <span class='ocrx_word' id='word_1_763' title='bbox 2933 4542 3105 4597; x_wconf 92' lang='lat' dir='ltr'><strong>esset,</strong></span> <span class='ocrx_word' id='word_1_764' title='bbox 3137 4532 3366 4589; x_wconf 85' lang='lat' dir='ltr'><strong>benedi-</strong></span> 
     </span>
    </p>
   </div>
   <div class='ocr_carea' id='block_1_97' title="bbox 58 4627 1670 4703">
    <p class='ocr_par' dir='ltr' id='par_1_97' title="bbox 58 4627 1670 4703">
     <span class='ocr_line' id='line_1_97' title="bbox 58 4627 1670 4703; baseline 0.004 -23"><span class='ocrx_word' id='word_1_765' title='bbox 58 4627 202 4680; x_wconf 71' lang='grc' dir='ltr'>οὐδὲ</span> <span class='ocrx_word' id='word_1_766' title='bbox 249 4628 395 4695; x_wconf 80' lang='grc' dir='ltr'>μετά</span> <span class='ocrx_word' id='word_1_767' title='bbox 414 4628 478 4680; x_wconf 92' lang='grc' dir='ltr'><strong>τὸ</strong></span> <span class='ocrx_word' id='word_1_768' title='bbox 526 4628 722 4699; x_wconf 82' lang='grc' dir='ltr'>νοῆσαι</span> <span class='ocrx_word' id='word_1_769' title='bbox 776 4632 876 4702; x_wconf 82' lang='grc' dir='ltr'>τὴν</span> <span class='ocrx_word' id='word_1_770' title='bbox 912 4633 1131 4703; x_wconf 86' lang='grc' dir='ltr'>ἀπάτην</span> <span class='ocrx_word' id='word_1_771' title='bbox 1157 4650 1173 4666; x_wconf 80' lang='grc' dir='ltr'><strong><em>ο</em></strong></span> <span class='ocrx_word' id='word_1_772' title='bbox 1202 4628 1347 4688; x_wconf 80' lang='grc' dir='ltr'>οὕτω</span> <span class='ocrx_word' id='word_1_773' title='bbox 1390 4633 1547 4702; x_wconf 73' lang='grc' dir='ltr'>κάγώ</span> <span class='ocrx_word' id='word_1_774' title='bbox 1602 4652 1670 4687; x_wconf 79' lang='grc' dir='ltr'>σοι</span> 
     </span>
    </p>
   </div>
   <div class='ocr_carea' id='block_1_98' title="bbox 1777 4627 3366 4703">
    <p class='ocr_par' dir='ltr' id='par_1_98' title="bbox 1780 4627 3366 4702">
     <span class='ocr_line' id='line_1_98' title="bbox 1780 4627 3366 4702; baseline -0.008 -12"><span class='ocrx_word' id='word_1_775' title='bbox 1780 4635 1995 4690; x_wconf 86' lang='lat' dir='ltr'><strong>ctiones</strong></span> <span class='ocrx_word' id='word_1_776' title='bbox 2016 4633 2160 4697; x_wconf 88' lang='lat' dir='ltr'><strong>tulit,</strong></span> <span class='ocrx_word' id='word_1_777' title='bbox 2192 4640 2247 4688; x_wconf 89' lang='lat' dir='ltr'><strong>et</strong></span> <span class='ocrx_word' id='word_1_778' title='bbox 2265 4648 2371 4688; x_wconf 87' lang='lat' dir='ltr'><strong>non</strong></span> <span class='ocrx_word' id='word_1_779' title='bbox 2397 4630 2566 4702; x_wconf 79' lang='lat'><strong>389</strong></span> <span class='ocrx_word' id='word_1_780' title='bbox 2597 4628 2831 4684; x_wconf 90' lang='lat' dir='ltr'><strong>mutavit</strong></span> <span class='ocrx_word' id='word_1_781' title='bbox 2860 4642 2953 4683; x_wconf 86' lang='lat' dir='ltr'><strong>eas</strong></span> <span class='ocrx_word' id='word_1_782' title='bbox 2984 4627 3161 4690; x_wconf 90' lang='lat' dir='ltr'><strong>Isaac,</strong></span> <span class='ocrx_word' id='word_1_783' title='bbox 3190 4638 3366 4692; x_wconf 88' lang='lat' dir='ltr'><strong>neque</strong></span> 
     </span>
    </p>
   </div>
   <div class='ocr_carea' id='block_1_99' title="bbox 56 4718 1670 4799">
    <p class='ocr_par' dir='ltr' id='par_1_99' title="bbox 56 4718 1670 4798">
     <span class='ocr_line' id='line_1_99' title="bbox 56 4718 1670 4798; baseline 0.006 -27"><span class='ocrx_word' id='word_1_784' title='bbox 56 4718 360 4787; x_wconf 85' lang='grc' dir='ltr'>λαμϐάνω</span> <span class='ocrx_word' id='word_1_785' title='bbox 398 4720 499 4784; x_wconf 76' lang='grc' dir='ltr'>τὰς</span> <span class='ocrx_word' id='word_1_786' title='bbox 516 4723 857 4791; x_wconf 77' lang='grc' dir='ltr'>ἐπαγγελίας</span> <span class='ocrx_word' id='word_1_787' title='bbox 897 4724 1096 4793; x_wconf 81' lang='grc' dir='ltr'>λέγων,</span> <span class='ocrx_word' id='word_1_788' title='bbox 1131 4726 1247 4791; x_wconf 85' lang='grc' dir='ltr'>υίὸς</span> <span class='ocrx_word' id='word_1_789' title='bbox 1284 4728 1557 4798; x_wconf 84' lang='grc' dir='ltr'>ὑπάρχειν</span> <span class='ocrx_word' id='word_1_790' title='bbox 1580 4728 1670 4782; x_wconf 76' lang='grc' dir='ltr'><strong>τοῦ</strong></span> 
     </span>
    </p>
   </div>
   <div class='ocr_carea' id='block_1_100' title="bbox 1777 4718 3365 4799">
    <p class='ocr_par' dir='ltr' id='par_1_100' title="bbox 1790 4720 3365 4799">
     <span class='ocr_line' id='line_1_100' title="bbox 1790 4720 3365 4799; baseline -0.006 -16"><span class='ocrx_word' id='word_1_791' title='bbox 1790 4738 2083 4799; x_wconf 86' lang='lat' dir='ltr'><strong>postquam</strong></span> <span class='ocrx_word' id='word_1_792' title='bbox 2114 4729 2342 4798; x_wconf 83' lang='lat' dir='ltr'><strong>agnovit</strong></span> <span class='ocrx_word' id='word_1_793' title='bbox 2374 4727 2684 4781; x_wconf 80' lang='lat' dir='ltr'><strong>fallaciam:</strong></span> <span class='ocrx_word' id='word_1_794' title='bbox 2712 4725 2793 4779; x_wconf 84' lang='lat' dir='ltr'><strong>sic</strong></span> <span class='ocrx_word' id='word_1_795' title='bbox 2819 4738 2923 4793; x_wconf 83' lang='lat' dir='ltr'><strong>ego</strong></span> <span class='ocrx_word' id='word_1_796' title='bbox 2955 4720 3365 4778; x_wconf 80' lang='lat' dir='ltr'><strong>benedictiones</strong></span> 
     </span>
    </p>
   </div>
   <div class='ocr_carea' id='block_1_101' title="bbox 75 4808 3188 4892">
    <p class='ocr_par' dir='ltr' id='par_1_101' title="bbox 75 4808 3188 4892">
     <span class='ocr_line' id='line_1_101' title="bbox 75 4808 3188 4892; baseline -0.005 -10"><span class='ocrx_word' id='word_1_797' title='bbox 75 4808 348 4881; x_wconf 71' lang='grc' dir='ltr'><strong>Ἰσραήλ·</strong></span> <span class='ocrx_word' id='word_1_798' title='bbox 645 4854 650 4859; x_wconf 90' lang='grc'><strong><em>-</em></strong></span> <span class='ocrx_word' id='word_1_799' title='bbox 1791 4833 1918 4876; x_wconf 84' lang='lat' dir='ltr'><strong>tuas</strong></span> <span class='ocrx_word' id='word_1_800' title='bbox 1950 4821 2182 4892; x_wconf 87' lang='lat' dir='ltr'><strong>accipio,</strong></span> <span class='ocrx_word' id='word_1_801' title='bbox 2209 4835 2335 4876; x_wconf 89' lang='lat' dir='ltr'><strong>cum</strong></span> <span class='ocrx_word' id='word_1_802' title='bbox 2370 4836 2456 4874; x_wconf 90' lang='lat' dir='ltr'><strong>me</strong></span> <span class='ocrx_word' id='word_1_803' title='bbox 2493 4819 2620 4873; x_wconf 89' lang='lat' dir='ltr'><strong>dico</strong></span> <span class='ocrx_word' id='word_1_804' title='bbox 2646 4831 2768 4872; x_wconf 88' lang='lat' dir='ltr'><strong>esse</strong></span> <span class='ocrx_word' id='word_1_805' title='bbox 2799 4815 2967 4870; x_wconf 81' lang='lat' dir='ltr'><strong>lilium</strong></span> <span class='ocrx_word' id='word_1_806' title='bbox 3000 4812 3188 4868; x_wconf 87' lang='lat' dir='ltr'><strong>Israel.</strong></span> 
     </span>
    </p>
   </div>
   <div class='ocr_carea' id='block_1_102' title="bbox 73 4908 1778 4966">
    <p class='ocr_par' dir='ltr' id='par_1_102' title="bbox 73 4908 1778 4966">
     <span class='ocr_line' id='line_1_102' title="bbox 73 4908 1778 4966; baseline 0.001 -2"><span class='ocrx_word' id='word_1_807' title='bbox 73 4908 84 4915; x_wconf 74' lang='grc'><em>’</em></span> <span class='ocrx_word' id='word_1_808' title='bbox 1684 4911 1778 4966; x_wconf 85' lang='lat' dir='ltr'><strong>XI.</strong></span> 
     </span>
    </p>
   </div>
   <div class='ocr_carea' id='block_1_103' title="bbox 61 4994 1670 5091">
    <p class='ocr_par' dir='ltr' id='par_1_103' title="bbox 61 4995 1670 5091">
     <span class='ocr_line' id='line_1_103' title="bbox 61 4995 1670 5091; baseline 0.004 -39"><span class='ocrx_word' id='word_1_809' title='bbox 61 4995 404 5065; x_wconf 79' lang='grc' dir='ltr'>Θεοδώρου</span> <span class='ocrx_word' id='word_1_810' title='bbox 464 4999 574 5053; x_wconf 83' lang='grc' dir='ltr'><strong>τοῦ</strong></span> <span class='ocrx_word' id='word_1_811' title='bbox 628 5000 987 5091; x_wconf 54' lang='grc' dir='ltr'><strong>Ἀὄουκαρᾱδ</strong></span> <span class='ocrx_word' id='word_1_812' title='bbox 1029 5003 1181 5071; x_wconf 75' lang='grc' dir='ltr'>πρὸς</span> <span class='ocrx_word' id='word_1_813' title='bbox 1247 5004 1670 5072; x_wconf 80' lang='grc' dir='ltr'>Νεστοριανόν.</span> 
     </span>
    </p>
   </div>
   <div class='ocr_carea' id='block_1_104' title="bbox 1777 4994 3363 5091">
    <p class='ocr_par' dir='ltr' id='par_1_104' title="bbox 1791 4994 3363 5071">
     <span class='ocr_line' id='line_1_104' title="bbox 1791 4994 3363 5071; baseline -0.007 -11"><span class='ocrx_word' id='word_1_814' title='bbox 1791 5004 2053 5060; x_wconf 81' lang='lat' dir='ltr'><strong>Theodori</strong></span> <span class='ocrx_word' id='word_1_815' title='bbox 2108 5005 2373 5057; x_wconf 70' lang='lat' dir='ltr'><strong>Abttcarte</strong></span> <span class='ocrx_word' id='word_1_816' title='bbox 2428 4999 2889 5071; x_wconf 74' lang='lat' dir='ltr'><strong>Dialoguscoutra</strong></span> <span class='ocrx_word' id='word_1_817' title='bbox 2954 4994 3363 5050; x_wconf 77' lang='lat' dir='ltr'><strong>Nestorianum.</strong></span> 
     </span>
    </p>
   </div>
   <div class='ocr_carea' id='block_1_105' title="bbox 1333 5098 2249 5161">
    <p class='ocr_par' dir='ltr' id='par_1_105' title="bbox 1333 5098 2249 5161">
     <span class='ocr_line' id='line_1_105' title="bbox 1333 5098 2249 5161; baseline 0 -15"><span class='ocrx_word' id='word_1_818' title='bbox 1333 5098 1624 5161; x_wconf 86' lang='lat' dir='ltr'><strong>(Francisco</strong></span> <span class='ocrx_word' id='word_1_819' title='bbox 1648 5099 1891 5152; x_wconf 77' lang='lat' dir='ltr'><strong>Turriano</strong></span> <span class='ocrx_word' id='word_1_820' title='bbox 1925 5098 2249 5161; x_wconf 87' lang='lat' dir='ltr'><strong>interprete.)</strong></span> 
     </span>
    </p>
   </div>
   <div class='ocr_carea' id='block_1_106' title="bbox 334 5175 1670 5249">
    <p class='ocr_par' dir='ltr' id='par_1_106' title="bbox 334 5178 1400 5249">
     <span class='ocr_line' id='line_1_106' title="bbox 334 5178 1400 5249; baseline 0.007 -20"><span class='ocrx_word' id='word_1_821' title='bbox 334 5180 377 5229; x_wconf 83' lang='grc' dir='ltr'>Α</span> <span class='ocrx_word' id='word_1_822' title='bbox 418 5178 451 5229; x_wconf 90' lang='grc' dir='ltr'><em>ὀ</em></span> <span class='ocrx_word' id='word_1_823' title='bbox 490 5178 870 5246; x_wconf 79' lang='grc' dir='ltr'>Ὀρθόδοξος,</span> <span class='ocrx_word' id='word_1_824' title='bbox 904 5183 1400 5249; x_wconf 80' lang='grc' dir='ltr'>ΒΝεστοριανός.</span> 
     </span>
    </p>
   </div>
   <div class='ocr_carea' id='block_1_107' title="bbox 1777 5175 3061 5249">
    <p class='ocr_par' dir='ltr' id='par_1_107' title="bbox 2103 5175 3061 5238">
     <span class='ocr_line' id='line_1_107' title="bbox 2103 5175 3061 5238; baseline -0.008 -2"><span class='ocrx_word' id='word_1_825' title='bbox 2103 5182 2165 5236; x_wconf 80' lang='grc' dir='ltr'><strong>Α.</strong></span> <span class='ocrx_word' id='word_1_826' title='bbox 2201 5180 2533 5238; x_wconf 77' lang='lat' dir='ltr'><strong>Catholicus.</strong></span> <span class='ocrx_word' id='word_1_827' title='bbox 2582 5177 2646 5233; x_wconf 92' lang='lat' dir='ltr'><strong>B.</strong></span> <span class='ocrx_word' id='word_1_828' title='bbox 2686 5175 3061 5232; x_wconf 76' lang='lat' dir='ltr'><strong>Nestorianus.</strong></span> 
     </span>
    </p>
   </div>
   <div class='ocr_carea' id='block_1_108' title="bbox 142 5265 1670 5343">
    <p class='ocr_par' dir='ltr' id='par_1_108' title="bbox 142 5265 1670 5343">
     <span class='ocr_line' id='line_1_108' title="bbox 142 5265 1670 5343; baseline 0.005 -21"><span class='ocrx_word' id='word_1_829' title='bbox 142 5269 222 5322; x_wconf 88' lang='lat' dir='ltr'><strong>A.</strong></span> <span class='ocrx_word' id='word_1_830' title='bbox 266 5267 367 5331; x_wconf 85' lang='grc' dir='ltr'><strong>Τίς</strong></span> <span class='ocrx_word' id='word_1_831' title='bbox 403 5265 559 5322; x_wconf 86' lang='grc' dir='ltr'>εἶπεν</span> <span class='ocrx_word' id='word_1_832' title='bbox 581 5287 595 5302; x_wconf 80' lang='grc' dir='ltr'><strong>ο</strong></span> <span class='ocrx_word' id='word_1_833' title='bbox 636 5289 653 5321; x_wconf 82' lang='grc' dir='ltr'>ι</span> <span class='ocrx_word' id='word_1_834' title='bbox 713 5271 902 5340; x_wconf 80' lang='grc' dir='ltr'>Ἐδόθη</span> <span class='ocrx_word' id='word_1_835' title='bbox 938 5290 1028 5343; x_wconf 88' lang='grc' dir='ltr'>μοι</span> <span class='ocrx_word' id='word_1_836' title='bbox 1063 5275 1213 5327; x_wconf 79' lang='grc' dir='ltr'>πᾶσα</span> <span class='ocrx_word' id='word_1_837' title='bbox 1246 5272 1467 5338; x_wconf 81' lang='grc' dir='ltr'>ἐξουσία</span> <span class='ocrx_word' id='word_1_838' title='bbox 1500 5276 1560 5329; x_wconf 84' lang='grc' dir='ltr'><strong>ὲν</strong></span> <span class='ocrx_word' id='word_1_839' title='bbox 1593 5277 1670 5330; x_wconf 88' lang='grc' dir='ltr'><strong>ού-</strong></span> 
     </span>
    </p>
   </div>
   <div class='ocr_carea' id='block_1_109' title="bbox 1777 5265 3366 5343">
    <p class='ocr_par' dir='ltr' id='par_1_109' title="bbox 1854 5268 3366 5342">
     <span class='ocr_line' id='line_1_109' title="bbox 1854 5268 3366 5342; baseline -0.007 -12"><span class='ocrx_word' id='word_1_840' title='bbox 1854 5276 1921 5333; x_wconf 84' lang='grc' dir='ltr'><strong>Α.</strong></span> <span class='ocrx_word' id='word_1_841' title='bbox 1957 5274 2093 5342; x_wconf 84' lang='lat' dir='ltr'><strong>Quis</strong></span> <span class='ocrx_word' id='word_1_842' title='bbox 2124 5273 2300 5329; x_wconf 77' lang='lat' dir='ltr'><strong>dixit:</strong></span> <span class='ocrx_word' id='word_1_843' title='bbox 2336 5290 2356 5325; x_wconf 86' lang='grc' dir='ltr'><strong>ι</strong></span> <span class='ocrx_word' id='word_1_844' title='bbox 2394 5271 2530 5326; x_wconf 87' lang='lat' dir='ltr'><strong>Data</strong></span> <span class='ocrx_word' id='word_1_845' title='bbox 2583 5278 2668 5326; x_wconf 87' lang='lat' dir='ltr'><strong>est</strong></span> <span class='ocrx_word' id='word_1_846' title='bbox 2701 5268 2835 5323; x_wconf 87' lang='lat' dir='ltr'><strong>mihi</strong></span> <span class='ocrx_word' id='word_1_847' title='bbox 2892 5268 3070 5323; x_wconf 87' lang='lat' dir='ltr'><strong>omnis</strong></span> <span class='ocrx_word' id='word_1_848' title='bbox 3122 5272 3366 5336; x_wconf 82' lang='lat' dir='ltr'><strong>potestas</strong></span> 
     </span>
    </p>
   </div>
   <div class='ocr_carea' id='block_1_110' title="bbox 156 5398 1670 5479">
    <p class='ocr_par' dir='ltr' id='par_1_110' title="bbox 156 5404 1670 5479">
     <span class='ocr_line' id='line_1_110' title="bbox 156 5404 1670 5479; baseline 0.005 -20"><span class='ocrx_word' id='word_1_849' title='bbox 156 5409 191 5440; x_wconf 94' lang='lat'>°</span> <span class='ocrx_word' id='word_1_850' title='bbox 225 5404 379 5460; x_wconf 85' lang='lat' dir='ltr'><strong>Gen.</strong></span> <span class='ocrx_word' id='word_1_851' title='bbox 408 5422 578 5471; x_wconf 67' lang='lat' dir='ltr'><strong>xxvii,</strong></span> <span class='ocrx_word' id='word_1_852' title='bbox 602 5406 695 5479; x_wconf 10' lang='lat'><strong>729.</strong></span> <span class='ocrx_word' id='word_1_853' title='bbox 780 5419 806 5457; x_wconf 78' lang='grc' dir='ltr'><strong>ρ</strong></span> <span class='ocrx_word' id='word_1_854' title='bbox 829 5408 966 5464; x_wconf 87' lang='lat' dir='ltr'><strong>Gen.</strong></span> <span class='ocrx_word' id='word_1_855' title='bbox 995 5427 1194 5479; x_wconf 76' lang='lat' dir='ltr'><strong>xxxiii,</strong></span> <span class='ocrx_word' id='word_1_856' title='bbox 1223 5412 1278 5465; x_wconf 81' lang='grc'><strong>5.</strong></span> <span class='ocrx_word' id='word_1_857' title='bbox 1349 5421 1377 5461; x_wconf 78' lang='grc' dir='ltr'>(ι</span> <span class='ocrx_word' id='word_1_858' title='bbox 1406 5408 1570 5466; x_wconf 89' lang='lat' dir='ltr'><strong>Num.</strong></span> <span class='ocrx_word' id='word_1_859' title='bbox 1607 5428 1670 5466; x_wconf 78' lang='lat' dir='ltr'><strong>xx</strong></span> 
     </span>
    </p>
   </div>
   <div class='ocr_carea' id='block_1_111' title="bbox 1777 5398 3354 5479">
    <p class='ocr_par' dir='ltr' id='par_1_111' title="bbox 1777 5398 3354 5478">
     <span class='ocr_line' id='line_1_111' title="bbox 1777 5398 3354 5478; baseline -0.009 -12"><span class='ocrx_word' id='word_1_860' title='bbox 1777 5410 1859 5478; x_wconf 69' lang='lat'><strong>32;</strong></span> <span class='ocrx_word' id='word_1_861' title='bbox 1893 5411 2052 5469; x_wconf 85' lang='lat' dir='ltr'><strong>Deut.</strong></span> <span class='ocrx_word' id='word_1_862' title='bbox 2079 5427 2140 5477; x_wconf 87' lang='lat' dir='ltr'><strong>tl,</strong></span> <span class='ocrx_word' id='word_1_863' title='bbox 2163 5409 2359 5465; x_wconf 71' lang='lat'><strong>27-29.</strong></span> <span class='ocrx_word' id='word_1_864' title='bbox 2443 5417 2460 5438; x_wconf 71' lang='grc' dir='ltr'><strong><em>τ</em></strong></span> <span class='ocrx_word' id='word_1_865' title='bbox 2482 5406 2793 5472; x_wconf 71' lang='lat' dir='ltr'><strong>ibid.25,50.</strong></span> <span class='ocrx_word' id='word_1_866' title='bbox 2813 5405 2833 5431; x_wconf 77' lang='grc'>⁸</span> <span class='ocrx_word' id='word_1_867' title='bbox 2861 5402 3137 5474; x_wconf 82' lang='lat' dir='ltr'><strong>Dcut.n,5.</strong></span> <span class='ocrx_word' id='word_1_868' title='bbox 3172 5401 3191 5438; x_wconf 70' lang='grc'>⁸</span> <span class='ocrx_word' id='word_1_869' title='bbox 3218 5398 3354 5455; x_wconf 83' lang='lat' dir='ltr'><strong>Gen.</strong></span> 
     </span>
    </p>
   </div>
   <div class='ocr_carea' id='block_1_112' title="bbox 62 5478 1039 5543">
    <p class='ocr_par' dir='ltr' id='par_1_112' title="bbox 62 5478 1039 5543">
     <span class='ocr_line' id='line_1_112' title="bbox 62 5478 1039 5543; baseline 0.002 -11"><span class='ocrx_word' id='word_1_870' title='bbox 62 5491 276 5542; x_wconf 68' lang='lat' dir='ltr'><strong>xxxii,</strong></span> <span class='ocrx_word' id='word_1_871' title='bbox 310 5478 406 5530; x_wconf 72' lang='lat'><strong>‘28.</strong></span> <span class='ocrx_word' id='word_1_872' title='bbox 518 5485 544 5513; x_wconf 82' lang='grc' dir='ltr'><strong>ιι</strong></span> <span class='ocrx_word' id='word_1_873' title='bbox 578 5478 717 5531; x_wconf 85' lang='lat' dir='ltr'><strong>Gen.</strong></span> <span class='ocrx_word' id='word_1_874' title='bbox 744 5494 923 5543; x_wconf 78' lang='lat' dir='ltr'><strong>xxvii,</strong></span> <span class='ocrx_word' id='word_1_875' title='bbox 955 5481 1039 5534; x_wconf 86' lang='lat' dir='ltr'><strong>I9.</strong></span> 
     </span>
    </p>
   </div>
   <div class='ocr_carea' id='block_1_113' title="bbox 1392 5570 2058 5629">
    <p class='ocr_par' dir='ltr' id='par_1_113' title="bbox 1392 5570 2058 5629">
     <span class='ocr_line' id='line_1_113' title="bbox 1392 5570 2058 5629; baseline 0.008 -6"><span class='ocrx_word' id='word_1_876' title='bbox 1392 5570 1623 5626; x_wconf 62' lang='lat' dir='ltr'><strong>VARUS</strong></span> <span class='ocrx_word' id='word_1_877' title='bbox 1658 5572 2058 5629; x_wconf 77' lang='lat' dir='ltr'><strong>LECTIONES.</strong></span> 
     </span>
    </p>
   </div>
   <div class='ocr_carea' id='block_1_114' title="bbox 105 5638 1465 5694">
    <p class='ocr_par' dir='ltr' id='par_1_114' title="bbox 105 5638 1465 5694">
     <span class='ocr_line' id='line_1_114' title="bbox 105 5638 1465 5694; baseline -0.001 0"><span class='ocrx_word' id='word_1_878' title='bbox 105 5640 153 5671; x_wconf 66' lang='grc' dir='ltr'><strong>δ’</strong></span> <span class='ocrx_word' id='word_1_879' title='bbox 195 5638 347 5694; x_wconf 77' lang='lat' dir='ltr'><strong>Cod.</strong></span> <span class='ocrx_word' id='word_1_880' title='bbox 388 5638 584 5693; x_wconf 79' lang='lat' dir='ltr'><strong>Bavar.</strong></span> <span class='ocrx_word' id='word_1_881' title='bbox 620 5639 870 5694; x_wconf 81' lang='lat' dir='ltr'><strong>mutilus.</strong></span> <span class='ocrx_word' id='word_1_882' title='bbox 1459 5644 1465 5649; x_wconf 91' lang='grc'><strong>’</strong></span> 
     </span>
    </p>
   </div>
  </div>
