3928 6130
535 310 675 375 1535

1721 279 2111 345 THEODORI
2142 272 2507 336 ABUCARE

3660 254 3785 317 153E

536 424 591 476 in
642 417 779 472 cat-lo
833 421 885 467 et
930 413 985 464 in
1035 416 1180 462 terra
1208 405 1328 457 ⁷2»
1366 402 1537 456 Filius
1582 395 1846 468 Virginis,
1890 393 1944 448 id
1989 398 2093 456 est,

2231 383 2348 456 θανῷ
2378 384 2473 437 καὶ
2494 380 2586 436 ἐπὶ
2614 380 2757 450 γῆς;
2796 396 2813 428 ι
2846 380 2873 431 6
2912 377 3024 440 υίὸς
3059 377 3156 446 τῆς
3189 372 3485 445 Παρθένου
3516 412 3535 437 ,
3570 373 3783 441 ἡγουνὸ

535 515 721 575 homo,
753 523 821 561 an
851 503 1020 560 Filius
1040 499 1177 556 Dei?

605 604 667 656 Β.
706 600 901 655 Homo.
1059 651 1064 658 ,

602 694 667 746 Α.
701 690 869 760 Igitur
906 700 1030 741 cum
1052 684 1179 739 data
1210 681 1281 737 sit
1305 678 1483 735 omnis
1504 683 1745 747 potestas
1770 670 2099 732 cmlestium,

534 793 590 841 et
644 781 888 837 omnium
928 792 1047 848 quae
1082 776 1137 830 in
1158 773 1318 828 terris
1347 777 1495 836 sunt,
1521 767 1648 822 huic
1678 765 1909 827 homini,
1938 760 2100 823 male,

512 871 590 933 ἐι
613 879 809 944 praeter
835 869 1170 923 voluntatem
1206 865 1303 919 Dei
1332 862 1561 925 faciunt,
1597 859 1688 928 qui
1718 854 1885 910 Deum
1920 856 2099 914 orant,

536 939 632 1021 aut
652 963 720 1017 ab
756 976 820 1016 eo
853 956 1057 1028 aliquid
1080 953 1443 1025 quodcunque
1469 949 1562 1012 sit,
1589 952 1803 1017 petunt,
1837 939 2102 1009 siquidem

452 1124 455 1125 ν
535 1052 720 1109 omnia
750 1058 878 1105 sunt
903 1046 1067 1113 hujus
1101 1042 1361 1096 hominis.
1390 1038 1456 1092 Et
1489 1045 1826 1107 quacunque
1857 1035 2106 1099 petemus

535 1145 622 1201 vel
642 1141 794 1213 regni
818 1138 1040 1200 terreni.
1066 1135 1154 1190 vel
1178 1132 1419 1188 cmlestis
1439 1170 1455 1195 ,
1484 1125 1665 1182 omnia
1709 1123 1826 1176 haec
1852 1129 1977 1174 sunt
2004 1117 2105 1171 ho-

537 1211 725 1290 minis.
768 1231 871 1287 Vel
927 1230 1091 1300 igitur
1147 1230 1379 1295 peccant
1428 1220 1522 1290 qui
1576 1232 1606 1270 a
1650 1215 1758 1269 Deo
1785 1211 2104 1282 postulant;

539 1328 630 1382 hic
655 1325 801 1381 enim
838 1322 1000 1377 habet
1024 1325 1370 1389 potestatem,
1395 1318 1448 1366 et
1475 1310 1596 1365 sine
1626 1303 1945 1377 paenitentia
1977 1306 2108 1355 sunt

540 1420 686 1474 dona
714 1415 845 1481 Dei;
871 1413 979 1475 vel,
1009 1411 1055 1466 si
1092 1414 1311 1479 oportet
1339 1402 1597 1458 adhibere
1632 1399 1742 1453 Deo
1776 1409 1984 1466 preces,
2015 1391 2108 1445 de-

540 1519 735 1580 ceptus
791 1515 873 1563 est
929 1504 1040 1569 hic,
1100 1511 1153 1556 et
1212 1502 1529 1568 arroganter
1571 1500 1627 1547 et
1668 1492 1877 1545 frustra
1928 1484 2104 1539 dicit:

545 1621 568 1654 ι
605 1572 737 1653 Data
793 1605 878 1652 est
937 1593 1072 1649 mihi
1136 1590 1316 1646 omnis
1375 1593 1618 1657 potestas
1665 1581 1720 1634 in
1765 1577 1906 1633 ctelo
1960 1572 2107 1629 etin

545 1701 711 1755 terra,
760 1707 778 1739 ι
810 1699 933 1741 cum
973 1683 1114 1737 alius
1141 1679 1406 1752 gubernet
1430 1681 1485 1730 et
1518 1670 1852 1728 dominetur.

2116 535 2120 539 ,
2201 477 2511 546 ἄνθρωπος,
2549 472 2583 542 ἢ
2613 470 2786 532 ὁΥίδς
2815 467 2986 533 Θεοῠ;

2271 570 2332 622 Β.
2371 567 2428 619 Ὁ
2450 563 2546 619 ἄνθ
2556 577 2755 633 ρωπος.

2271 659 2336 710 Α.
2369 653 2579 708 Οὐκοῦν
2615 652 2798 721 πάσης
2842 647 3090 713 ἐξουσίας
3139 645 3253 699 τῶν
3285 644 3655 714 ἐπουρανίων
3702 645 3788 694 καὶ

2200 748 2311 802 τῶν
2334 745 2592 814 ἐπιγείων
2620 742 2910 811 δεδομένης
2932 739 3013 817 7τῷ
3030 738 3304 808 ἀνθρώπῳ
3329 736 3545 804 τούτῳ,
3582 734 3786 797 κακῶς.

2203 839 2298 893 καὶ
2332 837 2483 907 παρὰ
2514 834 2576 887 τὸ
2604 833 2849 904 βούλημα
2878 830 2970 884 τοῦ
3002 830 3138 882 Θεοῦ
3168 826 3420 881 ποιοῦσιν
3467 828 3525 879 οἱ
3556 841 3785 896 προσευ-

2205 928 2421 999 χόμενοι
2452 925 2532 995 τῷ
2571 922 2710 992 Θεῷ,
2754 923 2788 992 ἢ
2821 920 3096 981 αίτοῦντές
3125 935 3177 971 τι
3212 918 3343 987 παρ’
3374 915 3557 969 αὐτοῦ
3586 916 3643 967 τί
3675 912 3783 966 ποτ’

2204 1015 2314 1074 οὖν’
2349 1019 2524 1071 πάντα
2549 1014 2658 1083 γὰρ
2680 1012 2776 1065 τοῦ
2810 1009 3095 1080 ἀνθρώπου
3123 1006 3312 1060 τούτου
3349 1005 3521 1059 εἰσιν.
3556 1005 3670 1057 Καὶ
3695 1006 3779 1057 ὅαι

2204 1111 2270 1165 ἂν
2305 1105 2678 1177 αίτησώμεθα,
2705 1102 2738 1171 ἢ
2770 1100 3014 1169 ἐπιγείου
3041 1098 3346 1169 βασιλείας,
3378 1097 3414 1165 ἢ
3444 1096 3779 1164 ἐπουρανίου

2206 1200 2343 1263 ἐστὶ,
2370 1197 2544 1250 ταῦτα
2574 1195 2631 1248 δέ
2673 1194 2851 1246 πάντα
2896 1189 2991 1243 τοῦ
3034 1186 3323 1259 ἀνθρώπου
3368 1187 3541 1241 εἰσίν.
3580 1187 3655 1238 Ἥ
3698 1181 3779 1237 οὖν

2206 1289 2615 1360 ἁμαρτάνουσιν
2637 1287 2683 1337 ot
2722 1282 2876 1353 παρὰ
2908 1280 3001 1334 τοῦ
3022 1280 3156 1333 Θεοῦ
3190 1297 3243 1332 τι
3291 1278 3586 1339 αἰτοῦντες
3620 1273 3780 1345 (οὗτος

2207 1381 2316 1450 γὰρ
2349 1378 2461 1447 ἔχει
2500 1375 2598 1447 τὴν
2632 1373 2902 1442 ἐξουσίαν,
2937 1370 3031 1425 καὶ
3069 1369 3465 1439 ἀμεταμέλητα
3508 1368 3609 1420 τοῦ
3660 1366 3783 1419 Θεοῦ

2206 1472 2275 1524 τὰ
2298 1466 2657 1541 χαρίσματα),
2696 1466 2728 1530 ἢ
2755 1464 2913 1534 είπερ
2931 1464 3012 1516 δεῖ
3042 1463 3118 1532 τῷ
3154 1461 3273 1531 Θεῷ
3298 1461 3369 1515 δι’
3411 1461 3589 1530 εὐχῆς
3614 1477 3786 1530 πρη-

2212 1563 2368 1624 ιέναι,
2400 1560 2650 1630 ἠπάτησε
2682 1559 2726 1590 δ’
2755 1549 2909 1618 οὗτος
2934 1557 3029 1608 καὶ
3061 1553 3450 1618 ἀλαζονεύεται
3490 1554 3678 1622 μάτην
3706 1551 3787 1603 15'-

2208 1668 2320 1720 γων
2341 1689 2357 1717 ,
2387 1667 2406 1700 ι
2465 1647 2651 1717 Ἐδόθη
2690 1664 2779 1717 μοι
2812 1646 2961 1698 πᾶσα
2999 1644 3234 1709 ἐξουσία,
3268 1663 3287 1695 ι
3321 1644 3493 1698 ἄλλον
3524 1641 3792 1696 διοικοῦν-

2212 1758 2302 1805 τος
2331 1741 2426 1795 καὶ
2472 1738 2838 1810 κυριεύοντος,
2860 1735 3006 1806 ᾇπερ
3034 1730 3188 1788 εἶπεν
3216 1735 3385 1798 αὐτὸς
3410 1735 3582 1803 ἔχειν.

2104 1857 2222 1914 XII.

791 1962 1150 2034 Interrogatio
1194 1968 1382 2016 contra
1448 1955 1853 2011 Nettort‘auum.

2553 1943 2863 2012 Ἐρώτησις
2890 1941 3039 2010 πρὸς
3061 1940 3490 2008 Νεστοριανόν.

1846 2066 2106 2133 (Turriauo
2137 2058 2461 2125 interprete.)

615 2173 685 2227 Α.
721 2167 858 2235 Quis
881 2175 1131 2223 nostrum
1171 2163 1411 2220 debitum
1440 2160 1600 2218 solvit
1632 2157 1874 2213 moriens
1907 2171 2005 2227 pro
2027 2171 2118 2210 no-

2301 2171 2365 2223 Δ.
2394 2167 2490 2230 Τίς
2526 2167 2588 2219 τὸ
2623 2165 2744 2219 καθ’
2771 2162 2927 2236 ἡμῶν
2956 2161 3317 2233 χειρόγραφον
3346 2158 3513 2230 χρέος
3544 2158 3799 2212 ἀπέτισεν

552 2267 658 2330 his,
699 2277 809 2333 quo
834 2262 1021 2321 debito
1051 2260 1229 2317 soluto
1250 2299 1265 2320 ,
1302 2272 1404 2313 nos
1426 2270 1455 2309 a
1485 2264 1660 2310 morte
1688 2265 1742 2308 et
1782 2249 2118 2319 corruption:

2231 2258 2516 2316 ἀποθανὼν
2548 2257 2685 2326 ὑπὲρ
2711 2254 2887 2326 ἡμῶν,
2918 2240 2981 2306 δι’
3008 2246 3077 2323 ἧς
3122 2251 3383 2312 ἐκτίσεως
3408 2247 3510 2301 τοῦ
3548 2247 3798 2311 θανάτου,

554 2356 764 2428 peccati
807 2354 1022 2411 liberati
1068 2351 1301 2408 sumus?
1332 2348 1473 2404 Deus
1510 2345 1793 2403 Verbum?
1827 2358 1898 2398 an
1928 2341 2130 2397 homo?

621 2536 686 2590 B.
716 2535 912 2592 Homo.

621 2630 690 2683 A.
717 2628 857 2684 Huic
922 2628 1090 2698 igitur
1147 2641 1310 2695 agere
1361 2624 1565 2695 gratias
1597 2638 1695 2695 pro
1729 2624 1904 2678 salute
1933 2628 2124 2676 nostra

555 2720 840 2783 debemus,
874 2718 1143 2788 siquidem
1177 2720 1295 2787 ipse
1325 2725 1409 2772 cst
1438 2724 1632 2770 auctor
1671 2713 1919 2769 beneficii
1961 2711 2125 2780 hujus

555 2825 684 2878 erga
743 2824 914 2879 genus
954 2809 1272 2862 humanum.
1310 2806 1569 2861 Videmus
1604 2806 1748 2860 enim
1793 2803 1963 2871 quod,
1997 2803 2124 2856 dum

558 2900 799 2954 debitum
856 2900 1002 2967 quod
1058 2899 1167 2952 Deo
1218 2898 1550 2951 debebamus
1605 2904 1724 2950 erat
1777 2902 1969 2965 coptra
2003 2909 2125 2960 nos,

560 2988 1040 3043 interimebatnos
1071 2996 1124 3039 et
1166 2986 1465 3054 perdebat;
1523 2992 1813 3055 postquam
1854 3000 1983 3040 vero
2014 2985 2118 3039 hoc

560 3073 744 3128 debito
781 3072 991 3127 liberati
1028 3087 1240 3135 sumus,
1297 3072 1431 3125 salvi
1474 3069 1605 3125 facti
1645 3087 1855 3139 sumus,
1896 3080 1949 3127 et
1976 3074 2123 3128 revi-

563 3165 763 3220 xhnus.

2226 2355 2319 2408 καὶ
2345 2352 2445 2422 τῆς
2480 2350 2709 2420 φθορᾶς,
2754 2346 2849 2399 καὶ
2881 2344 2979 2414 τῆς
3003 2341 3281 2412 ἁμαρτίας
3307 2338 3723 2409 ἠλευθέρωσεν,
3773 2340 3799 2388 6

2221 2440 2352 2508 Θεδξ
2386 2440 2631 2511 Λόγος,ἦ
2668 2441 2696 2492 6
2732 2437 3055 2507 ἄνθρωπος;

2293 2518 2354 2589 Β.
2396 2535 2454 2587 '0
2485 2532 2580 2585 ἄνθ
2590 2545 2792 2602 ρωπος.

2288 2631 2349 2682 Α.
2380 2625 2567 2695 Τούτῳ
2591 2622 2685 2677 καὶ
2713 2620 2812 2691 τὴν
2839 2615 3189 2689 εὐχαριστίαν
3202 2613 3304 2683 τῆς
3330 2610 3496 2682 ἡμῶν
3531 2608 3803 2679 σωτηρίας

2221 2718 2556 2791 προσφέρειν
2581 2713 2889 2782 ὀφείλομεν,
2913 2707 3102 2777 ἐπειδὴ
3142 2706 3304 2767 αὐτός
3341 2705 3497 2755 ἐστιν
3526 2704 3556 2754 6
3588 2702 3803 2771 εὐεργέ-

2221 2788 2322 2881 si];
2351 2807 2446 2861 τοῦ
2472 2806 2664 2874 γένους
2696 2802 2872 2872 ἡμῶν.
2920 2798 3169 2868 Ὀρῶμεν
3220 2795 3335 2864 γὰρ
3375 2793 3453 2855 ὡς
3498 2792 3671 2863 ἡνίκα
3719 2788 3805 2840 rei

2223 2901 2359 2954 Θεοῦ
2383 2899 2444 2952 τὺ
2472 2897 2630 2967 χρέος
2652 2890 2719 2964 ἦν
2742 2893 2862 2947 καθ’
2889 2890 3046 2961 ἡμῶν
3067 2888 3287 2955 ἔπνιγεν
3305 2887 3484 2955 ἡμᾶς,
3504 2885 3607 2937 καὶ
3628 2882 3805 2936 ἀπώλ-

2223 2990 2371 3043 λυεν.
2395 2988 2525 3040 Ὅτε
2548 2985 2606 3038 δέ
2633 2982 2827 3039 τούτου
2867 2978 3143 3049 ἐλεύθεροι
3163 2976 3504 3046 γεγόναμεν,
3534 2973 3809 3042 σεσὼσμεο

2228 3083 2318 3147 θα,
2358 3080 2450 3133 καὶ
2484 3076 2649 3146 ἀνεζή
2658 3090 2850 3144 σαμεν.

2118 3275 2261 3335 XIII.

1087 3374 1213 3429 Alia
1245 3374 1605 3446 interrogatio.

2764 3369 2953 3433 Ἄλλη
2978 3364 3284 3434 ἐρώτησις.

1915 3486 2175 3549 (Turriano
2218 3484 2547 3549 interprete.)

636 3581 699 3633 Α.
725 3579 972 3645 Quatuor
995 3584 1125 3632 sunt
1185 3575 1410 3629 Christi.
1452 3572 1617 3628 Verbi
1658 3574 1853 3643 gratia,
1882 3581 2037 3627 ortus
2067 3587 2118 3626 οι

2304 3572 2368 3623 Α.
2406 3568 2664 3639 Τέσσαρά
2691 3570 2828 3621 εἰσιν
2856 3566 2925 3619 τὰ
2951 3564 3044 3618 τοῦ
3078 3560 3341 3633 Χριστοῦ.
3372 3561 3519 3630 Φέρε
3545 3560 3744 3612 εἰπεῖν·
3776 3558 3803 3623 ἠ

566 3671 814 3741 Virgine,
878 3669 1159 3722 naturales
1194 3676 1247 3720 et
1294 3666 1452 3735 culpa
1495 3672 1753 3717 vacantes
1807 3662 2127 3731 passiones,

567 3778 702 3817 crux
734 3769 788 3814 et
813 3758 1095 3828 passiones
1130 3757 1339 3820 crucis,
1367 3764 1420 3809 et
1448 3770 1617 3808 mors.
1652 3752 1775 3807 Haec
1801 3752 1964 3821 390
1990 3765 2129 3821 qua-

569 3862 697 3906 tuor
725 3849 943 3921 propria
1004 3849 1231 3909 Christi,
1268 3847 1621 3900 transtulitne
1658 3846 1716 3898 in
1744 3845 2005 3912 scipsum,
2035 3851 2130 3895 aut

570 3942 773 4010 aliquid
804 3957 867 3995 ex
893 3939 1029 4009 ipsis
1062 3938 1205 3994 De‘us
1246 3937 1526 3992 Verbum?
1567 3951 1635 3989 an
1663 3935 1793 3989 nihil
1823 3948 2012 3990 eorum
2043 3948 2131 3989 as-

570 4031 819 4100 sumpsit,
860 4032 1117 4100 susccpit,
1159 4037 1213 4083 et
1238 4045 1335 4084 sua
1359 4029 1521 4083 fecit?

2076 4102 2105 4125 Ι

640 4210 702 4264 Β.
722 4210 923 4263 ουιηιιίο
951 4207 1199 4278 profecto
1228 4205 1491 4276 suscepit,
1526 4219 1631 4258 non
1656 4201 1999 4265 naturaliter,
2039 4199 2131 4255 sed

573 4303 926 4357 meonomice.

538 4464 543 4469 Δ
643 4394 706 4447 Α.
744 4392 895 4455 Esto,
939 4406 1050 4445 non
1107 4390 1451 4449 naturaliter,
1492 4388 1584 4442 sed
1620 4384 1990 4449 mconomice;
2038 4382 2132 4436 sed

574 4498 760 4554 quer
782 4493 963 4537 utrum
988 4497 1215 4545 vere,an
1251 4479 1409 4546 falso,
1437 4496 1504 4534 an
1541 4478 1808 4532 fallaciter
1832 4476 1856 4529 ἵ

644 4576 704 4630 Β.
730 4575 967 4640 Minime,
998 4577 1109 4630 imo
1136 4591 1284 4630 vere.

646 4670 710 4719 A.
753 4666 920 4734 Igitur
979 4667 1213 4719 dicimus
1275 4664 1419 4734 quod
1459 4666 1602 4718 Deus
1645 4662 1884 4718 Verbum
1912 4676 2041 4715 vere
2070 4675 2136 4714 ex

2235 3662 2487 3732 γέννησις
2541 3663 2570 3729 ἡ
2601 3662 2665 3712 ἐκ
2707 3656 2987 3727 γυναικὸς,
3025 3656 3094 3709 τὰ
3127 3654 3337 3723 φυσικᾶ
3382 3652 3480 3704 καὶ
3514 3651 3804 3719 ἀδιάϐλητι

2237 3754 2405 3822 πάθηο
2432 3755 2460 3805 6
2506 3749 2736 3821 σταυρὸς
2760 3751 2856 3802 καὶ
2892 3748 2961 3800 τὰ
2985 3746 3107 3801 κατ’
3144 3745 3308 3799 αὑτὸν
3356 3742 3540 3813 πάθη·
3588 3745 3619 3797 6
3654 3743 3803 3796 θάη-

2232 3863 2344 3908 τος.
2388 3842 2573 3896 Ταῦτα
2598 3842 2667 3893 τὰ
2694 3841 2958 3908 τέσσαρα,
3003 3839 3072 3890 τὰ
3112 3835 3205 3889 τοῦ
3231 3835 3479 3906 Χριστοῦ
3517 3836 3654 3895 ἴδια,
3688 3849 3804 3902 μετ-

2233 3934 2427 4004 έθηκεν
2453 3932 2613 3995 αὐτὰ,
2649 3931 2682 4000 ἡ
2715 3947 2767 3982 τι
2804 3927 2867 3993 ἐξ
2910 3927 3087 3979 αὐτῶν
3115 3927 3143 3978 6
3172 3924 3305 3986 Θεδς
3340 3924 3524 3990 Λόγος
3566 3924 3655 3991 i9”
3690 3924 3799 3973 ἐαυ-

2230 4027 2341 4090 τὸν,
2370 4025 2403 4094 ἢ
2432 4024 2584 4077 οὐδὲν
2613 4021 2795 4075 αὐτῶν
2821 4019 3103 4084 ἀνέλαϐεν,
3135 4016 3229 4070 καὶ
3262 4015 3584 4082 ἀνεδέξατο,
3616 4016 3719 4067 καὶ
3740 4016 3804 4065 ai-

2232 4117 2501 4172 κειώσατο
2519 4130 2534 4179 ;

2302 4205 2362 4257 B.
2397 4203 2507 4255 Ναὶ
2559 4201 2757 4267 πάντα,
2805 4200 2866 4253 οὺ
2921 4196 3188 4267 φυσικῶς,
3218 4195 3358 4250 ἀλλὰ
3385 4196 3581 4266 τρόπῳ
3610 4198 3805 4248 οἰκονο-

2234 4298 2382 4367 μίας.

2300 4389 2366 4442 Α.
2396 4387 2508 4440 Καὶ
2540 4387 2679 4439 ἔστω
2711 4384 2953 4452 φυσικῶς
2976 4384 3041 4447 ⁸³,
3098 4382 3235 4436 ἀλλὰ
3268 4383 3364 4434 καὶ
3403 4382 3801 4450 οἰκονομικῶς·

2234 4472 2375 4547 πλὴν
2420 4478 2670 4547 ἀληθείᾳ,
2695 4477 2727 4546 ἢ
2757 4475 2918 4545 μόνον
2949 4473 3224 4543 φαντασίᾳ.
3284 4472 3382 4525 καὶ
3412 4473 3645 4543 dudm;

2305 4570 2364 4621 Β.
2401 4568 2556 4639 Οὐχὶ,
2591 4567 2705 4620 ἀλλ’
2725 4565 2959 4636 ἀληθῶς.

2305 4662 2368 4715 Α.
2401 4659 2611 4714 Οὐκοῦν
2640 4659 2899 4727 λέγομεν,
2941 4658 3024 4709 ὄτι
3069 4658 3095 4708 6
3140 4654 3277 4717 Θεὸς
3331 4654 3508 4720 Λόγος
3557 4654 3794 4720 ἐγεννῆξτς

578 4756 800 4825 Virgine
823 4756 1042 4827 genitus
1069 4765 1174 4820 cst,
1234 4757 1486 4821 esurivit,
1537 4755 1727 4818 sitivit,
1758 4753 2118 4818 naturalesqut

2243 4751 2460 4820 ἀληθῶς
2507 4753 2571 4803 ἐκ
2609 4750 2888 4818 γυναικὸς,
2910 4748 3020 4801 καὶ
3064 4748 3378 4817 ἐπεξνησεν,
3419 4746 3518 4799 καὶ
3542 4746 3794 4813 ἐδίιζνηςῖγ.

578 4849 859 4918 passiones
885 4848 1090 4911 habuit,
1118 4857 1172 4901 ct
1203 4848 1517 4908 cruciﬁxus.
1548 4854 1601 4900 ct
1632 4852 1881 4898 mortuus
1909 4852 2014 4897 est.
2046 4840 2118 4895 Hi:

2240 4844 2333 4895 καὶ
2365 4842 2434 4893 τὰ
2482 4842 2686 4910 φυσικὰ
2741 4840 2896 4909 ἔσχεν
2953 4838 3123 4908 πάθη,
3164 4839 3260 4890 καὶ
3319 4837 3672 4907 ἐσταυρώθη,
3724 4836 3797 4884 ιεὶ

579 4939 960 5006 conturbatus,
992 4948 1045 4994 et
1071 4947 1247 4994 tortus
1276 4939 1586 4999 haereticus,
1608 4937 1899 4993 clamavit;
1921 4933 2117 4989 Diccha

2240 4933 2533 4988 ἀπέθανεν.
2580 4933 2706 4985 Ἐπὶ
2725 4931 2937 4993 τούτοις
2961 4931 3016 4983 δὲ
3045 4930 3453 5001 θορυϐούμενος
3500 4930 3597 4981 καὶ
3624 4926 3793 4996 (ξοὸσῷ

581 5040 760 5087 autem
799 5033 911 5086 lucc
965 5041 1019 5088 et
1058 5033 1285 5087 docebat
1321 5033 1624 5094 Abucaras,
1677 5028 2023 5097 distinguens
2056 5027 2118 5079 δυ

2246 5042 2406 5095 μενος
2440 5027 2468 5078 6
2494 5023 2766 5095 αἱρετικὸς
2796 5021 3118 5097 ἀνέκραξεν.
3154 5020 3388 5087 Ἔλεγεν
3414 5020 3473 5072 δὲ
3511 5016 3685 5073 ταῦτα
3723 5018 3795 5069 ηδ

580 5124 844 5194 ψηφίδων,
906 5124 958 5177 id
1020 5131 1124 5187 est,
1172 5124 1382 5177 minute
1421 5130 1478 5176 et
1520 5105 1815 5185 subtiliter,
1852 5119 2019 5172 veluti
2075 5134 2118 5170 at

2240 5114 2593 5185 ἐδογμάτιζεν
2640 5113 3049 5181 ὁᾺῦουκαρᾶς,
3083 5110 3174 5162 διὰ
3206 5111 3408 5180 ψήφων

580 5216 851 5271 calculum
870 5218 1048 5270 omnia
1077 5230 1359 5281 revocans,
1380 5213 1662 5281 explicans
1681 5227 1767 5266 res
1787 5219 1841 5266 et
1862 5224 2144 5278 personas:

686 5370 917 5425 “Matth.
949 5386 1130 5430 xxvm,
1153 5368 1235 5423 18.

3448 5104 3498 5135 ⁸⁸
3528 5112 3598 5174 ὰς
3612 5110 3799 5177 δρέζεπι

2243 5208 2337 5261 καὶ
2359 5205 2633 5274 διασαφῶν
2667 5208 2736 5258 τὰ
2760 5205 3084 5275 πράγματα,
3112 5202 3206 5255 καὶ
3226 5202 3298 5254 τὰ
3324 5202 3616 5272 πρᾶσωπα,
3644 5198 3797 5255 uiri-ri

1838 5476 2068 5531 Vili”?
2119 5473 2520 5529 LECTIONliS.

654 5603 697 5633 δ’
720 5600 1012 5669 ὴπάτηται.
1091 5600 1135 5630 ⁵³
1169 5598 1328 5651 Τιιιϊ.
1368 5597 1425 5647 οὐ
1458 5592 1719 5662 φυσικῶς.
1798 5591 1838 5621 ⁸³
1872 5588 2030 5642 Turt'.
2075 5588 2118 5637 δι

2231 5587 2453 5654 agrian»).
2480 5584 2537 5636 (ἒ.
2576 5583 2629 5636 Β.
2665 5583 2847 5653 ’ξιήδων
2884 5583 3101 5637 vitiose.
