3928 6130
151 266 174 328 1
185 269 278 330 $.37

1543 259 1952 322 OPUSCULA.

3259 269 3388 332 15ἶ8

149 379 348 448 καὶτῷ
392 373 678 444 Ἀγαρηνῷ
726 373 1090 428 ὑποδεικνύων
1141 370 1318 438 ἔλεγε,
1365 367 1444 422 ὅτι
1496 371 1524 422 ὁ
1578 371 1695 435 Θεὸς

1814 372 1956 427 sicut
2019 381 2206 426 contra
2265 372 2545 444 Agarenos
2595 373 2996 431 demonstravit
3053 379 3198 446 quod
3245 377 3388 436 Deus

149 473 266 526 Υίὸν
289 473 422 526 ἐγει.

213 491 266 526 ον
289 491 422 540 εχει.

212 560 338 619 Εἶτα
373 563 534 616 πάλιν
556 559 808 631 ἠρώτησε
829 559 918 612 τὸν
944 557 1302 629 Νεστοριανὸν
1337 557 1364 608 ὀ
1381 557 1710 627 Ὀροόδοξος·

1813 464 2036 518 haberet
2087 463 2308 520 Filium.

1880 550 2096 606 Rursus
2156 552 2514 623 interrogavit
2583 553 2968 609 Nestorianum
3019 556 3380 613 Catholicus:

158 659 210 708 't)
227 656 476 726 Χριστὸς,
493 655 610 725 ἦτοι
630 655 658 707 ὀ
681 652 779 706 ἄνθ
791 668 990 722 ρωπος,
1007 652 1063 704 ὲν
1084 653 1150 720 τῇ
1171 649 1350 719 κοιλίᾳ
1365 649 1464 718 τῆς
1489 649 1695 719 Μητρὸς

1814 641 2082 704 Christus,
2109 644 2160 696 id
2195 655 2300 706 est,
2325 645 2490 699 homo
2521 646 2574 699 in
2600 655 2788 701 ventre
2821 647 3012 703 Matris
3039 664 3149 702 suae
3178 663 3384 719 Cogno-

145 747 298 800 αὺτοῦ
331 748 598 818 ἐγνώρισε
625 745 718 799 τὸν
753 743 884 798 Θεὸν
923 743 1126 811 Λόγον;
1195 791 1208 800 ,

212 842 266 892 Β.
316 839 474 908 Οὐχί.
530 838 666 890 Τότε
721 839 770 889 el
837 835 1086 897 συνόντες
1131 834 1280 904 αὐτῷ
1331 832 1706 904 Νεστοριανοὶ,

1807 735 1884 786 vit
1919 733 2088 788 Deum
2129 733 2403 790 Verbum?

1879 823 2351 902 B..Nequaquam.
2411 826 2566 882 Tune
2623 827 2958 894 Nestoriani,
3006 830 3098 899 qui
3131 830 3382 895 aderant,

147 934 456 1002 βλάσφημον
513 929 858 1000 ἡγησάμενοι
905 926 967 978 τὸ
1030 927 1206 997 ῥῆμα,
1254 925 1605 1002 ἐπετίμησαν
1633 923 1695 992 τίξ

1814 915 2056 969 arbitrati
2091 916 2486 985 blasphemiam
2517 933 2657 981 esse,
2699 921 2846 988 quod
2885 936 3204 990 responsum
3243 929 3380 982 erat,

141 1001 237 1088 τῆς
293 1001 554 1088 αίρὲσεως
606 1015 786 1069 αὐτῶν
844 1011 1274 1082 ὑπερασπίζοντι
1334 1009 1547 1079 ὲξάρχῳ
1580 1001 1702 1062 ἔπι-

143 1111 302 1179 στίχῳ
351 1109 508 1171 τάξιν
559 1105 828 1176 ἐπέχοντι,
861 1104 958 1156 καὶ
980 1103 1296 1172 ἀπέστησαν
1331 1101 1424 1153 ἀπ’
1447 1100 1632 1153 αὑτοῦ.

1813 1006 2280 1075 reprehenderunt
2311 1009 2486 1072 illum,
2523 1011 2614 1078 qui
2651 1011 2901 1066 haeresim
2940 1009 3172 1064 Nestorii
3197 1010 3391 1064 defen-

1815 1098 2010 1163 debat;
2041 1106 2094 1154 et
2121 1099 2494 1156 discesserunt
2526 1102 2594 1156 ab
2627 1117 2712 1155 eo.

1689 1229 1834 1286 XIV.
1891 1247 1894 1250 '

321 1333 548 1396 Ἄλλος
588 1328 867 1398 διάλογος
894 1326 1044 1394 πρὸς
1079 1327 1507 1394 Νεστοριανόν.

2211 1324 2469 1396 Dialogus
2504 1343 2624 1380 cum
2656 1325 3003 1384 Nestoriano.

1285 1439 1570 1503 (Francisco
1592 1440 1832 1490 Turriano
1855 1440 2176 1502 interprete.)

207 1557 264 1607 Β.
297 1554 396 1607 Διὰ
425 1553 478 1606 τί
525 1555 816 1608 Θεοτόκον
845 1551 944 1619 τὴν
993 1549 1216 1620 Μαρίαν
1257 1548 1575 1620 ὀνομάζετε,
1611 1549 1708 1600 καὶ

140 1647 253 1714 οὐχὶ
286 1645 482 1714 μᾶλλον
509 1643 945 1711 Χριστοτόκον;
969 1640 1248 1704 ἀπόδειξον
1279 1642 1344 1692 ὲκ
1367 1640 1466 1709 τῆς
1484 1637 1706 1709 Γραφῆς

137 1736 232 1806 τήν
267 1734 553 1787 Θεοτόκου
587 1734 790 1802 φωνήν.

205 1827 266 1878 Α.
311 1823 614 1888 Ἀπόδειξον
641 1822 698 1875 δέ
731 1839 820 1892 μοι
859 1822 922 1873 σὺ
953 1820 1074 1890 τὴν,
1106 1820 1504 1888 Χριστοτόκος
1535 1857 1550 1871 .

1875 1547 1934 1602 Β.
1969 1545 2150 1613 Quare
2197 1547 2420 1602 Mariam
2491 1550 2778 1602 Theotocon
2827 1551 3146 1614 nominatis,
3183 1559 3374 1606 etnon

1805 1641 1986 1708 potius
2041 1638 2455 1695 Christolocou?
2485 1641 2794 1697 demonstra
2851 1659 2918 1698 ex
2963 1645 3378 1714 Scripturisvo-

1803 1743 1923 1782 cem
1950 1727 2264 1782 Theotocos.

1873 1820 1940 1874 A.
1979 1819 2300 1874 Demonstra
2326 1829 2380 1875 tu
2419 1821 2550 1874 mihi
2575 1837 2761 1876 vocem
2795 1821 3174 1878 Christotocos.

205 1917 261 1968 B.
293 1916 422 1968 Ναί·
463 1915 556 1968 τοῦ
600 1914 709 1984 γὰρ
749 1913 924 1982 Ἰησοῦ
958 1912 1258 1983 Χριστοῦή
1309 1911 1564 1982 γέννησις
1602 1909 1695 1962 οῦ-

1874 1911 1936 1965 Β.
1962 1909 2153 1965 Nonne
2181 1909 2308 1965 Jesu
2337 1911 2542 1965 Christi
2574 1913 2861 1980 generatio
2891 1913 2972 1966 sic
3005 1914 3161 1968 erat?
3191 1932 3210 1965 ς
3239 1913 3374 1968 Cum

137 2026 242 2071 τως
265 2003 348 2078 ἦν·
389 2027 407 2059 t
451 1999 898 2076 Μνηστευθείσης
921 2005 1026 2074 γὰρ
1051 2005 1149 2074 τῆς
1195 2002 1416 2073 Μητρὸς
1445 2000 1634 2064 αὐτοῦ,
1674 2019 1692 2052 ι

139 2099 230 2153 καὶ
293 2100 359 2152 τὰ
429 2097 573 2168 ἑξῆς.
645 2095 855 2162 Οὐκοῦν
922 2098 954 2165 ή
1016 2095 1106 2147 τὸν
1185 2093 1397 2164 Ἰησοῦν
1467 2093 1702 2162 Χριστὸν

137 2191 470 2260 γεννήσασα,
531 2189 712 2258 δῆλον,
781 2188 862 2240 ὅτι
929 2189 1328 2254 Χριστοτόκος
1393 2185 1701 2254 ὀνομασθή-

140 2296 307 2333 σεται.

203 2367 264 2418 A.
307 2363 446 2432 Ἐγὼ
475 2365 574 2434 τὴν
607 2365 790 2434 φωνὴν
821 2363 990 2436 αὐτὴν
1041 2363 1218 2434 ῥητῶς
1260 2363 1563 2434 λεγομένην
1604 2366 1704 2416 ἁπ-

136 2457 323 2526 ῄτησα,
352 2456 490 2524 ὅπερ
524 2456 620 2506 καὶ
653 2455 716 2506 σὺ
746 2454 866 2524 τὴν,
917 2454 1224 2518 Θεοτόκος,
1253 2453 1383 2522 παρ’
1418 2451 1550 2522 ἐμοῦ
1574 2453 1702 2523 ἐζή-

137 2563 320 2615 τησας.
349 2546 413 2598 Εί
461 2545 519 2597 δὲ
547 2544 722 2615 τούτῳ
778 2543 855 2614 τῷ
893 2543 1082 2612 τρόπῳ
1113 2545 1212 2613 τὴν
1239 2543 1514 2608 ἀπόδειξιν
1547 2545 1698 2614 ποιῇ,

137 2636 286 2705 κάγὼ
323 2637 411 2690 διὰ
435 2635 647 2706 μυρίων
679 2638 746 2688 ὲκ
791 2635 889 2704 τῆς
935 2635 1157 2704 Γραφῆς
1199 2637 1452 2704 χρήσεων
1484 2635 1700 2687 ἀποδει-

137 2731 308 2782 κνύων
356 2728 488 2782 Θεὸν
531 2727 625 2780 τὸν
677 2725 931 2797 Χριστὸν,
968 2726 1450 2794 συναποδείκνυμι,
1478 2727 1560 2779 ὅτι
1609 2727 1700 2779 καὶ

134 2827 168 2892 ἡ
195 2823 350 2876 αὐτὸν
369 2817 627 2885 τεκοῦσα,
651 2821 938 2882 Θεοτόκος
958 2818 1162 2885 ὀφείλει
1178 2817 1562 2888 ὀνομάζεσθαι·
1585 2817 1701 2880 πῶς

67 2965 72 2968 .
133 2915 240 2982 γὰρ
271 2913 330 2965 ού
359 2909 672 2981 Θεοτόκοςή
701 2909 831 2963 Θεὸν
877 2910 990 2961 υίὸν
1015 2907 1242 2978 ἕχουσα;
1277 2909 1309 2978 ἦ
1342 2908 1482 2972 είπὲ,
1542 2907 1699 2979 εἴπερ

131 3005 354 3076 τολμᾷς,
385 3007 451 3075 τῇ
485 3001 578 3056 τοῦ
609 3001 874 3072 βασιλέως
909 3001 1098 3071 μητρὶ,
1143 3002 1224 3052 ὃτι
1263 3000 1376 3052 Ούκ
1406 2999 1700 3068 ἐγέννησας

131 3095 382 3162 βασιλέα,
416 3093 511 3147 καί⁵
537 3093 750 3146 ὅτιούκ
780 3088 829 3143 εἷ
865 3092 1048 3160 μήτηρ
1075 3091 1170 3143 τοῦ
1201 3089 1484 3160 βασιλέως.
1519 3088 1616 3140 Διὰ
1645 3088 1698 3141 τί

125 3185 188 3235 δὲ
215 3182 551 3251 καλουμένου
583 3179 750 3232 αὐτοῦ
799 3179 974 3248 Ἰησοῦ
1007 3177 1265 3250 Χριστοῦ,
1290 3180 1352 3230 ού
1387 3179 1566 3240 καλεῖς
1599 3178 1698 3246 τὴν

1804 2005 1948 2059 enim
1981 2005 2308 2074 desponsata
2339 2012 2486 2059 esset
2515 2003 2685 2058 Mater
2755 2004 2876 2073 ejus
2904 2014 2950 2068 ι,
2997 2025 3017 2058 ι
3052 2013 3105 2060 et
3141 2022 3246 2078 qux
3286 2022 3374 2062 se-

1803 2101 2067 2162 quuntur.
2103 2093 2273 2164 Igitur
2308 2109 2428 2162 quae
2461 2093 2649 2163 genuit
2675 2093 2860 2148 Jesnm
2899 2094 3200 2160 Christum,
3241 2111 3376 2150 sane

1803 2185 2158 2240 Christotocos
2197 2185 2589 2239 nominabitur.

1871 2364 1935 2417 A.
1971 2349 2086 2433 Ego
2144 2361 2286 2416 hanc
2331 2376 2544 2428 vocem,
2597 2376 2858 2430 expresse
2911 2362 3116 2416 dictam
3184 2362 3371 2430 petivi,

1802 2453 1945 2507 sicut
1970 2463 2026 2506 tu
2065 2467 2249 2506 vocem
2281 2451 2588 2505 Theotocos.
2613 2451 2769 2517 Quod
2805 2451 2854 2506 si
2884 2452 2950 2505 ad
2983 2453 3126 2505 hunc
3153 2453 3372 2505 modum

1803 2543 2172 2606 demonstras,
2206 2557 2305 2613 ego
2333 2543 2498 2597 etiam
2528 2557 2652 2596 cum
2699 2543 2923 2596 inﬁnitis
2955 2542 3374 2596 auctoritatibus

1804 2633 2098 2704 Scriptura:
2125 2633 2401 2688 Christum
2433 2633 2598 2688 Deum
2617 2649 2740 2691 esse
2757 2634 2947 2704 probo,
2975 2634 3132 2688 simul
3175 2634 3371 2704 probo,

1802 2741 1923 2795 qua:
1953 2727 2128 2795 ipsum
2165 2725 2397 2795 peperit,
2432 2724 2628 2780 debere
2663 2725 2956 2780 Theotocon
3001 2727 3292 2790 nominari,
3319 2733 3376 2780 et

1802 2818 2074 2888 quomodo
2109 2833 2216 2870 non
2289 2816 2574 2871 Theotocos
2605 2818 2834 2872 dicenda
2863 2827 2966 2878 est,
3019 2833 3140 2888 qua:
3203 2818 3372 2871 Deum

1802 2909 1970 2962 tilium
2007 2908 2217 2962 habet?
2261 2917 2354 2962 aut
2398 2908 2508 2972 dic,
2543 2909 2590 2962 si
2617 2907 2806 2974 audes,
2847 2909 3006 2962 matri
3037 2909 3220 2977 regis:
3251 2907 3372 2962 Non

1799 3001 2035 3070 genuisti
2063 3013 2267 3072 regem,
2315 3016 2488 3070 neque
2524 3009 2698 3054 mater
2735 3000 2878 3071 regis
2908 3016 2988 3056 es.
3033 3001 3210 3066 Quare
3245 3015 3370 3054 eum

1799 3103 2028 3146 Vocetur
2065 3089 2226 3146 Jesus
2287 3090 2563 3154 Christus,
2607 3107 2715 3145 non
2775 3106 2936 3146 vocas
2986 3090 3210 3146 Matrem
3249 3093 3370 3161 ejus

1799 3182 2102 3248 Jesutocon,
2145 3184 2238 3238 sed
2295 3183 2478 3252 potius
2525 3184 2894 3252 praetermisso
2927 3167 3372 3252 primo'nomine

129 3275 360 3344 Μητέρα
385 3271 550 3326 αὐτοῦ
595 3273 1013 3338 Ἰησουτόκον,
1045 3271 1178 3324 ἀλλὰ
1202 3270 1444 3340 ὑπερϐὰς
1476 3269 1568 3322 τοῦ
1603 3269 1695 3338 Ἰη-

1814 3274 1928 3329 lesu
2005 3289 2165 3329 vocas
2194 3273 2351 3344 391
2408 3289 2524 3328 eam
2561 3273 2970 3330 Chrislotocon?
3008 3273 3163 3340 Quod
3205 3275 3371 3344 igitur

131 3364 224 3416 σοῦ
265 3363 456 3432 ὕνομα,
484 3360 772 3430 ὀνομάζεις
805 3359 974 3430 αὐτὴν
994 3361 1428 3428 Χριστοτόκονί;
1453 3359 1591 3428 ὅπερ
1638 3357 1695 3411 δὲ

125 3455 194 3506 σὺ
233 3453 501 3522 ἐποίησας
545 3453 640 3504 ἐπὶ
677 3450 771 3504 τοῦ
801 3450 1289 3518 Ἰησοῦόνόματος
1319 3443 1694 3517 παραδραμὼν

121 3547 280 3610 αὐτὸ,
335 3544 430 3597 καὶ
482 3543 544 3596 τὸ
589 3542 847 3610 Χριστὸς
909 3541 1288 3610 ἐκλεξάμενος,
1341 3539 1498 3592 τοῦτο
1539 3537 1693 3606 κάγὼ

120 3634 400 3704 πεποίηκα
447 3630 820 3704 παραδραμὼν
853 3630 914 3682 τὸ
963 3630 1218 3699 Χριστὸς
1266 3629 1452 3700 ὄνομα,
1489 3633 1581 3682 καὶ
1633 3628 1696 3681 τὸ

119 3725 272 3790 Θεὸς
301 3723 660 3794 ἐκλεξάμενος
682 3723 743 3776 τὸ
777 3723 1014 3794 πρῶτον,
1047 3723 1138 3775 καὶ
1175 3723 1382 3793 κύριον,
1428 3725 1518 3774 καὶ
1546 3721 1692 3788 ἐξαί-

118 3835 302 3888 ρετον.
354 3818 450 3870 Ἐκ
486 3818 592 3885 γὰρ
623 3817 718 3868 τοῦ
744 3815 1302 3886 κρείττονοςμέρους,
1350 3816 1450 3868 οὐκ
1478 3818 1541 3868 ὲκ
1597 3815 1690 3870 τοῦ

111 3913 384 3980 χείρονος,
419 3911 476 3961 al.
497 3907 1128 3978 προσηγορίαιτίθενται,
1165 3909 1260 3960 καὶ
1285 3908 1518 3977 μάλιστα
1545 3907 1694 3975 παρὰ

109 4002 228 4053 τῶν
255 3999 644 4062 ἐπαινούντων,
677 4001 770 4052 καὶ
791 4001 955 4069 τιμᾷν
979 3999 1341 4070 βουλομένων.

187 4093 252 4144 Β.
293 4091 436 4144 Ἀλλ’
471 4091 567 4144 ἐὰν
603 4091 742 4143 εἴπω
777 4091 1084 4156 Θεοτόκος,
1119 4093 1368 4160 ὲμφαίνω
1397 4093 1487 4144 τὸν
1519 4093 1692 4146 Πατέ-

108 4201 206 4252 ρα,
261 4184 358 4234 καὶ
378 4181 468 4233 τὸν
489 4181 632 4244 Υίὸν,
667 4183 760 4235 καὶ
789 4181 848 4233 τὸ
885 4179 1038 4248 ἅγιον
1069 4181 1294 4250 Πνεῦμα
1323 4181 1382 4247 ἐξ
1407 4184 1574 4254 αὐτῆς
1599 4201 1692 4252 γε·

103 4273 434 4343 γεννῆσῢαι.
480 4272 536 4326 ’0
581 4273 688 4342 γὰρ
740 4273 886 4336 Θεὸς
925 4273 1210 4337 άπολύτως
1247 4275 1560 4348 λεγόμενος,
1617 4279 1690 4348 μὴ

101 4366 400 4435 ἐπιφέρων
443 4365 502 4418 τὸ
535 4365 894 4418 ὑποστατικὸν
947 4367 1146 4437 ἰδίωμα
1179 4369 1276 4436 τῆς
1331 4371 1688 4440 πατρότητος,

99 4459 136 4526 ἣ
201 4455 306 4508 τοῦ
363 4455 706 4524 Πνεύματος,
757 4459 855 4527 τὴν
916 4459 1077 4526 ἁγίαν
1124 4459 1250 4530 ὃλην
1307 4462 1512 4531 Τριάδα
1563 4465 1691 4534 ἐσή-

101 4567 312 4621 μανεν.

1804 3374 1862 3420 ιιι
1895 3365 2072 3420 fecisti
2101 3365 2154 3418 in
2199 3365 2422 3419 nomine
2475 3363 2653 3429 Jesus,
2685 3381 2805 3422 cum
2841 3368 3117 3433 praeterito
3151 3368 3370 3422 nomine

1795 3457 1946 3520 Jesu,
1985 3471 2182 3510 nomen
2251 3454 2452 3510 Christi
2499 3455 2734 3524 elegisti,
2785 3455 2886 3509 hoc
2917 3471 3017 3525 ego
3052 3459 3213 3510 etiam
3239 3458 3364 3522 feci,

1745 3583 1750 3586 -
1797 3547 2168 3618 praetermisso
2221 3546 2442 3600 nomine
2473 3545 2737 3612 Christus,
2771 3561 2968 3600 nomen
3023 3547 3164 3602 Deus
3229 3549 3366 3619 elegi

1797 3639 2058 3708 primum,
2087 3647 2142 3690 et
2169 3635 2473 3705 proprium,
2499 3643 2552 3688 et
2573 3635 2866 3689 excellens.
2899 3637 2944 3688 Α
2972 3638 3193 3692 meliore
3222 3639 3364 3693 enim

1797 3737 1970 3797 parte,
2003 3742 2114 3782 non
2147 3743 2176 3778 a
2203 3727 2414 3780 minore
2443 3710 2829 3794 appEllationes
2863 3725 3018 3791 ﬁunt,
3053 3743 3116 3782 ac
3145 3729 3362 3783 nomina

1795 3817 2152 3886 imponuntur
2182 3817 2248 3872 ab
2273 3817 2339 3871 iis
2368 3817 2667 3885 praesertim
2722 3817 2814 3887 qui
2837 3819 3076 3886 laudant,
3101 3829 3154 3874 et
3193 3821 3366 3875 hono-

1793 3923 1918 3962 rare
1949 3907 2156 3963 volunt.

1867 4115 1927 4166 Β.
1969 4111 2038 4164 At
2071 4111 2116 4164 si
2183 4107 2306 4162 dico
2364 4105 2680 4170 Theotocon,
2731 4107 2998 4178 significo,
3035 4111 3272 4177 Patrem,
3312 4123 3366 4168 et

1793 4204 2011 4266 Filium,
2041 4209 2094 4256 et
2132 4199 2398 4270 Spiritum
2440 4207 2688 4253 sanctum
2717 4213 2780 4253 ex
2811 4201 2928 4268 ipSa
2975 4202 3188 4270 genitos
3222 4219 3362 4258 esse-

1793 4295 1895 4361 Qui
1928 4295 2072 4347 enim
2107 4291 2362 4345 absolute
2387 4289 2519 4342 dicit
2553 4288 2708 4352 Deus,
2739 4299 2790 4343 et
2822 4305 2924 4344 non
2959 4289 3163 4344 indicat
3199 4293 3366 4364 hypo-

1793 4385 2042 4440 staticam
2077 4382 2466 4452 proprietatem
2511 4379 2875 4449 paternitatis,
2917 4391 3011 4435 aut
3067 4381 3363 4446 ﬁliationis,

1793 4483 1888 4528 aut
1915 4451 2156 4543 Spiritus
2183 4472 2382 4538 sancti,
2445 4479 2614 4523 totam
2653 4451 2976 4525 Trinitatem
3012 4472 3360 4542 signiﬁcavit.

176 4665 248 4716 Α..
287 4663 403 4716 Ούκ
448 4662 678 4733 εἴρηκας
711 4664 928 4734 ἀληθὲς,
964 4665 1100 4718 ἀλλὰ
1135 4667 1496 4736 προφασίζεις
1553 4687 1688 4740 προ-

1867 4677 1929 4727 A.
1986 4673 2359 4742 Nequaquam,
2421 4671 2564 4741 quod
2635 4671 2795 4736 dicis,
2829 4686 3015 4726 verum
3063 4681 3186 4742 est;
3231 4677 3366 4746 quin

99 4757 316 4824 φάσεις
351 4757 408 4808 ὲν
445 4757 764 4827 ἁμαρτίαις
793 4759 912 4809 ἐπεὶ
947 4757 1218 4825 ἀνάγνωθι
1265 4760 1364 4829 τὴν
1398 4761 1570 4832 ἀρχὴν
1601 4761 1698 4830 τῆς

99 4845 252 4914 πρὸς
304 4845 612 4915 Ῥωμαίους
655 4846 976 4916 Ἐπιστολῆς
1001 4846 1236 4900 Παύλου.

179 4937 244 4988 ίῖ.
305 4951 325 4985 ι
367 4935 574 4998 Παῦλος
603 4935 787 5000 δοῦλος
835 4937 1008 5006 Ἰησοῦ
1048 4937 1286 5008 Χριστοῦ
1331 4939 1524 5009 κλητὸς
1559 4940 1694 4993 ἁπό-

94 5027 310 5087 στολος
335 5026 716 5098 ἀφωρισμένος
746 5029 824 5091 είς
843 5028 1176 5096 Εὑαγγέλιον
1205 5030 1360 5085 Θεοῦ.
1389 5049 1408 5083 ο

173 5117 246 5168 Α.
305 5113 370 5166 Τί
428 5119 596 5182 εστιν,
651 5111 808 5180 οὗτος
854 5120 882 5170 ὀ
937 5119 1090 5184 Θεὸς,
1153 5121 1324 5190 ήγουν
1379 5123 1506 5175 ποία
1567 5123 1696 5176 67:6-

91 5227 343 5276 στασιςς

173 5301 244 5354 Β.
293 5301 358 5352 Ἱῐ
389 5301 560 5371 Τριὰς
589 5303 706 5372 ὅλη.

169 5395 242 5444 Α.
309 5393 512 5462 Ὀρθῶς
574 5393 787 5463 ἐψεύσω
843 5395 984 5448 κατὰ
1037 5396 1134 5464 τῆς
1184 5395 1376 5449 ἑαυτοῦ
1433 5397 1690 5467 κεφαλῆς.

103 5487 168 5535 Ἄ
213 5483 430 5547 άγνωθι
465 5483 534 5535 τὰ
563 5483 816 5553 ἐχόμενα.

179 5681 202 5714 2
229 5674 405 5726 Matth
467 5691 503 5738 ι,
545 5675 632 5728 l8.
743 5686 770 5724 Υ
799 5675 956 5730 “Olli.
991 5694 1027 5738 ι.
1063 5679 1112 5734 l.

1796 4769 1976 4839 pctius
2026 4780 2260 4820 excusas
2322 4764 2700 4818 excusationes
2777 4765 2828 4816 iu
2899 4767 3163 4834 peccatis.
3225 4767 3367 4841 Lege
3447 4815 3450 4818 .

1794 4859 1937 4912 enim
1968 4856 2294 4925 principium
2333 4855 2584 4924 Epistolac
2615 4854 2682 4908 ad
2715 4853 3010 4908 Romanos.

1865 4947 1926 5001 Β.
1961 4967 1979 4998 ‹
2011 4946 2214 5000 Paulus
2274 4961 2463 5000 servus
2507 4944 2636 5000 Jesu
2698 4943 2899 5000 Christi
2948 4957 3265 5016 segregatus
3305 4945 3358 5003 iu

1793 5039 2147 5108 Evangelium
2192 5035 2284 5092 Dei
2316 5045 2367 5089 1.
2410 5055 2426 5087 ι

1863 5133 1928 5184 Δ.
1957 5130 2096 5195 Quid
2133 5139 2216 5184 est
2257 5129 2360 5183 iste
2389 5127 2576 5182 Deus?
2607 5135 2661 5181 et
2681 5127 2858 5196 qualis
2896 5141 3124 5197 persona
3151 5129 3174 5181 ?

1865 5305 1920 5356 Β.
1952 5303 2088 5357 Tota
2123 5303 2382 5359 Trinitas.

1861 5399 1926 5452 Λ.
1971 5398 2137 5452 Recte
2169 5398 2431 5452 mentitus
2461 5413 2520 5454 es
2555 5397 2608 5450 in
2648 5405 2813 5466 caput
2875 5404 3048 5451 tuum.
3075 5395 3216 5468 Lege
3241 5414 3362 5467 (μιεε

1791 5497 2117 5557 sequuntur.
