3928 6130
577 272 708 339 1539

1769 269 2163 332 THEODORI
2194 272 2563 334 ABUCARAE

3706 277 3829 338 15m

635 372 714 435 B.’
747 399 766 434 ι
800 380 953 448 Quod
978 386 1106 435 ante
1173 377 1508 448 promiserat
1547 388 1644 448 per
1672 379 1972 450 prophetas
2005 396 2135 439 suos

2312 384 2374 438 B.
2413 402 2434 436 ι
2480 381 2545 438 ‘0
2571 382 3047 456 προεπηγγείλατο
3077 383 3167 437 διὰ
3186 381 3301 438 τῶν
3321 380 3643 453 προφητῶν
3678 385 3828 439 αὑτοῦ

570 473 625 526 in
656 472 959 542 Seripturis
987 469 1196 526 sanctis
1226 470 1294 525 de
1326 468 1465 525 Filio
1487 484 1613 535 suo,
1648 471 1746 539 qui
1778 470 1955 528 factus
1972 470 2061 529 'est
2087 476 2140 530 ei

568 579 635 620 ex
661 565 867 618 semine
892 562 1062 617 David
1093 561 1398 618 secundum
1429 576 1655 617 carnem
1688 559 1787 616 ².ἰ

636 655 702 708 A.
736 654 876 719 Quid
924 655 1119 725 igitur?
1167 653 1223 709 Si
1279 654 1535 709 Christus
1567 666 1622 710 et
1664 653 1838 710 Filius
1863 671 2007 709 unus
2057 662 2141 711 est

567 754 772 799 sanctae
798 744 1103 810 Trinitatis,
1133 762 1244 802 non
1287 747 1441 801 vides
1499 748 1809 801 convictam
1837 763 1962 804 esse
1987 748 2143 804 mali-

568 834 699 888 tiam
734 837 922 888 tuam?
952 835 1092 906 Lege
1139 837 1303 891 etiam
1361 837 1695 906 principium
1753 838 1819 891 ad
1859 837 2140 903 Hebraeos,

564 925 711 995 quod
744 934 894 980 tuam
949 943 1167 997 quoque
1199 928 1397 982 malam
1447 938 1683 982 mentem
1734 928 2035 998 redarguit.
2079 928 2147 983 Et

567 1017 622 1070 in
642 1018 830 1072 multis
864 1019 1001 1073 locis
1035 1018 1335 1088 Scriptura!
1369 1018 1528 1087 plane
1557 1019 1673 1073 haec
1701 1018 1928 1075 haeresis
1959 1020 2146 1076 redar-

566 1107 790 1176 guitur;
846 1123 1223 1177 saepenumero
1286 1110 1432 1162 enim
1497 1123 1698 1164 nomen
1735 1109 1878 1163 Deus
1919 1110 1989 1165 de
2035 1126 2145 1166 una

566 1214 804 1266 persona
836 1197 958 1254 Filii
984 1200 1209 1254 dicitur.
1240 1200 1418 1266 Sicut,
1441 1219 1461 1251 ι
1487 1201 1628 1257 Deus
1652 1213 1771 1256 erat
1791 1201 2027 1258 Verbum
2058 1216 2139 1257 α.»

568 1288 634 1342 Ει
653 1304 845 1345 rursus
866 1289 1071 1346 Paulus
1088 1291 1155 1346 de
1183 1289 1318 1345 Filio
1336 1291 1446 1344 ait:
1478 1310 1496 1343 ι
1529 1292 1737 1357 ρυῑωι
1764 1308 1930 1362 super
1959 1294 2145 1348 omnia

567 1379 713 1435 Deus
744 1381 796 1446 δ,
829 1400 849 1433 ι
879 1389 934 1435 et
965 1381 1069 1435 alia
1118 1381 1389 1451 ejusmodi
1449 1382 1707 1451 plurima.
1761 1381 1867 1438 Sed
1917 1399 2030 1438 non
2058 1393 2145 1439 est

567 1483 716 1522 nunc
762 1469 895 1523 mihi
947 1471 1116 1524 otium
1168 1470 1237 1524 ad
1307 1472 1715 1540 congerendum
1761 1473 2143 1528 auctoritates.

569 1556 677 1612 Sed
706 1559 774 1614 iis
831 1559 925 1626 qui
954 1560 1241 1614 veritatem
1266 1560 1572 1629 inquirunt,
1595 1569 1650 1615 et
1673 1574 1783 1615 non
1805 1562 2146 1619 contentiose

566 1650 977 1714 contradicunt,
1008 1652 1146 1707 satis
1164 1652 1277 1707 sint
1304 1652 1440 1707 haec.

2240 479 2299 533 ὲν
2320 479 2564 550 Γραφαῖς
2593 480 2778 549 ἁγίαις
2806 479 3054 550 περὶτοῦ
3077 479 3207 532 Υἱοῦ
3241 476 3440 545 αὑτοῦ,
3479 477 3584 531 τοῦ
3612 482 3825 549 γενομέ-

2239 588 2333 625 νου
2365 573 2430 626 ὲκ
2452 572 2767 643 σπέρματος
2799 571 2965 625 Δαυῒδ
2991 571 3131 626 κατὰ
3165 571 3371 643 σάρκα.

2310 664 2375 716 Δ.
2404 663 2471 717 Τί
2492 661 2619 731 οὗν;
2659 663 2718 717 '0
2749 664 2987 735 Χριστὸς
3016 664 3146 727 Υἱός
3162 665 3280 716 ἐστι
3304 664 3410 734 τῆς
3459 662 3645 732 ἁγίας
3676 663 3822 733 τριᾶ-

2239 752 2365 819 δος;
2392 754 2526 825 ὁρᾷς
2570 755 2666 825 τὴν
2704 756 2803 825 σὴν
2843 756 3180 826 κακουργίαν
3210 754 3639 825 ὶλεγχομένηνς
3688 755 3818 805 ’Διά-

2241 845 2410 914 γνωθι
2430 847 2525 899 καὶ
2556 849 2654 916 τὴν
2677 848 2814 917 πρὸς
2830 847 3117 919 Ἐϐραίους
3141 864 3155 878 ·
3188 848 3285 901 καὶ
3304 847 3449 917 αὐτὴ
3482 846 3606 917 γὰρ
3624 846 3818 915 ἐλέγχει

2244 949 2339 988 σου
2369 935 2470 1006 τὴν
2510 936 2821 991 κακόνοιαν.
2850 939 2961 991 Καὶ
2989 939 3262 1010 πολλαχοῦ
3288 938 3397 1009 τῆς
3422 939 3590 1001 θείας
3619 938 3819 1008 Γραφές

2244 1028 2531 1097 προφανὴς
2580 1030 2608 1080 6
2650 1031 2749 1095 τῆς
2788 1030 3058 1100 αἱρέσεως
3106 1029 3354 1099 ἐλεγχοςο
3407 1029 3693 1091 πολλάκις
3732 1028 3841 1097 τεῖρ’

2248 1118 2685 1183 μνοῦπόστατος
2713 1118 2796 1183 τὸ,
2827 1122 2993 1187 Θεὸς,
3024 1120 3219 1191 δνομα,
3247 1122 3341 1174 ἐπὶ
3377 1120 3481 1173 τοῦ
3521 1119 3667 1173 Υίοῦ
3690 1119 3818 1185 λέγει

2244 1222 2355 1260 ται.
2387 1208 2621 1280 Ὠσπερ,
2668 1228 2687 1260 ι
2728 1211 2839 1264 Καὶ
2870 1211 3002 1275 Θεὸς
3029 1206 3098 1283 ἦν
3127 1213 3156 1264 6
3183 1212 3380 1281 Λόγος.
3418 1231 3438 1265 ι
3482 1213 3604 1265 Kal
3628 1211 3817 1263 πάληό

2245 1295 2529 1362 θεσπέσιος
2559 1300 2769 1366 Παῦλος
2797 1319 2961 1372 φησιν
2992 1304 3239 1374 περὶτοῦ
3274 1304 3412 1356 Υίοῦ
3439 1320 3456 1333 ·
3489 1322 3512 1354 ι
3556 1302 3616 1356 '0
3641 1301 3719 1355 ὢν
3744 1304 3818 1355 Eri

2245 1389 2463 1442 πάντων
2495 1390 2648 1456 Θεὸς,
2685 1411 2705 1444 ι
2745 1393 2840 1446 καὶ
2881 1392 3044 1464 ἕτερα
3096 1394 3320 1448 τοιαῦτα
3385 1393 3656 1446 πλεῖστα.

2245 1476 2307 1528 οὐ
2341 1478 2505 1548 σχολή
2540 1495 2630 1550 μοι
2652 1479 2747 1533 νῦν
2779 1480 3135 1552 ἐπισωρεύειν
3162 1484 3264 1545 τὰς
3290 1486 3536 1554 χρήσεις
3555 1497 3571 1509 ’
3605 1482 3747 1551 πλήν
3770 1499 3821 1547 γε

2245 1571 2357 1632 τοῖς
2390 1569 2489 1640 τὴν
2541 1571 2801 1643 ἀλήθειαν
2853 1574 3194 1644 ἐκζητοῦσιν,
3249 1576 3346 1629 καὶ
3399 1577 3512 1631 οὐκ
3540 1573 3823 1645 ἑρτστιιῦς

2245 1659 2638 1729 ἀντιλέγουσιν,
2670 1663 2977 1719 ίκανούσθω
2994 1664 3185 1720 ταῦτα.

2117 1770 2239 1827 XV.

567 1853 721 1908 Alius
767 1854 1027 1925 Dialogus
1064 1865 1253 1909 contra
1297 1856 1611 1912 Nestorium
1664 1859 1933 1915 eruditum
1980 1862 2117 1934 (45).

881 2045 949 2100 Α.
983 2046 1316 2102 Catholicus.
1344 2048 1409 2102 Β.
1441 2048 1824 2111 Nestorianus.

635 2136 702 2191 A.
725 2135 906 2202 Quare
930 2135 1180 2192 Christus
1217 2138 1420 2193 dicitur
1443 2140 1686 2196 Christus
1709 2145 1735 2199 ?

634 2226 696 2281 B.
733 2225 870 2292 Quia
901 2229 1053 2282 unxit
1079 2244 1201 2283 eum
1235 2228 1379 2283 Deus
1409 2231 1615 2300 Spiritu
1650 2242 1867 2289 sancto.

634 2319 702 2371 A.
733 2317 870 2383 Quis
934 2319 1103 2390 igitur
1137 2330 1221 2375 est
1272 2329 1495 2386 unctus,
1563 2322 1708 2381 Deus
1740 2319 1999 2394 Verbum,
2067 2342 2138 2384 an

514 2463 520 2468 ,
565 2408 728 2463 homo
751 2410 774 2462 ?

633 2499 796 2570 392
825 2499 888 2555 B.
919 2490 1103 2556 Absit'
1135 2509 1197 2555 ut
1242 2501 1490 2558 dicamus
1522 2501 1766 2560 'unctum
1794 2521 1918 2565 esse
1968 2508 2138 2565 Deum

566 2590 823 2657 Verbum,
853 2601 903 2646 et
934 2606 1041 2646 non
1070 2592 1370 2646 hominem.
1928 2596 1933 2599 “
2082 2662 2089 2675 α

633 2680 701 2732 Α.
733 2678 908 2734 Homo
942 2680 1109 2751 igitur
1139 2690 1224 2736 est
1254 2689 1474 2738 unctus.
1531 2683 1588 2738 Si
1631 2685 1797 2755 igitur
1819 2687 1911 2757 qui
1939 2695 2138 2745 unctus

563 2777 649 2827 est
685 2772 801 2839 ipse
844 2780 928 2826 est
983 2772 1238 2827 Christus
1262 2811 1276 2834 .
1310 2773 1565 2830 Christus
1607 2787 1788 2831 autem
1823 2786 1907 2832 est
1940 2779 2134 2845 homo,

566 2870 621 2915 et
652 2862 793 2913 alius
831 2869 914 2915 est
970 2860 1111 2915 Deus
1140 2860 1380 2916 Verbum
1426 2871 1625 2932 praeter
1655 2865 1928 2920 hominem
1954 2879 2136 2924 vestra

565 2952 843 3022 opinione,
873 2952 1130 3006 Christus
1189 2953 1354 3023 igitur
1402 2956 1509 3007 ἀνὰ
1546 2955 1721 3032 μέρος*
1764 2942 1899 3028 (46),
1945 2960 2000 3014 id
2032 2969 2135 3026 est,

564 3044 864 3099 secundum
898 3053 1105 3113 partem
1147 3052 1231 3098 est
1265 3042 1451 3100 homo.
1484 3043 1775 3111 Quomodo
1797 3064 1927 3119 ergo
1958 3058 2014 3106 et
2037 3066 2137 3107 vos

563 3135 692 3205 ipsi,
738 3144 792 3188 et
837 3134 975 3188 alios
1021 3132 1234 3198 fallitis,
1288 3149 1413 3190 cum
1462 3135 1646 3193 dicitis
1685 3137 1964 3195 Christum
2015 3157 2139 3200 esse

565 3224 734 3280 Deum
766 3234 820 3280 et
850 3225 1167 3280 hominem?

598 3468 601 3473 ι
672 3400 677 3404 ἡ
738 3435 975 3502 Quwstio
1015 3432 1081 3489 ab
1123 3435 1331 3504 inﬁdeli
1375 3436 1639 3495 Abucam
1673 3442 1965 3512 proposita.

1879 3558 2146 3621 (Turriano
2168 3563 2498 3629 interprete.)

905 3638 972 3693 Α.
999 3636 1359 3693 Christianus.
1410 3639 1478 3694 B.
1508 3638 1782 3710 Inﬁdelis.

626 3728 692 3782 B.
718 3727 933 3789 Nonne,
984 3727 1187 3796 inquit,
1222 3720 1391 3785 Deum
1447 3730 1502 3784 in
1529 3733 1810 3800 omnibus,
1846 3742 1904 3791 et
1928 3737 2132 3808 ubique

554 3831 681 3872 esse
719 3816 950 3873 dicitis?

627 3908 694 3960 A.
726 3907 803 3960 Ita
832 3917 935 3963 est.

625 3995 690 4050 Β.
747 3998 875 4051 Erat
933 4006 1113 4051 autem
1166 4000 1422 4056 similiter
1469 4002 1525 4056 in
1564 4014 1759 4059 ventre
1796 4003 2036 4076 Virginis
2076 4017 2133 4063 et

558 4083 753 4140 Matris
779 4101 914 4140 suae.
952 4084 1098 4152 Quid
1131 4087 1298 4158 igitur
1326 4090 1564 4160 amplius
1594 4092 1649 4145 in
1675 4092 1767 4147 illa
1807 4094 1954 4150 fuit?

625 4263 692 4319 A.
725 4264 823 4320 Dic
854 4267 1006 4331 mihi.
1044 4283 1171 4322 cum
1194 4275 1250 4323 tu
1269 4270 1499 4340 cogitas,
1533 4282 1588 4326 et
1637 4283 1821 4329 mente
1870 4280 2128 4349 revolvis,

555 4369 622 4411 ac
649 4357 972 4417 consideras
1017 4374 1106 4414 res
1161 4376 1298 4428 quas
1333 4361 1445 4430 jam
1477 4364 1723 4434 cognitas
1772 4368 1961 4434 babes,
1995 4388 2132 4442 quo-

555 4446 719 4501 modo
772 4464 868 4502 cas
915 4449 1216 4520 intelligis?
1269 4451 1752 4513 transferunturne
1804 4476 1892 4515 res
1920 4462 2027 4516 illae
2070 4464 2129 4520 in

556 4545 793 4592 mentem
830 4539 1018 4608 tuam?
1041 4554 1109 4593 an
1141 4543 1326 4609 potius
1351 4557 1504 4596 mens
1535 4553 1629 4599 tua
1658 4546 1726 4600 ad
1758 4548 1880 4603 illas
1904 4553 2130 4622 pergit?

626 4717 687 4772 Β.
713 4717 867 4773 Mens
903 4734 1020 4774 mea
1044 4722 1111 4774 ad
1130 4720 1251 4777 illas
1285 4722 1536 4792 pervadit
1555 4740 1758 4797 easque
1786 4734 2130 4804 contempla-

554 4809 707 4864 tione
733 4809 1112 4882 intelligentiae
1133 4821 1365 4882 spectat.

626 4902 692 4954 A.
721 4901 1035 4959 Dicimusne
1081 4905 1248 4977 igitur
1308 4916 1545 4964 mentem
1571 4917 1720 4966 tuam
1763 4913 1818 4967 in
1848 4914 2038 4980 rebus,
2072 4916 2127 4971 in

2516 1828 2519 1829 ν
2615 1868 2812 1924 Πάλιν
2847 1870 2999 1939 πρὸς
3020 1868 3452 1937 Νεστοριανὼα.

1857 1969 2119 2036 (Turriano
2138 1971 2458 2043 interprete.)

2551 2070 2599 2121 Α
2617 2063 2993 2135 ὀρθὸδοεος,
3021 2068 3072 2121 Β
3095 2070 3527 2135 Νεστοριανός.

2308 2157 2374 2208 Α.
2415 2156 2515 2210 Διὰ
2539 2158 2595 2210 τί
2621 2158 2841 2227 λέγεται
2868 2161 2897 2211 6
2931 2158 3167 2229 Χριστὸς
3188 2160 3449 2227 Χριστός
3470 2175 3496 2223 ;

2263 2304 2281 2315 κ
2307 2248 2370 2302 Β.
2408 2247 2530 2301 Ὅτι
2550 2250 2767 2320 ἔχρισεν
2792 2250 2957 2304 αὑτὸν
2980 2253 3008 2304 6
3033 2251 3169 2315 Θεὸς
3197 2252 3485 2320 Πνεῦματι
3517 2253 3689 2325 ἁγίῳ.

2307 2340 2371 2391 Α.
2399 2339 2496 2402 Τίς
2519 2335 2612 2393 οὗν
2663 2342 2812 2394 ἐστιν
2849 2342 2879 2394 6
2903 2341 3165 2413 χρισθεὶς,
3198 2342 3229 2396 6
3276 2342 3412 2406 Θεὸς
3458 2346 3668 2413 Λόγος,
3714 2347 3747 2415 ἢ
3790 2350 3813 2400 ὁ

2238 2428 2527 2500 ἄνθρωπος
2549 2448 2565 2496 ;

2306 2519 2370 2575 B.
2399 2520 2491 2590 Μὴ
2516 2520 2720 2587 γένοιτο
2749 2518 2930 2589 λέγειν
2958 2520 3129 2590 ἡμᾶς,
3148 2519 3232 2574 ὅτι
3257 2522 3288 2575 6
3312 2521 3452 2587 Θεὸς
3481 2524 3665 2592 Λόγος
3683 2525 3807 2596 sui.

2237 2610 2360 2682 σθη,
2386 2610 2523 2664 ἀλλὰ
2556 2613 2585 2665 6
2613 2610 2928 2682 ἅνθρωπος.

2306 2703 2372 2755 A.
2401 2701 2724 2771 Ἄνθρωπος
2747 2698 2842 2756 οὖν
2868 2703 3015 2757 ἐστιν
3043 2702 3072 2755 6
3114 2703 3377 2775 χριστός’
3416 2705 3486 2758 Ei
3516 2706 3631 2778 γὰρ
3663 2710 3693 2761 6
3715 2726 3817 2779 χριο

2239 2791 2404 2858 σϐεὶς,
2437 2792 2599 2855 αὐτός
2650 2795 2799 2846 ἐστιν
2829 2795 2857 2847 6
2908 2793 3169 2865 Χριστὸς,
3200 2796 3501 2865 ἄνθρωπος
3549 2798 3609 2853 δὲ
3636 2802 3669 2853 6
3714 2818 3818 2869 χρι-

2237 2882 2406 2949 σθεὶς,
2436 2883 2531 2935 καὶ
2551 2881 2738 2953 ἕτερός
2779 2884 2927 2935 ἐστιν
2964 2884 2993 2936 6
3019 2883 3150 2947 Θεὸς
3175 2885 3351 2954 Λόγος
3392 2887 3559 2957 παρὰ
3605 2888 3699 2942 τὸν
3734 2893 3817 2943 5.:—

2235 2973 2451 3044 θρωπον
2474 2973 2595 3026 καθ’
2624 2974 2788 3043 ὑμᾶς,
2818 2976 2846 3026 6
2878 2973 3164 3044 ἄνθρωπος
3194 2976 3303 3046 ἄρα
3348 2978 3506 3030 ἐστὶν
3535 2980 3643 3032 ἀνὰ
3669 2980 3818 3049 μέρος

2233 3064 2538 3134 ὀΧριστὸς.
2580 3065 2647 3117 Τί
2695 3060 2788 3117 οὖν
2832 3065 3062 3128 ἑαυτοὺς
3106 3066 3205 3119 καὶ
3258 3065 3454 3132 ἄλλους
3508 3070 3818 3133 ἀπατῶντες

2233 3154 2445 3223 λέγετε,
2479 3156 2562 3208 ὅτι
2591 3156 2621 3208 6
2650 3155 2912 3227 Χριστὸς,
2949 3155 3083 3218 Θεὸς
3110 3156 3205 3210 καὶ
3220 3157 3517 3230 ἄνθρωπός
3539 3162 3725 3229 tnui;

2118 3348 2264 3407 XVI.

2355 3447 2682 3518 Ἐρώτησις
2707 3450 2970 3506 ἀπίστου
3001 3453 3154 3521 πρὸς
3176 3453 3373 3508 αὑτὸν
3400 3454 3728 3525 γενομένη.

2529 3657 2577 3709 Α
2607 3655 2643 3708 ὁ
2667 3654 3048 3723 Χριστιανὸς,
3074 3658 3125 3709 Β
3146 3657 3182 3709 δ
3222 3657 3538 3721 Ἀπία-τος.

2301 3743 2364 3797 Β.
2398 3743 2555 3814 Οὐχὶ,
2611 3746 2769 3817 φησι,
2803 3748 2862 3801 ὲν
2906 3749 3068 3814 πᾶσι,
3099 3749 3196 3801 καὶ
3245 3748 3536 3818 πανταχοῦ
3578 3748 3673 3802 τὸν
3697 3747 3807 3801 Θεὲν

2230 3830 2372 3889 εῖναι
2407 3836 2597 3905 λέγετε
2616 3852 2633 3904 ;

2302 3928 2368 3980 Α.
2402 3926 2532 3984 Ναί.
3126 3980 3133 3986 .

2302 4018 2362 4071 Β.
2438 4017 2714 4082 Ὡσαύτως
2769 4022 2865 4075 καὶ
2929 4022 2988 4074 ἐν
3033 4024 3100 4092 τῇ
3159 4020 3343 4090 κοιλίᾳ
3382 4017 3455 4091 ἦν
3520 4024 3807 4094 Παρθένου,

2231 4112 2327 4162 καὶ
2365 4110 2588 4180 Μητρὸς
2635 4112 2827 4171 αὐτοῦ.
2881 4114 2948 4166 Τί
3005 4109 3102 4168 οὖν
3160 4114 3225 4167 τὸ
3270 4114 3549 4184 περισσὸν
3586 4117 3649 4169 ὲν
3682 4119 3807 4169 ἐπείη

2229 4214 2326 4272 Vili

2299 4292 2366 4345 Δ.
2400 4293 2537 4347 Είπέ
2588 4309 2718 4364 μοι·
2765 4294 2847 4350 ὅτ’
2896 4294 2964 4351 ἂν
3008 4298 3198 4371 ὲννοῇς
3252 4296 3348 4351 καὶ
3399 4298 3706 4369 ἀναλογίζῃ
3748 4302 3805 4349 τὲ

2230 4380 2332 4451 ἠδη
2395 4400 2479 4435 σοι
2520 4387 2895 4457 γεγεννημένα
2922 4388 2970 4420 ⁸⁸
3025 4382 3354 4460 πράγματα,
3412 4390 3541 4452 πῶς
3571 4390 3713 4444 αὐτὰ
3740 4394 3803 4440 ἓν·

2230 4475 2412 4540 νοείς;
2462 4476 2571 4529 τῶν
2628 4478 2974 4549 πραγμάτων
3012 4480 3243 4534 ἐκείνων
3293 4484 3353 4553 ἐν
3380 4481 3461 4552 τῷ
3509 4483 3591 4553 σῷ
3613 4483 3695 4536 νοτ
3724 4500 3799 4550 με·

2229 4564 2643 4635 ταχωρούντων,
2696 4568 2729 4638 ἥ
2788 4571 2992 4640 μᾶλλον
3021 4572 3120 4625 τοῦ
3155 4572 3251 4626 σοῦ
3282 4547 3409 4638 νδδς
3442 4574 3597 4646 ,πρὸς
3638 4578 3797 4628 ἑκείιιι

2229 4646 2612 4716 διαφοιτῶντος
2628 4670 2646 4720 ;

2300 4740 2362 4794 Β.
2394 4742 2502 4795 Τοῦ
2526 4745 2645 4808 νοός
2675 4762 2776 4815 μου
2807 4747 3090 4819 διήκοντος
3113 4752 3196 4816 είς
3219 4743 3431 4814 ἐκεῖνα,
3461 4753 3567 4806 καὶ
3588 4757 3657 4825 τῇ
3682 4753 3796 4823 πρὸς

2229 4833 2549 4905 νοερότητος
2575 4836 2782 4910 Θεωρία
2810 4841 3247 4908 κατοπτεύοντος
3275 4843 3562 4913 δηλονότι.

2301 4924 2367 4977 Αε
2404 4925 2654 4996 Λέγομεν
2683 4925 2776 4982 οὖν
2812 4930 2905 4983 τὸν
2962 4931 3056 4985 σὺν
3105 4933 3256 4998 νοῦν,
3295 4936 3393 4988 καὶ
3435 4936 3500 4989 ὲν
3526 4936 3639 4997 τοῖς
3676 4932 3795 5002 εβί·

557 4991 760 5059 quibus
791 5005 1056 5060 versatur,
1088 5004 1141 5051 et
1169 5013 1306 5067 quas
1335 5001 1649 5067 meditatur,
1676 5002 1933 5060 similiter
1961 5015 2125 5078 atque

2258 5031 2451 5083 μασιν,
2483 4991 2650 5084 έννοῖς
2678 5022 3079 5096 ἀναστρέφεται
3104 5026 3204 5082 καὶ
3225 4991 3539 5099 αὼλεσχεῖ,
3557 4991 3697 5082 εἶναι

616 5133 641 5160 ι
674 5122 835 5178 Rom.
885 5138 925 5187 I,
956 5126 1013 5182 5.

1125 5140 1152 5168 ε
1177 5126 1340 5183 Joau.
1370 5144 1409 5195 ι,
1446 5131 1495 5183 1.
1602 5131 1638 5176 ιδ
1666 5131 1827 5188 Rom.
1860 5151 1935 5201 Ix,
1963 5138 2018 5193 5.

1823 5223 2059 5282 VARUE
2096 5230 2388 5290 LECTION
2396 5235 2501 5292 ES.

631 5310 678 5340 “
713 5310 839 5364 fort.
886 5311 1237 5384 Ἐγνωσμένα
1267 5315 1352 5369 vel
1402 5316 1805 5388 ὲγνωρισμένα.

2026 5412 2258 5471 NOTAE.

629 5493 743 5561 (65)
775 5494 935 5550 Deest
964 5499 1016 5553 in
1052 5509 1241 5553 nostro
1271 5500 1462 5557 Graaco
1488 5504 1704 5557 codice.

629 5495 722 5561 (45
775 5495 935 5550 Deest
964 5499 1016 5553 in
1052 5509 1241 5553 nostro
1271 5500 1462 5557 Graaco
1488 5504 1704 5557 codice.

629 5495 743 5636 (46;
785 5565 914 5643 Hoc
943 5578 1270 5643 argumento
1336 5573 1687 5643 redarguitur
1735 5572 2126 5643 Nestorianus.

560 5645 686 5687 cum
716 5634 828 5690 non
862 5634 1324 5703 dicit,'Christum
1360 5657 1485 5698 esse
1502 5634 1627 5697 "sva
1662 5643 1829 5713 μέρος
1860 5634 2119 5707 Verbum,

2232 5519 2286 5597 et
2317 5512 2421 5565 avi:
2458 5513 2623 5597 μέρος
2653 5514 2951 5597 hominem,
3000 5517 3056 5573 id
3086 5528 3195 5589 est,
3239 5537 3314 5580 ex
3351 5537 3509 5597 parte
3555 5529 3791 5587 Verbo.

2232 5590 2284 5634 et
2319 5599 2382 5637 cx
2419 5593 2572 5653 parte
2606 5587 2905 5641 hominem.
