3928 6130
127 297 140 358 l
154 293 237 358 541

1517 289 1905 354 OPUSCULA
1919 339 1931 351 .

3235 291 3370 357 1542

119 411 172 458 ἐν
199 411 293 470 σοι,
333 403 449 458 ἀλλ’
479 381 578 472 οὐχ
613 400 815 472 ὁμοίως
860 401 918 453 ὲν
949 397 1050 466 σοὶ,
1087 396 1182 452 καὶ
1207 393 1266 448 ὲν
1297 391 1550 459 ἐκείνοις.
1590 393 1676 450 Ἐν

1804 405 1916 450 nte
1941 394 2096 450 esse?
2128 393 2392 462 Minime;
2439 396 2492 450 in
2527 403 2581 450 te
2622 394 2770 450 enim
2802 399 2957 454 unita
2991 415 3145 456 mens
3166 411 3250 457 cst
3275 419 3364 456 se—

119 501 195 552 σοὶ
220 499 308 569 μὲν
339 499 448 568 γὰρ
491 494 764 558 οὺσιωδῶς
799 493 1082 565 ἡνωμένος
1123 491 1293 554 ἐστὶν,
1345 490 1404 542 ὲν
1451 491 1682 551 ἐκείνοις

115 589 168 643 δὲ
192 590 278 660 οὐχ
296 590 485 648 οὓτως.
517 585 676 639 Οὕτω
703 603 791 656 μοι
821 585 896 647 ὡς
923 584 983 648 ἐξ
1009 583 1412 652 ὑποδείγματος
1444 581 1554 634 νόει
1591 580 1682 632 τὸν

117 681 238 733 Θεὸν
262 680 428 748 Λόγον
451 681 508 731 ἐν
533 681 601 748 τῇ
629 677 734 748 ἰδίᾳ
761 677 948 748 σαρκὶ,
983 677 1076 728 καὶ
1097 674 1336 744 ὁπηνίκα
1363 673 1422 724 ὲν
1447 676 1513 745 τῇ
1543 691 1682 743 παρ-

117 774 287 842 Οενικῇ
318 773 502 842 μήτρᾳ
530 766 624 840 ἦν,
652 771 747 822 καὶ
773 768 909 839 μετά
943 766 1033 820 τὸν
1065 767 1223 819 τόκον
1255 766 1528 830 οὐσιωδῶς
1555 767 1678 822 καθ’

115 865 395 916 ὑπόστασιν
431 863 734 932 ἡνωμένον,
771 859 866 912 καὶ
917 858 1360 930 σεσαρκωμένον,
1397 857 1494 910 καὶ
1547 875 1682 912 παν-

113 955 266 1024 ταχοῦ
287 956 350 1023 τῇ
376 953 604 1023 προνοίᾳ
635 951 732 1004 καὶ
777 950 1030 1021 ἐνεργείᾳ.
1078 951 1138 1002 τὸ
1169 951 1276 1006 πᾶν
1293 948 1560 1002 ’διέποντα
1587 949 1684 1000 καὶ

112 1043 516 1114 διακρατοῦντα·
544 1041 660 1096 ἀλλ’
687 1042 746 1093 οὐ
769 1039 848 1109 τῷ
879 1040 1025 1110 αὐτῷ
1049 1044 1106 1092 ὲν
1131 1043 1197 1110 τῇ
1235 1040 1342 1110 ἰδίᾳ
1373 1039 1561 1107 σαρκὶ,
1587 1038 1682 1092 καὶ

111 1134 252 1203 ἐντῷ
275 1133 454 1186 παντί·
487 1135 580 1185 καὶ
607 1133 716 1203 γὰρ
751 1134 905 1203 φέρει
941 1133 1008 1184 τὰ
1031 1134 1208 1184 πάντα
1235 1131 1312 1200 τῷ
1347 1131 1554 1200 ῥήματι
1581 1131 1681 1200 τῆς

109 1227 376 1298 δυνάμεως
420 1225 584 1279 αὑτοῦ
613 1225 680 1278 ⁵⁸.
738 1225 796 1278 Ὀ
837 1223 970 1287 Θεὸς
1003 1223 1080 1288 δὲ,
1109 1223 1201 1276 καὶ
1241 1222 1380 1293 ὑπὲρ
1411 1221 1518 1275 πᾶν
1549 1221 1678 1273 ὑπό-

107 1319 298 1389 δειγμά
327 1321 466 1382 ἐστι,
527 1319 622 1372 καὶ
660 1317 930 1387 ἐμφάσεις
973 1316 1126 1379 τινὰς
1173 1315 1412 1386 νοήσεων
1452 1317 1516 1367 ὲκ
1571 1313 1680 1366 τῶν

106 1411 266 1463 ὅντων
317 1409 669 1481 λαμϐάνομεν
699 1411 792 1462 ἐπὶ
819 1409 915 1462 τοῦ
945 1409 1086 1478 ὑπὲρ
1117 1407 1187 1461 τὰ
1232 1407 1365 1460 ὄντα
1391 1403 1490 1458 καὶ
1523 1421 1681 1476 ποιηο

103 1504 196 1554 τοῦ
219 1502 320 1556 τῶν
341 1502 528 1558 ὄντων.

1779 488 2018 542 cundum
2051 489 2452 554 substantiam;
2493 491 2548 543 in
2581 489 2745 560 rebus
2787 505 2917 546 vero
2968 494 3098 562 ipsis
3125 509 3232 547 non
3263 495 3361 550 ita.

1782 579 1894 644 Sic,
1925 581 2158 649 exempli
2185 595 2377 647 causa,
2401 583 2648 652 lntellige
2687 582 2820 638 mihi
2855 584 3022 639 Deum
3051 585 3286 641 Verbum
3309 595 3364 642 et

1781 671 1835 725 in
1873 673 2094 740 prepria
2151 689 2336 739 carne,
2379 683 2432 727 et
2463 675 2686 744 quando
2739 685 2856 729 erat
2891 677 2944 729 in
2979 687 3166 732 ventre
3193 679 3364 748 virgi-

1779 764 1916 827 nali,
1940 772 1994 818 et
2030 773 2153 834 post
2183 775 2400 834 partum
2424 767 2726 821 secundum
2766 769 3130 822 substantiam
3188 779 3240 822 et
3273 770 3364 840 hy-

1781 857 2044 925 postasim
2102 857 2342 922 unitum,
2390 866 2446 912 et
2489 859 2834 912 incarnatum
2861 876 2876 925 ;
2907 869 2962 912 et
2991 859 3198 927 ubique
3241 876 3365 914 esse

1779 946 2123 1016 providentia
2163 957 2217 1002 et
2243 949 2566 1018 operatione
2593 951 2910 1004 universum
2965 951 3360 1020 gubernantem

1779 1047 1834 1094 et
1867 1039 2238 1094 continentem
2261 1041 2397 1108 (47),
2425 1053 2536 1093 non
2561 1047 2820 1110 tanquam
2853 1041 3014 1096 aliter
3031 1042 3360 1106 substantia,

1781 1129 1939 1182 aliter
1977 1131 2316 1197 operatione.
2379 1127 2494 1182 Non
2533 1130 2677 1184 enim
2726 1130 2780 1182 in
2808 1131 3014 1204 vospoig
3053 1130 3364 1186 substantia

1784 1221 1852 1276 ab
1876 1221 2204 1291 operatione
2249 1228 2504 1292 separata
2560 1233 2664 1284 est,
2697 1222 2789 1276 sed
2831 1223 2884 1276 in
2924 1221 3114 1277 eodem
3153 1223 3272 1292 ipso
3308 1225 3364 1276 in

1785 1315 2010 1383 propria
2071 1329 2238 1369 carne
2295 1313 2596 1369 secundum
2671 1314 3014 1383 hypostasim
3050 1315 3185 1385 (48),
3221 1323 3275 1369 et
3309 1315 3366 1368 in

1784 1407 2046 1459 universo
2075 1421 2088 1471 ;
2115 1405 2260 1460 Dens
2315 1413 2497 1460 autem
2536 1420 2701 1474 supra
2734 1420 2898 1460 omne
2919 1407 3228 1474 exemplum
3261 1417 3365 1471 est;

1783 1497 2038 1569 quamvis
2071 1497 2216 1551 enim
2251 1498 2521 1568 quasdam
2545 1505 2836 1562 manus,et
2857 1497 3176 1570 adjumenta
3207 1499 3369 1553 intel-

105 1598 329 1667 ligentite
357 1597 576 1652 erebus
609 1595 916 1666 accipimus
949 1595 1004 1648 in
1027 1600 1256 1649 auctore
1277 1592 1550 1657 omnium,
1577 1592 1671 1662 qui
1699 1607 1868 1662 supra
1927 1593 2116 1649 omnia
2165 1601 2287 1658 est,
2337 1609 2446 1646 non
2475 1601 2656 1645 tamen
2731 1590 2872 1644 κατὰ
2915 1590 3099 1656 ταύτό,
3165 1590 3220 1645 id
3285 1593 3370 1646 est

101 1695 396 1750 secundum
431 1693 574 1749 idem
607 1693 785 1763 ipsum
809 1691 1240 1749 existimandum
1279 1699 1362 1746 est
1393 1703 1514 1745 esse
1543 1689 1648 1744 hoc
1688 1689 1834 1758 quod
1863 1689 2047 1743 omnia
2081 1703 2203 1759 quae
2236 1698 2366 1744 sunt
2393 1701 2560 1758 supra
2585 1687 2952 1742 substantiam
2975 1688 3230 1756 imperat.

1661 1805 1826 1864 XVII.

139 1903 234 1957 IZ'.
260 1925 326 1944 -—
349 1903 641 1972 Ἐρωτήθη
659 1903 705 1938 ⁸⁷
729 1901 1088 1973 Ἀϐουκαρᾶς
1117 1905 1256 1972 παρ’
1284 1903 1548 1970 ἀπίστου
1569 1903 1640 1960 ⁸⁸.

1895 1901 2057 1972 393
2097 1901 2333 1968 Quwstio
2354 1899 2419 1955 ab
2441 1897 2648 1968 inﬁdeli
2674 1899 2938 1954 Abucara:
2963 1895 3258 1968 proposita.

1394 2017 1703 2080 (Interprete
1723 2015 2008 2078 Turriano.)

175 2105 231 2158 Β.
263 2105 388 2168 Πῶς
438 2104 532 2158 τοῦ
564 2105 802 2176 Χριστοῦ
836 2105 1051 2178 τρανῶς
1111 2107 1562 2178 ἀποφηναμένου,
1600 2107 1676 2159 ὃτι

1827 2102 1916 2160 ’Β.
1949 2103 2262 2170 Quomodo,
2318 2117 2440 2158 cum
2491 2101 2750 2156 Christus
2791 2099 2937 2154 clare
2961 2096 3112 2154 dicat
3137 2107 3192 2153 et
3241 2113 3371 2166 pro-

107 2217 126 2249 ‹
176 2197 230 2250 '0
261 2195 334 2268 μὴ
364 2196 650 2266 γεννηθεὶς
683 2197 743 2262 ἐξ
767 2197 960 2261 ὓδατος
1014 2198 1109 2266 καὶ
1143 2198 1486 2268 Πνεύματος,
1513 2198 1572 2250 οὐ
1607 2196 1682 2268 μὴ

99 2289 315 2362 εἰσέλθῃ
358 2289 440 2352 εἰς
481 2290 582 2358 τὴν
624 2289 906 2359 βασιλείαν
936 2290 1046 2343 τῶν
1095 2290 1364 2362 οὐρανῶν,
1393 2309 1422 2361 Π)
1459 2289 1683 2342 δυνατόν

101 2379 218 2430 ἐστι
246 2377 370 2440 τοὺς
405 2377 512 2448 πρὸ
547 2380 646 2448 τῆς
676 2378 979 2448 παρουσίας
999 2377 1165 2432 αὐτοῦ
1197 2379 1439 2444 δικαίους
1475 2379 1549 2450 μὴ
1583 2378 1682 2449 βα-

101 2467 422 2530 πτισθέντας
453 2467 718 2520 εἰσελθεῖν
745 2471 823 2532 εις
846 2470 1047 2540 αὐτήνς

175 2562 237 2611 Δ.
255 2557 362 2610 Καὶ
379 2558 680 2630 ἀπεκρίθη·
714 2559 770 2612 '0
790 2559 1026 2630 Χριστὸς
1047 2559 1190 2628 ὑπὲρ
1219 2559 1444 2614 ἐκείνων
1462 2558 1686 2612 ἐϐαπτί-

101 2647 230 2720 σθη,
250 2647 440 2718 ὥσπερ
473 2651 566 2702 καὶ
592 2650 866 2703 ἀπέθανεν
889 2651 1028 2720 ὑπὲρ
1054 2653 1294 2706 πάντων·
1329 2670 1346 2702 ι
1387 2649 1529 2719 Ἐγὼ
1554 2651 1684 2720 γὰρ,

99 2741 288 2810 φησιν,
326 2743 562 2812 ἐμαυτὸν
592 2743 808 2810 ἁγιάζω
859 2744 1002 2814 ὑπὲρ
1055 2745 1253 2798 αὐτῶν.
1297 2763 1316 2795 ›
1371 2743 1517 2815 Πλὴν
1551 2743 1688 2797 ἀλλά

97 2828 197 2881 κικὶ⁵
233 2831 562 2898 σωματικῶς
592 2831 1023 2903 ἐϐαπτίσθησαν.
1453 2837 1456 2842 ’
1581 2843 1588 2846 ·

173 2917 236 2973 Β.
275 2918 400 2980 Πῶς
429 2919 587 2972 τοῦτο
611 2919 870 2990 δυνατόν;

173 3011 239 3063 Δ.
271 3009 386 3063 υὺκ
441 3007 609 3078 οἶδας,
669 3013 750 3066 ὅτι
799 3013 864 3066 οὐ
919 3011 1100 3084 πάντη
1147 3012 1198 3066 οἱ
1248 3011 1690 3084 ἀποθνήσκοντες

96 3101 468 3168 ἀπόλλυνται,
508 3105 624 3158 ἀλλ’
669 3105 727 3156 ὲν
767 3107 884 3168 τοῖς
925 3107 1212 3177 στοιχείοις
1252 3107 1598 3173 ἀναλύονται,
1630 3107 1690 3172 ἐξ

97 3187 180 3244 ὧν
211 3196 304 3246 καὶ
334 3195 697 3265 συνετέθησαν
719 3213 736 3264 ;

173 3283 235 3338 Β.
268 3283 458 3349 Οὕτως
487 3285 622 3356 ἔχει.
781 3347 784 3349 _

173 3379 240 3429 Α.
273 3376 590 3448 Γέγραπται
646 3377 722 3442 δὲ,
772 3377 856 3431 ὅτι
911 3381 1197 3450 κεντηθεὶς
1259 3384 1326 3452 τῇ
1373 3379 1544 3454 λόγχῃ
1594 3381 1694 3454 τὴν

1785 2198 2006 2252 nuntiet
2042 2213 2056 2250 :
2105 2214 2126 2248 ι
2154 2193 2257 2261 Qui
2289 2211 2398 2248 non
2425 2204 2512 2248 est
2544 2201 2706 2247 natus
2754 2207 2824 2248 ex
2871 2206 3014 2262 aqua
3069 2198 3124 2246 et
3154 2188 3368 2266 Spiritu

1785 2299 2003 2355 sancto,
2031 2305 2136 2344 non
2163 2289 2392 2344 intrabit
2419 2288 2473 2342 in
2502 2301 2728 2357 regnum
2745 2285 3010 2340 caelorum
3030 2294 3112 2350 «³,»
3135 2283 3251 2337 ﬁeri
3271 2297 3371 2351 po-

1785 2393 1894 2438 test
1941 2391 2002 2436 ut
2025 2383 2118 2451 qui
2149 2390 2274 2434 ante
2305 2381 2600 2434 adventum
2629 2378 2751 2448 ejus
2791 2377 3016 2432 fuerunt
3066 2374 3228 2446 justi,
3258 2389 3371 2428 non

1785 2471 2048 2546 liaptiiati
2091 2475 2145 2527 in
2184 2473 2240 2527 id
2273 2471 2696 2542 ingrediantur?

1855 2566 1921 2619 A.
1965 2565 2103 2631 Quia
2135 2564 2392 2618 Christus
2427 2577 2525 2633 pro
2556 2562 2666 2616 illis
2705 2561 3014 2630 baptizatus
3054 2567 3158 2614 est.
3205 2577 3223 2608 ι
3258 2555 3372 2626 Ego

1785 2654 1954 2720 enim,
2017 2654 2230 2724 inquit,
2293 2667 2396 2723 pro
2453 2652 2565 2706 illis
2617 2651 2906 2706 sanctiﬁco
2957 2645 3306 2720 meipsumd.
3347 2666 3364 2696 ι

1786 2747 2056 2800 Czeterum
2097 2744 2450 2816 σωματικῶς,
2483 2745 2536 2800 id
2571 2753 2678 2810 est,
2704 2743 3036 2814 corporibus
3081 2741 3248 2796 etiam
3275 2739 3370 2796 ba-

1788 2835 1976 2904 ptizati
2002 2845 2154 2890 sunt.
2219 2895 2222 2898 _

1858 2923 1920 2975 B.
1955 2923 2242 2988 Quomodo
2263 2923 2369 2978 hoc
2405 2921 2522 2978 ﬁeri
2547 2921 2766 2992 potuit?

1857 3016 1924 3070 A.
1965 3013 2178 3079 Nescis,
2211 3015 2360 3086 quod
2389 3015 2484 3086 qui
2536 3017 2873 3078 moriuntur,
2909 3027 3018 3068 non
3066 3014 3288 3083 penitus
3319 3011 3375 3066 in

1789 3108 2022 3162 nihilum
2065 3110 2364 3174 intereunt,
2401 3108 2496 3162 sed
2533 3109 2720 3178 potius
2755 3108 2808 3160 in
2832 3107 3125 3172 elementa,
3154 3121 3223 3166 ex
3254 3105 3376 3176 qui-

1789 3198 1894 3252 bus
1922 3197 2214 3266 compositi
2246 3207 2396 3260 sunt,
2433 3197 2790 3252 resolvuntur
2815 3197 2838 3250 ?

1862 3289 1924 3344 Β.
1955 3289 2045 3344 Sic
2067 3298 2170 3344 est.

1865 3382 1930 3435 A.
1969 3380 2243 3450 Scriptum
2303 3389 2388 3436 est
2419 3391 2468 3446 ο,
2525 3381 2671 3449 quod
2720 3380 2894 3434 latere
2938 3381 3128 3436 lancea
3163 3387 3376 3451 aperto,

97 3469 390 3540 πλευρὰν,
435 3469 660 3541 έρευσεν
700 3465 840 3542 αἷμα
885 3474 980 3525 καὶ
1016 3471 1162 3542 ὕδωρ
1207 3474 1272 3527 ὲκ
1309 3473 1409 3543 τῆς
1451 3475 1676 3547 πλευρᾶς

1803 3471 2032 3540 sanguis
2057 3479 2112 3524 et
2141 3484 2286 3539 aqua
2311 3485 2380 3524 cx
2401 3469 2590 3541 .latere
2619 3471 2739 3540 ejus
2769 3468 2948 3524 ﬂuxit.

95 3561 296 3617 αὑτοῦ.

173 3653 239 3708 Β.
273 3653 380 3706 Ναὶ
407 3653 580 3719 οὕτως
601 3657 933 3728 γέγραπται.

170 3743 239 3797 Α.
278 3743 488 3798 οὐκοῦν
519 3746 879 3811 ἀναλυθέντος
909 3749 966 3800 ὲν
1005 3747 1118 3811 τοῖς
1155 3751 1442 3818 στοιχείοις
1480 3749 1690 3803 ἐκείνου

91 3833 196 3884 τοῦ
230 3831 448 3898 ὓδατος,
497 3835 726 3904 ἡγίασεν
757 3836 827 3888 τὰ
875 3837 1073 3902 πάντα,
1107 3838 1201 3892 καὶ
1223 3839 1520 3892 ἐϐάπτισεν
1565 3841 1692 3903 τοὺς

95 3925 558 3994 μεμερισμένους
605 3929 700 3980 καὶ
739 3929 1106 3993 ἀναλυθέντας
1133 3932 1212 3994 εἰς
1241 3931 1308 3984 τὰ
1339 3935 1598 4002 στοιχεῖα.

167 4015 236 4066 Β.
272 4015 462 4084 Τούτῳ
520 4017 596 4086 τῷ
633 4017 777 4087 λόγῳ
837 4021 931 4073 καὶ
982 4022 1030 4072 οί
1067 4021 1310 4084 ἄπιστοι,
1348 4023 1440 4076 καὶ¹
1493 4023 1694 4087 πάντες

87 4107 294 4170 ἁπλῶς
320 4108 728 4180 ἐϐαπτίσθησαν
750 4112 800 4164 ot
832 4113 1336 4183 προαποθανόντες;

165 4199 235 4250 Α.
268 4197 433 4269 οὐχί·
470 4200 606 4254 ἀλλὰ
636 4203 797 4271 μόνον
831 4203 900 4256 τὰ
936 4203 1160 4275 σώματα
1203 4205 1309 4258 τῶν
1341 4207 1568 4272 πιστῶν,
1620 4199 1694 4258 ὧν

79 4289 376 4358 αἱψυχαὶ,
397 4292 458 4342 ἐν
484 4291 561 4360 τῷ
593 4291 692 4363 ᾅδῃ
721 4293 1075 4358 κατελθόντος
1100 4297 1280 4348 ἐκεῖσε
1309 4295 1404 4349 τοῦ
1432 4297 1690 4367 Χριστοῦ,

77 4381 118 4448 ἦ
148 4379 260 4448 τῆς
296 4377 460 4446 ἁγίας
482 4381 646 4434 αὐτοῦ
687 4381 889 4451 ψυχῆς,
931 4383 1264 4436 ἐπίστευσαν
1289 4384 1370 4446 είς
1401 4385 1586 4438 αὐτόν.

168 4471 400 4539 ’Ὠσπερ
422 4471 532 4540 γὰρ
557 4472 610 4522 εί
631 4489 715 4532 τις
747 4472 984 4538 ἀγωγὸς,
1020 4473 1113 4526 καὶ
1155 4474 1292 4542 ῥύαξ
1327 4471 1518 4537 ὕδατος
1552 4473 1694 4538 ζῶν-

67 4577 186 4623 τος
220 4560 426 4629 δένδρα
457 4561 630 4614 πολλὰ
663 4565 1126 4634 παραπεπηγὸτα,
1159 4565 1252 4616 καὶ
1279 4581 1695 4634 παραπεφυτευ-

75 4653 244 4722 μένα
274 4651 440 4722 ἔχων,
469 4655 538 4707 τὰ
569 4655 667 4724 μὲν
697 4655 976 4720 παντελῶς
1015 4657 1186 4727 νεκρὰ
1233 4657 1327 4710 καὶ
1351 4658 1510 4729 ξηρὰ,
1543 4659 1611 4711 τὰ
1637 4657 1694 4710 δὲ

71 4747 174 4798 ἔτι
205 4745 420 4812 ζῶντα,
453 4748 504 4800 τί
541 4747 688 4802 δοκεῖ
713 4765 834 4814 σοι;
869 4750 1046 4803 πάντα
1073 4751 1141 4804 τὰ
1166 4751 1378 4820 δένδρα,
1415 4745 1488 4802 ὦν
1521 4751 1693 4804 ἄπτε-

1859 3650 1924 3704 Β.
1963 3649 2055 3706 Sic
2091 3665 2224 3706 sane
2253 3651 2526 3721 scriptum
2560 3659 2667 3706 est.

1862 3745 1928 3799 A.
1953 3743 2050 3796 llla
2083 3745 2249 3814 igitur
2277 3758 2418 3813 aqua
2441 3744 2686 3798 resoluta
2713 3743 2768 3796 in
2800 3741 3095 3806 elementa,
3121 3739 3379 3797 Christus

1794 3837 1977 3888 omnia
2003 3834 2391 3897 sanctiﬁcavit,
2450 3834 2858 3904 baptizavitque
2895 3835 3106 3890 divisos
3145 3843 3199 3889 et
3227 3849 3380 3890 reso-

1793 3927 1938 3982 lutos
1973 3927 2027 3979 in
2054 3927 2346 3980 elementa.

1865 4019 1926 4074 Β.
1962 4017 2077 4072 Hac
2101 4018 2316 4072 ratione
2337 4013 2584 4072 inﬁdeles
2617 4015 2806 4082 etiam,
2839 4024 2894 4070 et
2921 4015 3162 4085 denique
3189 4030 3380 4071 omnes

1795 4111 2052 4180 baptizati
2091 4118 2238 4172 sunt,
2271 4108 2366 4178 qui
2399 4115 2528 4164 ante
2559 4109 2780 4162 fuerant
2811 4108 3040 4163 mortui.

1863 4206 1928 4258 A.
1961 4203 2215 4266 Minime,
2267 4201 2364 4256 sed
2413 4201 2532 4256 sola
2580 4215 2814 4270 corpora
2852 4199 3112 4264 ﬁdelium,
3143 4215 3377 4268 quorum

1795 4297 2008 4358 animai,
2059 4310 2182 4348 cum
2235 4293 2526 4348 descendit
2571 4291 2640 4346 ad
2681 4291 2960 4346 infernum
3009 4290 3288 4356 Christus,
3323 4292 3378 4346 id

1795 4397 1900 4448 est,
1929 4395 2120 4442 sancta
2143 4387 2264 4456 ejus
2287 4387 2494 4450 anima,
2535 4387 2588 4438 in
2623 4401 2746 4440 eum
2782 4383 3163 4438 crediderunt.

1867 4477 2024 4534 Sicut
2063 4480 2206 4533 enim
2241 4478 2286 4532 si
2319 4479 2444 4546 quis
2465 4493 2622 4544 aqua:
2642 4477 2866 4538 ductus,
2902 4483 2996 4528 aut
3035 4475 3184 4528 rivus
3237 4475 3381 4528 mul-

1797 4579 1881 4626 tas
1909 4573 2136 4626 arbores
2189 4571 2390 4624 habeat
2439 4569 2600 4640 juxta
2651 4571 2922 4628 consitas,
2971 4567 3108 4620 alias
3160 4567 3378 4637 quidem

1794 4661 2024 4713 omnino
2050 4661 2354 4714 exstinctas
2403 4667 2458 4712 et
2501 4658 2708 4722 aridas,
2753 4659 2890 4712 alias
2923 4673 3052 4711 vero
3082 4657 3262 4709 adhue
3304 4656 3384 4706 νίς

1795 4760 1988 4804 ventes
2013 4757 2069 4805 et
2101 4751 2323 4814 virides,
2360 4750 2489 4820 quid
2545 4751 2642 4805 tibi
2697 4749 2936 4814 videtur,
2969 4763 3036 4802 an
3068 4763 3258 4800 OlllllPS
3291 4763 3380 4798 ar-

67 4855 182 4890 ται
207 4837 278 4890 τὸ
318 4837 482 4910 ὕδωρ,
512 4841 872 4910 ὠφελοῦνται,
920 4844 1012 4894 καὶ
1047 4843 1354 4914 ἀνιμῶνται
1376 4843 1475 4914 τὴν
1507 4845 1676 4914 πιότη-

1803 4844 1966 4898 horcs
1991 4857 2130 4912 quas
2171 4855 2313 4912 aqua
2347 4843 2520 4912 tangit
2565 4843 2864 4896 utilitatem
2895 4841 3141 4909 capiunt,
3175 4847 3230 4892 et
3253 4853 3382 4907 qua.

65 4947 158 4983 τα.
193 4929 247 4961 ιθ
309 4933 403 4984 καὶ
447 4933 543 5003 τὴν
593 4933 760 5005 ζωὴν,
809 4935 842 5005 ἢ
897 4935 1039 5006 μόνα
1091 4937 1157 4990 τὰ
1205 4935 1462 5010 δεκτικὴν
1503 4935 1699 5005 ἔχοντα.

205 5071 233 5100 ο
267 5059 437 5116 Joan.
472 5063 630 5126 "1,5.
740 5065 766 5104 ἀ
789 5065 951 5122 Joan.
985 5084 1119 5136 xvu,
1157 5068 1244 5122 19.

1806 4937 2017 4991 litalem
2059 4951 2122 4990 ac
2157 4937 2326 4990 vitam
2373 4936 2689 4992 hauriunt?
2719 4951 2788 4990 an
2811 4936 2915 4990 illa:
2949 4935 3079 4990 sola:
3105 4947 3228 5004 quae
3273 4933 3382 4984 \‘iut

1361 5079 1384 5105 θ
1410 5065 1566 5122 Joan.
1595 5083 1710 5134 xix,
1733 5067 1820 5122 5i.

1379 5185 1616 5243 VARIAE
1643 5187 2048 5247 LECTIONES.

159 5303 214 5386 ξε
247 5298 526 5386 haltere
560 5303 857 5386 exemplari
878 5304 1365 5386 “Bavarico,_h:ec.
1419 5307 1680 5386 periodus
1735 5312 2072 5386 subtexitur.
2151 5313 2514 5386 *τνὴρωτὴοψ
2589 5315 2634 5346 ⁸⁸
2660 5316 2720 5369 C.
2755 5315 2816 5368 Β.
2862 5309 3012 5376 παρὰ
3045 5310 3260 5366 πιστοῦ.
3291 5313 3385 5367 Sic

71 5375 274 5428 habet
333 5374 527 5454 titulus
561 5373 614 5457 in
640 5371 1086 5457 SediceGrteco.
1109 5375 1178 5457 'In
1204 5371 1463 5430 Turriani
1499 5379 1690 5434 codice
1725 5383 1987 5452 pleraque
2019 5399 2147 5454 pars
2176 5371 2344 5451 tituli,
2377 5371 2508 5457 pars
2544 5395 2834 5441 contextus
2875 5371 3018 5446 erat,
3071 5388 3129 5432 ut
3157 5391 3384 5454 apparet

79 5459 158 5496 cx
196 5445 491 5498 versione.
565 5443 610 5474 "
640 5443 806 5498 Turr.
843 5446 970 5513 legit
1001 5445 1284 5513 ποιότητα.

1627 5538 1861 5596 NOTAE.

163 5625 302 5696 (i7)
323 5625 873 5700 _C0d_iccsiBavaricir
897 5629 988 5686 hic
1021 5639 1167 5700 sunt
1187 5629 1389 5682 mutili.
1429 5627 1697 5700 lnlegrius

75 5695 406 5767 exemplar
441 5695 752 5752 Turrianus
791 5699 1002 5764 habuit,
1045 5713 1102 5752 ut
1140 5699 1484 5754 Gencbraid.

1882 5635 2126 5707 (.l8)_'Ev
2163 5633 2254 5707 τῷ
2293 5635 2462 5707 αὐτῷ,
2499 5637 2552 5690 id
2601 5648 2704 5704 εει,
2755 5639 2809 5693 in
2853 5638 3044 5696 eadem
3077 5635 3382 5702 divinitate,

1811 5706 1980 5766 inquil
2011 5702 2340 5761 Turrianus.
