3928 6130
208 298 344 405 i561

1610 328 2021 391 OPUSCULA.

3335 280 3500 383 15:12.
3577 312 3587 317 ’

279 453 338 508 '0
368 454 587 522 Σαρακ.
620 448 731 503 Καὶ
759 448 842 510 τίς
873 447 1020 500 ἐστιν
1048 446 1076 498 6
1102 443 1183 516 τῷ
1202 443 1320 515 Θεῴ
1350 442 1463 508 ἴσος
1526 445 1621 498 καὶ
1655 462 1784 498 συν..

1955 438 2356 512 ήοῇβαναε.
2392 434 2600 506 Ecquis
2623 441 2704 489 est
2728 434 2843 512 Deo
2870 448 2990 504 par,
3014 441 3070 487 ct
3113 432 3291 487 instar
3321 432 3477 487 illius

201 544 458 615 ἄναρχος,
485 542 541 604 ὃς
575 537 671 593 καὶ
700 537 790 592 ὑπ’
818 535 987 591 αὑτοῦ
1015 535 1236 608 ἄρχοιτο
1259 552 1275 601 ;
1591 552 1627 567 κ

275 635 444 691 Θεόὸ.
472 635 535 686 Ol
566 633 864 704 ἀρχόμενοι
904 629 1113 703 τριττοί
1138 646 1151 660 ·
1177 631 1206 683 6
1248 629 1348 698 μὲν
1377 626 1487 697 γὰρ
1528 626 1789 697 βουλόμε-

201 739 292 783 νος
325 720 688 791 ἀρχθήσεται·
712 721 738 773 6
760 719 838 780 δὲ.
865 717 1326 790 τυραννούμενοςο
1356 718 1383 769 6
1412 717 1470 770 δὲ
1503 716 1642 787 μήτε
1670 715 1793 785 βου-

205 813 451 881 λόμενος,
484 812 623 879 μήτε
658 809 1096 880 τυραννούμενος
1128 825 1144 840 ο
1178 808 1294 862 ἀλλ’
1337 810 1366 862 6
1393 808 1545 871 Θεὸς,
1590 806 1788 879 βουλη-

207 903 407 957 θέντων
432 904 534 955 οὑκ
574 902 734 973 ἄρχει
755 944 769 967 ,
799 902 886 954 ἵνα
928 899 1004 971 μὴ
1032 899 1194 953 πάλιν
1226 899 1587 970 βουληθέντες
1612 899 1790 953 διαδέ-

208 995 412 1062 ξωνταιι
433 996 617 1057 αὐτον,
641 996 735 1048 καὶ
755 993 892 1059 ποδς
913 992 1072 1046 τοῦτο
1093 993 1155 1046 οὐ
1177 994 1535 1062 συνάναρχον.
1554 992 1674 1045 οὐδὲ
1695 1010 1793 1060 (pu-

212 1089 371 1159 σικὴν
397 1088 553 1157 σχοίη
580 1087 677 1156 τὴν
703 1087 899 1156 ἀρχήν·
927 1085 1065 1154 μετὰ
1093 1084 1348 1154 βούλησιν
1366 1082 1604 1153 γὰρκαὶ
1621 1082 1792 1153 πρόσ-

209 1197 378 1249 φατον
412 1183 505 1232 καὶ
532 1179 745 1247 ἄτιμον,
779 1176 922 1229 καθὰ
944 1177 1180 1244 εἴρηταιο
1209 1172 1325 1225 ἀλλ’
1347 1171 1469 1225 οὐδὲ
1498 1187 1793 1241 τυραννου-

213 1270 392 1340 μένων
427 1267 585 1337 ἀρχει
611 1282 626 1296 ο
650 1266 897 1336 ἀπρεπὲς
919 1266 1049 1334 γὰρ,
1088 1264 1188 1316 σὺν
1210 1265 1324 1324 τοῖς
1351 1261 1561 1324 λοιποῖς
1581 1263 1791 1330 ἀτοπὴ-

214 1374 399 1429 μσσιν.
444 1357 861 1411 Ὑπολέλειπται
910 1356 1004 1409 οὖν
1054 1357 1228 1409 εἰπεῖν
1282 1354 1419 1407 ὃτιὸ
1456 1352 1587 1414 Θεὸς
1636 1351 1793 1421 ἄρχει

210 1450 272 1502 οὐ
333 1449 682 1520 βουλομένου,
727 1450 851 1503 οὐδὲ
888 1446 1324 1521 τυραννουμένου
1353 1487 1368 1514 ,
1408 1444 1544 1499 ἀλλὰ
1588 1446 1793 1515 φυσικῇ

212 1541 357 1611 ἀρχῇ
398 1541 725 1611 ἀρχομένουε

1886 509 2416 601 carens—principio,
2442 529 2534 599 qui
2567 528 2719 581 illum
2749 509 2950 581 habeat
2984 525 3284 595 principem
3307 521 3334 576 ?

1964 623 2165 678 Theod.
2200 623 2260 677 In
2294 637 2437 693 quos
2480 630 2564 677 est
2602 620 2974 689 principatus,
3011 622 3145 671 sunt
3197 615 3471 684 triplices.

1886 714 2044 771 Unus
2102 714 2327 785 quidem
2383 714 2594 778 volens,
2646 711 2873 766 habebit.
2919 708 3271 778 principem:
3329 707 3471 760 alius

1885 819 1984 874 per
2039 804 2148 856 vim
2199 811 2254 856 et
2286 802 2613 872 tyrannice:
2665 801 2812 854 alius
2864 812 2996 852 vero
3051 809 3230 866 neque
3260 793 3471 851 “volens.
3526 788 3529 795 ’

1889 907 2066 958 neque
2097 894 2148 945 vi
2181 890 2439 945 adactus.
2475 891 2546 943 At
2579 889 2726 943 Deus
2768 902 2880 943 non
2913 896 2997 943 est
3029 886 3312 955 princeps,
3343 884 3471 952 quia

1888 988 2083 1042 volunt
2108 987 2145 1041 ii
2201 1001 2436 1057 quorum
2484 993 2569 1039 est
2599 984 2897 1054 princeps:
2950 998 3020 1036 ne
3050 994 3272 1041 rursus,
3307 977 3353 1032 si
3382 992 3475 1032 vc-

1893 1079 2016 1145 lint,
2050 1079 2099 1134 ei
2148 1078 2490 1135 succedant:
2541 1090 2604 1129 ac
2647 1083 2914 1146 praeterea
2947 1088 3056 1127 non
3087 1072 3287 1125 habeat
3321 1068 3476 1137 prin-

1892 1174 2135 1244 cipatum
2185 1165 2518 1237 naturalem,
2570 1187 2637 1226 ac
2680 1169 2845 1224 simul
2897 1167 3108 1235 absque
3158 1163 3472 1233 principio;

1895 1274 2087 1336 utpote
2120 1274 2248 1336 post
2280 1266 2642 1326 voluntatem,
2679 1271 2733 1319 et
2780 1275 3048 1330 nuperum
3081 1272 3144 1310 ae
3175 1256 3477 1308 inhonora-

1897 1364 2037 1420 tum,
2068 1358 2215 1411 sicut
2247 1356 2456 1410 dictum
2504 1364 2611 1410 est.
2661 1353 2769 1408 Sed
2805 1365 2904 1406 nec
2948 1349 3060 1402 vim
3117 1360 3180 1399 ac
3226 1340 3477 1413 tyranni-

1898 1448 2019 1503 dem
2057 1464 2347 1519 passorum
2396 1448 2655 1519 princeps
2701 1455 2787 1500 est
2817 1463 2847 1513 ε,
2884 1454 3060 1509 neque
3105 1436 3251 1493 enim
3287 1434 3478 1495 decet;

1903 1551 2102 1610 plaster
2156 1543 2366 1609 reliqua
2413 1540 2681 1595 absurda.
2733 1534 2926 1591 Restat
2959 1532 3128 1603 igitur
3170 1539 3233 1583 ut
3262 1527 3483 1579 dicatur

219 1634 364 1689 Deus
399 1649 520 1690 esse
566 1634 846 1704 princeps,
897 1648 1007 1689 non
1043 1639 1101 1687 ut
1151 1631 1417 1698 volentis,
1484 1644 1586 1685 nec
1644 1632 1990 1701 tyrannidem
2056 1625 2371 1705 subeuntis;
2423 1634 2521 1689 sed
2595 1630 2843 1686 naturali
2903 1624 3215 1696 principatu
3276 1619 3484 1693 baben-

216 1725 310 1779 tis.

300 1816 363 1871 '0
395 1821 615 1885 Σαρακ.
641 1819 752 1872 Καὶ
773 1817 857 1882 τίς
888 1818 1035 1873 ἐστιν
1065 1818 1094 1870 6
1119 1818 1223 1871 61:6
1260 1817 1351 1872 τοῦ
1380 1813 1518 1869 Θεοῦ
1548 1812 1796 1885 φυσικῶς

1983 1813 2181 1867 Sarac.
2222 1809 2428 1881 Ecquis
2459 1816 2545 1865 est
2581 1808 2674 1878 qui
2710 1784 2907 1861 natura
2936 1801 3110 1856 Deum
3140 1798 3305 1853 habet
3333 1793 3488 1865 prin-

218 1909 523 1978 ἀρχόμενος
554 1927 571 1973 ;

291 2000 455 2056 Θεόδ.
490 2003 553 2054 Οἱ
594 2002 852 2076 ἄρχοντες
876 2002 1088 2072 τρισσοί
1109 2015 1124 2032 ³
1150 2004 1178 2056 6
1205 2001 1306 2069 μὲν
1327 2000 1456 2072 γὰρ,
1485 2003 1652 2072 ψήφῳ
1690 2004 1802 2056 τῶν

219 2090 544 2162 ἀρχομένων
568 2080 727 2161 ἄρχει
764 2109 777 2122 ·
809 2093 837 2145 6
862 2092 939 2156 δὲ,
968 2092 1272 2161 τυραννίδι’
1307 2095 1334 2145 6
1365 2092 1442 2156 δὲ,
1471 2093 1654 2161 φύσει·
1686 2094 1803 2147 ἀλλ’

219 2182 251 2234 6
300 2183 399 2252 μὲν
457 2183 591 2247 Θεὸς
639 2185 804 2256 ψήφῳ
853 2184 1172 2256 ἀρχομένων
1225 2185 1324 2239 οὐκ
1375 2186 1554 2256 ἄρχει,
1599 2186 1686 2239 διὰ
1734 2186 1804 2239 τὰ

222 2277 599 2346 προειρημένα
632 2277 952 2348 ἀνάρμοστα
973 2279 1065 2335 ἐπὶ
1092 2278 1226 2331 Θεοῦ
1247 2277 1504 2348 λεχθῆναι
1532 2278 1808 2349 συμϐεϐη-

224 2366 391 2419 κότα·
419 2367 555 2420 ἀλλά
578 2369 698 2421 οὐδὲ
732 2370 1026 2439 τυραννίδι·
1063 2368 1158 2422 τοῦ
1181 2368 1316 2422 Θεοῦ
1348 2371 1456 2438 γὰρ
1492 2370 1524 2437 ἡ
1551 2371 1808 2440 τυραννὶς

228 2459 447 2528 μακρὰν
469 2459 909 2532 ἀπορῥαπίξεται
926 2476 939 2490 ⁸
970 2460 1356 2513 ὑπολέλειπται
1379 2461 1434 2513 δὲ
1453 2460 1562 2530 ἄρα
1581 2464 1608 2514 6
1627 2462 1810 2531 τρίτος

225 2550 449 2619 τρόπος.
483 2551 608 2604 καθ’
638 2550 697 2603 ὃν
725 2551 944 2619 λέγεται
974 2553 1002 2604 6
1027 2551 1158 2615 Θεὸς
1196 2553 1380 2621 ἄρχων
1416 2552 1596 2622 πάσης
1624 2551 1809 2621 ψήφου

229 2640 501 2715 ἀνώτερος
528 2681 544 2707 ,
577 2643 671 2696 καὶ
719 2645 901 2713 πάσης
932 2643 1246 2715 τυραννίδος
1278 2641 1561 2714 ἐλεύθερος
1589 2683 1602 2707 ,
1638 2643 1666 2696 ὃ
1695 2644 1810 2696 ἐστι

235 2750 417 2802 φυσει.

320 2918 374 2972 '0
402 2922 621 2986 Σαρακ.
657 2918 765 2974 Kal.
805 2920 857 2972 τί
887 2921 1035 2973 ἐστιν
1076 2920 1104 2973 6
1131 2918 1237 2971 ὑπὸ
1268 2916 1362 2971 τοῦ
1406 2914 1542 2970 Θεοῦ
1569 2914 1811 2985 φυσικῶς

235 3011 533 3085 ἀρχόμενος
561 3026 574 3074 ;

311 3102 477 3157 Θεόδ.
517 3101 575 3154 '0
598 3100 727 3162 Υἱὸς
752 3099 940 3164 αὐτοῦ,
965 3100 1033 3153 δι’
1064 3095 1124 3153 οὗ
1156 3100 1336 3170 ἄρχων
1366 3101 1460 3153 καὶ
1494 3096 1684 3168 Πατὴρ
1714 3098 1814 3150 οὐκ

235 3193 512 3265 ἠργμένος
542 3194 571 3246 6
604 3191 736 3256 Θεδς
765 3190 1126 3263 γνωρίζεταιο
1148 3192 1283 3244 διότι
1321 3190 1549 3260 φυσικὸν
1583 3191 1815 3259 πρᾶγμα

239 3288 368 3351 πᾶν,
394 3285 493 3356 τῆς
523 3283 667 3339 κατὰ
694 3284 1011 3355 προαίρεσιν
1046 3282 1317 3354 θελήσεως
1342 3283 1705 3354 προτέθειται.

325 3462 377 3514 '0
401 3464 624 3528 Σαρακ.
659 3453 785 3513 Οῖον
815 3459 867 3512 τι
893 3460 999 3529 φής
1025 3475 1041 3524 ;

311 3552 479 3609 Θεόδ.
513 3553 628 3624 Πρὸ
658 3552 767 3623 γὰρ
792 3549 887 3604 τοῦ
919 3549 1096 3603 θέλειν
1126 3550 1408 3613 ἀναπνεῖν,
1442 3544 1782 3617 ἀναπνέομεν
1801 3559 1816 3574 ο

239 3644 338 3699 καὶ
358 3643 465 3715 πρὸ
491 3643 587 3697 τοῦ
630 3642 807 3696 θέλειν
834 3639 1087 3707 ἀκούειν,
1115 3640 1387 3708 ἀκούομεν
1408 3654 1421 3667 ·
1454 3639 1548 3692 καὶ
1580 3637 1686 3709 πρὸ
1724 3636 1818 3689 τοῦ

240 3734 414 3789 θέλειν
437 3735 589 3805 όρᾷν,
620 3733 912 3805 βλέπομεν.
953 3733 1087 3786 Ἰδοὺ
1113 3730 1245 3802 γὰρ,
1278 3730 1365 3792 σὺ,
1396 3724 1441 3784 ὧ
1470 3727 1681 3800 ἀρνητά
1721 3729 1822 3795 τῆς

239 3825 336 3883 τοῦ
368 3823 504 3878 Θεοῦ
533 3826 707 3893 Λόγου
742 3824 1020 3894 θεότητος,
1058 3822 1460 3886 ἀποδέδεικται,
1484 3824 1566 3877 ὅτι
1592 3821 1710 3897 ἐστὶ
1742 3820 1822 3891 τῷ

214 3916 364 3988 ίΘεῷ
402 3916 531 3983 Υἱὸς
569 3917 877 3987 ὁμοούσιος,
915 3914 1254 3985 συνάναρχὸς
1308 3931 1368 3966 τε
1394 3914 1490 3967 καὶ
1524 3914 1818 3977 συναΐδιος,

243 4012 367 4073 ταῖς
405 4008 509 4080 τῆς
562 4008 821 4077 θεότητος
891 4008 1189 4078 ὑπεροχαῖς
1229 4006 1308 4076 τῷ
1354 4006 1645 4075 γεννήτορι
1691 4020 1818 4069 συν-

244 4099 504 4173 εδρεύων,
536 4098 646 4157 ὑπὸ
691 4099 874 4168 πάσης
910 4098 1146 4170 ἀοράτου
1191 4097 1286 4150 καὶ
1336 4094 1542 4166 ὁρατῆς
1593 4094 1827 4157 κτίσεως

245 4189 590 4262 Δημιουργδς
620 4188 715 4244 καὶ
735 4187 1013 4256 Δεσπότης
1044 4186 1141 4240 σὺν
1167 4183 1315 4254 αὐτῷ
1344 4180 1741 4256 λατρευόμενός
1768 4197 1826 4234 τε

248 4281 342 4335 καὶ
370 4278 846 4351 προσκυνούμενος
864 4315 879 4341 ,
908 4276 1001 4329 τὸν
1027 4273 1258 4344 οὐρανὸν
1299 4272 1438 4343 ἔχων
1464 4269 1656 4341 θρόνον
1681 4311 1697 4335 ,
1733 4269 1828 4322 καὶ

248 4372 348 4443 τὴν
379 4371 485 4441 γῆν
516 4369 839 4424 ὑποπόδιονο
871 4367 953 4421 ἔτι
985 4366 1044 4421 δὲ
1092 4367 1187 4418 καὶ
1227 4361 1583 4435 προφητικῶς
1629 4361 1829 4443 εἰπεῖν,

1904 1906 2077 1973 cipem
2102 1902 2126 1954 ?

1964 1994 2180 2049 ~Tlteod.
2238 1993 2511 2062 Triplices
2574 1999 2705 2045 sunt
2761 1984 3045 2057 principes
3087 1979 3278 2034 :alius
3337 1975 3486 2030 enim

1906 2086 2176 2149 suffragio
2206 2102 2398 2141 eorum
2426 2085 2628 2154 quibus
2658 2088 2876 2147 prteest,
2900 2077 3158 2146 princeps
3188 2078 3273 2126 est
3299 2087 3312 2123 :
3341 2069 3488 2123 alius

1907 2193 2003 2245 per
2032 2175 2403 2248 tyrannidem,
2441 2175 2584 2227 alius
2616 2178 2841 2225 natura.
2879 2166 3083 2221 Verum
3121 2163 3265 2217 Deus
3292 2172 3488 2214 eorum

1908 2270 2113 2338 quibus
2146 2275 2346 2338 praeest
2375 2265 2637 2334 suﬂ‘ragio
2666 2279 2773 2316 non
2803 2270 2885 2315 est
2916 2258 3173 2327 princeps
3200 2272 3215 2319 ;
3255 2252 3327 2307 ob
3359 2264 3492 2320 pra:-

1911 2361 2060 2415 dicta
2091 2362 2398 2427 incongrua
2448 2372 2569 2426 quae
2611 2356 2680 2409 de
2719 2354 2829 2408 Deo
2867 2348 3100 2404 dicenda
3128 2353 3317 2401 essent
3346 2360 3360 2395 :
3393 2341 3490 2397 sed

1911 2465 2088 2518 neque
2124 2465 2218 2518 per
2245 2447 2615 2518 tyrannidem;
2650 2440 2901 2513 tyrannis
2929 2438 3071 2492 enim
3100 2433 3292 2505 procul
3324 2446 3354 2484 a
3382 2429 3492 2483 Deo

1913 2538 2290 2609 proﬂigator:
2349 2543 2601 2604 superest
2658 2532 2844 2600 itaque
2878 2527 3078 2582 tertius
3130 2522 3347 2582 modus,
3382 2533 3493 2588 quo

1918 2631 2060 2684 Deus
2086 2630 2293 2683 dicitur
2330 2627 2589 2696 princeps
2637 2622 2785 2676 onmi
2836 2618 3099 2687 suﬂragio
3131 2612 3408 2685 superior,
3441 2620 3494 2665 et

1915 2723 1984 2777 ab
2030 2722 2181 2777 omni
2235 2719 2532 2791 tyrannide
2579 2717 2739 2781 liber,
2777 2714 2872 2784 qui
2936 2721 3023 2766 est
3077 2707 3271 2763 modus
3327 2711 3495 2758 natu-

1915 2816 2070 2869 ralis.

1914 2914 1917 2917 ’
1989 2904 2182 2960 Sarac.
2217 2901 2283 2955 Et
2314 2901 2441 2970 quis
2475 2906 2559 2955 e’st
2593 2899 2689 2969 qui
2740 2897 2917 2951 Deum
2967 2888 3298 2948 naturaliter
3337 2886 3499 2956 piinq

1917 2997 2092 3065 cipem
2126 2994 2331 3048 habet?

1994 3086 2190 3140 Theod.
2257 3083 2433 3139 Filius
2481 3084 2635 3151 ejus;
2688 3096 2784 3151 per
2824 3093 2986 3150 quem
3031 3075 3196 3136 Deus,
3236 3070 3508 3140 princeps

1917 3186 1972 3235 et
2011 3178 2174 3232 Pater
2209 3192 2318 3230 non
2350 3185 2568 3244 cceptus
2618 3189 2714 3228 seu
2761 3173 2970 3240 absque
3002 3164 3278 3237 principio
3325 3173 3499 3229 agno-

1920 3272 2116 3327 scitur.
2154 3267 2292 3334 Quia
2329 3267 2510 3321 omuis
2554 3280 2643 3320 res
2690 3262 2965 3318 naturalis
3014 3259 3356 3313 voluntatem
3390 3250 3507 3307 εισι

1918 3361 2123 3418 ctionis
2157 3358 2443 3430 prateellit.

1988 3450 2177 3505 Sarac.
2209 3448 2352 3513 Quid
2387 3446 2538 3503 verbi
2566 3444 2744 3515 gratia
2787 3442 2908 3496 ais?

2007 3541 2204 3598 Theod.
2237 3543 2379 3595 Ante
2425 3539 2569 3595 enim
2605 3552 2766 3607 quam
2797 3532 3032 3589 velimus
3086 3529 3383 3599 respirare,
3413 3540 3509 3579 re-

1885 3668 1894 3677 ι
1923 3633 2236 3705 Spiramus;
2288 3642 2342 3685 et
2371 3638 2666 3699 antequam
2698 3625 2933 3681 velimus
2964 3608 3179 3687 audire,
3209 3617 3507 3679 audimus;

1922 3738 1978 3784 et
2010 3736 2303 3796 antequam
2339 3723 2578 3778 velimus
2615 3720 2827 3782 videre,
2873 3715 3145 3773 videmus.
3196 3712 3277 3767 En
3311 3709 3502 3780 igitur,

1924 3837 1958 3875 ο
1982 3830 2038 3874 tu
2084 3828 2311 3887 negator
2360 3813 2676 3868 divinitatis
2710 3810 2875 3867 Verbi
2903 3808 3024 3876 Dei,
3059 3809 3511 3862 demonstratum

1926 3920 2012 3967 est
2043 3909 2189 3980 quod
2231 3908 2342 3962 Deo
2382 3914 2468 3961 est
2524 3903 2700 3960 Filius
2751 3899 3266 3962 consubstantialis,
3308 3909 3514 3951 carens.

1930 4011 1990 4053 ut
2021 3999 2114 4054 ille
2165 3989 2473 4070 principio,-
2523 4002 2579 4048 et
2622 4003 2957 4058 coaeternus,
3012 3988 3364 4046 excellentiis
3422 3984 3507 4038 di-

1929 4091 2180 4147 vinitatis
2201 4105 2325 4145 cum
2350 4088 2606 4158 genitore
2627 4085 2954 4155 praesidens,
2984 4083 3054 4138 ab
3080 4080 3231 4136 omni
3251 4087 3514 4133 creatura

1931 4181 2312 4252 inaspectabili
2343 4188 2398 4235 et
2429 4178 2752 4249 aspectabili
2782 4187 3042 4245 tanquam
3067 4173 3296 4228 Creator
3329 4179 3383 4226 et
3403 4167 3510 4224 Do-

1932 4274 2116 4329 minus
2143 4288 2269 4327 cum
2299 4272 2419 4342 ipso
2445 4271 2630 4326 cultus
2660 4277 2715 4324 et
2746 4268 3030 4329 adoratus,
3053 4264 3148 4335 qui
3177 4262 3378 4320 caelum
3410 4275 3514 4332 pro

1933 4367 2136 4421 throno
2167 4367 2355 4430 habet,
2381 4381 2445 4420 ac
2468 4374 2677 4418 terram
2710 4377 2811 4434 pro
2839 4358 3120 4423 scabello;
3150 4356 3506 4426 insuperquc,

252 4428 501 4533 σπιθάμῇ
525 4461 617 4514 τὸν
637 4458 867 4530 οὐρανὸν
900 4455 1139 4528 μετρῶν,
1166 4428 1521 4526 και-την-γῆν
1551 4452 1731 4523 δρακὶ,
1765 4428 1811 4504 6i

1934 4466 1992 4512 ut
2036 4428 2357 4527 prophetica
2388 4455 2624 4519 dicatur,
2669 4428 2779 4524 qui
2811 4453 2993 4523 palmo
3032 4449 3236 4504 caelum
3263 4444 3515 4507 metitur,

252 4554 433 4609 πάντα
466 4552 536 4606 τὰ
560 4550 688 4622 ἔθνη
708 4549 956 4615 ἐνώπιον,
987 4547 1063 4611 ὡς
1088 4544 1230 4618 ῥοπὴ
1258 4545 1445 4615 ζυγοῦ,
1474 4546 1569 4599 και
1597 4544 1674 4607 ὡς
1698 4560 1827 4597 στα-

253 4645 368 4721 γὼν
397 4645 507 4699 ἀπὸ
531 4644 720 4701 κάδου.
1800 4647 1805 4651 ‘

1934 4558 1991 4605 et
2017 4561 2218 4603 terram
2266 4561 2490 4617 pugno;
2533 4555 2663 4600 ante
2714 4544 2875 4612 cujus
2928 4546 3282 4609 conspectum
3317 4548 3511 4589 etnnes

1936 4644 2128 4708 gentes
2174 4645 2305 4690 sunt
2367 4635 2526 4705 quasi
2587 4642 2923 4689 ammentum
2959 4639 3201 4691 staterae,
3246 4636 3301 4682 et
3352 4623 3512 4694 quasi

1937 4731 2084 4785 stilla
2116 4728 2184 4786 de
2216 4728 2475 4784 situla”;

1784 4838 1974 4896 XXVI.

266 4943 377 5008 Τοῦ
402 4942 589 4999 αὐτοῦ
610 4940 879 5006 διάλεξις
913 4937 1421 5008 ἀποδεικνύουσα,
1447 4933 1536 5008 ῥ’τι
1569 4935 1603 4987 ό
1632 4931 1837 5000 Πατὴρ

488 5013 581 5071 del
843 5003 875 5065 ό
900 5009 969 5063 δὲ
1007 5008 1142 5074 Υιὸς
1166 5005 1259 5061 ἀεὶ
1294 5003 1595 5074 γεννᾶται.

1949 4931 2213 4987 Theodori
2268 4929 2512 4985 monachi
2554 4929 2940 4983 demonstratio
2986 4924 3150 4995 (56°),
3187 4888 3327 4993 quod
3352 4919 3521 4977 Pater

2020 5017 2221 5070 semper
2253 5010 2491 5073 generat,
2528 4998 2576 5052 F
2580 5000 2705 5054 ilius
2727 5008 2904 5052 autem
2928 5010 3130 5064 semper
3156 5001 3463 5065 generatur.

1601 5116 1846 5167 'l‘urriano
1870 5114 2150 5179 interprete

329 5209 648 5276 Αιρετικδς.
683 5205 922 5277 Πότερόν
964 5221 1047 5259 σοι
1077 5202 1223 5257 δοκεῖ
1236 5218 1252 5268 ;
1304 5202 1414 5255 πᾶν
1445 5201 1507 5254 τδ
1537 5202 1616 5263 εἰς
1668 5201 1841 5271 πέρας

263 5303 417 5359 ἐλθὸν
439 5302 660 5373 ἣρξατο,
691 5300 726 5370 ἢ
760 5298 855 5363 ob;

262 5432 442 5496 "’lsa.
479 5452 568 5499 XL,
608 5436 696 5489 {2.
740 5435 826 5487 15.

2024 5197 2546 5254 Hareticuwtrum
2582 5194 2679 5251 tibi
2712 5192 2956 5258 videtur,
2985 5204 3151 5246 omne
3185 5184 3331 5259 quod
3364 5181 3430 5237 ad
3455 5181 3520 5237 n-

1952 5308 2076 5347 netu
2118 5292 2288 5355 venit,
2322 5290 2509 5359 cmpit,
2544 5304 2612 5341 an
2641 5287 2789 5341 non?

1782 5535 1914 5591 ΝΟΤ
1925 5535 2012 5590 xli.

337 5643 473 5713 (36‘)
518 5642 672 5713 llunc
711 5642 931 5696 titulum
963 5640 1194 5713 habebat
1237 5637 1419 5692 vcrsio
1462 5634 1739 5713 'i‘urriani.
1776 5633 1831 5713 lu

271 5707 441 5778 altero
476 5713 598 5768 cod.
648 5712 952 5777 Bavarico,
998 5709 1276 5780 θεοὸὠρου
1324 5707 1693 5779 πρεσὸυτέρου
1742 5707 1834 5767 τῆς

1954 5630 2192 5693 Ἱάῖίιοῦ,
2216 5626 2474 5681 Theodori
2499 5623 2783 5694 presbyteri
2814 5621 3024 5694 "nitide.
3051 5617 3337 5694 Secundus
3355 5617 3531 5675 cedent

1946 5704 2141 5758 Bavar.
2212 5699 2317 5753 Τοῦ
2371 5694 2537 5751 αὑτοῦ
2595 5689 2829 5758 διΞιλεξις
2882 5689 3353 5757 ἀποδεικνύουσι,
3412 5697 3534 5744 ets.
