3928 6130
205 270 339 336 1569

1572 266 1991 363 muscum.

3306 267 3441 334 1370
3484 279 3491 285 ’

201 385 374 446 τοῦτο,
409 383 499 439 τδν
546 381 645 452 μὲν
677 381 808 437 Θεὸν
847 378 1259 453 κατηγοροῦμεν
1288 376 1432 432 κατὰ
1475 381 1576 451 τῆς
1627 358 1765 435 ὑποθ-

1889 395 1996 433 ram
2048 388 2313 449 tanquam
2366 379 2610 444 nudam,
2639 358 2694 433 et
2735 376 2863 435 sine
2909 379 3187 452 personis,
3222 382 3443 436 ratione

202 474 462 537 στάσεως.
503 472 589 534 Ὦς
639 472 697 524 ἑν
748 471 1049 525 ὑποστάσει
1102 458 1500 538 θεωροῦμενον,
1551 469 1649 539 τὴν
1708 469 1765 523 δὲ

199 563 431 631 θεότητα
484 561 754 629 οὐδαμῶς,
794 561 870 625 ὼς
905 559 1026 615 καθ’
1053 560 1255 630 ἑαυτὴν
1285 555 1471 625 οὖσαν,
1504 560 1598 612 καὶ
1637 559 1767 611 ἄνευ

200 650 550 713 ὑποστάσεως
575 648 981 720 θεωρούμενην.

1875 477 2090 526 tantum
2124 472 2552 545 consideratam
2631 469 3018 540 intelligimus,
3077 480 3133 527 et
3179 471 3436 534 dicimus,

1871 560 2084 615 idcirco
2113 563 2286 616 Deum
2326 562 2695 632 praedicamus
2718 560 2787 615 de
2817 562 3142 631 hypostase,
3175 570 3437 627 tanquam

1869 648 1924 701 in
1960 651 2257 721 hypostase
2283 650 2736 716 consideratutu;
2776 651 3041 705 Deitatem
3076 664 3207 703 vero
3236 662 3441 718 nequa-

199 758 385 813 quam,
425 744 573 811 (non
605 743 752 797 enim
787 742 1030 797 dicimus
1061 759 1076 797 :
1110 742 1276 799 Pater
1311 754 1394 799 est
1422 723 1631 806 Deitas,
1670 739 1764 795 sed
1793 739 1960 814 Deus)
2020 754 2285 817 tauquam
2344 761 2440 816 per
2496 762 2557 802 se
2580 784 2596 812 ,
2671 753 2727 800 et
2752 746 2928 801 solum
2988 744 3112 800 sine
3188 744 3441 815 personis

200 834 631 891 consideratam.

279 929 478 983 Ἰστέον
532 928 664 999 γὰρ.
705 927 788 981 δτι
821 928 855 997 ἠ
899 926 1101 997 Θεότης
1142 926 1249 980 οὐκ
1313 927 1462 979 ἐστιν
1506 924 1632 978 ἄνευ
1659 916 1768 975 τῶν

198 1020 366 1090 τριῶν
425 1019 800 1073 ὑποστάσεων.
855 1016 1217 1088 Θεωρουμένη
1279 1017 1337 1070 δὲ
1398 1015 1523 1069 καθ’
1577 1014 1765 1086 αὐτὴν,

197 1111 327 1167 ἄνευ
355 1110 463 1163 τῶν
487 1110 840 1164 ὑποστάσεων
866 1110 1175 1179 θεωρεῖται.
1214 1109 1322 1161 Καὶ
1358 1111 1466 1192 ⁸(ἑιρ
1489 1108 1522 1177 ἡ
1545 1108 1766 1177 θεωρία,

199 1203 300 1256 οὐκ
331 1202 446 1256 εστι
480 1201 756 1271 κωλυτικὴ
787 1201 888 1270 τῆς
918 1199 1229 1270 ὐπάρξεωςυ
1263 1198 1387 1250 ἐπεὶ
1425 1199 1533 1266 γὰρ
1569 1200 1602 1268 ἡ
1644 1196 1773 1252 Θεό-

197 1308 298 1364 της
343 1292 465 1346 καθ’
495 1292 696 1363 ἑαυτὴν
746 1291 1033 1362 νοουμένη,
1070 1289 1232 1360 φύσις
1280 1289 1410 1344 ἄνευ
1457 1289 1765 1359 ἰδιωμάτων

199 1385 422 1448 νοεῖται,
461 1366 620 1446 δῆλον
682 1381 763 1434 ὅτι
811 1379 907 1433 καὶ
966 1379 1094 1432 ἄνευ
1140 1368 1508 1433 ὐποστάσεωῖι.
1542 1379 1605 1431 Εἰ
1655 1379 1765 1448 γὰρ

201 1473 402 1526 νοεῖται
458 1469 579 1524 καθ’
604 1470 838 1537 ἑαυτὴν,
865 1466 1004 1537 μετὰ
1055 1467 1441 1531 ὐποστάσεων,
1480 1466 1763 1535 δηλονότι,

203 1558 296 1610 καὶ
353 1556 491 1626 μετὰ
533 1557 856 1626 ἰδιωμάτων,
888 1556 1024 1624 ὅπερ
1074 1555 1171 1624 οὐχ
1224 1556 1498 1609 ὑπέκειτο.
1534 1555 1675 1620 Ἔτι,
1704 1554 1766 1608 τὸ

207 1646 284 1716 μὴ
312 1644 607 1713 δυνάμενον
640 1642 877 1697 νοεῖσθαι
902 1643 1030 1697 ἄνευ
1069 1643 1251 1710 ἄλλου,
1284 1643 1497 1713 ἀνάγκη
1541 1633 1678 1714 πρός
1711 1661 1763 1697 τι

1940 918 2355 976 Advertenuum
2407 928 2590 975 autem
2632 926 2738 983 est,
2791 918 2940 989 quod
3000 918 3185 974 Deitas
3224 932 3333 972 nou
3356 927 3459 973 est

1869 1010 1989 1066 sine
2019 1013 2200 1066 trihus
2244 1011 2519 1080 personis.
2580 1009 2947 1065 Considerata
2989 1023 3124 1065 vero
3173 1025 3273 1080 per
3300 1025 3359 1065 se
3388 1019 3444 1066 et

1867 1104 2009 1164 sola,
2044 1105 2165 1157 sine
2203 1104 2459 1172 personis
2496 1101 2903 1155 consideratur.
2934 1099 3217 1175 Siquidem
3251 1102 3439 1157 consi-
3534 1124 3538 1128 ι

1866 1191 2083 1245 deratio
2118 1206 2223 1243 non
2260 1191 2511 1261 prohibet
2541 1190 2953 1245 easistentiam.
2987 1189 3126 1256 Quia
3156 1186 3444 1245 euituDei-

1869 1289 1957 1335 tas
1984 1280 2286 1335 secundum
2316 1297 2373 1334 se
2399 1280 2774 1344 considerata,
2807 1278 3011 1334 natura
3037 1282 3161 1334 sine
3185 1281 3442 1350 proprie-

1869 1374 2076 1430 tatibus
2110 1375 2462 1444 intelligitur,
2501 1375 2672 1444 liquet
2716 1376 2839 1431 sine
2892 1375 3285 1446 hypostasibus
3305 1391 3443 1429 con-

1870 1465 2143 1532 siderari;
2176 1469 2220 1520 sl
2258 1466 2404 1518 enim
2452 1464 2842 1519 consideratur
2888 1479 2988 1533 per
3017 1480 3078 1520 se
3104 1480 3228 1518 cum
3267 1464 3442 1536 hypo-

1870 1558 2137 1623 Stasilms,
2190 1557 2366 1625 liquet
2415 1556 2760 1610 considerari
2812 1570 2937 1609 cum
2982 1555 3436 1624 proprietatibus,

1868 1647 2013 1716 quod
2053 1647 2272 1716 quidem
2301 1662 2409 1700 non
2440 1657 2561 1701 erat
2594 1646 2855 1715 positum.
2887 1644 3113 1709 Deinde,
3147 1643 3293 1714 quod
3325 1660 3438 1698 nou

204 1726 364 1794 εἶναι,
404 1733 498 1785 καὶ
553 1732 652 1785 οὐκ
703 1730 912 1786 οὐσίαν.
972 1730 1040 1783 Ἥ
1081 1731 1137 1782 δὲ
1188 1730 1391 1801 Θεότης
1429 1731 1492 1784 οὐ
1543 1733 1686 1801 πρός
1719 1731 1771 1785 τί

1889 1745 2056 1808 potest
2092 1737 2323 1805 intelligi
2379 1738 2499 1791 sine
2552 1736 2684 1797 alio,
2733 1748 2968 1808 necesse
3013 1742 3099 1788 est
3130 1734 3197 1786 ad
3233 1731 3443 1801 aliquid

205 1826 372 1885 ἐστιν,
396 1824 510 1877 ἀλλ’
541 1822 863 1893 ὐπερούσιος
921 1821 1118 1876 οὐσία·
1169 1820 1312 1876 ὥστε
1355 1822 1581 1876 δύναται
1638 1822 1772 1876 θεω-

210 1913 417 1984 ρεῖσθαι
442 1912 565 1966 καθ’
593 1912 793 1982 ἑαυτὴν
826 1914 1016 1982 μόνην,
1053 1914 1149 1966 καὶ
1173 1915 1235 1967 οὐ
1271 1915 1408 1984 μετὰ
1437 1914 1599 1969 ἄλλου
1622 1924 1637 1940 ⁸
1668 1913 1769 1980 ἔτι,

205 2001 442 2073 ὥσπιρό
487 2003 769 2073 ἄνθρωπος
812 2003 911 2056 οὐκ
952 2002 1100 2056 ἔστιν
1139 2004 1270 2057 ἄνευ
1320 2005 1511 2071 τόπου,
1539 2004 1773 2075 θεωρού-

209 2108 368 2162 μενος
419 2092 476 2146 δὲ
531 2092 651 2147 καθ’
682 2092 865 2153 αὐτὸν.
896 2095 989 2146 καὶ
1048 2094 1384 2164 ὁριζόμενος.
1420 2095 1549 2149 ἄνευ
1605 2096 1771 2149 τόπου

205 2181 489 2252 θεωρεῖται
538 2185 634 2236 καὶ
690 2183 949 2253 ὁρίζεται.
986 2185 1103 2237 Ἔτι
1158 2187 1266 2254 μὴν
1298 2185 1392 2237 καὶ
1428 2187 1461 2255 ἠ
1491 2185 1639 2256 ψυχὴ
1675 2184 1772 2239 τοῦ

206 2273 496 2344 ἀνθρώπου
546 2274 745 2338 ζῶντος
797 2275 984 2337 αὐτοῦ,
1014 2276 1115 2329 οὐκ
1147 2275 1295 2328 ἔστιν
1329 2275 1465 2329 ἄνευ
1500 2280 1771 2345 σώματος,

207 2360 560 2434 θεωρουμένη
601 2363 660 2417 δὲ
696 2363 818 2418 καθ’
845 2364 1048 2436 ἑαυτὴν
1075 2367 1205 2420 ἄνευ
1248 2364 1435 2419 τούτου
1464 2364 1771 2437 θεωρεῖται.

207 2450 392 2516 υῦτως
418 2454 516 2507 καὶ
539 2456 575 2523 η
604 2453 810 2524 Θεότης
832 2456 962 2510 ἄνευ
998 2455 1099 2524 μὲν
1133 2454 1248 2509 τῶν
1276 2456 1634 2511 ὐποστάσεων
1671 2457 1774 2511 οὐκ

206 2539 326 2596 εστι
348 2558 363 2573 '
398 2542 750 2616 θεωρουμένη
794 2544 851 2599 δὲ
913 2545 1037 2599 καθ’
1095 2546 1329 2618 ἑαυτὴν,
1381 2547 1510 2602 ἄνευ
1568 2546 1776 2602 τούτων

212 2628 519 2701 θεωρεῖται.

279 2725 467 2790 Alget.
503 2722 667 2776 ’Δλλο
694 2723 743 2756 ⁸⁸
766 2724 876 2795 γάρ
907 2727 1057 2779 ἐστιν
1098 2726 1294 2794 οὐσία,
1327 2727 1424 2781 καὶ
1469 2728 1600 2783 ἄλλο
1637 2730 1775 2784 ὑπό-

212 2830 400 2876 στασις
424 2830 442 2881 ;

297 2903 685 2972 Ὀρθόδ.Ἀλλο
713 2907 804 2959 καὶ
832 2906 958 2959 ἄλλο
977 2946 992 2972 ,
1017 2908 1116 2980 οὐχ
1148 2908 1222 2971 ὡς
1245 2910 1476 2980 πρᾶγμα
1502 2910 1650 2976 ἄλλο,
1680 2913 1775 2965 κα)⁸

211 2998 361 3060 ἄλλο,
386 2997 511 3051 ἄλλο
535 3014 586 3050 τι
610 2998 976 3067 σημαινούσης
1006 3001 1103 3069 τῆς
1133 3001 1503 3063 ὑποστάσεως,
1531 3004 1623 3055 καὶ
1648 3004 1775 3056 ἄλλο

210 3091 313 3158 τῆς
343 3090 551 3151 οὐσίας,
582 3089 657 3151 ὼς
692 3091 719 3142 6
747 3091 944 3150 κόκκος
982 3089 1078 3141 τοῦ
1113 3091 1258 3142 σίτου
1291 3091 1507 3158 λέγεται
1534 3097 1775 3163 σπέρμα,

214 3178 308 3230 καὶ
347 3178 578 3248 καρπὸς.
603 3178 699 3245 οὐχ
730 3178 804 3238 ὼς
839 3179 1073 3247 πρᾶγμα
1105 3177 1264 3240 ἄλλο,
1301 3181 1395 3232 καὶ
1428 3180 1572 3234 ἄλλο.
1617 3182 1779 3235 Ἀλλο

211 3269 270 3321 δέ
302 3286 354 3321 τι
386 3269 641 3338 σημαίνει
674 3268 734 3319 τὸ
768 3271 1019 3337 σπέρμα,
1050 3270 1142 3321 καὶ
1183 3270 1309 3323 ἄλλο
1334 3274 1362 3324 ὁ
1391 3273 1604 3342 καρπός
1626 3313 1639 3333 ,
1672 3274 1776 3337 ὅτι,

210 3358 276 3411 τὸ
350 3359 449 3429 μὲν
515 3358 734 3426 σπέρμα
801 3357 898 3408 τοῦ
983 3358 1264 3427 μέλλοντός
1327 3361 1444 3412 ἐστι
1506 3361 1777 3429 γεωργίου

212 3448 476 3519 σπέρμα,
522 3449 551 3501 ὁ
591 3448 647 3499 δὲ
692 3447 904 3518 καρπὸς
953 3448 1046 3500 τοῦ
1098 3449 1463 3519 παρελθόντος
1508 3451 1776 3523 γεωργίου

209 3538 445 3609 καρπός.

273 3632 461 3698 Λίρετ.
523 3629 589 3681 Τί
620 3629 930 3699 σημαίνειή
965 3628 1121 3681 οὐσία
1151 3647 1166 3695 ;
1200 3631 1295 3682 καὶ
1336 3630 1387 3681 τί
1432 3632 1771 3704 ὐπόστασις;

296 3803 523 3872 Ὀρθόδ.
553 3804 617 3857 Ἦ
668 3803 824 3856 οὐσία
879 3803 977 3872 τὴν
1028 3804 1317 3875 κοινότητα
1373 3806 1652 3874 σημαίνει,
1685 3811 1781 3862 καὶ

209 3894 268 3947 ετ
291 3892 342 3945 τί
378 3895 522 3944 ἐστιν
554 3893 683 3946 tam
719 3895 819 3964 τῆς
847 3897 1058 3960 οὐσίας,
1086 3897 1247 3950 τοῦτο
1286 3902 1464 3953 κοινὸν
1492 3904 1600 3955 τῶν
1639 3904 1774 3956 ὑπο-

213 3986 462 4035 στάσεων
481 3984 590 4035 τῶν
617 3983 721 4037 ὑπὸ
758 3985 856 4055 τὴν
884 3986 1070 4039 οὐσίαν
1095 4003 1109 4017 ’
1146 3991 1178 4058 ἡ
1223 3990 1279 4041 δὲ
1313 3991 1614 4055 ὑπόστασις
1650 3994 1778 4045 ἰδιό-

211 4090 354 4144 τητα
403 4073 537 4143 ἔχει,
585 4075 705 4143 ἣτις
752 4075 852 4127 οὐκ
908 4075 1021 4128 ἐστι
1073 4080 1226 4147 κοινὴ
1279 4079 1389 4132 τῶν
1448 4082 1548 4150 τῆς
1607 4082 1776 4136 αὐτοῦ

211 4166 400 4229 οὐσίας
467 4167 839 4231 ὑποστάσεων,
888 4169 1024 4237 μετὰ
1059 4171 1151 4221 καὶ
1195 4171 1291 4223 τοῦ
1325 4172 1560 4243 ἀριθμὸν
1599 4175 1781 4228 ἐπιδὲ-

210 4255 422 4325 χεσθαι.

284 4346 470 4413 Αἱρεῖ.
521 4344 585 4397 Ἦ
612 4344 719 4415 γὰρ
750 4345 908 4398 οὐσία
941 4348 1041 4400 οὐκ
1079 4347 1189 4418 ἔχει
1224 4348 1456 4422 ἰδιότητα
1483 4370 1496 4421 ;

291 4516 514 4591 Ὀρθόδ.
544 4522 681 4576 Οὔτε
723 4524 981 4594 ἰδιότητος
1019 4526 1255 4596 μετέχει,
1301 4528 1375 4599 μὴ
1406 4528 1570 4601 οὔσης
1600 4533 1784 4602 κοινῆς

213 4616 447 4684 τῶντῆς-
466 4614 653 4676 οὐσίας
680 4614 1031 4668 ὑποστάσει-ιν
1056 4632 1069 4645 ⁸
1095 4616 1217 4669 οὔτε
1250 4620 1356 4687 γὰρ
1388 4621 1618 4690 ἀριθμὸν
1646 4622 1785 4691 πλη-

213 4706 466 4760 θυντικὸν
510 4705 821 4775 ἐπιδέχεται
868 4705 964 4774 μία
1007 4707 1167 4760 οὐσία
1200 4709 1266 4762 ⁸⁸.
1307 4711 1379 4762 Τὸ
1407 4714 1514 4780 γὰρ
1558 4714 1788 4782 ἀριθμὸν

213 4797 579 4868 πληθυντικὸν
602 4796 1003 4865 ἐπιδεχόμενον,
1035 4799 1249 4862 πάντως
1276 4801 1514 4870 ἰδιότητα
1537 4804 1671 4874 ἔχει,
1696 4808 1791 4858 καὶ

213 4886 278 4938 τὸ
315 4886 437 4957 ἔχον
474 4886 734 4952 ίδιότητα,
783 4885 1015 4956 ἀριθμὸν
1059 4888 1388 4962 ἐπιδέχεται·
1430 4890 1568 4961 αὕτη
1610 4894 1719 4964 γὰρ
1752 4896 1784 4965 ἡ
1818 4938 1823 4941 ,

220 4977 420 5046 ίξιότης
461 4977 553 5030 τὸν
585 4976 817 5048 ἀριθμὸν
838 4979 1067 5046 εἰσάγει.

289 5156 486 5220 Αἱρεῖ.
540 5155 615 5207 Οὐ
669 5154 810 5220 νοῶ,
865 5154 893 5207 ὃ
944 5155 1146 5224 λέγεις.

286 5260 338 5303 ν.

286 5260 338 5303 ν.

223 5260 520 5403 ρΟὈρθόιΞ.
570 5337 761 5406 Λέγεις
803 5337 904 5409 τὴν
959 5340 1054 5391 τοῦ
1115 5341 1326 5412 Πατρὸς
1373 5342 1562 5395 οὐσίαν
1592 5343 1793 5397 ἀθάνα-

1198 5157 1330 5210 Εἰπὲ
1394 5162 1791 5229 περισαφέστε-

1803 3040 1844 3095 C

1873 1805 2016 1891 esse,
2050 1837 2107 1881 et
2158 1841 2267 1880 non
2313 1805 2739 1890 suhstantiamf
2769 1822 2948 1879 Deitas
3003 1834 3182 1877 autem
3219 1838 3327 1877 non
3358 1831 3447 1878 est

1874 1916 1942 1970 ad
1975 1917 2204 1986 aliquid,
2241 1917 2333 1970 sed
2363 1923 2448 1970 est
2480 1902 2791 1969 substantia
2839 1929 3004 1983 supra
3037 1914 3441 1978 substantiam;

1872 2021 2047 2078 quare
2103 2015 2284 2077 potest
2341 2005 2681 2061 considerari
2737 2020 2833 2074 per
2885 2020 2945 2058 se
2979 2006 3190 2063 solam.
3254 2012 3443 2060 etnon

1874 2115 2000 2157 cum
2034 2100 2166 2153 alio.
2212 2100 2447 2162 ltursus,
2495 2098 2642 2151 sicut
2682 2098 2846 2151 homo
2872 2110 2983 2150 non
3019 2107 3104 2150 est
3135 2095 3257 2150 sine
3295 2096 3441 2157 loco,

1874 2192 2261 2246 consideratus
2307 2203 2436 2243 vero
2490 2203 2589 2258 pcr
2622 2202 2702 2251 se,
2751 2196 2805 2241 et
2856 2186 3141 2252 deﬁnitus,
3173 2187 3291 2240 sine
3321 2187 3443 2240 loco

1874 2280 2280 2346 coiisideratur,
2333 2287 2388 2333 et
2442 2264 2732 2332 deﬁnitur.
2803 2277 2934 2331 Item
2987 2277 3167 2329 anima
3204 2275 3444 2329 hominis

1873 2372 2109 2427 viventis
2151 2387 2259 2425 non
2309 2377 2393 2425 est
2441 2370 2562 2424 sine
2612 2382 2870 2434 corpore;
2915 2367 3264 2420 considerata
3312 2379 3445 2420 vero

1875 2478 1973 2534 per
1994 2477 2077 2525 se,
2110 2462 2230 2516 sine
2269 2473 2504 2529 corpore
2527 2458 2934 2511 consideratur.
2979 2454 3071 2509 Sic
3108 2455 3292 2510 Deitas
3323 2455 3444 2510 siue

1875 2553 2134 2625 personis
2172 2566 2280 2605 non
2330 2559 2449 2620 est;
2486 2547 2840 2603 considerata
2886 2559 3017 2601 vero
3061 2559 3160 2615 per
3187 2559 3267 2607 se,
3322 2546 3446 2600 sine

1876 2644 1963 2697 his
1999 2641 2416 2697 consideratur.

1938 2736 2137 2786 Hrrrel.
2200 2730 2365 2785 Aliud
2419 2739 2576 2784 estne
2620 2726 2957 2790 substantia,
3000 2737 3056 2781 et
3096 2725 3245 2780 aliud
3275 2725 3445 2797 hypo-

1875 2823 2043 2877 Stasis
2067 2822 2093 2875 ‘l

1948 2910 2172 2965 Orthod.
2210 2910 2375 2964 Aliud
2424 2921 2477 2963 et
2524 2909 2697 2974 aliud,
2736 2925 2844 2963 non
2911 2915 3173 2975 tanquam
3221 2921 3312 2960 res
3338 2906 3445 2959 alia

1876 3009 1930 3054 et
1962 3001 2108 3053 alia:
2152 3001 2246 3053 sed
2290 3008 2550 3065 tauquam
2604 2999 2750 3050 aliud
2799 2994 3074 3063 signiﬁca
3105 2994 3443 3064 Itypustasis,

1879 3096 1931 3139 et
1962 3085 2109 3138 aliud
2140 3087 2489 3150 substantia;
2522 3085 2669 3138 sicut
2718 3098 2952 3153 granum
3009 3082 3267 3135 frumenti
3310 3082 3449 3135 dici-

1879 3187 1970 3229 tur
1995 3185 2051 3228 et
2078 3183 2165 3228 est
2197 3189 2380 3226 semen
2422 3180 2476 3225 et.
2507 3174 2741 3231 fruetus.
2788 3188 2895 3225 uou
2932 3182 3189 3237 tanquam
3223 3184 3313 3224 res
3342 3153 3449 3224 alia

1885 3277 1939 3318 et
1971 3264 2100 3316 alia.
2149 3261 2312 3314 Aliud
2357 3275 2490 3313 vero
2521 3259 2795 3328 signiﬁcat
2822 3273 3031 3320 semen,
3060 3267 3114 3310 et
3144 3256 3291 3309 aliud
3326 3255 3448 3308 fru-

1881 3365 2042 3419 ctus;
2084 3354 2343 3423 quoniam
2386 3367 2573 3405 semen
2599 3352 2819 3418 quidem
2876 3365 3063 3404 semen
3131 3356 3213 3402 est
3250 3348 3449 3402 futura:

1881 3447 2264 3517 agriculturae;
2318 3442 2538 3496 fructus
2578 3454 2710 3495 vero
2765 3439 3060 3508 praeterita:
3097 3438 3452 3507 agriculturae

1880 3539 2092 3592 frui-tus
2122 3543 2224 3589 est.

1954 3628 2155 3682 llwret.
2194 3623 2331 3691 Quid
2397 3622 2674 3694 signiﬁcat
2709 3619 3070 3676 substantia?
3107 3627 3160 3672 et
3199 3616 3328 3685 quid
3356 3617 3455 3688 hy-

1883 3720 2123 3791 postasis
2144 3717 2167 3770 Ἰ

1955 3810 2180 3865 Ortlwd.
2218 3806 2534 3862 Suhstantia
2585 3802 2861 3872 signiﬁcat
2893 3801 3024 3871 quid
3053 3815 3368 3863 commune,
3402 3806 3457 3853 et

1883 3903 1925 3958 si
1961 3903 2094 3969 quid
2138 3909 2226 3954 est
2269 3899 2553 3968 proprium
2620 3894 2969 3955 substantias,
3012 3893 3113 3945 hoc
3163 3908 3457 3946 commune

1880 4005 1965 4048 est
2010 3996 2402 4064 hypostaseon,
2458 4000 2581 4055 quae
2627 3994 2751 4037 sunt
2806 3986 2997 4037 subter
3035 3984 3448 4045 substantiam;

1883 4083 2194 4157 hypostasis
2242 4088 2424 4133 autem
2475 4075 2639 4146 [‘09
2669 4074 3056 4142 proprietatem
3106 4072 3289 4131 habet.
3324 4086 3448 4139 qua:

1880 4194 1990 4232 non
2017 4183 2104 4230 est
2139 4170 2448 4227 communis
2501 4170 2870 4236 hypostaseon
2908 4163 3156 4233 ejusdem
3187 4163 3449 4217 subatan-

1882 4272 1990 4332 tite,
2021 4275 2074 4318 et
2104 4277 2392 4319 numerum
2421 4260 2635 4326 recipit.

1809 4370 1854 4423 ι)
1955 4358 2151 4417 eret.
2221 4350 2363 4405 Num
2431 4348 2739 4404 substantia
2798 4360 2912 4400 non
2971 4340 3139 4397 habet
3202 4340 3451 4411 proprie-

1880 4463 2043 4508 tatem
2067 4450 2089 4500 ?

1974 4536 2198 4596 Orthod.
2239 4534 2426 4603 Neque
2459 4532 2844 4601 proprietatem
2883 4528 3066 4589 habet,
3104 4540 3225 4595 qua:
3255 4538 3366 4576 non
3391 4523 3463 4578 sit

1883 4629 2196 4691 communis
2232 4628 2600 4696 hypostaseon
2646 4620 3013 4678 substantiae:
3052 4632 3232 4699 neque
3265 4629 3460 4670 nume-

1888 4740 2006 4777 rum
2069 4721 2308 4791 plurium
2363 4714 2583 4783 recipit,
2643 4728 2768 4765 cum
2818 4711 2893 4764 sit
2941 4722 3068 4762 una.
3111 4706 3263 4773 Quod
3308 4704 3455 4759 enim

1887 4825 2175 4865 numerum
2221 4806 2465 4875 plurium
2505 4803 2723 4870 recipit,
2758 4801 2982 4854 omnino
3022 4799 3186 4852 etiam
3211 4796 3461 4867 proprie-

1887 4911 2053 4955 tatem
2093 4898 2278 4963 habet,
2310 4906 2360 4950 et
2397 4894 2545 4964 quod
2584 4893 2749 4951 habet
2808 4891 3227 4959 praprictatcm,
3282 4902 3464 4940 nume-

1889 5008 2010 5045 rum
2063 4991 2297 5058 recipit;
2340 4990 2461 5055 ipsa
2492 4987 2638 5040 enim
2692 4982 2999 5053 prOpi-ietas
3045 4992 3334 5047 numerum
3375 4978 3464 5031 in-

1891 5082 2156 5137 troducit.

1968 5174 2163 5228 litaret.
2198 5170 2318 5225 Non
2362 5168 2639 5238 intelligo,
2678 5163 2824 5235 quod
2865 5163 2968 5217 ais.
3006 5160 3105 5216 Dic
3131 5158 3359 5215 clarius.

1977 5348 2202 5404 Ονιίιοά.
2263 5347 2485 5402 Dirisne
2534 5344 2714 5398 Patris
2763 5337 3135 5396 substantiam
3188 5334 3472 5389 immorta-

1515 5522 1743 5577 VMll/F.
1784 5523 2188 5579 LECTIONES.

296 5609 344 5639 “
369 5605 499 5661 ἄλλο
536 5622 611 5661 τι.
681 5605 725 5637 ⁸⁸
757 5608 912 5664 οὖσα.

854 5854 894 5891 Ι
