3928 6130
209 281 342 350 ἰῐοἿἹ

269 397 456 466 Αἱρετ.
478 393 662 447 1ιιύσιν.

288 485 506 554 Ὀρθόδ.
563 480 718 550 Εἶτα,
785 483 926 555 μετὰ
990 483 1323 556 ἰδιωμάτων,
1379 483 1413 554 ἢ
1467 483 1595 538 ἄνευ
1665 481 1784 534 τού-

207 595 318 634 των
331 595 346 644 ;
1441 619 1448 626 .

271 671 460 736 Αἱρεῖ.
491 665 678 737 Μόνην
698 663 798 736 τὴν
830 665 992 736 φύσιν
1025 665 1288 720 ἀνέλαϐεν
1323 665 1492 736 χωρὶς
1521 663 1630 716 τῶν
1653 662 1790 722 ἰδιω-

211 759 417 828 μάτων.

277 847 772 915 .⁹Ορθόδ.’Λοιπδν,
798 847 892 902 καὶ
934 845 1062 899 ἄνευ
1095 845 1406 917 χρώματος,
1448 844 1542 898 καὶ
1573 845 1790 914 σχήμα-

209 959 321 1003 τος,
348 941 443 994 καὶ
469 941 722 1010 κράσεως
745 939 854 991 τῶν
888 939 1170 1008 στοιχείων
1209 930 1299 1008 ἦν,
1331 938 1426 990 καὶ
1454 937 1582 989 ἄνευ
1631 935 1794 1006 μεγέ-

211 1030 358 1094 θους.
399 1031 562 1082 Ὥστε
611 1027 736 1082 οὔτε
785 1030 1134 1097 έγνωρίζετο,
1189 1027 1316 1081 οὔτε
1374 1028 1620 1097 ἑωρᾶτο,
1667 1025 1792 1078 οὕτε

213 1123 516 1194 ἐκρατεῖτο,
545 1119 670 1174 οὔτε
713 1121 778 1173 ὲκ
825 1120 1012 1182 παιδος
1069 1121 1148 1181 εἰς
1193 1119 1361 1190 ἄνδρα
1400 1117 1684 1188 ηὐξάνετο.
1727 1117 1794 1170 Ti

211 1212 341 1278 06v;
402 1212 686 1282 ὁμολογεῖς
743 1211 836 1264 ἐπὶ
893 1209 1138 1282 Χριστοῦ
1206 1209 1306 1280 τὴν
1361 1209 1643 1280 ἀναίρεσιν
1699 1207 1794 1260 τοῦ

213 1301 543 1374 χρώματος,
616 1301 710 1355 καί¹
766 1301 1088 1374 σχήματος,
1153 1301 1249 1353 καὶ
1301 1299 1410 1354 τῶν
1471 1299 1598 1370 ἑξῆς
1650 1299 1798 1352 ἐκτε-

215 1391 418 1448 θέντων
433 1407 448 1457 ;

278 1485 470 1550 Αἰρετ.
493 1479 588 1552 Μὴ
615 1482 847 1550 γένοιτο.

288 1573 518 1642 Ὀρθόδ.
557 1573 874 1644 Ὀμολογεϊς
920 1569 1030 1645 ἄρα
1047 1573 1146 1643 τὴν
1188 1571 1424 1644 ὕπαρξιν
1456 1572 1670 1636 αὑτῶν;

288 1668 482 1732 ΑΙρετ.
523 1662 824 1732 ’ομολογῶ.
995 1733 1008 1736 _

291 1755 515 1823 Ὀρθόδ.
550 1753 717 1819 Τίδέ;
741 1751 862 1822 οὑχὶ
897 1751 1068 1806 ταῦτά
1098 1753 1214 1806 ἔστι
1272 1751 1328 1805 δὲ
1363 1751 1670 1823 ἰδιώματα;

297 1930 484 1990 Αἱρεῖ.
519 1927 641 1988 Πῶς
673 1925 782 1996 γάρ
805 1923 898 1989 ob;

299 2017 522 2085 Ὀρθόδ.
556 2018 713 2072 Μετὰ
757 2017 1068 2087 ἰδιωμάτων
1099 2017 1208 2088 άρα
1241 2013 1353 2087 εἶχε
1392 2017 1493 2088 τὴν
1525 2017 1800 2088 ἡμετέραν

223 2111 387 2182 φύσιν
417 2113 446 2163 ὁ
473 2110 729 2180 Χριστός.
753 2109 920 2172 Φύσις
958 2109 1015 2161 δὲ
1054 2111 1191 2179 μετὰ
1231 2108 1538 2176 ἰδιωμάτων
1563 2109 1800 2162 ὑπόσταο

228 2203 314 2266 at;
347 2203 514 2266 ἐστιν,
537 2203 570 2270 ἢ
603 2203 664 2254 οὑ
687 2201 836 2256 δοκεῖ
874 2217 992 2266 σοις

295 2397 488 2461 Διρετ.
533 2393 683 2448 Πάνυ
713 2395 812 2466 μὲν
838 2395 951 2451 οὖν.

296 2485 528 2551 Ὀρθόδ.
576 2485 912 2540 ’Υπόστασιν
951 2487 1060 2556 ἄρα
1105 2487 1432 2560 προσέλαῦε,
1469 2491 1566 2544 καὶ
1605 2491 1666 2544 οὑ
1706 2489 1808 2564 μό-

227 2592 324 2648 νην
351 2575 449 2648 τὴν
475 2578 660 2646 φύσιν,
688 2578 762 2640 ὡς
788 2579 1121 2650 προέθηκας.

298 2671 494 2736 Αἱρεῖ.
539 2667 730 2731 Οὕτως
763 2669 898 2738 ἔχει.

302 2757 530 2825 Ὀρθέδ.
581 2758 740 2811 Ἀλλά
776 2762 872 2812 καὶ
897 2761 1054 2813 τοῦτο
1085 2762 1367 2818 ἀδύνατον.

299 2851 488 2915 Διρετ.
521 2849 631 2904 Καὶ
661 2848 825 2902 πόθεν
859 2849 1005 2920 ἔχεις
1035 2852 1240 2918 δεῖξαις

301 2940 532 3006 Ὀρθόδ.
574 2941 682 2998 Καὶ
709 2941 817 3010 γὰρ
866 2942 982 3011 ἦτοι
1013 2943 1300 3013 ήνώθησαν
1338 2946 1394 2998 αἱ
1457 2946 1804 3012 ὑποστάσεις,

1629 271 2026 334 ΟΡΙΙΒΟΙΠΛ
2041 315 2055 330 .
3335 260 3470 326 1578

1817 395 1861 448 Α
1965 383 2164 437 Πίον-ει.
2191 379 2474 434 Naturam.

1965 473 2192 528 Orthod.
2239 469 2465 532 Deinde,
2521 479 2648 520 cum
2711 463 3158 535 proprietatibus,
3209 478 3275 516 ar.
3351 467 3470 520 sine

1888 563 2362 633 proprietatibus?

1963 655 2164 710 Ureret.
2228 653 2410 709 Solam
2442 662 2697 712 naturam
2750 649 2956 722 accepit
2999 647 3118 704 sine
3161 648 3472 720 prepricla-

1890 745 2060 800 tibus.

1967 833 2192 890 Orthod.
2245 831 2602 904 Relinquitur
2655 831 2844 903 igitur,
2878 839 2940 888 ut
2991 832 3110 888 sine
3164 831 3366 896 colore,
3419 841 3478 884 et

1895 925 2092 995 ﬁgura,
2125 933 2178 980 et
2212 925 2471 979 mistione
2496 925 2921 990 elementorum,
2953 930 3006 976 et
3045 923 3166 978 sine
3199 923 3472 992 magnitu-

1894 1015 2046 1072 dine.
2103 1015 2470 1081 Quamobrem
2520 1029 2698 1082 neque
2731 1013 3152 1083 agnoscebatur,
3187 1029 3366 1084 neque
3396 1015 3477 1068 vi-

1896 1109 2149 1172 debatur,
2187 1125 2368 1180 neque
2408 1110 2723 1172 tenebatur,
2770 1125 2949 1179 neque
2973 1109 3282 1174 crescebat,
3313 1117 3374 1164 ut
3409 1125 3478 1176 ex

1899 1217 2071 1271 puero
2112 1203 2268 1256 ﬁeret
2306 1202 2408 1254 vir.
2443 1201 2584 1266 Quid
2614 1201 2830 1270 igitur?
2880 1201 3158 1256 conﬁteris
3191 1201 3478 1256 interitum

1898 1295 2122 1356 coloris.
2153 1303 2206 1350 et
2235 1293 2420 1364 ﬁgurae
2447 1302 2501 1349 et
2527 1293 2784 1359 aliorum,
2811 1307 2933 1364 qua:
2960 1295 3210 1366 exposita
3237 1301 3386 1360 sunt,
3423 1295 3478 1348 in

1898 1383 2116 1440 Christo
2133 1385 2156 1438 ?

1979 1473 2180 1529 liceret.
2215 1473 2456 1530 Minime.

1975 1566 2198 1621 Ort/tod.
2225 1567 2519 1622 Conﬁteris
2543 1568 2710 1638 igitur
2739 1565 2912 1624 fuisse
2939 1565 3054 1624 inec
3085 1570 3138 1624 in
3171 1569 3272 1624 eo?

1974 1656 2178 1712 eret.
2213 1657 2511 1714 Confiteor.

1825 1728 1872 1788 Β
1975 1747 2202 1804 Orthod.
2269 1747 2481 1814 Quid?
2545 1748 2742 1804 Annon
2795 1757 2924 1804 sunt
2993 1749 3109 1804 base
3179 1750 3530 1820 proprieta-,

1902 1839 2022 1894 tes?

1977 1930 2179 1986 Horret.
2203 1931 2315 1986 Cur
2337 1932 2480 1986 non?

1976 2021 2218 2077 Orthod.
2259 2022 2462 2077 Habuit
2519 2023 2682 2094 igitur
2717 2023 2975 2079 Christus
3024 2031 3276 2080 naturam
3322 2021 3486 2096 413

1903 2121 2152 2168 nostram
2193 2129 2319 2170 cum
2373 2116 2845 2186 proprietatibus:
2879 2123 3075 2170 natura
3137 2123 3318 2172 autem
3359 2130 3486 2170 cum

1905 2207 2340 2277 proprietatibus
2427 2209 2742 2280 bypostasis
2834 2217 2950 2264 est.
3006 2211 3203 2268 Annon
3267 2211 3488 2264 videtur

1905 2298 2044 2354 tibi?
2481 2289 2488 2296 ’

1983 2388 2185 2444 eret.
2219 2387 2472 2444 Maxime.
3475 2453 3480 2460 ‘

1986 2481 2209 2537 Orthod.
2259 2481 2608 2554 Hypostasim
2643 2497 2771 2553 ergo
2801 2485 3134 2555 assumpsit;
3170 2491 3223 2539 et
3257 2500 3362 2540 non
3392 2497 3487 2540 so-

1907 2573 2016 2627 lam
2043 2583 2319 2636 naturam,
2355 2583 2414 2628 ut
2437 2575 2588 2644 prius
2625 2575 2878 2645 posuisti.
3253 2564 3260 2572 ’

1977 2667 2175 2718 Haeret.
2212 2663 2300 2718 Sic
2332 2673 2438 2720 est.

1983 2753 2206 2808 Orlltod.
2241 2755 2308 2808 At
2342 2756 2448 2810 hoc
2489 2756 2606 2810 tieri
2633 2769 2738 2812 non
2771 2765 2970 2826 potest.

1987 2843 2186 2900 Ha’ret.
2213 2845 2278 2898 Et
2309 2847 2453 2936 unde
2481 2846 2587 2900 hoc
2619 2846 2816 2904 docere
2839 2849 3040 2918 potes?

1985 2936 2210 2992 Ortltod.
2245 2937 2380 3003 Quia
2411 2938 2493 2992 vel
2521 2937 2687 2992 unitae
2716 2951 2844 2994 sunt
2873 2941 3228 3009 liypostases,
3287 2944 3370 2999 vel
3401 2959 3490 3000 re-

231 3031 266 3100 ἢ
299 3032 520 3100 ἔμειναν
559 3033 964 3104 κεχωρισμέναι
987 3047 1004 3064 '
1032 3035 1080 3086 εἰ
1118 3035 1216 3105 μὲν
1248 3031 1342 3089 οὖν
1376 3040 1803 3108 κεχωρισμέναι,

1931 3036 2232 3082 uanserunt
2259 3039 2548 3098 separata,
2585 3037 2642 3084 et
2674 3039 2806 3084 tunc
2843 3030 3101 3086 Christus
3129 3031 3234 3086 erit
3259 3032 3386 3098 duo,
3437 3043 3491 3089 et

231 3121 327 3175 δύο
357 3122 536 3186 ἔσται,
563 3125 590 3177 6
615 3125 870 3194 Χριστὸς,
906 3123 998 3177 καὶ
1023 3127 1122 3196 οὑχ
1166 3122 1268 3190 εἷς.
1305 3129 1369 3182 Εἰ
1411 3127 1503 3184 οὖν
1537 3131 1670 3200 σέϐῃ
1717 3132 1808 3184 τὸν

233 3209 470 3280 Χριστὸν
522 3211 615 3264 δύο
666 3211 824 3275 ὅντα,
869 3213 1000 3284 σέϐῃ
1049 3213 1106 3266 δὲ
1157 3215 1247 3268 τὸν
1297 3217 1550 3288 Πατέρα,
1607 3220 1704 3272 καὶ
1749 3223 1810 3275 τὸ

234 3303 460 3371 Πνέὖμα
478 3303 664 3366 αὑτοῦ,
686 3303 943 3373 τετράδος
968 3305 1331 3372 κινδυνεύσεις
1356 3310 1624 3382 σεϐαστὴς
1646 3307 1808 3368 εἶναι.

235 3391 302 3448 Εἰ
351 3393 410 3446 δὲ
439 3393 728 3464 ὴνώϐησαν
759 3397 814 3450 αἰ
855 3397 1179 3463 ὑποστάσεις
1225 3403 1304 3464 εἰς
1345 3403 1474 3472 μίαν
1509 3405 1812 3459 ὑπόστασιν

237 3485 516 3546 σύνθετον,
566 3485 784 3558 έσταιή
831 3486 1086 3554 σύνθετος
1137 3491 1456 3558 ὑπόστασις,
1503 3493 1628 3548 οὔτε
1691 3497 1814 3551 Θεία

237 3575 516 3646 καθαρῶς,
551 3577 670 3630 οὑδὲ
719 3577 1055 3648 ἀνθρωπεία,
1097 3581 1234 3636 ἀλλὰ
1273 3583 1438 3652 μέσον
1468 3585 1693 3641 τούτων.
1745 3569 1812 3642 Et

235 3665 293 3718 δὲ
325 3665 576 3730 σύνθετος
602 3668 898 3732 ὑπόστασις
931 3672 1162 3739 Χριστός
1193 3674 1362 3737 ἐστιν,
1389 3678 1416 3728 6
1446 3677 1682 3747 Χριστὸς
1706 3678 1814 3750 ἄρα

237 3759 381 3813 κατὰ
421 3759 480 3812 σὲ
528 3759 652 3813 οὔτε
705 3761 826 3822 θεία
865 3763 1166 3828 ιόπόστασίς
1217 3767 1388 3834 ἐστιν,
1419 3768 1542 3824 οὔτε
1598 3773 1812 3844 ἀνθρω-

237 3847 394 3911 πεία,
423 3847 560 3900 ἀλλὰ
593 3851 758 3918 μέσον
791 3851 926 3904 Θεοῦ
983 3854 1077 3908 καὶ
1109 3854 1426 3925 ἀνθρώπου.
1472 3860 1632 3914 Ἀλλά
1683 3881 1814 3932 φευ-

239 3937 400 3989 κτέον
453 3938 554 4008 τὴν
603 3941 876 3996 ἀσέϐειαν.
913 3943 1035 4006 Πῶς
1087 3939 1179 3998 οὖν
1235 3945 1384 4010 λύεις
1432 3949 1562 4020 ἡμῖν
1603 3950 1696 4004 τὸν
1727 3951 1816 4007 λό-

236 4043 338 4094 γον
365 4044 379 4092 ἱ

307 4123 500 4188 ΑΙρετ.
541 4121 806 4192 Οὐδαμῶς
857 4123 1044 4188 ἱκανός
1105 4127 1260 4197 εἰμι’
1307 4130 1670 4203 χαριζόμενος
1719 4131 1816 4192 οὖν

237 4211 394 4304 nutu,
428 4209 658 4278 δίδαξον,
703 4213 756 4266 τί
793 4214 1130 4286 προσέλαϐεν
1177 4219 1208 4270 6
1257 4221 1519 4291 Χριστὸς,
1555 4219 1736 4296 φύσιν,
1777 4228 1812 4304 ἢ

240 4299 540 4355 ὑπόστασιν
560 4317 575 4366 ;

312 4391 539 4458 Ὀρθόδ.
583 4393 771 4448 Φύσιν.

283 4481 502 4550 Ἀίρετ.
541 4485 698 4544 Μετὰ
729 4485 1056 4555 ἰδιωμάτων,
1077 4489 1112 4560 ἢ
1137 4491 1268 4546 ἄνευ
1295 4496 1532 4564 τούτωνς

311 4571 543 4640 Ὄρθόδ.
587 4575 738 4628 Μετὰ
771 4575 1100 4648 ἰδιωμάτων.

309 4667 500 4730 Αἱρεῖ.
555 4665 884 4721 ’Υπόστασιν
913 4669 1022 4740 ἄρα
1048 4675 1422 4746 προσέλαϐεν;

310 4754 541 4822 Ὀρθόὸ.
583 4755 658 4810 Οὑ
685 4757 842 4828 δῆτα.

309 4847 486 4910 Alpe:-
547 4847 658 4899 Καὶ
692 4848 858 4902 πόθεν
885 4849 1082 4920 δῆλονς

307 4937 541 5003 Ὄρθόδ.
593 4937 734 5006 Ἐγώ
769 4955 852 4994 σοι
900 4944 1120 5013 φράσω.
1161 4947 1318 5002 Ἔστι
1362 4949 1462 5020 μὲν
1507 4951 1617 5023 γάρ
1661 4971 1736 5020 τι,
1788 4955 1816 5009 ὃ

233 5021 455 5091 λέγεται
479 5025 798 5092 ὑπόστασις,
823 5027 940 5084 ἔστι
963 5032 1020 5086 δέ
1041 5051 1117 5098 τι,
1133 5035 1162 5090 ὃ
1183 5035 1398 5103 λέγεται
1429 5021 1811 5108 ὑποστατικὺν,

1912 3133 2019 3171 non
2073 3134 2236 3172 unus.
2280 3119 2462 3186 Quare
2504 3121 2550 3174 si
2597 3119 2734 3174 colis
2763 3119 3069 3188 Christum,
3115 3122 3210 3191 qui
3249 3124 3324 3177 sit
3355 3124 3489 3184 duo.

1913 3209 2048 3264 colis
2096 3211 2260 3263 etiam
2295 3209 2532 3276 Patrem,
2567 3222 2620 3266 et
2643 3212 2909 3281 Spiritum
2942 3210 3060 3282 ejus
3095 3231 3108 3266 :
3151 3228 3280 3284 ergo
3311 3215 3492 3270 cultor

1913 3309 2148 3370 quatuor
2174 3301 2378 3356 videris
2416 3316 2558 3355 esse.
2593 3299 2650 3354 Si
2681 3311 2860 3355 autem
2887 3303 3054 3362 unitas
3075 3310 3204 3357 sunt
3241 3304 3294 3357 in
3325 3319 3491 3359 unam

1911 3391 2250 3462 bypostasim
2287 3377 2674 3460 compositam,
2694 3392 2799 3446 erit
2827 3392 3141 3462 bypostasis
3164 3396 3488 3464 composita.

1914 3497 2090 3552 neque
2133 3498 2279 3536 mere
2315 3489 2371 3536 et
2405 3497 2544 3552 pure
2600 3482 2782 3538 divina
2815 3521 2830 3546 ,
2865 3499 3042 3553 neque
3083 3484 3343 3549 humana,
3393 3486 3492 3541 sed

1915 3574 2257 3628 intermedia.
2289 3573 2348 3628 Si
2381 3584 2564 3627 autem
2597 3573 2850 3628 Christus
2875 3574 3188 3644 hypostasis
3216 3579 3494 3646 composi-

1915 3675 1969 3720 ta
1994 3675 2098 3732 est,
2121 3666 2376 3722 Christus
2404 3667 2572 3737 igitur
2605 3669 2862 3736 opinione
2901 3678 2991 3722 tua
3025 3684 3202 3741 neque
3231 3669 3495 3740 byposta-

1915 3757 1993 3814 sis
2053 3758 2234 3812 divina
2277 3767 2382 3822 est,
2445 3773 2622 3827 neque
2673 3759 2934 3822 humana,
2987 3759 3082 3814 sed
3135 3763 3310 3816 media
3349 3762 3492 3816 inter

1915 3849 2084 3904 Deum
2114 3860 2167 3904 et
2202 3850 2480 3904 homines.
2513 3851 2582 3902 At
2611 3849 2868 3920 fugienda
2914 3861 2997 3906 est
3045 3853 3318 3921 impietas.
3348 3853 3496 3918 Quo-

1916 3941 2084 3997 modo
2113 3941 2280 4012 igitur
2311 3941 2479 3996 solvis
2509 3940 2670 3996 nobis
2687 3942 3111 4010 argumentum?

1987 4127 2190 4181 eret.
2238 4121 2358 4180 Non
2391 4140 2512 4180 sum
2553 4123 2786 4182 idoneus
2833 4125 2900 4180 ad
2931 4126 3281 4182 solvendum.
3314 4127 3498 4194 Quare

1917 4217 1974 4272 in
2001 4217 2226 4288 gratiam
2257 4229 2525 4284 nostram,
2549 4217 2706 4283 doce,
2740 4218 2873 4287 quid
2901 4218 3200 4288 assumpsit
3223 4217 3494 4284 Christus.

1917 4319 2266 4374 naturamne,
2305 4326 2375 4364 an
2403 4311 2784 4383 hypostasim?

1848 4393 1896 4448 D
1999 4399 2223 4456 Orthod.
2255 4401 2394 4456 Natu
2405 4417 2540 4457 ram.

1989 4491 2194 4548 ﬂeret.
2231 4494 2368 4548 Cum
2399 4495 2855 4564 proprietatibus,
2886 4495 3109 4552 an.sine
3133 4494 3255 4550 his?

1994 4579 2220 4638 Ortltod.
2251 4581 2388 4636 Cum
2421 4584 2870 4653 proprietatibus.

1988 4669 2194 4726 Ilwret.
2229 4669 2578 4743 Hypostasim
2597 4673 2764 4744 igitur
2792 4675 3117 4746 assumpsit.

1991 4761 2218 4816 Orthod.
2248 4763 2488 4819 Minime.

1993 4856 2194 4912 Haeret.
2232 4857 2297 4912 Et
2331 4857 2475 4912 unde
2506 4857 2610 4913 hoc
2633 4859 2892 4914 constat?

1993 4947 2219 5005 Orthod.
2259 4949 2370 5018 Ego
2401 4949 2502 5003 tibi
2553 4951 2862 5020 explicabo.
2919 4947 3018 5004 Est
3067 4950 3212 5004 enim
3268 4947 3494 5018 aliquid,

1921 5040 2068 5110 quod
2101 5041 2304 5095 dicitur
2341 5041 2694 5114 hypostasis;
2725 5050 2779 5096 et
2798 5049 2884 5098 est
2907 5041 3114 5111 aliquid
3145 5083 3160 5106 ,
3188 5039 3332 5110 quod
3359 5039 3500 5093 dici-

235 5111 408 5182 ἤγουν
433 5113 528 5182 τῆς
560 5114 935 5184 ὑποστάσεως,
965 5120 1061 5172 καὶ
1097 5124 1276 5176 κοινὸν
1320 5125 1650 5198 ἀμφοτέρων
1697 5131 1804 5182 ἐστῖ

1931 5147 2004 5185 ,υτ
2035 5111 2464 5203 hypostaticuin,
2494 5143 2546 5187 et
2569 5147 2861 5186 commune
2888 5133 3101 5200 utrique
3130 5139 3213 5184 est
3243 5127 3497 5198 componi

329 5205 652 5272 συγκεῖσθαι
687 5209 750 5260 ἐκ
775 5208 992 5276 φύσεως
1014 5213 1108 5266 καὶ
1141 5213 1804 5290 ἰδιωμάτων.Διαφέρουσι

1931 5237 1984 5276 ex
2021 5202 2216 5278 natura
2247 5231 2300 5278 et
2337 5224 2781 5294 proprietatibus.
2821 5223 3086 5277 Diﬂ'erunt
3127 5228 3331 5285 tamen,
3368 5220 3499 5290 quia

233 5293 315 5358 δὲ,
339 5295 420 5347 ὄτι
453 5297 486 5364 ὴ
519 5295 620 5364 μὲν
642 5297 940 5364 ὑπόστασις
965 5303 1064 5354 οὑκ
1086 5303 1202 5358 ἔστι
1232 5305 1396 5376 μέρος
1418 5309 1582 5376 τινὸς,
1606 5311 1748 5364 ὥστε
1765 5313 1804 5344 ⁷¹

1931 5317 2235 5388 liypostasis
2253 5293 2360 5373 non
2383 5293 2468 5373 est
2493 5332 2620 5387 pars
2644 5317 2912 5385 alicujus;
2939 5315 3340 5388 bypostaticum
3373 5326 3500 5368 vero

237 5384 537 5450 ὑπόστασις
567 5389 704 5454 ἐστι,
730 5389 792 5442 τὸ
819 5391 876 5446 δὲ
911 5391 1070 5464 σῶμα
1101 5395 1196 5474 τοὺ
1233 5395 1440 5470 Πέτρου
1475 5399 1640 5470 μέρος
1671 5403 1804 5469 ἐστὶ,

1931 5384 2050 5478 pars
2072 5417 2176 5464 est.
2201 5407 2362 5464 Verbi
2397 5384 2590 5480 gratia,
2631 5384 2826 5463 Petrus
2847 5384 3061 5461 nonest
3085 5419 3212 5474 pars
3239 5402 3497 5476 alicujus,

1533 5578 1762 5636 VARUE
1803 5581 2212 5642 LECT-IO'NES.

273 5657 320 5692 “
357 5659 748 5714 Desiderantur
783 5659 872 5714 hic
902 5661 1152 5730 quaedam
1187 5665 1240 5720 in
1270 5665 1480 5721 Graeco.

475 5751 744 5817 ΡΑτιιοῐ..
784 5755 900 5814 Gn.
927 5755 1159 5816 XCVII.
3088 5767 3168 5838 50
