3928 6130
257 345 404 412 lii-91'
1673 335 2083 398 OPUSCULA.
3372 338 3506 402 1532

320 466 514 532 ΑΙρετ.
557 459 689 524 θεὸς
739 459 870 532 ἄρα,
929 459 1022 514 καὶ
1079 459 1138 514 ού
1198 458 1368 524 Θεὸς,
1419 461 1555 529 ὅπερ
1601 456 1871 524 denied-4

2007 451 2211 504 Ηιιινιιι.
2255 449 2399 504 Deus
2441 449 2612 520 igitur
2651 457 2704 504 et
2757 463 2865 503 non
2917 448 3081 512 Deus,
3125 465 3246 520 quae
3284 452 3503 520 quidem

258 571 363 616 σις.
727 551 730 556 ’
1173 569 1178 574 ”

1173 569 1178 574 ·
1935 544 2298 598 contradictio
2331 551 2434 597 est.

320 642 552 712 ὀρθόδ.
603 640 744 694 Ἀλλ’
770 643 872 695 οὐκ
902 642 1193 709 ἀντίφασις
1228 643 1407 696 τοῦτο.
1441 642 1514 704 Uti
1551 640 1660 708 γὰρ
1691 637 1832 692 κατὰ

2005 633 2230 690 Orthod.
2267 635 2336 688 At
2369 650 2479 688 non
2517 641 2600 688 est
2633 635 2749 688 haec
2779 633 3167 688 contradictio.
3193 633 3312 689 Non
3357 637 3507 691 enim

250 733 311 786 τὸ
353 731 486 785 αὐτό
534 731 654 784 ἐστι
708 731 802 784 καὶ
847 729 1001 794 Θεὸς,
1031 732 1124 784 καὶ
1169 731 1230 784 ού
1272 731 1425 797 Θεὸς,
1463 730 1556 782 ἵνα
1603 729 1801 798 γένητα

1958 727 2240 782 .ecundum
2279 728 2421 781 idem
2458 733 2543 782 est
2573 725 2721 780 Deus
2759 734 2812 782 et
2843 740 2950 780 non
2991 725 3157 794 Deus,
3181 737 3242 782 ut
3273 729 3344 783 sit
3383 746 3509 785 cuu-

251 823 560 891 ἀντίφασις.
591 822 804 892 Ὠσπερ
841 823 952 890 γὰρ
989 825 1016 876 ὁ
1063 823 1352 892 ἄνθρωπος
1408 821 1689 892 αἰσθητὸν,
1739 837 1802 872 κα

1957 818 2210 872 radictio.
2236 817 2392 872 Sicut
2417 819 2566 872 enim
2595 819 2760 872 homo
2783 827 2870 874 est
2897 820 3000 873 sub
3032 835 3255 876 sensum
3281 823 3505 883 cadens.

248 917 349 968 οὐκ
376 915 636 986 αἰσθητόν
663 916 780 967 ἐστι
813 914 936 968 κατ’
966 914 1114 978 ἄλλο,
1151 917 1243 967 καὶ
1273 915 1429 969 ἄλλο*
1471 914 1612 966 κατὰ
1646 912 1746 982 μὲν
1771 929 1799 963 τ

1958 918 1990 964 ει
2047 925 2155 964 non
2209 911 2314 966 sub
2365 925 2587 965 sensum
2637 911 2840 966 cadens
2890 911 3190 967 secundum
3246 913 3392 968 aliud
3459 925 3509 968 et

251 1007 432 1076 σῶμα,
465 1006 746 1076 αἰσθητὸν,
782 1007 878 1058 καὶ
907 1007 1009 1058 οὐκ
1031 1005 1288 1074 αἰσθητὸν
1316 1004 1458 1058 κατὰ
1487 1005 1586 1072 τὴν
1611 1003 1788 1074 ψυχήν

1958 1000 2114 1068 ιιίυᾶ;
2192 1001 2494 1058 secundum
2547 1003 2694 1057 enim
2747 1017 2950 1074 corpus
3000 1005 3103 1060 sub
3143 1020 3366 1060 sensum
3413 1021 3509 1060 ca-

249 1099 346 1150 καὶ
392 1098 494 1150 οὐκ
539 1099 832 1166 ἀντίφασις
888 1096 1082 1149 τοῦτο·
1114 1097 1253 1150 κατὰ
1285 1095 1374 1148 τὸν
1413 1092 1529 1148 ἴσον
1558 1096 1658 1163 τῆς
1699 1095 1800 1164 ἀλη

1957 1092 2033 1156 lit,
2072 1092 2375 1146 secundum
2403 1107 2536 1145 vero
2564 1093 2802 1147 animam
2837 1109 2948 1148 non
2985 1095 3155 1150 cadit.
3193 1095 3260 1152 Et
3287 1113 3394 1151 non
3425 1109 3508 1152 est

246 1189 402 1252 θείας
446 1189 647 1259 τρόπον
699 1189 850 1240 ἐστὶν
896 1190 925 1241 ὁ
979 1187 1216 1256 Χριστὸς
1247 1187 1400 1250 Θεὸς,
1432 1189 1528 1240 καὶ
1555 1187 1616 1238 ού
1673 1185 1797 1248 Θεὸς

1958 1199 2054 1239 iace
2085 1183 2455 1239 contradictio
2511 1186 2814 1240 secundum
2861 1188 3106 1256 regulam
3152 1203 3359 1244 veram.
3419 1189 3509 1246 Sic

245 1281 374 1333 κατ’
405 1280 554 1346 ἄλλο,
581 1282 675 1333 καὶ
698 1279 846 1344 ἄλλο,
881 1279 976 1332 καὶ
1010 1279 1110 1330 οὐκ
1132 1279 1426 1348 ἀντίφασις
1455 1278 1617 1332 τοῦτο
1636 1293 1650 1308 ·
1687 1293 1788 1330 κατ

2051 1277 2194 1332 istus
2245 1276 2390 1331 Deus
2451 1283 2506 1332 et
2549 1293 2660 1332 non
2711 1278 2854 1335 Deus
2901 1283 3202 1338 secundum
3254 1284 3402 1340 aliud
3457 1296 3512 1341 et
3583 1287 3599 1301 ‘

247 1369 352 1439 μὲν
393 1370 502 1442 γάρ
544 1371 644 1440 τὴν
679 1371 910 1439 θεότητα
947 1371 1098 1434 Θεὸς,
1137 1373 1282 1452 ,κατὰ
1311 1372 1366 1425 δὲ
1399 1371 1498 1442 τὴν
1539 1369 1797 1440 ἀνθρωπό

1957 1369 2112 1435 Iliud,
2137 1375 2192 1422 et
2218 1383 2328 1424 non
2364 1377 2448 1426 cst
2478 1371 2594 1424 haec
2625 1373 2991 1428 contradictio
3012 1393 3023 1428 :
3045 1378 3345 1432 secundum
3365 1380 3508 1434 cnim

239 1479 410 1532 τητα,
439 1464 500 1516 οὐ
525 1463 678 1526 Θεός.
707 1462 814 1517 Καὶ
847 1461 1022 1516 ταῦτα
1049 1462 1246 1527 οὕτως.

1956 1461 2282 1516 iivinitatcm
2307 1461 2469 1525 Deus,
2501 1465 2803 1518 secundum
2835 1481 2964 1521 vero
2980 1465 3371 1524 humanitatem
3402 1485 3507 1524 non

1938 1549 2104 1606 Deus.
2135 1551 2213 1605 Ac
2239 1550 2306 1605 de
2337 1551 2424 1606 his
2451 1552 2738 1610 hactenus.

1803 1681 1993 1737 XXXI.

366 1800 694 1872 Ἐρώτησις
745 1801 1189 1872 Ὡριγενιαστοῦ
1209 1841 1223 1868 ,
1275 1799 1428 1868 πρὸς
1475 1798 1719 1852 πιστόν.

2003 1798 2168 1870 415
2205 1800 2448 1867 Qumtio
2476 1820 2632 1873 quam
2667 1806 2970 1873 Origem'sta
3001 1807 3150 1876 fideli
3179 1811 3475 1879 proposuit.

1529 1905 1854 1958 Genebrardo
1878 1905 2174 1971 interprete.

591 1997 976 2066 Ἀὄουκαρᾶς.
1013 1993 1482 2064 Ὠριτ-ενιαστής.

2409 1996 2682 2053 Abucara.
2721 1989 3046 2072 Origem'sta.

317 2089 798 2162 Ὡριτενιαστής.
840 2087 978 2142 Ποία
1022 2086 1366 2158 δικαιοσύνη,
1413 2085 1564 2148 δέκα,
1615 2084 1649 2154 ἢ
1705 2075 1868 2136 τῖεν-ἶ

2010 2083 2340 2154 Origenista.
2375 2087 2516 2152 Quid
2543 2089 2688 2158 juris
2719 2091 2822 2145 hoc
2855 2093 2976 2146 est?
3003 2101 3062 2148 ut
3091 2095 3183 2164 qui
3219 2097 3376 2152 annis
3413 2101 3507 2154 dc-

218 2187 486 2256 τήκοντα
549 2173 774 2252 χρόνους
831 2179 1252 2252 άμαρτήσαντός
1311 2193 1482 2240 τινος,
1523 2175 1769 2246 μυριάδαε

1961 2193 2069 2242 ειη,
2093 2181 2180 2235 vel
2211 2181 2608 2252 quinquaginta
2638 2187 2976 2254 peccaverit,
3011 2187 3060 2242 is
3096 2189 3280 2244 decies
3332 2193 3507 2246 mille-

218 2276 452 2347 μᾶλλον
510 2273 570 2327 δὲ
619 2273 1010 2346 ἀτελευτήτους
1073 2271 1276 2332 αἰῶνας
1321 2263 1461 2320 εἶναι
1516 2264 1613 2336 τὴν
1657 2265 1769 2318 κόλι

1742 2282 1820 2318 ια-
1928 2269 2041 2334 nis,
2074 2270 2186 2326 imo
2215 2273 2378 2326 etiam
2409 2272 2640 2329 infinitis
2669 2276 2892 2332 saeculis
2918 2291 3112 2346 poenas
3139 2279 3293 2335 luat?

215 2382 714 2521 σωξᾹόουκαέκῑς.
767 2453 880 2508 Καὶ
934 2453 990 2507 τι
1039 2451 1186 2507 ἐστιν
1228 2453 1263 2522 ἠ
1300 2447 1618 2520 δικαιοσύνη
1671 2466 1766 2520 παε

2001 2448 2270 2502 Abucara.
2307 2448 2448 2515 Quid
2477 2465 2606 2506 vero
2632 2451 2845 2521 iustitia
2875 2453 2974 2509 tibi
3005 2470 3129 2511 esse
3159 2458 3405 2513 videtur?

216 2547 499 2706 σοξὸριτ.
540 2634 614 2686 Τὸ
667 2627 808 2688 κατὰ
859 2635 1152 2704 ἀναλογίαν
1183 2605 1299 2706 τῆς
1352 2637 1630 2708 ἁμαρτίας
1683 2625 1764 2689 εῖν

2005 2625 2156 2694 Orig.
2191 2625 2262 2682 Ut
2297 2642 2394 2697 pro
2429 2628 2644 2684 ratione
2673 2613 2856 2684 deiicti
2889 2645 3052 2701 parua
3087 2631 3384 2702 inﬂigatnr.
3419 2633 3487 2690 lit

209 2731 318 2785 καὶ
359 2728 478 2798 τὴν
508 2726 750 2790 κόλασιν,
785 2725 931 2780 τοῦτ’
969 2725 1137 2792 ἔστιν,
1163 2728 1324 2792 εἴτις
1349 2729 1564 2799 ἥμαρτε
1599 2726 1760 2798 χρόνο

1958 2719 2088 2774 'erbi
2121 2720 2320 2789 gratia,
2346 2721 2392 2774 si
2425 2721 2548 2790 quis
2587 2735 2860 2776 annorum
2891 2723 3292 2793 quinquaginta
3329 2731 3509 2798 spatio

207 2822 614 2893 πεντήκοντα,
668 2816 858 2871 τοῦτον
921 2818 1258 2888 κολασθῆναι
1315 2819 1606 2882 τοσούτους
1625 2833 1756 2870 πεντ

1628 2817 1825 2885 πεντή-
1934 2813 2266 2882 peccaverit,
2298 2810 2346 2866 is
2370 2812 2532 2866 annis
2551 2813 2776 2869 totidem
2807 2821 2860 2868 et
2885 2814 3179 2883 plectatur.

203 2929 426 2968 κοντα.

286 3001 558 3056 Ἀὅουκ.
606 2999 702 3052 Ἐκ
737 2999 918 3053 πόσων
946 2999 1166 3070 τρόπων
1195 2997 1292 3068 τὴν
1315 2999 1662 3069 δικαιοσύνην
1695 3015 1827 3068 μαν-

1999 2989 2176 3060 (ioue.
2237 2988 2510 3055 Quotnam
2571 2989 2749 3044 modis
2797 2988 3069 3058 justitiam
3117 2992 3396 3050 dicimus?
3431 3003 3509 3053 et.

195 3095 526 3164 θάνομενς
564 3091 658 3144 καὶ
687 3091 853 3143 πόθεν
885 3092 949 3144 σὺ
971 3089 1180 3161 ταύτην
1209 3091 1442 3160 ἔμαθες;

1223 3091 1442 3160 Ξμαθες;
1939 3080 2212 3133 undenam
2248 3089 2306 3133 tu
2343 3095 2464 3135 eam
2492 3078 2774 3135 didicisti?

283 3187 501 3254 Ὠριγ.
543 3180 681 3234 Εἰπὲ
714 3181 802 3244 σὺ,
839 3183 904 3234 ὲκ
935 3181 1154 3248 πόσων;

2007 3166 2158 3236 Orig.
2195 3168 2274 3220 Tu
2305 3183 2434 3222 vero
2459 3169 2575 3238 ipse
2601 3169 2788 3235 dicito,
2821 3181 3078 3240 quotnam
3111 3176 3335 3231 modis?

277 3278 560 3332 Ἀϐουκ.
602 3273 790 3325 Πᾶσαν
818 3271 1186 3343 δικαιοσύνην,
1229 3273 1262 3344 ἢ
1298 3275 1363 3328 ὲκ
1390 3274 1486 3328 τοῦ
1529 3275 1696 3344 νόμου
1733 3273 1828 3327 τοῦ

2009 3259 2174 3313 Abuc.
2223 3259 2450 3316 Omnem
2479 3262 2775 3330 justitiam,
2811 3265 2898 3320 vel
2923 3281 2988 3320 ex
3017 3267 3108 3322 Dei
3143 3268 3278 3339 lege,
3319 3271 3404 3325 vel
3441 3287 3509 3325 ex

188 3366 388 3431 Θεοῦ,
415 3365 454 3434 ἢ
495 3364 564 3415 ὲκ
597 3361 706 3414 τῶν
735 3359 1038 3431 ἀνθρώπων
1067 3361 1334 3416 τεθέντων
1353 3365 1556 3434 νόμων,
1584 3365 1618 3434 ἢ
1643 3365 1739 3415 ὲκι

1958 3350 2170 3420 egibus,
2203 3365 2340 3421 quas
2369 3351 2620 3409 homines
2647 3355 2970 3422 sancierint,
3005 3360 3092 3414 vel
3115 3376 3181 3415 ex
3213 3363 3378 3418 rebus
3411 3379 3509 3418 na-

185 3427 456 3527 φύσειυξ
477 3450 594 3503 τῶν
617 3427 956 3521 πραγμάτων
972 3449 1336 3522 γινώσκομεν.
1355 3427 1678 3522 Ούδεμίαὸὲ
1706 3469 1736 3505 τ

1960 3439 2212 3496 uralibus
2245 3443 2654 3512 cognoscimus.
2685 3442 2890 3498 Harum
2921 3456 3103 3502 autem
3133 3450 3365 3520 justitia:
3387 3469 3511 3522 spe-

187 3568 325 3604 των
365 3541 710 3614 δικαιοσύνη
749 3541 1018 3612 χρονικιῖκς
1051 3543 1150 3612 τὴν
1192 3542 1416 3598 κόλασιν
1466 3546 1628 3597 ποιεῖ.
1678 3539 1738 3598 Ui

1958 3530 2140 3585 :ierum
2181 3529 2332 3586 nulla
2383 3533 2742 3603 temporalem
2796 3547 3016 3604 pmnam
3062 3538 3289 3609 irrogat.
3337 3540 3509 3598 Prout

183 3634 504 3711 πορνεύει
545 3649 652 3695 τις,
693 3631 726 3702 ἦ
761 3631 1070 3703 κλέπτει,ἢ
1123 3631 1360 3700 φονεύει,
1399 3634 1528 3705 μίαν
1563 3633 1733 3706 ὥραν.

1956 3619 2242 3674 ornicatur
2275 3621 2572 3692 quispiam,
2601 3624 2686 3678 vel
2715 3621 2956 3692 iuratur,
2986 3627 3068 3682 vel
3098 3629 3325 3692 occidit,
3346 3632 3507 3686 unius

172 3733 244 3788 δὲ
306 3728 515 3800 νόμος
548 3721 644 3775 τοῦ
694 3721 852 3790 Θεοῦ,
906 3723 1003 3778 καὶ
1045 3725 1095 3778 oi
1145 3724 1255 3778 τῶν
1312 3725 1620 3795 ἀνθρώπων
1677 3737 1723 3780 vt

1958 3727 2081 3767 Iorae
2110 3711 2310 3783 spatio.
2338 3715 2407 3768 At
2436 3715 2520 3770 lex
2557 3715 2670 3778 Dei,
2705 3716 3104 3792 hominumque
3153 3723 3300 3792 leges
3332 3725 3509 3781 homi-

175 3821 576 3894 φονεύοντες
621 3815 712 3868 τὸν
766 3814 961 3884 φονέα,
1003 3815 1098 3869 καὶ
1147 3814 1471 3879 κολάζοντες
1522 3816 1615 3870 τὸν
1648 3834 1723 3868 πα

1956 3801 2135 3870 :idam,
2201 3805 2399 3873 capitis
2431 3806 2780 3875 damnantes,
2828 3819 3188 3884 extremoque
3235 3820 3507 3890 supplicio

165 3891 404 3985 νομον,
485 3907 622 3976 οὐχὶ
679 3906 808 3976 μίαν
859 3905 1009 3976 ὤραν
1066 3903 1393 3970 κολάζουσιν
1441 3907 1641 3970 αὐτὸν,
1692 3908 1716 3959 ὁ

1954 3895 2305 3951 'acinorosum
2338 3897 2575 3966 aliquem
2603 3898 2929 3964 allicientes,
2965 3917 3074 3956 non
3103 3906 3265 3962 unius
3291 3909 3346 3964 in
3381 3929 3505 3967 eum

164 4003 573 4078 φονεύοντες
607 3997 705 4066 μὲν
735 3997 898 4051 αὑτὸν
922 3999 1002 4061 ei;
1023 3998 1114 4051 τὸν
1140 3999 1314 4052 αἰῶνα
1337 3997 1506 4052 αὐτὸν
1536 3997 1715 4052 ἐκόλοα

1954 4001 2080 4040 torte
2109 3987 2286 4056 spatio
2325 3987 2808 4056 animadvertunt;
2849 3990 2944 4044 sed
2979 3991 3025 4046 si
3067 4007 3246 4050 morte
3284 4002 3505 4070 quidem

157 4102 199 4170 ἢ
242 4097 632 4154 τύπτοντες,
659 4089 826 4143 πολὺν
851 4091 1040 4160 χρόνον
1066 4091 1254 4160 ἀλγεῖν
1283 4092 1346 4145 ἐκ
1367 4091 1476 4144 τῶν
1495 4092 1708 4163 τραυμά

1952 4079 2192 4142 »Ιεςιοηι,
2248 4086 2458 4133 aeterno
2513 4093 2636 4134 eum
2691 4081 2964 4151 supplicio
3028 4085 3288 4154 atiiciunt,
3338 4095 3422 4149 vel
3457 4097 3503 4150 si

155 4169 254 4246 θέα
264 4178 796 4261 ρασκευάζουσιν.

1950 4169 2252 4236 rerberent,
2281 4170 2608 4225 diuturnum
2637 4171 2684 4227 ei
2737 4173 2981 4228 dolorem
3021 4191 3092 4229 ex
3127 4179 3290 4236 rebus
3349 4184 3501 4258 [fora

1929 4257 2277 4330 vulneribus]
2314 4257 2576 4316 inferunt.

237 4360 381 4417 Καὶ
417 4356 502 4409 σὺ
561 4352 650 4418 δὲ,
685 4353 734 4408 ει
783 4353 1106 4423 μοιχεύοντα
1160 4372 1282 4408 τινα
1315 4357 1396 4418 εἰς
1453 4357 1552 4427 τὴν
1599 4357 1696 4428 σὴν
1725 4375 1788 4425 γυ

2000 4348 2143 4416 Quin
2194 4357 2250 4405 tu
2295 4367 2515 4421 quoque
2565 4353 2614 4410 si
2662 4355 2966 4414 adulterum
3015 4365 3325 4434 quempiam
3378 4381 3500 4422 cum

139 4460 380 4519 ναῖκα,
421 4448 464 4520 ἢ
507 4443 808 4512 θυγατέρα
829 4445 1148 4511 κατέλαϐες,
1179 4447 1300 4516 οὐχὶ
1337 4447 1466 4518 μίαν
1501 4447 1690 4518 ὥρανέ

1952 4457 2119 4508 Ixore,
2141 4441 2318 4498 ﬁliave
2348 4444 2806 4516 deprehenderes,
2842 4467 2950 4508 non
2984 4455 3148 4511 unius
3172 4456 3323 4512 illum
3357 4459 3503 4514 horae

135 4566 260 4609 νας
299 4543 386 4596 ἂν
447 4533 842 4600 κολασθῆναι,
879 4535 1016 4588 ἀλλὰ
1047 4535 1192 4604 φόνῳ
1235 4539 1647 4609 παραδοθῆναι;

1948 4535 2108 4606 spatio
2157 4537 2515 4605 puniendum,
2581 4540 2678 4596 sed
2733 4544 3118 4601 trucidandum
3187 4564 3499 4610 censeres:

129 4639 330 4697 ἐστὶν
399 4627 652 4686 οιῑωνεα
708 4623 947 4690 κόλασις.
1011 4627 1171 4681 um
1215 4629 1307 4683 καὶ
1363 4631 1419 4683 αξ
1478 4632 1671 4701 φύσεις

1945 4627 2074 4696 ιιιοά
2107 4625 2328 4696 quidem
2373 4642 2639 4686 aeternum
2683 4645 2767 4689 est
2810 4635 3094 4693 hominum
3147 4645 3496 4712 supplicium.

126 4726 582 4804 πραγμάτων
663 4717 943 4782 ὡσαύτως.
1001 4719 1465 4794 Ἀποτρεπόμενοι
1535 4725 1646 4796 γὰρ

1944 4714 2040 4769 Sed
2072 4718 2204 4786 ipse
2231 4733 2448 4788 quoque
2477 4735 2660 4776 rerum
2689 4733 2896 4781 natura:
2923 4729 3150 4797 perinde
3180 4747 3239 4788 se
3275 4734 3495 4789 habent.

121 4825 376 4882 εἰπεῖν,
438 4807 700 4884 ψυχρὸν
751 4807 896 4878 ὕδωρ
945 4811 1111 4873 πιεῖν,
1164 4812 1198 4881 ἦ
1231 4829 1374 4875 τινος
1422 4814 1664 4883 ἅψασθαι

1948 4807 2064 4862 lum
2085 4810 2230 4863 enim
2259 4810 2416 4866 nobis
2445 4825 2514 4866 ne
2546 4811 2820 4883 frigidam,
2843 4818 2994 4871 verbi
3020 4820 3217 4889 gratia,
3249 4821 3499 4880 bibamus

119 4906 608 4986 βλαπτόντων,
641 4895 743 4964 καὶ
772 4895 1208 4966 παραϐαίνοντες
1235 4899 1582 4971 πολυχρονίῳ
1609 4921 1670 4956 κο

1943 4913 2150 4968 nquam,
2185 4915 2320 4954 neve
2363 4915 2583 4972 quoque
2629 4905 2796 4958 noxio
2851 4907 2956 4962 cibi
3003 4925 3199 4978 genere
3253 4923 3494 4982 utamur,

115 4998 678 5078 περιπίπτομεν.
712 4985 808 5040 Ἐκ
839 4987 946 5057 γὰρ
972 4987 1354 5060 ψυχροποσιας
1380 4991 1663 5058 πολλάκις,

1951 4990 2280 5045 nterdictum
2319 4992 2410 5057 sit,
2441 4993 2494 5046 in
2529 4997 2754 5052 vetitum
2811 5004 2992 5053 tamen
3041 5001 3308 5068 nitamur,
3369 5006 3498 5062 diu-

109 5097 234 5154 τοῧ
307 5083 631 5160 ἅψασθαι
697 5079 960 5150 πυρὸς,ἢ
1015 5079 1127 5145 ὖξει
1171 5083 1502 5152 χρήσασθαι,
1563 5085 1660 5156 διη·

1955 5095 2120 5134 urnas
2143 5081 2404 5136 nimirum
2431 5098 2624 5154 poenas
2652 5083 2871 5142 damus.
2907 5086 3098 5160 itaque
3123 5107 3499 5163 stepcnumero

109 5181 608 5250 ἑκολὰσθημεν
651 5167 822 5240 νόσῳ·
868 5171 903 5241 ἡ
949 5169 1196 5240 φύσις¹δὲ
1230 5175 1549 5246 δικαιοτάτη
1581 5177 1660 5228 ὲσι

1946 5171 2010 5236 it,
2041 5181 2098 5226 ut
2131 5187 2196 5227 ex
2230 5171 2442 5245 frigida:
2475 5185 2628 5246 potu,
2657 5177 2870 5248 ignisve
2918 5179 3203 5248 contactu,
3239 5187 3324 5242 vel
3357 5191 3497 5242 aceti

105 5287 178 5341 δὲ
253 5277 470 5332 πόθεν
515 5267 726 5337 ἔχεις,
775 5260 808 5332 ἢ
863 5255 1022 5332 εὗρες
1054 5265 1152 5332 τὴν
1201 5265 1550 5340 δικαιοσύνην
1593 5285 1656 5323 τα

1949 5279 2032 5318 tsu
2056 5267 2378 5320 continuum
2406 5269 2656 5324 morbum
2687 5270 3058 5332 incurramus.
3099 5277 3265 5348 Atqui
3302 5289 3497 5336 natura

103 5376 292 5438 ιίπέ.
1927 5355 2228 5424 iustissima
2260 5365 2364 5413 est.
2393 5357 2472 5414 Tu
2515 5376 2644 5416 vero
2680 5365 2952 5436 justitiam
2989 5366 3266 5424 undenam
3303 5371 3494 5442 habes,

1937 5459 2028 5504 aut
2071 5449 2326 5505 invenisti
2353 5453 2374 5506 ?
