3928 6130
286 266 423 330 1585

350 378 566 435 Nestor.
602 381 740 448 Quia
763 385 919 439 unxit
942 399 1064 440 eum
1105 384 1250 441 Deus
1288 384 1498 456 Spiritu
1528 396 1743 445 sancto.

1699 274 2087 337 OPUSCULA
2100 324 2114 337 .

3412 276 3551 343 1586

1884 400 1925 455 Α
1958 401 2159 451 unctus
2187 400 2291 463 est,
2323 393 2581 452 Christus
2597 400 2702 461 est,
2725 402 2780 451 et
2812 395 2977 451 homo
3006 396 3052 450 is
3085 403 3188 461 est,
3215 396 3307 465 qui
3340 408 3545 454 unctus

301 509 307 515 -
348 473 512 526 Abuc.
548 472 678 530 Uter
705 474 873 547 igitur
902 486 1100 534 unctus
1150 486 1260 547 est,
1306 478 1448 536 Deus
1485 475 1744 544 Verbum,
1780 498 1852 538 an
1950 494 2057 550 est,
2086 488 2233 543 alius
2258 486 2499 557 denique
2530 486 2676 543 Deus
2700 485 2968 551 Verbum,
2996 494 3049 542 et
3073 486 3218 543 alius
3251 488 3414 543 homo
3436 499 3541 547 est.

277 565 478 620 homo?

1952 584 2014 632 ut
2045 578 2231 644 vultis,
2264 579 2648 649 consequitur,
2701 586 2761 632 ut
2823 578 2989 633 homo
3043 577 3118 632 sit
3175 575 3429 632 Christus
3486 576 3542 632 in

351 658 570 715 Nestor.
621 662 781 718 Absit
832 671 892 719 ut
928 664 1096 720 Deum
1121 663 1357 720 Verbum
1405 674 1628 721 unctum
1680 665 1854 724 fuisse
1950 677 2125 737 parte.
2152 668 2297 735 Quid
2335 684 2467 739 ergo
2496 669 2652 725 vobis
2686 669 2863 738 ipsis,
2914 676 2970 724 et
3017 668 3141 723 aliis
3197 668 3543 738 imponentcs

274 751 547 820 dicamus,
581 755 677 810 sed
708 755 1010 812 hominem.

341 843 507 901 Abite.
545 847 799 905 Christus
830 848 1001 921 igitur
1029 857 1114 906 est
1144 850 1327 906 homo.
1358 848 1421 906 Si
1443 850 1591 907 enim
1653 851 1702 907 is
1753 852 1851 921 qui

1952 758 2236 814 Christum
2269 758 2465 826 Deum,
2485 768 2539 817 et
2564 750 2844 816 hominem
2880 775 3003 817 esse
3032 759 3261 816 dicitis?

1697 985 1861 1058 417
1901 982 2140 1039 xxxw.

280 1096 388 1152 Τοῦ
436 1098 725 1169 θεολόγον
774 1099 910 1168 περὶ
964 1101 1207 1179 κράζου,
1259 1099 1366 1154 τοῦ
1409 1099 1597 1154 αὐτοῦ
1644 1100 1851 1157 Ἀϐου-

969 1185 1144 1239 καρα.

2206 1098 2284 1155 De
2312 1107 2544 1169 tempore
2577 1099 2714 1171 (65),
2742 1098 2982 1169 ejusdem
3010 1098 3289 1153 Abucarw.

1507 1283 1689 1333 Iacobo
1709 1282 1944 1333 Gretsero
1970 1275 2267 1341 interprete.

342 1402 543 1473 Ἐρώτ.
589 1404 647 1460 ’0
674 1406 868 1479 χρόνος
898 1408 957 1462 tv
987 1409 1184 1482 χρόνῳ,
1210 1410 1243 1480 ἢ
1277 1411 1378 1464 οὐκ
1407 1411 1465 1463 tv
1489 1411 1668 1481 χρόνῳ
1692 1427 1707 1474 ;

358 1497 556 1551 Ἇπόκ.
593 1499 765 1569 Διχῶς
812 1499 930 1553 ἔστι
980 1501 1120 1573 πρὸς
1167 1500 1326 1555 τοῦτο
1372 1502 1853 1571 ἀπολογήσασθαι·

275 1587 395 1659 ἤτοι
421 1592 530 1661 γὰρ
564 1591 948 1655 διαλεκτικῶς,
975 1595 1071 1647 καὶ
1109 1592 1357 1659 ἐνδόξως,
1387 1593 1483 1647 καὶ
1518 1593 1785 1657 πιθανῶς,
1820 1594 1854 1665 ἢ

275 1678 692 1745 ἀποδεικτικῶς,
726 1682 821 1734 καὶ
859 1683 1195 1751 ἀναγκαίως,
1225 1683 1321 1737 καὶ
1349 1683 1565 1755 ἀληθῶς
1586 1700 1598 1711 ·
1627 1684 1687 1737 οὐ
1725 1684 1857 1754 μὲν·-

275 1777 373 1822 cet‘
396 1769 621 1834 ἀδόξως.

348 1859 550 1928 Ἐρώτ.
603 1863 730 1927 Πῶς
785 1857 879 1929 οὗν
919 1862 1101 1934 βούλει
1150 1863 1470 1938 προϐαίνειν
1500 1866 1595 1919 τὸν
1653 1865 1851 1935 λόγονς

274 1950 657 2018 διαλεκτικῶς,
689 1954 721 2025 ἢ
754 1954 1156 2019 ἀποδεικτικῶς
1176 1973 1197 2025 ;ν

347 2042 557 2098 Ἀπόκ.
609 2044 996 2109 Διαλεκτικῶς.
1046 2047 1329 2116 Ἐρώτ..τ⁶
1371 2049 1429 2103 '0
1475 2050 1671 2122 χρόνος
1726 2048 1854 2102 οὕτε

276 2134 335 2186 tv
363 2135 541 2205 χρόνῳ
567 2137 735 2202 tactv,
765 2136 889 2191 οὔτε
920 2140 1021 2193 οὐκ
1052 2142 1110 2194 tv
1140 2141 1342 2212 χρόνῳ.
1384 2143 1451 2195 El.
1487 2143 1588 2211 μὲν
1613 2141 1724 2212 γὰρ
1753 2142 1855 2196 οὐκ

277 2226 338 2277 tv
378 2227 578 2296 χρόνῳ,
626 2230 963 2301 κεχώρισται
1012 2231 1208 2285 ἑαυτοῦ
1233 2249 1245 2262 ·
1279 2233 1420 2303 ὅπερ
1463 2232 1753 2288 ἀδύνατον.
1786 2234 1851 2285 Εἰ

278 2312 335 2367 δὲ
363 2316 421 2368 tv
450 2317 651 2386 χρόνῳ,
696 2320 754 2371 tv
789 2319 969 2390 ἑαυτῷ
1005 2319 1192 2374 ἔσται’
1225 2320 1287 2375 τδ
1319 2321 1376 2374 δὲ
1420 2321 1477 2375 tv
1520 2339 1649 2388 τινι,
1693 2338 1859 2394 περι-

279 2406 465 2476 έχεται
502 2409 595 2461 ὑπ’
626 2409 815 2465 αὐτοῦ.
861 2411 1023 2463 Ἀλλά
1060 2414 1188 2482 μὴν,
1228 2412 1417 2482 ἕτερόν
1451 2413 1567 2466 ἐστι
1605 2411 1665 2465 τὸ
1699 2429 1857 2482 περι-

280 2497 544 2567 εχόμενον
588 2500 743 2571 παρά
796 2501 859 2554 τδ
900 2502 1173 2572 περιέχον.
1219 2503 1451 2574 Ἕτερον
1495 2503 1603 2573 ἄρα
1662 2503 1856 2557 ἑαυτοῦ

280 2588 431 2641 ἔστιν
464 2592 492 2643 6
521 2590 733 2660 χρόνος,
763 2593 903 2664 ὅπερ
930 2594 1214 2650 ἀδύνατον.
1249 2597 1315 2649 Εἰ
1345 2590 1461 2660 οὖν,
1502 2596 1577 2660 ὡς
1617 2596 1854 2668 ἐδείχθη,

2031 1407 2296 1480 Interrog.
2342 1407 2485 1464 Num
2523 1408 2739 1480 tempus
2772 1420 2857 1467 est
2890 1409 2946 1464 in
2987 1416 3253 1478 tempore,
3294 1422 3361 1462 an
3391 1407 3542 1462 non?

2027 1498 2184 1568 Resp.
2213 1499 2516 1568 Dupliciter
2561 1500 2626 1555 ad
2664 1501 2768 1554 hoc
2814 1499 3137 1569 responderi
3172 1504 3370 1567 potest,
3421 1497 3543 1551 dia-

1957 1589 2154 1647 lectice
2211 1590 2469 1647 videlicet
2519 1600 2575 1646 et
2627 1592 2995 1662 probabiliter
3034 1598 3088 1645 et
3120 1588 3538 1650 verisimilitcr;

1957 1681 2042 1735 vel
2069 1681 2523 1749 demonstrative,
2566 1684 2913 1748 necessario,
2945 1693 2998 1738 et
3028 1683 3185 1746 vere;
3218 1696 3325 1734 non
3356 1688 3538 1733 tamen

1958 1773 2423 1843 improbabiliter.

2027 1864 2296 1936 Interrog.
2357 1865 2645 1932 Quomodo
2689 1868 2859 1937 igitur
2911 1866 3341 1934 disputationem
3382 1864 3541 1918 insti-

1959 1963 2113 2012 tuere
2137 1957 2333 2026 cupis?
2359 1959 2668 2024 dialectice,
2698 1972 2769 2013 an
2804 1956 3270 2027 demonstrativo?

2027 2046 2186 2116 Resp.
2214 2048 2531 2106 Dialectice.
2565 2049 2804 2119 Tempus
2844 2063 3022 2119 neque
3046 2047 3100 2101 in
3133 2055 3387 2115 tempore
3415 2052 3537 2111 est;

1958 2156 2137 2210 neque
2186 2155 2296 2196 non
2332 2155 2417 2196 εει
2462 2141 2519 2195 in
2552 2150 2822 2211 tempore.
2859 2138 2916 2193 Si
2954 2139 3100 2193 enim
3145 2153 3253 2192 non
3295 2148 3440 2193 esset
3484 2137 3543 2190 in

1959 2237 2223 2299 tempore,
2244 2245 2271 2284 a
2289 2247 2348 2285 se
2373 2227 2496 2301 ipso
2513 2239 2826 2300 separatum
2839 2235 3006 2292 esset,
3026 2228 3170 2297 quod
3196 2227 3309 2280 ﬁeri
3328 2227 3539 2295 nequit.

1962 2321 2020 2376 Si
2052 2338 2182 2378 vero
2199 2323 2271 2378 sit
2310 2322 2365 2376 in
2397 2329 2665 2392 tempore,
2705 2321 2759 2375 in
2794 2336 2855 2376 se
2900 2320 3020 2390 ipso
3044 2320 3149 2374 erit
3182 2336 3197 2373 :
3230 2319 3387 2388 quod
3411 2333 3542 2373 vero

1961 2412 2018 2466 in
2049 2413 2234 2482 aliquo
2266 2413 2432 2477 inest,
2488 2411 2808 2466 continetur
2852 2411 2920 2464 ab
2963 2410 3079 2465 illo.
3108 2409 3270 2478 Atqui
3313 2408 3540 2478 id‘quod

1961 2506 2223 2570 continet,
2277 2515 2330 2560 et
2359 2506 2503 2575 quod
2551 2504 2883 2568 continetur,
2913 2503 3191 2558 distincta»
3224 2509 3371 2556 sunt.
3419 2500 3540 2556 Dis-

1960 2597 2195 2651 tinctum
2225 2590 2390 2667 igitur
2421 2612 2449 2649 a
2483 2612 2542 2651 se
2587 2597 2707 2666 ipso
2735 2604 2820 2651 est
2853 2605 3068 2665 tempus
3102 2611 3116 2648 :
3153 2593 3298 2664 quod
3321 2603 3408 2647 est
3437 2595 3541 2646 im-

282 2684 551 2740 ἀδύνατόν
602 2688 719 2739 ἐστι
767 2687 829 2740 τὸ
874 2687 967 2742 τὸν
1005 2690 1197 2758 χρόνον
1248 2688 1446 2742 ἑαυτοῦ
1499 2689 1856 2758 κεχωρίσθαι,

1972 2688 2249 2759 possibile.
2284 2689 2340 2743 Si
2396 2689 2585 2759 igitur,
2627 2697 2687 2743 ut
2724 2698 3028 2753 ostensum,
3064 2686 3400 2757 impossibile
3454 2693 3544 2738 est

284 2776 689 2849 ἀδυνατώτερον
715 2778 771 2831 δὲ
802 2778 896 2831 καὶ
939 2779 1000 2831 τὸ
1027 2779 1224 2833 ἑαυτοῦ
1260 2780 1451 2850 ἕτερον
1478 2777 1638 2835 εἶναι.
1673 2779 1861 2836 Ταῦτα

285 2867 342 2921 δὲ
373 2868 570 2940 συνέϐη
607 2870 648 2902 ⁷⁷
688 2872 752 2922 ὲκ
793 2868 888 2923 τοῦ
944 2870 1294 2925 ὑποτίθεσθαι
1345 2872 1435 2925 τὸν
1478 2872 1691 2942 χρόνον,
1741 2873 1860 2943 ἦτοι

278 2960 389 3013 οὐκ
421 2962 480 3012 tv
507 2962 705 3031 χρόνῳ,
735 2963 915 3033 δῆλον,
949 2965 1034 3016 ὅτι
1060 2962 1349 3027 ἀδύνατον,
1374 2962 1467 3015 τὸν
1496 2963 1689 3033 χρόνον
1718 2959 1860 3017 εἶναι

288 3051 346 3101 tv
403 3051 666 3122 χρόνῳ,ἢ
720 3055 820 3106 οὐκ
863 3056 921 3106 tv
970 3054 1167 3124 χρόνῳ.
1208 3054 1367 3107 Πᾶσα
1439 3053 1549 3125 γὰρ
1605 3054 1860 3119 ὑπόθεσις

286 3140 579 3209 ἀπάγουσα
635 3146 716 3206 εἰς
750 3144 1034 3210 ἀδύνατον,
1089 3147 1182 3199 καὶ
1237 3146 1376 3217 αὑτὴ
1415 3144 1679 3211 ἀδύνατός
1715 3148 1857 3212 ἐστι,

288 3229 382 3283 καὶ
421 3231 594 3286 ταῦτα
622 3232 979 3297 διαλεκτικῶς
1009 3235 1256 3307 εἴρηται,
1278 3236 1372 3289 καὶ
1412 3234 1665 3304 ἐνδόξως.

359 3502 423 3555 Εἰ
455 3501 513 3556 δὲ
563 3501 740 3567 θέλεις
790 3503 887 3557 καὶ
932 3504 999 3557 τὸ
1051 3503 1452 3567 ἀποδεικτικῶς
1499 3497 1862 3572 λέγειν,ὀύκ

288 3593 530 3664 ὀκνήσω.
575 3594 634 3648 '0
658 3594 847 3666 χρόνος
880 3596 987 3649 οὐκ
1014 3598 1073 3650 tv
1117 3597 1295 3667 χρόνῳ
1320 3596 1503 3651 ἐστίν’
1544 3596 1660 3649 εστι
1699 3596 1757 3650 δὲ
1800 3599 1866 3650 ὲκ

288 3683 396 3738 τῶν
430 3687 632 3755 ὁμοίων
678 3688 806 3755 περ)⁸
835 3687 1025 3741 τούτου
1060 3687 1462 3750 πιστώσασθαι.
1499 3688 1716 3758 ’Ὠσπερ
1750 3687 1862 3758 γὰρ

290 3777 319 3828 6
345 3776 512 3841 τόπος
539 3780 638 3831 οὐκ
672 3778 819 3833 ἔστιν
870 3780 929 3833 tv
960 3780 1111 3851 τόπῳ
1134 3796 1147 3809 ⁸
1201 3781 1312 3834 πᾶν
1351 3781 1461 3852 γὰρ
1493 3780 1554 3833 τὸ
1592 3780 1652 3834 tv
1686 3779 1862 3851 τόπῳ,

292 3866 454 3936 σῶμα
473 3885 489 3901 ι
512 3871 541 3921 ό
576 3868 634 3922 6t
663 3871 830 3933 τόπος
861 3871 922 3923 οὐ
945 3871 1106 3941 σῶμά
1136 3873 1282 3925 ἐστι·
1318 3873 1467 3943 καὶὴ
1500 3870 1650 3942 ψυχὴ
1679 3871 1781 3924 οὐκ
1805 3872 1864 3924 tv

288 3957 434 4029 ψυχῇ
468 3962 634 4026 ἐστιν,
659 3963 777 4015 ἀλλ’
809 3964 868 4017 tv
896 3963 983 4036 τῷ
1016 3965 1233 4036 σώματι
1257 3981 1272 3998 ·
1307 3965 1456 4036 καὶὴ
1507 3964 1728 4035 κίνησις
1760 3966 1862 4018 οὐκ

1962 2786 2180 2850 tempus
2207 2794 2239 2834 a
2302 2794 2361 2835 se
2425 2779 2557 2847 ipso
2592 2790 2908 2848 separatum
2940 2793 3101 2844 esse;
3153 2777 3326 2830 multo
3360 2774 3542 2827 minus

1962 2868 2078 2923 ﬁeri
2112 2878 2313 2937 potest,
2344 2877 2403 2923 ut
2442 2884 2473 2923 a
2502 2884 2562 2924 se
2584 2871 2706 2940 ipso
2746 2871 3023 2933 diversum
3061 2874 3154 2925 sit.
3180 2869 3235 2924 Si
3266 2884 3397 2924 vero
3426 2869 3543 2923 haec

1961 2971 2378 3034 consequuntur
2432 2978 2497 3018 ex
2529 2962 2822 3032 liypothesi
2852 2964 2949 3018 illa
2987 2982 3001 3017 :
3036 2961 3278 3037 Tempus
3309 2963 3394 3017 Vel
3432 2979 3542 3015 non

1962 3069 2082 3110 esse
2111 3054 2166 3108 in
2201 3060 2468 3121 tempore,
2496 3055 2580 3109 vel
2611 3069 2736 3109 esse
2784 3055 2838 3108 in
2894 3062 3176 3125 tempore;
3224 3055 3444 3124 planum
3486 3054 3545 3105 lit

1961 3142 2079 3199 ﬁeri
2115 3157 2225 3198 non
2263 3159 2442 3214 posse,
2468 3152 2528 3199 ut
2561 3153 2779 3214 tempus
2812 3145 2884 3198 sit
2916 3145 2969 3198 in
3005 3155 3272 3213 tempore,
3309 3144 3391 3197 vel
3433 3160 3541 3196 non

1962 3232 2034 3288 sit
2066 3232 2121 3287 in
2153 3241 2419 3304 tempore.
2470 3234 2663 3291 Omnis
2711 3237 2857 3291 enim
2907 3235 3251 3309 hypotliesis,
3308 3250 3428 3303 qua:
3476 3235 3542 3286 ad

1965 3322 2309 3393 irnpossibile
2357 3322 2540 3386 ducit,
2608 3324 2729 3392 ipsa
2783 3325 2949 3379 etiam
3011 3322 3374 3395 impossibilis
3434 3333 3540 3377 εει.

1964 3415 2033 3469 Et
2068 3414 2181 3470 haec
2205 3415 2491 3470 dialectice
2518 3423 2573 3470 et
2607 3416 2965 3483 probabiliter
2996 3417 3143 3471 dicta
3175 3418 3319 3471 sint.-
3432 3473 3441 3481 _

2039 3502 2098 3558 Si
2134 3520 2267 3560 vero
2312 3504 2450 3560 velis
2510 3512 2569 3558 ut
2596 3512 2652 3558 et
2681 3504 3119 3560 demonstrative
3155 3504 3223 3559 de
3250 3505 3340 3559 his
3368 3504 3545 3558 dissco

1964 3613 2108 3663 ram,
2134 3599 2373 3654 libenter
2402 3597 2627 3668 parebo.
2656 3596 2896 3666 Tempus
2927 3611 3032 3651 non
3063 3596 3237 3652 est-in
3267 3604 3543 3663 tempore;

1967 3693 2114 3764 quod
2141 3708 2205 3747 ex
2240 3692 2515 3748 similibus
2540 3690 2869 3746 conﬁrmare
2888 3690 3037 3744 licet.
3071 3688 3545 3756 Quemadmodum

1966 3786 2113 3841 enim
2145 3785 2299 3839 locus
2325 3799 2437 3838 non
2474 3793 2559 3839 est
2612 3783 2667 3837 in
2716 3784 2873 3848 loco;
2909 3797 3037 3837 nam
3090 3795 3270 3843 omne,
3313 3780 3459 3850 quod
3488 3779 3544 3832 in

1966 3875 2211 3939 locoest,
2267 3887 2470 3943 corpus
2526 3879 2658 3937 cst-;
2700 3881 2757 3924 at
2813 3872 2969 3925 locus
3008 3886 3121 3925 non
3185 3884 3423 3940 corpus,
3490 3878 3547 3922 et

1968 3967 2150 4019 anima
2175 3978 2282 4018 non
2329 3970 2415 4018 est
2477 3965 2532 4017 in
2565 3962 2775 4025 anima,
2803 3961 2898 4017 sed
2931 3961 2987 4015 in
3020 3975 3293 4030 corpore;
3335 3972 3388 4015 et
3426 3975 3546 4013 mo-

292 4048 349 4100 tv
382 4050 618 4119 κινήσει,
647 4051 762 4104 ἀλλ’
786 4055 842 4105 tv
874 4055 1181 4124 κινουμένῳ
1200 4070 1214 4084 ο
1245 4055 1342 4107 καὶ
1373 4055 1443 4107 τὰ
1464 4052 1732 4124 χρώματα
1763 4054 1859 4108 οὐκ

1972 4063 2057 4111 tus
2088 4070 2193 4110 non
2237 4064 2320 4111 est
2348 4056 2405 4108 in
2437 4062 2613 4119 motu,
2646 4053 2742 4109 sed
2773 4053 2825 4107 in
2859 4052 3083 4118 mobili;
3117 4062 3169 4106 et
3191 4052 3408 4107 colores
3433 4068 3542 4106 non

291 4141 351 4191 tv
380 4139 689 4211 χρώμασιν,
715 4143 832 4196 ἀλλ’
860 4146 918 4198 tv
948 4147 1360 4217 κεχρωσμένοις
1378 4145 1627 4217 σώμασιν
1649 4161 1662 4174 °
1689 4144 1864 4210 οὕτως

291 4233 386 4285 καὶ
419 4234 451 4285 6
472 4234 662 4305 χρόνος
697 4237 798 4290 οὐκ
830 4239 889 4289 tv
914 4237 1092 4307 χρόνῳ
1136 4238 1304 4303 toc‘tv,
1339 4237 1452 4291 ἀλλ’
1510 4240 1568 4291 tv
1599 4237 1861 4310 χρονίοις.

290 4323 479 4377 Ταῦτα
507 4325 565 4382 δέ
613 4328 729 4379 ἐστι
768 4327 839 4380 τὰ
886 4329 1204 4398 κινούμενα.
1250 4327 1508 4399 Ἀριθμὸς
1557 4329 1666 4399 γὰρ
1710 4330 1867 4399 κινή-

295 4415 437 4479 σεώς
470 4419 617 4471 ἐστιν
638 4419 666 4470 6
699 4420 910 4489 χρόνος.
938 4421 1101 4472 Ὥστε
1124 4420 1270 4473 κατὰ
1302 4421 1401 4491 μὲν
1433 4421 1650 4492 πρῶτον
1685 4404 1866 4488 λόχον,

294 4507 353 4558 tv
383 4508 599 4576 κινήσει
635 4502 784 4562 ἐστὶν
827 4511 855 4562 6
883 4509 1108 4581 χρόνοςο
1141 4510 1328 4582 ἐπειδὴ
1356 4512 1452 4565 καὶ
1504 4512 1538 4581 ἡ
1570 4512 1785 4581 κίνησις
1810 4513 1869 4564 tv

291 4595 370 4666 τῷ
402 4600 710 4670 κινουμένῳ
742 4600 881 4665 ἐστὶ,
914 4601 1008 4653 καὶ
1045 4600 1074 4652 6
1116 4601 1308 4671 χρόνος
1346 4602 1455 4673 ἄρα
1492 4603 1552 4655 tv
1579 4601 1656 4671 τῷ
1683 4618 1868 4655 κινου-

297 4687 444 4758 μένῳ
472 4690 591 4741 ἐστὶ
629 4689 717 4744 διὰ
768 4690 937 4760 μέσου
966 4692 1067 4759 τῆς
1099 4694 1389 4762 κινήσεως,
1437 4692 1577 4746 ὥστε
1612 4692 1709 4746 καὶ
1738 4692 1870 4763 ἀλη-

294 4775 404 4840 θῶς
431 4776 582 4831 ἔστιν
614 4780 812 4847 εἰπεῖν,
848 4781 928 4834 ὅτι
964 4783 992 4835 6
1016 4783 1211 4852 χρόνος
1237 4784 1340 4837 οὐκ
1383 4785 1440 4837 tv
1459 4783 1637 4855 χρόνῳ
1673 4783 1858 4848 ἐστὶν,

297 4867 409 4920 ἀλλ’
439 4870 497 4923 tv
540 4872 777 4943 κινήσει,
809 4872 842 4943 ἢ
886 4875 944 4926 tv
975 4874 1304 4946 κινουμένῳ,
1330 4864 1485 4928 ’ἀλλὰ
1516 4874 1733 4946 πρῶτος
1766 4874 1868 4944 μὲν

299 4961 360 5012 tv
406 4964 640 5034 κινήσει,
684 4963 934 5035 δεύτερος
975 4965 1034 5019 δὲ
1091 4967 1149 5021 tv
1202 4966 1530 5037 κινουμένῳ,
1583 4965 1656 5031 ὦς
1711 4967 1867 5038 εἴρη·

296 5065 407 5104 ται.

1966 4155 2097 4204 sunt
2132 4148 2188 4202 in
2222 4146 2525 4210 coloribus,
2557 4146 2651 4202 sed
2702 4145 2756 4199 in
2786 4144 3111 4214 corporibus
3136 4145 3432 4211 coloratis;
3463 4145 3547 4199 sic

1965 4248 2020 4295 et
2051 4250 2265 4310 tempus
2296 4253 2406 4293 non
2437 4247 2522 4293 est
2559 4239 2613 4291 in
2632 4247 2898 4308 tempore,
2918 4236 3012 4291 sed
3043 4236 3097 4290 in
3127 4236 3291 4290 rebus
3315 4236 3543 4304 tempori

1965 4329 2229 4400 subjectis
2252 4345 2279 4395 ;‹
2300 4343 2422 4398 qum
2469 4326 2574 4380 alia
2601 4340 2711 4380 non
2750 4333 2904 4388 sunt,
2937 4337 3100 4393 quam
3131 4321 3377 4375 mobilia.
3408 4320 3544 4375 Nam

1967 4429 2184 4491 tempus
2218 4427 2304 4475 est
2338 4433 2599 4474 numerus
2631 4427 2833 4471 motus.
2862 4415 3053 4485 Itaque
3092 4413 3394 4469 secundum
3428 4415 3541 4482 pri-

1966 4529 2111 4571 mam
2144 4514 2408 4568 rationem
2438 4518 2657 4580 tempus
2677 4517 2759 4564 est
2790 4512 2846 4562 in
2878 4515 3067 4572 motu;
3096 4520 3334 4571 cumque
3367 4512 3544 4559 motus

1967 4606 2038 4661 sit
2066 4606 2122 4659 in
2156 4604 2365 4669 mobili,
2386 4602 2551 4658 etiam
2581 4602 2866 4672 tempusin
2888 4599 3076 4654 mobili
3094 4598 3208 4653 erit
3231 4599 3541 4683 interventu

1965 4704 2170 4754 motus.
2194 4696 2541 4766 Quapropter
2587 4709 2715 4749 vere
2745 4692 2953 4748 dicitur
2987 4710 3001 4747 :
3037 4698 3256 4759 tempus
3293 4705 3399 4743 non
3426 4705 3551 4744 esse

1968 4789 2020 4843 in
2053 4790 2316 4858 tempere,
2345 4785 2440 4842 sed
2472 4785 2528 4840 in
2563 4792 2737 4853 motu,
2785 4785 2871 4839 vel
2896 4784 2950 4838 in
2977 4781 3189 4846 mobili,
3216 4780 3319 4836 sed
3344 4781 3546 4849 prima.

1971 4886 2052 4936 rio
2098 4880 2316 4950 quidem
2369 4878 2424 4934 in
2476 4885 2628 4934 motu
2650 4897 2673 4946 ;_
2699 4876 3033 4933 secundario
3090 4882 3275 4932 autem
3323 4875 3380 4929 in
3432 4892 3548 4928 πιτυη

1970 4974 2087 5028 bili.

1592 5192 1827 5248 VA!!le
1870 5191 2275 5249 LECTlONES.

365 5322 410 5356 "
444 5322 676 5381 Videtur
700 5325 818 5383 haec
845 5299 948 5384 vox
981 5327 1286 5386 omittenda
1315 5326 1421 5385 hoc
1446 5328 1585 5385 loco.
1662 5329 1708 5362 "
1745 5328 1876 5384 fort.
1904 5331 2016 5401 leg.
2052 5328 2181 5383 εἰδὲ
2214 5330 2387 5383 ταῦτα
2423 5329 2669 5399 συνέϐη.

1799 5470 2037 5528 ΝΟΤᾸΞ.

371 5554 481 5626 (63)
515 5558 680 5614 Notat
732 5538 795 5616 Β.
848 5561 908 5618 P.
964 5564 1235 5621 Antonius
1276 5564 1606 5621 Possevinns
1652 5568 1705 5621 in
1763 5582 1864 5624 suo

296 5624 575 5695 Apparattt
605 5645 781 5696 sacro,
817 5642 1032 5688 exstare
1070 5636 1124 5689 in
1169 5637 1503 5691 bibliotheca
1560 5636 1860 5693 Viennensi

1972 5567 2310 5640 Opuscnlnm
2347 5567 2610 5640 Abticarm
2641 5567 2706 5624 de
2741 5576 3021 5640 tempore;
3052 5569 3153 5624 hoc
3186 5567 3331 5624 istud
3368 5567 3552 5633 ipsum

1972 5654 2114 5697 cssc.
2144 5638 2328 5693 nullus
2356 5637 2570 5693 dubito.
2856 5637 2871 5640 ”
3205 5654 3218 5666 °
