3928 6130
211 261 352 334 1593

1625 267 2040 332 OI’USCULA.

3331 263 3352 327 1
3365 267 3467 335 594

201 379 434 450 Κυρίου,
464 379 621 448 λόγια
641 379 781 448 άγνὰ
801 423 815 446 ,
850 400 868 433 ι
906 382 1001 437 καὶ
1031 382 1172 453 οὐχὶ,
1199 383 1267 436 τὰ
1299 383 1522 456 ῥήματα
1577 385 1783 456 Κυρίου
1816 440 1820 452 Α

1930 383 2041 446 ιὶιιί,
2073 380 2287 452 eloquia
2333 385 2484 436 casta
2515 380 2578 436 ⁸⁸3
2613 399 2633 433 ι
2665 375 2861 436 Nonne
2889 375 3056 436 verba
3084 376 3300 432 Domini
3339 390 3467 431 sunt

203 469 362 538 λόγια
395 471 536 538 ἁγνά
554 487 569 534 ;

277 563 482 629 Χριστ.
529 561 588 614 Ὁ
619 564 908 636 προφήτης
953 565 1362 636 τροπολογικῶς
1405 565 1654 637 ὲλάλησε,
1693 566 1788 619 καὶ

205 653 264 703 οὒ
304 651 720 721 κυριολογικῶς.

269 742 446 808 Βάρὸ.
478 745 589 797 Καὶ
615 744 668 796 τί
694 747 809 798 ἐστι
833 746 1182 818 τροπολογίοι,
1220 748 1313 802 καὶ
1356 746 1700 818 κυριολογία;

278 924 480 989 Χριστ.
536 921 869 994 Κυριολογῖα
929 923 1030 998 μέν
1091 923 1208 980 ἐστι
1253 925 1448 997 βεϐαία
1513 925 1790 994 ἀπόδειξις

205 1013 562 1082 πράγματοςδ
594 1011 924 1084 τροπολὸγίσ.
960 1013 1016 1070 δὲ
1045 1011 1299 1082 ἀϐέϐαιος
1333 1013 1629 1081 ἀπόδειξις.

275 1103 456 1171 Βάρϐ.
489 1107 602 1160 Οὐκ
641 1108 915 1179 ἐνδέχεται
949 1109 1246 1181 Προφήτης
1305 1111 1481 1162 εἰπεῖν
1525 1107 1790 1165 ἀϐέϐαιον

200 1193 502 1260 ἀπόδειξιν.

275 1287 480 1354 Χριστ.
531 1287 620 1340 Ἐν
653 1291 766 1352 τοῖς
795 1290 1103 1360 προφήταις
1147 1289 1268 1354 ἔθος
1316 1291 1458 1358 ἐστὶ,
1496 1292 1562 1346 τά
1607 1293 1792 1363 ἄψυχα

203 1380 663 1445 προσωποποιεῖν,
679 1380 772 1431 καὶ
801 1379 1018 1432 σκοπῶν
1038 1379 1208 1450 θεάσῃ
1238 1381 1434 1444 αὐτοὺς
1457 1382 1787 1453 ὀφθαλμοὺς,

205 1469 300 1518 καὶ
325 1465 548 1536 ὄμματα
601 1469 848 1533 τιθέντας
893 1472 1076 1535 αὐτοῖς
1097 1487 1111 1502 ⁶
1164 1473 1239 1535 ὠς
1268 1471 1329 1526 τό
1352 1488 1367 1503 ’
1405 1493 1422 1524 ι
1446 1473 1510 1526 Ἦ
1546 1473 1791 1528 θάλασσα

204 1552 336 1618 εἶδε,
367 1558 463 1609 καὶ
500 1557 720 1627 ἔφυγεν.
767 1579 786 1612 ι
854 1560 984 1614 Ἰδοὺ
1012 1563 1044 1631 ἡ
1075 1561 1321 1616 Θάλασσα
1353 1563 1670 1634 ὀφθαλμοὺς
1692 1567 1792 1620 οὐκ

201 1645 342 1716 εχει,
363 1648 424 1702 οὐ
449 1649 555 1720 γάρ
585 1651 733 1703 ἐστιν
762 1651 1024 1722 ἔμψυχος.
1046 1653 1157 1706 Καὶ
1181 1655 1342 1707 πάλιν
1369 1669 1414 1704 ἰ
1450 1655 1516 1708 Τί
1551 1656 1631 1708 σοί
1650 1657 1786 1722 ἐστι,

1894 475 2110 544 eloquia
2143 475 2337 528 casta?

1965 566 2168 622 Christ.
2206 563 2477 637 Propheta
2531 565 2867 636 tropologice
2915 563 3135 617 locutus
3191 571 3294 624 est,
3357 573 3464 611 non

1895 653 2138 730 proprie.

1964 750 2133 804 Barb.
2171 749 2234 804 Et
2265 750 2396 820 quid
2437 757 2524 806 est
2560 747 2928 820 tropologica,
2969 757 3022 802 et
3060 743 3192 816 quid
3241 741 3465 813 propria

1895 839 2138 895 locutio?

1961 929 2164 984 Christ.
2207 928 2441 998 Pr0pria
2485 928 2694 982 locutio
2758 933 2846 981 est
2905 925 3060 978 ﬁrma
3109 922 3189 977 rei
3247 919 3468 972 denum-

1895 1021 2112 1076 stratio.
2142 1017 2478 1089 Tropologia
2509 1026 2698 1073 autem
2737 1015 2953 1070 inﬁrma
2977 1011 3395 1069 demonstratio.

1961 1107 2309 1163 Barb.Haud
2368 1122 2617 1163 asserere
2663 1107 2793 1161 licet
2842 1104 3164 1175 prophetam
3219 1099 3470 1154 attulisse

1897 1199 2171 1254 infirmam
2212 1196 2779 1252 demonstrationem.

1965 1291 2168 1346 Christ.
2200 1290 2318 1345 Mos
2360 1289 2503 1360 apud
2531 1288 2832 1358 prophetas
2871 1294 3126 1354 receptus
3171 1288 3256 1336 est
3305 1279 3468 1334 etiam

1898 1382 2218 1438 inanimatis
2251 1381 2418 1437 rebus
2461 1393 2754 1452 personam
2789 1377 3068 1442 tribuere;
3124 1373 3252 1428 hinc
3285 1369 3471 1424 vidi-as

1898 1474 2008 1530 illis
2038 1474 2230 1528 oculos
2260 1483 2657 1541 aspectumque
2688 1467 2963 1538 assignari
3002 1483 3014 1518 ι
3067 1483 3084 1514 ι
3128 1461 3274 1515 Mare
3309 1459 3470 1524 vidit,

1897 1575 1952 1622 et
1987 1567 2122 1636 fugit
2151 1565 2203 1622 ιι.
2243 1584 2264 1618 ›
2301 1563 2451 1619 Mare
2479 1561 2736 1633 profecto
2768 1559 2961 1614 oculos
3005 1571 3115 1610 non
3149 1553 3334 1606 habet.
3373 1547 3474 1604 Est

1897 1656 2042 1711 enim
2085 1655 2354 1710 inanime.
2399 1655 2666 1708 Rursus:
2727 1671 2746 1704 ι
2793 1650 2936 1717 Quid
2986 1657 3070 1703 est
3119 1645 3238 1709 tibi,
3295 1654 3468 1704 mare,

203 1737 470 1807 θάλασσα,
517 1742 599 1800 ὅτι
630 1743 858 1814 ἔφυγεςς
899 1763 916 1796 ι
947 1747 1039 1797 καὶ
1063 1745 1131 1798 τὰ
1159 1746 1304 1816 ἑξῆς.
1345 1747 1476 1800 Καί·
1519 1765 1538 1798 ι
1589 1747 1651 1800 Ἦ
1685 1748 1793 1819 μά-

1935 1748 2038 1802 uod
2079 1746 2369 1822 fugisti“?
2409 1765 2426 1796 ι
2479 1745 2544 1799 Et
2573 1759 2696 1816 quae
2745 1749 3081 1812 sequuntur.
3130 1733 3245 1790 Et:
3286 1752 3303 1784 ι
3341 1730 3473 1822 Gla-

206 1832 375 1902 χαιρά
399 1849 499 1902 μου
532 1833 766 1902 φάγεται
797 1837 956 1908 κρέα.
994 1854 1012 1888 ι
1045 1835 1118 1888 Τὸ
1136 1837 1192 1894 δὲ
1219 1839 1415 1906 φαγεῖν
1465 1839 1559 1890 ὲπί
1593 1840 1796 1908 στόμα-

1889 1841 2014 1894 dius
2054 1855 2211 1894 meus
2256 1821 2508 1893 cOmedet
2555 1851 2750 1891 carnes
2782 1833 2833 1889 τι.
2873 1851 2891 1884 ι
2936 1833 3005 1883 At
3040 1827 3328 1884 comedere
3359 1821 3474 1876 oris

206 1921 298 1984 τός
351 1923 468 1974 ἐστι
513 1923 819 1992 τρώγοντος
886 1926 981 1979 καὶ
1032 1926 1388 1998 πῑνοντος·ή
1435 1927 1492 1981 δὲ
1553 1925 1802 2000 μάχαιρα

1930 1937 1974 1984 st
2004 1929 2399 1984 manducantis
2425 1939 2482 1984 et
2508 1925 2774 1982 bibentis.
2811 1922 2988 1976 Porro
3011 1918 3228 1990 gladius
3263 1912 3477 1970 scindit

215 2009 397 2078 τέμνει
427 2011 550 2080 μὲν,
591 2013 652 2064 οὐ
682 2013 976 2066 καταπίνει
1029 2013 1108 2072 δέ.
1158 2013 1324 2068 Ἀλλὰ
1365 2019 1458 2068 καὶ
1520 2019 1805 2087 ποταμοὺς

1933 2021 2138 2085 uidem,
2187 2020 2286 2078 sed
2355 2035 2466 2074 non
2517 2018 2679 2074 bibit.
2749 2015 2895 2082 Quin
2933 2021 2990 2067 et
3040 2009 3240 2066 ﬂuvios
3295 2004 3477 2060 mani-

207 2100 541 2170 κροτοῦντας
570 2103 760 2172 χερσὶν
792 2105 1113 2173 εἰσάγουσι,
1141 2105 1237 2160 καὶ
1295 2105 1520 2175 βουνοὺς
1567 2107 1802 2179 ἁλλομέ-

209 2207 356 2254 νους,
392 2192 491 2245 καὶ
519 2192 622 2264 ὄρη
647 2195 974 2264 σκιρτῶντα.
1011 2196 1170 2252 Οὖτω
1197 2199 1290 2254 καὶ
1328 2197 1400 2254 τὰ
1431 2197 1652 2270 ῥήματα
1676 2217 1802 2270 τρο-

1893 2109 2000 2164 bus
2026 2109 2354 2179 plaudentes
2400 2107 2694 2170 inducunt,
2753 2113 2808 2160 et
2861 2103 3034 2157 colles
3087 2099 3380 2158 saltantes,
3423 2101 3478 2147 et

1893 2211 2109 2262 montes
2137 2203 2480 2257 exsilientes.
2515 2200 2609 2254 Sic
2635 2207 2692 2254 et
2729 2198 2950 2270 ῥήματα
2973 2209 3062 2265 per
3103 2186 3476 2261 trapologiam

212 2281 540 2350 πολογήσας,
561 2283 788 2338 ἐκάλεσε
820 2284 995 2355 λόγια,
1031 2287 1178 2360 ειπερ
1208 2289 1308 2342 οὐκ
1335 2289 1443 2342 εισι
1468 2288 1645 2360 λόγια,
1663 2291 1800 2346 ἀλλὰ

1933 2291 2198 2345 ominavit
2225 2291 2406 2360 λόγια,
2455 2305 2580 2362 quae
2651 2304 2765 2346 non
2821 2297 2951 2344 sunt
3003 2284 3182 2354 λόγια,
3239 2279 3336 2336 sed
3373 2277 3474 2350 ῥή-

217 2372 458 2446 ῥήματα.

1930 2401 2050 2438 ιατα
2076 2384 2210 2455 (68).

749 2579 752 2582 δ
1729 2499 1998 2558 xxxvn.

740 2614 943 2684 Ἑτέρα
974 2617 1029 2685 ἐκ
1040 2617 1284 2687 ὡτησις.

2477 2619 2602 2674 Alia
2651 2617 2898 2688 quintio.

727 2751 744 2790 ι
1455 2730 1637 2781 Jacobo
1665 2731 1903 2783 Gretsero
1929 2733 2230 2794 interprete.

291 2832 469 2904 Βὰρσ.
506 2835 610 2890 Ἦν
638 2835 824 2903 λέγετε
858 2831 1141 2903 Θεοτόκον,
1185 2837 1480 2904 ἀπέθανεν,
1521 2838 1554 2908 ἢ
1589 2838 1695 2908 Cf};

294 3013 496 3085 Xpto't.
534 3019 648 3071 Οὐκ
683 3017 944 3083 ἀπέθανε,
980 3019 1256 3072 καὶτοῦτο
1293 3019 1438 3086 λέγω
1468 3015 1688 3090 θαῤῥῶν
1737 3017 1804 3091 τῇ

228 3103 480 3181 Γραφικῇ
507 3105 805 3174 ἀποδείξει.
852 3111 940 3173 Ὠς
992 3111 1102 3180 γὰρ
1141 3111 1274 3182 φέρε
1307 3115 1502 3176 εἰπεῖν,
1539 3113 1566 3164 ὁ
1592 3111 1807 3180 πρῶτος

223 3201 518 3272 ἄνθρωπος
547 3200 788 3265 ὕπνωσε,
823 3203 914 3254 καὶ
958 3201 1056 3272 τὴν
1087 3203 1328 3272 πλευρὰν
1357 3201 1632 3272 ἀφῃρέθη,
1663 3201 1807 3254 οὕτω

1975 2818 2138 2874 Barb.
2187 2820 2361 2886 Quam
2396 2817 2687 2890 appellatis
2737 2816 3048 2882 Deiparam,
3099 2819 3228 2862 num
3262 2809 3480 2860 mortua

1904 2923 2009 2975 est,
2042 2928 2112 2966 an
2146 2912 2324 2967 vivit?

1975 3003 2178 3058 Christ.
2217 3000 2333 3055 Non
2367 3010 2453 3056 est
2488 3007 2730 3054 mortua.
2774 2998 2842 3052 Et
2887 2996 2994 3048 hoc
3027 3005 3220 3056 assero
3257 2988 3480 3040 demon-

1904 3095 2175 3152 stratione
2206 3107 2490 3148 sacrarum
2523 3092 2854 3146 Lilterarum
2891 3088 3088 3141 fretus.
3123 3079 3486 3148 Quentade

1904 3188 2032 3242 dum
2065 3185 2236 3247 enim,
2276 3183 2512 3252 exempli
2542 3195 2742 3240 causa,
2777 3177 2990 3248 primus
3011 3175 3177 3227 homo
3201 3167 3484 3222 dormiens

224 3293 320 3346 καὶ
351 3291 490 3361 αὕτη
517 3292 617 3361 τὴν
649 3290 826 3362 ψυχὴν
871 3291 972 3364 τὴν
1022 3293 1298 3364 παναγίαν
1331 3292 1408 3364 τῷ
1447 3291 1587 3363 Θεῷ,
1641 3291 1715 3355 ὡς
1749 3293 1806 3344 ἐν

1930 3291 2062 3334 :osta
2090 3277 2360 3348 spoliatus
2391 3285 2511 3338 εει,
2547 3275 2627 3328 sic
2671 3280 2724 3327 et
2751 3270 2977 3336 Deipara
3011 3263 3173 3335 quasi
3202 3262 3256 3313 in
3289 3272 3486 3314 somno
3565 3279 3570 3282 -

225 3383 378 3454 ὕπνῳ
408 3383 700 3454 παρέθετο.

295 3473 473 3543 Βὰρσ.
511 3473 641 3529 Ἰδοὺ
665 3474 989 3546 πέπληγμαι
1023 3473 1082 3528 ἐν
1112 3492 1220 3528 τινι
1269 3475 1422 3544 τόπῳ
1460 3475 1560 3545 τῆς
1609 3473 1810 3548 σαρκός

229 3586 352 3638 μου,
384 3570 477 3623 καὶ
506 3570 540 3639 ἡ
570 3567 706 3640 σὰρξ
731 3569 1000 3639 πληγεῖσα
1047 3561 1294 3639 μώλωπα
1345 3570 1666 3632 ἀπετέλεσε,
1714 3569 1812 3622 καὶ

227 3663 285 3714 ὲν
311 3659 392 3731 τῷ
440 3659 667 3731 μώλωπι
725 3660 946 3728 ἐγένετο
1007 3656 1242 3728 σκώληξ.
1292 3655 1386 3720 Τίς
1433 3655 1596 3712 αὐτὸν
1643 3658 1812 3713 ἐπλα-

230 3769 322 3805 σεν
345 3771 360 3818 ;

301 3847 503 3924 Χριστ.
533 3843 794 3913 Εἴπομεν,
844 3842 924 3896 ὅτι
962 3842 1100 3912 μετὰ
1129 3837 1228 3911 τὴν
1283 3835 1512 3912 πρώτην
1545 3833 1814 3910 ἑϐδομάδα

229 3935 332 4003 τῆς
359 3935 743 4004 κοσμοποιιας,
773 3933 1022 4002 οὐδαμῶς
1051 3932 1384 4004 εὑρίσκομεν
1409 3934 1498 3986 τὸν
1524 3933 1657 3986 Θεὸν
1680 3932 1816 3985 πλά-

234 4027 405 4081 σαντά
422 4042 509 4080 τι·
557 4025 694 4079 ἀλλὰ
720 4025 897 4079 πάντα
923 4015 992 4078 τά
1038 4023 1169 4076 ὄντα
1225 4023 1519 4094 έξαημέρῳ
1558 4023 1812 4093 ποιήσας,

232 4117 294 4181 ἔξ
312 4115 489 4170 αὐτῶν
523 4115 628 4170 τῶν
651 4115 838 4178 ὄντων,
859 4114 1024 4186 ἕτερα
1055 4113 1316 4190 γενέσθαι
1346 4115 1651 4184 ηὐδόκησεν
1671 4113 1817 4184 μόνῳ

235 4209 504 4279 θελήματι
535 4205 722 4261 αὐτοῦ’
751 4205 891 4277 μετά
919 4205 1026 4276 γὰρ
1051 4205 1148 4276 τὴν
1169 4205 1483 4271 παράϐασιν
1515 4205 1818 4276 κατεκρίθη

235 4301 360 4372 ὴγῆ
384 4300 625 4361 ἀκάνθας
668 4299 764 4351 καὶ
829 4297 1110 4368 τριϐόλους
1159 4299 1490 4353 ἀνατέλλειν.
1547 4298 1681 4351 Τότε
1725 4291 1819 4352 οὖν

241 4395 335 4446 καὶ
358 4394 390 4462 ἡ
413 4391 549 4462 σάρξ
569 4391 726 4462 ἡμῶν
752 4391 1162 4459 κατακριθεῖναι
1190 4391 1256 4457 ⁸⁵,
1285 4391 1513 4462 φθεῖρας
1557 4392 1652 4444 καὶ
1679 4388 1821 4444 σκώ-

238 4483 411 4555 ληκας
440 4483 740 4538 ἀνατέλλει.

1911 3370 2322 3428 sanctissimam
2368 3365 2606 3419 animam
2643 3363 2754 3416 Deo
2789 3359 3034 3414 tradidit.

1985 3459 2150 3513 Barb.
2195 3457 2253 3510 In
2297 3471 2464 3512 carne
2521 3468 2640 3506 mea
2679 3450 2998 3504 vulneratus
3049 3459 3194 3498 sunt.
3239 3438 3304 3492 Et
3350 3441 3487 3490 caro

1914 3551 2103 3608 saucia
2128 3549 2360 3604 vibicem
2404 3545 2644 3615 accepit.
2677 3542 2742 3596 Et
2776 3542 2830 3595 in
2863 3537 3042 3593 vibice
3083 3533 3284 3588 vermis
3313 3527 3487 3584 exsti-

1915 3645 1999 3698 tit.
2035 3641 2172 3708 Quis
2217 3654 2342 3696 eum
2379 3633 2674 3693 formavit?

1985 3823 2186 3880 Christ.
2230 3817 2645 3890 Respondemus
2701 3825 2972 3882 nusquam
3038 3806 3317 3879 proditum
3358 3813 3484 3856 esse

1915 3917 2089 3971 Deum
2119 3913 2256 3982 (69),
2296 3921 2420 3980 post
2461 3907 2694 3976 primam
2732 3905 2905 3965 illam,
2938 3916 3046 3971 qua
3093 3898 3330 3952 mundus
3361 3906 3495 3946 con-

1916 4009 2066 4064 ditus
2106 4014 2210 4068 est,
2265 3998 2686 4061 hebdomadem,
2737 3993 2902 4066 422
2953 3989 3163 4060 aliquid
3216 3989 3492 4048 formare;

1918 4103 2048 4173 quia
2078 4115 2204 4156 cum
2252 4095 2441 4152 omnia
2471 4108 2565 4148 sex
2604 4090 2718 4145 illis
2749 4088 2948 4142 diebus
2998 4080 3366 4141 condidisset,
3397 4091 3493 4130 vo-

1919 4166 2029 4251 iuit'
2080 4200 2141 4248 ut
2163 4192 2227 4246 de
2251 4193 2450 4243 caetero
2503 4183 2611 4238 alia
2649 4193 2717 4235 ex
2751 4177 2890 4248 galiis
2949 4179 3326 4229 nascerentur
3377 4166 3496 4222 sola

1919 4287 2203 4342 voluntate
2250 4294 2371 4335 sua.
2405 4273 2537 4331 Post.
2581 4267 3084 4340 transgressionem
3135 4261 3279 4314 enim
3330 4257 3491 4310 dam-

1921 4387 2052 4436 nata
2104 4383 2190 4432 est
2245 4381 2418 4436 terra,
2471 4377 2530 4422 ut
2578 4365 2768 4437 spinas
2809 4369 2864 4414 et
2928 4355 3167 4411 tribulos
3229 4347 3495 4420 proferat.

1923 4471 2083 4524 Tunc
2113 4465 2281 4522 etiam
2312 4475 2443 4515 caro
2492 4465 2687 4511 nostra
2745 4448 3124 4508 damnationis
3169 4441 3498 4500 sententiam

1927 4561 2151 4618 subiens
2177 4553 2461 4627 pediculos
2491 4557 2546 4604 et
2589 4561 2807 4602 vermes
2839 4539 3144 4614 progignit.

1721 4667 2007 4736 XXXVIII.

769 4801 970 4874 Ἑτέρα
1002 4803 1312 4872 ἐρώτησις,

2498 4774 2622 4830 Alia
2691 4769 2934 4842 quazstio.

1475 4909 1654 4959 Jacobo
1680 4907 1916 4958 Gretsero
1946 4901 2246 4959 interprete.

317 5021 532 5088 Σαρακ.
558 5010 652 5082 Τίς
675 5018 790 5071 ἐστι
824 5017 976 5087 παρὰ
1002 5017 1084 5069 σοὶ
1118 5013 1341 5086 μείζων,
1371 5015 1400 5066 ὁ
1434 5009 1698 5094 ἁγιάζων,
1740 5010 1824 5081 ἦό

355 5164 380 5192 ι
415 5149 564 5205 Psal.
598 5166 672 5214 xl,
701 5151 754 5204 7.
832 5148 860 5186 ι)
903 5147 1047 5202 Psai.
1082 5161 1237 5210 cxnr,
1271 5145 1324 5198 3.

2003 5005 2191 5060 Sarac.
2221 5001 2358 5067 Quis
2389 4998 2532 5070 apud
2571 5005 2622 5052 te
2661 4993 2836 5066 major
2862 4992 2984 5048 est?
3027 4983 3404 5046 sanctiﬁcans,
3433 4995 3504 5036 an

1404 5155 1424 5182 ε
1458 5141 1596 5198 ibid.
1633 5141 1687 5195 5.
1766 5141 1792 5180 τι
1839 5142 1992 5197 Deut.
2023 5155 2193 5199 nam.
2219 5137 2308 5190 4'2.

1523 5233 1756 5290 VARUE
1797 5231 2200 5290 LECTIONES.

319 5334 366 5369 ⁸⁵
397 5331 809 5403 κατακριθεῖσα.

1751 5417 1988 5475 NOTAE.

324 5517 438 5588 (68)
473 5516 624 5588 ,Haao
681 5493 804 5585 apte
851 5529 972 5588 non
1019 5522 1254 5588 possunt
1306 5513 1572 5588 exprimi“
1603 5509 1818 5588 Latine.

255 5581 518 5655 Quamvis
547 5587 625 5641 nil
656 5581 795 5654 opus
819 5581 1276 5655 est-distinctione
1297 5581 1462 5655 quam
1495 5581 1652 5636 affert
1682 5584 1824 5634 inter

258 5645 416 5730 ὶῖόγια
459 5665 511 5712 et
563 5645 805 5727 ρἠιὶτα.
867 5655 972 5712 ltes
1030 5654 1187 5710 aliter
1218 5645 1467 5724 expediri
1517 5661 1712 5724 potest,
1766 5659 1824 5704 ut

1930 5511 2013 5564 vel
2051 5507 2236 5574 pueris
2269 5515 2482 5560 notum.

2007 5565 2120 5660 (69)
2165 5578 2302 5634 Vidc
2332 5591 2452 5648 qua:
2487 5581 2676 5630 notata
2703 5572 2924 5629 dissert.
2953 5565 3045 5623 55.
