3928 6130
208 252 325 324 1601

1455 244 1552 307 DE
1597 243 2191 310 INCARNATIONE.

3326 252 3465 320 1602

202 367 352 433 Θεοῦ,
386 363 556 435 Σοφία
585 361 678 417 τοῦ
700 358 858 423 Θεοῦ,
886 355 1055 427 Λόγος
1084 352 1180 410 τοῦ
1209 351 1371 420 Θεοῦ,
1407 356 1645 428 Δύναμις
1668 357 1762 411 τοῦ

1875 358 2112 412 illorum.
2159 356 2321 412 Verbi
2354 357 2529 428 gratia
2572 375 2582 409 :
2635 354 2812 413 Filius
2849 358 2968 425 Dei,
3013 358 3298 431 Sapientia
3340 366 3453 435 Dei,

203 458 348 524 Θεοῦ,
401 454 640 528 βραχίων
669 452 768 506 τοῦ
798 451 958 515 Θεοῦ,
986 448 1138 514 δεξιᾶ
1191 447 1288 501 τοῦ
1338 446 1498 501 Θεοῦ.
1553 449 1666 501 Καὶ
1706 448 1769 501 τὸ

205 552 415 621 Πνεῦμα
449 546 709 609 ὡσαύτως
731 562 743 575 θ
771 544 999 613 Πνεῦμα
1030 539 1124 594 τοῦ
1165 540 1325 603 Θεοῦ,
1369 540 1631 604 δάκτυλος
1670 541 1766 594 τοῦ

201 640 347 695 Θεοῦ.
375 640 467 700 Et;
506 635 671 691 αὐτὸν
712 629 805 688 οῦν
851 635 944 687 τὸν
975 632 1195 702 Πατέρα
1233 631 1618 702 ἀναφέρονται,
1645 630 1768 701 οὐχὶ

201 732 229 781 6
255 729 434 799 Πατὴρ
466 730 545 791 εἰς
596 726 755 780 αὐτά.
793 722 856 778 Εἰ
902 724 958 776 δὲ
1016 724 1111 775 καὶ
1141 721 1310 794 εῦρῃς
1334 722 1394 774 τὸ
1422 724 1565 789 Θεὸς
1599 721 1771 792 ὄνομα

202 819 299 875 ἐπὶ·
316 818 407 870 τοῦ
440 817 596 876 Υἱοῦ,
621 817 719 867 καὶ
741 813 802 867 τὸ
827 814 1043 880 Κύριος
1065 812 1158 863 ἐπὶ
1182 810 1275 863 τοῦ
1298 806 1531 882 Πατρὸς,
1558 809 1768 863 καὶτοῦ

201 908 531 979 Πνεύματος,
566 907 659 961 καὶ
710 904 772 957 τὸ
816 904 1032 972 Ἄγιος,
1066 903 1161 956 καὶ
1189 897 1250 954 τδ
1281 900 1524 970 Πνεῦμα
1554 901 1645 954 ἐπὶ
1673 900 1769 955 τοῦ

202 1000 406 1071 Πατρός
428 1016 442 1031 ο
474 998 552 1064 ὡς
580 996 641 1049 τό
661 1013 673 1025 ·
714 1014 734 1047 ι
776 995 965 1063 ’Ἄγιος
997 996 1024 1047 6
1053 992 1207 1055 Θεὸς,
1245 1012 1264 1044 ι
1293 993 1452 1059 δῆλον
1481 994 1509 1046 6
1543 994 1731 1064 Πατήρ
1752 1008 1766 1024 ο

200 1093 286 1144 καὶ
311 1092 366 1144 τὸ
400 1109 420 1141 ι
466 1088 693 1159 Πνεῦμα
725 1088 753 1139 6
781 1087 942 1149 Θεόςο
984 1104 1002 1137 ι
1048 1085 1221 1140 ταῦτα
1256 1086 1495 1156 ὀνόματα
1526 1085 1626 1154 τῆς
1668 1084 1771 1153 φύ-

202 1200 332 1246 σεως
383 1182 513 1236 ὄντα
555 1177 991 1253 κατηγοροῦνται
1042 1193 1176 1231 ποτε
1240 1176 1333 1229 καὶ
1375 1174 1484 1230 τῶν
1528 1175 1769 1231 ὑποστά-

202 1292 353 1330 σεων.

264 1451 662 1526 Κατηγορικῶς
693 1445 787 1505 οῦν
814 1450 878 1503 ὲκ
897 1449 998 1518 τῆς
1028 1447 1247 1518 φύσεως
1274 1447 1493 1516 λέγεται
1524 1447 1619 1500 καὶ
1644 1447 1773 1511 Υἱὸς

198 1544 227 1597 6
255 1544 430 1610 Θεός·
470 1544 565 1596 καὶ
594 1541 669 1605 ὡς
699 1540 795 1593 ἐπὶ
840 1538 903 1591 τὸ
950 1538 1225 1599 πλεῖστον,
1251 1537 1421 1607 χωρὶς
1451 1535 1681 1607 ἄρθρου,
1723 1538 1771 1589 εἰ

202 1640 364 1707 μήπω
390 1634 680 1704 πρόκειται
704 1630 833 1701 περὶ
856 1628 1021 1683 αὑτοῦ
1043 1629 1071 1680 6
1088 1628 1246 1697 λόγος
1274 1628 1459 1696 εῐγοῦν
1482 1631 1515 1698 ἡ
1547 1629 1768 1699 φράσις.

197 1728 303 1781 Καὶ
334 1724 637 1796 τηνικαῦτα
668 1719 999 1790 ἀναφορικὸν
1021 1720 1248 1790 γένηται
1271 1722 1348 1783 εἰς
1383 1721 1563 1784 αύτδν,
1591 1720 1667 1783 ὡς
1689 1721 1767 1783 εἰς

197 1816 643 1889 προεγνωσμένον
673 1814 984 1885 πρόσωπον,
1033 1811 1095 1863 τὸ
1157 1811 1381 1882 ἄρθρον,
1434 1813 1509 1875 ὡς
1539 1812 1650 1882 ἔχει
1684 1812 1763 1877 τὸ,

203 1929 221 1960 ι
269 1907 357 1972 Ἐξ
382 1902 455 1959 ὧν
480 1907 509 1958 6
539 1902 774 1974 Χριστος
804 1900 866 1953 τὺ
891 1899 1033 1952 κατὰ
1063 1899 1262 1970 σάρκα,
1306 1919 1325 1951 ι
1360 1899 1453 1952 καί
1481 1916 1493 1930 ·
1541 1916 1560 1949 ι
1604 1899 1662 1950 ’0
1693 1897 1768 1950 ὢν

197 2000 287 2052 ἐπὶ
317 2000 533 2052 πάντων
567 1994 720 2057 Θεός.
759 2013 773 2046 ι
806 1996 916 2049 Καὶ
939 1992 1099 2047 τοῦτο
1120 1991 1177 2044 δὲ
1205 1991 1310 2062 χρὴ
1333 1991 1645 2060 γινώσκειν,
1685 1991 1767 2043 ὅτι

195 2091 341 2143 οῦδὲν
362 2090 471 2141 τῶν
508 2088 791 2159 ὀνομάτων
816 2087 918 2156 τῆς
949 2084 1141 2147 οὐσίας
1178 2083 1273 2136 τοῦ
1301 2082 1438 2136 Θεοῦ
1471 2083 1767 2154 δηλωτικόν

195 2185 365 2235 ἐστιν·
393 2180 581 2248 ὥσπερ
609 2178 706 2232 καὶ
731 2177 839 2231 τῶν
870 2176 1074 2231 λοιπῶν
1101 2174 1467 2247 πραγμάτων.
1508 2173 1636 2226 Ἐὰν
1659 2172 1768 2244 γὰρ

193 2274 438 2343 εἴπωμεν
463 2270 633 2332 λίθον,
670 2270 704 2341 ἢ
735 2269 957 2341 χρυσὸν,
992 2269 1025 2340 ἢ
1065 2265 1192 2338 βοῦν
1214 2305 1232 2333 ,
1262 2266 1295 2336 ἢ
1323 2265 1632 2335 ἄνθρωπον,
1670 2266 1768 2336 τὴν

192 2361 375 2413 οὐσίαν
405 2361 640 2413 ἑκάστου
668 2360 757 2412 διὰ
782 2358 878 2410 τοῦ
908 2357 1173 2427 ὀνόματος
1218 2354 1507 2425 δηλοῦμεν.
1558 2354 1683 2406 Ἐὰν
1711 2354 1769 2407 δὲ

194 2455 434 2519 εἴπωμεν
466 2450 621 2517 Θεὸν,
652 2449 685 2519 ἢ
738 2450 832 2501 καὶ
856 2447 1080 2518 Κύριον,
1120 2447 1154 2517 ἦ
1183 2446 1437 2508 Βασιλέα,
1467 2444 1766 2515 ἢΠατέρα,

193 2544 226 2613 ἢ
271 2542 472 2613 Υἱὸν,ἢ
516 2538 898 2611 οἱονδηποτοῦν
935 2539 1110 2607 ὄνομα
1143 2523 1238 2591 ἐπὶ
1267 2536 1425 2600 Θεοῦ,
1467 2537 1767 2607 ἐνέργειαν,

194 2635 449 2705 ῆσχέσιν
516 2630 885 2702 σημαίνομεν.
940 2630 1074 2692 Θεὸς
1134 2629 1233 2699 μὲν
1287 2629 1397 2697 γὰρ
1429 2628 1463 2698 ἢ
1512 2630 1768 2697 ποιητὴς,

194 2723 475 2795 ἐνεργείας
500 2738 514 2754 ο
550 2722 817 2785 Βασιλεὺς
845 2721 923 2785 δὲ,
957 2722 990 2791 ἢ
1026 2720 1328 2790 Δεσπότης,
1353 2720 1387 2790 ἢ
1412 2719 1622 2790 Πατὴρ,
1648 2718 1772 2788 σχέ-

197 2829 335 2875 σεως
366 2814 434 2868 ’⁸.

1875 447 2118 504 Verbum
2154 448 2272 511 Dei,
2302 447 2491 504 Virtus
2514 448 2631 515 Dei,
2656 450 2945 506 brachium
2974 450 3090 518 Dei,
3120 453 3316 539 dextra
3340 456 3458 515 Dei.

1870 540 2138 596 Similiter
2174 550 2228 597 et
2277 542 2518 614 Spirittts
2556 561 2569 598 :
2611 543 2856 615 Spiritus
2901 546 3030 613 Dei,
3089 548 3297 620 digitus
3335 551 3456 607 Dei.

1870 632 1951 701 Ad
1985 635 2206 689 Patrem
2273 634 2442 704 igitur
2499 636 2814 690 referuntur
2853 636 2994 707 ('72);
3038 650 3147 695 non
3200 639 3359 695 Pater
3390 644 3457 698 ad

1873 725 2019 781 illos.
2062 726 2219 793 Quod
2289 727 2335 781 si
2390 743 2587 783 nomen
2632 727 2728 783 Dei
2782 729 2944 783 etiam
3003 728 3143 787 Filio
3186 733 3457 789 tributum

1871 808 2156 889 reperias.
2209 816 2264 863 et
2314 822 2511 864 nomen
2575 808 2787 862 Domini
2848 809 2997 863 Patri
3053 820 3109 866 et
3181 812 3457 881 Spiritui.

1873 899 2002 955 item
2052 914 2251 954 nomen
2288 898 2475 953 Sancti
2510 909 2566 953 et
2598 897 2851 968 Spiritus,
2894 900 3076 970 Patri;
3120 911 3179 957 ut
3214 905 3268 958 in
3319 907 3455 962 illo:

1877 1007 1897 1039 ι
1929 988 2166 1044 Sanctus
2213 990 2453 1053 Deusm,
2517 1009 2535 1041 ι
2586 992 2678 1044 ubi
2732 992 3080 1066 manifestum
3120 1004 3233 1062 est,
3281 998 3459 1066 signi-

1874 1077 2025 1133 ﬁcari
2076 1078 2313 1142 Patrem,
2368 1087 2424 1132 et
2455 1079 2510 1133 in
2549 1081 2644 1133 illo
2687 1096 2700 1132 :
2742 1099 2758 1131 ι
2797 1081 3040 1151 Spiritus
3064 1093 3148 1138 est
3176 1084 3322 1141 Deus
3353 1094 3400 1149 η,
3432 1105 3452 1137 ι

1872 1169 2095 1224 noveris
2143 1169 2256 1223 tunc
2299 1177 2353 1223 et
2390 1169 2442 1223 id
2497 1186 2672 1240 genus
2729 1172 2836 1224 alia
2874 1175 3092 1228 nomina
3143 1178 3211 1230 de
3258 1187 3457 1231 natura

1873 1259 2147 1314 enuntiari
2198 1260 2393 1325 solita,
2451 1261 2725 1315 enuntiari
2786 1264 3119 1336 quandoque
3160 1240 3329 1321 etiam
3389 1267 3458 1323 de

1874 1349 2287 1422 hypostasibus.

1946 1441 2286 1512 Simpliciter
2325 1443 2496 1512 igitur
2544 1444 2618 1500 ob
2676 1458 2926 1501 naturam
2981 1446 3190 1501 dicitur
3248 1448 3455 1513 Filius,

1875 1529 2017 1585 Deus
2045 1573 2059 1596 ,
2091 1542 2142 1586 ct
2168 1533 2492 1603 plerumque
2515 1535 2634 1611 sine
2671 1538 2902 1591 articulo
2929 1553 2943 1602 ;
2972 1537 3079 1592 nisi
3106 1540 3305 1604 oratio,
3334 1555 3458 1610 quae

1875 1624 2182 1691 praecessit,
2220 1625 2293 1679 sit
2336 1624 2403 1679 de
2448 1625 2569 1695 ipso
2618 1624 2775 1679 Filio.
2821 1627 2978 1683 Tunc
3023 1632 3168 1684 enim
3216 1629 3458 1687 refertur

1801 1704 1844 1763 Β
1873 1715 2144 1779 articulus
2175 1715 2242 1768 ad
2271 1713 2495 1778 Filium,
2535 1722 2797 1782 tanquam
2835 1717 2900 1769 ad
2932 1716 3042 1786 jam
3078 1720 3232 1787 prius
3261 1721 3456 1790 cogni-

1870 1814 1978 1859 tam
2021 1820 2311 1872 personam
2342 1820 2357 1871 ;
2419 1815 2477 1860 ut
2521 1808 2574 1860 in
2607 1807 2703 1859 illo
2737 1824 2750 1859 :
2788 1825 2807 1857 ι
2855 1807 2931 1861 Ex
2969 1810 3174 1878 quibus
3200 1810 3457 1866 Christus

1868 1897 2169 1950 secundum
2196 1910 2415 1951 carnem
2441 1903 2488 1949 ο.
2541 1914 2559 1947 ι
2596 1896 2663 1949 Ει
2698 1915 2709 1950 :
2748 1915 2767 1947 ι
2814 1896 2916 1962 Qui
2958 1908 3042 1952 est
3076 1915 3242 1969 super
3270 1902 3455 1954 omnia

1869 1992 2013 2048 Deus
2053 1992 2378 2048 benedictus
2394 2001 2443 2046 ι’.
2471 2011 2490 2045 ›
2527 1991 2716 2065 Neque
2759 1993 2862 2047 hoc
2915 1993 3176 2061 ignorare
3216 2003 3452 2065 oportet,

1870 2086 2082 2139 nullum
2120 2099 2319 2139 nomen
2365 2084 2611 2138 divinam
2663 2084 2965 2139 essentiam
3006 2085 3318 2154 exprimere
3345 2127 3359 2152 ,
3395 2095 3454 2142 ut

1872 2171 1988 2226 ﬁeri
2035 2173 2174 2227 solet
2199 2169 2267 2225 'in
2320 2172 2556 2226 aliarum
2604 2187 2790 2226 rerum
2832 2172 3174 2227 nominibus.
3208 2170 3265 2226 Si
3306 2176 3453 2228 enim

1868 2263 2222 2317 nominemus
2273 2262 2532 2331 lapidem,
2593 2275 2813 2327 aurum,
2869 2262 3096 2326 bovem,
3149 2263 3450 2329 hominem,

1874 2354 2237 2408 substantiam
2263 2352 2701 2423 uniuscujusque
2723 2353 3055 2408 indicamus.
3092 2354 3218 2407 Atsi
3248 2354 3314 2408 de
3346 2353 3455 2409 Deo

1878 2446 2133 2501 dicamus
2167 2464 2180 2499 :
2219 2444 2384 2510 Deus,
2413 2444 2700 2509 Dominus,
2734 2445 2874 2508 Rex,
2910 2442 3099 2507 Pater,
3136 2443 3328 2511 Filius,
3361 2456 3454 2500 aut

1874 2539 2019 2592 aliud
2044 2537 2347 2609 quidpiam,
2384 2537 2658 2592 actionem
2691 2538 2775 2592 vel
2824 2535 3201 2590 habitudinem
3242 2537 3455 2605 signiﬁ-

1874 2640 2087 2681 camus.
2126 2625 2269 2681 Deus
2315 2626 2460 2680 enim
2505 2625 2587 2680 vel
2646 2634 2896 2689 creator,
2933 2624 3155 2678 nomina
3199 2632 3326 2678 sunt
3358 2640 3455 2678 ae.-

1875 2717 2078 2781 tiouis;
2118 2716 2231 2773 [lex
2272 2730 2475 2783 autem,
2522 2716 2811 2782 Dominus,
2857 2717 2941 2771 vel
2995 2715 3191 2780 Pater,
3235 2715 3456 2771 habitu-

1878 2807 2040 2863 diuis.

270 2938 308 2965 ³η
346 2929 494 2985 Psal.
572 2942 758 2988 xcvnt,
800 2925 834 2980 9
869 2934 921 2978 et
959 2926 1109 2977 alibi.
1185 2876 1396 2980 "Joau:
1426 2941 1500 2990 tv,
1537 2924 1629 2979 24.
1732 2934 1757 2959 ιι
1786 2922 1947 2978 Rom.
1983 2939 2063 2987 ιχ,
2096 2923 2152 2979 5.
2229 2932 2257 2973 P
2292 2923 2425 2978 ibid.

1487 3042 1719 3098 VAllUE
1750 3040 2152 3099 LECTIONES.

293 3139 341 3171 '“
373 3138 508 3192 alter
539 3135 609 3190 Μ.
648 3133 707 3190 S.
734 3134 996 3203 σχέσεων.

724 3268 729 3269 κ
1715 3224 1950 3280 NOTAE.

724 3268 729 3269 ,
1813 3224 1857 3280 T
1933 3265 1950 3280 .

278 3321 389 3394 (72)
428 3323 545 3377 Nisi
589 3338 697 3394 qua
751 3321 1040 3378 relativum
1071 3316 1305 3385 refertur
1334 3314 1400 3372 ad
1440 3224 1840 3387 terminumrfgt
1858 3225 2193 3390 Sincipium
2221 3318 2287 3374 ad
2318 3319 2395 3385 id,
2427 3319 2572 3389 quod
2602 3335 2668 3375 ex
2697 3320 2842 3391 ipso.

202 3514 3451 3556 Μ

870 3610 877 3615 ’
981 3656 1792 3898 ΓιἩΕοΒΟΙιΙ
1890 3684 2683 3820 ΑΒΠΟΑΒᾸΕ

652 3943 819 4035 DE
932 3941 1491 4034 UNIONE
1592 3940 1759 4029 ET
1867 3933 3014 4036 INCARNATIONE.

1081 4110 1381 4184 (ϐλιωο.
1429 4110 1539 4167 Vel.
1574 4108 1800 4165 Patrum
1823 4110 2081 4195 Biblioth.
2106 4117 2151 4167 t.
2171 4108 2314 4177 XIII,
2341 4125 2396 4181 ι).
2430 4111 2581 4184 286.)

1777 4290 1849 4311 ’.φ

189 4421 347 4489 Περὶ
395 4419 667 4487 ἐνώσεως
724 4417 823 4475 καὶ
863 4417 1278 4492 ,σαρκὼᾳεωςί
1323 4419 1422 4472 καὶ
1463 4418 1552 4492 ᾄτι
1599 4420 1638 4485 ἡ
1675 4417 1791 4488 μὲν
1816 4424 1861 4482 c
1896 4419 1975 4475 De
2017 4420 2211 4492 unione
2257 4428 2308 4473 et
2358 4420 2773 4492 incarnatione:
2805 4423 3045 4492 quodque
3082 4439 3309 4492 persona
3350 4431 3459 4484 sive

272 4487 621 4555 ὖπόστασις
650 4487 981 4558 ἐσαρκώθη,
1018 4491 1054 4556 ή
1087 4487 1151 4542 δὲ
1199 4488 1386 4556 φύσις
1434 4487 1545 4554 τῆς
1579 4487 1784 4554 θεότη-

269 4578 381 4627 τος
408 4559 608 4627 ’ἰδνώθη
637 4559 722 4626 τῇ
741 4561 1091 4628 ἀνθρωπίνῃ
1118 4560 1300 4629 φύσει
1332 4558 1401 4612 ἐν
1435 4558 1777 4614 ὑποστάσει

266 4632 383 4686 τοῦ
415 4630 565 4685 Θεοῦ
593 4632 810 4700 Λόγου.
1450 4656 1455 4661 -
1614 4639 1628 4649 ⁸

281 4741 353 4794 Ἥ
390 4741 487 4810 μὲν
522 4739 973 4809 σάρκωσίςιέστιν
999 4737 1431 4807 ὲνανθρὼπησις,
1453 4737 1549 4791 καὶ
1573 4739 1606 4809 ἡ
1633 4739 1784 4792 ὲνανο

189 4831 494 4902 θρώπησίς
548 4833 664 4884 ἐστι
716 4831 777 4885 τὸ
830 4830 923 4883 τὸν
968 4830 1467 4901 ἐνανθρωπήσαντα
1500 4829 1785 4899 ἄνθρωπον

188 4922 624 4990 ἀπεργάσασθαι
641 4939 657 4955 ο
683 4923 743 4975 τὸ
764 4923 820 4977 δὲ
853 4925 1157 4994 ποιήσαντα
1176 4918 1267 4975 τδν
1287 4921 1785 4993 ὲνανθρωπήσαντα

188 5011 516 5079 ἄνθρωπον,
547 5013 641 5065 ἐπὶ
674 5012 753 5083 τῷ
785 5013 1207 5084 κατηγορεῖσθαι
1239 5011 1331 5067 τὸν
1369 5012 1654 5082 ἄνθρωπον
1690 5009 1784 5065 τοῦ

189 5103 533 5175 ὲνανθρωπὴ
547 5120 752 5170 σαντος,
787 5106 883 5157 καὶ
902 5103 1157 5175 δέχεσθαι
1178 5105 1270 5158 τὸν
1296 5105 1789 5177 ὲνανθρωπήσαντα

189 5192 265 5244 τό
302 5209 365 5243 τε
399 5191 494 5244 τοῦ
526 5192 817 5263 ἀνθρώπου
850 5193 1021 5263 ὄνομα
1060 5195 1157 5248 καὶ
1188 5196 1282 5250 τὸν
1323 5197 1568 5267 ἁρισμὸν,
1603 5197 1792 5265 ὧσπερ

189 5282 319 5335 τῶν
345 5280 650 5353 ἀνθρώπων
681 5283 932 5347 ἕκαστος.
978 5285 1037 5338 '0
1082 5284 1139 5341 δὲ
1175 5283 1462 5355 ἄνθρωπος
1487 5289 1515 5340 6
1557 5304 1797 5358 κατηγο·

195 5372 482 5444 ρούμενος
506 5373 724 5443 φύσεως
758 5375 993 5446 ὑπάρχει
1022 5375 1193 5446 ὄνομα
1213 5417 1227 5441 ,
1260 5378 1355 5431 καὶ
1386 5380 1418 5449 ἡ
1454 5378 1615 5445 φύσις
1646 5377 1796 5431 ἐστὶν

194 5468 236 5535 ἡ
274 5466 739 5535 κατηγορούμένη
792 5467 892 5536 τῆς
940 5468 1313 5531 ὑποστάσεως,
1374 5468 1498 5537 οὐχὶ
1549 5469 1605 5520 δὲ
1636 5468 1799 5537 φύσις

193 5555 362 5609 κατὰ
386 5555 619 5623 φύσεως.
645 5556 709 5609 Εἰ
730 5556 887 5609 τοῦτο
911 5560 1093 5613 τοίνυν
1121 5558 1510 5630 ὁμολογοῦμεν,
1537 5559 1799 5622 ὡσαύτως

200 5645 335 5718 ἔχει
364 5647 606 5718 δηλονότι
638 5650 670 5720 ἡ
696 5648 993 5713 ὑπόστασις
1021 5649 1567 5722 ήὲνανθρωπήσασσα,
1596 5650 1626 5723 ἢ
1655 5651 1682 5702 6
1712 5651 1799 5705 ἀϊ-

1966 4491 2312 4545 subsistentia
2347 4491 2507 4559 fuerit
2559 4491 2881 4558 incarnata;
2921 4491 3102 4548 divina
3144 4506 3320 4551 autem
3361 4515 3459 4553 na-

1958 4571 2077 4615 tura
2102 4560 2349 4615 Itumana:
2387 4563 2562 4627 unita,
2593 4566 2647 4617 in
2677 4578 2902 4633 persona
2940 4563 3035 4619 Dei
3066 4567 3281 4635 Λόγου.

1957 4733 2277 4790 Incarnati'o
2326 4742 2413 4791 est
2465 4751 2753 4792 assumere
2804 4737 3241 4801 humanitatem,
3296 4748 3462 4809 atque

1888 4828 2003 4882 haec
2035 4828 2345 4896 assumptio
2381 4829 2745 4883 humanitatis
2775 4845 2899 4885 eum
2948 4828 3097 4884 sistit
3139 4830 3252 4900 jam
3286 4832 3464 4885 homi-

1888 4935 2035 4982 nem,
2067 4920 2162 4988 qui
2190 4920 2586 4974 humanitatem
2620 4923 2943 4991 assumpsit.
2984 4922 3176 4976 lstbaec
3207 4937 3338 4977 vero
3375 4940 3461 4979 res

1890 5013 2146 5067 consistit
2176 5012 2230 5065 in
2272 5027 2359 5076 eo,
2417 5021 2487 5067 ut
2527 5014 2620 5067 ille
2660 5015 2751 5083 qui
2804 5013 3202 5070 humanitatem
3246 5032 3463 5070 assum-

1892 5106 2023 5175 psit,
2072 5117 2236 5174 atque
2266 5105 2430 5160 homo
2461 5105 2643 5161 Iactus
2688 5115 2792 5168 est,
2829 5118 3089 5176 praeterea
3120 5111 3263 5177 quod
3301 5110 3465 5164 homo

1892 5195 2222 5265 przedicetur
2256 5197 2327 5251 de
2358 5214 2448 5262 eo,
2481 5199 2573 5265 qui
2608 5198 2999 5252 humanitatem
3027 5198 3080 5251 in
3109 5214 3168 5254 se
3198 5202 3464 5269 suscepit,

1896 5289 2035 5344 ferat
2058 5304 2277 5359 quoque
2313 5290 2555 5343 hominis
2595 5306 2794 5344 nomen
2824 5298 2876 5343 et
2900 5290 3298 5354 deﬁnitionem,
3344 5308 3464 5361 per-

1895 5381 2022 5435 inde
2055 5396 2115 5435 ac
2142 5380 2371 5449 quilibet
2412 5381 2646 5434 aliorum
2683 5379 2967 5434 hominum
3002 5398 3015 5433 :
3063 5380 3154 5449 qui
3202 5382 3468 5450 praedica-

1897 5482 1984 5527 tur
2018 5472 2200 5532 homo,
2235 5479 2446 5524 natura!
2475 5479 2560 5524 est
2593 5473 2880 5535 terminus,
2912 5480 3221 5539 naturaque
3269 5472 3470 5540 prazdi-

1898 5570 2057 5617 catur
2088 5562 2154 5615 de
2186 5561 2576 5624 subsistentia,
2622 5574 2970 5631 nequaquam
3028 5570 3208 5617 autem
3266 5575 3465 5620 natura

1905 5653 1973 5709 de
2001 5662 2217 5709 natura.
2254 5653 2442 5724 Igitur,
2499 5653 2545 5708 si
2595 5654 2893 5725 largiamur
2925 5653 3093 5722 istud,
3137 5657 3254 5727 pari
3305 5659 3469 5714 uzodo
