3928 6130
183 254 320 336 ιοοε

1400 228 1498 312 DE
1540 241 2139 311 Ixcanxmoxa.

3306 238 3444 304 1600

177 334 337 453 δξήῆς
366 377 411 411 ⁹⁴¹
462 375 496 443 ἡ
543 371 841 434 ὑπόστασις
898 360 1184 438 ἐνεργείας
1233 362 1716 435 κεκληρονόμηκεν
1755 378 1770 393 ο

1874 369 1959 416 est
1991 334 2285 416 consecuta
2313 376 2325 412 :
2354 352 2506 423 hinc,
2567 366 2689 427 qua:
2746 352 2897 424 prius
2930 352 3172 425 potentia
3218 353 3442 409 fuerunt

175 471 302 526 ὅθεν
352 466 589 534 εὐλόγως
637 462 747 516 ἀπὸ
786 460 888 530 τῆς
932 458 1286 520 ὑποστάσεως
1335 456 1427 508 ἐπὶ
1464 455 1562 526 τὴν
1601 455 1763 523 φύσιν

148 558 532 629 ’ἀναφέρεται,
563 554 659 607 ἆτε
703 552 942 623 προόντα
985 549 1082 619 μὲν
1121 548 1348 617 δυνάμει
1379 548 1436 600 ὲν
1476 547 1544 617 τῇ
1578 543 1760 613 φύσει,

177 648 430 717 ἐνεργείᾳ
455 646 511 701 δὲ
543 646 603 699 ὲν
645 646 711 715 τῇ
747 642 1045 696 ὑποστάσει
1110 637 1498 708 εὑρισκόμενα.
1552 637 1763 705 Ὠσπερ

174 743 210 809 ἡ
249 738 516 806 διαίρεσις
542 734 657 787 τῶν
701 730 857 786 είδῶν
883 731 1110 799 δυνάμει
1138 725 1271 782 οὖσα
1294 730 1350 781 ὲν
1385 727 1461 797 τῷ
1489 726 1659 794 γένει,
1705 728 1764 777 ὲν

175 827 234 882 δὲ
266 829 376 889 τοῖς
405 824 602 878 εἴδεσιν
632 821 905 894 ἐνεργείᾳ,
941 820 1183 886 εὐλόγως
1213 816 1321 870 ἀπὸ
1342 817 1449 870 τῶν
1480 815 1637 868 εἰδῶν
1670 832 1765 869 κα-

176 918 245 971 τά
275 917 527 985 δεύτερον
551 912 709 981 λόγον
736 913 828 965 ὲπὶ
853 912 914 963 τὸ
947 911 1103 978 γένος
1134 908 1490 978 ἀναφέρεται.
1521 904 1666 969 υἷον,
1705 907 1765 959 τὺ

90 1071 115 1079 η
179 1006 397 1074 λογικόν
421 1005 649 1073 ὲστινὶὲν
681 1000 757 1071 τῷ
783 999 909 1070 ζώῳ
933 1000 1187 1077 δυνάμει,
1220 1001 1278 1051 ὲν
1304 998 1362 1050 δὲ
1388 997 1467 1066 τῷ
1494 995 1765 1067 ἀνθρώπῳ

182 1097 462 1169 ινεργείας
490 1096 538 1128 ⁸⁸
567 1110 584 1125 ο
616 1094 710 1147 καὶ
731 1091 953 1159 λέγεται
980 1073 1209 1153 τδζῶον
1238 1087 1457 1155 λογικὸν
1483 1087 1623 1139 κατὰ
1643 1086 1764 1139 δεύ-

180 1204 342 1259 τερον
393 1188 573 1256 λόγον,
622 1184 712 1238 διά
760 1184 822 1237 τὸ
867 1182 962 1236 τὸν
1007 1181 1295 1251 ἄνθρωπον
1336 1174 1478 1231 εἶναι
1525 1178 1762 1246 λογικόν.

180 1268 295 1334 Καὶ
320 1277 509 1347 ὥσπερ
546 1276 605 1330 αῖ
655 1275 801 1338 ίδεως
839 1272 1097 1343 διαφοραὶ
1140 1272 1637 1341 χαρακτηριστικαὶ
1664 1268 1766 1339 τῆς

185 1371 419 1424 ἑκάστου
464 1369 574 1421 τῶν
604 1364 908 1437 ἀνθρώπων
954 1364 1308 1425 ὑποστάσεως
1335 1359 1513 1423 οὖσαι,
1539 1362 1768 1432 δυνάμει

190 1462 290 1531 μὲν
319 1462 376 1514 ἓν
405 1459 482 1529 τῷ
504 1458 779 1529 ἀνθρώπῳ
807 1454 1166 1529 θεωροῦνται,
1211 1455 1268 1506 ἐν
1297 1452 1352 1506 δὲ
1379 1452 1457 1525 τῷ
1486 1451 1768 1523 Σωκράτει

186 1554 285 1603 καὶ
339 1551 589 1603 Πλάτωνι
639 1548 891 1619 ὲνεργεεα
939 1545 1258 1614 πεφύκασιο
1309 1542 1606 1597 κάντεῦθεν
1659 1542 1769 1596 άπὸ

186 1643 291 1711 τῆς
320 1641 672 1701 ὑποστάσεως
700 1640 794 1692 ἐπὶ
829 1637 925 1708 τὴν
965 1638 1126 1707 φύσιν
1147 1677 1162 1701 ,
1193 1635 1227 1706 ἢ
1262 1634 1368 1687 ἀπὸ
1409 1633 1505 1686 τοῦ
1545 1633 1768 1702 Σωκρά-

188 1750 316 1794 τους
347 1733 440 1784 ἐπὶ
479 1731 569 1784 τὸν
597 1729 887 1796 ἄνθρωπον
926 1727 1313 1796 ἀναφέρονται.
1349 1718 1495 1789 Οἷον,
1541 1723 1631 1776 τὸν
1659 1725 1771 1776 Σω-
1802 1716 1845 1773 Β

190 1823 402 1896 κράτην
423 1821 632 1892 γρυπὸν
664 1816 806 1873 εἷναί
838 1836 1042 1889 φαμεν,
1087 1818 1121 1888 ἢ
1152 1816 1449 1887 φαλακρὸν,
1479 1813 1624 1868 κατά
1651 1813 1773 1886 δεύ-

189 1931 350 1985 τερον
385 1914 442 1967 δὲ
489 1913 647 1981 λόγον
686 1911 786 1964 καὶ
823 1910 914 1964 τὸν
977 1908 1266 1979 ἄνθρωπον
1319 1905 1532 1976 γρυπὸν
1585 1902 1773 1956 ὡσαύ-

190 2018 300 2065 τως
326 2001 419 2054 καὶ⁵
443 2000 730 2071 ὑπάρχειν,
758 1998 792 2068 ἢ
823 1995 1105 2067 φαλακρὸν
1135 1995 1390 2065 λέγομεν,
1421 1993 1510 2047 διά
1540 1992 1633 2045 τὸν
1660 1992 1774 2043 Σω-

192 2094 401 2163 κράτην
420 2107 436 2123 ο
469 2091 662 2163 ὥσπερ
695 2089 921 2159 είπομεν
950 2090 1014 2143 ἑκ
1037 2087 1131 2143 τοῦ
1184 2085 1473 2158 ἀνθρώπου
1505 2084 1773 2155 κεκληρο-

192 2182 493 2253 νομηκέναι
548 2182 648 2253 τὴν
704 2180 1026 2251 γρυπότητα
1076 2180 1174 2233 καὶ
1226 2177 1327 2250 τὴν
1363 2177 1771 2247 φαλακρότητα.

192 2275 315 2327 Τῶν
341 2273 525 2327 τοίνυν
570 2272 670 2344 τὴν
710 2271 805 2325 τοῦ
836 2270 971 2325 Θεοῦ
999 2271 1175 2338 Λόγου
1217 2270 1517 2322 ὑπόστασιν
1547 2266 1653 2320 άπὸ
1681 2263 1774 2318 τοῦ

192 2361 533 2435 ἀνθρωπείου
565 2361 910 2432 φυράματος,
945 2358 1034 2415 διὰ
1056 2360 1155 2431 τὴν
1184 2357 1303 2412 καθ’
1330 2358 1625 2412 ὑπόστασιν
1644 2355 1777 2407 ἒνω-

195 2469 279 2507 σιν
313 2452 781 2532 δεδραμηκότων,’
825 2450 980 2504 ούδὲν
1017 2450 1327 2504 παντάπασι
1371 2448 1495 2501 οῦτε
1524 2446 1776 2516 δυνάμει,

193 2543 318 2598 οὔτε
349 2544 605 2617 ἐνεργείᾳ
628 2544 686 2596 ἒν
707 2546 774 2613 τῇ
802 2541 1045 2613 ἀκτίστῳ
1076 2542 1172 2597 καὶ
1207 2539 1486 2610 ἀσωμάτῳ
1515 2539 1608 2592 καὶ
1632 2540 1777 2593 ἀπα-

194 2635 281 2689 θεῖ
312 2636 434 2706 θείᾳ
472 2634 633 2703 φύσει
674 2629 764 2705 ἦν.
799 2631 1008 2686 Τούτου
1054 2632 1113 2685 δὲ
1154 2633 1363 2685 εἵνεκεν
1404 2632 1432 2683 ὁ
1479 2629 1576 2699 μὲν
1609 2628 1778 2691 ἀΐδιος

197 2724 580 2796 σεσαρκῶσθαί
619 2741 678 2777 τε
718 2722 818 2776 καὶ
854 2719 1235 2793 ἐσταυρῶσθαι
1266 2718 1363 2774 καὶ
1406 2716 1659 2770 τεθνάναι
1687 2714 1778 2768 te.

195 2832 377 2886 γεται.
422 2817 485 2869 Ἥ
514 2816 570 2869 δὲ
612 2812 730 2868 θεία
762 2812 926 2883 φύσις
958 2811 1232 2882 οὐδαμῶς,
1270 2811 1319 2863 εἰ
1352 2808 1450 2862 καὶ
1479 2807 1779 2870 ὑπόστασις

199 2907 373 2976 αὐτῆς
398 2905 738 2977 καθέστηκεν
768 2900 925 2959 οὖσα.

272 3000 332 3052 Ei
357 3000 415 3053 δέ
437 3016 518 3061 τις
544 2997 735 3051 ἑαυτὸν
768 2994 929 3065 αίτιῷ
951 2993 1015 3049 τδ
1040 2995 1087 3028 ⁸⁸
1122 2992 1290 3066 βραδὺ
1338 2997 1417 3060 είς
1452 2996 1777 3069 κατανόησιν

198 3085 468 3144 εἶναιτῶν
506 3086 839 3157 εἰρημένων,
870 3084 966 3138 καὶ
982 3084 1076 3138 τὸν
1113 3085 1344 3138 ἑκάστου
1370 3087 1493 3140 νοῦν
1526 3087 1672 3155 λέγοι
1702 3086 1778 3159 μὴ

200 3178 629 3249 παραδέχεσθαι,
678 3177 839 3245 δπιρ,
872 3175 906 3246 ἠ
947 3174 1069 3227 θεία
1110 3172 1271 3243 φύσις
1296 3170 1429 3229 οὖσα
1456 3177 1513 3229 ὲν
1541 3179 1609 3248 τῇ
1640 3178 1775 3230 ὑπο·-

199 3273 387 3326 στάσει
435 3268 530 3321 τοῦ
564 3264 697 3320 Υῖοῦ
725 3265 1124 3337 ὐμετακίνητός
1155 3282 1216 3318 τε
1247 3267 1344 3319 καὶ
1378 3265 1682 3338 άχὼρητος,
1713 3268 1776 3321 οὑ

199 3362 541 3431 συμπάσχων
589 3358 726 3428 αὑτῇ
757 3357 1041 3429 πασχούσῃ
1076 3357 1169 3410 καὶ
1200 3358 1600 3428 άπογινομένου
1632 3359 1776 3423 τινος

198 3455 259 3505 ιν
299 3454 371 3522 τῇ.
395 3449 709 3513 ὑποστάσει,
745 3449 807 3501 οὑ
842 3447 1060 3517 λέγεται
1110 3446 1271 3501 τοῦτο
1309 3449 1401 3501 καὶ
1435 3451 1492 3502 ὲν
1516 3451 1583 3520 τῇ
1618 3450 1776 3517 φύσει

196 3545 503 3614 γεγονέναι,
546 3543 612 3612 τῇ
667 3540 743 3611 μὴ
786 3538 1106 3613 διισταμένης]
1154 3541 1253 3609 τῆς
1281 3538 1635 3604 ὑποστάσεως
1682 3540 1775 3594 τοῦ

197 3636 367 3690 ἁῖδξου
421 3632 575 3686 Υίοῦο
620 3633 782 3702 ἡμεῖς
835 3629 897 3683 τὺ
941 3629 1146 3699 ἄπορον
1190 3628 1580 3694 ὲπιλύσαντες,
1625 3628 1778 3701 ταχί-

201 3742 333 3795 στην
376 3722 524 3795 αὑτῷ
565 3724 666 3793 τὴν
704 3720 1006 3792 θεραπείαν
1046 3718 1342 3788 ἐπάξομεν,
1388 3720 1453 3771 ἐκ
1492 3718 1601 3772 τῶν
1649 3736 1774 3773 συν-

198 3818 414 3889 τρόφων
458 3815 552 3871 καὶ
582 3814 712 3868 τῶν
740 3815 798 3866 ὲν
826 3812 1017 3883 χερσὶν
1057 3810 1355 3881 δρωμένων
1379 3809 1478 3881 τὴν
1502 3810 1774 3876 ἀπόδειξιν

198 3907 535 3973 ποιούμενοι.
556 3899 728 3957 Οἶσθα
753 3903 992 3966 πάντως,
1031 3893 1079 3953 ὦ
1102 3894 1281 3967 οὗτος,
1301 3899 1377 3964 ὡς
1406 3901 1639 3965 ἕκαστος
1664 3900 1775 3955 τῶν

197 3996 505 4067 ἀνθρώπων
561 3996 626 4047 ὲκ
672 3992 853 4064 ψυχῆς
903 3991 1072 4046 άΰλου
1138 3991 1234 4045 καὶ
1287 3990 1537 4061 σώματος
1585 3989 1773 4045 ὑλικοῦ

200 4085 508 4155 σύγκειται,
543 4085 842 4156 Σωκράτης
869 4121 885 4148 ,
911 4083 1043 4154 φέρε
1077 4084 1274 4149 εἰπεῖν,
1306 4083 1340 4155 ἢ
1371 4083 1598 4139 Πλάτων
1629 4100 1643 4116 ο
1677 4085 1774 4138 καὶ

197 4179 274 4241 ὡς
299 4178 506 4230 ἔνεστιν
537 4175 686 4245 αὐτῷ
727 4177 760 4245 ἡ
789 4174 936 4245 ψυχὴ
964 4174 1059 4228 τοῦ
1086 4175 1435 4245 Σωκράτους,
1481 4177 1578 4230 ἀπ’
1604 4175 1769 4231 αὑτοῦ

196 4269 547 4340 χωρισθεῖσα,
596 4267 688 4321 τὸν
726 4267 1025 4337 Σωκράτην
1059 4266 1241 4335 μένειν
1284 4266 1568 4322 ἀδύνατον.
1606 4268 1773 4335 Λέγε-

1872 454 1923 506 in
1946 463 2166 517 natura,
2223 451 2388 522 inque
2419 463 2658 520 persona
2716 456 2845 500 actu
2880 445 3246 516 deprehensa,
3293 456 3446 502 recte

1870 560 1899 598 a
1927 560 2159 614 persona
2191 543 2257 597 ad
2285 552 2538 597 naturam
2590 538 2929 595 inferuntur.
2973 528 3127 591 Haud
3152 537 3445 593 dissimili-

1870 645 1972 702 ter,
2032 650 2155 689 cum
2184 635 2386 689 divisio
2417 633 2726 703 specierum
2767 631 2821 685 in
2845 644 3042 699 genere
3077 630 3148 685 sit
3176 630 3442 699 potentia,

1871 728 1927 783 itt
1970 727 2266 797 speciebus
2312 741 2448 782 vero
2485 726 2598 795 jam
2652 734 2777 779 actu
2828 725 2971 794 ipso,
3030 722 3243 774 ratione
3299 719 3355 774 fit
3386 729 3444 774 ut

1871 835 1900 873 a
1934 818 2222 888 speciebus
2257 817 2325 871 ad
2366 832 2540 887 genus
2594 813 2889 869 inferatur.
2925 813 3043 879 Quo
3095 813 3276 874 modo,
3320 826 3444 864 (ιιιιι

1868 911 1931 964 τὸ
1983 909 2251 964 rationale
2317 908 2391 963 sit
2432 909 2490 962 in
2539 907 2761 961 animali
2808 904 3073 976 potentia,
3114 904 3168 957 in
3227 904 3446 957 homine

1871 1016 2001 1055 vero
2064 1009 2223 1065 actu;
2263 999 2501 1054 dicimus
2542 997 2743 1052 animal
2774 994 3043 1050 rationale
3093 992 3443 1051 secundario.

1872 1094 2016 1164 quod
2051 1094 2211 1146 homo
2237 1092 2308 1147 sit
2330 1090 2632 1144 rationalis.
2665 1089 2745 1141 Ad
2785 1089 2919 1151 hinc,
2975 1084 3438 1155 quemadmodum

1870 1180 2191 1236 differentia:
2228 1179 2446 1249 proprie
2473 1176 2960 1242 cbaracteristicm,
2997 1190 3120 1244 qua:
3173 1175 3446 1244 cujusque

1873 1269 2157 1325 hominum
2204 1280 2330 1323 sunt
2360 1282 2629 1338 personae,
2660 1266 2907 1336 potentia
2955 1265 3176 1337 quidem
3208 1281 3446 1320 cernun-

1873 1370 1962 1417 tur
2005 1363 2061 1416 in
2117 1362 2367 1422 homine.
2401 1361 2455 1414 in
2488 1359 2713 1413 Socrate
2763 1373 2893 1413 vero
2940 1366 2995 1413 et
3042 1357 3273 1411 Platone
3326 1358 3446 1410 fue-

1873 1463 2004 1512 runt
2035 1464 2198 1519 artu;
2253 1466 2387 1508 tunc
2435 1467 2653 1523 quoque
2685 1465 2967 1521 apersona
2994 1450 3109 1505 sive
3140 1450 3443 1514 individuo,

1874 1553 1971 1602 aut
2003 1563 2031 1600 a
2064 1546 2291 1601 Suet-ate
2320 1544 2386 1603 ad
2421 1543 2695 1599 hominem
2723 1540 3058 1597 referuntur.
3126 1538 3217 1595 Sic
3251 1540 3439 1595 Socra-

1877 1642 1982 1692 tem
2020 1636 2258 1701 dicimus
2306 1636 2509 1689 habere
2542 1649 2737 1688 nasum
2775 1633 3074 1697 aduncum,
3111 1641 3205 1686 aut
3230 1633 3444 1687 calvum

1874 1746 2033 1797 esse;
2061 1728 2391 1786 sccundario
2428 1736 2636 1793 autem,
2666 1738 2888 1797 propter
2920 1725 3231 1791 Socratem,
3262 1727 3446 1796 ipsum
3486 1732 3503 1757 ’

1874 1823 2154 1877 hominem
2187 1816 2311 1877 esse
2334 1820 2455 1875 nasi
2489 1820 2687 1873 adunci
2708 1830 2800 1873 aut
2824 1819 3039 1874 calvum
3067 1818 3443 1888 perhibemus,

1876 1922 2035 1982 prout
2062 1914 2129 1967 ab
2151 1912 2373 1967 homine
2394 1910 2805 1965 cnuutiavimus
2836 1896 3114 1978 accepisse
3149 1909 3294 1961 illam
3331 1909 3446 1961 Itani

1874 2003 2290 2067 aduncitatem,
2344 2002 2431 2056 vel
2482 2001 2630 2054 illam
2695 1999 2994 2054 calvitiem.
3053 1996 3445 2055 Verumtamen

1874 2097 2119 2154 omnium
2147 2096 2365 2163 horum,
2399 2107 2743 2164 quaecunque
2777 2092 2873 2147 Dei
2899 2091 3072 2161 Λόγου
3103 2106 3349 2161 persome
3382 2091 3449 2145 ab

1875 2188 2117 2245 humana
2154 2203 2354 2252 massa,
2388 2195 2611 2257 propter
2662 2186 2916 2239 unionem
2967 2185 3332 2256 personalem,
3359 2199 3450 2239 ac-

1876 2290 2196 2337 cessserunt
2216 2317 2231 2339 .
2260 2277 2399 2333 nihil
2429 2292 2670 2346 unquam
2702 2276 3022 2347 quidquam,
3046 2292 3223 2347 neque
3257 2287 3449 2347 poten-

1879 2373 1979 2439 tia,
2033 2386 2211 2439 neque
2269 2379 2417 2431 actu,
2495 2369 2545 2422 in
2609 2382 2714 2421 non
2751 2377 2957 2429 creata,
3021 2382 3128 2420 non
3164 2383 3449 2433 corporea,

1879 2478 1989 2517 non
2028 2460 2236 2531 patibili
2298 2468 2415 2514 erat
2460 2459 2646 2514 divina
2699 2468 2916 2512 natura.
2942 2456 3116 2528 Hujus
3152 2459 3227 2513 rei
3276 2461 3452 2529 gratia

1878 2563 2139 2606 :eternum
2162 2566 2292 2606 sane
2314 2550 2514 2605 Filium
2543 2550 2779 2605 dicimus
2808 2564 3029 2605 carnem
3059 2551 3451 2620 assumpsisse,

1879 2646 2206 2700 cruciﬁxum
2234 2651 2288 2698 et
2327 2650 2604 2706 mortuum
2648 2657 2802 2705 esse;
2838 2640 3064 2696 minime
3114 2654 3264 2705 vero,
3292 2649 3453 2694 natu-

1880 2750 1997 2787 ram
2045 2732 2309 2797 divinam,
2345 2731 2596 2802 quamvis
2651 2730 2781 2784 talia
2818 2744 3069 2801 persona:
3098 2730 3218 2800 ejus
3245 2729 3453 2802 obtige-

1878 2824 2015 2878 rint.

1804 3036 1850 3099 ϐ
1952 2998 2107 3064 Quod
2138 2998 2183 3052 si
2208 2996 2446 3067 seipsum
2500 2993 2698 3065 aliquis
2743 3001 2969 3067 arguat,
3004 3010 3063 3050 se
3098 2994 3316 3049 anubis
3366 2995 3450 3051 di-

1880 3096 1967 3143 cta
1990 3087 2479 3157 tardius'assequi,
2518 3096 2685 3156 atque
2713 3086 2914 3154 objici;
2948 3101 3012 3140 ac
3030 3102 3133 3140 non
3164 3087 3324 3142 facile
3354 3105 3451 3143 cu-

1873 3182 2185 3253 juscunque
2233 3179 2452 3235 tandem
2515 3194 2714 3250 capere
2763 3190 3022 3242 tuentem,
3062 3194 3233 3248 quare
3264 3180 3450 3233 divina

1881 3281 2095 3338 natura,
2152 3286 2275 3325 cum
2332 3270 2386 3324 in
2447 3285 2682 3340 persona
2741 3268 2865 3323 Filii
2920 3269 3085 3323 fuerit
3124 3269 3344 3323 immota
3397 3280 3453 3327 tt

1878 3378 1987 3417 non
2023 3368 2275 3432 separata
2297 3402 2311 3423 ,
2363 3375 2469 3414 non
2534 3375 2693 3430 passa
2728 3358 2913 3426 fuerit,
2946 3376 3068 3414 eum
3096 3361 3199 3415 ista
3233 3369 3450 3431 patere-

1877 3462 2000 3520 tur;
2034 3468 2158 3508 cum
2188 3514 2189 3517 η
2226 3451 2432 3521 aliquid
2465 3450 2521 3505 in
2556 3465 2790 3522 persona
2848 3462 3257 3523 corrumpatur.
3304 3454 3449 3511 idem

1877 3556 2056 3601 tamen
2087 3545 2250 3599 etiam
2292 3560 2400 3598 non
2456 3542 2673 3598 dicatur
2714 3541 2967 3597 evenisse
2994 3542 3048 3596 in
3081 3552 3296 3609 natura,
3328 3561 3451 3614 quae

1876 3637 2010 3692 nihil
2049 3634 2318 3690 differata
2349 3648 2585 3703 persona
2627 3634 2819 3688 aeterni
2871 3631 3015 3688 Filii.
3060 3633 3173 3688 Nos
3221 3635 3451 3693 dubium

1875 3726 2221 3797 explicaturi,
2251 3725 2542 3779 confestim
2572 3724 2649 3778 illi
2683 3725 2979 3779 remedium
3042 3726 3451 3794 adhibebimust

1875 3833 1988 3873 rem
2047 3812 2475 3870 demonstraturi
2517 3826 2615 3881 per
2661 3811 2972 3874 familiaria,
3037 3828 3266 3883 qumque
3323 3823 3454 3868 ante

1873 3907 2062 3964 oculos
2121 3918 2426 3974 manusque
2458 3902 2739 3957 cernimus
2769 3902 3038 3971 quotidie.
3099 3904 3324 3957 Abunde
3348 3921 3453 3957 nos

1874 3998 1971 4061 sti,
1996 3997 2246 4068 quisquis
2282 4010 2364 4059 es,
2398 3992 2647 4046 homines
2689 4007 2880 4045 omnes
2912 4007 2978 4045 ex
3015 3994 3193 4046 anima
3252 3996 3450 4048 imma‘

1874 4090 2076 4153 teriali.
2109 4096 2162 4143 et
2197 4100 2429 4156 corpore
2473 4083 2741 4139 matcriali
2785 4084 3080 4153 componi:
3116 4085 3266 4140 verbi
3330 4102 3453 4155 graq

1874 4184 1948 4237 tia
2001 4178 2312 4240 Socratem,
2366 4182 2464 4230 aut
2520 4172 2799 4228 Platonem
2834 4182 2963 4241 ;ct,
2992 4176 3455 4243 quemadmodum

1874 4275 1953 4329 illi
2017 4272 2158 4326 inest
2203 4269 2385 4323 anima
2447 4266 2709 4330 Socratis,
2741 4268 2785 4321 si
2812 4276 3099 4336 separetur
3131 4268 3198 4322 ab
3230 4284 3316 4333 eo,
3350 4271 3451 4321 Si)".

193 4376 287 4414 ται.
313 4360 370 4412 δὲ
397 4359 694 4428 Σωκράτης
748 4356 1076 4421 αὐξάνεσθαί
1109 4373 1167 4409 τε
1192 4358 1207 4388 ⁸
1255 4358 1320 4410 ὲκ
1354 4357 1554 4427 μικροῦ
1603 4356 1771 4427 μέγας

1880 4368 2085 4416 cratem
2137 4371 2357 4412 manere
2411 4355 2751 4435 impossibile
2782 4367 2885 4410 est.
2921 4354 3119 4410 Dicunt
3166 4340 3485 4413 nilnlumi-'

194 4448 508 4520 γίγνεσθαι,
554 4446 852 4518 τέμνεσθαι
886 4446 919 4517 ἢ
950 4447 1223 4511 καίεσθαι,
1254 4448 1354 4518 τῆς
1395 4448 1568 4519 αὐτῆς
1596 4449 1776 4519 ψυχῆς

197 4541 367 4614 μηδὲν
390 4540 593 4593 τούτων
619 4540 1015 4611 ὑφισταμένης,
1047 4540 1124 4603 ὠς
1158 4541 1322 4593 πᾶσιν
1368 4537 1612 4610 εὔδηλον.
1639 4541 1775 4594 Τοῦ-

192 4649 288 4689 τον
327 4630 423 4686 οὖν
465 4632 558 4685 τὸν
605 4630 807 4702 τρόπον
838 4632 1175 4701 κατηγορεῖ¹
1206 4631 1298 4685 τοῦ
1349 4632 1522 4685 ἀϊδίου
1551 4632 1683 4685 Υἱοῦ
1713 4632 1775 4686 τὸ

191 4725 527 4796 προκόπτειν
581 4724 746 4793 σαρκὶ
779 4723 876 4775 καὶ
926 4721 1276 4786 αὐξάνεσθαι,
1330 4724 1422 4776 καὶ
1471 4721 1527 4774 εί
1561 4740 1612 4775 τι
1645 4721 1775 4776 ἄλλο

190 4816 435 4871 τοιοῦτον
464 4813 828 4886 ἀνθρώπειον,
860 4812 1088 4883 μηδενὸς
1111 4812 1319 4867 τούτων
1361 4816 1428 4883 τῇ
1469 4814 1624 4885 θεῖκῇ
1671 4815 1773 4883 φύ-

193 4923 277 4961 σει
324 4905 812 4977 προσαπτομένου,
859 4903 1049 4974 ὥσπερ
1093 4904 1212 4957 οὑδὲ
1264 4904 1360 4957 τοῦ
1424 4901 1767 4976 Σωκράτους.

190 4995 381 5065 Ποῦ.λῷ
405 4995 605 5065 μᾶλλον
629 4993 802 5058 οὓτως
817 4994 941 5048 οὑδὲ
965 4994 1064 5064 τῆς
1093 4992 1372 5066 ἀκηράτου
1398 4993 1611 5062 φύσεως
1637 5010 1771 5046 κατ-

188 5085 603 5157 ηγορηθήσεται
676 5086 745 5139 τὰ
793 5084 1227 5157 ὃσαθσαρκικῶς
1268 5082 1362 5137 τοῦ
1414 5084 1585 5136 ἀϊδίου
1642 5084 1770 5136 Υίοῦ

188 5179 280 5233 διὰ
308 5179 408 5249 τὴν
438 5176 743 5248 πρόσληψίν
776 5179 925 5231 ἐστιν
955 5175 1431 5246 κατηγορούμενα.
1473 5176 1685 5246 Ὥσπερ
1709 5176 1768 5228 δὲ

189 5268 462 5336 λεγόντων
490 5266 647 5338 ἡμῶν
673 5266 981 5337 τετμῆσθαι
1014 5268 1334 5338 Σωκράτην,
1360 5268 1461 5320 οὑκ
1478 5266 1648 5338 αὑτὴν
1670 5265 1765 5320 τοῦ

189 5359 518 5429 Σωκράτους
554 5356 751 5429 ψυχὴν,
779 5358 914 5413 ἀλλὰ
940 5358 1002 5414 τδ
1036 5359 1194 5429 σῶμα
1237 5359 1581 5430 τετμημένον
1626 5355 1766 5414 εἶναι

1875 4467 1977 4507 nus
2037 4449 2315 4504 Socratem
2367 4461 2641 4511 crescere,
2672 4462 2736 4500 cx
2770 4461 2935 4516 parvo
2988 4447 3103 4501 lit-ri
3165 4465 3449 4520 magnum,

1874 4547 2072 4611 secari,
2104 4545 2220 4612 uri;
2260 4544 2443 4597 anima
2479 4543 2596 4612 ipsa
2654 4544 2793 4597 nihil
2816 4544 3086 4612 ejusmodi
3123 4546 3447 4613 sulla'rente,

1873 4651 1930 4694 ut
1962 4635 2163 4693 nemini
2215 4636 2513 4690 obscurum
2552 4642 2656 4700 est,
2688 4650 2866 4704 neque
2896 4637 3303 4693 absconditum.
3336 4638 3448 4695 liae

1873 4732 2085 4785 ratione
2145 4729 2398 4800 igiturde
2432 4736 2636 4782 aeterno
2704 4725 2843 4781 Filio
2891 4730 3241 4798 pradieatnr,
3299 4734 3446 4801 quod

1872 4818 2149 4887 proficiat,
2198 4815 2345 4887 quod
2400 4831 2631 4886 corpore
2683 4817 3081 4873 incrementum
3131 4821 3334 4890 capiat,
3388 4836 3444 4879 et

1870 4912 1914 4962 si
1942 4909 2069 4979 quid
2102 4909 2250 4963 aliud
2302 4896 2598 4963 hu‘manunt
2633 4920 2754 4976 est;
2791 4919 2849 4963 ut
2874 4910 3010 4965 nihil
3044 4928 3223 4966 rerum
3257 4915 3446 4970 talium

1871 5001 2147 5055 agllzzcreat
2192 5001 2643 5071 diviuatjnaturaz,
2679 5002 2840 5056 veluti
2873 5018 2938 5058 ne
2974 5013 3181 5060 natura:
3224 5007 3443 5076 quidem

1870 5089 2136 5144 Socratis.
2194 5088 2336 5156 Quin
2371 5092 2651 5159 potiusita
2676 5092 2742 5146 de
2768 5094 3060 5147 immortali
3119 5107 3312 5150 natura
3342 5100 3444 5149 tui-

1872 5179 2019 5233 nime
2053 5180 2217 5232 etiam
2251 5181 2716 5249 pra'dicabuutur,
2747 5198 3090 5252 quaecunque
3148 5187 3444 5239 carnaliter

1871 5268 1939 5321 de
1968 5275 2174 5322 teterno
2201 5268 2359 5335 Filio,
2384 5279 2603 5340 propter
2630 5272 3059 5341 assutnptioncm
3092 5275 3273 5328 carnis
3302 5291 3442 5345 prac—

1873 5359 2149 5414 dicantur.
2201 5360 2374 5427 Sicut,
2405 5362 2626 5431 quando
2659 5362 2822 5419 verba
2856 5361 3089 5420 facimus
3120 5363 3186 5420 de
3217 5363 3447 5423 Socrati.)

1458 5512 1695 5568 VARIE.
1739 5513 2143 5572 LECTlONES.

256 5614 300 5662 ’θ
330 5626 493 5683 Forte
521 5628 668 5702 ἑξῆς.
729 5631 774 5664 ’⁸
806 5631 969 5687 Forte
1002 5629 1274 5702 ἐνεργείᾳ.
1334 5632 1379 5664 θ’
1396 5633 1654 5724 ,αἱτιῷτω
1735 5636 1750 5665 ¹
1787 5635 1918 5707 Leg.
1951 5653 2008 5688 τε
2043 5636 2155 5689 καί.
2214 5641 2232 5668 ¹
2267 5637 2390 5707 ch.
2421 5642 2828 5710 κατηγορεῖται.
