3928 6130
225 230 360 336 tc-oa

1463 266 1563 328 DE
1623 267 2213 328 INCARNATIONE.

3294 342 3299 345 Α
3331 262 3469 343 tam

301 388 368 442 Ἦ
391 388 573 459 μέντοι
592 389 702 443 τῶν
720 387 813 444 δύο
831 383 1048 461 φῦσεων
1072 387 1287 449 ἓνωσις,
1312 385 1412 457 τῆς
1429 385 1686 458 θεότητος
1709 404 1791 451 τε,

1968 383 2210 439 Duarum
2240 388 2585 448 naturarum,
2603 379 2933 446 divinitatis.
2955 380 3267 454 lnquam,et
3285 382 3470 436 hlltlm-

217 494 292 547 φη
302 477 384 548 μὶ,
406 479 503 531 καὶ
544 477 641 532 ἀνθ
650 479 985 550 ρωπότητος,
1012 477 1185 542 οὓτως
1209 478 1267 530 ὲν
1288 478 1354 548 τῇ
1380 477 1672 531 ὑποστάσει
1696 476 1791 530 τοῦ

220 567 544 636 μονογενοῦς
563 566 660 621 τοῦ
690 569 862 624 ἀϊδίου
890 567 1019 623 Υίοῦ
1042 566 1137 622 τοῦ
1161 566 1298 621 Θεοῦ
1322 566 1543 637 λέγεται
1573 566 1795 635 γεγονὲ-

218 673 328 723 ναι,
360 657 486 731 δίχα
514 660 721 730 τροπῆς
752 660 847 716 καὶ
877 658 1095 732 φυρμοῦ
1123 658 1218 713 καὶ
1242 657 1557 729 συγχύσεως
1575 674 1590 690 ο
1622 658 1699 722 ὡς
1724 653 1793 729 ἦν

222 747 323 818 μὲν
348 748 379 802 ὀ
412 749 747 822 συνάναρχος
773 750 853 823 τῷ
879 751 1055 821 Πατρὶ
1087 751 1183 805 καὶ
1214 749 1503 815 ωναῖδιος,
1538 748 1613 820 μὴ
1653 748 1797 822 ἔχων

218 837 280 892 ιν
309 841 378 911 τῇ
422 839 646 911 ἰδιότητι
673 840 839 895 αὐτοῦ
891 836 1055 911 φύσιν
1088 840 1282 912 ἑτέραν
1311 840 1794 913 κατηγορουμένην

219 930 384 984 αὑτοῦ
420 931 571 1002 παρά
618 932 717 1003 τὴν
765 932 915 987 θείαν
961 933 1260 1003 πατρικὴν,
1306 932 1403 1002 τὴν
1432 922 1705 986 ἀκτιστόν
1734 947 1791 982 τε

150 1061 167 1079 ,
221 1020 314 1072 καὶ
339 1019 788 1091 ἀπερίγρατιτον⁸
819 1020 906 1073 διὰ
945 1020 1001 1073 δὲ
1048 1018 1253 1088 πλῆθος
1285 1018 1468 1079 ἐλέους
1496 1016 1590 1070 καὶ
1616 1015 1797 1084 φιλαν-

220 1109 465 1180 θρωπίαν
504 1110 731 1179 ἄφατον,
775 1110 846 1164 δι’
885 1110 1162 1180 ἡμετέραν
1208 1108 1480 1177 σωτηρίαν
1521 1105 1609 1159 ἐπ’
1638 1107 1797 1177 ἐσχά-

218 1218 328 1253 των
354 1201 462 1255 τῶν
498 1202 724 1273 ἡμερῶν
750 1199 1129 1271 κατεληλυθὼς
1166 1200 1225 1264 ἐξ
1257 1197 1509 1269 οὐρανοῦ,
1539 1198 1661 1251 ὅθεν
1696 1199 1795 1250 οὐκ

222 1292 437 1364 ἀπέστη
464 1297 529 1365 τῇ
562 1296 741 1348 πάντα
770 1292 1051 1365 πληρδύσῃ
1090 1293 1324 1362 θεότητι,
1360 1293 1455 1345 καὶ
1494 1291 1796 1362 σαρκωθεὶς

1911 475 2103 531 nitatis
2134 475 2287 540 unio,
2320 475 2376 531 in
2402 488 2634 545 persona
2687 473 2957 545 unigeniti
2987 474 3175 530 aeterni
3213 471 3335 527 Filii
3372 473 3465 525 Dt-t

1897 568 1979 624 sic
2005 567 2148 623 facta
2170 582 2295 624 esse
2311 567 2604 633 dieitur,ut
2628 566 2777 621 nulla
2804 566 2943 621 foret
2962 582 3061 621 uec
3086 566 3338 631 mutatio,
3367 583 3468 621 nec

1894 658 2148 725 mistura,
2175 673 2275 714 nec
2299 658 2583 722 confusio;
2601 667 2750 713 esset
2774 658 2894 713 sine
2916 657 3187 727 principio
3203 667 3262 711 ut
3282 655 3464 720 Pater,

1898 755 1954 802 et
1983 756 2290 804 coaeternus
2317 745 2526 815 Filius;
2582 764 2779 818 neque,
2803 747 2850 802 si
2906 750 3295 818 preprietatem
3345 748 3469 818 ejus

1898 846 2132 905 spectes,
2160 838 2263 891 alia
2278 841 2345 893 de
2365 839 2483 921 ipso
2512 828 2904 909 praedicaretur
2924 848 3140 904 natura,
3174 854 3338 909 quam
3378 838 3469 895 di-

1898 928 2020 980 vina
2052 937 2303 998 paterna,
2337 946 2444 984 non
2475 938 2680 992 errata,
2709 946 2816 984 non
2855 931 3294 1000 circumscripta.
3337 930 3468 984 Prn-

1897 1026 2017 1088 pter
2056 1020 2447 1074 misericordias
2493 1036 2618 1075 vero
2642 1021 3093 1091 magnitudinem,
3129 1030 3182 1076 et
3210 1022 3468 1077 humani-

1900 1114 2063 1160 tatem
2122 1107 2269 1160 nulla
2327 1108 2620 1163 verborum
2679 1111 2836 1180 copia
2885 1112 3319 1182 exprimendam,
3377 1128 3472 1181 pt'r

1897 1199 2013 1253 dies
2038 1200 2286 1266 ultimos,
2324 1208 2383 1254 ut
2415 1203 2646 1257 salutem
2682 1204 2842 1260 nobis
2897 1205 3206 1276 largiretur,
3232 1207 3465 1261 descen-

1895 1289 1976 1342 dit
2002 1303 2034 1344 e
2057 1292 2221 1356 coelo,
2252 1292 2399 1347 unde
2428 1294 2631 1349 deitate
2654 1309 2754 1351 sua
2781 1297 2966 1350 omnia
3021 1296 3280 1366 implente.
3318 1315 3428 1352 nun
3448 1329 3463 1338 -

220 1384 283 1437 ἐκ
325 1385 640 1455 Πνεὺματος
682 1385 840 1454 ἀγίου
869 1384 965 1439 καὶ
992 1384 1090 1454 τῆς
1137 1384 1483 1453 παναμώμου
1528 1382 1624 1435 καὶ
1654 1382 1796 1434 Ἀει-

1900 1395 2061 1449 quam
2087 1380 2285 1446 abfuit,
2313 1385 2477 1447 homo
2501 1383 2677 1442 factus
2698 1397 2784 1441 est
2807 1403 2902 1457 per
2925 1388 3185 1458 Spiritum
3211 1398 3463 1444 sanctum

223 1474 492 1542 παρθένου
532 1477 773 1545 Μαρίας,
819 1476 976 1545 ἔσχεν
999 1477 1058 1529 ὲν
1092 1474 1241 1544 αὐτῷ
1281 1473 1491 1526 τελείαν
1520 1472 1614 1526 καὶ
1642 1473 1796 1525 ἀνελ-

1900 1481 1951 1524 et
1986 1471 2389 1528 imntarulatatn
2433 1490 2755 1546 semperque
2782 1476 3063 1550 Virginem
3100 1479 3347 1544 Mariam,
3387 1492 3466 1535 te-

221 1565 353 1637 λιπῆ
385 1566 483 1639 τὴν
519 1568 743 1637 κτιστὴν
790 1568 887 1621 καὶ
912 1567 1161 1638 παθητὴν
1210 1566 1306 1619 καὶ
1344 1563 1683 1635 ἀνθρώπειον
1705 1565 1796 1616 οὺ-

1900 1561 2021 1614 nuit
2047 1562 2372 1631 perfectam,
2393 1573 2446 1619 et
2471 1566 2557 1619 cui
2587 1566 2725 1620 nihil
2750 1566 2927 1631 deest,
2957 1570 3247 1623 humanam
3281 1584 3469 1624 essen-

224 1654 368 1718 σίαν,
397 1656 883 1727 κατηγορουμένην
912 1655 1102 1719 αὐτοῦ,
1142 1654 1325 1718 καθὼς
1352 1656 1444 1708 καὶ
1472 1655 1506 1723 ἡ
1536 1653 1656 1707 θεία
1696 1655 1798 1723 φύν

1902 1652 2054 1716 tiam,
2102 1668 2223 1722 qua:
2247 1654 2457 1724 deipso
2517 1654 2850 1723 praedicatur
2914 1659 3138 1729 perinde
3176 1674 3240 1714 ac
3274 1667 3466 1713 natura

224 1764 326 1811 σις.
373 1747 524 1801 Ἐπεὶ
561 1744 653 1802 οὖν
683 1751 740 1802 ἐν
775 1748 925 1819 αὐτῷ
950 1747 1211 1817 συνῆλθον
1240 1748 1296 1800 αἱ
1321 1746 1415 1800 δύο
1449 1746 1663 1815 φύσεις,
1704 1748 1796 1799 καὶ

1901 1741 2109 1798 divina.
2154 1744 2424 1810 Quoniam
2460 1761 2591 1818 ergo
2622 1748 2677 1801 in
2699 1762 2765 1802 eo
2794 1756 3172 1804 convenerunt
3222 1751 3342 1804 dum
3367 1768 3466 1805 na—

222 1835 353 1905 ὁμοῦ
382 1835 504 1888 κατ’
528 1835 694 1889 αὑτοῦ
741 1835 1194 1908 κατηγοροῦνται,
1244 1835 1383 1905 μετὰ
1430 1835 1648 1887 πάντων
1690 1836 1797 1889 τῶν

225 1927 467 1995 φυσικῶν
492 1929 673 1982 αὐτῶν
699 1928 1027 1999 ἰδιωμάτων,
1059 1929 1148 1982 διὰ
1172 1926 1332 1980 τοῦτο
1360 1926 1607 1996 λέγονται
1632 1927 1798 1998 ᾅμφω

222 2021 279 2071 ὲν
330 2018 588 2090 ἀλλήλαις
642 2023 699 2073 ὲν
747 2020 894 2091 αὐτῷ
938 2019 1201 2090 ἡνῶσθαι,
1257 2018 1545 2090 ἀτρέπτως
1591 2036 1650 2071 τε
1703 2020 1797 2071 καὶ

222 2110 544 2180 ἀσυγχύτως
596 2112 693 2165 καὶ
742 2110 1150 2174 ἀναλλοιὼτως·
1202 2111 1340 2164 κατά
1394 2110 1520 2181 μίαν
1550 2110 1658 2180 γὰρ
1702 2113 1796 2164 καὶ

221 2201 319 2269 τὴν
367 2204 538 2273 αὐτὴν
567 2204 658 2257 τοῦ
703 2204 875 2258 ἀϊδίου
923 2203 1052 2257 Υἱοῦ
1082 2204 1378 2257 ὑπόστασιν
1427 2202 1713 2273 ἠνὼθησαν
1740 2204 1795 2255 αἱ

222 2293 314 2346 δύο
343 2294 552 2362 φύσεις.
592 2294 754 2348 Ὅθεν
783 2295 878 2348 καὶ
902 2296 929 2347 ὁ
964 2295 1127 2357 αὐτὸς
1159 2294 1327 2358 ἀΐδιος
1359 2294 1484 2357 Υἱὸς
1514 2294 1788 2364 κεχρημάο

223 2402 370 2438 τικεν
400 2385 803 2456 ἀριθμούμενος
827 2386 969 2440 κατὰ
1005 2386 1105 2457 τὴν
1156 2386 1305 2438 θείαν
1338 2384 1499 2453 φύσιν
1535 2386 1671 2455 μετά
1700 2384 1795 2438 τοῦ

226 2476 439 2546 Πατρδς
491 2477 587 2529 καὶ
635 2476 729 2529 τοῦ
773 2476 1108 2546 Πνεύματος,
1159 2478 1251 2530 καὶ
1301 2476 1419 2545 μεθ’
1448 2476 1606 2547 ἡμῶν
1654 2475 1795 2530 κατὰ

223 2570 322 2639 τὴν
355 2570 629 2639 ἡμετέραν
656 2568 1000 2640 ἀνθρωπείαν
1027 2567 1188 2637 φύσιν
1218 2569 1245 2620 ὁ
1274 2567 1432 2629 αὐτὸς
1458 2566 1795 2637 ἀριθμούμε-

227 2675 336 2724 νος,
368 2658 463 2711 καὶ
511 2657 655 2711 κατὰ
690 2657 850 2711 τοῦτο
893 2659 922 2709 ὁ
961 2657 1124 2718 αὐτὸς
1173 2657 1267 2710 καὶ
1316 2656 1454 2727 μετά
1486 2657 1583 2729 τὴν
1631 2658 1795 2712 αὑτοῦ

227 2748 661 2818 ὲνανθρώπησιν,
708 2750 802 2801 καὶ
845 2749 944 2817 τὴν
986 2748 1262 2819 ἄφραστον
1302 2747 1412 2800 τῶν
1446 2747 1641 2801 ἑαυτοῦ
1672 2766 1796 2803 συν⁶

225 2838 547 2908 δραμουσῶν
592 2838 686 2891 δύο
741 2838 957 2907 φύσεων
998 2838 1205 2909 ἄφυρόν
1256 2855 1316 2890 τε
1356 2839 1451 2891 καὶ
1493 2840 1796 2909 ἀσύγχυτον

226 2929 439 2991 ινωσιν,
472 2927 549 2992 εἷς
582 2932 696 2983 ἐστι
720 2930 829 2986 τῶν
867 2928 1187 2997 ἀνθρώπων,
1224 2928 1324 2981 οὐκ
1352 2926 1481 2981 ἄλλο
1529 2928 1622 2983 καὶ
1644 2927 1791 2992 ἄλλο,

225 3018 293 3071 δι’
333 3011 394 3072 οὗ
440 3018 780 3090 σεσὼσμεοα,
830 3019 925 3071 καὶ
959 3020 1036 3080 εἰς
1071 3018 1169 3088 τὴν
1196 3018 1430 3088 ἀρχαίαν
1483 3016 1794 3088 ἑκλήθημεν

230 3111 630 3181 μακαριότητα,
667 3112 756 3163 διὰ
792 3111 901 3162 τῶν
933 3110 1215 3181 σωτηρίων
1244 3108 1408 3162 αὐτοῦ
1438 3108 1795 3179 παθημάτων,

227 3199 321 3253 τοῦ
352 3218 412 3253 τε
444 3200 711 3265 ζωοποιοῦ
747 3200 981 3254 θανάτου
1023 3202 1119 3253 καὶ
1160 3201 1256 3269 τῆς
1299 3201 1602 3271 τριημέρου
1636 3200 1800 3253 αὐτοῦ

225 3294 436 3361 ταφῆς,
484 3293 580 3345 καὶ
629 3292 842 3363 νεκρῶν
888 3292 1270 3359 ἀναστάσεως,
1318 3292 1799 3356 ἀθανατισθέντες,

228 3384 323 3436 καὶ
354 3383 836 3453 ἀφθαρτισθέντες,
946 3385 1095 3449 δόξα,
1143 3384 1277 3455 τιμὴ
1311 3383 1404 3436 καὶ
1446 3385 1665 3454 κράτος,
1704 3387 1800 3438 σὺν

226 3473 309 3544 τῷ
330 3459 550 3546 ἀνάρξίῳ
579 3475 742 3529 αὐτοῦ
763 3478 959 3547 Πατρὶ,
986 3477 1080 3530 καὶ
1102 3474 1180 3546 τῷ
1210 3474 1467 3546 παναγίῳ
1495 3475 1797 3545 Πνεύματι,

223 3567 304 3628 εἰς
339 3567 465 3629 τοὺς
500 3567 700 3631 αἰῶνας
734 3567 840 3622 τῶν
876 3565 1109 3623 αἰώνων.
1151 3567 1344 3637 Ἀμήν.

242 3757 434 3787 5:—

444 3774 716 3789 *

1901 1841 2057 1897 turre,
2100 1845 2153 1888 et
2200 1836 2360 1889 simul
2392 1836 2459 1891 de
2486 1852 2552 1891 eo
2592 1839 2981 1907 praedicantur,
3035 1855 3159 1894 cum
3213 1842 3467 1895 omnibus

1899 1924 2139 1992 ipsarum
2171 1915 2599 1995 praprietatibus
2624 1929 2984 1996 naturalibus,
3016 1929 3277 1986 dicuntur
3301 1940 3468 1986 utra:~

1898 2030 2004 2082 que
2036 2015 2140 2070 sibi
2176 2017 2407 2071 invicem
2430 2018 2481 2070 in
2506 2033 2572 2072 eo
2596 2019 2763 2083 uniri,
2790 2010 3210 2077 immutabiliter
3260 2016 3466 2087 ttimen,

1898 2104 2191 2161 inconfuse
2213 2114 2267 2160 et
2288 2108 2707 2165 inalterabiliter
2735 2129 2748 2165 :
2773 2111 2929 2179 juxta
2958 2127 3120 2167 unam
3150 2114 3293 2168 enim
3316 2130 3467 2171 eam-

1899 2196 2135 2266 demque
2162 2212 2456 2267 personam
2517 2202 2706 2255 aeterni
2736 2200 2856 2255 Filii
2893 2203 3060 2259 unitte
3086 2215 3214 2258 sunt
3234 2204 3315 2260 hae
3347 2206 3470 2261 dua:

1898 2296 2130 2342 natum.
2192 2289 2333 2344 Hinc
2388 2290 2531 2349 idem
2568 2292 2655 2347 ille
2709 2287 2946 2349 aeternus
2973 2293 3144 2349 Filius
3167 2298 3466 2351 secundum

1900 2380 2140 2435 divinam
2175 2392 2429 2437 naturam
2464 2394 2789 2438 numeratur
2824 2400 2947 2440 cum
2998 2385 3154 2441 Patre
3178 2396 3232 2443 et
3264 2386 3467 2458 Spiritu

1901 2483 2118 2539 sancto,
2156 2483 2210 2529 et
2235 2477 2519 2531 nobiscum
2556 2478 2719 2532 etiam
2751 2487 3071 2534 numeratur
3097 2479 3251 2549 juxta
3278 2463 3471 2535 buma-

1900 2578 2025 2618 nam
2077 2574 2343 2630 nostram,
2400 2578 2791 2637 proptereaque
2819 2568 2900 2622 vel
2926 2577 3050 2638 post
3082 2577 3333 2624 naturam
3360 2570 3463 2623 hu-

1900 2671 2115 2711 manam
2148 2666 2505 2727 assumptam,
2543 2665 2597 2710 et
2630 2659 3064 2729 inexplicabilem
3095 2659 3327 2714 duarum
3344 2661 3468 2729 ejus

1898 2732 2216 2802 naturarum
2247 2750 2691 2803 concurrentium
2717 2766 2827 2805 non
2869 2752 3087 2807 mistam
3137 2766 3314 2822 neque
3336 2768 3467 2807 cou-

1898 2837 2073 2892 fusam
2109 2839 2388 2903 unionem,
2420 2840 2560 2894 idem
2582 2851 2663 2895 est
2694 2857 2838 2896 unus
2864 2842 3253 2897 sacratissimze
3277 2841 3458 2896 Trini-

1907 2929 2057 2990 tatis,
2107 2937 2272 2998 atque
2322 2931 2486 2985 etiam
2533 2931 2686 2987 idem.
2717 2945 2860 2987 unus
2888 2942 2972 2986 est
3003 2932 3308 2997 hominum,
3360 2951 3468 2988 nou

1902 3020 2046 3074 aliud
2078 3021 2379 3088 aliudque;
2410 3022 2500 3091 qui
2549 3038 2652 3077 nos
2716 3025 2958 3079 servavit
2995 3035 3050 3081 et
3086 3025 3139 3079 in
3172 3027 3464 3096 pristinam

1902 3111 2150 3164 evocavit
2173 3112 2502 3177 libertatem,
2534 3114 2625 3182 qui
2652 3129 2745 3184 per
2770 3115 3043 3173 salutares
3066 3115 3285 3171 dolores
3314 3132 3465 3177 suos,

1899 3215 1995 3269 per
2032 3207 2261 3255 mortem
2314 3201 2722 3267 viviﬁcantem,
2780 3218 2875 3273 per
2914 3205 3079 3258 trium
3124 3203 3340 3258 dierum
3385 3219 3470 3258 se-

1899 3292 2196 3361 pulturam,
2231 3307 2326 3361 per
2375 3295 2835 3349 resurrectionem
2867 3309 2897 3348 a
2925 3295 3178 3361 mortuis,
3215 3311 3313 3350 nos
3348 3296 3471 3351 red-

1900 3381 2038 3438 didit
2093 3382 2431 3441 immortales
2472 3393 2525 3439 et
2578 3384 3021 3455 incorruptibiles
3052 3426 3068 3452 ,
3121 3387 3211 3442 cui
3262 3388 3467 3457 gloria,

1903 3473 2077 3528 honor
2102 3486 2156 3529 et
2186 3484 2448 3543 potestas.
2478 3490 2600 3530 cum
2629 3475 2789 3531 Patre
2812 3478 2932 3546 ejus
2959 3477 3076 3532 sine
3107 3480 3396 3548 principio,
3416 3492 3471 3533 et

1901 3566 2250 3622 sanctissimo
2281 3567 2485 3639 Spiritu
2506 3606 2523 3631 ,
2553 3568 2606 3622 in
2638 3569 2832 3624 saecula
2881 3568 3228 3623 szeculorum.
3277 3568 3468 3623 Amen.

2919 3763 3446 3799 Μ

892 3916 996 3975 EX
1017 3915 1405 3981 CHRONICO
1450 3916 1768 3978 SYRIACO
1807 3917 2146 3981 DIONYSII
2233 3914 2762 3982 TELMABENSIS

1415 4086 2281 4179 FRAGMENTUM.

1251 4282 1416 4353 (Aug.
1436 4281 1563 4349 ita,
1585 4281 1838 4354 Spicileg.
1860 4244 2024 4342 nam.
2054 4294 2093 4340 ι.
2131 4304 2183 4355 x,
2210 4303 2266 4359 p.
2296 4286 2451 4359 225.)

306 4439 493 4495 Placet
523 4438 675 4521 nobis
723 4453 948 4521 sacram
978 4438 1151 4521 forte
1175 4439 1423 4521 paginam
1473 4455 1730 4521 occupare
1749 4443 2253 4521 narratiunculade
2273 4445 2621 4521 imprudente
2639 4435 2865 4516 quodam
2909 4447 3101 4504 Phoce.-
3132 4451 3472 4521 imperatoris

236 4510 420 4582 jussu,
451 4512 540 4582 q_ui
574 4510 1117 4582 salutaredbaptismi
1146 4511 1456 4582 mysterium
1509 4511 1791 4582 sacrilegio
1814 4519 1864 4564 et
1888 4512 2126 4582 per/idin:
2176 4510 2462 4580 invitorum
2488 4510 2825 4581 lude-brum,
2858 4530 3046 4573 contra
3075 4510 3273 4573 morém
3317 4519 3474 4576 Chri-

230 4577 427 4655 uth
454 4577 1332 4655 Efclerite,polluendunrogrulit.
1362 4577 1504 4655 _Rem_
1523 4579 1661 4655 hanc
1685 4577 1910 4655 quinque
1938 4577 2144 4655 (rran
2175 4584 2342 4639 verbis
2364 4577 2621 4655 attigerat
2646 4577 2967 4643 Auenianus
3000 4588 3137 4644 Bibl.
3171 4590 3385 4645 Orient.
3409 4590 3471 4652 ll.

226 4664 279 4728 ῃ.
312 4647 458 4703 102:
492 4648 706 4703 Pltocas
743 4647 1310 4728 imperator‘luiiaeos
1362 4648 1628 4718 baptizari
1666 4647 1949 4719 compulit.
1985 4652 2353 4710 Verumtamen
2402 4647 2604 4727 iltieger
2649 4656 2894 4728 Dionysii
2931 4668 3102 4713 textus
3150 4647 3473 4714 in-nostrani

224 4721 463 4789 linguam
486 4734 771 4773 conversus
801 4719 880 4772 ita
911 4734 966 4773 se
983 4718 1137 4771 habet
1174 4734 1189 4771 :

299 4833 452 4888 Anno
475 4830 789 4887 Graecorum
846 4831 952 4887 928
978 4830 1200 4904 (Christi
1230 4830 1357 4903 6l7)
1380 4831 1545 4901 jussit
1585 4830 1799 4888 Phoeas
1832 4836 1875 4892 D
1904 4852 1934 4889 e
1981 4834 2318 4907 primoribus
2345 4857 2541 4918 unus,
2604 4843 2827 4898 nomine
2878 4842 3089 4911 Nonus,
3138 4835 3420 4918 respondit
3452 4868 3468 4907 ι

220 4926 524 4995 imperator
541 4932 599 4978 ut
626 4938 817 4979 omnes
841 4923 1036 4978 ditioni
1067 4938 1181 4979 sum
1214 4922 1446 4993 subjecti
1470 4921 1641 4978 Judaei
1668 4922 1800 4995 δορα

224 5020 560 5078 tizarentur;
593 5015 856 5083 misitque
894 5013 1333 5086 Hierosolymam
1380 5022 1543 5084 atque
1579 5015 1632 5067 in
1672 5014 1799 5068 uni-

219 5121 442 5161 versam
463 5103 804 5159 Palaestinam
829 5105 1122 5175 Georgium
1149 5106 1443 5175 provinciae
1456 5103 1797 5173 praafectum,

230 5205 287 5253 ut
320 5195 494 5250 Judwi
546 5197 728 5250 cuncti
782 5197 837 5250 in
861 5211 924 5250 ea
948 5197 1175 5252 civitate
1232 5196 1596 5266 ﬁnitimisque
1656 5196 1798 5251 locis

208 5298 507 5343 morantes
553 5287 619 5340 ad
674 5287 1006 5357 baptismum
1037 5288 1407 5358 adigerentur.
1450 5286 1501 5343 Is
1526 5287 1796 5357 primores

222 5382 446 5435 illorum
473 5379 577 5434 sibi
610 5388 852 5434 astantes
880 5382 1267 5453 interrogavit.
1295 5397 1423 5435 num
1448 5381 1797 5450 serviimpc—

228 5473 433 5526 ratoris
467 5471 692 5525 essent?
720 5470 933 5538 Quibus
965 5471 1385 5531 alﬁrmantibus.
1420 5470 1495 5523 ait
1533 5487 1547 5523 :
1583 5460 1802 5523 laudat

224 5572 394 5619 terra
407 5560 688 5629 dominus,
707 5572 767 5618 ut
786 5563 1119 5635 baptismum
1153 5562 1481 5617 admittatis.
1500 5560 1799 5617 Silentibus

237 5653 398 5728 ipsis,
422 5652 643 5721 thlri,
676 5654 854 5724 inquit
880 5652 1189 5725 praefectus,
1222 5649 1608 5721 respendetis?
1642 5648 1795 5703 Tunc

527 5773 799 5836 ΡΛτιιοι..
835 5775 953 5833 (in.
996 5772 1240 5833 XCVII.

1903 4929 2177 5000 Quidquid
2209 4916 2369 4986 terrae
2398 4931 2660 4986 dominus
2684 4932 2938 5001 jusserit,
2990 4916 3278 4993 confestim
3309 4952 3472 4993 exse-

1902 5037 2155 5092 quemur,
2184 5024 2285 5078 hoc
2316 5039 2424 5077 uno
2473 5035 2725 5093 excepto,
2787 5023 2931 5093 quod
2977 5038 3236 5095 pra-stare
3273 5018 3473 5097 nequi"-

1904 5130 2046 5179 mus,
2071 5117 2199 5182 quia
2220 5115 2463 5169 nondum
2493 5117 2827 5187 suscipiendi
2862 5119 3004 5172 sacri
3046 5110 3472 5188 baptismitemo'

1904 5220 2006 5272 pus
2054 5205 2294 5260 advenit.
2345 5207 2485 5285 Hoc.
2516 5207 2740 5273 audito,
2788 5223 3121 5277 magnopere
3180 5212 3475 5265 excanduit

1904 5299 2216 5368 praefectus,
2252 5316 2590 5369 surgensque
2615 5301 2828 5368 alapam
2858 5299 3015 5354 Nuno
3040 5302 3217 5355 infixit
3246 5302 3470 5357 dicens:

1903 5391 2006 5457 Qui
2041 5392 2183 5446 servi
2240 5391 2399 5455 estis,
2444 5406 2545 5445 cur
2589 5390 2774 5445 vestro
2826 5390 3051 5445 domino
3115 5407 3321 5447 morem
3366 5389 3477 5448 non

1902 5482 2136 5553 geritis?
2188 5480 2577 5552 Mandavitque
2626 5497 2721 5537 eos
2773 5482 3042 5551 baptizari
3109 5501 3123 5538 :
3183 5492 3347 5555 atque
3398 5486 3525 5542 ita"

1909 5576 2151 5632 volentes
2174 5577 2421 5632 nolentes
2453 5575 2716 5647 baptizati
2738 5589 2933 5631 omnes
2946 5572 3194 5629 fuerunt.

3089 5763 3157 5826 5|
