2002 3170
272 147 325 178 507

303 204 357 229 tas.
380 201 443 228 item
453 202 485 227 de
496 202 603 227 aurliia.

305 234 358 259 1:5.
380 233 415 257 De
428 234 538 264 turpibul
548 233 629 258 lucris.

305 265 358 289 124.
378 264 414 288 De
427 264 535 288 foenore.

306 296 368 350 12.").l
380 294 549 350 Deieinpttoue
561 297 672 325 tempore
683 293 778 322 messis,
790 298 862 317 causa
881 292 1018 324 cupiditatis
1029 295 1056 316 et

306 332 352 350 Γοιῇ
370 332 412 350 tltl'
425 344 430 349 .
888 347 890 349 _

273 327 352 353 turpis
361 326 430 350 lucri.
888 347 890 349 _

304 332 485 386 ἓὲωῐξῖιιοο,
498 356 518 380 si
534 362 577 386 per
587 354 690 386 plurima
701 354 752 378 loca
764 353 839 378 fames
850 347 933 378 fuerit.

304 387 358 411 1‘27.
381 386 417 410 De
429 387 527 416 sinodis,
535 385 643 415 ’qualiler
654 385 719 409 liant.

305 417 359 442 ηε.
380 417 417 441 De
429 415 618 447 metropolitanis
630 415 757 446 episcopis.

305 448 358 472 1&9.
381 447 418 471 De
432 445 561 477 episcopis,
571 450 630 477 quot
641 445 688 470 siut
701 447 723 469 in
735 452 781 469 una
793 445 901 470 CI\II.3I.0.

304 477 358 503 150.
377 477 412 501 De
425 478 574 505 ordinatione
584 478 760 507 epitccporum.

304 509 359 533 151.
381 508 416 533 De
428 508 561 532 stabilitate
574 505 738 538 epimiwruiii
752 505 790 530 vel
802 505 954 530 clericorum.

303 538 356 563 152.
381 539 417 563 De
427 540 640 563 communicatione
653 538 767 561 ﬁdelium.

304 571 358 594 155.
379 569 416 594 De
427 570 583 599 presbyteris,
596 568 734 593 diaconibus
746 571 770 591 et
781 567 881 597 reliquis
891 573 922 591 ex
938 565 1013 590 clero.

305 600 358 625 136.
381 600 416 624 De
429 600 540 628 confugio
551 600 580 623 ad
590 600 728 623 ecclesiam.

285 630 357 667 .155.
380 631 417 656 De
436 631 475 655 his
495 627 536 661 qui
558 630 586 654 ad
606 636 648 654 cas
662 636 684 652 'u
714 628 758 652 ⁸)θί
780 634 822 653 res
849 628 948 653 tradere
974 627 1059 654 voluc-

304 692 357 717 156.
380 692 418 717 De
429 690 579 715 ordinatione
590 690 788 721 presbyterorum

303 723 357 747 157.
378 723 415 747 De
424 723 580 746 conversione
592 722 661 745 liberi
678 722 787 745 hom.uis.

306 752 358 778 158.
382 753 418 777 De
430 758 476 776 non
489 753 600 782 cogendo
610 752 708 775 bibere.

304 784 359 808 159.
382 784 417 807 De
429 786 545 809 mercato.

304 815 356 839 H0.
376 813 413 838 De
433 813 599 844 presbyteris,
624 812 637 827 ⁸
657 812 759 843 qualiter
787 813 909 837 introitum
932 810 1055 836 ecclesiae

272 848 437 875 consequanlu
442 851 460 868 r.

381 875 417 900 De
431 874 588 906 presbyteris,
600 872 615 892 ιι
629 881 641 897 s
660 873 749 897 auibus
768 879 811 904 per
832 873 949 897 ecclesias
966 873 1058 897 consti-
1079 887 1101 916 Β

272 907 381 930 tuantur.

677 147 708 174 B.
727 146 852 175 CAROLI
871 145 978 174 MAGNI
997 145 1072 173 OPP.
1091 144 1182 173 PARS
1201 145 1222 180 1,
1242 145 1366 174 SECTIO
1385 145 1502 174 PRIMA.
1842 144 1885 175 η

1140 202 1148 225 1
1159 203 1192 226 i2.
1214 202 1250 227 De
1262 203 1353 227 honore
1367 210 1409 234 pro
1421 204 1530 227 ccclesiis
1539 203 1625 228 dando.

1142 234 1194 256 115.
1219 234 1254 258 De
1267 235 1367 258 decimis
1379 235 1558 264 dispensandis.

1140 264 1192 287 111.
1216 265 1250 288 De
1263 266 1373 288 ecclesiis
1387 266 1423 289 vel
1434 265 1559 289 altaribus.

1140 294 1183 318 115
1197 296 1216 318 ο.
1242 296 1277 319 De
1290 296 1415 319 aecclesiis
1427 297 1464 319 vel
1480 297 1594 320 altaribus
1607 295 1731 325 ambiguis.

1140 326 1191 349 Hii.
1215 326 1251 350 De
1265 326 1347 350 linteis
1359 327 1473 350 altaribus
1487 333 1618 356 praeparati
1631 327 1666 349 iis.

1141 357 1193 380 H7.
1212 357 1247 380 De
1260 358 1422 387 parrochianls
1435 358 1537 381 alterius
1550 359 1695 386 presbyteri.

1141 388 1193 410 HS.
1214 388 1249 419 De
1262 388 1383 417 parrochia
1395 389 1496 419 alterius
1510 389 1657 419 presbyteri.

1139 418 1191 441 HU.
1214 418 1249 441 De
1263 420 1365 441 termino
1378 418 1546 442 ecrlesiarum.

1140 450 1190 472 150.
1214 449 1249 472 De
1263 450 1337 472 rebus
1350 449 1557 478 presbyterorum.

1143 480 1192 502 liii.
1214 480 1249 502 De
1260 480 1441 508 poenitentibns
1454 486 1499 502 non
1513 479 1639 509 regendis.

1141 510 1182 533 152
1194 509 1216 533 (ἰ.
1233 510 1267 533 De
1281 511 1438 539 presbyteris,
1452 511 1561 540 aquibus
1571 516 1599 533 se
1611 511 1724 533 caveant.

1140 540 1183 563 1:35
1197 540 1217 563 (ἰ.
1235 541 1268 563 De
1280 540 1414 570 sepultura,
1427 541 1466 563 ubi
1479 547 1524 563 non
1538 540 1587 563 tial.

1142 571 1191 594 1³ἱ4.
1216 570 1253 595 lie
1265 572 1442 601 praedicatione
1456 571 1494 594 vel
1507 571 1620 601 capitulis
1640 570 1850 600 presbyterorum

1141 602 1190 625 I-‘iTi.
1213 602 1246 625 [)e
1261 603 1336 625 euclia
1353 603 1414 625 lSlIJ.

1107 633 1193 687 adii).
1214 633 1249 657 De
1272 633 1381 662 ampullis
1395 634 1405 647 ο
1425 632 1519 656 duabus
1542 633 1565 656 in
1589 638 1666 656 coena
1689 630 1786 655 Domini
1806 629 1891 654 Iuben,

1125 669 1153 686 is.

1125 669 1153 686 IS.

1139 693 1192 718 157.
1213 694 1251 718 De
1263 694 1364 718 decimis
1375 697 1401 718 et
1411 693 1491 717 nonis.

1141 724 1193 749 158.
1216 724 1253 748 De
1265 725 1437 748 festivitatibus
1452 725 1475 748 in
1486 730 1562 747 anno.

1140 754 1193 780 159.
1215 755 1251 779 De
1261 755 1432 779 ammouitione
1442 755 1594 778 sacerdotum

1139 785 1193 810 160.
1217 786 1253 809 De
1266 786 1446 816 praedicatione
1460 785 1489 809 ad
1502 785 1600 815 plebem

1141 815 1192 841 161.
1211 816 1247 840 De
1257 815 1387 840 ebrietatE.

1141 846 1194 872 162.
1211 847 1247 871 De
1260 847 1425 872 admonitione
1437 845 1467 870 ad
1477 851 1572 870 omnes.

1028 943 1131 971 NOTAE
1136 964 1144 971 .

268 1002 271 1005 τ
308 998 322 1013 ι
336 991 401 1019 Cod.
417 992 441 1024 1,
456 1000 471 1019 α
485 992 577 1027 quibus
590 999 637 1027 per
649 990 769 1018 ecclesias
783 994 984 1018 constituantur.

308 1027 323 1047 ι’
339 1027 417 1059 lbid.,
432 1027 544 1061 qualiter
555 1034 609 1061 per.

309 1067 322 1083 ο
336 1062 448 1090 DeestG
464 1063 508 1090 hic
521 1065 549 1089 et
563 1062 589 1088 in
605 1064 691 1089 textu.

274 1129 353 1136 ..-

1151 990 1164 1010 ἀ
1183 991 1249 1019 Cod.
1268 992 1284 1019 5
1295 991 1393 1018 omittit
1403 990 1462 1018 haec
1473 990 1525 1018 duo
1534 997 1624 1025 capp.,
1639 990 1687 1018 sed
1701 996 1758 1018 non
1773 988 1884 1016 intesta.

1151 1031 1162 1046 °
1176 1026 1220 1060 G.,
1237 1027 1328 1059 tribus,
1344 1029 1372 1053 ut
1383 1026 1410 1053 in
1425 1029 1510 1053 textu.

430 1120 1885 1136 Μ

541 1182 686 1213 INCIPIT
707 1181 716 1197 ⁸
735 1179 964 1213 PRAEFATIO
983 1178 1111 1209 DOMNI
1135 1177 1286 1207 KAROLI
1310 1176 1579 1206 IMPERATORIS
1599 1177 1620 1207 '.

305 1293 444 1329 Regnante
468 1292 576 1320 domino
599 1297 692 1320 nostro
712 1293 770 1320 Iesu
788 1293 895 1322 Christo
916 1294 943 1321 in
964 1301 1061 1329 perpe-

269 1343 346 1367 tuum
355 1339 375 1365 ⁸.
388 1339 444 1374 Ego
455 1338 577 1370 Karolus,
593 1339 678 1373 gratia
691 1339 738 1366 Dei
752 1339 865 1374 eiusque
877 1341 1061 1368 misericordia

270 1384 387 1413 donante
411 1391 458 1411 rex
479 1388 506 1410 et
526 1387 614 1411 rector
633 1384 706 1419 regni
725 1384 891 1413 Francorum
905 1390 932 1413 et
950 1387 1062 1414 devotus

270 1433 381 1458 sanctae
392 1429 539 1457 aecclesiae
552 1428 677 1457 defensor
689 1430 852 1466 humilisque
869 1432 990 1465 adiutor,
1003 1441 1062 1460 om—

269 1475 350 1503 nibus
362 1474 558 1502 ecclesiasticae
569 1475 676 1509 pietatis
684 1475 695 1491 ⁴
706 1476 845 1504 ordinibus
856 1484 903 1504 seu
915 1477 1044 1505 secularis
1052 1478 1062 1493 '

268 1520 407 1555 potentiae
417 1520 590 1554 dignitatibus
599 1520 626 1547 in
635 1520 743 1548 Christo
755 1522 863 1549 domino
872 1522 882 1537 °
890 1522 945 1549 Dco
955 1527 1065 1550 aeterno

268 1568 414 1600 perpetuae
424 1565 498 1599 pacis
510 1569 536 1592 et
547 1565 721 1593 beatitudinis
741 1567 864 1595 salutem.
885 1567 1064 1595 Considerans

268 1611 383 1646 paciﬁca
392 1610 457 1650 piae
469 1611 479 1626 τ
495 1611 593 1638 mentis
605 1611 704 1639 intuitu
724 1620 777 1640 una
796 1621 858 1640 cum
879 1614 1064 1641 sacerdotibus

1115 1293 1239 1322 hortandi
1251 1296 1322 1326 sunt,
1338 1291 1419 1318 immo
1431 1291 1616 1326 compellendi,
1631 1295 1660 1317 ut
1674 1290 1754 1319 firma
1770 1292 1818 1319 ﬁde
1827 1296 1850 1320 et
1861 1293 1889 1320 ᾖ·

1114 1338 1242 1374 fatigabili
1255 1338 1453 1372 perseverantia
1473 1337 1542 1363 intra
1561 1341 1689 1371 paternas
1711 1338 1890 1366 sanctiones“

1115 1386 1279 1414 contineant.
1297 1384 1327 1411 In
1345 1391 1397 1418 quo
1412 1383 1501 1417 operis
1520 1383 1608 1410 studio
1628 1384 1696 1410 sciat
1715 1384 1856 1410 certissime
1874 1383 1889 1399 "

1115 1432 1243 1459 sanctitas
1263 1434 1351 1457 vestra
1373 1433 1492 1456 nostram
1513 1429 1589 1455 vobis
1602 1429 1623 1444 ²⁰
1643 1429 1785 1463 cooperari
1807 1429 1824 1443 “
1837 1428 1887 1454 tili-

1115 1477 1243 1512 gentiam.
1255 1475 1422 1510 Quapropter
1435 1478 1461 1501 et
1481 1478 1587 1501 nostros
1607 1475 1641 1501 ad
1660 1481 1709 1501 vos
1723 1473 1890 1501 direximus“

1115 1523 1220 1553 missos,
1237 1521 1281 1555 qui
1295 1528 1327 1547 ex
1347 1520 1431 1547 nostri
1446 1519 1562 1546 nominis
1576 1519 1739 1546 auctoritate
1755 1527 1808 1546 una
1820 1519 1892 1546 vobis—

1115 1576 1176 1596 cum
1189 1567 1364 1601 corrigercnt,
1379 1573 1447 1600 quae
1460 1564 1616 1599 corrigenda
1629 1568 1730 1591 essent.
1747 1564 1802 1592 Sed
1818 1568 1841 1591 et
1855 1564 1892 1591 ali-

1115 1621 1167 1649 qua
1176 1613 1198 1628 ²³
1211 1611 1325 1647 capitula
1339 1619 1371 1638 ex
1385 1610 1521 1637 canonicis
1533 1609 1760 1641 institutionibus,
1777 1617 1840 1643 quae
1849 1616 1892 1635 ma-

270 1659 298 1683 et
312 1655 474 1683 consiliariis
486 1656 585 1683 nostris
598 1656 778 1684 abundantem
790 1658 817 1684 in
829 1665 878 1685 nos
888 1662 1063 1692 nostrumque
1075 1651 1097 1681 C
1114 1659 1155 1693 gis
1167 1658 1242 1686 vobis
1255 1657 1406 1684 necessaria
1426 1656 1594 1688 videbantur,
1614 1654 1814 1682 subiunximus.
1833 1653 1893 1681 Ne“

267 1701 397 1737 populum
412 1700 512 1728 Christi
534 1701 607 1736 regis
624 1701 805 1736 clementiam,
830 1708 857 1731 et
871 1711 950 1738 quam
970 1712 1063 1733 neces—

268 1745 372 1773 sarium
384 1749 435 1778 est,
451 1753 503 1773 non
516 1746 602 1773 solum
617 1750 673 1774 toto
695 1749 776 1775 corde
796 1752 822 1775 et
833 1756 879 1776 ore
898 1750 956 1777 eius
968 1751 1061 1785 pietati

268 1797 349 1825 agere
364 1791 464 1825 gratias
475 1790 652 1824 incessanter,
665 1793 713 1820 sed
729 1793 810 1820 etiam
830 1794 958 1821 continua
979 1796 1063 1823 bono-

269 1842 330 1862 rum
350 1842 462 1869 operum
475 1836 669 1864 exercitatione
681 1838 691 1852 ⁸
705 1838 763 1865 eius
783 1839 907 1868 insistere
920 1841 1060 1876 laudibus;

269 1885 404 1916 quatenus
422 1882 468 1916 qui
491 1886 584 1909 nostro
596 1890 680 1918 regno
700 1881 788 1912 tantos
808 1886 920 1913 contulit
935 1887 1060 1921 honores,

269 1934 319 1955 sua
331 1928 499 1962 proiectione
512 1933 747 1964 nos-nostrumque
768 1939 879 1966 regnum
899 1932 908 1948 ⁸
927 1933 954 1960 in
977 1938 1062 1960 acter-

268 1980 334 2000 num
344 1980 504 2001 conservare
515 1974 640 2010 dignetur
654 1976 684 2002 ίο.
696 1975 864 2011 Quapropter
875 1978 975 2012 placuit
986 1980 1063 2007 nobis

269 2023 385 2046 vestram
398 2026 493 2054 rogare
514 2019 666 2053 solertiam,
689 2029 705 2048 ο
728 2026 850 2055 pastores
872 2024 1062 2051 aecclesiarum

268 2066 369 2095 Christi
391 2071 419 2094 et
440 2069 565 2096 ductores
590 2069 611 2085 η
634 2070 722 2104 gregis
743 2071 763 2086 “
782 2071 849 2103 eius,
871 2076 898 2098 et
914 2072 1063 2100 clarissima

268 2112 361 2139 mundi
373 2112 516 2140 luminaria
530 2113 567 2146 ",
582 2118 612 2141 ut
630 2114 705 2150 vigili
723 2123 787 2142 cura
809 2120 836 2143 et
855 2117 946 2143 sedula
961 2124 1064 2143 ammo-

269 2156 372 2184 nitione
388 2158 514 2192 populum
532 2159 578 2186 Dei
592 2167 641 2193 per
658 2167 758 2194 pascua
779 2161 850 2188 vitae
872 2165 997 2188 aeternae
1016 2163 1063 2188 du-

269 2208 332 2229 cere
346 2202 367 2217 “
380 2203 523 2236 studentis;
539 2208 566 2231 et
581 2210 702 2232 errantes
715 2213 779 2233 oves
792 2207 923 2233 bonorum
937 2206 958 2222 ”
973 2214 1064 2234 exem-

269 2246 313 2281 plo
326 2254 437 2281 operum
457 2256 503 2275 seu
517 2249 704 2277 adhortatione
717 2250 737 2266 “
751 2251 870 2278 humeris
883 2252 953 2278 intra
967 2252 987 2267 ιτ
1004 2259 1064 2279 aec-

269 2292 438 2319 clcsiasticae
451 2293 586 2321 ﬁrmitatis
599 2302 691 2323 muros
705 2301 843 2330 reportare
853 2296 968 2331 satagite
981 2297 1013 2329 ’⁸,
1028 2305 1062 2324 ne

1111 1704 1216 1738 aliquis,
1242 1710 1358 1738 quaeso,
1377 1701 1457 1728 huius
1476 1700 1585 1735 pietatis
1605 1700 1830 1728 ammonitionem
1847 1706 1895 1726 esse

1111 1748 1352 1784 praesumptiosum
1365 1747 1465 1774 iudicet
1483 1746 1521 1779 “,
1537 1753 1589 1780 qua
1609 1745 1631 1760 “
1645 1753 1694 1772 nos
1714 1750 1807 1772 errata
1826 1745 1895 1773 corri-

1111 1803 1183 1831 gere,
1193 1793 1325 1829 superﬂua
1332 1793 1480 1824 abscidere,
1490 1796 1564 1819 recta
1573 1796 1711 1819 coarctare
1724 1792 1892 1822 studemus",

1112 1841 1158 1868 sed
1172 1840 1257 1875 magis
1275 1838 1399 1866 benivolo
1417 1838 1539 1865 caritatis
1562 1838 1652 1864 anitno
1676 1838 1819 1871 suscipiat.
1841 1836 1895 1863 Nam

1111 1886 1224 1920 legimus
1237 1885 1263 1911 in
1275 1892 1417 1919 regnorum
1431 1883 1517 1916 libris,
1530 1883 1662 1917 quomodo
1675 1887 1789 1910 sanctus
1797 1884 1819 1898 ’⁸
1827 1882 1895 1909 losias

1112 1939 1223 1966 regnum
1237 1927 1288 1958 sibi
1303 1938 1318 1956 a
1332 1930 1386 1956 Deo
1406 1930 1497 1957 datum
1509 1929 1698 1956 circumeundo
1713 1929 1736 1944 "
1746 1950 1754 1962 ,
1771 1930 1895 1963 corrigen-

1112 1979 1146 2006 do
1160 1978 1192 2009 3°,
1214 1976 1401 2007 ammonendo,
1412 1974 1449 2001 'ad
1463 1974 1565 2001 cultum
1579 1974 1634 2000 veri
1653 1974 1699 2001 Dei
1712 1975 1819 2001 studuit
1833 1981 1897 2001 revo-

1112 2030 1184 2051 care.
1206 2022 1263 2049 Non
1284 2025 1313 2049 ut
1329 2028 1372 2048 me
1393 2020 1451 2047 eius
1465 2019 1601 2046 sanctitati
1622 2019 1848 2053 aequiperabilem
1866 2019 1896 2046 fa-

1112 2070 1190 2100 ciam,
1204 2068 1250 2096 sed
1260 2068 1331 2102 quod
1341 2068 1417 2094 nobis
1428 2068 1481 2094 sint
1491 2067 1589 2101 ubique
1601 2070 1758 2093 sanctorum
1771 2065 1895 2101 semper“

1113 2114 1234 2148 exempla
1257 2113 1426 2148 exsequenda
1440 2113 1478 2144 ³¹,
1498 2117 1525 2140 et
1539 2120 1724 2147 quoscumque
1741 2113 1897 2147 poterimus.

1113 2160 1147 2187 ad
1158 2160 1276 2186 studium
1291 2160 1376 2186 bonae
1395 2159 1466 2186 vitae
1484 2159 1511 2185 in
1531 2158 1638 2185 laudem
1652 2162 1679 2185 et
1693 2158 1720 2185 in
1732 2158 1845 2192 gloriam
1859 2159 1898 2185 do—

1113 2206 1178 2232 mini
1194 2206 1277 2232 nostri
1289 2205 1348 2232 Iesu
1362 2205 1461 2232 Christi
1473 2212 1638 2239 congregare
1651 2211 1762 2231 necesse
1774 2209 1825 2231 est.
1839 2203 1889 2236 Qua

1113 2255 1232 2285 propter,
1252 2254 1280 2276 ut
1299 2250 1492 2284 praediximus,
1510 2249 1598 2283 aliqua
1614 2249 1730 2283 capitula
1747 2254 1842 2276 notare
1854 2249 1901 2275 ius“

1114 2297 1208 2327 simus,
1224 2300 1252 2322 ut
1267 2295 1346 2322 simul
1361 2295 1426 2321 haec
1438 2295 1531 2321 cadent
1544 2302 1590 2321 vos
1602 2301 1758 2321 ammonere
1768 2294 1897 2324 studentis.

270 2338 348 2373 lupus
362 2338 491 2366 insidians
504 2339 620 2374 aliquem
635 2341 779 2368 canonicos
802 2342 954 2369 sanctiones
972 2345 1062 2369 trans-
1078 2331 1102 2360 Ι)
1114 2346 1140 2369 et
1152 2348 1336 2375 quaecumque
1348 2340 1424 2367 vobis
1438 2339 1460 2354 ³³
1474 2340 1526 2366 alia
1542 2339 1692 2366 necessaria
1707 2347 1767 2366 esse
1784 2339 1806 2354 “
1823 2338 1899 2368 scitis,

270 2384 435 2418 gredientem
461 2385 503 2412 vel
527 2390 653 2420 paternas
683 2387 841 2414 traditiones
871 2387 1063 2415 universalium
1114 2392 1144 2415 ut
1158 2392 1184 2415 et
1202 2388 1253 2414 ista
1273 2392 1300 2414 et
1314 2387 1358 2414 illa
1376 2387 1480 2421 aequali
1494 2386 1641 2413 intentione
1659 2386 1837 2420 praedicetis;
1859 2392 1900 2411 nec

269 2430 447 2458 conciliorum
460 2432 643 2464 excedentem,
660 2433 731 2466 quod
742 2433 822 2465 absit,
835 2433 974 2460 inveniens
988 2433 1065 2460 devo—
1113 2433 1224 2467 aliquid,
1237 2432 1308 2467 quod
1320 2436 1425 2459 vestrae
1440 2431 1575 2458 sanctitati
1587 2431 1738 2466 populoque
1749 2431 1797 2458 Dei
1811 2431 1874 2457 utile
1882 2429 1901 2444 ’⁵

270 2480 321 2505 ret.
335 2477 396 2506 Ideo
407 2485 521 2514 magnae
532 2479 683 2506 devotionis
694 2479 783 2506 studio
796 2479 967 2507 ammonendi
979 2483 1006 2506 et
1017 2479 1065 2507 ad—
1114 2477 1229 2509 videtur,
1253 2476 1368 2503 amittite
1391 2476 1428 2509 ‘°,
1450 2480 1480 2503 ut
1495 2475 1516 2491 ³⁷
1529 2476 1574 2510 pio
1591 2476 1679 2503 studio
1702 2484 1754 2502 non
1770 2475 1792 2491 ⁸⁸
1805 2481 1901 2502 ammo-

882 2543 1076 2572 VARIANTES
1093 2541 1294 2571 LECTIONES.

308 2599 318 2636 ξ
331 2600 400 2627 deest
414 2600 439 2628 1.
453 2600 482 2628 2.
494 2600 603 2636 explicit
614 2608 657 2635 pr.
673 2600 710 2627 1⁸.
730 2634 736 2636 Α
748 2600 839 2636 {deest
854 2599 879 2627 1.
894 2600 965 2635 regis
977 2600 1004 2628 6.
1016 2605 1098 2627 totum
1110 2599 1158 2636 (tot:
1169 2599 1239 2636 deest
1251 2598 1283 2636 B_.
1312 2597 1406 2636 _’_liq_ec
1420 2597 1508 2636 omnia
1520 2597 1611 2636 desunt
1622 2599 1649 2636 5.
1686 2598 1697 2613 ⁸
1709 2598 1805 2636 aetatis
1816 2598 1841 2636 6.
1853 2599 1902 2636 pie-

271 2635 373 2663 tatibus
386 2636 423 2662 1'.
461 2636 472 2653 ³
485 2632 651 2664 secutoribus
664 2636 690 2663 5.
728 2634 739 2651 ⁸
752 2634 779 2662 d.
794 2640 887 2663 nostro
900 2632 967 2663 1⁵2.
1004 2636 1014 2651 τ
1028 2635 1098 2662 deest
1114 2635 1141 2661 5.
1179 2634 1189 2649 ⁸
1203 2633 1254 2659 Hic
1265 2633 1354 2667 incipit
1367 2632 1394 2659 5.
1432 2632 1442 2647 ⁰
1462 2632 1531 2658 deest
1543 2632 1575 2658 B.
1592 2633 1611 2647 ¹⁰
1624 2633 1748 2666 dignatur
1762 2633 1788 2660 5.
1829 2635 1848 2649 ιι
1861 2634 1900 2660 do-

270 2675 362 2699 ctores
372 2670 390 2696 2
403 2671 430 2697 b.
443 2672 470 2698 5.
483 2671 510 2698 4.
525 2671 557 2698 Β.
571 2670 604 2698 G.
645 2671 665 2686 “
678 2670 744 2705 legis
754 2671 798 2698 5.~.
829 2671 850 2686 ¹³
866 2670 970 2698 lunaria
982 2670 1015 2697 Β.
1065 2670 1085 2685 ⁸⁵
1095 2676 1206 2704 pascere
1218 2668 1244 2705 2.
1257 2669 1286 2705 b.
1302 2702 1308 2705 _
1326 2668 1349 2705 ‘f
1360 2675 1409 2705 per
1419 2667 1550 2705 bonorum
1565 2669 1684 2705 exempla
1704 2667 1737 2705 (ἰζ
1777 2668 1900 2705 ‘f_adlio_r-

270 2705 412 2732 tationem.
428 2706 454 2733 5.
468 2705 501 2733 G.
540 2707 560 2722 "
575 2706 645 2733 inter
657 2705 694 2739 4._
704 2701 745 2722 ἠ
762 2706 799 2732 sic
814 2705 839 2732 1.
861 2706 899 2733 1⁵.
915 2706 932 2733 2
942 2706 969 2733 b.
985 2707 1011 2733 5.
1026 2705 1053 2732 5.
1067 2701 1104 2732 ΒῙ
1114 2703 1280 2739 satagens}.
1296 2702 1322 2729 4.
1335 2701 1501 2739 6.ν(ἳ.ΑΒιιι.⁸
1525 2702 1709 2739 “certissima
1722 2703 1748 2739 5.
1787 2703 1811 2739 ’ἢ
1829 2703 1902 2729 nobis

272 2740 306 2768 B.
320 2739 353 2767 G.
396 2740 417 2755 "
429 2741 534 2774 operari
547 2741 573 2768 5.
611 2742 633 2756 ²¹
648 2736 796 2768 dixerimus
807 2740 833 2767 5.
871 2740 895 2756 “
907 2741 959 2768 alia
973 2741 999 2767 1.
1017 2748 1026 2757 ·
1037 2740 1060 2756 ³⁵
1071 2740 1125 2767 Nae
1139 2740 1165 2766 5.
1176 2736 1227 2766 nec
1239 2738 1272 2765 B.
1308 2738 1333 2774 f5
1346 2736 1512 2774 videlicctG.
1551 2737 1572 2751 ’⁸
1586 2744 1638 2774 que
1650 2737 1681 2774 Ii.
1720 2738 1741 2752 ¹⁷
1755 2738 1901 2774 studeamus

287 2774 370 2801 deleto
384 2774 410 2809 a)
427 2772 454 2801 1ἶ
467 2775 527 2802 Bal.
566 2776 587 2791 "‘
599 2776 680 2809 deest.
696 2777 724 2803 5.
761 2775 784 2791 ¹⁹
796 2776 960 2803 circueundo
971 2775 999 2802 ‘2.
1013 2776 1040 2803 5.
1052 2774 1079 2801 4.
1094 2775 1121 2801 5.
1135 2773 1168 2800 Β.
1206 2774 1228 2789 ³⁰
1242 2773 1422 2809 corrigeret}.
1457 2772 1562 2809 'fAdeest
1587 2772 1620 2809 §._
1652 2772 1673 2786 "
1685 2772 1857 2809 sequenda}.
1877 2773 1893 2797 ι(

288 2810 299 2824 ³
313 2810 382 2836 deest
402 2806 429 2836 ἒι.
467 2810 489 2825 ³⁸
502 2810 557 2837 sint
567 2810 592 2837 6.
631 2806 654 2826 “
667 2811 738 2837 deest
755 2811 783 2838 5.
821 2811 844 2827 ³⁸
855 2812 980 2839 amittere
994 2810 1026 2838 B.
1042 2809 1172 2839 amittatis
1190 2808 1228 2837 I‘.
1242 2808 1268 2835 2.
1284 2808 1310 2835 6.
1319 2806 1359 2835 CG.
1371 2807 1431 2835 Bal.
1470 2807 1491 2823 ³⁷
1510 2807 1575 2841 quin
1586 2806 1604 2834 2
1614 2807 1640 2835 Ι).
1649 2811 1676 2834 et
1687 2811 1716 2834 ut
1731 2808 1766 2834 1’.
1802 2807 1824 2822 ³⁸
1837 2807 1896 2834 dces

278 2844 303 2872 1.
319 2844 345 2872 ϐ.
363 2844 486 2872 obtusum
504 2850 541 2873 est
558 2845 575 2872 5
589 2845 700 2874 deletum
717 2847 754 2873 1⁸.
