4004 6340
187 313 303 371 515

757 309 985 367 CODEX
1025 311 1549 370 DIPLOMATICUS.
1590 345 1662 355 —
1695 311 2009 371 CAPITUL.
2047 315 2136 372 AB
2173 315 2510 378 ANSEGISO
2545 321 2924 380 COLLECTA.

3346 335 3452 393 544

189 426 391 484 eodem
421 425 439 458 ί
470 423 539 480 de
577 423 683 487 his,
713 423 804 493 qui
845 424 901 479 in
946 423 1185 493 periculo
1241 426 1520 482 constituti
1571 435 1697 481 sunt
1726 435 1781 482 et
1808 435 1853 490 Α
1883 429 1983 495 Qui
2017 431 2057 462 ¹⁷
2081 431 2214 486 dura
2240 441 2294 488 ct
2329 435 2571 490 districta
2604 438 2933 506 poenitentia
2977 445 3260 501 coercendi
3305 459 3451 507 sunt.

188 523 521 572 convertunt
551 529 610 570 se
631 515 697 569 ad
727 515 914 578 Deum,
941 522 1000 568 ut
1027 515 1286 570 canonice
1333 515 1673 585 inquiruntur
1716 518 1782 573 de

187 606 660 668 reconciliatione,
687 615 742 660 et
761 604 1020 660 canonice
1048 605 1480 661 reconcilientur.

259 697 361 752 35.
398 697 479 750 De
500 698 581 750 his
601 697 690 766 qui
712 713 813 749 non
836 704 959 749 sunt
1007 695 1172 750 bonae
1199 698 1620 752 conversationis.
1651 697 1784 754 Item

185 787 243 840 in
292 787 496 842 eodem
520 787 563 849 ¹,
591 795 649 840 ιιι
680 785 755 838 illi
785 785 876 854 qui
905 799 1013 840 non
1056 792 1182 840 sunt
1210 786 1383 842 bonae
1424 787 1789 842 conversatio-

188 877 277 932 nis
303 884 585 930 eteorum
622 875 735 930 vita
761 882 845 929 est
875 874 1214 939 accusabilis,
1258 889 1364 930 non
1408 877 1640 930 audeant
1679 874 1788 946 epi-

186 983 396 1036 scopos
415 967 500 1022 vel
528 967 760 1022 maiores
787 975 917 1020 natu
943 979 1220 1021 accusare.

257 1057 359 1112 36.
403 1057 482 1111 De
529 1058 610 1111 his
657 1057 747 1126 qui
782 1056 1229 1124 excommunicato
1272 1055 1782 1110 communicavennt.

186 1149 328 1203 Item
375 1149 434 1203 in
479 1149 685 1212 eodem,
709 1156 772 1203 ιιι
815 1149 909 1219 qui
948 1151 1415 1206 excommunicato
1474 1166 1788 1221 praesump-

189 1241 337 1293 tiose
364 1239 411 1270 "
436 1240 919 1295 communicaverit
945 1240 989 1306 ⁸,
1027 1242 1527 1296 excommunicetur
1555 1248 1607 1296 et
1650 1240 1783 1310 ipse.

258 1328 364 1383 37.
407 1328 485 1382 De
509 1327 824 1383 subiectione
851 1330 1287 1400 presbyterorum.
1319 1329 1453 1384 Item
1503 1330 1558 1384 in
1597 1330 1784 1386 eodem

186 1418 434 1473 concilio
458 1417 596 1472 infra
616 1417 722 1473 duo
745 1419 998 1488 capitula,
1015 1427 1075 1473 ut
1097 1421 1277 1475 nullus
1297 1421 1578 1490 presbyter
1599 1429 1785 1476 contra

188 1524 359 1563 suum
389 1509 701 1577 episcopum
723 1511 1002 1579 superbire
1024 1513 1238 1566 audeat.

254 1601 358 1654 38.
399 1599 481 1653 De
499 1599 698 1653 clericis
720 1599 1059 1655 ecclesiastici
1081 1603 1297 1656 ordinis.
1321 1603 1451 1658 Item
1477 1603 1530 1657 in
1576 1604 1784 1669 eodem,

188 1696 244 1742 ut
269 1688 471 1742 clerici
498 1688 850 1744 ecclesiastici
881 1689 1086 1744 ordinis
1115 1691 1156 1754 ⁵,
1195 1691 1241 1745 si
1288 1691 1500 1761 culpam
1547 1692 1787 1748 incurre-

1886 519 2218 591 Quapropter
2241 524 2476 594 episcopi
2498 534 2551 581 et
2576 529 2896 598 presbyteri,
2923 544 2954 583 a
2975 533 3170 601 quibus
3198 536 3456 596 iudicium

1882 612 2244 679 poenitentiae
2291 615 2605 687 iniungitur,
2667 628 2931 674 conentur
2983 624 3306 682 omnimodis
3353 630 3458 686 hoc

1885 703 2086 758 malum
2140 719 2170 758 a
2206 709 2590 764 consuetudine
2615 712 2902 780 prohibere
2926 715 3010 768 vel
3032 716 3327 773 abscidere.

1953 793 2040 849 49.
2066 795 2144 848 De
2163 798 2493 867 presbyteris,
2517 817 2616 870 quo
2641 810 2866 870 tempore
2892 804 3216 860 ordinentur.
3241 807 3300 862 In
3329 826 3459 866 con-

1885 886 2010 941 cilio
2045 887 2483 944 Neocaesariensi
2525 891 2589 956 η,
2637 899 2697 945 ιιι
2756 894 3060 950 nullatenus
3099 896 3142 926 ¹⁹
3176 900 3459 971 presbyter

1883 976 2160 1031 ordinetur
2183 986 2307 1032 ante
2330 979 2660 1048 trigesimum
2687 983 2880 1038 aetatis
2905 999 3033 1040 suae
3055 1001 3255 1041 annum
3282 1004 3297 1052 ;
3331 991 3458 1058 quia

1884 1065 2130 1121 dominus
2166 1068 2314 1123 Iesus
2354 1069 2602 1127 Christus
2658 1088 2766 1128 non
2795 1076 3120 1144 praedicavit
3178 1086 3304 1136 ante
3361 1080 3458 1137 tri-

1883 1159 2144 1228 gesimum
2186 1176 2406 1218 annum.

1953 1248 2041 1302 50.
2082 1250 2158 1304 De
2181 1269 2308 1321 pace
2334 1253 2530 1308 danda.
2566 1255 2624 1310 In
2648 1255 3006 1313 decretalibus
3031 1259 3327 1316 Innocentii
3372 1279 3459 1334 pa—

1882 1352 2000 1408 pae,
2027 1349 2086 1393 ut
2104 1355 2206 1411 pax
2235 1342 2392 1396 detur
2423 1344 2490 1398 ab
2517 1346 3119 1412 omnibus,conl'ectis'°
3146 1350 3344 1408 Christi
3367 1369 3459 1409 sa-

1886 1430 2197 1484 cramentis.

1953 1519 2041 1573 51.
2079 1519 2159 1573 De
2179 1537 2366 1590 sponsa
2389 1521 2623 1578 alterius.
2649 1524 2708 1578 In
2724 1525 3083 1586 decretalibus
3106 1527 3281 1600 Syrici
3301 1529 3343 1562 ’ί
3365 1547 3459 1603 pa—

1882 1621 2002 1679 pae,
2025 1617 2084 1662 ut
2118 1610 2342 1665 alterius
2368 1626 2615 1680 sponsam
2644 1630 2802 1670 nemo
2828 1617 3076 1686 accipiat.

1955 1701 2044 1754 52.
2085 1701 2160 1756 De
2188 1703 2480 1757 nominibus
2521 1706 2818 1759 recitandis.
2859 1707 2990 1762 Item
3037 1707 3278 1764 eiusdem
3305 1709 3371 1775 “,
3402 1720 3462 1766 ut

189 1781 323 1844 rint,
354 1779 497 1850 apud
522 1781 918 1838 ecclesiasticos
948 1782 1272 1839 iudicentur.
1299 1799 1405 1839 non
1436 1784 1578 1854 apud
1623 1800 1781 1841 secu-
1813 1773 1860 1835 Β
1887 1794 2104 1848 nomina
2133 1795 2344 1864 publice
2370 1811 2477 1852 non
2508 1797 2802 1852 recitentur
2842 1807 2968 1854 ante
2999 1814 3188 1870 preces
3213 1773 3461 1858 sacerdo-

190 1870 363 1924 lares.

257 1944 359 2012 392
403 1957 484 2012 De
514 1960 796 2030 virginibus
823 1959 931 2014 Deo
966 1961 1173 2015 dicatis.
1231 1977 1267 2016 n
1296 1961 1316 1992 θ
1345 1961 1571 2018 concilio
1619 1962 1784 2017 ΑΠ’τί-

194 2065 336 2104 cano
361 2051 711 2119 praecipitur,
756 2059 814 2105 ιιι
841 2052 1078 2121 virgines
1105 2053 1216 2107 Deo
1238 2061 1582 2109 consecratae
1603 2070 1632 2109 a
1657 2068 1782 2124 gra-

192 2140 442 2195 vioribus
471 2143 720 2210 personis
742 2143 985 2213 diligenti
1014 2145 1259 2200 custodia
1285 2153 1590 2201 serventur.

260 2230 356 2284 40.
399 2231 480 2285 De
519 2234 798 2304 principali
847 2236 1097 2290 cathedra
1145 2237 1524 2308 episcOporum.
1563 2237 1697 2292 Item
1727 2235 1782 2291 in

194 2321 408 2387 eodem,
433 2332 494 2378 ut
519 2339 628 2379 non
647 2325 805 2380 liccat
828 2327 1080 2396 episcopo
1096 2327 1446 2397 principalem
1472 2327 1783 2382 cathedram

195 2431 329 2470 suae
350 2418 675 2486 parrochiae
714 2419 996 2497 neglegere
1027 2420 1068 2484 ⁷,
1117 2429 1172 2474 et
1220 2421 1454 2491 aliquam
1501 2420 1782 2476 ecclesiam

196 2506 254 2562 in
279 2524 376 2563 sua
415 2509 618 2566 diocesi
649 2512 820 2580 magis
857 2512 1220 2582 frequentare.

270 2597 358 2651 41.
387 2598 466 2653 De
485 2596 639 2670 falsis
663 2601 956 2656 nominibus
981 2612 1300 2659 sanctorum.
1328 2602 1461 2658 Item
1488 2602 1541 2656 in
1570 2601 1778 2666 eodem,

198 2692 262 2739 ut
289 2685 425 2742 falsa
454 2689 672 2743 nomina
722 2699 1020 2762 martyrum
1043 2691 1065 2720 "
1089 2699 1144 2746 et
1188 2691 1428 2746 incertae
1474 2699 1783 2748 sanctorum

199 2779 497 2833 memoriae
521 2794 630 2834 non
671 2791 1014 2836 venerentur.

176 2929 182 2932 _
280 2868 369 2922 42.
413 2870 488 2924 De
518 2888 676 2926 uxore
697 2891 728 2926 a
752 2873 860 2926 viro
892 2874 1129 2928 dimissa.
1170 2874 1303 2930 Item
1335 2875 1389 2929 in
1438 2876 1626 2930 eodem
1652 2876 1695 2941 °,
1721 2883 1783 2929 ut

209 2976 318 3016 nec
336 2977 474 3016 uxor
500 2965 660 3020 aviro
687 2965 903 3020 dimissa
929 2967 1092 3020 alium
1121 2968 1350 3036 accipiat
1369 2969 1544 3022 virum
1567 2969 1781 3024 vivente

216 3052 334 3109 viro
357 3069 476 3120 suo,
500 3070 600 3110 nec
616 3056 692 3110 vir
715 3057 869 3111 aliam
899 3059 1124 3127 accipiat
1149 3060 1358 3115 vivente
1384 3075 1553 3115 uxore
1578 3061 1779 3130 priore.

279 3145 368 3204 43.
409 3148 490 3202 De
518 3148 766 3203 iudicibus
789 3167 821 3203 a
845 3150 1241 3220 metropolitano
1273 3153 1523 3222 probatis.
1567 3153 1696 3207 Item
1723 3152 1779 3207 in

199 3245 416 3306 eodem,
451 3249 510 3294 ut
535 3240 743 3310 probati
767 3257 797 3294 a
823 3240 1237 3310 metropolitano
1261 3243 1463 3298 iudices
1487 3257 1593 3298 non
1631 3257 1781 3312 sper-

175 3343 422 3389 .nantur.

268 3425 360 3478 44.
402 3423 483 3477 De
530 3407 863 3476 accusatione
903 3422 1082 3477 vilium
1131 3439 1489 3494 personarum.
1544 3423 1675 3478 Item
1723 3422 1778 3478 in

171 3515 390 3571 eodem
412 3513 557 3569 infra
581 3512 688 3568 duo
709 3512 964 3582 capitula,
995 3520 1056 3567 ut
1080 3513 1212 3568 viles
1240 3527 1500 3582 personae
1529 3528 1639 3568 non
1676 3513 1780 3567 ha-

189 3603 358 3660 beant
384 3609 712 3672 potestatem
739 3600 1046 3657 accusandi.
1076 3601 1145 3657 Et
1176 3601 1218 3634 ³ο
1254 3602 1299 3656 si
1349 3602 1404 3656 in
1452 3602 1628 3671 primo
1673 3601 1779 3658 cri-

189 3693 342 3748 mine
371 3691 501 3748 victi
536 3699 666 3746 sunt
691 3689 886 3746 falsum
913 3691 1114 3758 dicere,
1163 3691 1216 3745 in
1245 3691 1479 3747 secundo
1531 3707 1640 3747 non
1685 3691 1780 3746 ha-

189 3782 355 3838 beant
389 3788 720 3851 potestatem
739 3780 971 3836 dicendi.

259 3869 356 3924 45.
396 3869 476 3923 De
497 3869 781 3940 virginibus
821 3869 1070 3924 velandis.
1101 3870 1234 3926 Item
1281 3871 1337 3924 in
1381 3871 1585 3935 eodem,
1629 3879 1690 3925 ut
1736 3871 1777 3903 “

192 3962 440 4033 virgines
477 3977 585 4016 non
625 3962 872 4017 velentur
901 3971 1024 4016 ante
1072 3978 1260 4028 annos,
1311 3963 1415 4018 nisi
1472 3963 1779 4019 rationabili

191 4055 528 4112 necessitate
551 4061 797 4122 cogente.

258 4145 335 4199 46
354 4145 420 4198 ⁸³.
449 4143 524 4198 De
538 4143 724 4199 oblatis
743 4161 1048 4215 pauperum.
1065 4144 1124 4198 In
1148 4145 1376 4202 concilio
1397 4143 1692 4214 Gangrensi
1712 4143 1775 4210 ¹³.

191 4241 247 4285 ιιι
270 4232 411 4286 nulli
441 4232 602 4287 liceat
627 4232 804 4288 oblata
837 4249 974 4304 quae
1002 4235 1069 4290 ad
1093 4249 1354 4306 pauperes
1397 4235 1669 4305 pertinent
1690 4250 1780 4289 ra-

190 4338 327 4392 pere
347 4323 434 4377 vel
470 4322 738 4379 fraudare.

261 4410 358 4463 ιτ.
402 4410 479 4465 De
507 4411 1141 4466 ieiuniisasacerdotibus
1179 4415 1489 4467 constitutis.
1530 4421 1663 4468 .tem
1719 4413 1772 4467 in

189 4502 410 4565 eodem,
437 4511 495 4555 ut
517 4501 878 4558 ecclesiastica
900 4519 931 4557 a
959 4505 1327 4560 sacerdotibus
1349 4505 1546 4559 ieiunia
1571 4506 1773 4560 consti-

189 4599 314 4646 tuta
341 4592 462 4647 sine
489 4594 533 4623 “
558 4594 882 4649 necessitate
909 4595 1213 4650 rationabili
1245 4611 1351 4650 non
1381 4595 1672 4650 solvantur.

1798 4467 1848 4527 D

1886 1883 2042 1939 tales.

1954 1972 2046 2028 53.
2079 1971 2154 2027 De
2173 1989 2432 2028 canonum
2473 1976 2728 2030 institutis
2765 1993 2798 2030 a
2841 1978 3153 2048 presbyteris
3180 1997 3282 2035 non
3315 1983 3461 2052 igno-

1883 2063 2084 2117 randis.
2122 2064 2253 2119 Item
2291 2065 2552 2131 eiusdem,
2606 2073 2665 2120 ut
2704 2058 2834 2120 milli
2898 2068 3167 2122 sacerdoti
3202 2069 3248 2100 ’³
3305 2069 3460 2126 liceat

1884 2155 2130 2226 ignorare
2157 2156 2201 2187 “
2223 2165 2530 2211 sanctorum
2561 2171 2820 2212 canonum
2845 2158 3108 2213 instituta.

1952 2241 2041 2296 54.
2080 2243 2158 2297 De
2181 2242 2383 2298 clericis
2411 2243 2627 2299 alterius
2648 2246 2893 2315 episcopi.
2929 2247 2986 2300 In
3012 2247 3245 2303 decretis
3265 2247 3462 2304 Leonis

1882 2346 2050 2401 papae
2071 2334 2338 2388 sancitum
2367 2343 2470 2400 est,
2499 2342 2553 2390 et
2578 2336 2634 2388 in
2661 2335 2964 2392 Sardicensi
2993 2339 3239 2402 concilio,
3268 2348 3329 2393 ut
3349 2340 3458 2409 epi-

1883 2437 2075 2492 scopus
2100 2423 2322 2480 alterius
2368 2425 2625 2484 clericum
2649 2426 2716 2481 ad
2738 2427 2785 2460 "
2805 2441 2866 2484 se
2895 2428 2962 2460 ²⁵⁶
2993 2443 3100 2485 non
3123 2429 3170 2461 “
3205 2429 3459 2488 sollicitet

1882 2526 1982 2566 nec
2005 2513 2235 2569 ordinet.

1953 2601 2060 2655 55.»
2081 2601 2159 2657 De
2187 2604 2350 2658 servis
2393 2604 2634 2662 alterius.
2686 2605 2820 2660 Item
2867 2606 3126 2672 eiusdem,
3173 2616 3235 2662 ut
3281 2608 3462 2665 nullus

1882 2691 2165 2762 episcopus
2183 2707 2396 2747 servum
2421 2693 2641 2749 alterius
2665 2695 2734 2749 ad
2779 2694 3065 2750 clericatus
3089 2695 3320 2750 otIicium
3348 2697 3463 2752 sine

1881 2783 2084 2837 domini
2111 2783 2193 2838 sui
2220 2783 2494 2838 voluntate
2517 2799 2834 2855 promovere
2853 2793 3182 2854 praesumat.
3209 2786 3277 2841 Et
3293 2785 3336 2818 "'
3361 2787 3464 2842 hoc

1881 2871 2190 2941 Gangrense
2211 2874 2258 2905 ³⁸
2282 2875 2571 2929 concilium
2590 2875 2862 2945 prohibet.

1949 2961 2038 3016 56.
2079 2962 2156 3017 De
2196 2964 2551 3019 sacerdotibus
2599 2974 2782 3018 contra
2836 2964 3120 3019 decretalia
3171 2965 3462 3037 agentibus.

1878 3053 2010 3109 Item
2040 3053 2302 3118 eiusdem,
2329 3062 2389 3108 ut
2407 3055 2452 3110 si
2481 3055 2602 3125 quis
2642 3040 2987 3110 sacerdotum
3023 3062 3216 3110 contra
3259 3055 3462 3112 consti-

1805 3117 1848 3178 C
1882 3150 1996 3199 tuta
2017 3117 2302 3199 decretalia
2315 3117 2744 3214 praesumptiose
2760 3151 2904 3214 agat,
2918 3151 2974 3199 et
2987 3144 3185 3214 corrigi
3205 3143 3461 3211 nolens”,

1879 3234 1947 3289 ab
1978 3234 2153 3290 otIicio
2181 3250 2280 3290 suo
2301 3236 2702 3290 submoveatur.

1948 3323 2037 3378 57.
2078 3323 2154 3378 De
2183 3324 2375 3391 viduis,
2407 3342 2440 3379 a
2464 3324 2651 3395 quibus
2690 3340 2794 3378 non
2830 3323 3077 3379 velentur.
3122 3324 3182 3380 In
3227 3323 3463 3381 decretis

1879 3411 2077 3468 Gelasii
2125 3428 2317 3482 papae,
2367 3422 2455 3468 ιιι·
2489 3414 2668 3470 nullus
2715 3414 3003 3485 episcopus
3035 3414 3225 3470 viduas
3275 3413 3460 3469 velare

1877 3509 2204 3570 praesumat.

1949 3593 2040 3652 58.
2078 3593 2155 3647 De
2202 3593 2308 3662 ﬁde
2365 3593 2622 3649 catholica
2667 3604 2716 3650 et
2763 3597 2932 3666 primo
2977 3601 3250 3666 praecepto
3311 3595 3459 3665 legis.

1877 3683 2064 3741 Primo
2089 3685 2326 3742 omnium
2358 3686 2729 3753 admonemus,
2781 3696 2840 3743 ut
2889 3687 3024 3743 ﬁdes
3072 3688 3334 3743 catholica
3391 3689 3460 3743 ab

1878 3775 2142 3844 episcopis
2166 3784 2220 3830 et
2242 3776 2576 3846 presbyteris
2596 3776 2884 3845 diligenter
2930 3776 3142 3847 legatur
3180 3777 3326 3832 omni
3368 3791 3461 3846 po-

1878 3863 2005 3933 pulo
2029 3865 2472 3934 praediceturque
2493 3865 2538 3897 ³⁰
2560 3863 2662 3922 hoc
2685 3866 2728 3897 ³¹
2746 3867 2978 3936 primum
2999 3877 3339 3937 praeceptum
3366 3869 3463 3923 do-

1879 3955 2011 4009 mini
2037 3956 2130 4008 Dei
2151 3956 2535 4024 omnipotentis
2561 3956 2616 4010 in
2652 3955 2696 3986 ⁸¹
2728 3956 2886 4026 lege:
2912 3956 3070 4019 Audi,
3102 3955 3292 4020 Israel,
3335 3957 3461 4026 quia

1879 4047 2139 4111 dominus,
2169 4046 2308 4100 Deus
2338 4056 2478 4112 tuus,
2507 4046 2634 4100 deus
2657 4063 2793 4100 unus
2815 4055 2890 4100 est
2918 4063 2931 4098 :
2963 4053 3018 4099 et
3041 4053 3100 4099 ut
3127 4045 3218 4099 ille
3263 4046 3458 4116 diliga-

1880 4145 1968 4192 tur
1994 4151 2060 4191 ex
2093 4143 2204 4190 toto
2225 4135 2407 4200 corde,
2433 4143 2488 4190 ct
2507 4149 2574 4190 ex
2595 4142 2706 4190 tota
2731 4143 2930 4195 mente.
2954 4141 3011 4190 et
3033 4149 3101 4189 ex
3123 4141 3235 4188 tota
3255 4134 3456 4200 anima,

1879 4235 1934 4282 et
1953 4243 2017 4282 ex
2049 4235 2160 4281 tota
2185 4227 2402 4281 virtute.

1948 4317 2038 4372 59.
2079 4317 2155 4370 De
2195 4334 2324 4388 pace
2360 4326 2410 4371 et
2454 4316 2734 4370 concordia
2759 4316 3034 4371 servanda.
3067 4316 3137 4372 Ut
3163 4317 3206 4349 ³³
3233 4333 3338 4387 pax
3386 4318 3459 4373 sit

1878 4418 1933 4465 et
1960 4409 2246 4465 concordia
2272 4409 2676 4464 etunanimitas
2702 4423 2823 4490 cum
2872 4409 3020 4462 omni
3071 4409 3270 4478 populo
3315 4409 3459 4464 chri-

1875 4503 2052 4557 stiano
2078 4502 2219 4556 inter
2246 4502 2547 4571 episcopos,
2597 4501 2838 4564 abbates,
2863 4501 3107 4565 comites,
3159 4500 3361 4556 iudices
3403 4509 3460 4555 et

1873 4610 2061 4650 omnes
2085 4594 2284 4662 ubique
2322 4609 2415 4649 seu
2445 4593 2677 4648 maiores
2705 4607 2798 4646 seu
2823 4593 3060 4647 minores
3085 4607 3344 4660 personas
3373 4591 3456 4644 ἰε

261 4683 359 4737 43.
399 4682 478 4736 De
498 4684 580 4737 his
600 4685 692 4754 qui
715 4693 896 4738 contra
918 4694 1161 4739 naturam
1192 4694 1426 4755 peccant.
1456 4685 1513 4739 In
1542 4686 1773 4741 concilio
1875 4685 2002 4754 quia
2024 4684 2158 4740 nihil
2192 4685 2299 4739 Deo
2327 4683 2442 4737 sine
2467 4697 2597 4752 pace
2616 4683 2814 4751 placet,
2848 4698 2949 4737 nec
2992 4697 3188 4736 munus
3239 4690 3461 4736 sanctae

190 4773 573 4842 Ancyronensi
599 4774 642 4804 "
672 4789 688 4828 :
714 4772 917 4829 Inventi
947 4782 1071 4828 sunt
1112 4775 1253 4828 inter
1297 4789 1393 4829 vos
1439 4775 1529 4844 qui
1587 4791 1709 4829 cum
1733 4775 1776 4806 ¹⁶

187 4861 636 4934 quadrupedibus
659 4864 743 4918 vel
769 4863 1021 4920 masculis
1050 4874 1238 4920 contra
1259 4873 1503 4922 naturam
1529 4875 1775 4934 peccant.

1877 4776 2167 4829 oblationis
2191 4774 2258 4828 ad
2285 4774 2475 4839 altare,
2503 4773 2644 4827 sicut
2673 4773 2727 4825 in
2756 4771 3038 4842 euangelio
3070 4772 3186 4840 ipso
3231 4770 3462 4827 Domino

1878 4865 2241 4936 praecipiente
2265 4864 2512 4935 legimus.
2537 4863 2604 4918 Et
2631 4870 2698 4917 ut.
2717 4870 2801 4917 est
2826 4860 2956 4916 illud
2982 4858 3274 4915 secundum
3300 4871 3460 4912 man-

1420 5019 1807 5078 VARIANTES
1834 5021 2234 5078 LECTIONES.

265 5153 298 5223 ‘7
317 5163 368 5204 e.
398 5150 627 5223 concilio
655 5149 738 5204 3.‘.
785 5151 888 5223 ’Ae.
921 5151 1149 5223 concilio
1170 5152 1223 5206 3.
1249 5150 1301 5205 6.
1377 5151 1397 5183 ³
1418 5151 1554 5206 deest
1575 5153 1652 5223 3._
1704 5151 1726 5184 ‘
1752 5154 2268 5223 communicavcrint
2294 5154 2360 5208 B.
2437 5155 2458 5186 ⁸
2483 5171 2518 5208 ιι
2547 5151 2865 5207 clericorum
2885 5150 3101 5223 ordines
3135 5151 3208 5206 3..

189 5221 248 5294 in
280 5222 340 5294 5.
382 5221 436 5294 ’⁷
468 5221 858 5294 relinquere‘_3._
927 5221 948 5252 ⁸
988 5237 1061 5274 m.
1106 5230 1414 5294 sanctorum
1439 5224 1492 5294 3.
1568 5222 1588 5254 ’
1613 5221 1678 5294 G.
1708 5223 1888 5294 incipit
1909 5235 1928 5277 ':
1959 5221 2241 5279 Decretum
2270 5232 2370 5290 est,
2408 5232 2486 5279 ut.

3283 5150 3303 5180 ⁸
3327 5150 3457 5206 item

2584 5224 2626 5254 ¹⁰
2663 5231 2755 5276 aut
2793 5224 2844 5275 1.
2893 5223 2966 5275 l'.
3017 5220 3070 5274 4.
3119 5227 3178 5273 ut
3205 5218 3270 5273 Β.
3316 5230 3459 5275 etut

188 5292 240 5346 si
268 5289 340 5344 G.
450 5289 526 5373 Δ(⁸1)
556 5289 712 5373 βᾳι..
756 5291 795 5322 ¹¹
817 5291 984 5373 μέθαι.
1019 5294 1087 5344 ι’.
1165 5292 1205 5322 ¹²
1235 5292 1363 5373 Item
1396 5292 1456 5357 in
1610 5293 1652 5373 1’
1687 5289 2427 5373 galng'arensi41Aconstartter.
2458 5371 2464 5373 Δ
2501 5292 2548 5373 1"
2572 5293 2674 5373 nisi
2703 5292 2768 5346 G.
2849 5292 2892 5324 ⁸⁵
2919 5290 3313 5373 aquicumque
3341 5294 3454 5373 (διί-

187 5358 574 5444 Ρῖαξεήρέξιιιι)
607 5360 622 5413 i
663 5361 734 5413 l'.
763 5431 774 5441 .
817 5360 934 5444 ξε.
967 5362 1382 5444 consanguineis
1403 5369 1496 5444 aut
1524 5378 1578 5444 q.
1603 5358 1954 5444 ςτξ-ίτᾞςςες
1984 5364 2037 5417 l.
2166 5364 2315 5444 B._hi
2347 5371 2472 5444 sunt
2501 5364 2554 5418 3.
2632 5358 3090 5444 1‘f_necfessarie_nsi
3121 5358 3459 5444 ιζλξξέιιιι-

190 5423 379 5502 Ius_3_._
406 5423 417 5428 ’
506 5423 808 5502 consecutis
962 5433 1018 5502 _“
1051 5423 1231 5502 syriEii
1254 5433 1326 5486 l‘.
1355 5433 1408 5486 4.
1434 5432 1500 5486 Β.
1525 5423 1694 5487 ciricii
1720 5433 1773 5486 5.
1803 5483 1815 5502 ί.
1862 5434 1906 5464 ²²
1933 5434 1988 5488 in
2012 5436 2199 5489 eodem
2221 5435 2274 5488 5.
2299 5443 2372 5487 est
2405 5432 2694 5502 Innocentii
2721 5449 2768 5485 ε.
2798 5432 2852 5486 2.
2878 5449 2924 5486 v.
2953 5443 3110 5502 supra
3152 5430 3272 5502 789.
3304 5429 3454 5486 Eccl.

194 5517 247 5552 ε.
279 5492 379 5552 5ίῖ

441 5499 486 5529 ³³
505 5500 842 5572 sacerdotum
869 5501 922 5554 3.
949 5500 1003 5554 4.
1033 5499 1343 5557 sacerdotae
1367 5503 1432 5556 Β.
1509 5503 1564 5572 ξδ.
1582 5501 1813 5572 ignorari
1843 5502 1893 5556 l.

275 5568 662 5644 grangcnseG.
720 5570 780 5644 _’_'
803 5585 966 5639 agens
991 5572 1186 5644 corrigi
1214 5573 1465 5644 noluerit.
1495 5571 1559 5644 (ἐ.
1587 5568 1704 5626 Bal-
1784 5573 2144 5644 “correctum
2165 5571 2503 5644 praedicetur
2523 5573 2663 5640 quod
2694 5573 2747 5644 h.
2772 5589 2825 5642 p.
2851 5589 2904 5644 p.
2933 5573 2987 5626 d.
3012 5574 3064 5628 d.
3084 5568 3212 5644 o'._i.
3239 5571 3273 5624 Ι.
3295 5578 3378 5644 est
3400 5571 3453 5644 ξ.

197 5638 244 5714 ξι
270 5637 334 5714 l._,
361 5647 583 5714 et_o.‘p._
606 5637 931 5714 predicetur,
958 5644 1084 5714 quia
1115 5637 1216 5714 h'oc
1240 5643 1293 5696 3.
1323 5642 1374 5696 6.
1403 5641 1468 5696 G.
1503 5642 1800 5714 (omnique)
1823 5641 1942 5697 Bal.
1971 5644 2085 5699 l.'o.
2113 5637 2181 5712 ρΣ
2194 5659 2299 5698 non
2324 5637 2606 5708 iudicetur,
2638 5637 2894 5712 quia—hoc
2923 5645 2985 5698 Β.

1995 5505 2042 5534 ³⁵
2061 5505 2199 5557 deest
2223 5505 2276 5558 3.
2353 5502 2403 5545 ⁸⁸.
2418 5502 2556 5554 deest
2583 5501 2646 5555 Β.
2665 5539 2678 5557 .
2724 5503 2766 5534 ³⁷
2794 5516 2844 5558 e.
2872 5504 2926 5557 h.
2950 5500 3022 5558 (ἶ.
3041 5517 3088 5556 c.
3111 5517 3166 5570 p.
3189 5500 3372 5555 desunt
3397 5502 3452 5558 5.

3074 5643 3118 5674 ³⁸
3149 5641 3245 5696 lest
3303 5642 3354 5697 in
3398 5642 3452 5697 Ξ.

198 5707 258 5761 6.
289 5708 357 5761 Β.
389 5706 457 5763 G.
483 5706 625 5764 Half
676 5710 720 5744 ³³
754 5720 887 5776 etut
913 5706 991 5767 ΓΖ
1016 5712 1399 5782 Praecipitnus,
1430 5722 1489 5769 ut
1510 5706 1578 5770 Β.
1620 5706 1627 5710 ’
1655 5706 1710 5746 ’ί
1731 5706 1795 5784 si
1851 5729 1924 5768 ιιι.
1979 5729 2036 5784 p.
2082 5706 2266 5768 desunt
2313 5715 2365 5767 3.
