4004 6340
1364 262 1426 318 n.
1466 258 1715 319 canon
1750 257 1963 317 MAGNI
2000 256 2151 313 ora.
2191 254 2371 314 rans
2404 256 2447 313 ι.
2489 254 2731 312 suam
2765 252 2999 313 PRIMA.
3717 255 3815 317 διδ

563 271 670 332 815

566 386 748 442 datum
766 381 822 438 In
840 379 957 451 lege
978 375 1205 446 :Diliges
1225 368 1680 445 proximumtuum
1699 372 1832 426 sicut
1856 378 1904 425 te
1916 371 2086 440 ipsum
2107 369 2146 418 ι.
2180 370 2223 427 Α
2252 368 2559 426 rationabili
2583 376 2761 423 aetate
2784 376 2931 433 sunt,
2959 383 3070 424 non
3094 378 3361 440 cogantur
3386 370 3585 433 iurare.
3616 376 3693 434 Et
3731 383 3820 448 qui

565 474 698 529 Item
721 472 775 526 in
800 465 1115 536 euangelio:
1145 463 1295 517 Beati
1338 461 1567 532 paciﬁci,
1614 460 1862 532 quoniam
1909 457 2007 527 ﬁlii
2054 457 2147 511 Dei
2247 460 2416 516 semel
2434 460 2741 529 periuratus
2757 458 2939 525 fuerit,
2965 475 3071 516 nec
3099 462 3254 517 testis
3274 463 3346 518 sit
3383 475 3507 534 post
3544 468 3701 535 haec,
3727 484 3820 527 nec

566 564 903 620 vocabuntur.
938 558 1004 611 Et
1047 556 1240 610 iterum
1274 551 1407 621 {In
1452 554 1549 606 hoc
1594 559 1901 622 cognoscent
1946 565 2141 613 omnes,

564 654 688 724 quia
715 651 814 704 mei
843 650 862 679 ¹
883 643 1124 717 discipuli
1143 645 1284 708 estis,
1310 643 1354 698 si
1376 641 1702 696 dilectionem
1723 641 2009 695 habueritis
2030 639 2100 693 ad
2122 640 2143 671 ³

563 741 799 795 invicem.
826 736 884 792 In
912 737 1014 790 hoc
1055 735 1201 789 enim
1226 733 1248 765 ⁸
1294 740 1582 803 praecepto
1621 732 2001 787 discernuntur
2045 730 2143 785 ﬁlii

563 831 659 887 Dei
678 838 733 884 et
758 828 857 883 ﬁlii
878 826 1097 891 diaboli,
1122 824 1247 895 quia
1263 823 1361 879 lilii
1377 822 1581 878 diaboli
1605 837 1819 891 semper
1842 821 2138 878 dissensio-

562 937 659 977 nes
699 928 753 975 et
793 919 1087 975 discordias
1142 931 1357 973 movere
1383 922 1652 986 satagunt,
1692 914 1792 969 lilii
1837 923 2015 970 autem
2043 916 2140 971 Dei

562 1026 778 1082 semper
804 1011 923 1080 paci
947 1017 1002 1064 et
1052 1007 1330 1063 dilectioni
1359 1007 1596 1061 student.

633 1102 720 1156 60.
748 1101 827 1156 De
846 1100 1127 1154 iudicibus.
1170 1098 1243 1155 Ut
1273 1098 1295 1130 '
1322 1099 1517 1167 quibus
1541 1098 1665 1152 data
1684 1106 1768 1154 est
1788 1105 2030 1169 potestas
2057 1098 2141 1153 iu-

561 1191 797 1258 dicandi,
818 1192 959 1246 iuste
986 1190 1007 1221 '
1036 1189 1295 1255 iudicent,
1318 1189 1461 1245 sicut
1494 1189 1516 1221 '
1551 1190 1810 1259 scriptum
1839 1198 1923 1245 est
1949 1202 1966 1245 :
1993 1188 2139 1244 Iuste

560 1285 808 1350 iudicate,
837 1282 936 1355 ﬁlii
965 1283 1258 1337 hominum.
1286 1281 1404 1338 Non
1432 1284 1485 1336 in
1511 1283 1844 1349 muneribus,
1870 1284 1994 1352 quia
2023 1300 2140 1339 mu-

561 1390 696 1431 nera
746 1381 1041 1430 excoecant
1106 1372 1269 1427 corda
1325 1372 1672 1443 prudentium
1726 1380 1780 1428 et
1821 1375 2139 1431 subvertant

561 1463 726 1519 verba
747 1463 770 1495 ⁸
807 1462 1093 1518 iustorum.
1119 1462 1234 1520 Non
1270 1463 1325 1519 in
1368 1464 1673 1521 adolatione
1699 1448 1743 1532 ’ξ
1779 1482 1882 1523 nec
1910 1468 1966 1522 in
2010 1482 2139 1523 con-

561 1553 889 1610 sideratione
911 1568 1191 1625 personae,
1221 1555 1364 1611 sicut
1405 1556 1460 1611 in
1482 1554 1889 1613 deuteronomio
1931 1558 2136 1624 dictum

2245 550 2313 605 ad
2335 558 2728 605 sacramentum
2753 551 2995 618 accedat,
3016 566 3118 607 nec
3141 552 3197 608 in
3223 568 3320 608 sua
3335 569 3497 610 causa
3521 556 3569 589 “
3588 558 3675 612 vel
3696 559 3819 615 alte-

2244 639 2358 695 rius
2384 638 2591 695 iurator
2615 640 2833 696 existat.

2313 729 2401 784 62.
2434 730 2510 784 De
2528 733 2767 803 auguriis
2788 731 2864 787 vel
2884 732 3006 788 aliis
3027 732 3323 803 maleﬁciis.
3341 735 3615 793 Habemus
3635 739 3693 794 in
3715 738 3820 812 lege

2240 821 2452 876 Domini
2478 823 2789 878 mandatum
2817 841 2831 877 :
2862 823 2987 878 Non
3008 827 3365 895 auguriamini
3386 828 3464 894 ης
3489 837 3547 883 et
3564 830 3621 884 in
3647 830 3820 886 dente-

2240 915 2485 970 ronomio
2531 933 2545 968 :
2579 914 2745 970 Nemo
2772 916 2838 970 sit
2879 917 2944 980 ’⁸,
2977 920 3067 988 qui
3102 920 3297 973 ariolos
3335 922 3631 975 sciscitetur
3651 923 3715 986 ”,
3752 922 3818 978 uel

2237 1004 2442 1058 somnia
2470 1004 2715 1070 observet,
2741 1004 2817 1059 vel
2846 1008 3072 1077 auguria
3096 1008 3143 1039 ’⁸
3163 1009 3420 1064 intendat.
3453 1010 3589 1065 Item
3614 1029 3630 1065 :
3663 1012 3817 1069 Nemo

2235 1093 2304 1147 sit
2349 1093 2636 1164 maleﬁcus,
2684 1112 2777 1150 nec
2800 1097 3115 1162 incantator,
3166 1115 3258 1153 nec
3299 1101 3529 1170 phitonis
3555 1101 3601 1132 ”
3625 1103 3818 1157 consul-

2215 1191 2322 1239 .tor
2342 1183 2408 1237 ⁸⁰.
2422 1184 2545 1239 Ideo
2558 1186 2937 1257 praecipimus,
2959 1194 3019 1241 ut
3039 1203 3140 1244 nec
3159 1190 3532 1246 cauculatores
3546 1192 3591 1223 ⁸¹
3608 1201 3667 1248 et
3680 1192 3725 1224 ³⁸
3746 1194 3817 1248 in-

2236 1281 2560 1340 cantalores,
2601 1290 2702 1330 nec
2740 1278 3076 1347 tempestarii
3099 1277 3147 1310 ³³
3189 1279 3275 1334 vel
3302 1280 3634 1350 obligatores
3659 1282 3812 1352 ﬁant;

2238 1368 2294 1416 et
2335 1363 2661 1433 ubicumque
2712 1375 2841 1421 sunt
2869 1366 2933 1431 “,
2968 1369 3323 1425 emendentur
3365 1371 3451 1425 vel
3472 1372 3812 1438 damnentur.

2235 1452 2371 1507 Item
2413 1454 2479 1509 de
2504 1456 2790 1512 arboribus
2811 1456 2894 1512 vel
2937 1458 3109 1528 petris
3130 1460 3217 1514 vel
3242 1460 3288 1491 ³⁵
3308 1459 3570 1526 fontibus,
3596 1464 3690 1517 ubi
3733 1464 3814 1518 ali-

2237 1546 2331 1613 qui
2370 1546 2523 1600 stulti
2546 1546 2833 1602 luminaria
2858 1549 2945 1604 vel
2971 1550 3107 1604 alias
3136 1550 3544 1608 observationes
3584 1552 3811 1621 faciunt,

560 1651 645 1698 est
672 1658 686 1696 :
713 1642 866 1709 Quod
887 1644 1079 1699 iustum
1106 1654 1181 1699 est
1210 1645 1437 1700 iudicate
1460 1662 1480 1711 ;
1523 1647 1631 1701 sive
1654 1649 1780 1703 civis
1805 1650 1872 1703 sit
1899 1648 2005 1714 ille,
2033 1651 2138 1705 sive

2249 1638 2461 1693 cumino
2500 1639 2835 1704 mandamus,
2884 1648 2945 1694 ut
2978 1640 3392 1710 istegpessimus
3445 1657 3579 1697 usus
3619 1651 3678 1697 et
3720 1644 3812 1698 Deo

559 1735 876 1806 peregrinus,
910 1734 1057 1790 nulla
1078 1737 1147 1789 sit
1173 1736 1425 1790 distantia
1451 1708 1823 1808 personarum;
1874 1708 2003 1810 quia
2044 1741 2141 1795 Dei
2174 1708 2220 1768 Β
2251 1728 2570 1810 execrabilis
2614 1730 2938 1801 ubi“qu
2982 1708 3273 1798 ίηνέίιίῑυτν
3308 1733 3533 1789 mnam"
3552 1733 3600 1766 ⁸⁸
3643 1743 3697 1791 ει
3736 1736 3813 1792 ἀθ-

560 1823 815 1878 iudicium
844 1833 940 1878 est.
979 1824 1162 1880 Primo
1201 1838 1225 1866 α
1254 1841 1489 1896 namque
1534 1828 1587 1881 in
1629 1829 1827 1884 iudicio
1865 1830 2149 1902 diligenter

561 1912 907 1969 discernatur
930 1915 1015 1970 lex
1048 1932 1078 1969 a
1106 1917 1442 1984 sapientibus
1479 1919 1671 1988 populi
1711 1922 2033 1989 composita,
2081 1936 2150 1977 ne

560 2018 658 2075 per
683 2004 1041 2074 ignorantiam
1082 2019 1113 2061 a
1140 2021 1229 2060 vta
1272 2007 1518 2065 veritatis
1550 2016 1715 2063 erret.
1757 2008 1827 2063 Et
1878 2009 2006 2063 dum
2056 2010 2150 2065 ille

566 2102 775 2149 rectum
805 2095 1069 2167 intellegit
1096 2096 1596 2164 iudicium,caveat,
1629 2115 1700 2155 ne
1726 2100 1767 2132 ¹⁰
1795 2100 2028 2156 declinet
2058 2112 2152 2158 aut

559 2197 658 2253 per
679 2183 1044 2240 adulationem
1070 2185 1396 2255 aliquorum,
1422 2197 1518 2243 aut
1547 2203 1641 2259 per
1664 2205 1904 2245 amorem
1930 2191 2151 2246 cuiusli-

563 2275 693 2330 libet
714 2275 897 2343 amici,
924 2283 1017 2331 aut
1043 2291 1138 2347 per
1158 2278 1409 2337 timorem
1438 2279 1665 2335 alicuius
1692 2283 1929 2350 potentis
1960 2283 2024 2347 “,
2058 2291 2151 2338 aut

560 2374 781 2436 propter
808 2368 1131 2436 praemium,
1170 2383 1202 2423 a
1222 2377 1370 2425 recto
1407 2369 1629 2427 iudicio.
1657 2372 1884 2428 Rectum
1914 2373 1942 2413 ιι
1969 2383 2149 2429 autem

560 2465 617 2513 et
639 2459 923 2514 honestum
951 2461 1186 2528 videtur,
1217 2472 1278 2517 ut
1303 2464 1508 2520 iudices
1525 2465 1690 2521 ieiuni
1713 2480 1906 2521 causas
1926 2467 2150 2521 audiant

563 2557 616 2603 et
641 2549 970 2606 discernant.

636 2641 724 2696 61.
754 2642 827 2697 De
847 2644 1113 2712 periuriis.
1154 2644 1426 2702 Habemus
1447 2648 1502 2703 in
1523 2647 1657 2718 lege,
1687 2648 1914 2705 Domino
1935 2650 2147 2720 praeci-

562 2734 746 2806 piente
773 2750 788 2788 :
819 2732 942 2788 Non
989 2735 1280 2804 periurabis
1321 2737 1378 2791 in
1402 2738 1609 2793 nomine
1645 2755 1786 2805 meo,
1818 2756 1908 2794 nec
1947 2739 2149 2811 pollues

564 2840 753 2878 nomen
783 2823 881 2877 Dei
926 2823 1030 2888 tui,
1064 2833 1112 2878 et
1139 2842 1203 2880 ne
1231 2827 1272 2858 ¹²
1299 2844 1531 2883 assumes
1578 2845 1765 2884 nomen
1809 2830 2007 2884 domini
2050 2829 2149 2883 Dei

562 2916 643 2970 tui
669 2915 726 2970 in
742 2931 932 2971 vanum
958 2914 1031 2969 ¹².ι
1048 2915 1172 2972 Ideo
1196 2919 1418 2974 omnino
1439 2922 1779 3005 ammpnendi
1808 2930 1935 2977 sunt
1958 2936 2147 2976 omnes

2252 1826 2514 1873 struatur.

2322 1908 2411 1965 65.
2436 1909 2515 1964 De
2539 1911 2659 1965 odio
2701 1911 2777 1966 vel
2798 1912 3013 1967 invidia.
3054 1911 3363 1970 Praedicarl
3383 1916 3428 1949 "’
3457 1931 3679 1974 necesse
3710 1928 3806 1983 est,

2224 2010 2512 2071 quantum
2539 2002 2739 2056 malum
2774 2002 2845 2058 sit
2871 2004 3053 2059 odium
3068 2005 3152 2061 vel
3180 2007 3398 2062 invidia.
3448 2008 3507 2062 In
3533 2009 3650 2080 lege
3688 2010 3806 2065 enim

2254 2092 2511 2160 scriptum
2525 2101 2639 2147 est:
2662 2092 2787 2147 Non
2807 2094 2853 2126 ³⁸
2874 2096 3043 2150 oderis
3064 2097 3279 2166 fratrem
3301 2106 3448 2151 tuum
3470 2099 3527 2151 in
3548 2100 3701 2153 corde
3717 2110 3804 2165 tuo,

2252 2182 2343 2236 sed
2354 2182 2556 2252 publice
2575 2200 2739 2253 argue
2756 2200 2894 2238 eum.
2908 2186 3039 2240 Item
3060 2186 3325 2242 Iohannes
3348 2188 3682 2258 euangelista
3697 2207 3709 2242 :
3724 2189 3807 2254 Qui

2254 2272 2362 2325 odit
2394 2272 2611 2342 fratrem
2651 2290 2826 2340 suum,
2849 2275 3112 2330 homicida
3132 2286 3228 2331 est.
3254 2278 3387 2333 Item
3424 2279 3481 2332 in
3507 2280 3802 2349 euangelio:

2256 2362 2318 2418 Si
2338 2365 2619 2433 peccaverit
2640 2365 2694 2431 in
2722 2374 2772 2419 te
2793 2365 2959 2435 frater
2977 2375 3119 2433 tuus,
3152 2369 3281 2422 vade
3299 2378 3349 2423 et
3369 2370 3576 2439 corripe
3616 2386 3723 2423 eunt
3741 2370 3807 2424 in-

2253 2463 2333 2510 ter
2351 2465 2399 2510 te
2420 2466 2467 2510 et
2489 2458 2658 2527 ipsum
2678 2458 2881 2524 solum;
2903 2467 2958 2513 et
2984 2459 3189 2529 reliqua
3227 2459 3272 2493 ⁹⁹

2324 2544 2412 2599 64.
2438 2538 2573 2600 Item
2609 2547 2673 2601 de
2703 2549 2925 2603 auaritia
2961 2559 3011 2604 et
3032 2553 3469 2623 concupiscentia.
3517 2554 3595 2611 De
3622 2557 3667 2588 “
3699 2570 3806 2612 avao

2254 2640 2380 2695 ritia
2404 2650 2583 2695 autem
2610 2641 2909 2712 apostolum
2937 2642 3164 2713 legimus
3205 2645 3475 2702 dicentem
3519 2662 3536 2704 :
3576 2648 3802 2715 Avaritia,

2252 2748 2385 2801 quae
2442 2740 2517 2786 est
2554 2731 2815 2787 idolorum
2860 2735 3080 2788 seruitus
3116 2735 3184 2801 “,
3229 2738 3481 2791 cavenda.
3525 2739 3597 2794 De
3627 2754 3804 2795 conat-

2252 2821 2517 2889 piscentia
2536 2836 2666 2877 vero
2691 2820 2904 2891 legitur,
2947 2823 3093 2892 quod
3133 2824 3286 2880 radix
3331 2826 3404 2880 sit
3436 2827 3669 2882 omnium
3702 2843 3807 2882 na-

2253 2910 2463 2978 lorum;
2494 2919 2550 2967 et
2574 2908 2628 2966 in
2655 2911 2771 2981 lege
2796 2929 2811 2966 :
2845 2912 2970 2967 Non
2990 2915 3320 2986 concupisces
3351 2932 3458 2971 rem
3479 2918 3695 2988 proximi
3724 2916 3804 2970 tsi.

550 3005 872 3077 -siligenter,
901 3014 962 3061 ut
986 3017 1212 3064 caveant
1247 3012 1560 3079 periurium,
1584 2992 1718 3068 'non
1744 3003 1916 3069 solum
1941 3014 1997 3068 in
2021 3028 2147 3068 san-

2257 3001 2412 3058 V65.
2438 3002 2516 3058 De
2542 3004 2737 3058 honore
2754 3012 3047 3075 parentum.
3075 2992 3191 3061 Hoc
3210 3007 3257 3037 δ’
3279 3022 3405 3062 cum
3429 3023 3626 3079 magno
3654 3009 3805 3065 studio

564 3105 654 3153 cto
673 3098 953 3169 euangelio
975 3100 1059 3156 vel
1099 3101 1154 3156 in
1179 3101 1354 3168 altari,
1395 3118 1490 3159 seu
1516 3104 1560 3137 “
1597 3105 1650 3159 in
1674 3113 1985 3161 sanctorum
2023 3104 2149 3159 reli-z
2178 3096 2224 3112 “
2254 3096 2674 3151 δωωοηθηάὑω
2704 3103 2809 3160 θεῖν
2846 3105 2909 3151 ιιι
2945 3096 3041 3152 ﬁlii
3066 3096 3333 3153 δοιιονειη
3374 3109 3631 3169 Parentes
3676 3116 3805 3166 διιθεὶ

562 3188 728 3259 quiis,
755 3190 851 3244 sed
869 3198 926 3245 et
964 3190 1008 3223 ³⁸
1048 3190 1105 3245 in
1151 3194 1421 3249 communi
1451 3194 1684 3265 loquela.
1716 3195 1854 3263 Quia
1876 3204 2003 3251 sunt
2045 3195 2148 3250 ali-

564 3279 661 3349 qui
698 3280 791 3349 qui
829 3293 927 3350 per
966 3281 1252 3338 caritatem
1308 3291 1366 3338 et
1399 3287 1683 3340 veritatem
1730 3286 1926 3350 iurant,
1956 3295 2013 3342 et
2054 3301 2147 3341 ca-

567 3377 696 3424 vent
720 3369 762 3400 ¹⁶
786 3384 846 3425 se
863 3369 903 3402 ⁸⁷
925 3384 957 3425 a
978 3369 1284 3428 iuramento
1304 3372 1538 3429 nominis
1554 3374 1596 3405 ¹⁸
1614 3374 1726 3439 Dei,
1744 3384 1798 3431 et
1819 3376 2068 3431 nesciunt
2083 3374 2159 3441 ι’.

569 3457 713 3531 quod
739 3459 882 3514 idem
924 3469 1008 3516 est
1048 3461 1190 3517 Deus
1215 3464 1359 3532 quod
1394 3471 1479 3519 est
1505 3465 1706 3522 caritas
1731 3476 1785 3523 et
1802 3469 2023 3532 veritas,
2068 3468 2153 3523 di-

570 3556 729 3603 cente
750 3547 795 3581 “
816 3548 1051 3605 Iohanne
1073 3548 1333 3621 apostolo,
1361 3554 1486 3624 quia
1508 3554 1649 3611 Deus
1674 3559 1869 3613 caritas
1894 3568 1989 3614 est.
2014 3559 2153 3614 Item

572 3635 690 3705 ipse
711 3637 970 3693 Dominus
1009 3639 1067 3696 in
1096 3643 1417 3715 euangelio:
1441 3645 1555 3717 Ego
1589 3663 1707 3702 sum
1729 3649 1811 3703 via
1841 3658 1890 3704 et
1937 3651 2148 3705 veritas.

574 3728 697 3783 Ideo
720 3729 813 3799 qui
838 3731 894 3784 in
923 3731 1154 3790 veritate
1179 3743 1234 3790 et
1276 3735 1501 3793 caritate
1541 3738 1704 3804 iurat,
1743 3741 1801 3794 in
1836 3741 1948 3797 Deo
1986 3741 2149 3796 iurat.

576 3820 706 3877 ltem
728 3823 1027 3879 cavendum
1049 3834 1153 3892 est,
1197 3841 1267 3883 ne
1305 3829 1610 3900 pharisaica
1637 3832 2020 3902 superstitione
2053 3833 2150 3888 ali-

577 3910 700 3980 quis
739 3910 862 3980 plus
895 3927 1088 3969 aurum
1117 3915 1364 3983 honoret,
1409 3932 1571 3987 quam
1610 3921 1798 3985 altare,
1821 3936 1891 3977 ne
1931 3921 2076 3977 dicat
2103 3921 2153 3976 ei

578 4002 836 4058 Dominus
868 4020 884 4057 :
911 4002 1082 4059 Stulte
1118 4013 1168 4060 et
1195 4022 1360 4073 caece,
1388 4008 1515 4078 quid
1549 4018 1625 4064 est
1651 4010 1694 4041 ¹¹
1739 4012 1928 4076 maius,
1961 4026 2151 4065 aurum:

581 4111 647 4148 In
678 4094 867 4162 altare,
884 4096 1023 4166 quod
1048 4097 1342 4167 sanctiﬁcat
1372 4100 1599 4155 aurum?
1638 4100 1743 4157 Sed
1784 4110 1840 4158 et
1881 4103 2036 4159 nobis
2056 4102 2158 4157 ho-

581 4194 796 4240 nestum
835 4187 1066 4252 videtur,
1115 4196 1176 4242 ut.
1216 4189 1308 4259 qui
1340 4191 1395 4244 in
1442 4192 1644 4247 sanctis
1688 4193 1851 4247 habet
1877 4193 1923 4225 ²¹
1954 4192 2153 4259 iurare,

578 4276 684 4332 hoc
729 4276 944 4333 ieiunus
987 4277 1152 4334 iaciat
1193 4294 1316 4334 cum
1354 4282 1500 4337 omni
1542 4283 1824 4339 honestate
1865 4290 1921 4339 et
1965 4285 2159 4339 timore

2252 3189 2380 3259 quia
2413 3189 2528 3259 ipse
2576 3189 2837 3245 Dominus
2872 3190 3005 3247 dicit
3036 3205 3052 3245 :
3083 3189 3302 3247 Honora
3342 3201 3547 3263 patrem
3603 3200 3739 3246 mum
3770 3198 3808 3245 α

2250 3289 2471 3335 matrem
2494 3289 2659 3345 tuam,
2684 3289 2741 3333 ut
2761 3281 2834 3334 sis
2855 3280 3134 3351 longaevus
3155 3298 3312 3354 super
3330 3291 3549 3344 terram.
3567 3299 3717 3338 om
3732 3281 3809 3337 ds-

2251 3371 2426 3424 minus
2446 3371 2588 3425 Deus
2617 3380 2738 3425 tuus
2758 3370 2904 3426 dabit
2926 3372 3022 3426 tibi

2325 3457 2414 3511 66.
2452 3458 2530 3511 De
2556 3458 2662 3527 ﬁde
2702 3459 3117 3529 presbyterorum
3145 3458 3210 3514 ab
3258 3460 3513 3533 episcopis
3560 3460 3811 3517 discutien-

2253 3545 2343 3600 da.
2372 3546 2443 3603 Ut
2467 3547 2704 3616 episcopi
2732 3548 3017 3618 diligenter
3042 3549 3333 3607 discutiant
3352 3565 3452 3620 per
3478 3567 3611 3607 suas
3651 3566 3811 3622 pam-

2255 3635 2409 3690 chias
2436 3637 2875 3706 presbyterorum
2913 3637 3092 3704 ﬁdem,
3116 3639 3380 3708 baptisma
3414 3642 3749 3703 catholicum,
3767 3646 3811 3694 et

2256 3727 2545 3781 missarum
2567 3726 2956 3783 celebrationes
2976 3728 3045 3795 “,
3080 3737 3141 3783 ut
3174 3729 3332 3784 ﬁdem
3369 3738 3575 3786 rectam
3602 3736 3809 3793 teneant,

2245 3830 2314 3876 ‘et
2334 3822 2601 3890 baptisma
2621 3821 2947 3877 catholicum
2970 3823 3276 3887 observent,
3306 3830 3361 3878 et
3400 3824 3689 3879 missarum
3709 3835 3813 3892 pre-

2258 3928 2350 3968 ces
2377 3912 2515 3967 bene
2539 3913 2876 3983 intellegant,
2916 3920 2970 3968 et
2993 3913 3040 3944 “
3062 3922 3121 3968 ut
3145 3913 3335 3984 psalmi
3358 3914 3519 3984 digne
3547 3914 3811 3969 secundum

2258 4002 2550 4059 divisiones
2599 4018 2854 4059 versuum
2904 4003 3267 4071 modulentur,
3313 4011 3370 4058 et
3416 4003 3466 4036 "
3515 4004 3811 4059 dominicam

2258 4096 2559 4152 orationem
2579 4096 2681 4166 ipsi
2704 4095 3016 4166 intellegant
3043 4104 3098 4151 et
3116 4097 3366 4153 omnibus
3404 4097 3715 4167 praedicent
3750 4095 3817 4149 in-

2258 4186 2632 4256 tellegendam,
2681 4195 2743 4241 ut
2784 4188 3014 4256 quisque
3038 4186 3176 4267 sciat
3204 4188 3335 4257 quid
3375 4195 3525 4258 petat
3551 4202 3583 4242 a
3612 4188 3735 4242 Deo.
3761 4183 3818 4239 Et

2260 4288 2321 4333 ut
2367 4278 2551 4334 Gloria
2593 4279 2749 4333 Patri
2773 4293 2898 4335 cum
2948 4280 3096 4335 omni
3126 4279 3172 4312 “
3212 4279 3417 4335 honore
3464 4280 3606 4349 apud
3654 4290 3816 4335 omnes

582 4366 697 4420 Dei.
728 4367 797 4422 Et
824 4367 868 4398 ¹³
890 4369 1032 4424 sciat
1074 4384 1134 4425 se
1176 4371 1441 4426 rationem
1472 4373 1804 4429 redditurum
1834 4374 1947 4429 Deo
1994 4389 2161 4428 unus-
2188 4418 2237 4442 “
2261 4379 2539 4436 cantetur;
2568 4378 2623 4425 et
2645 4371 2762 4441 ipse
2788 4372 3040 4426 sacerdos
3062 4386 3185 4426 cum
3213 4372 3416 4428 sanctis
3452 4372 3656 4442 angelis
3673 4378 3820 4439 etpo-

582 4457 812 4526 quisque
851 4468 1108 4527 vestrum,
1133 4462 1455 4532 ubicumque
1506 4464 1595 4530 sit,
1636 4464 1749 4519 sive
1790 4465 1935 4519 intra
1983 4464 2157 4519 eccle-
2191 4457 2237 4479 ⁵¹
2262 4464 2388 4532 pulo
2418 4463 2513 4517 Dei
2531 4463 2800 4518 communi
2823 4463 2867 4494 ’⁵⁷
2906 4477 3038 4517 voce
3068 4462 3316 4528 Sanctus,
3344 4462 3589 4527 Sanctus,
3618 4460 3818 4517 Sanctus

584 4547 741 4615 siam,
769 4548 886 4605 sive
908 4558 1062 4605 extra
1082 4552 1386 4608 ecclesiam.
1417 4554 1484 4609 Et
1523 4564 1584 4609 ut
1624 4555 1853 4626 parvuli,
1903 4556 1994 4625 qui
2041 4556 2158 4611 sine
2265 4552 2530 4606 decantet"
2557 4550 2625 4605 Ει
2647 4552 2971 4608 omnimodis
2995 4553 3281 4609 dicendum
3306 4560 3388 4608 est
3433 4552 3754 4624 presbyteris
3775 4555 3820 4602 εί

1808 4663 2190 4722 VARIAN'I‘ES
2225 4663 2628 4720 LECTIONES.

664 4772 1046 4847 itemetipsum
1104 4772 1326 4847 (adiecto
1375 4775 1505 4847 met)
1560 4775 1631 4830 l‘.
1706 4778 1726 4808 ¹
1763 4779 1899 4834 meis
1936 4781 2066 4834 estis
2106 4780 2159 4834 d.
2203 4780 2256 4834 5.
2350 4777 2370 4809 ³
2411 4777 2465 4832 ἱη
2505 4778 2556 4830 5.
2658 4778 2679 4809 ⁸
2706 4778 2847 4834 deest
2872 4778 2926 4833 4.
3005 4781 3025 4814 ⁸
3069 4782 3318 4837 Iubemus
3349 4792 3409 4837 ut
3434 4781 3501 4838 G.
3578 4779 3754 4838 ‘deesl
3775 4777 3819 4831 i-

588 4843 608 4877 "
637 4841 911 4928 deest._l._
936 4843 995 4928 n‘
1024 4841 1185 4928 corda
1308 4862 1359 4928 Σ.
1393 4841 1666 4928 κ’ςξόοῑᾶὲ
1703 4848 1740 4928 i:
1777 4850 1840 4928 5.,
1909 4848 1929 4880 ⁸
1953 4850 2031 4904 ita
2058 4851 2108 4904 1.
2136 4851 2196 4903 in
2228 4847 2818 4928 marg.;‘adulationerfn
2842 4849 2951 4928 B._;‘
2970 4852 3320 4928 oblatione}.
3350 4855 3404 4908 5.
3429 4855 3482 4928 4.

589 4928 691 4968 nec
713 4912 855 4977 d-.5-
884 4990 899 5003 Δ
935 4914 1284 5003 “‘potestatis
1401 4994 1414 5003 Δ
1439 4918 1487 5003 ιλ
1507 4917 1761 5003 negligi.
1787 4919 2034 5003 abrasit-vn
2059 4929 2133 5003 est
2154 4919 2290 5003 enin
2315 4912 2382 5003 1}.
2427 4917 2490 5003 "ﬂ
2516 4933 2746 5003 vacuum
2768 4918 2867 5003 6.-
2919 4912 3141 5003 “veluti.
3203 4924 3416 5003 A“deest
3442 4926 3491 5003 l_.
3520 4923 3575 4975 4.
3731 4918 3823 5003 ‘_‘

590 4992 655 5037 ut
678 4990 949 5037 caveanta
967 4983 1037 5036 I‘.
1062 4999 1169 5039 non
1195 4994 1421 5040 caveant
1446 4986 1511 5041 ϐ.
1590 4988 1628 5017 ³⁷
1658 4988 1795 5041 deest
1823 4988 1876 5042 5.
1955 4989 1995 5020 ¹⁸
2036 4990 2173 5043 deest
2197 4987 2262 5041 Β.
2339 4985 2382 5017 ιθ
2410 4987 2493 5041 dei
2516 4989 2813 5043 nescientes
2837 4990 2890 5042 5.
2965 4991 3009 5021 ²⁰
3038 4990 3344 5046 dicentem.
3367 4994 3566 5048 veritas
3588 4993 3761 5045 desunt
3776 4988 3820 5041 5.

520 5042 537 5059 ⁸
593 5054 637 5131 ’ξ
664 5052 803 5131 deest
829 5053 1083 5131 l'.__enim
1110 5055 1163 5109 4.
1215 5063 1283 5109 st.
1313 5056 1697 5131 ecceuquidem
1726 5073 1813 5131 ιιι.
1837 5055 1901 5111 G.
1979 5059 2024 5131 ξ*
2051 5042 2211 5131 audet
2250 5055 2365 5131 Vat.
2412 5057 2475 5131 I._
2496 5057 2647 5131 Met.
2664 5042 2844 5131 Camb.
2880 5129 2889 5131 _
2920 5060 2981 5131 ἐξ
3002 5042 3563 5131 uisim-Viegé'
3592 5042 3823 5131 "'3';ng-

593 5122 748 5201 rietis
773 5121 827 5201 5ἶ
852 5125 948 5201 ,γη
972 5139 1018 5180 s.
1050 5125 1289 5201 homo_q.
1313 5126 1365 5179 5.
1442 5121 1746 5201 '_'sisitetur
1773 5126 1835 5179 Β.
1860 5126 2433 5201 Ξυεοίιᾳβ.-ερίεε[ῐρι
2458 5128 2529 5181 l'.
2572 5128 2651 5201 __"
2681 5129 2749 5183 ad
2784 5144 2835 5201 a.
2870 5129 2921 5183 1.
2948 5130 3012 5183 Β.
3060 5131 3131 5201 Α¹⁹
3156 5121 3451 5201 ἰηρὶιίιοιῖἰε
3479 5134 3554 5186 1⁸.
3585 5121 3761 5186 monis
3777 5128 3821 5180 5.

596 5193 662 5271 ξ.
770 5192 1138 5271 phitpnumud.
1215 5190 1592 5271 “consulatur
1616 5195 1668 5249 4..
1689 5195 1829 5271 βίῃ.
1858 5197 2006 5271 Trec.
2168 5196 2545 5271 Thu._Sang._'
2570 5197 2612 5271 ξι
2644 5200 3014 5271 auguriatorcs
3138 5190 3267 5271 Rei].
3293 5202 3439 5256 Trec.
3464 5201 3583 5256 Bal.
3657 5201 3821 5271 “neg-

595 5262 651 5345 6:
676 5261 827 5345 ἃς.
860 5262 979 5345 Ιέαι,
1001 5264 1100 5345 ﬂ“
1126 5264 1511 5345 intempestat‘ii
1687 5261 1887 5345 “sint.
1916 5269 1968 5323 1.
1988 5339 2001 5345 _
2108 5284 2163 5338 p.
2191 5283 2245 5345 _v_.
2276 5261 2460 5345 desunt
2492 5267 2635 5345 ligh-
2688 5261 3128 5345 ‘iextolla‘tur'li.
3204 5261 3254 5345 fy"
3284 5272 3564 5345 predicare
3603 5273 3656 5345 5Ϊ

598 5331 645 5407 ff
674 5340 751 5407 ne
776 5332 848 5407 1⁸.
871 5329 933 5407 5.Δ
999 5334 1044 5366 ³³
1075 5346 1128 5407 θ.
1157 5351 1204 5388 ι·.
1230 5329 1415 5407 desunt
1442 5335 1496 5388 5..
1532 5334 1656 5389 Met.
1732 5336 1775 5369 ‘°
1801 5339 1934 5394 ltem
1971 5339 2036 5394 de
2060 5329 2127 5393 4..
2188 5337 2299 5393 Ms.
2325 5343 2410 5407 est
2441 5338 2594 5393 valde
2622 5354 2670 5394 ο.
2703 5336 2769 5393 G.
2844 5340 2890 5371 “
2918 5340 3050 5395 haec
3074 5340 3138 5395 Β.
3212 5342 3259 5374 ⁸³
3277 5329 3575 5407 sollemnia,
3615 5340 3658 5395 si
3700 5338 3736 5392 f.
3778 5335 3823 5407 5.

601 5401 647 5433 ⁵*
672 5401 709 5455 i.
733 5401 794 5525 gi
818 5402 1055 5525 psalmos
1096 5404 1150 5459 d.
1195 5410 1250 5457 et
1292 5419 1338 5458 s.
1380 5404 1434 5459 5.
1475 5414 1529 5460 ct
1574 5415 1700 5462 ut...
1739 5407 2050 5481 intellegant
2096 5409 2280 5465 desunt
2327 5404 2393 5462 G.
2468 5406 2517 5440 “
2542 5407 2589 5463 si
2624 5409 2677 5463 5.
2752 5410 2798 5441 ⁸⁸
2823 5409 2963 5464 deest
2991 5410 3041 5464 1.
3069 5409 3136 5466 G.
3212 5410 3258 5445 "
3284 5427 3408 5468 cum
3437 5401 3641 5469 una'l.
3690 5409 3757 5463 i'.

601 5486 709 5525 una
772 5511 786 5525 .
867 5510 882 5524 .

601 5486 709 5526 una
733 5473 786 5527 5.

2116 5546 2346 5607 NOTAE.

676 5646 699 5676 ε
727 5635 853 5703 ΠΨ
879 5635 1123 5691 dim-runt
1146 5653 1173 5691 τι
1210 5654 1327 5710 cap.
1360 5638 1481 5705 789,
1512 5638 1669 5705 eccl.,
1694 5656 1744 5695 ς.
1773 5636 1863 5695 69..
2362 5643 2390 5685 ιν
2418 5637 2633 5695 Diversa
2662 5655 2692 5693 a
2715 5654 2835 5708 cap.
2865 5640 2985 5707 789,
3020 5640 3126 5740 62.ς
