4004 6340
205 333 288 392 5n
715 314 945 375 CODEX
975 308 1577 374 DlPLOMATICUS.-—
1611 302 1927 369 CAPITUL.
1962 305 2054 365 AB
2085 304 2425 368 ANSEGISO
2458 302 2844 367 COLLECTA.

3314 309 3421 371 518

207 440 487 506 liaconibus,
515 438 574 491 ut
607 445 753 488 arma
804 446 914 485 non
969 434 1208 501 portent,
1249 424 1345 482 sed
1382 423 1554 494 magis
1597 437 1725 481 σου·
1750 420 1802 479 Δ
1825 428 1887 474 ut
1910 420 1977 475 ad
2010 420 2337 477 monasteria
2363 416 2981 497 venientes,_seeundum
3004 417 3310 491 regularem
3333 439 3416 480 or-

202 539 336 594 ﬁdant
359 534 409 588 in
431 524 763 585 defensione‘
792 522 885 577 Dei
914 535 1076 592 quam
1110 520 1164 575 in
1191 518 1359 574 armis
1381 518 1424 572 '.

254 625 328 679 67.
354 622 420 675 De
443 620 626 674 honore
647 613 912 669 ecclesiae.
937 610 1147 666 Placuit
1192 608 1351 665 nobis
1392 618 1721 673 ammonere,

198 730 243 773 at
260 711 592 782 unusquisque
611 706 895 775 episcopus
942 702 1123 757 videat
1147 701 1167 732 ³
1202 715 1300 771 per
1344 715 1497 754 suam
1538 713 1726 769 parro—

196 810 357 868 ehiam,
379 811 431 857 ut
453 798 671 856 ecclesia
699 796 794 851 Dei
822 810 980 851 suum
1019 794 1215 848 habeat
1252 792 1531 856 honorem,
1559 790 1724 845 simul

195 910 236 953 ct
251 895 417 950 altaria
447 892 467 922 ⁸
490 889 778 945 secundum
832 901 985 941 suam
1029 882 1343 953 dignitatem
1372 889 1720 946 venerentur,

195 999 341 1044 etnon
368 985 385 1015 '
408 983 473 1040 sit
511 981 698 1035 domus
720 977 817 1033 Dei
859 987 914 1031 et
955 976 1146 1030 altaria
1172 982 1385 1030 sacrata
1424 972 1611 1044 pervia
1639 988 1724 1027 ca-

196 1078 338 1131 nibus.
367 1072 427 1127 Et
468 1076 526 1123 ut
565 1083 692 1123 vasa
731 1072 943 1121 sacrata
980 1065 1090 1120 Deo
1136 1078 1332 1132 magna
1372 1063 1724 1118 veneratione

195 1168 466 1221 habeantur.
490 1159 554 1213 Et
600 1166 662 1212 ut
711 1156 974 1212 sacriﬁcia
1013 1154 1348 1211 sanctiﬁcata
1394 1152 1415 1185 ⁸
1443 1169 1566 1209 cum
1605 1168 1720 1208 ma-

194 1271 274 1327 gna
295 1249 544 1322 diligentia
572 1250 640 1304 ab
667 1248 747 1304 eis
781 1246 1104 1317 colligantur
1141 1247 1233 1317 qui
1272 1247 1418 1317 digni
1456 1255 1619 1314 sunt,
1667 1252 1723 1302 et

194 1362 288 1402 cum
319 1345 337 1376 ⁷
375 1344 565 1399 honore
606 1339 845 1395 serviant
897 1338 941 1391 ⁸.
982 1336 1049 1391 Et
1090 1347 1150 1392 ut
1193 1337 1458 1393 secularia
1505 1336 1723 1407 negotia

194 1437 256 1489 vel
277 1432 550 1501 vaniloquia
576 1431 632 1485 in
671 1429 916 1484 ecclesiis
940 1443 1048 1483 non
1073 1435 1337 1499 agantur:
1367 1428 1491 1496 quia
1529 1428 1722 1483 domus

193 1527 265 1580 Dei
302 1525 474 1578 domus
508 1520 770 1577 orationis
808 1520 966 1574 debet
1011 1533 1152 1583 esse,
1195 1533 1303 1574 non
1339 1518 1593 1589 spelunca
1643 1519 1722 1573 Ian

193 1624 383 1669 tronum.
430 1612 495 1667 Et
530 1609 771 1666 intentos
813 1609 1048 1665 habeant
1091 1610 1302 1665 animos
1349 1608 1371 1640 ’
1413 1609 1481 1664 ad
1525 1609 1716 1677 Deum,

193 1705 361 1773 quando
392 1702 605 1755 veniunt
642 1700 711 1754 ad
750 1698 1036 1752 missarum
1068 1698 1378 1765 sollemnia,
1418 1706 1474 1754 et
1524 1707 1583 1753 ut
1611 1716 1717 1754 non

1826 512 2007 568 dinem
2028 513 2205 582 primo
2227 514 2281 568 in
2306 512 2601 583 pulsatorio
2620 512 2937 582 probentur,
2958 510 3024 567 ‘et
3050 512 3129 567 sic
3151 515 3421 585 accipiar).

1826 610 1935 659 tur.
1961 604 2027 659 Et
2049 605 2139 674 qui
2162 621 2227 661 ex
2258 604 2485 661 seculari
2512 604 2699 659 habitu
2722 604 2799 658 in'
2819 604 3147 659 monasteria
3175 606 3419 676 veniunt,

1824 710 1933 751 non
1959 697 2141 752 statim
2171 695 2315 752 foras
2337 700 2403 753 ad
2435 697 2734 751 ministeria
2761 696 3077 751 monasterii
3104 697 3414 767 mittantur,

1825 795 2114 857 antequam
2136 789 2284 844 intus
2312 789 2450 844 bene
2470 787 2789 844 erudiantur
2809 785 2877 839 ”.
2905 785 2973 840 Et
2995 793 3056 841 ut
3075 790 3328 861 monachi
3352 790 3422 849 ad

1823 877 2084 933 secularia
2106 878 2302 948 placita
2329 894 2437 934 non
2459 879 2658 934 vadant
2679 878 2746 931 ³ο.
2773 875 3042 933 Similiter
3081 878 3172 949 qui
3216 882 3284 936 ad
3311 881 3419 937 cle-

1824 968 2054 1024 ricatum
2083 972 2365 1035 accedunt,
2395 971 2539 1039 quod
2590 984 2689 1025 nos
2716 969 3063 1025 nominamus
3096 972 3417 1028 canonicam

1820 1059 2010 1124 vitam,
2035 1060 2281 1116 volumus
2302 1061 2345 1093 ³¹
2369 1069 2428 1116 ut
2442 1061 2519 1115 illi
2540 1060 2584 1092 ³⁹
2607 1060 2866 1116 canonice
2888 1060 2933 1092 ³³
2956 1063 3250 1119 secundum
3264 1078 3417 1122 suam

1823 1141 2061 1223 regulam
2108 1153 2434 1208 omnimodis
2463 1152 2663 1206 vivant.
2694 1151 2761 1206 Et
2805 1151 2853 1185 ”
2904 1146 3188 1225 episcopus
3229 1170 3417 1215 eorum

1821 1252 1971 1313 regat
1999 1244 2182 1307 vitam,
2210 1244 2352 1299 sicut
2379 1244 2517 1299 abba
2547 1245 2960 1300 monachorum.

1894 1334 1981 1388 70.
2007 1333 2083 1388 De
2105 1335 2427 1405 susceptione
2448 1335 2730 1406 hospitum.
2755 1336 3076 1391 Venerabile
3096 1337 3240 1392 enim
3263 1337 3310 1370 ³⁸
3331 1336 3415 1393 vi-

1822 1427 2000 1490 detur,
2034 1434 2093 1479 ut
2115 1427 2375 1495 hospites,
2403 1434 2455 1481 et
2475 1425 2768 1496 peregrini,
2796 1433 2850 1482 et
2872 1442 3138 1496 pauperes
3160 1427 3205 1458 ³⁸
3228 1443 3415 1484 susce-

1819 1526 2033 1593 ptiones
2054 1521 2331 1591 regulares
2352 1529 2406 1576 et
2428 1522 2673 1577 canonici
2699 1522 2744 1553 ³⁷
2771 1538 2870 1593 per
2909 1523 3025 1578 loca
3069 1523 3281 1579 diversa
3314 1524 3415 1579 ha-

1818 1613 2012 1679 beant;
2042 1615 2166 1684 quia
2192 1614 2306 1684 ipse
2327 1611 2587 1668 Dominus
2611 1613 2855 1670 dicturus
2883 1614 2927 1647 ³³
2952 1616 3056 1671 erit
3077 1616 3133 1670 in
3171 1631 3416 1672 remane.

1820 1704 2033 1758 ratione
2074 1703 2120 1734 ³⁹
2164 1702 2343 1772 magni
2392 1703 2498 1757 diei
2528 1717 2543 1757 :
2572 1702 2775 1775 Hospes
2818 1720 2979 1769 eram,
3027 1714 3075 1760 et
3118 1708 3415 1778 suscepistis

192 1767 343 1848 exeant
375 1790 944 1862 ante'completionem
974 1790 1364 1847 benedictionis
1402 1791 1444 1823 ¹⁰
1465 1792 1719 1856 sacerdo-
1750 1767 1796 1830 Β
1825 1809 1922 1847 me.
1970 1794 2036 1848 Et
2077 1767 2353 1863 apostolus
2393 1792 2438 1824 ‘°
2491 1767 2915 1863 hospitalitatem
2967 1767 3191 1850 laudans
3228 1767 3364 1852 dixit
3397 1814 3413 1852 :

188 1884 306 1938 talis.

242 1977 313 2033 68.
328 1977 396 2032 De
415 1976 663 2032 ministris
678 1975 882 2042 altaris,
900 1985 949 2030 et
971 1975 1035 2031 de
1053 1975 1215 2043 scola.
1236 1976 1341 2032 Sed
1364 1972 1418 2032 et
1440 1977 1545 2034 hoc
1565 1978 1604 2010 ¹¹
1625 1979 1721 2033 ﬁa-

192 2068 375 2138 gitamus
397 2078 624 2124 vestram
646 2068 944 2122 almitatem
967 2068 1030 2135 “,
1058 2076 1118 2123 ut
1145 2069 1376 2124 ministri
1412 2070 1598 2126 altaris
1624 2070 1720 2139 Dei

190 2176 311 2215 suum
332 2160 677 2216 ministerium
717 2159 875 2215 bonis
904 2160 1144 2215 moribus
1177 2167 1388 2224 ornent,
1431 2176 1527 2216 seu
1556 2160 1597 2191 ¹³
1626 2161 1718 2215 alii

182 2252 387 2307 canonici
414 2252 698 2307 observent
748 2266 935 2307 eorum
988 2251 1241 2317 ordines,
1268 2251 1352 2307 vel
1386 2252 1428 2284 “
1468 2252 1719 2309 monachi

190 2342 472 2410 propositum
492 2342 939 2398 consecrationis.
969 2341 1346 2410 Obsecramus,
1370 2352 1430 2398 ut
1446 2345 1640 2400 bonam
1663 2353 1719 2402 et

190 2431 466 2499 probabilem
489 2431 730 2486 habeant
759 2433 1243 2498 conversationem,
1286 2434 1426 2490 sicut
1455 2434 1568 2504 ipse
1614 2435 1719 2491 Do-

189 2520 330 2575 minus
349 2520 397 2577 in
432 2522 707 2593 euangelio
748 2510 1025 2593 praecepit
1060 2540 1073 2578 :
1105 2523 1198 2579 Sic
1220 2514 1388 2580 luceat
1429 2525 1521 2581 lua:
1551 2537 1717 2583 vestra

180 2626 331 2664 coram
352 2612 647 2679 hominibus,
672 2624 729 2667 ut
763 2613 806 2645 ¹⁸
833 2614 1036 2668 videant
1058 2631 1214 2686 opera
1243 2626 1408 2670 vestra
1439 2617 1574 2671 bona
1591 2618 1653 2684 ³⁸,
1668 2626 1718 2672 et

182 2697 429 2769 gloriﬁcent
450 2713 639 2773 patrem
670 2713 912 2768 vestrum,
937 2705 1027 2775 qui
1047 2705 1102 2759 in
1125 2704 1279 2760 caelis
1301 2716 1379 2760 est
1405 2722 1425 2762 :
1448 2716 1508 2762 ut
1528 2725 1717 2764 eorum

186 2788 300 2843 bona
322 2794 703 2848 conversatione
731 2793 887 2848 multi
918 2794 1305 2863 protrahantur
1352 2797 1391 2829 ¹⁷
1436 2798 1504 2852 ad
1551 2799 1719 2853 servi-

182 2877 304 2933 tium
328 2880 508 2936 Dei.Et
530 2898 634 2937 non
671 2883 849 2938 solum
879 2884 1093 2939 servilis
1113 2885 1439 2941 conditionis
1460 2887 1713 2954 infantes,

188 2972 275 3027 sed
314 2973 457 3029 etiam
488 2976 833 3047 ingenuorum
872 2976 1014 3034 ﬁlios
1050 2988 1345 3051 aggregent
1395 2981 1607 3052 sibique
1630 2997 1716 3037 so-

195 3062 341 3117 cient.
366 3063 427 3119 Et
448 3075 499 3121 ut
519 3070 688 3125 scolae
721 3070 1015 3142 legentium
1040 3086 1331 3140 puerorum
1377 3071 1542 3139 ﬁant;
1580 3072 1717 3143 psal-

188 3166 310 3218 mos,
348 3164 505 3222 notas,
551 3168 754 3225 cantus,
780 3169 1109 3233 compotum,
1163 3162 1572 3232 grammaticam
1618 3179 1718 3233 per

180 3245 365 3317 singula
389 3254 696 3310 monasteria
726 3255 769 3287 ¹⁸
791 3254 876 3310 vel
913 3255 1212 3324 episcopias
1237 3254 1300 3321 ιθ,
1325 3264 1379 3309 et
1417 3255 1584 3311 libros
1630 3273 1719 3312 ca-

181 3339 379 3396 thollcos
401 3343 525 3400 bene
546 3347 831 3402 emendate
862 3347 941 3413 ’°;
972 3346 1097 3416 quia
1139 3361 1299 3416 saepe
1338 3345 1465 3401 dum
1507 3348 1549 3378 ¹¹
1581 3348 1719 3404 bene

182 3427 354 3500 aliquid
374 3433 528 3490 Deum
554 3452 751 3508 rogare
774 3436 1014 3507 cupiunt,
1040 3436 1136 3492 sed
1162 3440 1207 3468 "
1230 3453 1327 3508 per
1346 3438 1717 3495 inemendatos

177 3517 315 3577 libros
352 3523 480 3580 male
516 3536 730 3597 rogant.
776 3527 845 3583 Et
894 3543 1092 3598 pueros
1128 3538 1338 3583 vestros
1393 3545 1501 3584 non
1556 3531 1718 3586 sinite

176 3621 254 3663 eos
271 3609 311 3641 “
332 3611 409 3667 vel
451 3614 676 3687 legendo
715 3616 798 3671 vel
834 3617 1117 3672 scribendo
1160 3632 1523 3688 corrumpere.
1565 3618 1633 3673 Et
1670 3620 1717 3675 si

175 3712 285 3766 opus
302 3716 377 3756 es:
395 3707 727 3777 euangelium
751 3715 805 3762 et
836 3708 1152 3777 psalterium
1177 3716 1232 3763 et
1265 3709 1310 3739 ’δ
1334 3709 1549 3764 missale
1585 3710 1719 3765 scri-

177 3785 294 3853 bere,
315 3792 572 3860 perfectae
609 3797 808 3853 aetatis
844 3799 1090 3854 homines
1142 3799 1381 3854 scribant
1406 3814 1528 3855 cum
1569 3801 1716 3857 omni

177 3875 431 3948 diligentia.

228 3967 304 4022 69.
324 3970 395 4025 De
417 3983 529 4028 voto
555 3975 935 4030 monachorum
975 3984 1023 4030 et
1060 3974 1125 4030 de
1166 3976 1435 4032 clericatu.
1467 3977 1639 4035 Simul
1661 3988 1720 4037 et

174 4054 443 4130 hocrogare
466 4067 801 4131 curavimus,
831 4074 890 4120 ut
929 4082 1117 4122 omnes
1158 4067 1484 4138 ubicumque
1524 4072 1616 4140 qui
1657 4088 1717 4128 se

172 4155 271 4201 toto
301 4155 643 4212 monachicae
675 4155 820 4210 vitae
855 4157 1294 4212 constrinxerunt
1340 4158 1408 4224 ³⁸,
1437 4162 1718 4216 monachi-

171 4237 414 4296 ce"et"
460 4247 786 4317 regulariter
824 4248 1146 4303 omnimodis
1192 4251 1485 4305 secundum
1535 4261 1717 4309 votum

170 4337 296 4383 suum
326 4333 526 4401 vivant,
585 4336 884 4393 secundum
912 4338 1052 4408 quod
1091 4339 1360 4409 scriptum
1385 4349 1471 4396 est
1514 4359 1527 4396 :
1590 4342 1718 4399 Vota

168 4429 302 4477 rastra
324 4427 516 4483 reddite
540 4429 758 4484 domino
797 4428 906 4484 Deo
936 4439 1122 4484 vestro.
1145 4430 1214 4484 Et
1235 4431 1430 4488 iterum
1463 4449 1476 4487 :
1520 4433 1712 4490 Melius

165 4521 222 4563 εει
256 4532 350 4572 non
396 4537 596 4589 vovere,
635 4537 796 4593 quam
842 4539 1020 4578 vovere
1074 4531 1122 4578 et
1157 4523 1204 4556 ³⁸
1238 4540 1343 4578 ηοη
1374 4525 1606 4581 reddere.
1640 4527 1711 4582 Et

1826 1881 1930 1936 Per
1948 1884 2083 1936 hanc
2116 1883 2331 1955 quidam
2370 1880 2678 1953 placuerunt
2701 1882 2810 1937 Deo
2838 1884 2904 1951 “,
2952 1883 3151 1955 angelis
3191 1885 3414 1957 hospitio

1819 1973 2074 2045 susceptis

1891 2063 1978 2116 7|.
2013 2061 2089 2116 De
2112 2062 2388 2116 abbatissis
2427 2072 2611 2117 contra
2644 2079 2841 2117 morem
2888 2062 3143 2119 ecclesiae‘
3182 2063 3283 2120 Dei
3327 2066 3415 2136 fa-

1820 2154 2093 2209 cientibus.
2135 2153 2391 2208 Auditum
2443 2161 2556 2220 est,
2598 2155 2826 2223 saliquas
2870 2156 3174 2213 abbatissas
3223 2165 3413 2214 contra

1817 2258 2023 2298 morem
2056 2243 2102 2274 "
2133 2251 2351 2298 sanctae
2394 2242 2573 2298 Dei.“
2610 2243 2871 2300 ecclesiae
2917 2245 3319 2300 benedictiones
3357 2253 3412 2301 et

1818 2354 2011 2394 manus
2037 2339 2409 2408 impositiones
2430 2348 2484 2395 et
2505 2340 2777 2411 signacula
2800 2349 3019 2397 sanctae
3048 2343 3225 2398 erucis
3248 2357 3411 2413 super

1817 2431 1995 2500 capita
2015 2432 2254 2486 virorum
2294 2430 2444 2496 dare,
2468 2448 2678 2488 necnon
2722 2441 2777 2489 et
2801 2435 2980 2490 velare
3001 2435 3240 2506 virgines
3284 2451 3408 2493 cum

1816 2522 2190 2577 benedictione
2212 2522 2554 2576 sacerdotali.
2590 2523 2742 2589 Quod
2765 2525 2986 2580 omnino
3008 2542 3038 2579 a
3078 2526 3248 2591 vobis,
3279 2543 3407 2582 san-

1817 2613 2045 2669 ctissimi
2066 2622 2264 2683 patres,
2300 2613 2352 2668 in
2383 2614 2577 2669 vestris
2600 2615 2903 2684 parrocbiis
2944 2617 3051 2673 illis
3076 2617 3409 2674 interdicen-

1817 2707 1945 2762 dum
1976 2723 2095 2763 esse
2118 2707 2338 2762 scitote.

1888 2796 1974 2849 72.
2001 2795 2078 2849 De
2098 2794 2299 2854 clericis
2324 2794 2413 2865 qui
2437 2810 2491 2848 se
2537 2793 2742 2864 fingunt
2772 2811 2880 2849 esse
2902 2796 3205 2851 monachos.
3233 2795 3304 2852 Ut
3332 2794 3408 2852 illi

1819 2884 2003 2939 clerici
2051 2885 2141 2953 qui
2169 2900 2228 2938 se
2252 2884 2459 2954 ﬁngunt
2488 2884 2676 2938 habitu
2720 2885 2805 2939 vel
2852 2886 3069 2940 nomine
3115 2887 3409 2943 monachos

1816 2990 1954 3040 esse,
1986 2983 2039 3029 et
2066 2991 2173 3029 non
2215 2982 2358 3039 sunt,
2389 2974 2713 3029 omnimodis
2741 2975 2951 3029 videtur
2986 2976 3031 3006 “
3060 2978 3407 3048 corrigendos

1820 3072 1981 3132 atque
2021 3063 2385 3118 emendandos
2431 3079 2571 3129 esse,
2602 3070 2665 3117 ut
2687 3063 2771 3118 vel
2800 3062 2848 3096 "
2878 3065 2990 3119 veri
3017 3067 3269 3123 monachi
3296 3068 3407 3124 sint

1822 3155 1903 3210 vel
1929 3155 2041 3210 veri
2066 3153 2341 3209 canonici.

1865 3247 1952 3301 75.
1967 3247 2043 3299 De
2056 3246 2283 3317 pseudog
2292 3244 2486 3317 raphiis
2500 3254 2546 3299 et
2560 3245 2732 3300 dubiis
2747 3246 3160 3303 narrationibus.
3177 3247 3406 3307 Pseudo-

1817 3336 2121 3408 graphiae“
2139 3343 2193 3390 et
2206 3335 2402 3390 dubiae
2414 3335 2774 3401 narrationes,
2788 3335 2874 3391 vel
2890 3350 3030 3407 quae
3045 3338 3266 3396 omnino
3281 3355 3407 3397 con~

1818 3436 1899 3484 tra
1922 3427 2080 3483 ﬁdem
2102 3427 2422 3483 catholicam
2448 3434 2592 3493 sunt,
2617 3436 2678 3481 ut
2716 3427 2940 3497 epistola
2968 3429 3204 3497 pessima
3226 3438 3280 3485 et
3308 3429 3406 3485 fal.

1816 3523 2049 3587 sissima,
2076 3537 2237 3591 quam
2263 3529 2537 3577 transacto
2579 3536 2723 3575 anno
2754 3521 3005 3577 dicebant
3030 3522 3196 3593 aliqui
3219 3539 3405 3579 errari.

1819 3620 1897 3668 tes
1924 3620 1977 3667 et
1998 3611 2053 3665 in
2075 3627 2315 3667 errorem
2339 3611 2473 3668 alios
2491 3612 2768 3669 mittentes
2798 3612 2943 3681 quod
2985 3613 3051 3667 de
3092 3614 3241 3669 coelo
3262 3613 3409 3670 ceci-

1817 3703 2002 3768 disset,
2031 3716 2131 3757 nec
2153 3703 2198 3734 "
2238 3704 2526 3758 credantur
2551 3718 2651 3758 nec
2676 3703 2945 3774 legantur,
2972 3704 3064 3760 sed
3088 3706 3407 3761 comburan-

1800 3800 1906 3867 tur
1932 3791 1997 3857 ‘3,
2032 3807 2098 3847 ne
2121 3792 2174 3845 in
2198 3807 2436 3847 errorem
2461 3807 2560 3862 pro
2599 3793 2691 3847 tali
2732 3794 2936 3871 scripto
2967 3794 3196 3864 populus
3224 3797 3406 3852 mitta-

1808 3889 1923 3945 tur.
1978 3881 2084 3937 Sed
2123 3880 2168 3913 “
2220 3882 2321 3936 soli
2360 3882 2603 3939 canonici
2628 3882 2774 3948 libri,
2815 3892 2869 3939 et
2913 3884 3166 3939 catholici
3207 3893 3405 3940 tracta-

1817 3981 1934 4040 tus,
1975 3982 2029 4029 et
2065 3982 2374 4029 sanctorum
2396 3973 2692 4029 auctoritas
2722 3973 2766 4005 ⁸⁸
2799 3982 2853 4029 et
2893 3974 3035 4030 dicta
3064 3973 3312 4047 lcgantur
3350 3983 3405 4030 et

1773 4070 1790 4085 '
1815 4070 2121 4125 tradantur.

1888 4160 1974 4214 74.
2009 4160 2085 4213 De
2106 4167 2262 4213 cantu
2291 4158 2531 4213 Romano
2552 4177 2584 4212 a
2622 4158 2892 4212 monachis
2937 4155 3250 4227 peragenda.
3285 4155 3403 4213 Mo-

1816 4250 1975 4305 nachi
2000 4260 2059 4304 ut
2082 4259 2301 4305 cantum
2349 4250 2650 4304 Romanum
2677 4250 2909 4320 pleniter
2947 4256 3001 4304 et
3030 4249 3404 4304 ordinabiliter

1810 4339 1912 4412 per
1932 4341 2247 4399 nocturnale
2268 4342 2351 4397 vel
2374 4342 2593 4412 gradale
2634 4340 2868 4396 ofﬁcium
2900 4348 3180 4412 peragant,
3214 4355 3406 4396 secun-

1817 4435 1943 4490 dum
1968 4436 2111 4505 quod
2128 4435 2321 4490 beatae
2362 4434 2655 4489 memoriae
2683 4434 2725 4464 “
2770 4435 2980 4504 genitor
3017 4441 3200 4488 noster
3224 4432 3406 4503 Pippi-

1816 4543 1919 4583 nus
1957 4543 2053 4584 rex
2099 4527 2398 4583 decertavit
2425 4528 2470 4559 "
2498 4536 2560 4582 ut
2600 4526 2770 4591 ﬁeret,
2809 4528 3022 4599 quando
3065 4526 3403 4583 Gallicanum

1340 4656 1741 4736 VARIANTES
1776 4681 2176 4738 LECTIONES.

254 4801 489 4857 oratione
528 4798 586 4856 6.
626 4799 751 4855 Bal.
824 4801 1144 4858 ’armorum
1172 4801 1238 4857 Β.

154 4942 191 4991 τὶ.
220 4940 278 4993 C.
322 4939 439 4996 Bal.
514 4943 537 4973 ⁹
572 4941 822 4997 homines
857 4939 1001 4995 Pith.
1034 4942 1182 4998 Rem.
1209 4944 1387 5000 Paris.

152 5009 367 5066 tudinem
385 5011 439 5066 4.
472 5010 528 5066 6.
614 5012 656 5043 “
680 5018 736 5064 et
757 5010 823 5066 ϐ.

151 5090 195 5131 ιιι
222 5083 512 5150 episcopias
537 5089 596 5136 et
620 5081 659 5136 l.
686 5080 752 5137 Β.
831 5081 872 5113 ¹⁹
899 5080 1128 5148 discant,
1154 5085 1247 5140 sed
1267 5093 1323 5138 et
1352 5085 1417 5141 G.
1455 5089 1576 5144 Bal.

1331 4804 1354 4839 ³
1387 4808 1694 4876 praevideat
1721 4808 1785 4865 ϐ.
1862 4808 1883 4841 ⁸
1913 4808 2103 4863 altaria
2236 4809 2327 4864 Dei
2367 4818 2423 4865 et
2463 4810 2648 4866 desunt
2691 4811 2764 4866 1⁵.
2807 4820 2856 4866 et

153 4874 469 4994 nrascrigtum
511 4882 591 4926 est
642 4886 749 4925 non
790 4871 917 4925 sint.
995 4873 1016 4904 ⁸
1045 4889 1151 4928 non
1196 4875 1357 4929 sit
1387 4871 1599 4933 sacrata
1648 4882 1832 4934 desunt
1860 4880 1915 4933 6.
1990 4878 2245 4934 “sacrata
2291 4880 2355 4934 G.
2431 4882 2449 4912 ⁷
2478 4897 2601 4935 cum
2626 4883 2770 4937 omni
2797 4884 2852 4937 5.

154 4942 191 4991 τὶ.
368 4942 439 5020 ul.
477 4943 537 5020 A’
572 4941 822 5020 homines
857 4939 1001 5020 Pith.
1034 4942 1387 5020 Rem.nParis.
1476 4950 1517 4979 '°
1541 4950 1975 5006 benedictionum
1998 4947 2135 5020 (sae.
2165 4949 2349 5020 deest.)
2388 4951 2441 5005 5.
2521 4952 2560 4982 “
2590 4967 2634 5006 s.
2678 4968 2727 5007 e.
2772 4954 2826 5007 h.

907 4965 1001 4995 uu.
1034 4965 1182 4998 nem.
1209 4965 1387 5000 rans.
1476 4965 1517 4979 ιν
1541 4965 1975 5006 benedictionum
2004 4965 2135 5019 isac.
2165 4965 2349 5020 aeest.)
2388 4965 2441 5005 o.
2521 4965 2560 4982 ιι
2590 4967 2634 5006 s.
2678 4968 2727 5007 e.
2773 4965 2826 5007 ιι.
2854 4965 3039 5006 desunt
3065 4965 3130 5006 υ.
3208 4965 3250 4983 α
3276 4965 3397 5009 atti-

901 5012 944 5043 “
981 5021 1144 5082 atque
1165 5014 1232 5069 (ὲ.
1311 5015 1355 5047 ¹⁸
1391 5026 1535 5073 ut
1565 5029 1647 5076 est
1670 5022 1811 5074 deest
1836 5021 1889 5074 5.
1967 5019 2009 5049 ¹⁶
2042 5020 2180 5072 deest
2206 5020 2254 5073 1.
2285 5020 2349 5073 Β.
2429 5020 2469 5052 ¹⁷
2494 5022 2848 5077 adtrahuntur
2870 5020 2934 5075 G.
3013 5023 3055 5053 ¹⁸
3093 5031 3397 5079 monstrant

1665 5091 1710 5122 '°
1745 5090 2057 5144 emendatos
2077 5090 2130 5144 5.
2159 5088 2211 5141 6.
2242 5088 2528 5144 emendent
2564 5092 2626 5145 Β.
2660 5093 2973 5147 emendatos
3012 5091 3245 5146 habeant
3270 5093 3393 5147 Bal.

2900 4821 3015 4882 post
3059 4821 3267 4867 sacrata
3305 4831 3399 4869 su-

2940 4885 2961 4914 ⁸
3010 4891 3291 4937 serventur
3339 4886 3395 4940 5.

2388 4951 2441 5005 5.
2521 4952 2560 4982 ¹¹
2590 4967 2634 5006 s.
2678 4968 2727 5007 e.
2772 4954 2826 5007 h.
2854 4951 3039 5006 desunt
3065 4950 3130 5006 G.
3208 4955 3251 4983 ⁸²
3276 4954 3400 5009 alti-

152 5151 413 5218 “quidam
443 5154 501 5207 5.
580 5153 627 5183 "
643 5152 781 5205 deest
807 5151 883 5206 i'.
912 5152 966 5205 4.
994 5152 1060 5206 Β.
1100 5153 1221 5209 Bal.
1297 5155 1343 5186 “
1369 5157 1509 5212 deest
1533 5160 1585 5214 5.
1662 5160 1711 5192 ”
1734 5160 1818 5213 vel
1853 5161 1906 5213 5.
1957 5160 2096 5213 deest
2136 5159 2200 5212 Β.
2277 5161 2325 5191 ³⁸
2346 5163 2770 5216 constrinxerint
2812 5162 2864 5215 5.
2914 5162 2979 5215 Β.
3010 5160 3130 5216 Bal.
3209 5162 3253 5193 ³⁸
3280 5177 3398 5220 mo-

148 5221 333 5300 nastice
436 5222 696 5300 monachi
734 5220 989 5300 i:._4.__G.
1017 5224 1104 5300 __"
1149 5233 1212 5300 ut
1246 5223 1416 5300 λι.Δ
1487 5229 1533 5260 ³⁸
1555 5229 1693 5300 deest
1718 5231 1812 5300 5.“
1848 5229 1894 5300 ’ξ
1920 5230 2262 5283 enutriuntur
2290 5229 2455 5300 Sang.
2481 5231 2532 5284 1.
2610 5232 2653 5263 ³⁰
2680 5232 2898 5286 veniant
2921 5230 2974 5284 1.
3050 5230 3094 5262 ⁸⁸
3139 5230 3299 5287 deest.
3339 5233 3393 5289 4.

150 5289 184 5317 ³³
205 5292 334 5345 deest
365 5294 420 5347 5.
498 5293 548 5324 ³⁸
591 5293 837 5347 canonici
871 5291 940 5346 B.
1014 5291 1063 5324 “
1088 5302 1149 5348 ut
1180 5297 1233 5349 5.
1311 5296 1358 5329 ³⁸
1380 5298 1522 5352 deest
1545 5300 1596 5352 5.
1626 5298 1691 5353 G.
1769 5298 1818 5330 “
1874 5299 2144 5367 hospitum
2167 5340 2182 5365 ,
2234 5314 2362 5368 pere
2401 5289 2640 5355 binorum
2670 5310 2725 5357 et
2761 5316 3053 5371 pauperum
3114 5302 3187 5356 1⁸.
3244 5303 3392 5358 Rem.

152 5356 277 5413 Pith.
304 5360 483 5417 Paris.
563 5362 612 5394 ³⁷
642 5363 928 5417 canonicas
946 5363 1001 5417 5.
1036 5360 1208 5426 Capit.
1242 5366 1364 5421 789.
1469 5369 1514 5401 ³⁸
1547 5368 1677 5423 dicit
1707 5387 1720 5421 :
1760 5368 1956 5426 hosnes
1993 5369 2110 5426 (rel.
2138 5316 2428 5426 desunt)?
2503 5371 2549 5402 ”
2581 5371 3027 5426 rememoratione
3062 5371 3135 5425 1”.
3236 5373 3281 5404 ⁸⁸
3306 5390 3392 5426 an.

152 5356 277 5433 Pith.
304 5360 483 5417 Paris.
563 5362 612 5394 ³⁷
642 5363 928 5433 canonicas
946 5363 1001 5417 5.
1036 5360 1208 5433 Capit.
1242 5366 1364 5421 789.

148 5567 188 5643 ξ’
213 5567 570 5643 pseudografe
594 5572 669 5643 74.
716 5571 845 5642 Reg.
881 5567 1027 5643 Tréc.
1074 5572 1197 5631 Bal.
1272 5574 1316 5607 ⁸⁷
1346 5585 1399 5631 et
1424 5591 1525 5634 nec
1546 5574 1551 5583 ’
1572 5580 1624 5633 1.

143 5639 437 5713 ἱειεφοηὶῐ
462 5660 514 5698 c.
549 5642 643 5698 75.
679 5639 1179 5713 post'persolvatur.
1256 5645 1301 5678 '°
1328 5648 1678 5705 auctoritates
1722 5648 1787 5704 Β.
1814 5664 1865 5704 a.
1894 5648 2073 5704 edicta
2104 5649 2179 5703 l‘.

155 5706 263 5763 let.

1469 5369 1514 5401 ³⁸
1547 5368 1677 5423 dicit
1707 5387 1720 5421 :
1760 5368 1956 5437 hospes
1993 5369 2110 5437 (rel.
2138 5369 2323 5423 desunt

147 5442 229 5495 per
252 5431 404 5497 hanc,
432 5432 636 5509 inquit,
674 5432 989 5509 plachujd.
1017 5433 1087 5509 5:
1115 5431 1191 5509 "fl
1219 5435 1273 5509 εἰ.
1313 5444 1379 5509 Δ(πει
1406 5439 1630 5509 angelis
1667 5439 1811 5509 eiusk
1834 5431 1885 5492 6'.
1918 5508 1923 5509 ί
1960 5431 2009 5468 δέ
2035 5453 2274 5509 amorem
2313 5431 2379 5493 Β.

148 5509 292 5569 atque
310 5500 751 5557 emendentur].
791 5500 1011 5571 GIReg.
1044 5502 1178 5557 Bell.
1207 5503 1354 5559 Coib.
1402 5500 1744 5610 Tree.Sang.

148 5567 188 5598 “
215 5572 569 5610 ωιιιιησηΐο
618 5572 651 5610 Δ
722 5571 825 5610 non
881 5570 1007 5610 Trar
1081 5572 1177 5610 Rnl
1272 5574 1316 5607 ιιι
1346 5585 1397 5610 ..ο
1424 5591 1523 5610 ﬁ...
1572 5580 1594 5610 Α
1725 5580 1744 5610 a

2413 5409 2428 5426 .
2476 5371 3027 5447 _f’_remer_noratione
3062 5371 3135 5425 1”.
3181 5442 3194 5447 _
3236 5373 3281 5404 ⁸ο
3306 5390 3392 5447 ap.

2474 5438 2520 5515 ξ’
2542 5441 2704 5513 deest.
2730 5440 2783 5495 5.
2858 5440 2904 5473 “
2950 5457 3003 5497 ο.
3053 5438 3397 5515 corrigantur

1774 5507 1957 5563 Camb.
2032 5505 2081 5539 “
2109 5509 2180 5564 ὶΙΙι
2212 5510 2262 5562 1.
2317 5510 2390 5562 1·.
2443 5509 2509 5564 Β.
2542 5510 2641 5565 aut
2687 5527 2739 5565 v.
2791 5527 2863 5566 m.
2904 5520 2997 5567 aut
3052 5528 3106 5566 v.
3152 5505 3291 5569 cfs.
3337 5515 3395 5569 5.

1782 5580 2166 5634 comburentur
2201 5578 2256 5632 4.
2333 5579 2379 5610 δ’
2430 5579 2591 5634 sed...
2620 5588 2929 5638 sanctorum
2981 5581 3048 5638 ϐ.
3089 5583 3174 5637 hic
3199 5583 3394 5638 omissa

2255 5648 2298 5681 "
2346 5650 2404 5705 b.
2433 5665 2506 5704 ω.
2554 5651 2738 5706 desunt
2770 5652 2894 5708 Bal.
2971 5654 3018 5688 ⁸³
3056 5654 3296 5710 decrevit
3333 5653 3390 5708 5.
