4004 6340
572 271 671 333 519

1376 266 1438 321 Β.
1474 262 1722 321 CAROLI
1758 260 1972 318 MAGNI
2009 256 2162 315 OPP.
2201 253 2382 310 PARS
2416 254 2457 309 Ι.
2500 252 2740 312 SECTIO
2779 251 3011 313 PRIMA.

3725 259 3832 315 5%

568 390 789 441 cantum
812 378 832 417 ¹
860 369 981 439 tulit
1025 348 1540 439 ob;unanimitateml
1555 376 1883 447 apostolicae
1912 373 2054 431 sedis
2096 378 2150 427 et
2175 374 2224 432 Δ
2253 367 2410 423 tertia
2454 366 2543 421 die
2592 367 2885 422 τθειιννθκῖῑ
2945 374 3001 423 ει
3044 366 3091 398 ’⁸
3139 366 3380 423 ascendit
3415 366 3471 423 in
3527 369 3730 438 600108.
3780 384 3835 429 cl

572 482 792 530 sanctae
819 471 914 528 Dei
940 469 1232 526 aecclesiae
1263 468 1540 539 paciﬁcam
1554 464 1931 521 concordiam.

644 584 732 639 75.
764 582 841 637 De
863 580 1100 652 operibus
1138 577 1404 634 servilibus
1429 617 1443 642 ,
1482 593 1615 649 quae
1652 575 1831 630 diebus
1870 572 2151 629 dominicis

574 691 680 729 non
704 680 825 727 sunt
844 670 1064 741 agenda.
1091 669 1393 724 Statuimus
1417 682 1631 738 quoque
1672 666 1967 722 secundum
2006 664 2153 733 quod

577 762 630 816 in
660 761 779 830 lege
798 759 1057 815 Dominus
1087 758 1380 829 praecepit,
1406 767 1468 814 ut
1506 771 1670 827 opera
1714 753 1932 811 servilia
1963 755 2153 810 diebus

538 848 861 924 ‘dominicis
907 865 1014 905 non
1062 856 1309 919 agantur,
1350 848 1490 904 sicut
1542 855 1599 904 et
1646 847 1820 902 bonae
1862 844 2156 900 memoriae

576 941 790 1012 genitor
830 956 985 997 meus
1027 942 1085 997 in
1127 943 1239 997 suis
1282 939 1611 997 sinodalibus
1635 938 1826 994 edictis
1860 937 2152 1003 mandavit,

576 1034 721 1104 quod
745 1034 765 1065 ¹
795 1049 897 1089 nec
920 1033 1023 1089 viri
1044 1034 1246 1089 ruralia
1270 1038 1559 1089 exerceant
1585 1030 1629 1095 ³,
1653 1045 1754 1086 nec
1798 1029 1853 1086 in
1885 1029 2042 1085 vinea
2065 1044 2157 1084 co-

577 1124 734 1180 lenda
765 1125 806 1189 ⁸,
835 1139 939 1180 nec
991 1124 1047 1179 in
1085 1124 1289 1194 campis
1318 1123 1538 1190 arando,
1583 1136 1687 1177 nec
1727 1121 1783 1176 in
1835 1120 2085 1175 metendo
2111 1119 2153 1183 ³,

578 1212 664 1270 vel
702 1211 919 1269 foenum
972 1213 1223 1278 secando,
1254 1212 1339 1268 vel
1375 1226 1556 1282 sepem
1580 1211 1827 1281 ponendo
1866 1209 1909 1274 ‘,
1957 1223 2056 1264 nec
2101 1208 2159 1297 in

580 1306 733 1361 silvis
756 1305 1054 1376 stirpando,
1078 1304 1163 1360 vel
1192 1305 1414 1361 arbores
1457 1305 1682 1363 caedere
1713 1304 1757 1369 ",
1779 1302 1865 1359 vel
1909 1302 1964 1357 in
1992 1302 2161 1373 petris

584 1392 853 1460 laborare,
886 1409 987 1450 nec
1009 1395 1196 1450 domos
1238 1402 1479 1461 struere;
1525 1409 1626 1450 nec
1658 1393 1680 1426 ⁸
1726 1394 1781 1448 in
1822 1394 1981 1449 horto
2012 1392 2161 1447 labo-

583 1493 705 1539 rent
729 1483 773 1549 ⁸,
813 1496 916 1547 nec
968 1485 1035 1538 ad
1082 1485 1279 1554 placita
1319 1486 1659 1551 conveniant,
1697 1500 1798 1540 nec
1848 1484 2162 1541 venationes

583 1581 889 1628 exerceant.
917 1573 1022 1628 Sed
1050 1574 1092 1605 "
1121 1574 1223 1628 tria
1251 1575 1487 1630 carraria
1514 1574 1555 1607 "
1596 1588 1757 1644 opera
1806 1572 1932 1629 licet
1958 1572 2076 1627 fieri
2106 1572 2161 1627 in

586 1662 673 1718 die
694 1661 980 1727 dominico,
1007 1662 1058 1719 id
1080 1671 1163 1718 est
1186 1664 1399 1720 hostilia
1426 1665 1467 1696 ι’
1501 1680 1653 1721 carra
1677 1663 1759 1719 vel
1789 1662 2063 1729 victualia,
2104 1671 2160 1718 et

587 1753 635 1808 si
660 1740 799 1809 forte
829 1768 1051 1810 necesse
1093 1756 1195 1810 erit
1226 1771 1423 1829 corpus
1469 1757 1755 1813 cuiuslibet
1806 1756 1925 1812 duci
1959 1755 2027 1810 ad
2072 1770 2160 1811 se-

584 1842 889 1913 pulchrum.
916 1843 1053 1901 Item
1074 1843 1304 1902 feminae
1333 1862 1495 1916 opera
1517 1847 1752 1903 textrilia
1789 1862 1896 1903 non
1945 1845 2163 1909 faciant,

586 1947 689 1988 nec
708 1932 961 2003 capulent
986 1934 1230 2002 vestitos,
1245 1951 1347 1994 nec
1371 1945 1634 1992 consuant
1650 1936 1692 1968 “
1706 1936 1789 1992 vel
1813 1936 2098 2006 acupictile
2125 1937 2169 1968 ³⁸

586 2023 789 2080 faciant
814 2024 879 2092 ¹⁹,
897 2041 997 2082 nec
1013 2026 1189 2085 lanam
1211 2041 1425 2097 capere,
1445 2042 1545 2084 nec
1565 2028 1733 2083 linum
1759 2027 1986 2093 haltere,
2003 2028 2171 2084 necin

585 2114 804 2187 publico
831 2116 1154 2171 vestimenta
1179 2115 1361 2171 lavare
1378 2157 1393 2182 ,
1431 2131 1533 2172 nec
1559 2116 1803 2172 berbices
1835 2116 2055 2174 tondere
2079 2117 2174 2172 ha-

586 2204 750 2260 beant
774 2203 1014 2270 licitum;
1054 2213 1114 2259 ut
1137 2204 1460 2261 omnimodis
1487 2205 1749 2260 bonorum
1783 2205 1826 2237 ¹⁶
1856 2205 2067 2275 requies
2091 2206 2177 2261 die

587 2293 859 2350 dominico
893 2295 1232 2365 persolvatur
1268 2295 1331 2347 ³⁷.
1364 2292 1469 2349 Sed
1496 2293 1562 2348 ad
1585 2294 1872 2350 missarum
1896 2294 2176 2350 sollemnia

588 2383 657 2438 ad
684 2383 973 2439 ecclesiam
998 2383 1233 2454 undique
1263 2383 1605 2450 conveniant,
1651 2392 1706 2439 et
1746 2384 1965 2440 laudent
2007 2384 2176 2440 Deum

588 2486 687 2543 pro
712 2472 965 2528 omnibus
986 2473 1162 2539 bonis,
1192 2488 1330 2543 quae
1367 2473 1524 2529 nobis
1551 2474 1604 2528 in
1632 2473 1722 2528 illa
1748 2474 1835 2529 die
1857 2474 2006 2529 fecit.

661 2561 748 2616 76.
796 2562 875 2617 De
914 2563 1298 2634 praedicatione
1348 2563 1573 2633 episcopi
1633 2562 1711 2616 vel
1753 2564 2176 2634 presbiterorum.

593 2649 704 2706 Sed
727 2660 784 2707 et
817 2660 1056 2707 vestrum
1087 2653 1129 2685 ⁸⁸
1154 2651 1441 2707 videndum
1461 2676 1470 2686 τ
1492 2661 1596 2719 est,
1628 2654 1967 2709 dilectissimi
2002 2662 2068 2710 .et
2091 2669 2183 2710 ve-

595 2742 869 2799 nerabiles
900 2752 1145 2813 pastores
1180 2751 1236 2799 et
1283 2752 1521 2799 rectores
1574 2744 1924 2800 ecclesiarum
1967 2743 2082 2811 Dei,
2123 2754 2183 2800 ut

602 2833 914 2903 presbiteri,
961 2850 1096 2904 quos
1148 2836 1366 2892 mittitis
1410 2851 1507 2906 per
1528 2837 1841 2906 parrochias
1863 2846 2073 2894 vestras
2116 2838 2184 2894 ad

601 2920 896 2994 regendum
924 2930 981 2978 et
1015 2924 1433 2994 praedicandum
1482 2910 1584 2994 per.
1622 2926 1881 2982 ecclesias
1928 2920 2184 2997 populum

603 3013 714 3069 Deo
739 3012 1084 3081 servientem,
1125 3022 1184 3069 ut
1214 3014 1255 3046 ¹⁹
1286 3022 1432 3070 recte
1462 3024 1517 3069 et
1563 3014 1788 3071 honeste
1829 3017 2177 3087 praedicent;

599 3108 656 3158 et
697 3117 807 3158 non
840 3101 1031 3159 sinatis
1069 3118 1206 3158 nova
1236 3102 1319 3157 vel
1366 3119 1474 3158 non
1515 3103 1560 3135 '°
1584 3104 1842 3160 canonica
1884 3104 2092 3174 aliquos
2116 3121 2183 3160 ex

601 3206 703 3247 suo
726 3207 910 3259 sensu,
935 3200 991 3247 et
1011 3208 1115 3249 non
1139 3192 1437 3249 secundum
1459 3194 1754 3265 scripturas
1776 3210 1957 3251 sacras
1983 3195 2185 3265 lingere

603 3289 661 3338 et
687 3283 1003 3353 praedicare
1048 3283 1262 3353 populo.
1298 3282 1405 3341 Sed
1446 3291 1502 3339 et
1546 3284 1853 3354 vosmetipsi
1889 3285 2043 3340 utilia
2084 3285 2185 3341 ho-

605 3377 761 3426 neste
783 3371 828 3401 ¹¹¹
873 3377 928 3425 et
972 3378 1137 3435 recte,
1165 3379 1221 3424 et
1246 3385 1385 3439 quae
1411 3370 1479 3425 ad
1508 3371 1674 3425 vitam
1696 3372 1898 3428 ducunt
1920 3373 1965 3404 ²²
2011 3380 2189 3427 aeter-

578 3470 734 3515 nam
777 3460 1124 3531 praedicate,
1187 3461 1429 3530 aliosque
1475 3462 1757 3536 instruite,
1805 3470 1865 3517 ut
1909 3463 2043 3518 haec
2091 3478 2186 3518 ea-

607 3549 732 3604 dem
752 3549 799 3581 “
820 3548 1151 3620 praedicent.
1196 3549 1377 3606 Primo
1402 3552 1638 3606 omnium
1663 3552 2080 3621 praedicandum
2105 3561 2190 3608 est

608 3638 860 3694 omnibus
892 3639 1233 3709 generaliter,
1284 3647 1344 3693 ut
1377 3641 1600 3695 credant
1645 3643 1855 3697 Patrem
1905 3650 1960 3698 et
1993 3643 2187 3698 Filium

608 3735 662 3782 et
684 3726 944 3798 Spiritum
968 3736 1215 3783 sanctum
1234 3745 1401 3785 unum
1420 3744 1541 3785 esse
1556 3731 1722 3786 Deum
1742 3732 2185 3802 omnipotentem,

609 3805 908 3883 aeternum,
932 3816 1278 3882 invisibilem,
1306 3819 1396 3888 qui
1428 3820 1632 3874 creavit
1653 3821 1860 3877 coelum
1884 3829 1938 3876 et
1964 3830 2184 3890 terram,

611 3919 760 3962 mare
782 3914 837 3961 et
862 3905 1046 3961 omnia
1066 3921 1204 3976 quae
1225 3908 1280 3963 in
1304 3909 1384 3964 eis
1404 3916 1562 3976 sunt;
1592 3918 1647 3965 et
1667 3926 1827 3965 unam
1869 3926 1990 3967 esse
2022 3913 2189 3969 deita-

612 4007 722 4055 tem
765 4007 821 4053 et
852 3998 1210 4053 substantiam
1250 4006 1306 4055 et
1336 4001 1671 4057 maiestatem
1709 4000 1755 4033 “
1792 4003 1848 4057 in
1878 4003 2047 4058 tribus
2069 4020 2191 4075 per-

614 4089 765 4146 sonis
786 4089 965 4145 Patris
986 4096 1041 4144 et
1070 4088 1194 4145 Filii
1219 4096 1274 4145 et
1300 4089 1533 4161 Spiritus
1575 4093 1767 4148 sancti.
1808 4094 1942 4149 Item
1972 4095 2185 4165 praedi-

616 4181 845 4236 candum
885 4191 985 4243 est,
1032 4181 1299 4249 quomodo
1338 4182 1481 4238 ﬁlius
1514 4183 1611 4238 Dei
1648 4184 1957 4242 incarnatus
1996 4193 2078 4241 est
2122 4186 2191 4244 de

616 4269 822 4338 Spiritu
847 4279 1036 4324 sancto
1059 4278 1115 4324 et
1137 4270 1304 4326 Maria
1342 4288 1558 4342 semper
1579 4274 1784 4345 virgine
1802 4291 1902 4344 pro
1936 4277 2108 4332 salute
2134 4286 2190 4333 et

2251 459 2520 532 quomodo
2562 461 2756 515 iterum
2802 468 3060 515 venturus
3086 461 3159 516 sit
3180 460 3234 515 in
3265 462 3309 494 ’τ
3334 462 3617 519 maiestate
3657 465 3837 523 divina

2252 552 2491 608 iudicare
2510 564 2698 606 omnes
2723 550 2967 606 homines
2992 550 3289 606 secundum
3312 553 3503 607 merita
3522 557 3761 624 propria,
3783 568 3837 613 et

2252 642 2520 712 quomodo
2548 640 2695 711 impii
2725 650 2944 712 propter
2969 642 3015 674 ⁸⁸
3041 643 3245 698 scelera
3269 660 3364 699 sua
3393 660 3515 700 cum
3544 647 3757 704 diabolo
3784 651 3837 707 in

2251 732 2429 805 ignem
2456 742 2733 789 aeternum
2774 734 3076 801 mittentur,
3124 743 3180 790 et
3228 736 3352 791 iusti
3383 752 3508 791 cum
3542 737 3755 795 Christo
3785 749 3838 797 et

2253 838 2377 879 cum
2399 823 2601 879 sanctis
2618 823 2822 894 angelis
2847 824 2960 879 suis
2981 824 3037 878 in
3059 824 3224 879 vitam
3241 834 3536 881 aeternam.
3552 827 3684 883 Item
3699 830 3746 861 "
3761 831 3838 886 di-

2253 913 2481 985 ligenter
2504 914 2923 985 praedicandum
2944 922 3047 979 est,
3072 930 3131 971 se
3152 914 3197 947 ³⁵
3221 919 3675 974 resurrectionem
3699 935 3839 975 mor-

2254 1011 2470 1059 tuorum
2523 1003 2567 1035 ³¹
2616 1011 2951 1075 accepturos.
3002 1004 3137 1060 Item
3192 1022 3316 1061 cum
3370 1008 3517 1062 omni
3568 1008 3838 1079 diligentia

2256 1095 2469 1150 cunctis
2496 1094 2918 1164 praedicandum
2945 1102 3049 1161 est,
3072 1111 3169 1166 pro
3192 1096 3388 1165 quibus
3415 1097 3734 1153 criminibus
3753 1099 3839 1155 de-

2257 1192 2536 1255 ponuntur
2561 1184 2608 1215 ³¹
2642 1199 2765 1239 cum
2804 1184 3018 1241 diabolo
3062 1185 3117 1239 in
3170 1194 3451 1241 aeternum
3499 1188 3837 1257 supplicium.

2256 1275 2508 1346 Legimus
2520 1275 2665 1330 enim
2689 1277 2929 1347 apostolo
2948 1276 3161 1332 dicente
3185 1294 3199 1330 :
3230 1276 3516 1348 Manifesta
3544 1289 3668 1333 sunt
3695 1297 3839 1350 opera

2257 1367 2432 1420 carnis
2464 1383 2598 1438 quae
2629 1377 2751 1421 sunt
2772 1368 3070 1438 fornicatio,
3089 1370 3444 1435 inmunditia,
3478 1371 3715 1440 luxuria,
3741 1375 3841 1431 ido-

2258 1455 2431 1509 lorum
2472 1458 2721 1522 servitus,
2767 1457 3034 1527 veneﬁcia,
3083 1459 3430 1526 inimicitiae,
3479 1465 3837 1527 contentiones,

2259 1545 2655 1612 aemulationes,
2686 1549 3064 1613 animositates,
3094 1550 3229 1615 irae,
3279 1551 3459 1618 rixae,
3484 1553 3837 1619 dissensiones.

2260 1634 2516 1701 haereses,
2543 1644 2730 1702 sectae,
2753 1636 3000 1702 invidiae,
3046 1637 3350 1706 homicidia,
3375 1641 3672 1707 ebrietates,
3710 1660 3841 1698 cost-

2194 1718 2239 1778 Β
2263 1727 2602 1782 messationes
2628 1735 2678 1781 et
2701 1727 2782 1781 his
2827 1727 3040 1794 similia,
3086 1745 3221 1799 quae
3252 1730 3495 1801 praedico
3537 1733 3679 1788 vobis
3722 1735 3841 1788 sicut

2267 1815 2526 1888 praedixi,
2553 1816 2802 1887 quoniam
2823 1816 2870 1848 ⁸³
2898 1817 2989 1888 qui
3018 1817 3150 1872 talia
3174 1829 3365 1891 agunt,
3400 1836 3620 1892 regnum
3639 1823 3735 1877 Dei
3754 1841 3841 1879 non

2271 1918 2666 1981 consequentur.
2692 1908 2819 1966 Ideo
2851 1909 2988 1966 haec
3033 1911 3241 1977 eadem,
3268 1927 3405 1982 quae
3438 1928 3670 1984 magnus
3698 1930 3841 1984 prae-

2273 1995 2506 2071 dicator_
2530 1997 2797 2054 ecclesiae
2842 1998 2939 2053 Dei
2986 2000 3304 2072 singillatim
3354 2002 3687 2069 nominavit,
3735 2018 3840 2058 cum

2274 2085 2422 2142 omni
2463 2087 2641 2144 studio
2684 2088 3103 2158 prohibeantur;
3157 2090 3550 2161 intellegentes,
3586 2106 3745 2162 quam
3782 2093 3841 2147 sit

2274 2176 2518 2233 terribile
2551 2178 2685 2233 illud
2713 2177 2854 2248 quod
2885 2179 3039 2245 dixit,
3072 2180 3321 2251 quoniam
3356 2182 3448 2251 qui
3496 2180 3631 2234 talia
3679 2193 3837 2252 agunt,

2254 2281 2490 2337 "regnum
2512 2266 2608 2320 Dei
2634 2276 2738 2322 non
2764 2268 3100 2338 possidebunt
3137 2268 3206 2321 “.
3252 2268 3355 2324 Sed
3397 2278 3452 2324 et
3478 2271 3631 2325 omni
3656 2271 3840 2326 instan-

2278 2357 2353 2411 tia
2388 2355 2437 2388 ⁸⁸
2457 2362 2762 2413 ammonete'
2787 2372 2882 2414 eos
2907 2358 2973 2414 de
2994 2358 3283 2415 dilectione
3311 2359 3405 2414 Dei
3432 2370 3491 2415 et
3517 2363 3763 2430 proximi,
3788 2362 3842 2416 de

2258 2449 2383 2505 'lide
2428 2456 2485 2504 et
2508 2464 2604 2521 spe
2644 2450 2702 2505 in
2732 2449 2863 2514 Deo,
2897 2451 2962 2506 de
2999 2449 3300 2504 humilitate
3353 2457 3409 2504 et
3453 2451 3747 2519 patientia,
3787 2451 3843 2505 de

2277 2539 2528 2595 castitate
2559 2547 2614 2595 et
2636 2541 2987 2606 continentia,
3015 2540 3083 2596 de
3124 2541 3455 2612 benignitate
3481 2550 3538 2595 et
3561 2541 3846 2597 misericor-

2279 2631 2388 2698 dia,
2413 2632 2480 2688 de
2504 2632 2848 2689 eleemosinis
2873 2640 2927 2688 et
2968 2632 3307 2688 confessione
3345 2643 3691 2703 peccatorum
3731 2649 3847 2689 suo-

2281 2739 2422 2790 rum,
2447 2731 2504 2779 et
2548 2732 2609 2780 ut
2650 2725 2983 2781 debitoribus
3036 2724 3150 2780 suis
3196 2723 3499 2779 secundum
3538 2723 3848 2780 dominicam

2262 2814 2583 2871 orationem
2610 2830 2708 2871 sua
2741 2814 2920 2870 debita
2949 2814 3254 2878 dimittant,
3285 2814 3522 2869 scientes
3541 2812 3847 2875 certissime,

2285 2904 2429 2974 quod
2464 2905 2509 2937 ⁸⁸
2538 2905 2630 2975 qui
2662 2905 2788 2960 talia
2813 2912 2998 2975 agunt,
3026 2919 3252 2974 regnum
3270 2903 3367 2959 Dei
3396 2902 3755 2973 possidebunt.
3786 2903 3855 2957 Et

2285 2995 2389 3050 hoc
2414 2995 2534 3052 ideo
2558 2994 2867 3066 diligentius
2888 2995 3216 3065 iniungimus
3241 3001 3454 3049 vestrae
3480 2992 3710 3059 caritati,
3735 2993 3851 3062 quia

2286 3088 2486 3143 scimus
2526 3086 2858 3157 temporibus
2896 3085 3202 3142 novissimis
3244 3083 3704 3155 pseudodoctores
3745 3097 3852 3138 esse

2283 3176 2572 3242 venturas;
2604 3177 2746 3232 sicut
2766 3177 2881 3248 ipse
2902 3177 3161 3234 Dominus
3183 3178 3238 3233 in
3277 3178 3563 3248 euangelio
3585 3176 3850 3248 praedixit,

2284 3274 2341 3320 et
2372 3265 2648 3335 apostolus
2678 3265 2877 3322 Paulus
2898 3266 2966 3321 ad
2993 3266 3330 3322 Timotheum
3367 3275 3623 3323 testatur.
3650 3266 3768 3323 Ideo
3786 3266 3851 3321 di-

2284 3356 2594 3424 lectissimi,
2626 3365 2741 3413 toto
2768 3356 2931 3413 corde
2977 3372 3360 3428 praeparemus
3397 3373 3502 3414 nos
3550 3359 3609 3413 in
3653 3357 3853 3414 scientia

2284 3449 2547 3513 veritatis,
2581 3457 2643 3503 ut
2676 3449 2948 3518 possimus
2992 3450 3491 3505 contradicentibus
3525 3451 3740 3505 veritati
3777 3463 3854 3503 re-

2286 3542 2498 3607 sistere,
2528 3551 2582 3597 et
2603 3543 2783 3598 divina
2808 3543 3047 3598 donante
3075 3542 3248 3613 gratia
3263 3544 3491 3597 verbum
3536 3542 3634 3597 Dei
3665 3547 3856 3596 crescat

2284 3640 2341 3687 et
2366 3641 2550 3688 currat
2572 3641 2627 3688 et
2644 3633 3035 3703 multiplicetur
3061 3633 3114 3687 in
3140 3630 3441 3703 profectum
3471 3641 3696 3689 sanctae
3714 3632 3754 3663 ”
3777 3629 3857 3684 Dei

2268 3723 2549 3779 ecclesiae
2571 3732 2625 3780 et
2662 3725 2891 3780 salutem
2934 3725 3239 3779 animarum
3278 3734 3592 3780 nostrarum
3613 3733 3667 3780 et
3693 3724 3739 3755 ³⁸
3763 3724 3859 3776 lau-

2288 3814 2408 3870 dem
2436 3823 2489 3869 et
2511 3814 2734 3885 gloriam
2769 3814 3004 3869 nominis
3025 3814 3069 3846 "
3093 3814 3296 3870 domini
3319 3816 3491 3870 nostri
3516 3815 3633 3870 Iesu
3657 3811 3859 3870 Christi.

2289 3906 2400 3960 Pax
2458 3905 2920 3974 praedicantibus,
2976 3905 3152 3976 gratia
3202 3906 3249 3937 ⁸⁸
3308 3906 3725 3971 obedientibus,
3760 3902 3859 3975 glo-

2287 3996 2370 4050 ria
2408 3994 2452 4028 “
2492 3994 2710 4077 domino
2735 4004 2923 4051 nostro
2950 3994 3072 4051 lesu
3098 3994 3335 4051 Christo.
3368 3993 3567 4049 Amen.

2363 4106 2449 4160 77.
2487 4106 2563 4160 De
2586 4107 2738 4162 rebus
2779 4106 3046 4161 ecclesiae.
3084 4104 3189 4173 Qui
3230 4105 3381 4160 iuxta
3415 4112 3735 4160 sanctorum
3779 4116 3865 4172 pa-

2290 4204 2433 4250 trum
2460 4195 2803 4252 traditionem
2829 4197 3077 4251 novimus
3097 4210 3187 4251 res
3218 4195 3482 4251 ecclesiae
3505 4202 3632 4250 vota
3676 4192 3728 4224 ⁸⁸
3764 4205 3869 4246 esse

2292 4291 2546 4355 fidelium,
2578 4291 2750 4361 pretia
2770 4298 3117 4360 peccatorum
3138 4300 3193 4346 et
3204 4290 3539 4360 patrimonia
3560 4302 3870 4359 pauperum,

619 4363 955 4431 reparatione
978 4365 1026 4397 "
1072 4365 1291 4421 humani
1334 4369 1570 4438 generis,
1613 4384 1821 4438 passus,
1845 4370 2105 4439 sepultus,
2135 4380 2190 4427 et
2217 4370 2489 4450 Denique
2517 4380 2564 4412 ιι
2593 4396 2702 4437 non
2724 4380 2900 4436 solum
2930 4381 3114 4437 habita
3136 4394 3483 4449 conservare,
3510 4395 3703 4436 verum
3725 4380 3873 4435 etiam

1837 4587 2224 4646 VARIANTES
2257 4588 2658 4647 LECTIONES.

701 4776 718 4809 ¹
744 4782 904 4829 deest.
935 4773 1011 4848 if.
1072 4776 1101 4848 ξ
1129 4784 1186 4830 ιιι
1208 4775 1260 4830 4.
1288 4775 1353 4831 G.
1429 4778 1450 4810 ³
1475 4792 1562 4833 ex.
1583 4793 1749 4848 opera
1774 4779 1826 4833 ϐ.
1855 4778 1919 4835 G.
1945 4781 2066 4837 Bal.
2142 4784 2165 4815 "
2189 4784 2414 4842 colendo
2437 4786 2491 4840 4.
2520 4785 2586 4842 G.
2611 4800 2711 4842 nec
2734 4802 2944 4843 Vineam
2970 4788 3246 4844 colendam
3271 4788 3322 4843 6.
3350 4804 3408 4843 n.
3435 4803 3488 4842 v.
3520 4788 3750 4846 colendo
3774 4788 3881 4844 Bal.

628 4843 659 4919 ξ
678 4850 914 4919 metente
940 4845 1045 4919 1.-Δ
1067 4845 1089 4878 ⁸
1113 4860 1239 4919 se_pe
1251 4843 1635 4919 componendo
1657 4849 1721 4903 Β.
1795 4851 1814 4881 ⁷
1845 4853 2082 4907 cedendo
2108 4852 2173 4907 B.
2250 4855 2271 4885 ⁸
2299 4872 2353 4909 n.
2384 4858 2436 4911 d.
2461 4864 2531 4911 st.
2555 4872 2655 4911 nec
2678 4861 2730 4910 in
2753 4858 2809 4912 h.
2839 4858 2877 4912 l.
2905 4843 3166 4919 desunt.5.
3240 4859 3261 4889 '
3284 4843 3626 4913 laborant-3.
3653 4843 3885 4916 laborare

628 4914 682 4969 6.
713 4912 779 4970 ϐ.
807 4912 928 4968 Bal.
990 4914 1049 4984 γ¹⁰
1082 4925 1137 4970 et
1155 4912 1208 4969 5.
1238 4915 1291 4970 6.
1320 4912 1403 4971 BC
1463 4919 1503 4949 ¹¹
1535 4919 1672 4973 deest
1710 4919 1774 4974 G.
1852 4922 1893 4951 ¹²
1922 4922 1977 4974 h.
2017 4939 2154 4977 corr.
2178 4925 2428 4979 hostialia
2455 4928 2506 4980 1.
2554 4927 2735 4981 ostilia
2776 4944 2913 4981 corr.
2941 4912 3174 4983 ostilicia
3199 4930 3252 4983 5.
3281 4912 3531 4983 hostialia
3560 4912 3620 4983 ’6.
3656 4912 3886 4984 iT’Vcon-

629 4991 788 5039 suent
814 4984 887 5037 i'.
965 4983 1008 5015 “
1020 4985 1155 5040 hanc
1180 4984 1447 5040 lectionem
1468 5004 1534 5042 ea:
1554 4987 1682 5060 Cap.
1706 4990 1826 5046 789.
1843 4990 1987 5045 Eccl.
2012 4992 2117 5046 iam
2147 4995 2367 5048 restituit
2393 4996 2645 5052 Baluzius
2660 4999 2919 5066 acupulae
2942 5014 3079 5051 corr.
3095 5013 3194 5052 acu
3235 4999 3392 5053 ieilae
3412 4999 3462 5051 1.
3478 4983 3794 5067 acupiculae
3820 5000 3884 5050 1’.

634 5054 688 5111 5-.
714 5053 766 5108 6.
795 5051 861 5109 (ἱ.
884 5053 961 5108 ita
1005 5054 1081 5109 vel
1133 5055 1408 5121 acupicule
1436 5074 1613 5111 norem
1641 5060 1795 5113 codd.
1824 5060 1943 5113 Bal.
1973 5063 2250 5121 acunicula
2277 5063 2342 5117 B.
2374 5065 2499 5121 Par.
2530 5065 2658 5121 Met.
2685 5067 2834 5121 Rem.
2862 5068 3172 5121 acuhiculae
3274 5068 3627 5121 aucuniculae
3654 5069 3775 5121 Bal.
3806 5084 3884 5121 cu—

610 5051 1613 5145 .ἓξ9.οέ-Ᾰ⁸α1,2ε¹-.εξίὲξξε)ἓε2¹βίηοιξεω
1628 5051 1795 5145 how!-
1824 5060 1953 5145 3.9.1.;
1973 5063 2499 5145 acuPiCP'a.B--?ar-
2530 5065 2658 5145 Men
2852 5051 3172 5145 ,ιωιρίουιειέξ

3274 5068 3627 5138 aucupiculae
3654 5069 3775 5123 Bal.
3798 5084 3891 5138 ωε

633 5122 1295 5219 ἓὶςιιιδξοξαιέρᾷρρξῇυἰε
1317 5125 1803 5219 ἔρῳ-ἒξιρῇξυμι
2030 5122 2529 5219 ιιόιιρῇοειιίξΛΝοηγιι.
2557 5136 2921 5219 aliquapietile
2950 5135 3115 5219 Sang.
3154 5137 3223 5219 2n
3266 5139 3310 5219 ξ’
3328 5122 3432 5219 sic;
3475 5122 3551 5192 1⁴.
3703 5137 3826 5219 Bal.
3849 5145 3891 5219 ft

636 5193 767 5278 llap.
936 5193 1223 5278 ’ᾕρει-ΜΛ
1245 5205 1301 5278 et
1321 5193 1643 5278 [ere:oni_nes'
1662 5199 1781 5253 Bal.
1860 5200 1902 5230 “
1923 5202 1998 5255 ita
2024 5193 2192 5278 nostri
2208 5214 2256 5258 et
2287 5203 2356 5278 12
2380 5206 2533 5260 codd.
2559 5193 2768 5278 Baluzii
2781 5223 2800 5271 ;
2819 5208 2993 5278 honor
3017 5193 3088 5278 et"
3099 5224 3145 5261 r.
3175 5206 3297 5278 Bal.
3328 5207 3351 5278 έ
3375 5208 3417 5239 ¹⁷
3440 5208 3822 5278 persolvantur
3841 5205 3889 5256 ι.

635 5264 908 5343 persolvat
931 5262 997 5318 G.
1019 5264 1207 5343 _"_hoc_
1219 5262 1371 5343 vobis
1396 5266 1503 5321 vid.
1514 5269 1581 5343 _5.
1611 5283 1948 5343 summopere
1974 5273 2125 5343 vobis
2151 5272 2215 5327 G.
2278 5274 2337 5343 ῤ’
2364 5289 2408 5328 s.
2436 5282 2583 5330 recte
2605 5262 2794 5343 praed:
2817 5276 2872 5330 5.
2945 5276 2991 5308 ”
3024 5276 3167 5332 deest
3193 5275 3259 5332 G.
3335 5277 3379 5309 ³¹
3406 5262 3486 5343 ut,
3514 5285 3570 5331 et
3593 5278 3821 5333 honesta
3846 5282 3890 5326 el

636 5335 1467 5433 a“3ft°°‘°.39.3.2,£.9299m
1489 5337 1574 5433 ,ξς
1726 5353 1776 5433 εξ·
1823 5335 1904 5433 ἐξ.
1927 5341 2130 5433 ira;
2173 5345 2227 5397 δ·
2261 5340 2327 5397 σε
2356 5343 2476 5397 Bal-

1489 5407 1532 5438 ”
1561 5409 1701 5463 idem
1729 5409 1784 5463 4.
1859 5410 1907 5458 '°.
1936 5407 2002 5465 de
2029 5407 2150 5465 Bal.
2199 5428 2257 5467 se
2301 5430 2333 5465 u

635 5469 1172 5572 gsdgmpmrpori‘b‘us‘
1182 5476 1758 5572 praemiagne'tjtprui‘n‘
1774 5495 1897 5572 acc.1
1904 5479 2033 5572 .Batl.
2064 5498 2128 5562 ea:
2149 5467 2276 5572 (ξαρ.
2297 5467 2430 5572 289.

636 5400 682 5460 3"
706 5410 759 5457 et
791 5400 859 5457 G.
934 5403 978 5434 ’⁸
997 5406 1414 5460 secundum’l".

638 5540 775 5595 deest
800 5540 864 5595 B.

638 5609 686 5641 ⁸⁸
713 5612 779 5667 ad
803 5612 856 5666 5.
932 5611 976 5642 ”
1005 5612 1143 5667 deest
1171 5609 1223 5669 Ε.

2575 5345 2622 5377 ’⁸
2644 5345 2784 5415 deest
2822 5345 2876 5399 5.
2951 5345 2999 5377 “
3024 5346 3390 5415 redemptione
3427 5347 3480 5402 6.
3555 5348 3625 5379 “'
3652 5348 3796 5401 deest
3827 5345 3892 5397 i‘.

2340 5430 2462 5482 sque
2509 5421 2593 5468 est
2635 5414 2818 5469 desunt
2852 5416 2906 5469 5.
2982 5415 3026 5446 “
3065 5431 3141 5470 tn.
3188 5414 3249 5469 tit
3284 5418 3455 5481 sciant
3495 5425 3551 5470 et
3588 5419 3815 5472 credant
3848 5415 3895 5467 in

2533 5484 2579 5515 ³¹
2605 5484 2937 5556 deponentur
2962 5485 3014 5539 1.
3088 5484 3134 5518 ⁸³
3156 5487 3481 5555 quoniam...
3503 5493 3898 5556 consequentur

964 5543 982 5626 ξ
1011 5543 1634 5626 consenuentur_5._Bal.
1663 5548 1758 5626 ⁸³⁸
1778 5550 1955 5626 studio
1979 5550 2049 5626 6._
2065 5551 2101 5604 i.
2134 5560 2191 5626 et
2215 5543 2266 5604 ἐι.
2292 5552 2367 5603 1⁴.
2442 5551 2487 5582 ³⁸
2511 5543 2764 5626 quoniam
2788 5570 2843 5625 q.
2865 5563 2907 5609 t.
2931 5571 3036 5626 non
3057 5543 3258 5626 a._r:d.
3280 5572 3385 5610 non
3410 5571 3463 5626 p.
3485 5558 3540 5611 5.
3616 5556 3660 5589 ³⁷
3682 5543 3878 5626 deest§

1300 5616 1345 5648 ⁸ο
1370 5616 1539 5685 gloria
1558 5621 1623 5673 ~5.
1656 5619 1721 5672 Β.
1797 5620 1843 5650 ὀι
1875 5620 1990 5677 laus
2010 5621 2071 5675 5.
2147 5620 2194 5652 δ’
2216 5627 2339 5677 uota
2371 5637 2507 5674 corr.
2529 5616 2704 5677 vitam
2734 5623 2785 5677 1.
2806 5616 2984 5682 "uitam
3011 5624 3065 5679 4.
3099 5624 3166 5680 G.
3195 5626 3305 5681 vita
3325 5625 3386 5687 .6.

3461 5626 3509 5658 ⁸⁸
3530 5627 3824 5683 unicuione
3848 5622 3881 5677 ’5
