4004 6340
766 363 994 425 CODEX
1030 360 1552 424 DlPLOMATlCUS.
1589 357 1990 414 -—CAPlTL‘-l..
2029 357 2119 414 AB
2155 357 2493 416 ANSEGISO
2529 355 2907 415 COLLECTA.

3379 361 3486 420 526

271 480 366 539 95.
391 480 473 538 De
491 484 668 555 pueris
688 483 966 540 tondendis
985 493 1034 540 et
1055 483 1241 556 puellis
1264 481 1512 540 velandis.
1539 479 1616 537 Ne
1637 477 1790 551 pueri
1820 480 1865 539 Α
1893 475 2066 531 eidem
2091 476 2133 511 "
2161 477 2376 534 crimini
2399 477 2444 510 "
2470 477 2818 535 consentiens
2846 489 2954 532 non
2985 471 3106 542 fuit,
3130 473 3348 532 licentia
3388 497 3488 537 nu-

188 586 332 630 'vero
353 575 476 630 sine
497 575 772 630 voluntate
791 584 1075 645 parentum
1098 583 1466 641 tonsorentur,
1487 574 1569 630 vel
1588 575 1798 644 puellae

200 664 472 732 velentur,
520 665 694 722 modis
734 666 987 721 omnibus
1015 666 1304 721 inhibitum
1329 676 1430 721 est.
1468 665 1536 720 Et
1577 666 1667 735 qui
1694 665 1798 722 hoc

199 756 385 814 facere
410 759 757 828 temptaverit
797 758 846 823 ¹,
887 758 1114 814 multam
1136 774 1273 829 quae
1295 758 1351 814 in
1373 758 1622 830 capitulis
1664 758 1799 829 legis

198 849 514 905 mundanae
539 867 571 904 a
597 849 756 906 nobis
777 850 1093 906 constitutis
1125 850 1449 918 continetur,
1491 849 1799 922 persolvere

197 950 454 1011 cogatur.

267 1033 362 1089 96.
401 1033 481 1089 De
505 1034 714 1105 feminis
737 1035 873 1090 viros
905 1035 1280 1092 amittentibus.
1322 1036 1400 1092 De
1424 1035 1639 1092 feminis
1659 1052 1800 1107 quae

193 1125 348 1180 vinos
375 1126 657 1192 amittunt,
681 1127 876 1196 placet,
899 1143 969 1184 ne
989 1143 1048 1184 se
1081 1129 1222 1184 sicut
1247 1137 1471 1185 actenus
1508 1129 1800 1187 indiscrete

195 1216 380 1271 velent
420 1217 462 1281 ί,
502 1216 597 1272 sed
648 1226 710 1271 ut
752 1219 971 1290 triginta
1009 1218 1127 1275 dies
1175 1229 1299 1290 post
1335 1221 1616 1276 decessum
1652 1220 1672 1251 '
1695 1220 1796 1276 viri

192 1307 280 1362 sui
304 1314 620 1377 expectent,
647 1315 702 1363 et
725 1317 850 1377 post
872 1309 1204 1365 tricesimum
1227 1311 1368 1366 diem
1393 1326 1492 1382 per
1512 1312 1796 1368 consilium

193 1399 442 1470 episcopi
465 1399 570 1462 sui,
599 1399 684 1454 vel
718 1399 764 1454 si
802 1400 1087 1471 cpiscopus
1118 1402 1314 1457 absens
1339 1401 1533 1469 fuerit,
1573 1403 1799 1460 consilio

194 1491 433 1547 aliorum
474 1490 851 1561 religiosorum
875 1493 1219 1549 sacerdotum
1249 1509 1578 1565 suorumque
1605 1511 1800 1566 paren-

197 1590 318 1636 tum
337 1589 506 1651 atque
535 1582 854 1648 amicorum,
884 1582 935 1637 id
961 1583 1106 1652 quod
1129 1583 1327 1655 eligere
1350 1585 1546 1640 debent
1572 1585 1793 1658 eligant.

197 1670 266 1725 Et
311 1671 443 1740 quia
470 1670 493 1701 δ
524 1685 556 1726 a
607 1686 765 1726 sacro
790 1680 1059 1727 conventu
1102 1674 1277 1744 rogati
1309 1674 1362 1740 ⁸,
1407 1683 1468 1729 ιιι
1505 1675 1560 1730 hi
1583 1675 1676 1746 qui
1697 1690 1798 1746 pu-

195 1761 400 1816 blicam
442 1763 705 1833 gerebant
746 1761 768 1792 ⁶
807 1762 1224 1832 poenitentiam,
1268 1773 1323 1820 et
1381 1763 1613 1820 feminae
1653 1778 1794 1836 quae

1900 568 2058 624 bendi
2082 569 2172 624 alii
2195 585 2299 623 non
2340 577 2583 641 negetur.
2635 567 2792 636 Quod
2835 567 2882 598 ”
2925 567 2972 623 si
3015 575 3069 622 et
3111 566 3227 638 ipsa
3258 581 3486 626 consen-

1898 659 1990 725 sit,
2014 660 2176 716 simili
2200 661 2466 716 sententia
2499 661 2796 718 subiaceat.
2839 657 2995 728 Quod
3021 660 3068 715 si
3105 659 3152 693 ”
3183 669 3307 732 post
3350 662 3486 719 haec

1897 766 1959 807 se
1999 752 2326 823 coniungere
2356 751 2837 823 praesumpserint,
2876 757 3106 823 uterque
3125 750 3486 809 anathemati~

1899 853 2113 900 zentur.

1971 935 2094 992 100.
2127 936 2204 992 De
2225 937 2305 992 his
2325 937 2414 1010 qui
2437 936 2718 1008 virginibus
2746 935 2855 991 Deo
2890 937 3078 992 dicatis
3107 953 3163 991 se
3181 937 3384 992 sociant
3413 936 3483 990 ".

1901 1027 1977 1085 De
2001 1028 2086 1084 his
2107 1044 2234 1084 vero
2256 1029 2349 1098 qui
2371 1027 2542 1084 sacris
2577 1026 2876 1097 virginibus
2910 1041 2969 1082 se
2997 1027 3226 1093 sociant,
3254 1026 3324 1082 ita
3357 1027 3414 1082 in
3438 1026 3485 1059 “

1900 1120 2131 1176 decretis
2151 1134 2322 1190 papae
2343 1118 2541 1175 Gclasii
2565 1117 2805 1188 capitulo
2825 1117 2895 1173 20
2917 1118 2960 1150 ’⁷
2987 1119 3328 1175 continetur:
3369 1115 3486 1172 Vir-

1899 1213 2106 1284 ginibus
2126 1213 2292 1268 sacris
2323 1221 2512 1268 temere
2540 1228 2594 1268 se
2615 1210 2869 1283 quosdam
2899 1211 3100 1266 sociare
3126 1209 3484 1282 cognovimus,

1899 1316 1947 1362 et
1979 1316 2093 1378 post
2129 1305 2362 1360 dicatum
2398 1303 2508 1360 Deo
2551 1304 2876 1377 propositum
2920 1303 3116 1357 incesta
3153 1302 3365 1374 foedera
3399 1320 3486 1358 sa-

1900 1398 2193 1470 crilegaque
2217 1399 2466 1462 miscere;
2491 1413 2618 1468 quos
2641 1396 2880 1468 protinus
2907 1411 3128 1466 aequum
3158 1404 3232 1451 est
3264 1411 3296 1448 a
3331 1411 3486 1450 sacra

1897 1492 2260 1546 communione
2289 1490 2527 1555 detrudi,
2577 1498 2625 1544 et
2673 1489 2776 1544 nisi
2813 1487 3076 1561 publicam
3113 1487 3488 1558 probatumque

1897 1585 2093 1654 egerint
2113 1584 2502 1656 paenitentiam,
2535 1581 2746 1638 omnino
2783 1597 2888 1636 non
2923 1579 3082 1651 recipi
3105 1579 3185 1645 ¹⁸;
3211 1587 3302 1633 aut
3337 1579 3384 1611 ”
3405 1579 3486 1633 his

1898 1685 2032 1730 certe
2058 1675 2300 1730 viaticum
2330 1674 2395 1731 de
2427 1672 2601 1730 seculo
2631 1671 3040 1739 transeuntibus,
3078 1672 3124 1727 si
3161 1681 3336 1726 tamen
3366 1687 3488 1744 poe-

1897 1767 2167 1834 nituerint,
2195 1783 2298 1822 non
2324 1777 2556 1839 negetur.
2592 1764 2651 1821 Si
2677 1780 2803 1821 vero
2835 1764 2902 1820 de
2925 1761 3268 1834 copulatione
3303 1776 3488 1818 sacra-

195 1856 346 1910 viros
379 1855 725 1921 amittebant,
776 1863 962 1912 nostra
1009 1855 1030 1890 '
1075 1857 1418 1924 auctoritate,
1457 1857 1628 1914 donec
1658 1857 1791 1913 deli-
1827 1843 1874 1904 Β
1903 1873 2022 1913 rum
2049 1859 2318 1930 virginum
2342 1867 2452 1914 tam
2477 1872 2664 1914 severe
2689 1856 2976 1923 feriuntur,
3004 1863 3208 1926 quanto
3245 1855 3490 1911 severius

195 1948 396 2003 herent
447 1947 578 2017 quid
617 1955 799 2019 agant,
833 1949 1187 2014 tuerentur“,
1227 1949 1534 2018 specialiter
1575 1965 1674 2023 pro
1709 1950 1795 2009 bis

195 2037 437 2108 capitula
478 2037 500 2068 ⁹
541 2039 663 2093 ﬁeri
708 2046 764 2094 et
827 2037 962 2112 legis
1007 2039 1312 2096 mundanae
1359 2039 1609 2110 capitulis
1649 2041 1793 2100 inse-

200 2129 367 2184 renda
396 2129 756 2186 decrevimus.

268 2221 359 2276 97.
386 2220 467 2276 De
490 2223 652 2293 raptis
674 2232 723 2276 et
744 2222 810 2278 de
829 2239 1012 2278 earum
1034 2225 1350 2296 raptoribus.
1377 2225 1455 2283 De
1477 2227 1646 2297 raptis
1665 2243 1796 2285 vero

199 2321 252 2367 et
293 2313 361 2369 de
399 2314 716 2384 raptoribus
753 2330 1080 2386 quamquam
1121 2317 1428 2386 specialiter
1468 2319 1796 2376 decrevisse-

202 2421 340 2473 mus,
366 2407 502 2477 quid
521 2407 634 2477 pati
665 2407 896 2462 debeant
917 2407 1012 2478 qui
1037 2407 1142 2464 hoc
1163 2409 1315 2464 nefas
1345 2410 1600 2481 deinceps
1619 2409 1800 2468 facere

202 2499 610 2569 temptaverint,
658 2499 791 2569 quid
831 2509 1013 2556 tamen
1051 2515 1214 2572 super
1252 2501 1339 2558 his
1383 2502 1524 2559 sacri
1563 2518 1801 2562 canones

200 2591 540 2662 praecipiunt
565 2592 608 2623 ¹⁰
629 2591 722 2647 hic
743 2591 1091 2648 inserendum
1116 2593 1482 2650 necessarium
1509 2595 1796 2665 duximus;

203 2693 467 2751 quatenus
487 2683 744 2739 omnibus
762 2692 946 2754 pateat
965 2693 1230 2755 quantum
1273 2687 1476 2742 malum
1499 2688 1590 2754 sit,
1615 2698 1671 2745 et
1692 2704 1799 2747 non

203 2775 376 2831 solum
403 2777 662 2841 humana,
691 2776 789 2832 sed
811 2776 977 2831 etiam
1003 2777 1184 2832 divina
1217 2780 1542 2836 auctoritate
1565 2783 1802 2838 constri-

206 2868 297 2930 cti,
325 2867 396 2922 ab
417 2867 548 2922 hinc
571 2867 677 2923 hoc
702 2866 906 2922 malum
925 2876 1185 2924 caveatur
1210 2869 1276 2924 “.

273 2953 370 3010 98.
397 2955 473 3009 De
495 2955 677 3026 puellis
703 2959 867 3029 raptis
890 2957 1113 3012 necdum
1132 2957 1482 3032 desponsatis.
1508 2962 1586 3019 De
1608 2962 1802 3034 puellis

219 3046 391 3117 raptis
411 3048 640 3103 necdum
663 3049 1017 3120 desponsatis,
1034 3051 1087 3106 in
1107 3053 1338 3110 concilio
1355 3055 1798 3123 Chalcedonensi,

217 3138 306 3194 ubi
337 3137 447 3194 630
474 3139 516 3170 "
533 3147 710 3210 patres
732 3142 974 3214 fuerunt,
1001 3147 1240 3217 capitulo
1262 3150 1334 3207 38
1359 3149 1401 3182 ι’
1429 3150 1506 3206 ita
1535 3152 1795 3208 habetur:

211 3231 314 3287 Eos
335 3233 431 3304 qui
455 3202 662 3304 rapiunt
683 3235 886 3308 puellas
918 3202 1014 3294 sub
1051 3202 1794 3312 nontineiiimul—habita—n—di,
1825 3202 1874 3268 ο

203 3334 540 3396 cooperantes
583 3335 634 3381 et
670 3329 964 3386 conibentes
991 3333 1307 3403 raptoribus,
1353 3335 1577 3392 decrevit
1614 3347 1799 3392 sancta

202 3417 443 3482 sinodus,
483 3418 532 3472 si
570 3419 783 3490 quidem
811 3420 988 3476 clerici
1030 3433 1173 3488 sunt,
1201 3425 1444 3505 decidant
1468 3426 1637 3497 gradu
1679 3445 1801 3499 pro-

200 3508 349 3576 prio;
384 3509 431 3562 si
459 3525 576 3564 vero
609 3508 756 3575 laici,
799 3513 1328 3568 anathematisentur.
1371 3514 1580 3583 Quibus
1619 3518 1801 3574 verbis

200 3611 390 3671 aperte
410 3599 576 3657 datur
616 3602 855 3675 intellegi
901 3605 1134 3674 qualiter
1177 3608 1338 3664 huius
1380 3609 1508 3664 mali
1549 3620 1802 3670 auctores

201 3694 534 3763 dampnandi
561 3703 725 3762 sunt,
766 3698 981 3766 quando
1013 3701 1304 3770 participes
1327 3710 1382 3757 et
1417 3703 1461 3734 “
1485 3705 1801 3762 conibentes

201 3791 357 3840 tanto
380 3785 731 3842 anathemate
772 3786 1061 3855 feriuntur,
1105 3799 1160 3846 et
1207 3792 1251 3823 "
1293 3792 1444 3848 iuxta
1483 3796 1800 3853 canonicam

199 3877 588 3931 auctoritatem
603 3878 674 3933 ad
693 3879 944 3950 coniugia
965 3880 1204 3952 legitima
1225 3893 1410 3952 raptas
1427 3886 1531 3944 sibi
1554 3889 1672 3946 iure
1685 3891 1802 3946 vin-

199 3967 387 4023 dicare
412 3967 723 4024 nullatenus
744 3981 974 4040 possunt
996 3973 1060 4026 ¹⁶.

269 4059 365 4114 99.
400 4057 481 4113 De
502 4059 828 4132 desponsatis
850 4073 896 4116 et
923 4063 987 4117 ab
1011 4063 1129 4120 aliis
1155 4067 1338 4137 raptis.
1363 4067 1440 4125 De
1461 4069 1801 4140 desponsatis

197 4153 400 4223 puellis
421 4161 478 4207 et
499 4154 567 4209 ab
587 4153 710 4210 aliis
737 4156 907 4224 raptis
929 4156 1003 4212 ita
1045 4157 1099 4211 in
1132 4159 1365 4216 concilio
1385 4160 1716 4232 Ancyritano
1735 4163 1796 4232 η,

199 4245 444 4316 capitulo
467 4245 696 4311 decimo,
722 4245 947 4318 legitur:
981 4247 1331 4320 Desponsatas
1348 4252 1553 4322 puellas
1595 4264 1642 4309 et
1684 4267 1800 4326 post

197 4339 262 4392 ab
290 4338 419 4392 aliis
451 4347 629 4409 raptas
653 4338 851 4410 placuit
884 4341 1000 4396 erui
1040 4350 1087 4395 et
1125 4343 1200 4396 eis
1237 4342 1406 4409 reddi,
1448 4345 1635 4416 quibus
1678 4358 1800 4403 ante

197 4427 418 4497 fuerant
447 4427 491 4458 "
512 4428 874 4498 desponsatae,
899 4431 1104 4485 etiamsi
1133 4431 1207 4486 eis
1232 4450 1265 4487 a
1293 4436 1585 4504 raptoribus
1609 4439 1682 4494 vis
1717 4440 1800 4493 in-

1898 1949 2126 2006 feriendi
2149 1958 2275 2006 sunt
2295 1949 2389 2021 qui
2419 1965 2512 2006 cas
2535 1949 2750 2018 rapiunt
2773 1947 2854 2004 “?
2875 1948 3028 2015 ideo,
3066 1947 3208 2003 sicut
3227 1946 3488 2018 praemis-

1897 2057 2019 2100 sum
2041 2052 2145 2110 est,
2169 2059 2392 2100 necesse
2411 2051 2515 2108 est,
2548 2051 2608 2098 ut
2631 2043 2699 2097 ab
2719 2041 2970 2098 omnibus
2997 2041 3051 2096 in
3074 2039 3380 2097 Christiana
3405 2055 3494 2094 re-

1899 2133 2096 2206 ligione
2117 2135 2534 2193 consistentibus
2575 2135 2754 2204 rigore
2797 2132 3139 2190 auctoritatis
3168 2132 3384 2189 divinae
3407 2132 3491 2186 vel
3575 2165 3584 2168 -

1899 2228 2165 2285 humanae
2190 2228 2293 2284 hoc
2316 2227 2516 2284 malum
2539 2225 2797 2284 radicitus
2817 2234 3143 2296 amputetur.

1972 2317 2094 2374 101.
2145 2317 2225 2374 De
2275 2317 2493 2390 puellis,
2536 2335 2638 2390 quo
2683 2328 2910 2390 tempore
2949 2317 3198 2371 velentur.
3240 2316 3318 2373 Ne
3358 2332 3490 2372 vero

1899 2410 2107 2482 puellae
2135 2410 2428 2468 indiscrete
2469 2410 2731 2477 velentur,
2775 2409 2977 2479 placuit
3017 2409 3176 2465 nobis
3215 2409 3379 2465 etiam
3421 2410 3490 2466 de

1901 2503 2074 2559 sacris
2099 2501 2414 2569 canonibus,
2440 2500 2674 2572 qualiter
2693 2501 3091 2556 observandum
3133 2500 3224 2567 sit,
3269 2499 3358 2557 hic
3400 2501 3485 2556 ln-

1900 2594 2044 2650 ferre
2069 2595 2136 2650 de
2164 2603 2408 2664 tempore
2447 2593 2796 2648 velandarum
2831 2592 3155 2664 puellarum.
3192 2592 3251 2649 ln
3285 2593 3491 2652 Africa-

1903 2703 1973 2742 no
1997 2686 2040 2717 ³¹
2065 2685 2317 2753 concilio,
2339 2682 2576 2756 capitulo
2602 2683 2668 2738 16
2691 2684 3018 2750 continetur,
3049 2693 3107 2738 ut
3143 2700 3250 2739 non
3276 2693 3399 2741 ante
3420 2684 3492 2740 25

1901 2791 2074 2832 annos
2093 2783 2498 2832 consecrentur.
2523 2775 2656 2830 Item
2680 2774 2735 2830 in
2765 2775 2956 2832 eodem
2981 2773 3230 2841 concilio,
3255 2775 3495 2847 capitqu

1901 2870 1972 2926 93
2001 2870 2069 2936 “,
2112 2869 2179 2925 de
2218 2867 2521 2940 virginibus
2555 2867 2800 2923 velandis
2844 2867 2918 2924 ita
2960 2867 3309 2923 continetur:
3360 2866 3494 2922 Item

1899 2959 2118 3032 placuit,
2170 2969 2228 3014 ut
2269 2959 2580 3030 quicumque
2611 2959 2971 3030 episcoporum
3018 2959 3324 3014 necessitate
3353 2960 3496 3030 peri—

1901 3050 2130 3105 clitantis
2155 3049 2439 3121 pudicitiae
2466 3047 2754 3120 virginalis,
2790 3064 2910 3102 cum
2937 3048 2984 3080 ³³
3007 3047 3082 3103 vel
3103 3048 3294 3120 petitor
3313 3058 3494 3120 potens

1903 3139 1980 3196 vel
2006 3149 2185 3212 raptor
2208 3137 2399 3210 aliquis
2423 3137 2760 3208 formidatur,
2787 3136 2862 3193 vel
2894 3137 2940 3192 si
2960 3138 3119 3192 etiam
3147 3136 3324 3209 aliqua
3353 3154 3495 3192 mor-

1903 3234 1970 3288 tis
1995 3231 2287 3304 periculoso
2315 3231 2360 3263 “
2385 3229 2630 3302 scrupulo
2650 3240 2959 3303 compuncta
2989 3230 3147 3301 fuerit
3181 3247 3244 3286 ne
3282 3249 3385 3288 non
3413 3251 3496 3288 ve-

1904 3323 2015 3379 lata
2038 3323 2327 3387 moriatur,
2363 3331 2456 3376 aut
2493 3320 2818 3392 exigentibus
2853 3321 3156 3392 parentibus
3197 3331 3287 3376 aut
3311 3322 3394 3378 his
3423 3325 3494 3378 ad

1903 3434 2127 3491 quorum
2151 3434 2334 3472 curam
2363 3416 2604 3488 pertinet,
2629 3413 2869 3470 velaverit
2903 3414 3153 3486 virginem
3193 3433 3284 3470 seu
3311 3415 3492 3471 velavit

1905 3519 2026 3565 ante
2048 3509 2120 3564 25
2154 3509 2202 3540 ³⁵
2229 3524 2395 3564 annos
2426 3506 2632 3572 aetatis,
2660 3522 2764 3560 non
2799 3506 2845 3560 ei
2866 3504 2997 3560 obsit
3023 3505 3326 3571 concilium,
3353 3506 3494 3577 quod

1906 3603 1970 3659 de
2001 3605 2102 3658 isto
2123 3617 2382 3656 annorum
2408 3615 2622 3654 numero
2650 3599 2987 3653 constitutum
3023 3606 3120 3652 est.
3163 3596 3316 3654 Unde
3347 3597 3495 3652 colli-

1907 3695 2085 3767 gitur,
2127 3693 2255 3764 quia
2304 3691 2453 3747 iuxta
2489 3691 2726 3762 priorem
2769 3690 3106 3746 sanctionem
3143 3689 3383 3762 virgines
3423 3690 3495 3745 23

1905 3785 2100 3840 aetatis
2130 3797 2261 3840 suae
2280 3797 2424 3838 anno
2445 3782 2549 3837 rite
2579 3780 2625 3812 ³⁸
2651 3779 3054 3836 consecrandae
3091 3780 3232 3846 sint;
3266 3779 3408 3851 quod
3447 3782 3495 3834 si

1903 3877 2232 3948 praemissae
2257 3874 2607 3930 necessitates
2629 3881 2752 3928 ante
2777 3872 2831 3928 id
2869 3871 2986 3928 ﬁeri
3010 3873 3352 3946 compellant,
3377 3873 3496 3928 nul-

1904 3969 2015 4024 lum
2042 3967 2216 4037 possit
2257 3965 2507 4036 episcopo
2544 3963 2756 4020 adferre
2775 3963 3165 4033 praeiudicium
3204 3979 3491 4020 consecra-

1905 4058 2070 4114 tionis
2093 4058 2160 4109 ³⁷.

1977 4148 2099 4205 102.
2129 4148 2206 4203 De
2228 4147 2615 4203 examinatione
2643 4155 2855 4200 sanctae
2894 4145 3065 4200 crucis
3097 4161 3203 4199 non
3226 4145 3490 4215 facienda.

1905 4246 2182 4302 Sancitum
2211 4251 2316 4309 est,
2355 4251 2416 4299 ut
2459 4241 2638 4297 nullus
2675 4240 2928 4310 deinceps
2969 4238 3266 4310 quamlibet
3291 4237 3337 4272 ³⁸
3366 4253 3493 4295 θχθο

1903 4337 2254 4395 minationem
2296 4335 2474 4390 crucis
2511 4333 2555 4365 ”
2597 4331 2777 4388 facere
2815 4339 3159 4402 praesumat;
3199 4346 3268 4387 ne
3291 4330 3494 4387 Christi

1901 4431 2083 4502 passio
2105 4429 2175 4495 ⁸⁸,
2199 4441 2338 4498 quae
2371 4434 2456 4483 est
2478 4425 2522 4457 “
2551 4423 2871 4497 gloriﬁcatio
2891 4464 2906 4489 ,
2951 4423 3237 4480 cuiuslibet
3277 4423 3496 4478 temeri-

195 4518 315 4574 lata
337 4520 650 4575 constiterit.
691 4519 922 4578 Proinde
960 4530 1224 4577 statutum
1269 4534 1354 4580 est
1393 4540 1425 4580 a
1468 4541 1625 4582 sacro
1665 4544 1797 4585 con-
1830 4508 1882 4570 υ
1908 4533 2020 4580 tate
2041 4519 2378 4591 contemptui
2402 4518 2682 4574 habeatur.

198 4619 395 4674 ventu,
443 4619 503 4664 ut
544 4619 728 4681 raptor
767 4613 979 4681 publica
1013 4615 1344 4684 poenitentia
1383 4617 1661 4676 multetur.
1698 4621 1800 4676 Ra-

194 4712 357 4774 ptam
389 4702 432 4733 "
455 4719 584 4760 vero
621 4703 666 4759 si
710 4720 942 4775 sponsus
966 4707 1009 4738 '°
1033 4708 1276 4778 recipere
1315 4709 1548 4766 noluerit
1586 4721 1643 4769 et
1684 4715 1800 4786 ipsa

1974 4622 2097 4678 105.
2129 4620 2204 4676 De
2232 4616 2424 4690 pabulo
2461 4615 2599 4670 verbi
2635 4613 2798 4668 divini
2826 4612 3137 4667 nuntiando.
3168 4609 3418 4681 Episcopi
3447 4610 3492 4638 "

1902 4731 2051 4780 vero,
2067 4713 2180 4769 sive
2201 4725 2296 4784 per
2317 4724 2396 4772 se,
2424 4708 2538 4762 sive
2557 4721 2654 4776 per
2677 4705 2929 4767 vicarios,
2957 4703 3216 4762 pabulum
3235 4703 3386 4758 verbi
3411 4702 3494 4757 di-

1442 4838 1838 4903 VARIANTES
1873 4839 2277 4903 LECTIONES.

273 4951 296 4982 ⁸
330 4950 712 5023 temptaverint
854 4960 1117 5023 cogantur
1149 4951 1201 5023 4_.
1239 4952 1299 5023 Α·
1326 4951 1572 5023 velentur
1592 4956 1658 5012 G.
1732 4958 1754 4991 ³
1778 4957 2079 5014 discessum
2112 4958 2168 5012 3.
2248 4955 2270 4986 ⁸
2298 4954 2389 5023 qui
2429 4970 2566 5007 corr.
2600 4953 2724 5022 quia
2755 4955 2805 5007 1.
2835 4953 2960 5023 quia
2989 4968 3146 5010 sacer
3170 4966 3488 5014 conventus.

196 5022 413 5097 "rcgat
434 5020 646 5097 (ξι-1115.
673 5037 721 5074 r.
751 5020 944 5077 sumus
962 5031 1022 5097 ιιι
1050 5023 1125 5076 1⁸.
1152 5020 1286 5076 Bell.
1319 5022 1396 5097 Βζ
1419 5023 1559 5079 Pith.
1596 5026 1785 5083 Norm.
1816 5028 1967 5083 Rem.
1998 5028 2127 5082 Par.
2172 5025 2194 5056 ⁸
2213 5020 2519 5097 gerunt_....
2546 5020 2802 5097 amittunt
2830 5020 2896 5079 ϐ.
2964 5026 2992 5097 Ῑ
3021 5033 3262 5097 nostram
3305 5038 3495 5084 aucto-

195 5089 434 5146 ritatem
483 5089 549 5145 Β.
627 5091 648 5123 ⁸
678 5101 935 5146 uerentur
977 5093 1029 5148 1.
1080 5101 1333 5148 tueantur
1353 5091 1420 5148 ϐ.
1448 5103 1497 5149 et
1526 5113 1664 5151 corr.
1695 5116 1760 5152 ea
1799 5107 2079 5154 tuerentur
2102 5097 2156 5151 4.

2252 5094 2274 5127 '
2316 5109 2366 5150 c.
2408 5094 2446 5165 f.
2476 5093 2608 5165 et].
2642 5095 2923 5165 madesunt
2950 5093 3038 5165 4.7
3079 5096 3120 5127 ¹⁶
3155 5098 3494 5165 praecipiant

199 5165 279 5216 1⁸.
316 5162 372 5216 5.
413 5159 478 5214 Β.
559 5163 600 5192 ¹¹
625 5171 849 5217 caveant
872 5163 923 5217 1.
950 5179 1024 5217 m.
1049 5165 1117 5218 ab
1140 5164 1392 5220 omnibus
1410 5181 1456 5218 c.
1483 5164 1547 5219 Β.
1573 5165 1638 5220 G.
1660 5168 1848 5222 Nonn.
1883 5168 2032 5224 Rem.
2060 5167 2190 5222 Par.
2219 5165 2340 5220 Bal.
2419 5164 2461 5196 ¹¹
2489 5163 2770 5220 CCCXXX
2790 5166 2845 5220 3.
2873 5167 2908 5220 3
2931 5167 2986 5220 b.
3009 5159 3228 5221 ducenti
3255 5159 3404 5224 XXX
3434 5171 3490 5225 4.

203 5232 247 5308 '_‘
269 5231 472 5308 Χξίνιι
498 5229 552 5285 4.
823 5231 996 5308 Rivip.
1063 5235 1104 5265 “
1125 5233 1591 5308 deestj._l."llld.
1670 5237 1714 5269 ¹⁸
1741 5247 1796 5293 et
1817 5239 1959 5308 quod
1987 5240 2062 5294 l'.
2141 5238 2184 5308 ε’

2204 5237 2375 5307 possit
2404 5233 2490 5307 1.7
2535 5236 2573 5266 "
2598 5234 2972 5307 ancyragr-g.
3034 5237 3077 5268 "
3110 5235 3312 5293 fuerint
3335 5242 3384 5294 1.
3413 5243 3489 5295 1⁸.

199 5303 267 5357 Β.
320 5302 538 5374 fuerunt
559 5301 624 5358 G.
656 5301 782 5356 Hld.
863 5303 903 5334 ¹⁹
935 5301 1120 5374 raptae
1155 5305 1228 5358 l‘.
1260 5303 1324 5358 Β.
1344 5303 1463 5360 Bal.
1540 5307 1584 5339 ²⁹
1614 5317 1660 5364 s.
1689 5322 1811 5363 eam
1835 5301 1958 5363 Bal.
2036 5308 2080 5340 "
2107 5301 2348 5363 eiusdem
2373 5308 2422 5360 l.
2455 5306 2520 5360 Β.
2549 5301 2737 5361 eodem
2769 5305 2834 5360 G.
2869 5304 2998 5360 Hld.
3075 5307 3121 5338 "
3153 5309 3397 5366 criminis
3425 5311 3492 5366 B.

199 5374 246 5405 ³³
274 5373 430 5444 quod
447 5390 544 5444 [σου
579 5374 854 5444 subiaceat
876 5373 1061 5429 desunt
1088 5377 1142 5430 3.

1239 5375 1284 5407 ⁸³
1304 5377 1360 5463 si
1385 5385 1439 5432 et
1464 5377 1573 5463 ipsi
1588 5394 1642 5449 p.
1741 5379 1901 5463 iungi
1928 5378 2351 5463 praesumpserit
2656 5375 2813 5463 pLB'.‘
2876 5375 3046 5463 "nilic
3071 5376 3252 5463 Βέεά
3268 5398 3378 5463 non
3417 5381 3497 5463 (in

199 5442 407 5520 indice)
432 5442 732 5520 PitIt._Par.
754 5444 950 5520 Narin.
978 5445 1129 5520 Bern.
1154 5457 1317 5520 caput
1343 5442 1606 5520 inserunt:
1673 5449 1719 5481 ⁸⁸
1741 5449 1815 5504 ita
1839 5442 1906 5504 de
1929 5442 2151 5505 incestis
2245 5447 2320 5520 3.”
2375 5448 2419 5480 ’⁷
2438 5442 2670 5520 ιζ
2693 5446 2746 5500 6.
2767 5446 2897 5516 Reg.
2916 5446 3055 5520 Bal.
3111 5449 3156 5480 ⁸⁸
3175 5442 3496 5520 νεώρει-εἷ.

201 5513 626 5590 recipiantur}.
657 5514 959 5590 recipit_B._
998 5515 1045 5590 ’ξ
1072 5524 1133 5590 a_t_
1152 5517 1206 5570 3.
1226 5513 1376 5572 deest
1403 5515 1458 5590 4:
1535 5518 1652 5590 “qq.
1691 5535 1742 5575 e.
1771 5536 1818 5574 r.
1849 5531 1970 5574 ante
1994 5513 2195 5590 quanto
2219 5517 2438 5590 collocat
2464 5517 2538 5590 4.!
2575 5513 3008 5590 "cartaginensi
3036 5519 3110 5573 l'.
3170 5520 3228 5590 ξ’
3260 5513 3498 5590 nonage-

203 5583 351 5641 sime
387 5583 456 5640 G.
532 5585 578 5616 ³³
613 5601 662 5640 c.
687 5595 742 5639 et
763 5583 814 5638 v.
851 5587 905 5641 3.
933 5586 988 5640 4.
1015 5585 1068 5640 6.
1096 5585 1162 5640 Β.
1187 5595 1241 5640 et
1264 5603 1385 5642 eum
1415 5585 1480 5642 G.

1569 5587 1880 5662 “periculo
1907 5591 1960 5644 3.
2002 5587 2050 5662 θ’
2075 5589 2171 5646 XV
2196 5590 2249 5644 3.
2280 5587 2474 5662 “vitae
2497 5588 2668 5662 Gn"
2705 5589 3042 5662 consecratio
3067 5590 3122 5644 4.
3151 5588 3217 5645 ϐ.
3258 5591 3378 5646 Bal.
3409 5587 3492 5646 lic

204 5657 252 5732 ἓ
280 5657 388 5710 tria
437 5655 586 5710 addit
615 5655 878 5732 capitula,
922 5657 1198 5732 desumpta
1239 5674 1303 5732 ea:
1345 5655 1724 5732 capitularibus
1771 5659 2037 5732 Hlotharii
2069 5677 2260 5732 supra.

2355 5657 2402 5690 ⁸⁸
2451 5660 2689 5729 qualibet
2740 5659 3140 5714 examinatione
3181 5677 3369 5718 cruces
3419 5662 3492 5715 l‘.

207 5727 255 5757 ⁸⁹
281 5735 506 5802 sanctae
527 5744 574 5780 c.
606 5725 672 5780 B.
690 5725 745 5780 et
772 5725 1495 5802 ιςιξιὶιμιὶ-ςξίιιδξιᾳηεζὶις-ροὶιιιζ
1577 5731 1623 5802 διο
1649 5732 1953 5802 passionem
1976 5731 2029 5802 ξ.
2057 5729 2109 5786 6.
2143 5725 2242 5802 '_“
2260 5744 2329 5802 Ρ.
2352 5725 2529 5802 neque
2555 5746 2774 5802 g.rcorr.
2803 5731 2979 5798 passio
3007 5746 3144 5802 quae
3176 5732 3492 5801 gloriﬁcatit‘

779 5794 897 5850 Vat.
939 5797 1064 5850 Met.

206 5807 296 5851 est
321 5797 372 5878 .
407 5812 461 5879 pO.
491 5811 664 5867 neque
687 5797 897 5896 at.
939 5797 1206 5878 Met._£)i_'v.
1233 5797 1428 5852 Bellov.
1455 5797 1720 5854 CambfP

207 5876 484 5924 mentatis
512 5868 585 5923 ι’.
662 5867 682 5898 ⁸
733 5882 827 5938 eps
860 5869 929 5923 ι’.
963 5867 1024 5922 Β.
1051 5884 1180 5940 epos
1205 5883 1486 5927 monemus
1512 5881 1569 5926 ut
1598 5870 1720 5927 Bal.

207 5867 484 5924 ueritatis
512 5868 585 5923 l'.

1146 5798 1206 5851 iv.
1233 5797 1428 5852 Bellov.
1455 5797 1798 5856 CambfPal.
1832 5799 1934 5856 Til.
1969 5800 2117 5856 Rem.
2151 5800 2216 5856 B.

2300 5801 2394 5856 itlt.
2423 5801 2768 5860 Par.’t\'orm.
2796 5815 2968 5869 neque
2994 5801 3059 5857 ϐ.
3081 5817 3140 5869 p.
3176 5812 3228 5856 et
3253 5819 3304 5872 g.
3338 5818 3388 5858 c.
3417 5813 3476 5858 te
