3992 6344
241 354 381 414 .553

837 339 1068 401 CODEX
1106 329 1626 395 DIPLOIIA'I‘ICUS.
1653 297 2057 388 L—CAPITUL.
2095 327 2185 384 AB
2219 326 2560 386 ANSEGISO
2596 323 2974 383 COLLECTA.

3444 330 3576 386 πμ

267 471 452 527 oleum
479 466 543 522 ad
565 458 969 519 cathecuminos
1002 451 1404 524 inunguendum
1436 447 1518 503 vel
1553 445 1798 502 inﬁrmos
1835 443 1850 472 ⁸
1879 445 1927 503 Α
1956 438 2129 504 Pauli,
2175 439 2349 495 sancti
2382 439 2620 503 Martini,
2661 438 2834 494 sancti
2881 437 3148 495 Andreae.
3213 440 3290 498 De
3334 446 3550 500 adsum-

268 563 422 618 insta
461 555 784 614 sententiam
811 548 1161 620 apostolicam
1187 562 1200 610 ;
1241 555 1297 598 ut
1325 541 1535 612 quando
1568 538 1688 608 quis
1717 536 1865 591 inﬁr-

271 661 476 714 matur,
515 649 732 701 inducat
774 643 1118 713 presbyteros
1145 640 1165 668 ³
1200 635 1480 699 ecclesiae,
1525 641 1578 687 et
1599 640 1754 686 orent
1777 646 1865 686 su-

270 761 368 818 per
392 758 542 805 eum,
568 746 868 810 unguentes
903 751 1026 792 eum
1064 733 1182 790 oleo
1202 733 1257 787 in
1286 729 1504 787 nomine
1521 728 1756 783 Domini.

343 835 472 890 157.
503 834 581 888 De
611 835 761 887 nonis
789 832 808 862 ³
843 838 891 884 et
924 828 1158 882 decimis.
1184 825 1256 881 Ut
1290 823 1380 893 qui
1405 822 1752 878 ecclesiarum
1775 820 1867 874 be-

270 927 471 984 neﬁcia
495 926 718 989 habent,
761 937 959 977 nonam
995 928 1048 975 et
1095 919 1359 975 decimam
1396 915 1417 946 ⁸
1474 930 1542 969 ex
1585 914 1665 969 eis
1697 912 1868 968 cccle-

270 1021 386 1075 siae
419 1017 580 1072 cuius
614 1031 702 1071 res
741 1022 866 1068 sunt
907 1014 1128 1068 donent.
1177 1010 1244 1064 Et
1277 1007 1366 1079 qui
1395 1007 1500 1062 tale
1548 1005 1868 1062 beneficium

272 1107 502 1172 habent,
558 1106 625 1161 ad
650 1105 673 1136 ⁸
709 1105 1052 1158 medietatem
1100 1101 1375 1164 laborent,
1419 1108 1474 1152 et
1508 1098 1529 1130 ⁸
1571 1098 1637 1152 de
1679 1112 1868 1153 eorum

269 1197 528 1268 portione
546 1195 767 1265 proprio
789 1194 1106 1266 presbytero
1135 1192 1372 1247 decimas
1395 1189 1661 1245 donent".

342 1287 470 1343 158.
508 1286 586 1340 De
622 1286 986 1355 festivitatibus
1021 1285 1078 1339 in
1107 1299 1266 1338 anno.
1308 1283 1418 1337 liae
1453 1282 1474 1314 ⁸
1499 1289 1624 1337 sunt
1668 1281 1872 1337 festivi-

271 1389 413 1435 tates
442 1380 505 1433 in
535 1394 698 1443 anno,
722 1392 860 1447 quae
882 1393 980 1446 per
1011 1376 1193 1431 omnia
1221 1376 1467 1430 venerari
1491 1374 1690 1429 debent
1716 1389 1730 1427 :
1769 1370 1874 1426 Na-

273 1473 394 1526 talis
420 1472 662 1536 Domini,
691 1471 863 1526 sancti
901 1469 1182 1538 Stephani,
1237 1469 1408 1522 sancti
1433 1467 1686 1522 lohannis
1709 1482 1875 1521 euan-

272 1565 524 1636 gelistae,
551 1565 917 1626 innocentum,
935 1561 1158 1616 octabas
1179 1560 1200 1590 ⁹
1225 1561 1455 1624 Domini,
1489 1558 1772 1628 epiphania
1807 1557 1872 1624 “',

272 1656 504 1710 octabas
518 1655 855 1724 epipbaniae,
881 1652 1186 1722 puriﬁcatio
1201 1659 1416 1706 sanctae
1433 1650 1650 1714 Mariae,
1677 1649 1875 1718 pascha

275 1742 388 1799 dies
422 1753 577 1809 octo,
626 1744 822 1800 letania
847 1743 1020 1797 maior
1044 1743 1107 1807 “,
1141 1755 1362 1794 ascensa
1391 1740 1433 1770 "
1465 1739 1698 1802 Domini,
1747 1753 1878 1807 pcn-

1962 533 2148 600 ptione
2175 541 2392 587 sanctae
2426 531 2625 586 Mariae
2663 532 3099 602 interrogandum
3146 534 3459 605 reliquimus
3483 537 3546 590 ⁸⁸.

2037 623 2158 679 159.
2205 623 2282 676 De
2325 623 2680 677 admonitione
2724 624 3074 678 sacerdotum.
3135 625 3206 682 Ut
3245 629 3556 686 sacerdotes

1965 719 2288 773 admoneant
2324 716 2600 786 populum,
2650 723 2712 771 ut
2737 715 3070 772 elimosinam
3110 718 3238 774 dent
3279 729 3333 776 et
3354 723 3557 776 oratio-

1966 829 2063 870 nes
2093 812 2294 867 faciant
2324 826 2422 880 pro
2468 811 2696 866 diversis
2739 809 2911 881 plagis
2962 829 3095 882 quas
3144 814 3360 870 assidue
3387 814 3428 845 “
3455 831 3571 885 pro.

1965 905 2204 975 peccatis
2233 903 2434 958 nostris
2461 902 2716 971 patimur.

2041 999 2160 1054 160.
2191 998 2266 1052 De
2291 997 2680 1068 praedicatione
2710 997 2778 1051 ad
2799 997 3014 1068 plebem.
3061 999 3129 1055 Ut
3167 999 3272 1069 ipsi
3300 1000 3555 1056 sacerdo-

1969 1103 2052 1150 tes
2080 1091 2445 1162 unusquisque
2470 1090 2759 1145 sccundum
2797 1092 3035 1145 ordinem
3061 1107 3216 1147 suum
3245 1092 3558 1161 praedicare

1970 1194 2026 1242 et
2051 1185 2243 1239 docere
2267 1183 2479 1238 studeat
2502 1181 2712 1252 plebem
2742 1181 2854 1236 sibi.
2871 1183 3236 1238 commiSsam.
3533 1191 3536 1193 λ

2043 1276 2163 1331 161.
2199 1275 2278 1330 De
2301 1275 2569 1330 ebrietate.
2608 1274 2683 1328 De
2707 1275 2988 1339 ebrietate,
3031 1285 3090 1331 ut
3119 1277 3294 1346 primo
3317 1278 3558 1333 omnium

1972 1370 2215 1426 seniores
2247 1368 2565 1436 semetipsos
2587 1367 2783 1423 exinde
2812 1375 3037 1422 caveant
3077 1377 3131 1424 et
3171 1385 3357 1425 eorum
3387 1371 3562 1425 iunio-

1973 1463 2124 1518 ribus
2146 1458 2448 1528 exemplum
2481 1459 2684 1513 bonum
2707 1460 3015 1516 sobrietatis
3040 1463 3348 1516 ostendant.

2046 1555 2169 1610 162.
2212 1552 2289 1607 De
2313 1551 2667 1608 admonitione
2697 1553 2766 1606 ad
2821 1570 3020 1608 ontnes.
3057 1554 3392 1610 Admoncndi
3435 1564 3564 1611 sunt

1974 1663 2164 1704 omnes
2183 1644 2508 1716 generaliter
2533 1645 2827 1700 secundum
2872 1646 3238 1716 euangelicum
3273 1648 3564 1703 auctorita—

1977 1748 2106 1804 tem,
2131 1745 2191 1792 ut
2217 1737 2296 1792 sic
2319 1736 2532 1790 luceant
2569 1749 2731 1806 Opera
2756 1752 2944 1792 eorum
2987 1737 3128 1793 bona
3170 1739 3214 1770 ¹⁵
3239 1755 3422 1794 coram
3469 1739 3566 1793 lto—

278 1844 525 1892 tecosten
551 1877 566 1902 ,
611 1836 785 1892 sancti
834 1833 1087 1890 Iohannis
1120 1833 1406 1904 haptistae,
1452 1831 1623 1888 sancti
1655 1831 1802 1884 Petri
1829 1838 1885 1885 et
1918 1819 1958 1876 Β
1986 1831 2242 1894 minibus,
2279 1837 2340 1884 ut
2374 1826 2678 1898 gloriﬁcent
2704 1829 2893 1897 Deum,
2921 1831 3013 1900 qui
3043 1831 3097 1885 in
3120 1831 3285 1888 coelis
3316 1841 3400 1888 est
3431 1832 3496 1885 ".

1520 1921 1914 1977 V'ARIANTES
1943 1921 2346 1978 LECTIONES.

348 2019 366 2050 ⁸
388 2019 473 2074 sic
502 2017 554 2072 1.
583 2017 654 2072 1⁸.
682 2017 736 2072 2.
765 2017 819 2070 5.
854 2015 908 2070 5.
932 2013 984 2068 6.
1017 2012 1136 2068 Bal.
1164 2015 1300 2068 inter
1322 2013 1406 2068 vel
1429 2025 1475 2068 et
1505 2011 1601 2068 inf.
1632 2015 1688 2067 in
1715 2013 1814 2067 2b.
1843 2028 2031 2084 manus
2082 2029 2186 2084 sec.
2217 2012 2431 2084 tertiam
2459 2011 2527 2066 ad
2554 2012 2780 2084 addidit.
2804 2013 2996 2084 inung.
3023 2015 3238 2069 tertiam
3283 2015 3349 2070 ad
3376 2015 3471 2070 inl‘.
3503 2015 3568 2070 Β.

279 2089 441 2143 aliam
493 2089 562 2142 ad
587 2089 762 2142 oleum
808 2087 1277 2150 caticuminorum,
1309 2086 1525 2140 tertiam
1554 2084 1619 2155 a_d
1648 2084 1824 2155 oleum
1851 2082 2094 2155 inﬁrmos
2125 2083 2494 2155 inunguendus
2521 2083 2745 2155 iuxta}.
2786 2083 2850 2138 ϐ.
2926 2082 2956 2113 ’ἡ
2976 2087 3257 2155 presbyter
3294 2085 3347 2138 5.

1246 2156 1266 2188 ⁸
1306 2167 1364 2211 ut
1388 2155 1454 2208 ad
1479 2157 1542 2225 5.
1568 2153 1621 2206 4.
1652 2154 1716 2207 Β.
1743 2153 1892 2208 Rem.
1944 2152 2186 2225 N._et_atl
2231 2154 2351 2225 Bal.
2383 2154 2628 2225 underad
2668 2153 2796 2208 Par.
2837 2152 3033 2225 quoad
3069 2152 3184 2209 Vat.
3215 2157 3462 2225 quonndc
3502 2160 3570 2212 ad

879 2227 900 2258 ⁸
933 2227 1072 2280 deest
1099 2227 1152 2280 5.
1183 2223 1249 2280 G.
1278 2235 1337 2280 ut
1374 2225 1426 2280 5.
1460 2224 1512 2279 6.
1540 2227 1603 2295 (?)
1629 2225 1896 2287 laborant,
1927 2230 1987 2276 ut
2011 2222 2128 2276 Bal.
2161 2231 2216 2295 et
2250 2224 2315 2277 ad
2338 2238 2391 2295 e.
2411 2224 2715 2292 portionem
2746 2225 2816 2278 -l'.

282 2159 440 2215 nonis
492 2156 560 2211 G.
636 2159 658 2188 ⁸
687 2160 739 2212 (1.
781 2164 949 2212 totam
989 2172 1050 2210 cx
1087 2155 1139 2208 5.

282 2228 347 2283 (ἶ.
375 2229 526 2298 quod
551 2229 620 2283 ad
644 2227 791 2283 Colb.

283 2299 336 2354 2.
365 2301 418 2354 5.
447 2299 506 2352 ι.
537 2298 602 2352 Β.

285 2371 468 2426 sensio
517 2371 573 2424 5.

287 2450 492 2510 ceptum
534 2441 759 2510 reperitu
768 2456 827 2510 r._
880 2441 902 2510 _‘_

967 2439 1213 2493 assiduae
1241 2437 1294 2492 5.
1317 2437 1321 2438 “
1398 2437 1441 2468 ’³
1465 2439 1603 2490 deest
1627 2439 1680 2491 5.

726 2299 747 2374 ⁸
777 2298 996 2374 octabes
1021 2299 1073 2350 5.
1101 2304 1291 2374 oc‘tave
1409 2296 1503 2374 In“
1529 2293 1679 2374 _d_eest
1703 2295 1847 2374 5_._6.
1882 2301 1990 2374 oet.
2029 2309 2117 2374 ep.
2144 2293 2328 2374 desunt
2374 2294 2424 2347 1.
2454 2295 2547 2374 ﬁt.”
2678 2295 2882 2374 maiore
2917 2295 2970 2349 5.
3002 2296 3222 2374 Amaiora

688 2368 731 2451 ξ³
762 2367 1114 2468 relinquimus
1133 2367 1252 2421 Bal.
1286 2367 1356 2438 cf.
1402 2365 1492 2419 lib.
1519 2366 1604 2420 II.
1649 2383 1695 2420 ε.
1723 2367 1792 2422 55
1817 2382 1832 2429 ;
1883 2365 1972 2445 ubi
2002 2365 2311 2417 auctoritate
2340 2364 2547 2418 concilii
2589 2363 2882 2435 Hoguntini
2916 2384 2968 2446 α..
2997 2367 3121 2421 815.
3149 2367 3246 2420 hoc
3274 2367 3462 2448 festum
3483 2385 3569 2448 re—

688 2449 828 2517 mur:
967 2439 1213 2493 aSSIduae
1241 2437 1294 2492 5.
1398 2437 1441 2468 ’³
1465 2439 1680 2517 deest_5.
1740 2507 1752 2517 _
1788 2436 1828 2466 “
1855 2453 1908 2517 q.
1943 2451 1979 2517 i:
2019 2450 2068 2489 c.
2100 2449 2150 2488 e.
2181 2434 2364 2516 desunt
2477 2434 2618 2517 “Post
2649 2435 2744 2488 hoc
2775 2437 2798 2488 1
2834 2435 2981 2488 addit
3018 2453 3275 2517 irationem
3313 2437 3511 2517 Strtcit,
3541 2455 3569 2517 ς

1896 2475 1908 2487 ο
1943 2474 1979 2488 Ι.
2019 2474 2068 2489 ν.
2101 2474 2150 2488 νο
2182 2474 2364 2487 "VII"...
2394 2474 2446 2487 ’.⁷ο
2491 2474 2513 2486 ι
2541 2474 2616 2488 νυν
2649 2474 2742 2488 σονν
2782 2474 2798 2488 Ι
2834 2474 2979 2488 ιιιιιοιο
3025 2474 3037 2488 ι
3056 2474 3275 2490 ιιισνιιιιιο
3313 2474 3390 2492 υΙΙ
3406 2474 3511 2501 ⁸ι⁸⁵’

3427 2086 3572 2141 3an-

2894 2225 2913 2257 ⁷
2943 2226 3083 2279 deest
3112 2225 3184 2279 I'.
3261 2228 3283 2259 ⁸
3329 2227 3461 2282 haec
3489 2228 3566 2280 l'.

3412 2299 3452 2327 ιι
3477 2312 3566 2351 as_

288 2505 388 2580 quo
426 2505 599 2579 capit.
641 2509 765 2572 789,
785 2508 848 2580 Ἰ.
876 2506 965 2561 5L
1009 2518 1274 2580 sumptum
1313 2507 1531 2580 est,_se_d
1580 2508 1692 2560 sine
1723 2505 2090 2580 inscriptione,
2120 2521 2281 2580 neque
2308 2505 2362 2558 in
2386 2505 2567 2580 indice
2593 2517 2954 2570 memoratum,
2980 2516 3026 2560 et
3071 2508 3242 2576 spatio
3269 2508 3466 2560 maiore
3503 2508 3572 2560 ab.

291 2574 460 2634 antea.
493 2574 739 2633 diuisum.
773 2578 921 2632 Idem
948 2574 1269 2632 exhibetﬁb.
1301 2577 1352 2633 6.
1387 2576 1517 2631 Illd.
1547 2593 1663 2630 cum
1693 2575 1844 2631 titulo
1865 2574 1983 2630 :de
2014 2574 2281 2644 coniugali
2316 2574 2603 2629 velatione.

1023 2734 1314 2797 INCIPIT
1350 2723 2065 2795 PRAEFATIUNCULA
2112 2729 2424 2789 LIBELLI
2460 2728 2792 2791 SECUNDI
2825 2731 2868 2790 ⁸.

375 2879 547 2949 ὕψι-α
592 2880 645 2933 in
675 2879 851 2949 primo
876 2879 896 2909 ¹
923 2878 1154 2948 capitula
1179 2879 1542 2936 ecclesiastica
1572 2896 1710 2950 quae
1733 2881 1884 2934 dom—
1913 2886 1958 2943 Β
1987 2877 2258 2948 piissimus
2305 2882 2360 2931 et
2392 2872 2684 2928 Lutharius
2711 2873 3002 2942 imperator
3032 2875 3054 2905 ⁸
3086 2874 3225 2930 illius
3274 2876 3437 2948 ipsius
3462 2875 3574 2932 edi-

319 2987 421 3027 nus
450 2973 729 3042 imperator
759 2972 989 3028 Karolus
1037 2973 1163 3029 fecit
1197 2974 1422 3028 adunavi
1451 2973 1492 3027 ³.
1538 2974 1594 3028 In
1625 2973 1724 3028 hoc
1752 2987 1880 3026 vero

323 3079 386 3118 ea
407 3064 426 3094 ⁸
450 3065 796 3120 ecclesiastica
826 3081 964 3136 quae
1006 3067 1234 3126 domnus
1263 3067 1609 3124 Illudowicus
1658 3066 1679 3099 '
1701 3081 1890 3122 caesar

1987 2969 2181 3022 derunt
2201 2967 2222 2998 "
2249 2965 2506 3034 descripsi
2533 2963 2730 3019 libello.

1523 3152 1914 3211 VARIANTES
1951 3146 2352 3205 LECTIONES.

382 3248 463 3319 fl.
489 3247 714 3317 prefatio
738 3249 776 3302 1.
809 3266 854 3304 s.
884 3248 1046 3304 salice
1091 3249 1224 3319 legis
1258 3251 1311 3306 5.

307 3317 331 3350 ⁸
355 3318 670 3374 bluluuicus
699 3320 772 3372 l‘.
812 3317 1166 3375 chludovieus
1183 3320 1237 3374 5.
1335 3320 1357 3354 ⁸
1383 3317 1522 3376 deest
1551 3323 1604 3376 5.

1421 3252 1442 3283 ¹
1464 3267 1518 3322 p.
1563 3252 1700 3308 libro
1730 3248 2008 3322 B.libello
2039 3245 2183 3322 Bal.“
2235 3247 2514 3322 '_adunata
2552 3256 2676 3322 sunt
2699 3247 2763 3322 ΒΔ.

2877 3249 2897 3280 ⁸
2921 3249 3062 3303 deest
3089 3250 3161 3304 1⁸.
3191 3250 3289 3304 21).
3331 3252 3384 3306 5.
3414 3251 3477 3306 Β.
3505 3250 3570 3314 (ι’,

1701 3325 1720 3354 ⁷
1747 3320 2022 3391 piissimus
2045 3317 2214 3372 edidit
2241 3317 2359 3388 (rel.
2389 3317 2600 3388 desunt)
2631 3317 2694 3370 Β.
2727 3318 2778 3371 6.
2810 3319 2927 3372 Bal.
2954 3321 3039 3374 ed.
3069 3322 3321 3375 adnotata
3351 3333 3475 3377 sunt
3506 3323 3572 3394 11,

1561 3461 1902 3518 ΙΜΣΙΡΙΙΞΝΤ
1943 3457 2306 3514 CAPITULA.

364 3551 414 3607 1.
439 3551 769 3604 Praelocutio.

359 3617 410 3666 2.
438 3615 516 3663 De
537 3613 696 3662 divzna
720 3614 1016 3674 providentia
1036 3627 1083 3664 in
1108 3616 1453 3665 constitutione
1477 3613 1642 3664 domni
1669 3614 1876 3676 impera-

301 3680 440 3736 toris,
472 3684 523 3724 et
542 3676 606 3722 de
631 3681 1000 3727 conservatione
1021 3678 1164 3726 trium
1187 3678 1520 3736 capitulorum.

359 3740 410 3787 5.
443 3738 518 3786 De
559 3738 651 3785 hoc
673 3739 801 3799 quod
838 3739 1104 3787 admonitor
1129 3738 1336 3786 titleltnm
1371 3739 1577 3786 domnus
1616 3739 1881 3799 imperator

298 3801 382 3858 sit,
412 3808 467 3848 et
503 3810 675 3846 omnes
698 3800 869 3847 ﬁdeles
891 3812 917 3848 a
939 3801 1137 3849 :iutores
1163 3801 1329 3858 ipsius.

359 3837 518 3911 IfDe
541 3872 678 3908 sacro
697 3837 1344 3923 ministerio“epis‘cbiiorum',
1370 3866 1422 3911 et
1449 3859 1513 3910 de
1539 3861 1881 3910 ammonitione

298 3921 463 3971 domui
499 3923 806 3982 imperatoris
828 3923 882 3970 ad
909 3925 1179 3982 episcopos.

359 3986 406 4034 5.
437 3983 517 4032 De
549 3981 874 4031 admonitione
909 3981 1406 4043 dumni’imperntoris
1436 3981 1493 4030 ad
1517 3983 1770 4041 episcol-os
1818 3982 1881 4031 de

298 4043 640 4095 sacerdotibus
662 4044 719 4090 ad
745 4057 912 4092 eorum
935 4057 1097 4092 curam
1121 4045 1503 4105 pertinentibus,
1529 4048 1582 4091 et
1623 4047 1683 4091 de
1723 4045 1880 4093 scolis.

358 4109 406 4155 6.
437 4105 516 4154 De
538 4105 862 4155 admonitione
887 4106 944 4154 ad
981 4105 1182 4155 comites
1219 4119 1303 4168 pro
1337 4105 1546 4154 utilitate
1568 4113 1764 4155 sanctae
1793 4105 1880 4155 Dei

298 4170 573 4217 ecclesiae.

357 4228 405 4278 7.
439 4229 518 4278 De
559 4227 886 4335 agmonitione
925 4227 984 4277 ad
1021 4226 1170 4278 laicos
1209 4239 1294 4289 pro
1336 4228 1520 4276 honore
1554 4227 1882 4278 ecclesiastico

359 4302 576 4335 nservan
612 4301 660 4335 ο.

299 4302 484 4339 (011581⁵
492 4301 660 4337 ινιηαο.

359 4353 409 4400 8.
440 4351 519 4400 De
549 4350 877 4398 admonitione
905 4349 964 4398 ad
998 4348 1198 4397 abbates
1223 4355 1274 4398 et
1296 4349 1446 4398 laicos
1467 4362 1554 4409 pro
1577 4353 1884 4401 monasteriis

299 4425 360 4461 ex
391 4413 555 4466 regali
580 4410 808 4470 largitate
831 4412 916 4460 sibi
938 4413 1216 4460 commissis.

361 4475 409 4524 9.
441 4473 522 4522 De
559 4473 886 4521 admonitione
925 4473 982 4520 ad
1022 4475 1293 4535 episc0pos,
1323 4472 1525 4522 abbates
1547 4478 1599 4522 et
1624 4473 1681 4522 ad
1713 4487 1885 4526 omnes

299 4533 485 4584 Meles
507 4546 592 4593 pro
613 4535 838 4581 comitum
861 4535 1133 4585 adiutoriis.

365 4596 446 4645 10.
478 4595 552 4658 De
580 4595 906 4644 admonitione
942 4597 1000 4643 ad
1039 4593 1399 4658 episcoposvel
1421 4595 1624 4645 comites
1647 4610 1734 4658 pro
1768 4609 1888 4647 con-

299 4659 470 4706 cordia
493 4657 551 4706 ad
576 4658 783 4704 invicem
813 4664 866 4705 et
888 4669 994 4704 cum
1019 4655 1228 4706 caeteris
1253 4655 1491 4704 ﬁdelibus.

364 4719 445 4769 11.
474 4717 551 4766 De
579 4716 911 4780 admonitione
949 4717 1007 4765 ad
1042 4729 1211 4766 omnes
1248 4716 1553 4780 generaliter
1579 4730 1664 4780 pro
1687 4720 1886 4770 caritate

302 4788 354 4830 et
379 4791 510 4830 pace
533 4778 592 4825 ad
618 4779 844 4827 invicem.

398 4841 431 4889 Ξ
452 4842 500 4890 ⁸.
530 4838 601 4888 De
627 4841 716 4887 hoc
747 4839 874 4897 quod
910 4843 1240 4900 unusquisque
1273 4841 1606 4900 episcoporum
1633 4840 1709 4887 vel
1735 4844 1887 4890 comi-

1907 3551 1953 3614 C
2047 3548 2120 3614 lt}.
2149 3547 2220 3614 De
2248 3548 2575 3614 admonitione
2599 3549 2741 3598 unius
2762 3554 3007 3599 monetae.

2050 3609 2123 3657 l9.
2157 3609 2228 3658 De
2254 3611 2442 3658 lninstis
2471 3610 2732 3658 theloneis.

2049 3671 2130 3734 20.
2154 3669 2234 3734 De
2262 3672 2490 3732 pontibus
2513 3673 2595 3734 ubi
2625 3672 2895 3734 antiquitus
2921 3671 3120 3722 fuerunt
3141 3675 3446 3724 renovandis.

2045 3733 2126 3781 21.
2154 3731 2230 3780 De
2255 3731 2395 3781 nonis
2421 3739 2472 3780 et
2493 3733 2712 3780 decimis.

2017 3793 2224 3904 [eamne
2247 3794 2481 3854 cperibus
2519 3796 2567 3843 iu
2603 3795 3010 3845 restaurationem
3055 3796 3373 3848 ecclesiarum
3417 3798 3568 3846 adim-

2037 3871 2097 3904 en
2154 3869 2194 3904 s.

1983 3869 2194 3920 ptenats.

2045 3941 2123 3990 25.
2150 3939 2224 3988 De
2247 3938 2524 3998 comitibus,
2550 3945 2604 3988 ut
2624 3937 2859 3987 ministris
2883 3937 3126 3989 ecclesiae
3152 3940 3202 3988 in
3227 3939 3332 3988 suis
3353 3940 3572 3990 ministe-

1983 4003 2074 4052 riis
2098 4001 2348 4050 adiutores
2371 4001 2488 4048 sint.

2043 4083 2122 4132 24.
2159 4081 2231 4146 De
2255 4083 2524 4146 capitulisﬁa
2548 4080 2849 4146 cgancgllarlo
2888 4082 3054 4146 palatii
3095 4083 3155 4130 ab
3189 4083 3572 4146 archiepiscopis

1983 4153 2036 4195 et
2059 4141 2628 4204 comitibusaccipiendis
2649 4141 2790 4202 [Cod.
2826 4145 2870 4205 l,
2892 4141 3267 4206 accipiendum].

2043 4229 2122 4279 235.
2149 4229 2229 4290 De
2247 4227 2523 4276 nominibus
2562 4226 2797 4290 locorum,
2823 4229 2868 4274 in
2889 4226 3068 4289 quibus
3091 4229 3218 4277 missi
3251 4227 3481 4277 dominici
3503 4227 3572 4276 le-

1985 4295 2182 4353 gatione
2214 4289 2498 4350 funguntur.

2045 4352 2123 4401 £6.
2151 4352 2226 4402 De
2260 4348 2718 4400 commemoratione
2761 4349 2817 4398 ad
2863 4348 3163 4411 legationem
3203 4350 3564 4413 praedictorum

1985 4417 2239 4463 missorum
2266 4420 2564 4471 perttnente.

2046 4474 2125 4536 27.
2154 4473 2226 4522 De
2253 4473 2358 4531 hoc,
2384 4475 2511 4534 quod
2537 4485 2626 4534 per
2641 4472 2820 4536 missos
2855 4471 3120 4536 dominicas
3140 4485 3196 4520 ea
3224 4486 3349 4534 quae
3377 4485 3464 4536 per
3489 4483 3571 4522 ca.

1985 4535 2134 4599 pitula
2159 4541 2340 4599 statuta
2363 4533 2496 4599 sunt,
2519 4533 2746 4599 omnibus
2770 4541 2885 4599 nota
2921 4533 3028 4599 ﬁeri
3051 4533 3284 4599 debeant.

2049 4599 2124 4646 ‘28.
2157 4597 2227 4645 De
2249 4597 2562 4646 admonitorio
2587 4595 2642 4642 ad
2667 4597 2850 4656 eosrqui
2876 4595 3123 4655 legatione
3160 4595 3446 4656 funguntur.

2016 4662 2123 4768 r20.
2150 4658 2225 4767 D53
2248 4660 2398 4708 rebus
2433 4657 2492 4705 ad
2519 4655 2855 4707 venerabilem
2889 4657 3050 4706 locum
3088 4655 3447 4719 pertinentibus
3471 4669 3566 4706 non

2038 4735 2178 4768 ienan
2215 4733 2271 4768 l8.

1987 4733 2271 4768 alleﬂanUlS.

2051 4785 2130 4831 30.
2155 4782 2228 4830 De
2253 4781 2360 4838 hoc,
2387 4777 2629 4842 quomodo
2664 4776 2811 4829 liceat
2831 4780 2888 4828 ad
2913 4780 3258 4842 imperatorem
3295 4789 3376 4827 res
3413 4778 3568 4830 sancti

1991 4841 2080 4891 loci
2111 4843 2380 4890 transferri.

301 4907 410 4987 tum
447 4901 924 4987 parcantnmzip‘is'terii
966 4901 1145 4962 regalis
1181 4902 1390 4961 habeat,
1421 4906 1472 4949 et
1513 4903 1575 4950 dc
1611 4905 1885 4952 testimonio
1918 4927 1967 4987 υ
2053 4905 2131 4987 .
2159 4903 2231 4987 Re
2256 4901 2485 4987 orphanis
2510 4907 2561 4950 et
2585 4901 2942 4987 exliereditatis
2963 4900 3367 4987 subveniendumi

301 4962 523 5026 Ipsorum
543 4962 600 5026 ad
631 4963 852 5010 invicem.

371 5026 432 5073 13
461 5024 512 5072 δ.
553 5021 630 5073 De
666 5035 812 5072 causa
854 5032 958 5073 orta
997 5023 1054 5072 ad
1090 5023 1506 5072 inhonorationem
1557 5026 1695 5085 regni
1739 5027 1887 5087 perti-

302 5093 485 5134 nente.
976 5106 980 5112 '

370 5147 449 5194 14.
479 5147 553 5196 De
577 5159 695 5207 pace
719 5145 766 5194 in
791 5147 970 5194 itinere
995 5144 1249 5194 exercitali
1273 5144 1602 5192 custodienda.

370 5208 451 5257 15.
480 5208 554 5257 De
590 5208 980 5270 denuntiatione,
1009 5215 1061 5255 ut
1095 5207 1174 5267 qui
1202 5207 1258 5270 Vin
1292 5208 1480 5254 hostem
1521 5213 1747 5270 pergunt,
1775 5221 1889 5258 suis

305 5281 390 5330 qur
417 5273 466 5318 in
486 5282 580 5330 suo
599 5269 836 5330 obsequio
854 5273 983 5327 sunt,
1007 5269 1336 5329 unusquisque
1361 5276 1636 5330 cognoscat.

375 5332 451 5381 16.
481 5327 964 5391 Derinbon'oratione
1003 5327 1365 5391 regis'propter
1407 5327 1775 5391 neglegentiam
1799 5342 1886 5378 eo-

304 5401 422 5438 rum
461 5393 544 5450 qui
570 5390 841 5450 legationes
865 5388 990 5436 male
1017 5388 1268 5448 recipiunt.

379 5405 422 5438 m
496 5405 544 5440 III
570 5405 841 5450 legationes
865 5405 990 5436 lllale
1017 5405 1268 5448 l'CClpltIlll.

379 5405 556 5504 1Ἰ.Ἱ)θ
578 5451 694 5500 locis
716 5454 762 5501 in
786 5450 966 5514 quibus
999 5451 1270 5511 legationes
1297 5449 1615 5512 recipiendae
1642 5459 1767 5499 sunt.

2053 4966 2129 5016 5:2.
2156 4963 2233 5014 De
2253 4961 2403 5014 rebus
2422 4976 2690 5023 pauperum
2723 4963 2803 5013 vel
2824 4966 2982 5012 minus
3006 4968 3259 5024 potentum
3279 4961 3401 5011 mala
3425 4972 3568 5012 occa-

1990 5029 2126 5076 siolie
2153 5039 2245 5074 non
2275 5024 2493 5074 emendis
2515 5026 2559 5071 ο.

2053 5087 2128 5134 55.
2155 5086 2227 5136 De
2247 5086 2594 5135 festivitatibus
2616 5085 2743 5134 anni.

2053 5149 2132 5197 5t.
2157 5149 2230 5198 De
2252 5149 2464 5208 antiquis
2489 5147 2733 5208 ecclesiis,
2751 5153 2808 5196 ut
2827 5145 3060 5196 honorem
3082 5157 3223 5194 suum
3247 5144 3476 5194 habeant.

2054 5211 2130 5259 55.
2162 5211 2233 5259 De
2256 5207 2560 5270 spiritalibus
2583 5207 2761 5270 liliolis.

2055 5273 2133 5320 56.
2158 5272 2230 5320 De
2257 5267 2364 5331 hoc,
2391 5275 2444 5318 ut
2464 5268 2744 5331 sacerdotes
2771 5267 3248 5331 inreprehensibiles
3266 5267 3380 5331 sint.

2051 5331 2129 5381 57.
2155 5333 2230 5382 De
2253 5329 2363 5390 hoc,
2390 5338 2441 5380 ut
2469 5330 2529 5377 ab
2571 5331 2860 5390 incestuosis
2885 5337 2936 5377 et
2960 5332 3020 5376 ab
3048 5329 3121 5376 his
3143 5335 3223 5388 qui
3251 5330 3463 5376 decimas
3479 5337 3574 5374 non

1989 5391 2573 5491 Sapitgigltﬂaﬂpqesliyteris
2610 5389 2946 5453 neglegenter
2984 5392 3282 5449 viventibus,
3306 5390 3445 5438 wadii
3480 5399 3574 5436 non

2021 5469 2044 5491 ιι
2343 5489 2351 5491 Α

1991 5457 2288 5516 accipiantur
2308 5457 2353 5500 ά.

1829 5535 2060 5592 noras.
3570 5557 3586 5606 ι

389 5623 414 5653 ⁸
440 5611 598 5668 Deest
621 5608 724 5666 hoc
745 5622 906 5678 caput
929 5606 989 5669 B,
1005 5607 1096 5662 sed
1122 5623 1228 5661 non
1253 5605 1307 5660 in
1334 5617 1502 5661 textu.

389 5681 417 5721 δ
436 5681 500 5738 G.
517 5683 617 5744 hoc
639 5677 903 5749 capntliic
917 5688 972 5734 et
997 5679 1050 5733 in
1079 5686 1226 5732 textu
1243 5685 1376 5749 post
1396 5693 1626 5749 sequens
1649 5677 1884 5749 exhibet.

393 5762 412 5790 ο
445 5751 542 5809 llic
565 5751 626 5807 Β.
649 5745 763 5806 Bal.
797 5745 1070 5806 inserunt:
1094 5749 1210 5804 «55.
1228 5745 1485 5816 Qualiter
1500 5747 1739 5805 iustitiae
1762 5747 1891 5804 ﬁant

1996 5607 2341 5678 pauperibus.
2370 5607 2458 5662 5-1.
2488 5609 2564 5662 De
2594 5610 2698 5664 illis
2729 5609 3037 5663 hominibus
3063 5609 3152 5678 qui
3182 5607 3407 5661 iniustas
3451 5617 3586 5674 quea

2001 5679 2138 5734 relas
2174 5679 2394 5733 habent.
2424 5680 2511 5734 55.
2537 5679 2611 5736 De
2634 5679 3037 5742 festivitatibus,
3069 5689 3176 5734 etc.
3206 5698 3222 5730 ι

2068 5750 2091 5788 ἀ
2121 5749 2196 5806 Ac
2206 5749 2472 5820 cipientur
2519 5751 2566 5802 l.
