3992 6344
473 312 578 369 555

1303 311 1365 369 Β.
1404 312 1654 371 αΑιιοιι
1694 311 1910 370 MAGN!
1943 312 2096 386 OPP.
2136 310 2315 375 PARS
2347 313 2388 372 I.
2432 311 2675 372 SECTIO
2711 311 2946 373 PRIMA.

3652 319 3756 375 536

522 427 598 499 58:
625 423 704 478 De
731 426 1052 489 discretione,
1073 424 1294 488 corporis
1317 431 1368 474 et
1391 427 1644 486 sanguinis
1671 424 1908 475 Domiuiei
1933 439 2047 488 per-
2076 437 2129 499 Α
2157 425 2304 499 nibus
2324 437 2506 499 rant-em
2530 427 2816 499 potentioris
2839 426 3236 499 accommodare.

462 497 714 624 fagiilff):
741 550 1018 624 hominibus
1056 548 1360 598 diversarum
1394 547 1723 599 conditionum
1743 585 1759 608 ,
1785 556 1838 598 et
1873 547 1938 597 de
1972 548 2050 599 his

458 612 542 672 qui
569 612 646 660 eis
670 611 870 684 praelati
891 620 1023 661 sunt.
1151 673 1162 684 .
1219 673 1230 683 .
1521 673 1531 684 ο
1989 671 2019 684 η

459 743 500 745 ην
626 671 700 745 D__e
718 673 986 745 femints'et
1003 673 1276 745 abbatissa,
1301 669 1476 734 quales
1494 676 1592 722 sint
1611 683 1721 733 quae
1739 676 2048 721 monasteriis

457 731 762 796 puellaribus
783 733 1018 793 praeferri
1043 735 1248 784 debent.

519 795 600 846 ιι.
624 794 702 845 De
723 797 1015 844 incestuosis
1035 804 1088 845 et
1119 793 1394 854 homicidis,
1419 793 1730 846 sacerdotum
1753 793 2046 843 admonitio-

2215 489 2295 537 42.
2321 485 2398 538 De
2419 488 2630 537 dominis
2650 491 2950 538 subditorum
2975 489 3321 541 admonendis.

2149 549 2396 659 might:
2433 551 2653 612 corporis
2683 550 2879 600 Domini
2913 557 2968 600 et
3008 555 3262 615 sanguinis
3302 554 3751 608 communicatione

2429 673 2710 740 eruditione
2735 672 2940 740 tiliorum
2965 687 2993 724 a
3024 677 3312 737 parentibus
3331 681 3386 726 et
3408 678 3630 740 patrioin.
3705 659 3714 664 ’

2209 733 2287 798 4:5.
2315 733 2388 798 [)e
2411 733 2632 798 ecclesiis
2650 737 2922 798 antiquitus
2941 733 3237 789 constitutis.

2210 795 2291 845 ω.
2319 795 2394 845 De
2410 795 2682 858 sepultura.

1159 1014 1504 1076 lNClPlUNT
1542 1010 1934 1071 PRAEDICTA
1973 1009 2316 1068 CAPITULA
2353 1012 2443 1068 ET
2481 1013 2724 1072 EORUM
2763 1015 3065 1074 TEXTUS.

523 1164 576 1218 1.
610 1159 967 1218 Praelocutio.
997 1156 1260 1214 Omnibus
1287 1154 1443 1212 vobis
1470 1161 1564 1210 aut
1583 1153 1704 1210 visu
1740 1159 1834 1207 aut
1857 1149 2044 1206 auditu

449 1260 641 1311 notum
666 1267 788 1309 esse
813 1266 920 1306 non
955 1249 1283 1312 dubitamus,
1320 1248 1445 1317 quia
1475 1246 1688 1317 genitor
1715 1245 1732 1276 ⁸
1760 1251 1947 1298 noster
1993 1249 2047 1296 et

448 1345 845 1418 progenitores,
874 1349 1162 1412 postquam
1199 1354 1229 1393 a
1275 1338 1389 1394 Deo
1425 1337 1492 1393 ad
1539 1337 1644 1392 hoc
1687 1333 1843 1390 electi
1897 1340 2044 1398 sunt,

447 1438 508 1494 in
531 1437 551 1468 ¹
577 1438 682 1493 hoc
713 1433 1004 1505 praecipue
1055 1431 1395 1494 studuerunt,
1423 1437 1484 1483 ut
1510 1428 1683 1482 honor
1704 1436 1925 1482 sanctae
1948 1424 2046 1480 Dei

447 1526 711 1582 ecclesiae
733 1534 789 1580 et
823 1531 998 1580 status
1028 1521 1180 1593 regni
1218 1519 1418 1576 decens
1451 1526 1713 1574 maneret.
1742 1517 1853 1573 Nos
1880 1518 2045 1572 etiam

447 1620 598 1676 iuxta
626 1618 845 1692 modum
893 1624 1139 1672 nostrum
1166 1629 1354 1670 eorum
1405 1621 1694 1684 sequentes
1721 1610 2044 1681 exemplum,

445 1724 610 1779 saepe
640 1716 877 1764 vestram
907 1706 1252 1764 devotionem
1298 1704 1366 1760 de
1391 1705 1477 1760 his
1501 1718 1813 1758 ammonere
1838 1702 2052 1758 curavi-

445 1817 589 1868 mus,
619 1808 674 1856 ct
700 1801 813 1856 Deo
846 1799 1142 1855 miserante
1185 1797 1354 1853 multa
1400 1796 1508 1852 iam
1536 1795 1822 1851 emendata
1855 1803 1910 1850 et
1931 1808 2053 1850 cor-

444 1899 594 1948 recta
626 1890 647 1922 ⁸
675 1891 940 1946 videmus.
985 1889 1140 1946 Unde
1187 1895 1245 1944 ct
1279 1888 1390 1944 Deo
1417 1887 1588 1943 iustas
1633 1886 1819 1942 laudes
1847 1885 2053 1956 persol-

445 1999 591 2050 vere,
623 1991 678 2040 et
719 1991 934 2038 vestrae
979 1982 1156 2038 bonae
1179 1979 1468 2037 intentioni
1511 1978 1860 2035 multimodas
1890 1978 2049 2034 debe-

443 2091 566 2131 mus
594 2075 616 2106 ⁸
645 2075 849 2145 gratias
873 2071 1098 2129 referre.

509 2167 564 2223 9...
600 2167 678 2223 De
705 2168 884 2223 divina
905 2166 1235 2239 providentia
1260 2166 1316 2220 in
1339 2165 1711 2220 constitutione
1741 2163 1920 2220 damni
1950 2163 2050 2216 im-

438 2259 720 2344 peratoris,
757 2269 804 2312 et
831 2257 895 2312 de
929 2258 1319 2313 conservatione
1352 2256 1513 2310 trium
1534 2254 1907 2326 capitulorum.
1940 2253 2050 2308 Sed

441 2353 697 2422 quoniam
744 2350 1071 2423 complacuit
1114 2351 1329 2408 divinae
1378 2351 1751 2422 providentiae
1803 2357 2047 2404 nostram

448 2443 876 2499 mediocritatem
906 2432 974 2499 ad
1017 2443 1121 2500 hoc
1155 2442 1508 2507 constituere,
1550 2448 1609 2496 ut
1645 2448 1865 2496 sanctae
1916 2453 2047 2494 suae

441 2535 708 2594 ecclesiae
742 2545 798 2592 et
829 2535 982 2606 regni
1020 2537 1180 2592 huius
1205 2553 1393 2594 curam
1440 2551 1755 2608 gereremus
1781 2535 1822 2600 ',
1851 2535 1918 2589 ad
1945 2535 2049 2590 hoc

443 2637 656 2685 certare
693 2634 750 2682 et
791 2643 892 2683 nos
937 2642 1003 2682 ac
1028 2627 1049 2658 °
1085 2627 1226 2684 ﬁlios
1274 2643 1339 2683 ac
1371 2627 1549 2683 socios
1598 2635 1817 2682 nostros
1849 2625 2042 2682 diebus

434 2719 579 2774 vitae
597 2726 1115 2789 nostraegoptamus,
1147 2726 1208 2773 ut
1236 2718 1340 2774 tria
1381 2717 1688 2788 specialiter
1713 2715 1949 2786 capitula
1985 2726 2044 2773 et

435 2825 470 2866 a
511 2809 672 2866 nobis
709 2817 765 2866 et
805 2823 838 2864 a
873 2809 1027 2866 vobis
1047 2811 1091 2876 ⁷,
1123 2809 1235 2866 Deo
1257 2825 1415 2881 opem
1454 2809 1680 2876 ferente,
1714 2811 1770 2866 in
1809 2814 1832 2845 ⁸
1883 2813 2046 2870 huius

435 2899 591 2970 regni
636 2899 1108 2957 administratione
1151 2902 1458 2973 specialiter
1501 2914 1928 2972 conserventur;
1985 2907 2037 2962 id
2067 2923 2114 2987 ο

435 2999 540 3059 est,
572 2999 632 3047 ut
671 2991 912 3050 defensio
939 3001 996 3050 et
1040 2994 1300 3050 exaltatio
1331 2994 1416 3050 vel
1471 2995 1646 3052 honor
1690 3008 1910 3053 sanctae
1945 2999 2040 3054 Dei

436 3080 703 3138 ecclesiae
731 3091 785 3138 et
814 3097 1094 3138 servorum
1121 3083 1268 3141 illius
1296 3100 1566 3156 congruus
1596 3096 1832 3152 maneat,
1861 3097 1915 3144 et
1935 3104 2042 3159 pax

435 3181 490 3228 et
509 3171 714 3229 iustitia
739 3172 795 3230 in
817 3175 964 3231 omni
994 3177 1347 3247 generalitate
1361 3177 1542 3250 populi
1565 3180 1736 3234 nostri
1755 3195 2043 3236 conserve—

433 3275 546 3322 tur.
596 3266 656 3322 ln
682 3267 769 3323 his
805 3267 1002 3338 quippe
1029 3269 1266 3324 maxime
1301 3253 1519 3324 studere
1558 3276 1612 3324 et
1633 3270 1698 3324 de
1721 3270 1805 3325 his
1833 3271 1888 3324 in
1923 3286 2042 3326 om-

432 3357 599 3415 nibus
622 3359 838 3430 placitis
855 3373 996 3428 quae
1021 3360 1321 3424 vobiscum,
1341 3361 1452 3416 Deo
1471 3361 1785 3425 auxiliante,
1802 3362 2040 3417 habituri

435 3461 646 3518 sumus,
693 3466 789 3507 vos
833 3451 1125 3507 admonere
1161 3460 1432 3523 optamus,
1480 3453 1619 3508 sicut
1645 3453 1920 3510 debitores
1947 3471 2039 3511 su-

434 3555 578 3596 mus.

506 3629 563 3685 3.
589 3627 668 3685 De
693 3629 812 3696 hoc,
851 3631 992 3702 quod
1019 3631 1320 3686 admonitor
1344 3633 1581 3703 ﬁdelium
1613 3633 1836 3690 domnus
1878 3636 2040 3707 impe-

437 3733 584 3780 rator
629 3725 721 3790 sit,
778 3734 826 3781 et
875 3741 1051 3780 omnes
1107 3725 1289 3796 ﬁdeles
1337 3727 1603 3784 adiutores
1635 3728 1656 3759 ⁹
1689 3730 1871 3800 ipsius.
1932 3729 2040 3785 Sed

437 3831 765 3888 quamquam
795 3831 1006 3872 summa
1062 3817 1221 3873 huius
1262 3817 1552 3874 ministerii
1608 3819 1661 3874 in
1694 3830 1878 3876 nostra
1915 3837 2038 3890 per-

436 3924 568 3964 sona
592 3908 894 3964 consistere
917 3908 1182 3970 videatur,
1228 3916 1408 3965 tamen
1434 3918 1489 3965 et
1509 3910 1688 3965 divina
1713 3913 2039 3968 auctoritate

436 4012 491 4058 et
519 4002 752 4058 humana
779 4001 1119 4058 ordinatione
1167 4003 1240 4057 ita
1282 4017 1380 4072 per
1419 4011 1602 4073 partes
1645 4003 1874 4062 divisum
1919 4021 2040 4061 esse

437 4093 804 4163 cognoscitur,
855 4101 915 4149 ut
939 4094 1309 4163 unusquisque
1333 4103 1575 4150 vestrum
1620 4095 1672 4150 in
1697 4111 1796 4151 suo
1828 4097 1945 4154 loco
1983 4105 2039 4154 et

435 4186 626 4242 ordine
653 4194 859 4258 partem
884 4187 1055 4242 nostri
1079 4187 1366 4244 ministerii
1409 4189 1612 4245 habere
1653 4201 2032 4260 cognoscatur.

2159 1151 2434 1217 accedant,
2467 1159 2522 1207 et
2543 1153 2598 1207 in
2628 1153 2815 1209 eodem
2841 1155 3146 1213 ministerio
3175 1158 3426 1228 religiose
3446 1161 3657 1230 vivant,
3701 1175 3753 1221 et

2157 1252 2268 1296 tam
2309 1243 2448 1298 bene
2491 1244 2720 1300 vivendo
2751 1259 2914 1315 quam
2961 1256 3110 1303 recte
3144 1251 3508 1318 praedicando
3545 1257 3755 1326 populis

2156 1334 2256 1390 sibi
2288 1337 2595 1392 commissis
2639 1339 2742 1392 iter
2782 1339 2924 1395 vitae
2970 1343 3288 1410 praebeant,
3322 1356 3464 1402 etut
3491 1349 3544 1403 in
3572 1351 3614 1382 "
3641 1367 3756 1408 mo-

2124 1429 2409 1484 nasteriis
2455 1429 2508 1484 iu
2552 1431 2665 1486 suis
2706 1433 3008 1500 parrochiis
3046 1437 3360 1494 constitutis
3403 1451 3592 1496 sancta
3630 1445 3756 1499 reii-

2076 1570 2126 1630 B

2123 1703 2284 1760 dant
2312 1705 2390 1772 ¹⁹;
2421 1722 2612 1762 omnes
2656 1724 2754 1765 vos
2780 1709 2835 1763 in
2885 1711 2991 1766 hoc
3017 1729 3175 1770 sacro
3198 1718 3389 1774 ordine
3430 1724 3752 1780 constitutos

2154 1519 2242 1590 gio
2287 1520 2331 1550 ¹⁶
2376 1520 2665 1576 observata
2705 1523 2743 1554 ‘7
2788 1521 2916 1588 fiat,
2962 1533 3018 1579 et
3066 1534 3126 1580 ut
3178 1530 3553 1601 unusquisque
3605 1535 3751 1590 iuxta

2156 1629 2308 1667 suam
2345 1613 2386 1645 "‘
2416 1614 2806 1684 professionem
2836 1619 3106 1675 veraciter
3130 1622 3297 1688 vivat,
3336 1641 3526 1682 curam
3549 1628 3754 1699 impen-

2151 1804 2207 1851 ct
2227 1795 2408 1853 officio
2429 1801 2685 1868 pastorali
2712 1799 2926 1857 functos
2972 1819 3254 1863 monemus
3280 1818 3443 1880 atque
3477 1828 3746 1883 rogamus,

2151 1894 2212 1940 ut
2244 1886 2296 1941 in
2320 1887 2424 1943 hoc
2448 1889 2682 1945 maxime
2709 1891 2991 1948 elaborare
3028 1895 3293 1952 studentis
3319 1899 3383 1963 ".
3418 1911 3474 1956 et
3507 1917 3608 1972 per
3633 1919 3751 1959 vos-

2152 1975 2410 2046 metipsos
2429 1986 2484 2034 et
2515 1994 2613 2048 per
2639 1981 2792 2036 vobis
2819 1983 3108 2049 subiectos,
3135 1997 3396 2056 quantum
3419 1992 3486 2047 ad
3510 2003 3749 2050 vestrum

2151 2066 2510 2122 ministerium
2534 2069 2787 2138 pertinet,
2837 2073 2993 2130 nobis
3017 2075 3060 2106 ’ί
3088 2078 3201 2131 veri
3247 2081 3527 2139 adiutores
3564 2085 3618 2140 in
3661 2088 3749 2142 ad-

2149 2155 2546 2213 ministratione
2571 2159 2616 2189 ”
2644 2161 2930 2218 ministerii
2963 2166 3118 2221 nobis
3155 2172 3430 2227 commissi
3474 2176 3744 2245 existatis,

2148 2256 2210 2303 ut
2254 2249 2308 2303 in
2337 2249 2533 2306 iudicio
2560 2267 2666 2306 non
2693 2254 3075 2324 condempnari
3116 2273 3216 2328 pro
3242 2272 3428 2317 nostra
3467 2273 3526 2319 et
3571 2277 3744 2324 vestra

2147 2339 2502 2424 neglegentia,
2545 2343 2639 2398 sed
2665 2346 2845 2414 potius
2885 2363 2987 2417 pro
3006 2348 3052 2378 "
3083 2359 3437 2424 utrorumque
3470 2357 3616 2413 bono
3642 2369 3746 2416 stu-

2149 2421 2236 2490 dio
2262 2437 2602 2492 remunerari
2632 2452 2955 2494 mereamur.
3005 2441 3073 2496 Et
3096 2421 3423 2516 ubicumque
3443 2461 3542 2518 per
3573 2451 3745 2522 negle-

2147 2530 2382 2600 gentiam
2411 2531 2622 2586 abbatis
2639 2533 3049 2590 autabbatissae
3071 2535 3154 2590 vel
3177 2539 3391 2601 comitis
3412 2541 3528 2597 sive
3545 2545 3686 2598 vassi
3700 2543 3742 2576 ³⁸

2147 2623 2339 2688 nostri,
2371 2634 2465 2678 aut
2497 2624 2854 2680 alicuiuslibet
2874 2628 2921 2659 ’⁵
2947 2643 3212 2698 personae
3232 2631 3451 2702 aliquod
3472 2635 3632 2690 vobis
3649 2635 3742 2691 diti-

2146 2712 2404 2770 licultatis
2447 2716 2499 2770 in
2533 2716 2635 2771 hoc
2665 2720 2976 2787 apparuerit
3018 2718 3382 2788 obstaculum,
3425 2733 3642 2781 nostrae
3661 2727 3738 2783 di-

2145 2805 2457 2860 noscentiae
2485 2805 2536 2861 id
2560 2807 2628 2861 ad
2652 2815 2863 2877 tempus
2905 2809 3179 2865 insinuare
3204 2827 3312 2867 non
3336 2812 3624 2880 ditl‘eratis;
3670 2823 3727 2870 ut

2146 2904 2331 2950 nostro
2359 2897 2558 2952 auxilio
2581 2897 2805 2964 sutl‘ulti,
2850 2901 2994 2970 quod
3027 2911 3209 2957 vestra
3235 2905 3538 2960 auctoritas
3573 2920 3731 2977 expo-

2145 2985 2674 3054 scit,’famulante,ut
2693 2989 2869 3056 decet,
2891 3001 3162 3061 potestate
3184 3003 3369 3050 nostra
3396 2995 3608 3053 facilius
3626 3013 3742 3069 per-

2143 3078 2307 3134 licere
2334 3078 2560 3135 valeatis
2581 3079 2626 3110 ’⁸

2211 3191 2262 3246 5.
2296 3190 2373 3245 De
2405 3191 2763 3246 adnionitione
2788 3191 2968 3246 damni
3009 3194 3339 3266 imperatoris
3367 3198 3438 3252 ad
3477 3199 3742 3270 episcopos

2141 3284 2207 3340 de
2232 3282 2592 3337 sacerdotibus
2633 3281 2702 3335 ad
2735 3298 2915 3336 eorum
2942 3300 3124 3338 curam
3160 3287 3560 3356 pertinentibus,
3598 3299 3646 3344 et
3678 3291 3742 3344 de

2139 3372 2315 3427 scolis.
2351 3372 2426 3427 De
2453 3371 2824 3427 sacerdotibus
2849 3388 2980 3427 vero
3014 3375 3081 3428 ad
3117 3383 3354 3431 vestram
3401 3393 3594 3434 curam
3619 3392 3740 3450 per-

2142 3464 2436 3518 tinentibus
2461 3478 2713 3533 maguum
2756 3464 3008 3520 adhibete
3039 3466 3082 3496 '7
3124 3467 3382 3533 studium,
3417 3477 3478 3524 ut
3513 3471 3742 3540 qualiter

2142 3557 2323 3612 vivere
2367 3554 2596 3610 debeant
2621 3563 2674 3610 et
2700 3555 2969 3616 quomodo
3010 3557 3222 3626 populis
3253 3559 3320 3614 ad
3350 3575 3505 3614 suam
3542 3564 3741 3630 portio-

2140 3650 2225 3705 uis
2255 3663 2440 3704 curam
2464 3648 2860 3717 pertinentibus
2884 3651 3129 3718 exemplo
3163 3658 3217 3706 et
3245 3652 3410 3708 verbo
3444 3654 3678 3722 prosint,
3709 3672 3737 3710 a

2140 3742 2426 3798 vobiscum
2450 3755 2642 3810 magna
2666 3755 2796 3795 cura
2818 3739 3164 3806 edoceantur,
3179 3750 3234 3796 et
3255 3743 3653 3800 admoneantur
3671 3747 3732 3810 ’⁸,

2145 3844 2200 3892 ct
2233 3836 2284 3892 id
2310 3843 2370 3890 ut
2396 3833 2573 3889 facere
2597 3834 2846 3890 studeant
2876 3842 3056 3889 vestra
3086 3835 3380 3904 pontiﬁcali
3415 3839 3739 3893 auctoritate

2139 3928 2598 3998 constringantur.
2625 3924 2890 3996 Quicquid
2912 3937 3090 3980 autem
3113 3927 3166 3981 in
3191 3927 3297 3982 illis
3319 3943 3346 3982 a
3369 3929 3583 3998 populis
3606 3929 3741 3986 iuste

2139 4020 2567 4092 reprehenditur,
2621 4020 2674 4074 in
2723 4019 2968 4090 exemplo
3011 4022 3261 4089 propriae
3313 4022 3741 4080 conversationis

2139 4119 2316 4168 vestra
2338 4109 2672 4180 providentia
2699 4110 2971 4180 corrigere
2994 4110 3038 4141 ²⁹
3063 4126 3171 4165 non
3190 4112 3452 4182 neglegat.
3501 4111 3579 4169 Ne
3614 4127 3740 4170 vero

2139 4206 2400 4262 ecclesiae
2433 4204 2482 4236 ³⁸
2514 4204 2618 4259 illis
2647 4204 2967 4258 commissae
3003 4205 3057 4258 in
3101 4206 3497 4262 restauratione
3546 4215 3642 4264 aut
3687 4209 3736 4263 in

436 4277 595 4370 UB"?
639 4278 958 4370 θββπθι-Ὗν
997 4279 1142 4349 (1⁸³οά
1187 4294 1287 4350 080
1313 4281 1554 4335 omnium
1586 4281 1624 4312 ”
1654 4290 1894 4337 VCSll'llm
1939 4284 2034 4338 ad-
2065 4288 2115 4348 D
2139 4297 2493 4352 luminaribus
2517 4295 2664 4350 iuxta
2687 4295 3097 4364 possibilitatem
3120 4312 3302 4351 rerum
3334 4298 3402 4352 ab
3427 4297 3535 4354 illis
3560 4299 3738 4370 negle-

441 4367 679 4422 mouitor
710 4383 830 4423 esse
856 4368 1045 4434 debeo,
1096 4378 1150 4425 et
1189 4385 1378 4426 omnes
1404 4387 1500 4426 vos
1541 4371 1714 4426 nostri
1757 4372 2036 4428 adiutores

439 4474 562 4516 esse
585 4459 810 4516 debetis.
853 4459 963 4516 Nec
993 4461 1136 4516 enim
1167 4462 1495 4534 ignoramus,
1521 4464 1650 4534 quid
1671 4463 1962 4535 unicuique
1993 4466 2034 4496 ι’

436 4559 682 4608 vestrum
718 4552 773 4607 in
803 4551 845 4584 ¹³
871 4552 975 4608 sibi
1021 4554 1308 4609 commissa
1352 4555 1600 4624 portione
1621 4555 1924 4610 conveniat.
1968 4555 2037 4609 Et

439 4641 560 4697 ideo
581 4641 1013 4711 praetermittere
1049 4658 1156 4697 non
1183 4658 1489 4713 possumus,
1523 4644 1654 4714 quin
1681 4659 2037 4714 unumquem-

435 4749 544 4805 que
573 4735 616 4767 ⁸⁸
647 4735 798 4792 iuxta
819 4752 977 4792 suum
998 4737 1241 4792 ordinem
1269 4737 1675 4793 admoneamus.

505 4846 562 4902 4.
591 4845 671 4902 De
703 4864 854 4902 sacro
889 4847 1180 4902 ministerio
1208 4848 1587 4919 episcoporum,
1612 4847 1675 4901 "et
1707 4847 1770 4900 de
1794 4846 2034 4902 admoni-

422 4939 574 4992 tione
618 4937 796 4991 domni
825 4937 1155 5008 imperatoris
1199 4935 1268 4988 ad
1305 4936 1588 5006 episcopos.
1646 4933 1750 4989 Sed
1778 4936 2031 5004 quoniam

422 5027 670 5094 scimus,
720 5027 864 5100 quod
893 5025 1198 5096 specialiter
1225 5025 1493 5094 pertineat
1537 5025 1604 5079 ad
1630 5026 1930 5095 episcopos,
1975 5035 2036 5081 ut

422 5119 667 5188 primum
708 5120 778 5174 ad
817 5133 1031 5174 sacrum
1077 5116 1437 5173 ministerium
1465 5116 1863 5186 suscipiendum
1896 5118 2035 5174 iuste

2139 4401 2351 4461 gautur,
2386 4395 2561 4442 vestra
2588 4386 2938 4441 nihilominus
2963 4386 3006 4417 “
3047 4387 3327 4457 invigilare
3367 4388 3529 4444 debet
3572 4389 3737 4444 soler-

2140 4481 2234 4554 tia,
2270 4479 2336 4533 Et
2367 4479 2506 4533 sicut
2539 4477 2674 4532 alios
2699 4476 2999 4546 prohibetis
3023 4477 3088 4541 ³²,
3131 4495 3198 4533 ne
3229 4478 3296 4534 de
3331 4480 3538 4535 mansis
3559 4482 3630 4536 ad
3652 4497 3738 4536 ec-

2115 4570 2332 4624 clesiae
2355 4567 2638 4622 luminaria
2671 4567 2813 4621 datis
2844 4567 2889 4598 ³³
2912 4567 3112 4637 aliquid
3139 4570 3425 4639 accipiant,
3457 4572 3540 4626 sic
3564 4580 3621 4627 et
3643 4587 3735 4627 vos

2137 4668 2191 4714 ct
2220 4658 2384 4713 vestri
2425 4657 2787 4714 archidiaconi
2833 4658 2898 4712 de
2925 4657 3132 4712 eisdem
3183 4661 3386 4728 mansis
3429 4663 3563 4717 nihil
3593 4665 3734 4719 acci—

2138 4752 2332 4821 piendo
2362 4751 2480 4805 aliis
2526 4751 2826 4820 exemplum
2858 4753 3162 4820 praebeatis
3192 4770 3206 4819 ;
3255 4755 3349 4809 sed
3377 4756 3557 4824 potius
3585 4759 3658 4814 ad
3684 4758 3732 4813 id

2139 4842 2280 4912 quod
2303 4843 2423 4897 data
2456 4849 2596 4903 sunt,
2630 4842 2832 4896 servire
2857 4845 3241 4909 concedantur,
3272 4856 3329 4900 ut
3357 4855 3548 4911 totum,
3596 4849 3732 4904 sicut

2141 4935 2340 4989 dictum
2369 4941 2472 4997 est,
2511 4932 2564 4986 in
2594 4935 2990 4990 restauratione
3019 4936 3369 4992 ecclesiarum
3412 4948 3466 4994 et
3502 4939 3734 4996 lumina—

2143 5027 2290 5081 rihus
2312 5032 2489 5080 vestra
2516 5025 2836 5081 auctoritate
2859 5034 2913 5081 et
2941 5026 3117 5083 studio
3145 5029 3335 5084 cedere
3376 5032 3568 5099 possit.
3603 5032 3733 5088 Sco-

2143 5119 2227 5172 lae
2253 5131 2382 5172 sane
2415 5117 2483 5171 ad
2525 5115 2664 5170 ﬁlios
2691 5123 2746 5170 et
2766 5116 3044 5174 ministres
3079 5121 3340 5175 ecclesiae
3385 5122 3731 5178 instruendos

1669 5227 2066 5285 VARIANTES
2103 5227 2505 5286 LECTIONES.

516 5328 532 5360 ¹
567 5325 843 5398 genitores
885 5327 968 5380 nri
991 5325 1045 5379 3.
1073 5321 1138 5378 G.
1215 5323 1235 5354 ²
1259 5321 1302 5377 si
1331 5321 1394 5376 Β.
1472 5319 1492 5351 ⁸
1520 5327 1767 5390 correpta
1799 5338 1936 5374 corr.
1963 5330 2203 5378 correcta
2234 5322 2306 5376 l'.
2394 5321 2415 5352 ⁸
2455 5321 2746 5376 debeamus
2779 5319 2834 5373 4.

516 5412 558 5444 is
586 5396 649 5444 Β.
727 5394 748 5425 ⁶
775 5403 829 5444 et
857 5396 928 5444 l‘.
979 5397 1032 5444 3.
1064 5395 1118 5444 4.
1157 5393 1208 5444 6.
1241 5392 1305 5444 G.
1407 5392 1426 5422 7
1455 5401 1509 5444 et
1543 5408 1593 5444 a.
1643 5407 1694 5444 v.
1743 5391 1928 5444 desunt
1957 5391 2023 5444 ϐ.
2118 5393 2139 5424 ⁸
2180 5394 2233 5444 in
2268 5393 2618 5444 superscripto
2655 5391 2764 5444 tab
2793 5391 2842 5444 Γ

436 5391 649 5454 111118⁷8.
727 5394 748 5425 ⁶
775 5403 829 5450 et
857 5396 928 5448 l‘.
979 5397 1032 5451 3.
1064 5395 1118 5448 4.
1157 5393 1208 5448 6.
1241 5392 1305 5447 ϐ.
1407 5392 1426 5422 7
1455 5401 1509 5446 et
1543 5408 1593 5446 a.
1643 5407 1694 5444 γ.
1743 5391 1928 5445 desunt
1957 5391 2023 5448 ϐ.
2118 5393 2139 5424 ⁸
2180 5394 2233 5446 in
2268 5393 2618 5516 ευβοιδου-ὅρια
2655 5391 2764 5445 tab
2793 5391 2866 5444 l‘.

436 5467 482 5501 “
516 5466 662 5533 quod
701 5465 931 5521 nimium
977 5481 1030 5518 v.
1059 5465 1113 5519 4.
1145 5464 1196 5518 6.
1229 5463 1486 5518 nimirum
1526 5461 1657 5516 Illd.
1738 5463 1780 5493 ¹¹
1819 5464 2185 5533 unusquisque
2224 5462 2277 5515 4.
2367 5501 2380 5514 .
2483 5462 2524 5533 ‘j
2567 5476 2667 5533 pro
2703 5459 2768 5513 ϐ.
2800 5531 2811 5533 _

516 5483 662 5538 quoa
701 5483 931 5521 ntmtum
977 5483 1030 5518 V.
1059 5483 1113 5519 4.
1145 5483 1196 5518 υ.
1229 5483 1486 5518 ηιῐῐιιηιηι
1526 5483 1657 5516 ιιια.
1739 5483 1780 5493 ⁸⁵
1819 5483 2185 5533 ιιιιυείιυιδᾳυε
2224 5483 2277 5515 4'.
2316 5483 2380 5516 υ.
2483 5483 2524 5492 ⁸⁷
2567 5483 2667 5528 pl‘U
2703 5483 2768 5513 υ.
2868 5483 2909 5492 ⁸⁷
2941 5483 3232 5532 unwurque
3272 5483 3344 5517 1⁷.
3428 5483 3470 5496 ⁸⁵
3503 5483 3645 5521 deest
3671 5483 3720 5521 υ.

516 5535 694 5602 regula
737 5534 792 5589 4.
892 5536 932 5567 ⁸⁷
961 5535 1333 5591 conservanda
1368 5535 1422 5588 3.
1505 5533 1546 5564 ⁸⁸
1573 5533 1714 5586 deest
1765 5533 1835 5586 l‘.
1938 5533 1980 5565 ¹⁹
2011 5534 2287 5602 impendat
2310 5533 2359 5586 l.
2389 5533 2441 5585 3.
2473 5530 2539 5585 ϐ.
2592 5531 2660 5602 ,³ο
2691 5531 3004 5602 Studeamus
3027 5533 3080 5586 3.
3157 5535 3201 5563 “
3226 5535 3376 5589 vobis
3403 5536 3456 5590 3.
3534 5537 3581 5568 “
3616 5539 3720 5592 adi.

1991 5603 2036 5634 ’⁸
2063 5599 2207 5661 vasis
2233 5604 2298 5657 Β.
2375 5602 2422 5632 ³⁵
2446 5599 2674 5655 alicuius
2711 5600 2995 5655 cuiuslibet
3039 5603 3110 5654 Γ.

471 5693 598 5734 uena
633 5685 788 5747 caput
835 5675 900 5730 Β.
949 5676 1065 5747 plus
1090 5692 1250 5747 quam
1274 5669 1516 5756 u'niusopa
1556 5675 1672 5727 inae
1701 5675 1929 5755 spatium
1957 5672 2159 5755 reliquit
2188 5688 2427 5726 vacuum.
2504 5673 2545 5702 '7
2572 5669 2811 5751 adltibite
2844 5672 2912 5724 Γ.
2989 5673 3034 5704 ³⁸
3064 5673 3382 5755 d..a_c.mon.

431 5695 490 5805 3.
536 5746 602 5804 G.
641 5746 760 5801 Bal.
835 5745 882 5778 7’
913 5747 1052 5800 deest
1077 5747 1131 5801 4.
1172 5746 1216 5776 ³⁰
1243 5747 1489 5801 ecclesiis
1644 5743 1688 5774 “
1718 5742 2194 5813 mchtlhomtntbus
2229 5744 2301 5798 l‘.
2397 5743 2442 5774 ³⁸
2466 5740 2769 5813 prohibetis
2813 5758 2950 5796 corr.
2987 5744 3275 5813 prohibitis
3306 5745 3382 5802 i‘.

435 5391 649 5454 mus'B.
727 5394 748 5425 ⁶
775 5403 829 5450 et
857 5396 928 5448 l‘.
979 5397 1032 5451 3.
1064 5395 1118 5448 4.
1157 5393 1208 5448 6.
1241 5392 1305 5447 ϐ.
1407 5392 1426 5422 7
1455 5401 1509 5446 et
1543 5408 1593 5446 a.
1643 5407 1694 5444 γ.
1743 5391 1928 5445 desunt
1957 5391 2023 5448 G.

436 5537 483 5570 ⁸⁸
509 5533 694 5610 regula
737 5534 794 5610 4.
892 5536 932 5567 ⁸⁷
961 5535 1333 5610 conservanda
1368 5535 1422 5588 3.
1505 5533 1546 5564 ⁸⁸
1573 5533 1714 5586 deest
1765 5533 1835 5586 Γ.

433 5604 960 5665 administrationem
1004 5607 1052 5660 l.
1085 5606 1138 5660 4.
1217 5604 1262 5636 ”
1297 5620 1395 5675 pro
1419 5613 1727 5658 nostrorum
1754 5610 1814 5657 ut
1844 5604 1914 5656 ι’.

536 5746 602 5804 G.
641 5745 760 5801 Bal.
835 5745 882 5778 7’
913 5745 1052 5800 deest
1077 5745 1131 5801 4.
1172 5746 1216 5776 ³⁰
1243 5745 1489 5801 ecclesiis

437 5820 541 5877 bus
570 5819 642 5874 i'.
671 5833 744 5874 m.
790 5817 920 5874 eccl.
953 5816 1308 5874 luminaribus
1335 5816 1477 5872 datis
1516 5816 1570 5870 3.
1599 5829 1674 5870 m.
1704 5826 1757 5870 e.
1786 5813 1854 5868 ad
1885 5813 1921 5867 Ι.
1949 5811 2016 5868 G.

2394 5321 2415 5352 ⁸
2455 5321 2746 5376 debeamus
2779 5319 2834 5373 4.
2864 5336 2894 5374 a
2928 5320 3177 5375 abrasum
3223 5332 3297 5376 est
3321 5323 3387 5378 Β.
3465 5325 3486 5355 ⁸
3513 5340 3727 5398 regene—

2402 5393 2618 5426 ηριιὶιιηι
2655 5399 2671 5426 r
2698 5391 2764 5426 qh
2793 5391 2842 5426 l‘
2944 5391 2965 5420 9
2992 5392 3129 5426 Αοοιι
3167 5394 3198 5426 'z
3255 5393 3294 5426 D
3393 5395 3435 5426 to
3461 5407 3611 5426 ..η-ν..
3654 5399 3704 5426 μ

2368 5393 2618 5492 εγδοῖξρῑο
2655 5392 2866 5445 tabi‘.
2944 5392 2965 5420 ⁹
2991 5392 3129 5474 deest
3166 5394 3218 5446 3.
3248 5393 3313 5446 Β.
3393 5392 3617 5496 “'parét
3654 5399 3723 5451 ι’.

2367 5501 2380 5514 .
2491 5530 2513 5532 _
2567 5476 2667 5532 PFO
2703 5459 2810 5532 0.7
2868 5460 2910 5492 “
2941 5477 3232 5532 umentque
3272 5465 3344 5517 i'.
3427 5466 3440 5496 ¹
3503 5466 3645 5521 deest
3671 5465 3720 5521 6.

3187 5603 3232 5634 ³⁸
3262 5604 3408 5658 Inter
3443 5607 3543 5660 hoc
3569 5618 3616 5661 et
3641 5625 3722 5661 se-

2989 5673 3034 5704 "
3064 5673 3116 5726 d.
3158 5688 3221 5728 ac
3244 5691 3388 5729 mon.
3413 5677 3469 5732 3.
3495 5687 3550 5732 et
3577 5679 3717 5732 adm.

2989 5744 3275 5803 prohibitis
3306 5745 3382 5802 i'.
3480 5747 3530 5780 ³³
3549 5747 3723 5803 danti-
