3992 6344
130 346 218 405 5‘57

634 336 863 396 consx
899 320 1424 395 DtPI.6MATlCUS.
1444 362 1532 385 Α-
1559 316 1875 390 manu.
1914 330 2006 388 AB
2042 328 2382 389 ANSEGISO
2431 327 2815 391 consors.

3261 330 3368 390 558

89 458 196 554 7’vel
221 451 523 516 etiocendos,
551 448 691 506 sicut
716 449 871 511 nobis
897 447 1191 519 praeterito
1212 456 1456 517 tempore
1494 446 1563 502 ad
1581 445 1682 499 At—
1706 446 1755 503 Α
1784 452 2044 513 peragant
2082 452 2137 500 et
2164 460 2352 500 eorum
2386 440 2663 501 salubrem
2700 440 3124 500 admonitionem
3174 440 3229 498 in
3270 441 3378 501 hoc

131 547 356 603 tiniacum
396 543 411 574 ’
446 540 768 612 promisistis
800 548 856 596 et
881 539 1034 595 vobis
1062 538 1413 603 iniunximus,
1461 537 1515 592 in
1556 552 1683 593 con-

131 638 254 709 gruis
272 634 414 699 locis,
448 633 540 687 ubi
561 631 784 686 necdum
809 629 1109 699 perfectum
1143 637 1246 695 est,
1291 629 1358 684 ad
1389 628 1683 683 multorum

131 727 382 784 utilitatem
406 730 461 779 et
496 721 794 792 profectum
831 737 862 776 a
886 721 1042 775 vobis
1079 719 1319 775 ordinari
1366 736 1473 774 non
1497 716 1683 791 negle—

131 829 267 893 gatur
291 817 332 870 ’.

187 908 233 963 6.
264 907 335 961 De
353 904 703 959 admonitione
743 902 812 957 ad
852 902 1067 958 comites
1089 918 1183 974 pro
1208 901 1435 956 utilitate
1468 910 1682 976 sanctae

132 1002 210 1056 Dei
231 997 482 1053 ecclesiae.
532 996 698 1052 V'oms
730 1009 862 1050 vero
891 994 1179 1050 comitibus
1207 994 1436 1049 dicimus
1479 1008 1682 1063 vosque

134 1105 514 1153 commonemus,
549 1084 675 1159 quia
698 1087 767 1142 ad
791 1094 1029 1142 vestrum
1062 1085 1421 1141 ministerium
1450 1084 1683 1140 maxime

133 1185 348 1255 pertinet,
368 1170 436 1242 ut
476 1180 836 1237 reverentiam
882 1180 904 1212 ³
934 1188 990 1236 et
1033 1180 1296 1235 honorem
1333 1186 1552 1234 sanctae
1587 1177 1681 1233 Dc'i

134 1276 355 1331 ecclesiae
379 1273 699 1339 exhibeatis,
728 1282 783 1328 et
803 1287 926 1328 cum
952 1271 1219 1342 episcopis
1239 1271 1434 1326 vestris
1457 1286 1684 1343 concor—

135 1366 246 1420 diter
269 1365 465 1429 vivatis,
491 1371 548 1419 et
581 1364 663 1419 eis
690 1363 1015 1418 adiutorium
1042 1362 1112 1418 ad
1138 1377 1294 1417 suum
1320 1361 1682 1416 ministerium

134 1457 447 1527 peragendum
477 1457 805 1526 praebentis,
848 1466 904 1512 et
931 1465 991 1512 ιιι
1013 1472 1109 1513 vos
1140 1456 1241 1527 ipsi
1286 1457 1339 1511 in
1370 1457 1684 1512 ministeriis

135 1549 292 1611 vestris
317 1562 497 1619 pacem
526 1556 588 1603 et
617 1548 877 1603 iustitiam
913 1547 1145 1614 faciatis,
1190 1556 1245 1604 et
1281 1563 1418 1618 quae
1451 1547 1472 1579 ⁸
1497 1556 1683 1603 nostra

138 1642 382 1699 auctoritas
408 1639 626 1712 publice
666 1640 784 1696 ﬁeri
809 1641 1071 1706 decernit,
1110 1649 1169 1696 ιιι
1199 1641 1252 1696 in
1294 1641 1491 1697 vestris
1524 1642 1684 1697 mini-

137 1736 279 1792 aeriis
319 1736 553 1791 studiose
608 1734 870 1805 perlicere
900 1735 923 1767 '
967 1736 1246 1791 studeatis.
1299 1734 1531 1792 Proinde
1567 1750 1684 1791 mo—

136 1844 287 1884 uemus
309 1837 537 1884 vestram
578 1801 891 1883 fidelitatem
913 1827 955 1894 ⁸,
1004 1836 1063 1884 ιιι
1108 1844 1377 1885 memores
1411 1830 1530 1885 sitis
1554 1830 1677 1887 ﬁdei
1713 1801 1760 1860 Β

138 1924 259 1979 nobis
303 1924 621 1994 promissae,
672 1929 728 1977 et
759 1923 781 1954 τ
809 1923 864 1977 in
906 1931 1057 1995 parte
1105 1923 1393 1979 ministerii
1438 1924 1610 1980 nostri
1658 1925 1680 1957 ⁸

137 2018 255 2072 vobis
279 2017 544 2073 commissi
571 2016 614 2081 ’,
643 2016 695 2071 in
728 2030 861 2087 pace
882 2014 1089 2073 scilicet
1114 2026 1169 2072 et
1191 2017 1393 2073 iustitia
1416 2016 1679 2085 facienda,

138 2110 441 2180 vosmetipsos
487 2124 681 2164 coram
724 2110 836 2165 Deo
886 2118 941 2165 et
986 2126 1169 2181 coram
1201 2111 1513 2167 hominibus
1550 2113 1685 2169 tales

136 2199 407 2262 exhibeatis,
440 2207 499 2253 ut
521 2206 584 2253 et
609 2199 780 2253 nostri
800 2198 915 2253 veri
948 2200 1221 2257 adiutorrs
1251 2210 1305 2255 et
1344 2202 1525 2272 populi
1557 2218 1686 2257 con-

136 2297 393 2344 servatores
421 2290 564 2344 iuste
594 2290 699 2344 dici
721 2298 775 2345 et
798 2292 981 2345 vocari
1001 2292 1240 2360 possitis.
1267 2293 1334 2348 Et
1356 2294 1498 2349 nulla
1523 2310 1689 2365 quac-

136 2378 238 2436 libet
254 2396 401 2436 cansa
424 2389 515 2436 aut
536 2397 826 2437 munerum
850 2376 1092 2455 acceptio
1118 2393 1210 2441 aut
1245 2386 1484 2442 amicitia
1510 2388 1689 2444 cuius-

126 2467 239 2523 libet
266 2469 341 2525 vel
362 2471 560 2535 odium,
622 2478 716 2525 aut
744 2471 910 2527 timor
938 2473 1022 2528 vel
1055 2475 1226 2545 gratia
1260 2475 1327 2529 ab
1356 2484 1496 2530 statu
1527 2476 1690 2532 recti-

133 2560 302 2615 tudinis
337 2577 429 2616 vos
458 2561 680 2617 deviare
707 2562 1015 2633 compellat,
1066 2565 1194 2634 quin
1223 2566 1364 2621 inter
1384 2567 1689 2635 proximum

133 2656 177 2703 et
199 2650 479 2719 proximum
500 2667 720 2722 semper
744 2652 881 2709 iuste
907 2653 1173 2710 iudicetis.
1208 2655 1541 2726 Pupillorum
1562 2672 1691 2714 vero

132 2751 177 2797 et
202 2745 460 2801 viduarum
507 2753 565 2802 et
597 2756 937 2802 caeterorum
976 2763 1270 2818 pauperum
1309 2751 1580 2807 adiutores
1627 2767 1693 2807 ac

132 2833 411 2892 defensores
437 2846 489 2894 et
520 2845 744 2894 sanctae
788 2839 1049 2895 ecclesiae
1079 2840 1121 2872 ¹⁶
1144 2841 1228 2897 vel
1249 2858 1525 2899 servorum
1550 2845 1695 2903 illius

130 2927 461 2986 bonoratores
492 2931 639 2986 iuxta
667 2939 907 2987 vestram
948 2933 1362 3003 possibilitatem
1394 2936 1534 2992 sitis.
1570 2936 1694 2993 Illos

1786 534 2016 590 libenter
2045 535 2264 591 audiant
2292 545 2348 591 et
2371 538 2681 593 oboediant.

1854 627 1908 682 9.
1949 626 2026 680 De
2047 626 2403 682 admonitione
2446 627 2515 681 ad
2560 628 2826 698 episcopos
2861 624 2904 657 "
2932 666 2946 689 ,
2973 624 3202 690 «libata,
3234 633 3286 680 et
3306 625 3378 681 ad

1783 736 1962 775 omnes
1988 720 2170 790 ﬁdeles
2194 737 2289 792 pro
2331 720 2577 776 comitum
2620 720 2920 775 adiutoriis.
2968 718 3251 790 Episcopis
3280 717 3383 775 lte-

1784 828 1925 878 rum,
1989 813 2277 868 abbatibus
2328 821 2384 867 ct
2442 812 2618 869 vassis
2651 811 2855 867 nostris
2877 818 2931 867 et
2959 810 3212 866 omnibus
3240 809 3380 867 [ide-

1782 902 1924 959 libus
1953 904 2106 960 laicis
2141 904 2392 966 dicimus,
2422 912 2482 958 ut
2507 902 2798 960 comitibus
2822 901 2869 934 "
2903 902 2971 958 ad
3012 902 3247 959 iustitias
3292 900 3381 958 fa-

1784 996 2004 1051 ciendas
2031 996 2305 1052 adiutores
2328 996 2470 1051 sitis.
2572 1040 2589 1049 ,

1856 1087 1942 1145 l0.
1984 1086 2062 1142 De
2084 1087 2440 1142 admonitione
2470 1085 2542 1141 ad
2585 1087 2851 1159 episcopos
2900 1084 2979 1143 rei
3020 1097 3238 1142 comites
3283 1102 3380 1159 pro

1784 1179 2065 1235 concordia
2105 1181 2174 1233 ad
2218 1180 2437 1234 inritent
2481 1189 2530 1234 et
2582 1195 2700 1234 cum
2725 1181 2908 1235 ceteris
2938 1179 3204 1249 ﬁdelibus.
3249 1177 3386 1250 Epi-

1783 1272 1931 1343 scopi
1965 1285 2093 1327 vero
2112 1270 2204 1347 ‘vel
2252 1270 2477 1325 comites
2498 1278 2553 1326 et
2594 1269 2824 1325 invicem
2850 1278 2905 1325 et
2932 1284 3055 1325 cum
3092 1270 3290 1325 ceteris
3314 1268 3385 1324 ti-

1784 1367 1995 1424 delibus
2020 1366 2363 1422 concorditer
2382 1367 2582 1431 vivant,
2613 1374 2668 1422 ct
2695 1365 2763 1421 ad
2786 1380 2882 1421 sua
2907 1364 3207 1420 ministeria
3233 1378 3368 1436 per-

1783 1460 1989 1534 agenda
2018 1461 2258 1517 vicissim
2284 1459 2386 1516 sibi
2418 1460 2748 1515 adiutorium
2785 1457 2987 1513 ferant.

1856 1552 1942 1607 Η.
1984 1552 2062 1607 De
2081 1550 2437 1605 admonitione
2458 1550 2527 1604 ad
2549 1566 2725 1605 omnes
2746 1546 3057 1619 generaliter
3083 1588 3100 1614 ,
3127 1556 3176 1602 et
3205 1547 3248 1580 ²¹
3274 1563 3373 1621 pro

1754 1668 1757 1673 ν
1784 1644 2004 1699 caritate
2017 1652 2065 1697 et
2074 1658 2200 1713 pace
2215 1641 2285 1696 ad
2301 1642 2537 1696 inuicem.
2573 1638 2838 1695 Omitibus
2852 1640 3019 1695 etiam
3058 1638 3390 1710 generaliter

1785 1733 2036 1797 dicimus,
2054 1742 2112 1787 ut
2132 1732 2413 1787 caritatem
2422 1740 2675 1802 etpacem
2688 1728 3000 1787 adinvicem
3014 1729 3266 1786 habeatis
3288 1730 3334 1762 ¹²
3369 1781 3389 1808 ,

1784 1833 1839 1881 et
1858 1827 2167 1898 generalem
2187 1826 2480 1881 iussionem
2497 1832 2736 1879 nostram
2754 1823 3083 1896 generaliter
3098 1823 3394 1881 observare

1784 1920 2095 1985 decertetis,
2145 1927 2201 1975 et
2233 1919 2421 1975 miSsis
2447 1919 2650 1975 nostris
2694 1934 2793 1990 pro
2828 1916 3210 1988 qualicumque
3237 1916 3391 1973 scili-

1785 2023 1871 2072 cet
1890 2022 1983 2069 aut
2007 2013 2379 2069 ecclesiastica
2405 2021 2499 2068 aut
2538 2012 2755 2082 publica
2784 2012 3021 2067 utilitate
3052 2011 3135 2066 vel
3167 2020 3392 2082 oportu-

1788 2109 1958 2163 nitate
1986 2123 2016 2161 a
2046 2106 2201 2161 nobis
2226 2105 2447 2161 directis
2473 2106 2640 2161 nostri
2672 2106 2895 2162 honoris
2921 2121 3085 2161 causa
3117 2105 3383 2162 honorem

1757 2200 2106 2263 'exhibeatis,
2145 2206 2200 2253 et
2243 2205 2466 2268 propter
2492 2206 2739 2253 nostrae.
2771 2198 3118 2253 auctoritatis
3165 2212 3392 2252 venera-

1788 2291 1991 2346 tionem
2012 2305 2075 2347 ea
2102 2305 2240 2360 quae
2263 2303 2357 2360 per
2376 2289 2498 2346 illos
2524 2290 2872 2362 iniungimus,
2902 2304 3067 2363 agerc
3088 2305 3198 2346 non
3226 2289 3272 2321 ’³
3294 2304 3392 2346 ne-

1760 2392 1767 2393 ’
1788 2380 2038 2454 giegatis.

1863 2472 1950 2526 12.
1991 2471 2069 2526 De
2091 2472 2208 2538 hoc,
2251 2472 2391 2543 quod
2417 2474 2769 2545 unusquisque
2797 2472 3159 2546 episcoporum
3186 2471 3266 2529 uel
3291 2488 3386 2529 co-

1790 2566 1976 2619 mitum
1999 2574 2200 2636 partem
2229 2566 2506 2620 ministerii
2530 2566 2720 2636 regalis
2759 2566 2967 2632 habent,
2993 2575 3042 2621 et
3065 2570 3129 2622 de
3155 2567 3391 2622 testimo-

1770 2658 1882 2713 .nio
1919 2659 2151 2728 ipsorum
2179 2657 2249 2711 ad
2276 2658 2515 2712 invicem.
2559 2658 2624 2713 Et
2650 2660 2928 2729 quoniam,
2955 2660 3098 2742 sicut
3131 2661 3390 2725 diximus,

1795 2749 2163 2819 unusquisque
2190 2756 2430 2805 vestrum
2477 2759 2688 2820 partem
2736 2750 3027 2807 ministerii
3076 2751 3249 2807 nostri
3286 2766 3386 2822 per

1768 2849 1976 2914 partes
2000 2842 2048 2875 “
2075 2842 2276 2897 habere
2303 2842 2619 2909 dinoscitur,
2667 2842 2918 2899 volumus
2954 2844 3173 2900 studere
3210 2850 3266 2900 et
3293 2858 3398 2917 per
3497 2851 3513 2863 ‘

1794 2933 2120 2990 clamatores
2147 2942 2203 2989 et
2230 2949 2329 3004 per
2354 2934 2459 2989 alia
2488 2934 2760 3004 quaelibet
2780 2945 2929 2992 certa
2959 2936 3179 3001 indicia,
3212 2945 3269 2994 et
3294 2950 3394 3006 per

134 3033 349 3088 quoque,
382 3021 466 3090 qui
491 3024 786 3079 temeritate
828 3032 883 3079 et
909 3024 1165 3080 violentia
1206 3026 1261 3081 in
1295 3026 1438 3082 furto
1475 3029 1517 3060 ¹¹
1540 3039 1595 3084 et
1619 3028 1697 3095 la—
1770 3024 1991 3080 amissos
2018 3033 2235 3080 nostros
2271 3039 2408 3095 quos
2433 3026 2499 3081 ad
2527 3026 2631 3081 hoc
2660 3027 3125 3103 'ordinaverimus,
3159 3028 3394 3097 qualiter

136 3111 351 3166 trocinio
377 3111 415 3143 ⁸³
441 3113 551 3169 sive
576 3115 766 3184 rapinis
789 3131 1129 3172 communem
1153 3133 1340 3188 pacem
1361 3121 1540 3191 populi
1564 3137 1686 3191 pcr—
1709 3147 1757 3211 ο
1794 3118 2163 3187 unusquisque
2194 3118 2261 3172 ad
2307 3118 2410 3174 hoc
2444 3125 2655 3173 οθνῑιινθ
2692 3120 2980 3185 Slutluel'il.
3021 3130 3075 3176 et
3117 3135 3216 3180 per
3243 3137 3395 3177 com-

132 3200 333 3255 turbare
364 3202 874 3273 moliuntuerestro
907 3208 1084 3263 studio
1118 3216 1174 3263 et
1195 3211 1549 3278 correctione,
1583 3213 1688 3268 sic—
1716 3200 1757 3211 “’
1789 3223 1951 3263 mune
1977 3209 2363 3273 testimonium,
2394 3209 2570 3274 idest,
2592 3209 2966 3280 episcoporum
2993 3212 3058 3267 de
3074 3210 3388 3275 comitibus,

131 3299 182 3345 ut
218 3292 378 3358 decet,
411 3299 732 3367 compescite
768 3299 832 3353 ⁸³.
873 3299 939 3354 Ει
975 3300 1019 3356 si
1048 3299 1225 3371 aliqua
1246 3317 1475 3372 persona
1507 3307 1561 3360 in
1591 3306 1689 3361 ali-

131 3396 223 3451 quo
254 3385 394 3441 vobis
428 3387 808 3457 impedimento
830 3388 1010 3455 fuerit,
1053 3391 1181 3461 quin
1211 3408 1272 3448 ea
1298 3409 1436 3464 quae
1461 3396 1689 3454 dicimus

128 3469 284 3533 facere
305 3493 406 3533 non
428 3480 671 3547 valeatis,
708 3483 865 3539 nobis
892 3485 959 3539 ad
986 3492 1197 3554 tempus
1223 3486 1350 3543 illud
1370 3498 1554 3544 notum
1574 3490 1685 3559 ﬁat,

127 3573 177 3620 ut
196 3578 363 3626 nostra
396 3575 724 3630 auctoritate
758 3575 925 3632 adiuti
975 3578 1335 3635 ministerium
1369 3590 1608 3638 vestrum
1645 3584 1689 3616 “

129 3653 263 3727 digne
280 3660 571 3733 adimplere
590 3665 832 3734 possitis.

187 3748 231 3802 7.
268 3750 337 3806 De
354 3754 716 3811 admonitione
738 3758 807 3812 ad
830 3757 992 3815 laicos
1012 3777 1107 3832 pro
1128 3762 1324 3819 honore
1342 3763 1692 3823 ecclesiastico

128 3845 464 3900 conservando.
502 3847 712 3904 Omnes
732 3865 863 3906 vero
888 3852 1053 3909 laicos
1094 3870 1394 3923 monemus,
1438 3865 1498 3912 ut
1523 3858 1695 3916 hono—

127 3946 220 3987 rem
245 3937 673 3995 ecclesiasticum
706 3953 1046 4006 conservent,
1075 3954 1130 4001 et
1151 3946 1365 4018 dignam
1391 3950 1696 4008 veneratio-

129 4039 229 4078 nem
259 4028 522 4100 episcopis
548 4040 608 4087 et
644 4032 739 4087 Dei
778 4036 1148 4092 sacerdotibus
1191 4039 1500 4106 exhibeant,
1537 4049 1593 4096 et
1627 4043 1694 4099 ad

127 4128 281 4172 eorum
308 4122 775 4189 praedicationem
801 4139 922 4180 cum
950 4126 1062 4183 suis
1085 4127 1276 4185 devote
1309 4139 1618 4200 occurrant,
1639 4141 1696 4189 et

128 4204 293 4265 ieiunia
321 4214 388 4268 ab
418 4215 528 4271 illis
555 4218 921 4272 communiter
960 4219 1160 4275 indicta
1208 4232 1520 4279 reverenter
1566 4241 1697 4281 con-

122 4312 308 4357 servent
337 4314 393 4360 et
412 4321 549 4362 suos
574 4308 866 4363 observare
889 4308 1121 4365 doceant
1147 4320 1203 4367 et
1229 4315 1572 4382 compellant.
1624 4316 1698 4373 Ut

125 4390 261 4446 etiam
283 4394 398 4451 dies
431 4388 758 4453 Dominicus
785 4399 925 4455 sicut
961 4401 1115 4456 decet
1144 4403 1438 4459 honoretur
1465 4412 1518 4460 et
1552 4407 1698 4461 cola-

1777 3300 2047 3356 comitum
2074 3299 2150 3377 Ide
2183 3300 2468 3369 episcopis,
2528 3301 2849 3369 comperire,
2901 3301 3141 3372 qualiter
3176 3302 3388 3358 scilicet

1787 3391 2016 3447 comites
2071 3390 2335 3445 iustitiam
2364 3391 2591 3462 diligant
2619 3401 2674 3447 et
2704 3391 2925 3459 faciant,
2952 3403 3007 3449 et
3036 3410 3203 3466 quam
3247 3395 3384 3451 reli-

1787 3483 1938 3553 giose
1966 3482 2202 3552 episcopi
2239 3483 2286 3514 ”
2315 3492 2703 3539 conversentur
2743 3495 2797 3541 et
2819 3487 3158 3556 praedicent,
3193 3495 3248 3543 et
3275 3503 3396 3542 am-

1787 3576 1981 3630 borum
2010 3574 2181 3630 relatu
2213 3575 2279 3630 de
2305 3575 2535 3630 aliorum
2565 3575 2806 3633 ﬁdelium
2834 3579 2888 3633 in
2918 3579 3033 3635 suis
3077 3579 3398 3636 ministeriis

1790 3665 2202 3721 consistentium
2232 3666 2507 3736 aequitate
2538 3675 2592 3723 et
2629 3683 2762 3737 pace
2784 3678 2949 3739 atque
2980 3669 3270 3726 concordia
3298 3686 3396 3726 co-

1790 3773 2053 3829 gnoscere
2076 3759 2143 3812 ¹⁸.
2188 3757 2453 3815 Similiter
2477 3759 2643 3815 etiam
2696 3762 2960 3827 volumus,
2988 3770 3045 3817 ut
3072 3776 3263 3818 onmes
3286 3762 3396 3820 illis

1791 3857 1846 3905 et
1876 3849 1954 3905 illi
1976 3851 2231 3907 omnibus
2257 3850 2323 3905 de
2345 3853 2617 3908 communi
2643 3854 2901 3909 societate
2927 3863 2982 3910 et
3007 3864 3151 3911 statu
3182 3872 3213 3911 a
3237 3857 3396 3914 nobis

1793 3942 2117 4014 interrogati
2147 3945 2734 4001 verum'testimonium
2754 3947 2857 4003 sibi
2890 3955 3080 4004 mutuo
3104 3949 3398 4018 perhibere

1778 4036 2022 4104 (possint.

1868 4126 1955 4181 15.
1998 4125 2076 4180 De
2099 4144 2259 4182 causa
2297 4137 2411 4183 orta
2437 4128 2509 4183 ad
2553 4130 3013 4187 inhonorationem
3053 4133 3200 4203 regni
3224 4133 3394 4206 perti-

1797 4227 1966 4272 nente.
2008 4217 2075 4272 Et
2108 4218 2154 4273 si
2183 4218 2308 4275 talis
2349 4235 2510 4275 causa
2542 4220 2597 4275 in
2634 4221 2875 4291 qualibet
2900 4223 2944 4255 "
2979 4224 3258 4295 provincia
3303 4232 3399 4279 aut

1797 4312 1852 4367 in
1887 4312 2068 4382 aliquo
2096 4314 2357 4368 comitatu
2390 4322 2509 4369 orta
2544 4313 2727 4381 fuerit,
2778 4331 2918 4387 quae
2952 4328 3047 4373 aut
3070 4317 3138 4372 ad
3167 4317 3400 4375 inhono-

1778 4405 2065 4459 ‘rationem
2114 4404 2265 4475 regni
2296 4414 2389 4460 aut
2412 4406 2479 4462 ad
2520 4406 2566 4437 "'
2589 4421 2878 4464 commune
2899 4410 3192 4480 dampnum
3219 4411 3398 4482 perti-

126 4490 212 4547 tur,
231 4486 414 4544 omnes
443 4490 725 4545 studeant.
764 4491 832 4546 Et
861 4493 905 4524 ¹⁵
934 4501 993 4548 ιιι
1040 4495 1258 4550 liberius
1294 4497 1407 4552 ilcri
1430 4500 1601 4568 possit
1630 4500 1693 4568 “,
1721 4520 1776 4584 ο
1803 4505 1947 4562 neat,
1981 4510 2122 4567 quae
2174 4497 2337 4552 etiam
2369 4497 2487 4554 sine
2518 4508 2702 4553 nostra
2738 4507 3006 4569 potestate
3050 4503 3249 4574 corrigi
3289 4518 3399 4558 non

123 4585 333 4632 mercata
368 4587 425 4634 et
451 4580 661 4650 placita
694 4596 725 4635 a
761 4584 1068 4651 comitibus,
1095 4587 1233 4642 sicut
1266 4603 1426 4658 saepe
1450 4592 1696 4648 admoni-

119 4667 217 4719 tum
243 4665 358 4733 fuit,
384 4668 482 4724 illo
513 4670 607 4725 die
628 4672 1033 4739 prohibeantur.

175 4757 225 4812 8.
254 4758 329 4814 De
352 4762 724 4818 admonitione
750 4766 822 4819 ad
856 4766 1066 4823 abbates
1101 4777 1149 4823 et
1183 4768 1347 4826 laicos
1376 4788 1471 4843 pro
1515 4789 1702 4830 mona-

114 4844 266 4898 steriis
310 4862 377 4901 ea:
424 4846 603 4919 regali
638 4846 882 4919 largitate
912 4851 1012 4906 sibi
1049 4855 1358 4911 commissis.
1401 4856 1702 4915 Abbatihus

115 4945 384 5005 quoqucet
410 4938 576 4997 laicis
612 4941 918 5009 specialiter
947 4943 1211 5012 iubemus,
1256 4955 1317 5003 ut
1352 4949 1406 5002 in
1428 4960 1702 5008 monaste-

114 5023 194 5079 riis
213 5043 347 5097 quae
368 5046 441 5087 ex
466 5031 512 5062 "
537 5038 726 5085 nostra
746 5031 993 5105 largitate
1013 5035 1214 5092 habent
1238 5038 1302 5105 ⁸⁸,
1325 5041 1702 5113 episcoporum

113 5120 318 5176 consilio
344 5133 402 5179 et
431 5124 765 5180 documento
798 5141 862 5181 ea
897 5142 1036 5197 quae
1065 5129 1133 5185 ad
1180 5131 1493 5203 religionem
1538 5151 1703 5194 cano-

110 5206 361 5282 nieorum,
409 5216 836 5285 monachorum,
866 5219 1354 5280 sanctimonialium
1406 5229 1697 5299 pertinent,

1799 4593 1989 4664 possit,
2028 4607 2129 4647 nos
2176 4591 2268 4647 diu
2321 4592 2488 4648 latere
2519 4609 2626 4648 non
2679 4594 3034 4665 permittatis,
3070 4596 3161 4667 qui
3193 4596 3395 4659 omnia.

1802 4685 1914 4741 Deo
1951 4684 2267 4748 auxiliante,
2295 4684 2570 4756 corrigere
2622 4684 2919 4753 debemus;
2961 4686 3087 4757 quia
3144 4685 3400 4756 quicquid

1804 4784 2030 4833 actenus
2060 4774 2106 4806 ’θ
2144 4775 2198 4830 in
2224 4775 2328 4839 bis,
2362 4791 2502 4846 quae
2547 4776 2614 4832 ad
2634 4792 2823 4846 pacem
2854 4786 2908 4833 et
2938 4777 3199 4832 iustitiam
3234 4777 3401 4833 totius

1772 4867 1987 4946 populi
2012 4868 2287 4939 pertinent
2312 4876 2367 4924 et
2398 4870 2444 4901 "
2477 4870 2738 4925 honorem
2787 4872 2937 4942 regni
2970 4880 3023 4927 et
3056 4885 3400 4927 communem

1790 4962 2116 5027 utilitatem,
2175 4971 2266 5017 aut
2302 4977 2333 5017 a
2380 4963 2538 5018 nobis
2583 4972 2676 5018 aut
2704 4979 2735 5018 a
2763 4965 2919 5019 vobis
2957 4964 3261 5035 neglectum
3291 4970 3399 5027 est,

1807 5053 2087 5117 debemus,
2112 5053 2226 5111 Deo
2254 5054 2567 5121 auxiliante,
2596 5064 2823 5121 certare,
2857 5056 3053 5113 abhinc
3095 5054 3328 5126 qualiter
3353 5055 3401 5088 “

1808 5153 1995 5200 nostro
2024 5150 2077 5199 et
2110 5152 2293 5200 vestro
2319 5146 2499 5201 studio
2519 5147 2864 5201 emendatum
2888 5145 2999 5209 ﬁat.

1881 5236 1971 5290 M.
2011 5236 2245 5308 Depace
2270 5237 2329 5292 in
2375 5238 2561 5294 itinere
2587 5240 2858 5296 exercitati
2907 5239 3277 5296 custodienda.
3320 5240 3400 5298 De

1353 5362 1746 5427 VARIANTES
1781 5371 2184 5429 LECTIONES.

167 5477 189 5582 ξ
204 5478 1296 5582 (ddum-acim:Ai:._§..in’Adtin'iaco‘9.“
1336 5496 1738 5582 neglegantur
1862 5502 1916 5556 5.
1933 5573 1946 5582 _
1965 5577 1976 5582 Α
1993 5502 2013 5534 ³
2039 5519 2156 5560 rem
2181 5503 2234 5582 ti.
2312 5503 2334 5536 ⁸
2358 5506 2486 5582 quia
2514 5522 2573 5582 n1
2605 5509 2926 5582 auctoritate
2949 5484 3010 5582 p.
3031 5510 3063 5566 I‘
3101 5515 3403 5572 decernun'

104 5548 270 5606 turG.
348 5553 371 5584 '
394 5554 718 5623 perﬁciatur
745 5557 816 5611 ι’.
847 5559 900 5614 5.
932 5560 954 5614 l

105 5617 171 5675 l'.
196 5618 262 5676 ϐ.
344 5624 387 5655 ¹¹
412 5621 572 5679 furtu
599 5627 652 5682 8.
696 5625 852 5684 furtis
888 5629 954 5684 B.

104 5688 144 5759 ξ’
166 5694 377 5759 possint
403 5696 463 5749 5.
552 5697 590 5728 ¹⁷
621 5696 763 5752 deest
792 5699 842 5752 Ι.
922 5700 967 5731 ¹⁸
994 5701 1196 5759 habent

102 5757 437 5859 1.331.395.
467 5763 582 5859 B."
611 5767 845 5859 15an
895 5771 1054 5859 ις)ἒ
1081 5757 1334 5859 ιηιξζιιζ
1376 5757 1772 5859 λ’ᾒῇξινὶεὶῖπίῃῖἐ
1795 5783 1927 5859 5.):
1953 5757 2807 5859 ἑὶἔὲζῖ-ἕῖέττ’ρὲῗρῖἱίὲὶιὶἔέἴιῗ

98 5829 375 5892 valeamus
397 5833 458 5890 4.
540 5836 582 5867 ⁸⁷
608 5836 787 5910 aliqua
818 5839 870 5896 4.
948 5844 992 5874 ’⁸
1017 5844 1156 5902 deest
1184 5846 1264 5900 l“.
1290 5846 1363 5903 ’5.
1795 5829 1879 5885 ﬂ”
1904 5829 2295 5915 efélfbf'nat.

394 5554 1083 5628 perﬁciaturl'.3.4.B.
1161 5554 1619 5625 σιοιίείιειιὲηινδ.
1696 5554 1887 5626 τάεέεὶ
1926 5573 2001 5628 ιο.

1063 5631 1104 5662 ¹¹
1132 5632 1363 5689 latronia
1401 5637 1474 5691 Γ.
1528 5636 1828 5697 latrociniis
1865 5642 1931 5695 Β.

1221 5715 1340 5777 post
1369 5722 1433 5761 ea
1468 5708 1687 5765 collocat
1715 5713 1769 5768 5.

2186 5575 2208 5605 ⁸
2237 5577 2399 5631 vestri
2422 5575 2477 5630 4.
2554 5577 2576 5608 ⁸
2600 5580 2906 5637 commissis
2936 5575 3013 5637 ξ’.
3091 5585 3133 5616 ³⁸
3155 5601 3202 5639 s.
3232 5584 3319 5641 dei
3345 5600 3399 5641 e-

2011 5644 2053 5675 “
2077 5646 2435 5714 comprescite
2465 5647 2518 5701 5.
2618 5649 2659 5680 "
2691 5659 2932 5707 nostrum
2963 5651 3031 5707 ϐ.
3107 5655 3152 5688 ³⁸
3174 5656 3318 5711 deest
3341 5655 3400 5713 5-

1955 5712 2249 5796 monachos
2264 5715 2340 5796 β,
2380 5718 2467 5772 hic
2508 5728 2555 5773 et
2572 5719 2635 5796 in
2660 5720 2853 5796 indice.
2886 5793 2930 5796 __
2953 5724 2998 5796 ’f
3021 5723 3274 5780 omnibus
3297 5795 3300 5796 ν
3321 5712 3398 5796 (a-

2884 5793 2932 5825 "
2959 5794 3099 5850 deest
3132 5797 3191 5850 5.
3262 5795 3308 5827 ’⁸
3331 5793 3400 5852 ἑο

2391 5858 2430 5890 ιι
2460 5858 2518 5916 κε,
2554 5872 2608 5928 η,
2643 5876 2693 5915 a,
2718 5874 2776 5917 ιι.
2814 5863 2890 5922 1⁸.
2922 5863 2973 5919 4.
3008 5863 3062 5921 σε
3092 5865 3157 5922 Β.
3184 5862 3247 5922 6.
3274 5864 3396 5928 Bal.
