3992 6344
619 291 730 351 559

1402 282 1463 352 Β.
1504 281 1755 344 CAROLI
1792 285 2011 344 MAGNI
2047 284 2200 342 OPP.
2239 285 2420 346 PARS
2454 286 2495 342 Ι.
2538 285 2782 345 ΒΕΟἸῚΟ
2818 284 3054 342 PRIIA.

3796 285 3906 342 ιω

622 419 756 476 pace
779 415 905 456 vero
934 399 988 454 in
1033 396 1309 454 exercitali
1349 377 1552 452 itinere
1593 395 1863 452 servanda
1910 411 2083 465 usque
2135 396 2204 451 ad
2231 403 2282 460 Α
2306 397 2363 451 lu
2390 395 2496 451 illis
2518 411 2647 452 vero
2691 396 2844 463 locis,
2880 395 2971 451 ubi
3003 395 3164 451 modo
3183 395 3282 456 via.
3299 402 3356 452 et
3377 381 3762 454 mansionatiei
3791 401 3838 432 "
3865 419 3892 454 a

625 496 904 551 marcham
930 494 966 558 ¹,
994 491 1097 546 hoc
1119 491 1368 546 omnibus
1389 500 1577 545 notum
1606 492 1725 545 tieri
1757 491 2022 555 volumus,
2057 491 2203 560 quod

624 589 949 659 quicumque
978 592 1252 640 auctorem
1274 585 1456 640 damni
1481 584 1584 639 sibi
1613 586 1911 653 praeterito
1937 600 2079 638 anno
2115 585 2202 638 in-

623 679 718 732 lati
742 676 1059 732 nominatim
1089 673 1366 747 cognoscit
1389 675 1430 742 ’,
1461 682 1522 730 ut
1544 675 1804 730 iustitiam
1825 675 1892 730 dc
1919 674 2012 729 illo
2037 688 2204 745 quae-

623 779 706 823 rat
734 777 788 823 et
810 768 1055 838 accipiat.

693 859 780 914 15.
821 859 899 913 De
925 859 1336 923 denuntiatione,
1383 857 1483 914 ut‘
1510 860 1599 930 qui
1642 859 1698 913 in
1720 860 1917 915 hostem
1957 869 2201 932 pergunt,

617 967 761 1015 suos,
788 950 877 1021 qui
903 950 958 1003 in
986 967 1081 1004 suo
1103 950 1344 1021 obsequio
1369 959 1509 1015 sunt,
1536 951 1886 1022 unusquisque
1902 961 2199 1022 cognoscat.

620 1042 882 1112 Deinceps
933 1049 1112 1095 tamen
1163 1041 1414 1096 omnibus
1461 1041 1778 1096 denuntiare
1833 1041 2101 1109 volumus,
2139 1051 2201 1097 ut

619 1138 909 1204 cognoscat
959 1131 1342 1200 unusquisque,
1372 1147 1558 1186 omnes
1592 1131 1683 1202 qui
1712 1132 1765 1186 in
1797 1147 1895 1188 suo
1938 1135 2202 1205 obsequio

619 1225 675 1280 in
701 1223 1008 1278 tali‘itinere
1025 1229 1274 1292 pergunt,
1294 1222 1405 1277 sive
1428 1223 1510 1277 sui
1532 1222 1657 1289 sint,
1684 1224 1796 1278 sive
1817 1224 1996 1288 alieni,
2025 1233 2083 1280 ut
2109 1226 2200 1282 ille

621 1318 687 1372 de
725 1331 913 1373 eorum
945 1317 1098 1373 factis
1124 1318 1386 1374 rationem
1417 1332 1475 1372 se
1523 1320 1659 1373 sciat
1683 1318 2017 1374 redditurum
2047 1337 2062 1386 ;
2100 1330 2156 1376 et
2179 1323 2200 1353 ⁸

619 1409 873 1478 quicquid
902 1409 1003 1480 ipsi
1034 1411 1088 1464 in
1113 1423 1245 1479 pace
1269 1408 1518 1466 violanda
1563 1409 1907 1481 deliquerint,
1941 1413 2008 1467 ad
2037 1412 2202 1482 ipsius

619 1501 777 1557 debet
806 1502 1042 1571 plevium
1069 1501 1090 1534 '
1117 1501 1424 1571 pertinere;
1456 1517 1521 1556 ea
1553 1502 1760 1557 scilicet
1798 1504 2123 1568 conditione,
2147 1512 2205 1558 ut

618 1590 766 1659 pacis
796 1591 1025 1646 violator
1060 1592 1297 1662 primum
1322 1589 1344 1622 ⁸
1387 1591 1538 1646 iuxta
1569 1590 1824 1648 facinoris
1862 1593 2200 1663 qualitatem,

618 1679 733 1735 sive
767 1695 948 1736 coram
972 1682 1148 1749 nobis,
1165 1682 1278 1738 sive
1302 1681 1323 1713 '
1355 1697 1540 1738 coram
1578 1683 1744 1738 misso
1771 1693 1976 1751 nostro,
2009 1685 2201 1757 dignas

617 1786 820 1842 poenas
859 1773 1129 1842 persolvat
1154 1791 1169 1840 ;
1198 1782 1254 1830 et
1297 1774 1478 1830 senior
1509 1775 1600 1846 qui
1627 1791 1810 1831 secum
1837 1777 1859 1809 ⁸
1888 1761 2051 1834 talem
2096 1779 2200 1835 du-

617 1866 776 1932 xerit,
806 1882 967 1937 quem
995 1877 1088 1922 aut
1124 1867 1495 1939 constringere
1539 1869 1712 1923 noluit
1751 1878 1844 1924 aut
1874 1885 1981 1925 non
2003 1873 2195 1940 potuit,

617 1964 677 2012 ut
711 1965 951 2011 nostram
976 1957 997 1989 ’
1029 1957 1319 2014 iussionem
1349 1967 1589 2015 servaret
1635 1969 1688 2015 et
1715 1960 1936 2032 insuper
1960 1963 2016 2016 in
2036 1979 2200 2034 regno

617 2055 803 2102 nostro
835 2048 1062 2118 praedas
1084 2048 1262 2105 facere
1299 2065 1408 2105 non
1435 2051 1667 2118 timeret,
1697 2067 1796 2124 pro
1843 2053 1984 2109 illius
2014 2057 2198 2126 negle-

616 2138 817 2210 gentia,
840 2138 886 2194 si
913 2148 1038 2194 ante
1059 2140 1100 2172 ¹⁰
1128 2156 1250 2194 eum
1273 2141 1339 2196 de
1359 2141 1442 2196 his
1463 2157 1570 2196 non
1599 2143 1958 2211 admonuerit,
1984 2156 2037 2202 et
2058 2157 2201 2218 post-

616 2245 777 2302 quam
825 2231 1165 2304 neglegentia
1220 2235 1609 2304 contemptoris
1658 2235 1728 2290 ad
1782 2237 1900 2292 eius
1948 2239 2198 2293 notitiam

614 2323 938 2393 pervenerit,
962 2339 1085 2378 eum
1121 2325 1394 2397 corrigere
1413 2326 1552 2381 sicut
1581 2326 1736 2382 decet
1764 2328 2077 2398 neglexerit,
2102 2330 2200 2385 ho-

615 2428 748 2470 nore
783 2429 880 2470 suo
924 2416 1200 2486 privetur;
1239 2425 1299 2472 ut
1351 2417 1558 2473 scilicet
1586 2426 1778 2475 neuter
1814 2419 2030 2476 illorum
2081 2422 2198 2479 sine

616 2503 755 2560 iusta
780 2507 1010 2562 vindicta
1037 2517 1334 2578 remaneat,
1356 2509 1423 2564 “.

689 2616 776 2671 16.
834 2617 908 2672 De
952 2618 1354 2676 inhonoratione
1400 2623 1535 2694 regis
1581 2632 1790 2695 propter
1823 2624 2197 2696 neglegentiam

615 2723 795 2761 eorum
840 2709 930 2778 qui
969 2708 1249 2780 legationes
1277 2710 1414 2766 male
1459 2713 1732 2784 recipiam.
1774 2715 1850 2771 De
1907 2715 2200 2772 inhonora-

617 2797 762 2852 tione
791 2813 1005 2869 quoque
1050 2800 1193 2874 regis
1213 2809 1268 2857 et
1298 2802 1469 2873 regni,
1506 2812 1560 2857 et
1593 2804 1635 2835 “
1683 2805 1823 2859 mala
1857 2804 2002 2860 fama
2029 2807 2082 2862 in
2105 2822 2199 2863 ex-

618 2897 763 2944 teras
786 2891 1030 2946 nationes
1053 2893 1312 2963 dispersa,
1347 2902 1568 2965 propter
1587 2896 1979 2968 neglegentiam
2008 2914 2198 2955 eorum

616 2981 708 3052 qui
730 2982 1026 3055 legationes
1051 2985 1118 3040 ad
1151 3001 1251 3042 nos
1301 2987 1535 3044 directas
1584 2989 1641 3044 in
1675 2990 1787 3045 suis
1827 2992 2197 3050 mansionibus

615 3079 707 3126 aut
736 3072 875 3128 male
913 3075 1198 3144 recipiunt,
1223 3085 1316 3131 aut
1356 3078 1708 3134 constitutam
1729 3096 1761 3135 a
1801 3081 1960 3137 nobis
1996 3097 2196 3151 expen-
2225 3102 2274 3170 ο

616 3176 731 3216 sam
774 3178 882 3218 non
925 3165 1186 3233 tribuunt,
1219 3175 1312 3222 aut
1333 3171 1662 3238 paravereda
1719 3171 1761 3202 “
1805 3173 1934 3228 dare
1980 3175 2192 3243 nolunt,

615 3263 707 3309 aut
729 3254 872 3312 furto
916 3256 958 3288 “
983 3258 1187 3328 aliquid
1213 3261 1292 3314 eis
1321 3263 1645 3331 subripiunt,
1673 3271 1766 3318 aut
1803 3265 1944 3334 quod
1966 3281 2192 3336 perpes-

617 3344 812 3398 simum
850 3353 952 3411 est,
975 3355 1188 3415 apertas
1210 3347 1496 3405 violentias
1543 3364 1637 3405 eos
1684 3352 1958 3408 caedendo
2010 3362 2068 3409 et
2110 3367 2200 3413 res

622 3451 807 3489 eorum
862 3437 1162 3506 diripiendo
1197 3438 1252 3492 in
1291 3439 1422 3508 ipsis
1476 3456 1732 3498 exercere
1795 3459 1904 3499 non
1938 3447 2198 3514 pertime-

619 3538 794 3594 scunt,
825 3531 927 3586 hoc
965 3533 1216 3588 omnibus
1245 3542 1431 3588 notum
1475 3550 1594 3590 esse
1615 3537 1880 3602 volumus,
1918 3539 2060 3608 quod
2081 3540 2202 3609 qui-

618 3636 848 3689 cumque
869 3636 936 3675 ex
963 3623 1045 3677 his
1064 3624 1162 3694 qui
1189 3624 1425 3680 honores
1448 3636 1662 3683 nostros
1684 3628 1884 3684 habent
1909 3629 1952 3661 ”
1971 3671 1986 3695 ,
2004 3631 2203 3688 abhinc

619 3712 1009 3782 neglegentiam
1053 3714 1192 3768 hanc
1223 3715 1571 3772 “emendare
1597 3733 1703 3772 non
1726 3719 2013 3774 certaverit
2039 3721 2100 3787 λτ,
2147 3731 2202 3776 et

619 3816 746 3855 suos
777 3803 1041 3869 nomines,
1069 3805 1160 3874 qui
1187 3805 1305 3860 eius
1329 3806 1446 3861 vice
1490 3806 1593 3862 hoc
1617 3822 1777 3879 agere
1810 3809 2024 3876 debent,
2057 3820 2116 3864 ut
2147 3811 2201 3866 id

620 3895 758 3948 bene
779 3895 1060 3963 perﬁciant
1093 3914 1197 3952 non
1227 3899 1562 3964 instruxerit,
1596 3909 1689 3956 aut
1713 3917 1820 3957 non
1851 3903 1895 3936 ³⁸
1932 3905 2202 3960 constrin-

619 3985 760 4040 xerit
786 3993 843 4039 ut
869 3985 1093 4041 ulterius
1119 3987 1251 4043 illud
1279 3990 1560 4060 neglegere
1593 4005 1701 4045 non
1736 4002 2083 4062 praesumant
2115 3994 2155 4024 "
2183 4035 2199 4062 ,

619 4081 672 4128 et
696 4074 954 4129 honorem
996 4084 1239 4130 nostrum
1271 4085 1325 4132 et
1353 4094 1578 4150 regnum
1603 4082 1760 4136 nobis
1785 4083 1829 4114 ²⁰
1855 4083 2202 4139 commissum

620 4164 889 4219 custodire
920 4168 1317 4237 contempserit,
1351 4184 1450 4224 nec
1475 4177 1719 4225 nostrum
1777 4187 1879 4228 nec
1909 4173 2057 4243 regni
2103 4188 2203 4228 no-

621 4257 718 4310 stri
746 4257 1001 4312 honorem
1031 4258 1254 4315 ulterius
1283 4260 1534 4317 nolumus
1561 4263 1605 4293 “
1634 4274 1691 4318 ut
1715 4263 1945 4328 habeat;
1981 4265 2074 4319 sed
2103 4280 2201 4320 vo-

624 4349 816 4422 lumus,
847 4358 905 4405 ut
936 4353 1300 4424 unusquisque
1337 4354 1572 4411 fidelium
1606 4365 1919 4414 nostrorum
1944 4373 2204 4428 procura-

2306 485 2548 555 genitore
2594 494 2779 540 nostro
2831 492 2885 540 et
2913 499 2944 537 a
2981 485 3137 540 nobis
3163 499 3261 554 per
3318 485 3619 556 capitulare
3664 489 3895 546 ordinati

2305 585 2449 641 sunt,
2487 577 2679 633 missos
2712 577 2778 632 ad
2812 578 2917 632 hoc
2942 577 3248 646 specialiter
3284 579 3629 642 constitutos,
3675 584 3768 650 qui
3799 583 3892 639 huc

2306 666 2350 697 "
2394 667 2588 736 iugiter
2613 668 2980 736 praevideant,
3026 668 3282 732 habeant,
3319 677 3378 724 ut
3430 671 3615 724 omnia
3664 688 3810 742 quae
3832 677 3892 730 ad

2302 759 2524 812 easdem
2574 758 2867 828 legationes
2923 759 3297 828 suscipiendas
3357 763 3650 830 pertinent,
3712 764 3890 822 ﬁdeles

2303 849 2475 904 nostri
2499 850 2565 905 ad
2591 851 2692 906 hoc
2720 851 3002 906 constituti
3041 853 3108 906 ad
3160 861 3372 922 tempus
3400 868 3732 924 praeparare
3781 869 3887 913 stu-

2303 942 2483 1007 deant,
2519 951 2705 999 utnon
2733 955 2858 998 tunc
2881 945 2951 998 sit
2981 952 3205 1000 neceSse
3227 945 3292 1000 de
3324 945 3483 1016 longe
3514 964 3783 1016 quaerere
3814 953 3888 1006 vel

2302 1034 2586 1100 adducere,
2611 1037 2822 1106 quando
2845 1044 3056 1105 tempus
3079 1046 3163 1092 est
3189 1036 3280 1091 illa
3305 1038 3434 1092 dare
3456 1039 3539 1093 vel
3565 1041 3885 1108 persolvere.

2302 1123 2360 1178 In
2408 1126 2603 1182 ceteris
2632 1142 2760 1180 vero
2794 1125 2927 1180 locis
2955 1142 3056 1196 per
3103 1134 3276 1182 totum
3323 1126 3611 1196 imperium
3649 1141 3886 1188 nostrum

2302 1221 2668 1291 unusquisque
2713 1220 2947 1277 fidelium
2999 1230 3329 1286 nostrorum,
3360 1231 3413 1276 et
3447 1237 3545 1292 per
3601 1236 3661 1278 sc.
3695 1233 3753 1277 et
3802 1239 3886 1293 per

2302 1312 2580 1369 ministros
2609 1329 2757 1379 suos,
2793 1314 2934 1370 sicut
2979 1313 3236 1379 diximus,
3273 1314 3515 1369 sedulam
3559 1315 3884 1387 vigilantiam

2302 1403 2556 1460 adhibeat
2583 1406 2648 1461 ’⁷.
3279 1395 3283 1398 ’

2375 1497 2460 1553 18.
2498 1496 2577 1553 De
2618 1497 2972 1552 admonitione
3001 1496 3158 1551 unius
3197 1505 3432 1551 monetae
3477 1497 3545 1550 ’⁸.
3581 1497 3880 1552 Demoneta

2299 1600 2449 1654 vero,
2475 1589 2616 1644 unde
2641 1589 2749 1643 iam
2786 1603 2884 1658 per
2917 1597 3027 1644 tres
3052 1604 3223 1644 annos
3264 1597 3318 1644 et
3351 1589 3780 1645 admonitionem
3809 1590 3882 1644 fe-

2303 1683 2494 1749 cimus,
2533 1691 2588 1738 et
2615 1691 2828 1753 tempus
2855 1682 3069 1752 quando
3092 1697 3197 1737 una
3222 1689 3501 1737 teneretur
3537 1691 3592 1736 et
3618 1682 3760 1737 aliae
3779 1699 3882 1738 om-

2303 1790 2401 1830 nes
2427 1783 2702 1832 cessarent
2723 1775 3122 1840 constituimus,
3147 1774 3251 1830 hoc
3274 1775 3529 1830 omnibus
3557 1786 3750 1828 notum
3776 1789 3878 1830 esse

2301 1865 2567 1931 volumus,
2599 1865 2854 1937 quoniam
2898 1873 2959 1920 ut
2993 1867 3195 1935 absque
3220 1865 3333 1920 ulla
3381 1866 3739 1921 excusatione
3783 1868 3877 1922 cito

2299 1957 2470 2028 possit
2504 1955 2800 2018 emendari,
2845 1955 3077 2024 spatium
3127 1971 3296 2026 usque
3332 1955 3399 2009 ad
3447 1956 3673 2010 missam
3721 1958 3876 2010 sancti

2301 2048 2516 2102 Martini
2551 2046 2681 2101 dare
2729 2045 3088 2109 decrevimus,
3118 2053 3180 2102 ut
3227 2047 3600 2116 unusquisque
3635 2049 3870 2102 comitum

2301 2142 2357 2197 in
2385 2140 2497 2196 suis
2527 2139 2842 2194 ministeriis
2861 2138 2928 2193 de
2962 2139 3066 2194 hoc
3087 2138 3380 2193 iussionem
3412 2149 3664 2192 nostram
3688 2139 3730 2169 "
3763 2148 3870 2193 tunc

2300 2232 2476 2302 possit
2504 2231 2706 2286 habere
2729 2228 3114 2299 adimpletam;
3149 2229 3407 2300 quatinus
3449 2229 3519 2284 ab
3548 2229 3644 2283 illa
3671 2228 3754 2284 die
3779 2245 3868 2284 non

2299 2323 2589 2387 alia'°,sed
2612 2321 2702 2376 illa
2721 2320 2833 2375 sola
2857 2336 2955 2390 per
2980 2328 3148 2376 totum
3173 2335 3396 2390 regnum
3420 2328 3670 2374 nostrum
3693 2322 3756 2374 ab
3772 2335 3874 2374 om-

2298 2416 2459 2470 nibus
2471 2414 2752 2478 habeatur,
2768 2413 2914 2467 iuxta
2931 2412 3075 2465 illam
3097 2411 3562 2477 constitutionem,
3577 2413 3716 2467 sicut
3729 2413 3776 2466 in
3788 2429 3868 2468 α-

2297 2505 2500 2576 pitulis,
2515 2519 2652 2575 quae
2683 2504 2747 2559 de
2772 2503 2874 2558 hac
2893 2518 2952 2558 re
2975 2502 3082 2558 illis
3107 2503 3396 2558 comitibus
3419 2502 3668 2556 dedimus
3689 2503 3740 2556 in
3760 2519 3872 2572 quo-

2298 2614 2419 2654 rum
2447 2596 2763 2652 ministeriis
2784 2603 2997 2650 moneta
3023 2595 3344 2665 percutitur,
3372 2595 3727 2649 constitutum
3759 2601 3866 2648 est:

2297 2692 2424 2762 quia
2454 2698 2582 2746 tunc
2615 2689 2861 2744 volumus
2893 2688 3089 2743 missos
3131 2695 3349 2742 nostros
3383 2687 3544 2741 huius
3587 2687 3663 2741 rei
3709 2685 3874 2757 gratia

2299 2781 2530 2851 dirigere
2556 2793 2653 2849 per
2682 2778 2920 2848 singulos
2941 2777 3375 2847 comitatus,'qui
3399 2777 3672 2847 diligenter
3695 2776 3875 2845 inqui-

2297 2880 2436 2936 rant,
2476 2871 2710 2942 qualiter
2753 2871 2979 2926 comites
3013 2871 3068 2924 in
3096 2871 3197 2926 hoc
3241 2869 3535 2924 iussionem
3565 2876 3804 2923 nostram
3833 2868 3877 2898 “

2297 2963 2589 3033 adimplere
2624 2961 2969 3017 certaverint.
3010 2960 3076 3014 Et
3103 2961 3428 3031 quicumque
3451 2959 3735 3029 neglegens
3759 2958 3876 3012 inde

2303 3057 2554 3112 inventus
2589 3055 2770 3120 fuerit,
2806 3055 3055 3110 volumus
3089 3062 3150 3108 ut
3195 3061 3317 3108 ante
3362 3060 3606 3107 nostram
3637 3066 3874 3120 praesen-

2305 3149 2435 3204 tiam
2466 3147 2786 3220 quantocius
2819 3145 3004 3201 venire
3027 3145 3292 3210 iubeatur,
3321 3152 3377 3200 et
3408 3143 3453 3174 ⁸²
3490 3143 3748 3197 rationem
3769 3141 3875 3196 red-

2304 3241 2416 3305 dat,
2456 3247 2637 3295 utrum
2670 3238 2773 3294 hoc
2808 3239 2974 3306 ‘quod
3007 3235 3262 3290 iussimus
3305 3233 3486 3288 facere
3515 3232 3748 3288 noluerit
3793 3239 3872 3284 aut

2303 3348 2409 3387 non
2437 3330 2670 3400 potuerit
2695 3346 2708 3396 ;
2747 3336 2838 3384 aut
2864 3328 2910 3384 si
2941 3327 2987 3358 ³⁸
3018 3327 3198 3395 aliqua
3232 3341 3292 3381 re
3323 3325 3710 3394 praepediente
3735 3322 3783 3376 id
3803 3320 3874 3374 fa-

2304 3438 2426 3478 cere
2458 3437 2563 3476 non
2599 3420 2778 3490 potuit
2801 3417 2847 3450 ³⁸
2884 3460 2900 3485 ,
2937 3433 3034 3473 cur
3064 3417 3220 3471 nobis
3259 3416 3430 3484 ipsam
3462 3414 3509 3444 ³⁸
3540 3410 3871 3483 impossibili-

2305 3520 2468 3568 tatem
2493 3513 2560 3567 ad
2588 3520 2797 3581 tempus
2817 3527 2925 3565 non
2951 3507 3286 3564 adnuntiavit
3310 3524 3324 3572 ;
3364 3506 3490 3575 quia
3518 3505 3564 3560 si
3594 3506 3708 3574 ipse
3732 3503 3772 3534 ³⁸
3794 3510 3872 3556 aut

2304 3624 2412 3662 non
2447 3605 2633 3669 voluit,
2666 3612 2759 3658 aut
2789 3618 2918 3658 suae
2969 3599 3343 3671 neglegentiae
3371 3612 3535 3652 causa
3568 3612 3677 3650 non
3701 3594 3871 3665 potuit,

2305 3716 2404 3756 nos
2434 3699 2593 3753 talem
2645 3695 2886 3751 invenire
2912 3693 3179 3757 volumus,
3209 3691 3300 3761 qui
3339 3689 3443 3744 hoc
3474 3689 3622 3759 quod
3649 3687 3873 3741 iubemus

2305 3805 2520 3846 scrvare
2549 3788 2676 3844 velit
2705 3796 2758 3842 et
2787 3786 2973 3856 possit.
3017 3783 3088 3839 Ut
3120 3791 3302 3837 autem
3337 3781 3506 3835 iussio
3552 3780 3595 3810 ³⁷
3626 3787 3803 3834 nostra
3827 3776 3875 3829 ‘-

2304 3883 2406 3937 hac
2436 3897 2494 3936 re
2523 3880 2684 3936 citius
2733 3878 3035 3948 impleatur,
3085 3874 3334 3929 volumus
3369 3879 3428 3925 ut
3465 3870 3789 3940 quicumque
3817 3864 3876 3918 ab

2305 3973 2394 4028 illa
2420 3974 2508 4029 die
2537 3972 2701 4027 alium
2726 3969 3006 4026 denarium
3041 3964 3351 4037 negotiandi
3382 3977 3548 4017 causa
3586 3959 3873 4030 protulen't.

2305 4081 2336 4120 a
2361 4065 2557 4120 comite
2581 4071 2635 4119 et
2663 4060 2925 4116 ministris
2949 4059 3066 4114 eius
3096 4055 3374 4113 auferatur
3403 4054 3470 4108 ab
3504 4067 3594 4107 eo.

2379 4178 2464 4232 19.
2506 4175 2583 4230 De
2628 4175 2835 4228 iniustis
2861 4170 3132 4226 theloneis.
3175 4167 3440 4222 Similiter
3469 4176 3694 4233 quoque
3720 4162 3784 4216 de
3804 4160 3882 4214 in-

2306 4269 2464 4324 iustis
2498 4264 2780 4328 theloneis,
2809 4263 2873 4318 de
2907 4261 3104 4330 quibus
3143 4257 3376 4329 qualiter
3419 4256 3490 4310 ab
3513 4255 3770 4308 omnibus
3791 4252 3882 4307 ob-

2305 4357 2628 4413 servandum
2661 4360 2824 4419 esset,
2853 4359 2907 4407 et
2952 4350 3203 4420 capitulis
3236 4346 3641 4410 constituimus,
3691 4351 3748 4398 et
3774 4355 3883 4398 ere-

623 4449 774 4498 tores
802 4456 982 4496 rerum
1027 4459 1244 4499 suarum
1288 4447 1356 4502 de
1384 4448 1468 4504 his
1503 4449 1808 4519 specialiter
1846 4451 2076 4506 instruat
2131 4453 2198 4516 ",
2235 4469 2281 4529 ι)
2306 4449 2571 4506 berrimas
2600 4445 2991 4502 admonitiones
3038 4441 3285 4506 fecimus,
3317 4438 3584 4510 praedicti
3618 4435 3776 4491 missi
3802 4449 3887 4487 no-

626 4542 684 4593 ut
714 4536 1155 4606 quandocumque
1202 4548 1256 4592 et
1280 4541 1649 4612 undecumque
1676 4542 1873 4614 legatio
1901 4543 2198 4610 advenerit,

625 4639 679 4688 et
712 4640 804 4685 aut
847 4631 1054 4690 litteras
1111 4643 1204 4689 aut
1250 4636 1472 4691 missum
1499 4637 1752 4703 viderint,
1781 4636 2076 4692 honoriﬁce
2137 4635 2202 4690 il-

626 4727 728 4782 lam
743 4729 787 4759 "
804 4729 856 4783 in
880 4731 1028 4786 omni
1042 4732 1161 4788 loco
1186 4731 1398 4801 imperii
1417 4730 1608 4796 nostri,
1632 4737 1854 4800 propter
1876 4736 2124 4784 nostrum
2149 4736 2205 4784 et

628 4822 790 4879 totius
819 4826 968 4897 regni
1001 4826 1280 4889 honorem,
1313 4839 1500 4880 omnes
1529 4822 1802 4892 suscipere
1827 4821 2042 4876 valeant
2075 4820 2143 4875 ".

697 4918 782 4972 17.
823 4918 900 4973 De
933 4917 1060 4972 locis
1085 4919 1137 4972 in
1160 4916 1346 4989 quibus
1374 4914 1660 4986 legationes
1689 4914 2017 4985 recipiendae
2059 4921 2199 4968 sunt.

2303 4545 2402 4599 stri
2429 4542 2674 4597 volumus
2694 4548 2753 4595 ut
2775 4537 3175 4608 inquisitionem
3201 4532 3417 4595 faciant,
3434 4547 3467 4586 a
3489 4530 3690 4600 quibus
3713 4533 3886 4582 nostra

2303 4636 2467 4690 iussio
2489 4635 2543 4688 in
2567 4634 2669 4687 hoc
2688 4629 2993 4698 adimpleta,
3013 4643 3043 4680 a
3064 4627 3260 4696 quibus
3279 4638 3495 4694 quoque
3520 4622 3594 4676 sit
3616 4619 3884 4691 neglecta;

2303 4734 2358 4782 et
2380 4739 2504 4780 eum
2525 4723 2615 4793 qui
2639 4720 2860 4790 implere
2895 4717 3128 4788 neglexit
3155 4723 3248 4770 aut
3282 4713 3517 4780 distulit,
3553 4714 3624 4768 ad
3652 4718 3888 4765 nostram

2304 4817 2553 4872 volumus
2589 4822 2647 4869 ut
2677 4812 2857 4868 veniat
2887 4811 3064 4865 iussus
3116 4805 3503 4877 praesentiam,
3539 4811 3604 4858 ut
3653 4802 3769 4856 cito
3810 4813 3891 4852 ra-

2276 4911 2507 4966 "tionem
2536 4909 2602 4965 de
2626 4907 2730 4972 his,
2775 4905 2915 4960 sicut
2945 4901 3193 4974 superius
3221 4899 3475 4964 diximus,
3506 4895 3702 4950 reddat
3727 4910 3743 4960 ;
3770 4900 3824 4946 et
3849 4887 3891 4943 si

1860 5073 2253 5131 VARIANTES
2275 5069 2676 5129 LECTIONES.

701 5225 718 5255 ¹
749 5235 990 5278 marcam
1016 5219 1101 5273 1⁸.

630 5377 750 5418 mus
772 5363 827 5416 5.
899 5361 920 5393 "
949 5353 1084 5416 cfn.
1115 5375 1160 5414 s.
1187 5358 1372 5412 desunt
1403 5354 1468 5410 G.
1543 5355 1566 5386 ⁸
1587 5369 1709 5409 eum
1732 5353 1796 5407 Β.

665 5431 797 5486 itula
823 5430 990 5485 addit.
1089 5429 1133 5460 ¹¹
1161 5429 1301 5482 deest
1326 5429 1381 5482 5.
1410 5425 1476 5480 G.

649 5512 722 5555 iet
742 5501 796 5555 5.
892 5501 935 5531 ³⁸
957 5500 1094 5554 deest
1119 5500 1201 5553 1⁸.
1228 5498 1285 5551 4.

636 5572 678 5604 ιθ
706 5578 1013 5640 praesumat
1039 5570 1091 5622 1.

635 5638 895 5697 sicnatica
935 5638 1000 5694 G.

635 5714 678 5744 ³³
715 5721 953 5768 nostram
996 5710 1126 5764 iuss.
1167 5710 1250 5762 1⁸.
1299 5708 1362 5760 Β.

635 5782 975 5842 ωδθθδῶ.
1053 5779 1097 5815 δ’
1128 5785 1182 5836 et
1214 5777 1410 5836 ἱ.1.4.

1097 5640 1144 5673 "
1167 5639 1230 5701 in,
1265 5639 1368 5692 hoc
1392 5636 1458 5691 B.
1567 5637 1612 5668 ’⁷
1645 5635 1932 5690 adhibeant
1957 5632 2011 5685 5.

1200 5217 1223 5249 ³
1245 5213 1615 5291 cognoscat}.
1927 5226 1980 5291 q.
2010 5210 2062 5264 in
2091 5210 2147 5265 h.
2173 5224 2229 5279 p.
2263 5207 2482 5291 (reliqua
2505 5200 2804 5291 desuutlB‘.

628 5294 683 5347 5.
714 5275 848 5345 Bell.
873 5275 974 5344 Tit.
1000 5287 1242 5359 pluuium
1264 5275 1342 5341 ΒΪ
1356 5285 1497 5340 Pith.
1527 5285 1653 5339 Par.
1680 5284 1795 5337 Div.
1823 5275 2061 5352 pluvium
2103 5275 2240 5334 corr.
2272 5275 2502 5349 'plivium
2527 5275 2676 5329 Rem.
2701 5287 2800 5342 pec

630 5377 746 5384 ____-
772 5363 803 5384 -ι
899 5361 920 5384 σι
953 5377 977 5384 ,.
1030 5376 1060 5384 ..
1115 5375 1138 5384 ,.
1192 5358 1372 5384 λ--.....
1403 5354 1445 5384 ιτ
1543 5355 1566 5384 ι
1588 5369 1708 5384 mm.
1740 5353 1777 5384 ι.»
1891 5353 1912 5384 ο
1937 5359 2170 5384 ...ωηατ-τ
2198 5349 2241 5384 (1
2369 5349 2414 5380 to
2437 5354 2591 5384 ειηίρει
2630 5344 2710 5384 μ’-
2792 5343 2800 5372 ¹

1587 5369 1709 5409 eum
1732 5353 1796 5407 Β.
1824 5349 1842 5352 ’
1891 5353 1912 5384 ⁹
1937 5359 2170 5406 vestram
2198 5349 2264 5404 ϐ.
2369 5349 2414 5380 ¹⁶
2436 5354 2594 5400 antea
2630 5349 2712 5396 1⁸.
2792 5349 2832 5372 ιι
2862 5349 3176 5393 remaneant
3205 5349 3258 5391 5.
3279 5365 3351 5374 ——

1577 5425 1620 5456 "
1640 5439 1804 5494 parva
1829 5422 2054 5478 reddare
2081 5438 2136 5474 n.
2173 5421 2255 5494 1⁸.
2278 5432 2442 5488 parva
2468 5414 2623 5494 redos
2728 5408 3022 5494 parvareda
3140 5477 3170 5494 η
3210 5407 3266 5494 ιζ
3281 5402 3354 5494 fui

1397 5474 1446 5528 ’ἶ
1462 5474 1804 5553 έθηαῶἶῖήῖ
1823 5474 2318 5552 ...ῖῖὴὲῐνιιχεγὶηῇ
2348 5527 2362 5540 .
2391 5527 2404 5540 .
2435 5525 2448 5538 .
2467 5474 2887 5553 constrinxerint
2930 5476 3108 5553 _etc.M4.
3139 5477 3193 5530 6.
3220 5474 3286 5529 Β.

2913 5198 2936 5231 ⁸
2960 5196 3090 5290 ιιῑλξ.
3117 5193 3171 5249 4.
3205 5267 3216 5279 .
3251 5195 3271 5227 ⁵
3294 5193 3532 5290 plenium
3556 5192 3643 5272 1⁸.
3665 5189 3896 5290 plipium

2369 5276 2502 5332 vium
2527 5276 2676 5329 Rem.
2701 5276 2970 5342 peculium
3002 5276 3076 5320 Ν.
3103 5276 3403 5336 periculum
3433 5276 3642 5332 reliqui.
3747 5276 3768 5290 '
3792 5276 3900 5328 pn-

2369 5349 2414 5380 ¹⁶
2436 5354 2594 5400 antea
2630 5344 2712 5396 1⁸.
2792 5342 2832 5372 ¹¹
2862 5344 3176 5393 remaneant
3205 5338 3258 5391 5.
3279 5365 3351 5374 ——
3375 5332 3478 5386 Hic
3501 5331 3539 5386 2
3559 5342 3899 5401 quatuorra.‘

3210 5407 3254 5436 νο
3281 5402 3466 5457 furtim
3500 5403 3550 5455 1.
3572 5399 3651 5453 Β.
3737 5400 3781 5430 ¹³
3807 5399 3899 5452 ha-

3224 5474 3286 5522 B.
3312 5473 3379 5522 G.
3481 5472 3524 5502 ²
3552 5470 3696 5522 deest
3731 5469 3817 5522 1⁸.
3846 5468 3899 5520 ’.5.

3510 5486 3524 5502 ³
3552 5486 3696 5524 (ιε-εει
3731 5486 3817 5522 ‘1".
3847 5487 3900 5520 ε).

2800 5269 2970 5325 ulium
3002 5268 3076 5320 N.
3103 5262 3642 5336 periculumfeliqui.

1167 5539 1216 5601 ’λ
1229 5539 1384 5623 vobis
1405 5539 2530 5620 5.~v;;“voitiinu-s—3.'iiTCT—E—iiistruant
2554 5553 2607 5607 ι.
2673 5553 2718 5623 ff
2745 5550 2896 5623 illum
2917 5547 2971 5602 4.
2999 5547 3076 5623 ,⁸⁸
3104 5561 3211 5599 non
3237 5539 3613 5623 neglegant
3657 5540 3726 5623 ’τ’
3755 5552 3905 5623 mag—

2104 5631 2150 5661 ²⁸
2177 5630 2459 5683 admonete
2484 5625 2567 5676 1⁸.

1440 5680 1488 5738 δ’
1508 5680 2011 5762 ut
2074 5699 2118 5732 ³⁸
2142 5680 2280 5755 deest
2307 5680 2366 5753 1.
2394 5696 2446 5751 4.
2476 5692 2544 5750 G.
2618 5691 2664 5725 ”
2696 5689 2951 5762 potuerit.
2989 5694 3082 5743 aut
3106 5701 3155 5741 ο.
3187 5683 3254 5740 G.
3330 5683 3377 5715 ³⁸
3423 5681 3564 5737 deest
3603 5680 3686 5734 1⁸.

3542 5610 3587 5641 ⁸⁸
3624 5608 3811 5679 aliqua
3838 5605 3903 5658 Β.

3542 5687 3564 5733 ςι
3603 5680 3686 5734 1⁸.
3767 5675 3818 5709 ³⁸
3847 5689 3903 5746 q.

2675 5621 2719 5652 ³⁸
2745 5621 2846 5674 hac
2883 5617 3120 5673 iussione
3151 5623 3338 5669 nostra
3377 5614 3428 5666 1.
