3992 6344
122 295 244 356 5M

721 294 952 358 conm
988 267 1508 357 umom'ncus.
1533 324 1605 344 -ο-
1621 293 1732 355 ω

1839 292 1936 352 UL.
1971 294 2063 354 AB
2096 294 2436 359 ANSEGISO
2471 294 2852 367 COLLEC‘TA,

3325 301 3434 359 “3

123 412 436 485 culpabilis
463 410 715 468 inventus
747 410 931 479 fuerit,
959 414 1179 485 dignam
1222 415 1619 472 correctionem
1647 429 1740 472 ac—
1769 420 1814 473 Α
1841 427 1902 469 se
1941 413 2198 481 correxit,
2239 413 2489 471 volumus
2512 429 2610 484 per
2640 413 2873 470 eundem
2913 409 3176 470 comitem
3193 406 3314 471 eius
3339 433 3433 472 ne-

126 513 335 582 cipiat,
372 517 436 568 ut
467 509 664 566 ceteris
692 511 1102 582 neglegentibus
1149 512 1456 583 exemplum
1513 514 1740 570 terroris

122 610 432 674 praebeat.

213 714 309 769 ω.
355 711 435 768 De
461 713 704 784 pontibus
729 712 817 767 ubi
843 712 1132 785 antiquitus
1157 710 1369 783 fuerunt
1397 715 1736 770 renovandis.

129 804 216 860 Ut
247 805 346 859 ubi
378 813 573 875 pontes
595 804 896 875 antiquitus
921 803 1154 870 fuerunt,
1183 813 1238 860 et
1265 806 1319 860 in
1354 805 1441 862 his
1464 807 1616 873 locis,
1644 808 1738 865 ubi

128 905 394 967 tempore
451 896 713 969 genitoris
745 898 918 953 nostri
965 898 1082 968 ipso
1135 899 1352 955 iubente
1409 902 1740 957 diversarum

128 990 534 1043 necessitatum
567 1004 730 1044 causa
759 987 888 1045 facti
915 989 954 1054 ¹,
981 990 1204 1046 omnino
1235 991 1438 1061 absque
1463 992 1568 1047 ulla
1601 993 1740 1047 dila-

130 1081 292 1135 tione
314 1080 387 1135 ab
417 1080 504 1136 his
532 1080 624 1150 qui
655 1095 749 1135 eos
788 1088 914 1136 tunc
939 1081 959 1110 ³
991 1079 1256 1147 fecerunt,
1297 1084 1654 1137 restituantur
1685 1091 1740 1138 et

131 1182 498 1237 renoventur,
528 1174 601 1228 ita
636 1181 695 1227 ut
721 1171 788 1227 ad
816 1172 1036 1228 missam
1061 1174 1232 1228 sancti
1253 1173 1499 1230 Andreae
1525 1183 1738 1230 restau-

131 1266 246 1318 rati
281 1263 460 1328 ﬁant;
491 1262 594 1316 nisi
627 1260 766 1316 forte
807 1270 899 1317 aut
935 1261 1051 1332 ipsa
1104 1263 1283 1332 operis
1312 1265 1622 1335 magnitudo
1645 1274 1739 1320 aut

133 1369 410 1426 aquarum
439 1355 493 1408 in
517 1354 760 1424 quolibet
779 1353 800 1385 ³
824 1353 1105 1409 inundatio
1119 1353 1221 1410 hoc
1241 1355 1544 1425 prohibeat.
1561 1357 1738 1414 Aliter

131 1463 270 1504 vero
328 1447 510 1503 nullus
558 1447 798 1518 qualibet
851 1445 1137 1503 occasione
1184 1447 1288 1503 hoc
1337 1449 1617 1520 neglegere
1647 1458 1740 1504 aut

136 1541 362 1596 dill'erre
385 1549 715 1611 praesumat,
749 1539 880 1610 quin
903 1540 970 1596 ad
991 1542 1328 1611 praedictum
1356 1550 1566 1612 tempus
1597 1559 1740 1599 com-

134 1634 350 1704 pletum
383 1633 500 1687 tiat.
542 1632 609 1687 Et
637 1633 788 1688 missi
814 1633 1008 1700 nostri,
1046 1649 1276 1704 quorum
1305 1635 1554 1703 superius
1585 1650 1739 1690 men-

138 1727 347 1781 tionem
400 1722 654 1791 fecimus,
694 1722 952 1781 .volumus
977 1732 1040 1779 ut
1069 1724 1400 1791 renuntient,
1453 1725 1510 1780 in
1539 1725 1736 1795 quibus

1841 502 2107 574 glegentia
2131 503 2200 559 ad
2229 515 2468 559 nostram
2510 503 2757 559 notitiam
2798 502 3122 576 perferatur,
3149 513 3209 560 ut
3245 517 3431 563 nostra

1840 595 2184 661 auctoritate,
2211 596 2352 666 quod
2371 596 2429 651 in
2453 597 2496 628 "
2517 606 2702 653 nostro
2727 596 3012 669 eapitulari
3032 599 3339 655 continetur
3365 600 3430 669 “,

1841 689 2023 745 subire
2045 697 2291 760 cogatur.

1909 803 2002 859 24.
2041 803 2120 858 De
2152 803 2396 876 capitulis
2419 821 2452 858 a
2474 803 2788 859 cancellario
2809 804 2997 877 palatii
3017 805 3082 863 ab
3111 807 3156 840 “
3173 809 3434 882 archiepi—

1840 897 2008 968 sc0pis
2051 905 2098 950 et
2134 896 2408 950 comitibus
2453 895 2787 967 accipiendis.
2832 897 3096 953 Volumus
3140 899 3326 965 etiam,
3371 911 3432 957 ut

1841 986 2073 1057 capitula
2103 999 2241 1056 quae
2262 1000 2406 1041 nunc
2427 993 2481 1040 et
2509 985 2616 1040 alio
2649 994 2891 1056 tempore
2914 988 3162 1043 consultu
3188 988 3430 1046 lidclium

1839 1088 2148 1136 nostrorum
2177 1094 2208 1134 a
2239 1079 2395 1135 nobis
2419 1079 2711 1135 constituta
2735 1088 2879 1145 sunt,
2923 1095 2954 1134 a
2983 1081 3305 1137 caneellario
3333 1099 3432 1137 no-

1839 1182 1954 1229 stro
1975 1173 2361 1244 archiepiscopi
2386 1182 2438 1228 et
2457 1173 2683 1228 comites
2703 1188 2888 1228 eorum
2911 1176 2976 1229 de
2995 1176 3226 1246 propriis
3247 1177 3432 1232 civita-

1839 1264 1984 1319 tibus
2014 1264 2174 1319 modo
2208 1271 2298 1318 aut
2320 1278 2418 1334 per
2437 1279 2494 1318 sc
2515 1271 2608 1317 aut
2635 1278 2733 1334 per
2766 1279 2894 1322 suos
2922 1265 3117 1320 missos
3139 1267 3427 1337 accipiant,

1838 1365 1894 1414 et
1922 1358 1964 1390 "
1994 1358 2366 1428 unusquisque
2397 1371 2496 1428 per
2526 1372 2679 1412 suam
2705 1357 2963 1413 diocesim
2989 1359 3186 1414 ceteris
3222 1359 3434 1430 episeo-

1837 1451 1941 1524 pis,
1972 1451 2274 1515 abbatibus,
2303 1451 2609 1514 comitibus,
2638 1457 2693 1506 et
2724 1451 2770 1482 ⁸⁸
2799 1450 2921 1506 aliis
2955 1440 3209 1506 ﬁdelibus
3232 1453 3433 1509 nostris

1839 1558 1901 1598 ea
1928 1541 2213 1597 transcribi
2267 1541 2468 1597 faciant
2493 1550 2548 1598 et
2589 1543 2641 1597 in
2692 1543 2806 1598 suis
2853 1543 3200 1598 comitatibus
3248 1560 3432 1600 coram

1839 1632 2088 1686 omnibus
2121 1631 2163 1663 "
2195 1631 2460 1704 relegant,
2509 1641 2570 1687 ut
2611 1633 2823 1689 cunctis
2851 1643 3037 1688 nostra
3082 1633 3353 1689 ordinatio
3379 1643 3436 1690 et

1839 1721 2091 1778 voluntas
2114 1732 2242 1778 nota
2267 1722 2383 1780 ﬁeri
2410 1723 2601 1794 possit.
2643 1724 3010 1781 Cancellarius
3039 1733 3220 1780 tamen
3248 1735 3437 1782 noster

138 1819 270 1874 locis
306 1824 498 1873 nostra
549 1818 718 1872 iussio
745 1815 984 1887 impleta,
1028 1817 1083 1872 in
1114 1817 1309 1887 quibus
1334 1818 1579 1889 neglecta
1625 1827 1728 1884 est,
1762 1785 1811 1849 Β
1838 1813 2057 1868 nomina
2081 1813 2457 1884 episcoporum
2499 1821 2554 1870 et
2579 1815 2836 1870 comitum
2863 1814 2954 1886 qui
2988 1830 3050 1870 ea
3073 1815 3320 1884 accipere
3343 1831 3437 1869 eu-

136 1920 228 1967 aut
275 1911 465 1981 aliqua
508 1909 943 1981 impossibilitate
969 1909 1053 1966 vel
1081 1917 1227 1966 certa
1267 1910 1475 1966 ratione
1512 1911 1694 1967 dilata.

198 2004 295 2058 2|.
341 2001 423 2056 De
475 2002 629 2057 nonis
661 2001 685 2032 ⁸
723 2010 772 2056 et
806 2001 1044 2056 decimis.
1080 2001 1158 2060 De
1195 2001 1354 2058 nonis
1382 2001 1407 2034 ³
1432 2003 1650 2073 quidem
1679 2011 1734 2058 ct

137 2094 389 2160 decimis,
432 2093 576 2149 unde
600 2102 656 2149 et
689 2093 904 2165 genitor
923 2101 1111 2152 noster
1131 2101 1186 2149 et
1218 2110 1318 2150 uos
1342 2092 1655 2164 frequenter
1677 2104 1734 2151 et

135 2191 189 2245 in
213 2188 452 2245 diversis
478 2185 694 2258 placitis
724 2185 1146 2252 admonitionem
1169 2184 1414 2255 fecimus,
1443 2195 1498 2244 et
1523 2202 1622 2258 per
1644 2202 1734 2243 ca-

136 2281 392 2352 pitularia
435 2288 622 2335 nostra
648 2277 883 2350 qualiter
911 2278 1048 2335 haec
1077 2281 1432 2336 observentur
1455 2280 1732 2336 ordinavi-

135 2389 278 2440 mus,
315 2372 564 2428 volumus
613 2379 774 2441 atque
818 2369 1085 2439 iubemus,
1118 2379 1179 2427 ut
1212 2371 1282 2429 de
1303 2373 1450 2428 omni
1477 2373 1734 2429 conlabo-

133 2475 255 2520 ratu
283 2463 307 2495 ‘
336 2471 393 2519 et
444 2462 512 2518 de
542 2461 670 2517 vino
713 2470 768 2517 et
805 2459 965 2517 foeno
988 2463 1010 2496 τ
1057 2462 1288 2518 ﬁdeliter
1324 2471 1379 2519 et
1403 2463 1639 2534 pleniter
1665 2464 1733 2520 ab

135 2555 395 2612 omnibus
443 2568 588 2609 nona
627 2553 647 2585 '
683 2566 739 2609 et
785 2553 992 2609 decima
1023 2555 1383 2624 persolvatur.
1423 2556 1500 2613 De
1551 2557 1732 2614 nutri-

133 2649 281 2703 mine
327 2646 352 2678 ’
387 2661 519 2701 vero
577 2660 676 2716 pro
705 2645 934 2711 decima,
965 2647 1105 2702 sicut
1139 2655 1366 2703 actenus
1400 2647 1732 2705 consuetudo

132 2737 256 2802 fuit,
282 2736 352 2792 ab
378 2737 630 2791 omnibus
669 2735 1007 2792 observetur.
1049 2735 1106 2790 Si
1151 2738 1273 2808 quis
1303 2738 1484 2793 tamen
1518 2739 1731 2809 episco-

129 2844 338 2900 porum
362 2827 526 2883 fuerit
549 2826 639 2897 qui
663 2835 947 2896 argentum
973 2841 1074 2897 pro
1097 2827 1202 2884 hoc
1225 2829 1470 2899 accipere
1494 2829 1645 2895 velit,
1675 2830 1730 2885 in

133 2939 245 2978 sua
289 2929 510 2976 maneat
553 2928 831 2991 potestate,
861 2921 1012 2975 iuxta
1055 2921 1198 2996 quod
1223 2921 1274 2983 ei
1315 2929 1372 2980 et
1404 2922 1482 2981 illi
1503 2923 1594 2997 qui
1629 2922 1734 2985 hoc

137 3009 463 3082 persolvere
489 3009 642 3064 debet
669 3008 998 3066 convenerit.

1836 1905 2099 1964 raverint.
2128 1914 2281 1961 notet
2330 1906 2398 1972 ³⁸,
2434 1914 2490 1962 et
2513 1921 2577 1962 ca
2603 1908 2670 1962 ad
2698 1915 2938 1962 nostram
2981 1906 3229 1962 notitiam
3258 1906 3438 1979 perfe-

1835 2006 1943 2064 rat,
1983 2006 2043 2053 ut
2067 1998 2248 2054 nullus
2285 1999 2389 2056 hoc
2428 2000 2864 2070 praetermittere
2904 2012 3235 2072 praesumat.
3281 2001 3436 2057 Vassi

1835 2103 2050 2160 quoque
2077 2097 2134 2146 et
2155 2089 2376 2158 yassalli
2407 2089 2452 2122 ¹¹
2486 2090 2658 2146 nostri
2708 2091 2864 2146 nobis
2915 2089 3242 2147 famulantes
3273 2092 3433 2146 volu-

1835 2195 1958 2235 mus
2001 2189 2063 2236 ut
2117 2181 2445 2252 condignum
2475 2181 2617 2252 apud
2665 2197 2857 2238 onmes
2880 2181 3118 2238 habeant
3145 2183 3433 2248 honorem,

1833 2273 1976 2329 sicut
1996 2287 2029 2330 a
2060 2273 2305 2348 genitore
2329 2281 2518 2330 nostro
2543 2281 2599 2329 et
2623 2288 2655 2328 a
2695 2273 2854 2329 nobis
2898 2286 3060 2344 saepe
3089 2271 3431 2329 admonitum

1833 2373 1918 2424 est
1945 2366 2015 2421 “.

1904 2478 1998 2534 25.
2038 2478 2116 2535 De
2139 2479 2435 2534 nominibus
2465 2478 2722 2547 locorum,
2751 2479 2808 2534 in
2843 2477 3032 2552 quibus
3075 2478 3224 2534 missi
3263 2476 3438 2534 donti-

1834 2575 1938 2629 nici
1973 2572 2230 2645 legatione
2276 2573 2590 2646 funguntur.
2631 2573 2689 2629 In
2713 2556 2717 2561 ’
2743 2573 3005 2630 Vesuntio
3065 2573 3113 2606 ”
3137 2615 3153 2640 ,
3178 2589 3318 2645 quae
3350 2581 3436 2628 est

1832 2665 2067 2723 diocesis
2117 2665 2371 2721 Bernuini
2416 2665 2464 2696 "
2519 2665 2935 2736 archiepiscopi,
2984 2663 3270 2720 Ilciminus
3318 2663 3436 2733 epi-

1832 2774 2028 2830 scopus
2068 2766 2122 2815 et
2170 2756 2523 2830 Mouogoldus
2567 2757 2615 2788 "
2663 2773 2865 2814 comes.
2927 2756 2985 2812 In
3043 2755 3315 2828 Mogontia
3366 2754 3436 2822 ³⁸,

1833 2863 1974 2920 quae
1996 2857 2081 2905 est
2102 2847 2336 2904 diocesis
2357 2847 2603 2904 l-leistulﬂ
2643 2847 3056 2918 archiepiscopi,
3103 2847 3246 2902 idem
3283 2845 3438 2902 Heis-

1833 2941 1998 2998 tullus
2022 2942 2308 3013 episcopus
2342 2949 2398 2997 et
2419 2940 2764 2997 Ruodbertus
2806 2942 2850 2972 ’τ
2871 2956 3075 2997 comes.
3102 2939 3162 2997 ln
3182 2941 3437 2997 Treveris

1832 3032 1981 3089 Hetti
2021 3033 2066 3066 ’⁸
2125 3032 2565 3103 archiepiscopus
2599 3041 2654 3088 et
2699 3030 3026 3088 Adalbertus
3059 3047 3263 3088 comes.
3305 3031 3364 3087 ln
3387 3031 3434 3062 ²⁹

204 3126 300 3180 22.
366 3124 450 3181 De
495 3123 727 3196 operibus
773 3125 833 3179 in
881 3126 1318 3181 restaurationem
1393 3124 1728 3183 ecclesiarum
1757 3146 1804 3212 ρ
1835 3122 2056 3180 Colonia
2103 3122 2449 3180 Hadaboldus
2475 3122 2520 3154 ’°
2560 3122 2998 3193 archiepiscopus
3040 3130 3095 3179 et
3120 3123 3434 3179 Eemundus

130 3213 504 3287 adimplendis.
539 3213 801 3271 Similiter
825 3215 1044 3287 quidem
1073 3218 1139 3271 de
1158 3218 1415 3288 operibus
1439 3219 1494 3274 in
1521 3227 1728 3275 restau-

131 3307 405 3364 rationem
441 3306 486 3338 ¹⁰
514 3307 868 3364 ecclesiarum
892 3309 1006 3364 sive
1040 3308 1095 3362 in
1122 3307 1388 3376 faciendo,
1416 3311 1528 3366 sive
1552 3313 1608 3366 in
1639 3328 1729 3368 re-

131 3399 408 3466 dimendo,
432 3400 752 3472 episcopalis
771 3402 952 3472 potius
975 3410 1235 3473 sequatur
1256 3404 1527 3461 voluntas.
1555 3405 1730 3461 Nulla-

131 3501 289 3548 tenus
337 3501 526 3549 tamen
569 3500 866 3559 remaneat,
919 3495 1072 3566 quin,
1099 3495 1241 3551 sicut
1297 3496 1507 3552 anobis
1566 3511 1729 3569 saepe

129 3582 341 3637 iussum
376 3590 482 3649 est,
514 3582 618 3638 hoc
646 3591 739 3638 aut
783 3583 913 3645 illud
952 3584 1199 3655 partibus
1217 3585 1573 3643 ecclesiarum
1607 3603 1731 3660 per-

130 3673 394 3739 solvatur.
424 3674 493 3730 Et
519 3674 624 3731 hoc
645 3676 895 3731 omnibus
915 3684 1103 3731 notum
1133 3676 1222 3744 sit,
1248 3679 1375 3748 quia
1400 3679 1730 3751 quicumque

129 3765 488 3836 neglegenter
519 3766 715 3822 exinde
735 3767 929 3837 egerit,
959 3775 1014 3823 et
1034 3783 1218 3824 coram
1242 3769 1398 3825 nobis
1417 3772 1612 3828 exinde
1637 3788 1729 3831 ne-

131 3856 351 3928 glegens
387 3867 637 3927 repertus
685 3857 868 3923 fuerit,
907 3859 1041 3914 illud
1091 3861 1339 3919 volumus
1379 3865 1622 3932 omnino,
1668 3875 1728 3922 ut

129 3949 322 4003 subeat
349 3949 497 4018 quod
529 3950 584 4003 in
613 3958 800 4005 nostro
826 3951 1109 4020 capitulari
1136 3952 1203 4009 de
1225 3953 1327 4008 hac
1351 3969 1413 4011 re
1453 3957 1726 4016 communi

130 4040 382 4095 consultu
413 4039 653 4096 ﬁdelium
678 4050 986 4099 nostrorum
1018 4042 1406 4103 ordinavimus.

194 4132 292 4186 23.
333 4131 416 4185 De
449 4132 746 4200 comitibus,
813 4143 870 4188 ut
899 4135 941 4166 “
977 4135 1233 4193 ministris
1266 4132 1515 4197 ecclesiae
1538 4137 1593 4200 in
1616 4143 1728 4201 suis

131 4223 440 4277 ministeriis
464 4223 729 4279 adnueres
755 4225 880 4280 sint.
921 4224 1159 4283 Comites
1188 4243 1316 4285 vero
1358 4232 1622 4290 ministris
1641 4250 1729 4292 ec-

133 4318 332 4374 clesiae
357 4319 415 4374 in
460 4320 502 4350 "
527 4335 714 4376 eorum
761 4321 804 4352 "
839 4321 1176 4391 ministeriis,
1223 4333 1283 4380 ut
1306 4325 1411 4382 hoc
1439 4328 1651 4398 plenius
1674 4341 1730 4387 ct

133 4407 198 4462 de
222 4409 432 4464 nostris
456 4418 511 4464 et
531 4410 596 4467 de
619 4426 678 4466 se
698 4412 840 4468 etde
861 4413 974 4468 suis
1002 4414 1311 4472 hominibus
1332 4419 1577 4490 optinere
1603 4435 1724 4493 pos-

1835 3217 1879 3249 “
1910 3230 2114 3274 comes.
2154 3214 2214 3272 In
2237 3214 2424 3271 Remis
2471 3215 2586 3271 Eho
2612 3214 2658 3246 ³⁸
2717 3215 3178 3285 archiepiscopus,
3215 3212 3435 3285 quando

1834 3307 2111 3378 potuerit;
2165 3314 2219 3362 et
2262 3305 2479 3376 quando
2522 3305 2572 3362 ei
2595 3321 2703 3361 non
2753 3305 2988 3374 licuerit,
3043 3305 3361 3362 lluothadus
3385 3304 3433 3336 ⁸³

1830 3400 2116 3473 episcopus
2155 3398 2274 3452 eius
2298 3398 2416 3453 vice
2461 3405 2518 3452 ct
2568 3397 2918 3456 llruotfridus
2969 3398 3015 3429 “
3068 3413 3251 3455 comes
3299 3398 3431 3464 sint,

1833 3508 1996 3562 super
2018 3507 2113 3548 sex
2137 3490 2391 3546 videlicet
2420 3490 2732 3557 comitatus,
2759 3491 2814 3546 id
2837 3499 2924 3547 est
2974 3489 3182 3557 Remis,
3216 3489 3434 3546 Catolo—

1828 3583 1916 3640 nis
1948 3583 1995 3615 ⁸⁸
2016 3623 2034 3650 ,
2074 3581 2382 3638 Suessiouis
2407 3581 2453 3612 ³⁸
2479 3621 2495 3648 ,
2522 3580 2864 3647 Silvanectis,
2892 3581 3170 3649 Belvacus,
3214 3589 3268 3636 ct
3291 3581 3432 3635 Lau-

1830 3675 2056 3730 dunum.
2098 3673 2274 3744 Super
2320 3680 2552 3742 quatuor
2585 3689 2714 3728 vero
2761 3675 3124 3744 episcopatus,
3169 3673 3263 3743 qui
3287 3671 3332 3704 ³⁷
3363 3671 3433 3728 ad

1829 3765 2059 3825 eandem
2088 3764 2350 3820 diocesim
2389 3765 2684 3835 pertinent,
2711 3763 2766 3821 id
2795 3774 2878 3821 est
2925 3765 3435 3828 Noviomaecnsem,

1826 3856 2270 3924 Ambianenscm,
2308 3857 2708 3914 Tarvanensem
2764 3859 2832 3925 ”.,
2889 3868 2946 3916 et
2979 3858 3027 3890 ”
3074 3857 3434 3914 Camaracen—

1827 3961 1964 4011 sem,
2002 3945 2310 4018 Ragnarius
2339 3947 2386 3977 “
2412 3947 2698 4017 episcopus
2731 3956 2787 4004 et
2815 3948 3176 4020 Berengarius
3223 3960 3436 4004 comes.

1829 4039 2073 4096 Senones
2094 4039 2395 4095 Hieremias
2429 4040 2868 4112 arehiepiscopus
2897 4049 2952 4098 et
2995 4043 3236 4097 Donatus
3263 4041 3308 4072 “
3333 4057 3430 4097 co-

1827 4147 1944 4190 mes
1990 4131 2059 4188 ".
2101 4132 2499 4203 Rothomagum
2527 4132 2572 4164 ”
2610 4133 2950 4189 Willibertus
2983 4133 3030 4165 “
3065 4133 3438 4205 archiepiseo-.

1828 4238 1930 4296 pus
1956 4231 2010 4280 et
2055 4220 2377 4295 lngobertus
2411 4223 2458 4257 “
2492 4239 2695 4281 comes.
2759 4225 3007 4283 Turoncs
3055 4226 3443 4284 Landramnus

1827 4313 2267 4385 archiepiscopus
2300 4324 2356 4372 et
2392 4314 2763 4372 llruodbcrtus
2788 4316 2834 4348 "
2860 4333 3064 4375 comes.
3107 4318 3432 4390 Lugdunum

1827 4405 1898 4475 δ’,
1971 4407 2314 4477 Tarentasla,
2361 4416 2418 4466 et
2439 4409 2648 4466 Vienna
2681 4409 2967 4469 Albericus
3019 4413 3306 4486 episcopus
3341 4414 3388 4446 ⁸⁸
3413 4455 3439 4480 .

131 4502 261 4568 sint,
293 4503 572 4560 adiutores
601 4505 655 4559 in
691 4505 942 4561 omnibus
967 4505 1118 4562 (iant.
1159 4508 1228 4563 Et
1253 4510 1580 4582 quicumque
1623 4517 1736 4586 prio
1764 4500 1818 4565 ἰ)
1840 4509 1895 4559 el
1928 4500 2237 4560 Rihllal'dlls
2267 4501 2315 4535 “
2345 4518 2546 4561 comes-

131 4610 221 4649 ma
245 4601 306 4651 et
351 4596 590 4652 secunda
613 4595 733 4653 vice
767 4595 833 4652 de
857 4595 943 4652 bis
964 4613 996 4653 a
1024 4597 1224 4656 comite
1265 4603 1595 4661 ammonitus
1619 4622 1730 4664 non

1909 4610 2000 4668 96.
2037 4609 2116 4668 De
2137 4612 2627 4668 commemoratione
2668 4612 2739 4668 ad
2785 4611 3095 4685 legationem
3134 4613 3433 4687 praedictos

1369 4737 1763 4801 VARIANTES
1783 4741 2185 4804 LECTIONES.

205 4829 226 4860 ³
262 4825 302 4881 ΐ.
332 4834 460 4882 sunt
480 4825 548 4882 Β.
582 4826 702 4882 Bal.
729 4826 946 4883 luerunt
975 4823 1041 4882 6.
1142 4828 1165 4861 ⁸
1200 4836 1331 4886 tunc
1356 4847 1453 4888 eos
1478 4834 1561 4889 1*.

131 4907 254 4954 rato
288 4899 372 4951 1⁸.
413 4899 466 4953 3.
492 4898 545 4952 6.
572 4898 638 4952 Β.
681 4899 1120 4955 coulahorationc
1146 4899 1212 4954 6.
1287 4904 1306 4934 τ
1333 4902 1515 4958 fenum
1556 4905 1638 4960 l’.

131 4969 470 5024 stauratione
496 4968 550 5022 4.
580 4969 646 5023 Β.
723 4971 765 5001 ¹¹
789 4978 844 5024 et
868 4971 950 5024 1‘.
973 4969 1038 5023 Β.
1164 4972 1205 5002 ¹³
1249 4971 1388 5027 deest
1418 4975 1468 5028 1.
1514 4975 1597 5029 1³⁸.
1625 4973 1691 5032 6.

1656 4835 1678 4868 ³
1700 4852 1754 4906 q.
1770 4836 1890 4892 loco
1915 4833 1968 4892 1.
1998 4835 2120 4892 Bal.

1726 4908 1749 4940 ⁸
1795 4923 2010 4986 annona
2043 4906 2111 4964 6.
2182 4907 2205 4940 ⁹
2225 4911 2564 4986 nutrimento
2690 4911 3107 4986 etgsuprascript.
3137 4909 3191 4964 4.
3240 4913 3430 4986 fare-

1794 4979 1839 5010 ¹⁸
1887 4993 2183 5050 eorumque
2219 4979 2302 5034 l".
2327 4979 2393 5036 6.

2218 4837 2242 4869 ⁸
2273 4838 2504 4894 annonis
2538 4832 2604 4894 6.
2678 4839 2701 4872 ⁸
2723 4839 2954 4896 annonis
2978 4837 3043 4894 6.
3119 4838 3143 4872 ⁸
3167 4841 3431 4896 conlabo-

2500 4981 2543 5012 “
2571 4981 2712 5037 deest
2737 4981 2789 5037 1.
2829 4981 2838 4984 ⁷
2884 4981 2928 5014 ⁸³
2957 4982 3198 5036 continet
3232 4981 3425 5037 PXB.

205 5040 276 5095 ab
306 5041 394 5123 eis
412 5041 478 5123 a_b
501 5040 669 5123 episc.
825 5041 866 5072 "
904 5049 962 5123 ut
999 5040 1114 5123 1‘.“
1161 5041 1346 5123 "ett.
1375 5045 1718 5123 comitatibus
1730 5033 2038 5123 desunt“.
2070 5033 2148 5123 If"
2169 5033 2317 5105 olea
2337 5033 2395 5106 vr.
2427 5051 2479 5105 1.
2505 5033 2815 5123 relegantur
2834 5053 2888 5123 3.
2915 5033 3035 5123 6ξί
3060 5033 3314 5123 (ﬁdem
3339 5033 3427 5107 ᾖ.

135 5111 180 5181 'j
204 5110 397 5181 vasalli
420 5111 474 5181 3.
499 5179 510 5181 _
551 5111 595 5141 ³⁸
617 5120 718 5181 ρει
747 5126 916 5181 usque
945 5113 1054 5166 huc
1083 5110 1135 5164 6.
1213 5113 1258 5144 “
1297 5114 1560 5171 Vesonico
1585 5116 1652 5172 6.
1727 5119 1772 5150 ’⁵
1807 5119 2038 5175 Bernoni
2063 5119 2147 5173 l“.
2172 5137 2238 5174 ea:
2276 5137 2465 5176 rasura
2490 5120 2557 5178 6.
2590 5110 2841 5178 Βῖξηιείηἰ
2867 5122 2921 5176 6.
2999 5122 3046 5154 ³⁸
3071 5122 3436 5181 Manoaoldus

133 5180 202 5263 ρ.
231 5179 682 5263 μοηξεοιιξμξρ.
739 5179 1084 5263 “ﬁngenda
1100 5181 1540 5263 B_._G.A_M:_igo_ntio
1563 5186 1619 5263 4.
1640 5257 1672 5263 _
1695 5186 1740 5221 ³⁷
1761 5187 2053 5263 Botbertus
2076 5189 2159 5263 1⁸.
2183 5191 2237 5246 3.
2253 5189 2332 5263 ρ.
2358 5193 2699 5262 Ruadpertus
2720 5193 2773 5248 6.
2793 5193 3122 5263 Ruatpertus
3143 5193 3198 5247 4.

131 5251 326 5307 bertus
347 5250 416 5305 BZ
492 5251 538 5284 ’³
563 5250 754 5308 Hettus
783 5251 856 5306 ι’.

133 5321 208 5392 1f.
234 5311 679 5392 Hadalpoldns‘.
704 5322 757 5377 6.
865 5322 908 5354 "
948 5318 1220 5392 Heemunt'
1239 5321 1304 5379 6.

131 5547 250 5613 seni
282 5533 395 5613 B._
421 5533 474 5566 ”
491 5541 547 5613 et
573 5532 726 5613 C'am.
770 5534 954 5613 desunt
1138 5533 1211 5613 1⁸-
1232 5534 1535 5613 Rangarius
1561 5541 1634 5595 1⁶.
1652 5538 1731 5613 ᾲ6.
1773 5531 2160 5613 Bagengarius:
2178 5544 2232 5599 3.
2276 5541 2343 5598 6.
2375 5543 2497 5600 Pal.
2530 5545 2642 5601 Sun

129 5604 323 5676 uarius
349 5603 415 5660 Β.
480 5604 546 5676 Α⁸¹
579 5602 832 5676 NatusB.
854 5603 1094 5676 Donatus
1118 5611 1172 5659 et
1191 5602 1506 5676 lngobértus
1527 5611 1751 5668 comites
1771 5612 1825 5667 4.

133 5673 199 5726 ﬂ.
229 5673 320 5728 W.
350 5690 404 5729 a.
453 5674 642 5730 desunt
668 5673 718 5727 1.
738 5673 793 5728 4.
868 5673 918 5705 “
976 5672 1332 5733 Retumactim
1357 5679 1432 5733 1·.
1459 5679 1526 5735 Β.
1576 5681 2007 5739 Buotbomacum
2034 5683 2100 5740 6.

129 5745 404 5835 gobertus
416 5745 504 5835 νζ,
553 5743 977 5835 :‘t‘lilltuoberttis
1003 5744 1072 5798 ι’.
1100 5743 1391 5830 Botbertus
1419 5751 1472 5807 3.
1505 5749 1572 5810 6.
1640 5752 1688 5787 ⁸*
1709 5753 2024 5812 Lucdunum
2059 5755 2113 5812 3.
2130 5750 2206 5835 '4.
2229 5752 2516 5814 Ludunum
2537 5754 2606 5814 6.

112 5812 241 5901 ‘dus'
265 5815 333 5886 1⁸.
373 5816 426 5871 3.
457 5815 522 5871 Β.
551 5813 892 5880 Ribchardus
921 5812 976 5870 4.

3276 5203 3429 5250 ruot-

928 5251 1036 5306 ctdi
1069 5253 1114 5306 l.
1141 5251 1292 5308 ﬂecti
1322 5251 1383 5311 3.
1414 5256 1600 5313 l‘laecti
1629 5257 1695 5312 6.
1772 5260 1817 5291 ⁸⁸
1841 5260 1903 5316 1η
1923 5259 2145 5316 Colonia
2251 5261 2315 5315 Ε.
2347 5251 2532 5318 comes
2559 5264 2746 5320 desunt
2767 5265 2822 5319 3.
2860 5251 2953 5318 Β.’
3002 5263 3050 5295 ³ο
3074 5263 3430 5321 Hadabaldus

948 5318 1220 5377 Heemunl'
1239 5321 1304 5379 6.
1417 5327 1460 5358 ³³
1488 5329 1639 5384 Ebbo
1663 5327 1728 5384 6.
1755 5328 1875 5385 Bal.
1903 5330 2052 5386 Eddo
2077 5332 2131 5386 3.
2231 5331 2277 5363 ³³
2313 5332 2622 5386 liruotadus
2658 5335 2731 5386 l‘.
2780 5333 2846 5386 B.
2881 5332 3260 5386 Hruatehadus
3285 5336 3341 5386 4.
3365 5335 3422 5386 6.

130 5389 474 5461 Brothardus
496 5393 550 5448 3.
582 5391 990 5448 Hruotchardus
1012 5389 1078 5447 6.
1156 5393 1202 5426 ⁸⁵
1220 5393 1564 5454 llruatl‘ridus
1592 5399 1644 5454 6.
1719 5399 1766 5432 ³⁸
1792 5399 2019 5456 Catolon
2039 5401 2088 5455 1.
2120 5400 2382 5459 Catholon
2412 5405 2484 5458 i'.
2507 5389 2731 5461 Catalon
2759 5406 2814 5460 3.
2843 5405 2908 5460 Β.
2931 5403 2998 5460 6.

132 5462 212 5519 1⁶.
235 5464 298 5521 3.
319 5459 387 5518 6.
427 5462 687 5517 Suasonis
711 5463 763 5519 1.
817 5463 1028 5518 Suason
1051 5461 1106 5517 4.
1151 5463 1435 5522 Suasonon
1461 5467 1513 5523 6.
1569 5469 1871 5526 Suasionon
1907 5471 1972 5526 Β.
2051 5472 2094 5504 ⁸⁷

2231 5331 2277 5363 ³³
2313 5332 2622 5390 llruotadus
2658 5335 2731 5388 l‘.
2780 5333 2846 5388 B.
2881 5332 3260 5390 Hruatchadus
3285 5336 3341 5420 4⁵
3365 5335 3424 5392 6.

2231 5402 2381 5438 ιπιιηη
2412 5405 2462 5438 ιο
2507 5404 2731 5438 {'nsnlnn
2759 5406 2793 5438 ’Χ
2847 5405 2886 5438 Ω
2931 5403 2989 5438 II-
3087 5405 3134 5438 ιι
3185 5406 3416 5438 canna-nl:

2125 5406 2382 5459 Catholon
2412 5406 2484 5458 i'.
2507 5406 2731 5461 Catalon
2759 5406 2814 5460 3.
2843 5406 2908 5460 Β.
2931 5406 2998 5460 6.
3087 5406 3134 5438 ³⁸
3185 5406 3422 5463 Suasion

2125 5487 2264 5542 quae
2299 5474 2349 5542 1.
2377 5473 2431 5527 4.
2507 5475 2555 5507 ⁸⁸
2587 5474 3007 5532 Tarviancnscm
3032 5477 3086 5532 3.
3115 5477 3424 5532 Tarvanas—

2183 5544 2232 5599 3.
2276 5544 2343 5598 6.
2375 5544 2497 5600 Pal.
2530 5545 2642 5601 Sun
2682 5585 2696 5600 .
2729 5544 2876 5600 Colb.
2911 5545 3030 5602 Riv.
3064 5547 3200 5604 Tim.
3247 5546 3426 5618 Rege-

2183 5613 2376 5672 lvipull.
2408 5613 2615 5670 Tliuan.
2645 5563 2824 5672 g’alat.
2850 5615 3016 5672 Sana.
3049 5615 3196 5672 Colb.
3293 5617 3340 5648 “
3365 5633 3418 5672 c.

1919 5612 2084 5668 erold.
2129 5612 2376 5684 Rivipull.
2408 5613 2615 5670 Tliuan.
2645 5612 2824 5672 Palat.
2850 5615 3016 5688 Sang.
3049 5615 3196 5672 Colb.
3293 5612 3418 5672 “Vc.

1919 5699 2007 5739 um
2034 5683 2100 5740 6.
2194 5683 2241 5715 ⁸⁸
2264 5683 2608 5741 Willebertus
2628 5688 2682 5743 3.
2710 5686 3072 5744 Wilaebcrtus
3096 5687 3162 5742 Β.
3257 5686 3306 5718 ⁸⁸
3335 5686 3420 5743 Si-

2668 5725 2682 5742 .
2719 5703 2772 5742 W
2785 5703 3072 5758 ugencrtus
3096 5703 3162 5742 Π.
3257 5703 3306 5718 ’⁸
3335 5703 3416 5743 θι-

2705 5756 2752 5791 ⁸³
2776 5770 2960 5815 mines
2981 5758 3036 5813 t.
3109 5755 3154 5790 ⁸⁸
3181 5756 3416 5815 Richar-
