3992 6344
574 238 720 331 ηδ’,

1396 262 1472 321 ῖΒ.
1513 261 1762 325 GAROLI
1800 258 2015 320 MAGNI
2051 256 2211 319 OPP.
2242 256 2427 319 PARS
2460 260 2503 323 l.
2543 256 2788 319 δωτιο
2820 258 3065 323 PRIMA}.

3755 263 3853 319 εει

573 380 1001 436 ammissum
1044 376 1349 449 pertinente.
1399 373 1876 440 Commemoratio,
1932 374 2062 443 quid
2091 373 2160 428 ad
2188 380 2233 435 Α
2261 385 2463 438 scmus,
2490 387 2599 428 non
2632 373 2714 428 sic
2741 373 2901 429 nobis
2949 388 3268 445 responsum
3313 384 3416 443 est,
3440 372 3507 434 ut
3545 376 3605 431 in
3656 391 3727 432 ω
3770 392 3854 431 η.

572 471 972 541 praedictorum
986 468 1273 523 missorum
1296 466 1618 537 legationem
1636 465 1928 537 pertineat.
1954 464 2157 529 Primo,

573 566 636 612 ut
689 568 1012 614 conventum
1039 557 1056 587 ²
1089 556 1145 611 in
1190 555 1402 610 duobus
1433 554 1526 608 aut
1549 554 1726 609 tribus
1769 553 1903 611 locis
1929 567 2159 622 congre-

574 658 722 721 gent,
761 649 850 706 ubi
881 663 1070 704 omnes
1095 646 1163 701 ad
1194 662 1382 703 eorum
1408 648 1429 678 ³
1458 646 1782 717 legationem
1827 646 2160 716 pertinentes

572 741 863 797 convenire
906 740 1165 811 possint;
1205 747 1261 794 et
1278 739 1548 795 -omnibus
1593 739 1918 810 generaliter
1970 748 2159 794 notum

574 831 796 895 faciant,
831 831 1011 901 qualis
1035 831 1106 885 sit
1124 846 1314 903 eorum
1338 831 1553 900 legatio,
1589 829 1795 885 scilicet
1821 828 1889 883 ad
1910 828 2014 884 hoc
2039 845 2160 886 esse

573 939 632 980 se
661 940 693 978 a
713 924 870 980 nobis
890 924 911 954 ⁸
939 924 1135 979 missos
1160 924 1485 979 constitutos
1509 963 1525 988 ,
1559 932 1621 977 ut
1650 923 1697 976 si
1741 921 1966 991 quilibet
1990 925 2011 952 ⁸
2043 923 2159 992 epi-

573 1030 768 1084 scopus
812 1023 906 1070 aut
938 1030 1123 1070 comes
1169 1014 1528 1069 ministerium
1560 1028 1716 1068 suum
1762 1028 1857 1084 per
1887 1013 2162 1083 quodlibet

570 1107 1018 1179 impedimentum
1052 1107 1277 1177 implere
1310 1122 1418 1161 non
1451 1106 1642 1175 possit,
1694 1106 1764 1161 ad
1792 1106 1813 1137 "
1849 1120 1943 1161 eos
1978 1120 2160 1161 recur-

570 1206 677 1266 rat,
710 1206 765 1255 et
807 1215 933 1255 cum
974 1213 1167 1253 eorum
1213 1197 1483 1253 adiutorio
1514 1197 1535 1227 ⁸
1586 1196 1950 1252 ministerium
1999 1211 2157 1252 suum

569 1289 592 1323 τ
619 1288 945 1359 adimpleat;
973 1297 1030 1343 et
1073 1289 1123 1343 si
1143 1288 1266 1344 talis
1294 1303 1454 1344 causa
1477 1286 1640 1342 fuerit
1673 1301 1811 1356 quae
1840 1301 1936 1357 per
1968 1300 2159 1342 eorum

569 1381 999 1451 admonitionem
1029 1380 1304 1437 emendari
1340 1379 1363 1411 ⁸
1414 1394 1524 1435 non
1568 1378 1760 1449 possit,
1806 1391 1904 1447 per
1947 1392 2041 1432 eos
2089 1377 2157 1443 ad

568 1481 809 1528 nostram
832 1472 1077 1528 notitiam
1108 1469 1400 1528 deferatur.
1428 1470 1497 1525 Et
1519 1471 1567 1525 si
1601 1468 1742 1541 forte
1762 1469 2043 1540 episcopus
2065 1476 2160 1525 aut

569 1581 753 1624 comes
799 1566 1011 1641 aliquid
1053 1565 1429 1637 neglegentius
1457 1564 1513 1619 in
1543 1579 1642 1619 suo
1672 1564 1977 1619 ministerio
2034 1576 2159 1634 ege-

569 1659 674 1715 rit'
705 1700 722 1723 ,
747 1673 848 1728 per
884 1659 1110 1715 istorum
1136 1657 1562 1713 admonitionem
1601 1655 1926 1726 corrigatur.
1952 1655 2019 1710 Et
2040 1670 2159 1711 om-

2260 479 2460 541 sponso
2477 463 2727 522 sufﬁcere
2746 465 3012 533 potuisset
3029 466 3098 522 ad
3113 468 3338 523 eandem
3350 469 3395 500 "'
3416 468 3851 538 dispositionem.

2261 570 2422 625 quam
2445 569 2624 610 rerum
2649 557 2945 613 necessitas
2970 560 3037 613 ad
3060 572 3399 613 communem
3420 559 3726 614 utilitatem
3746 574 3857 629 per-

2260 646 2548 701 tinentium
2574 661 2801 715 poscere
2831 647 2877 679 ³⁸
2905 647 3209 714 videbatur,
3260 649 3345 715 vel
3378 664 3520 718 quae
3562 650 3730 705 nobis
3767 649 3853 705 ali-

2260 739 2404 808 quod
2437 739 2750 795 securitatis
2791 738 3047 795 solatium
3097 739 3293 796 allerre
3334 741 3628 810 potuisset.
3658 741 3731 809 Et
3760 742 3852 797 hoc

2258 828 2382 883 ideo
2407 828 2453 859 ”
2484 828 2730 884 evenisse
2777 830 3169 899 perspeximus,
3199 830 3325 899 quia
3361 845 3505 886 anno
3534 831 3855 901 praeterito,

2259 920 2475 989 quando
2516 920 2811 989 capitulare
2841 920 3126 991 legationis
3146 930 3361 975 vestrae
3384 920 3542 976 vobis
3590 922 3857 986 dedimus,

2258 1020 2415 1068 caute
2443 1028 2541 1068 vos
2563 1012 2857 1068 observare
2884 1011 3163 1078 iussimus,
3189 1025 3257 1066 ne
3282 1012 3401 1067 sine
3425 1027 3594 1067 causa
3620 1012 3708 1066 his
3728 1027 3851 1081 quos

2258 1104 2553 1160 honoratos
2578 1119 2698 1159 esse
2739 1104 3002 1169 volumus,
3035 1103 3217 1174 aliqua
3250 1102 3404 1159 ﬁeret
3444 1103 3671 1159 iniuria.
3713 1104 3851 1171 Qua-

2256 1202 2478 1264 propter
2520 1195 2770 1250 volumus
2816 1194 2969 1249 vobis
2994 1200 3180 1248 notum
3216 1191 3420 1259 facere,
3455 1194 3695 1263 qualiter
3721 1209 3851 1249 nunc

2256 1286 2369 1342 Deo
2395 1286 2439 1318 ³⁸
2462 1287 2753 1342 adiuvante
2775 1286 3000 1342 eandem
3028 1285 3326 1341 iussionem
3348 1294 3596 1341 nostram
3621 1286 3849 1343 debeatis

2257 1377 2581 1448 adimplere-
2612 1377 2909 1444 Volumus,
2944 1385 3006 1432 ut
3051 1379 3206 1435 missi
3256 1379 3449 1444 nostri,
3493 1394 3636 1449 quos
3660 1381 3733 1434 ad
3762 1378 3846 1436 hoc

2256 1471 2582 1527 constitutos
2601 1469 2887 1536 habemus,
2914 1476 2975 1525 ut
3008 1486 3199 1526 curam
3226 1479 3281 1526 et
3319 1470 3747 1527 sollicitudinem
3766 1472 3857 1527 ha-

2256 1561 2423 1617 beant
2463 1561 2721 1634 quatinus
2743 1560 2785 1592 "
2821 1562 3192 1632 unusquisque
3218 1562 3313 1632 qui
3337 1562 3382 1594 ⁸¹
3421 1573 3612 1619 rector
3649 1580 3681 1618 a
3706 1566 3846 1620 nobis

2257 1650 2442 1721 populi
2491 1650 2665 1706 nostri
2692 1651 3017 1708 constitutus
3060 1660 3145 1708 est
3173 1653 3218 1684 “
3246 1693 3262 1720 ,
3292 1654 3346 1708 in
3375 1669 3477 1710 suo
3502 1654 3702 1710 ordine
3744 1655 3846 1712 olli-

566 1750 654 1806 nis
692 1750 932 1821 populus.
962 1750 1117 1815 sciat,
1143 1749 1211 1804 ad
1233 1749 1337 1804 hoc
1360 1762 1456 1821 eos
1493 1746 1535 1778 ‘°
1571 1761 1692 1803 esse
1728 1746 2072 1813 constitutos,
2099 1755 2160 1802 ut
2188 1729 2234 1794 Β
2261 1745 2404 1801 cium
2451 1744 2553 1799 sibi
2582 1745 2934 1801 commissum
2979 1745 3117 1801 iuste
3144 1760 3209 1801 ac
3228 1745 3342 1801 Deo
3365 1746 3567 1816 placite
3596 1747 3668 1803 ad
3694 1749 3844 1804 bono-

568 1842 895 1913 quicumque
915 1855 1015 1912 per
1041 1838 1445 1911 neglegentiam
1469 1838 1509 1869 “
1534 1844 1637 1891 aut
1655 1837 1921 1893 incuriam
1946 1836 2032 1893 vel
2057 1836 2160 1891 im-

565 1931 984 2001 possibilitatem
1025 1930 1244 1986 comitis
1280 1930 1321 1960 “
1349 1970 1364 1994 ,
1398 1928 1660 1985 iustitiam
1688 1944 1846 1983 suam
1871 1928 2160 2005 adquirere

570 2038 681 2078 non
709 2006 968 2092 potuerit,
1003 2019 1071 2077 ad
1122 2035 1216 2076 eos
1264 2020 1499 2090 primum
1548 2020 1823 2089 querelam
1856 2034 2011 2077 suam
2040 2035 2161 2090 pos-

567 2115 641 2172 sit
668 2113 901 2182 deferre,
931 2122 986 2170 et
1032 2129 1131 2187 per
1163 2129 1350 2169 eorum
1377 2113 1640 2168 auxilium
1675 2112 1937 2168 iustitiam
1963 2112 2156 2184 adqui-

567 2221 730 2279 rere;
768 2215 824 2262 et
871 2207 1085 2275 quando
1139 2206 1336 2276 aliquis
1385 2206 1453 2260 ad
1497 2220 1598 2261 nos
1622 2206 1967 2261 necessitatis
1995 2220 2159 2262 causa

566 2300 945 2357 reclamaverit
977 2299 1021 2331 ¹⁸
1048 2340 1064 2366 ,
1100 2300 1167 2355 ad
1188 2314 1283 2355 eos
1330 2298 1602 2369 possimus
1636 2299 1935 2354 relatorum
1963 2312 2159 2368 quere—

566 2390 648 2447 las
685 2392 760 2447 ad
798 2390 1164 2447 deﬁniendum
1219 2391 1520 2445 remittere.
1563 2389 1669 2458 lpsi
1698 2404 1827 2443 vero
1850 2388 2003 2443 missi
2051 2401 2161 2442 non

567 2483 687 2538 sine
724 2482 1027 2538 certissima
1074 2495 1237 2536 causa
1280 2479 1365 2536 vel
1404 2480 1727 2535 necessitate
1766 2480 1874 2534 huc
1928 2478 2162 2547 illucque

567 2573 913 2640 discurrant;
954 2572 1058 2629 nisi
1082 2571 1228 2629 ὤπυιε,
1257 2572 1474 2643 quando
1509 2571 1615 2626 tale
1641 2571 1843 2640 aliquid
1882 2570 1937 2625 in
1989 2571 2162 2626 cuius-

567 2664 697 2721 ibet
724 2664 1025 2720 ministerio
1050 2664 1117 2719 ad
1138 2663 1461 2735 legationem
1487 2678 1640 2718 suam
1666 2663 1974 2732 pertinente
1998 2661 2043 2694 "’
2067 2677 2161 2717 or-

548 2758 687 2811 ‘tum
733 2768 855 2811 esse
885 2754 1258 2826 cognoverint,
1294 2753 1439 2824 quod
1458 2767 1645 2808 eorum
1670 2752 1992 2823 praesentia.
2021 2751 2163 2807 indi-

544 2841 709 2920 geat,
734 2853 788 2902 et
811 2845 931 2902 sine
951 2859 1137 2902 eorum
1167 2844 1214 2876 "
1239 2842 1473 2900 consilio
1495 2843 1579 2899 vel
1600 2842 1868 2899 adiutorio
1886 2842 2163 2899 emendari

566 2952 675 2992 non
724 2937 914 3007 possit.
956 2936 1084 2992 lnde
1126 2944 1307 2990 tamen
1345 2934 1549 2991 debent
1604 2949 1724 2991 esse
1770 2933 2092 3000 solliciti,-ut
2119 2932 2162 2965 ⁸⁸

551 3012 786 3098 propter
821 3025 1036 3083 illorum
1070 3027 1463 3098 neglegentiam
1503 3025 1635 3080 nihil
1665 3024 1718 3079 in
1747 3040 1842 3080 sua
1893 3024 2160 3096 legatione

566 3121 929 3177 incorrectum
973 3128 1289 3185 remaneat;
1348 3120 1440 3174 sed
1481 3118 1571 3173 ubi
1627 3126 1837 3172 certam
1874 3123 1929 3171 et
1974 3130 2158 3170 veram

565 3214 946 3271 necessitatem
975 3212 1348 3283 cognoverint,
1379 3217 1620 3265 nostram
1669 3209 1964 3264 iussionem
1989 3205 2164 3262 adim-

565 3304 715 3377 plere
750 3320 859 3358 non
887 3303 1199 3373 neglegant.

637 3392 729 3447 37.
769 3391 848 3446 De
871 3391 987 3457 liae,
1024 3390 1165 3462 quod
1190 3405 1283 3461 per
1303 3390 1489 3444 missos
1514 3390 1801 3445 dominicas
1826 3407 1889 3445 ea
1912 3407 2047 3461 quae
2070 3405 2162 3460 per

568 3477 800 3551 capitula
828 3488 1023 3534 statuta
1051 3487 1194 3544 sunt,
1224 3477 1462 3532 omnibus
1501 3489 1624 3533 nota
1654 3479 1772 3549 ﬁeri
1791 3479 2030 3533 debeant.
2060 3478 2163 3534 Vo-

569 3573 746 3630 lumus
791 3574 983 3640 etiam,
1008 3582 1068 3628 ut
1088 3574 1339 3629 omnibus
1362 3582 1549 3629 notum
1598 3575 1687 3640 sit,
1721 3575 1845 3645 quia
1878 3576 1918 3606 "'
1948 3575 2016 3630 ad
2058 3575 2161 3630 hoc

569 3666 852 3722 constituti
887 3674 1031 3731 sunt,
1082 3674 1142 3722 ut
1170 3681 1235 3721 ea
1277 3681 1415 3736 quae
1443 3681 1542 3736 per
1579 3666 1809 3736 capitula
1843 3673 2027 3722 nostra
2063 3681 2159 3738 ge-

571 3756 829 3812 neraliter
848 3756 916 3812 de
940 3756 1368 3829 quibuscumque
1390 3757 1568 3812 causis
1591 3758 1896 3821 statuimus,
1923 3773 2019 3828 per
2040 3758 2160 3813 ilics

573 3848 617 3880 "
640 3856 766 3903 nota
790 3847 923 3903 ﬁant
947 3848 1223 3914 omnibus,
1252 3855 1307 3903 et
1334 3849 1387 3903 in
1411 3863 1597 3903 eorum
1618 3851 2001 3918 procuratione
2031 3866 2162 3906 con-

556 3940 766 3995 sistant
792 3940 833 3972 ι’
859 3982 875 4007 ,
911 3948 972 3996 ιιι
998 3942 1067 3996 ab
1093 3942 1346 3997 omnibus
1370 3941 1781 4012 adimpleantur.
1816 3943 1884 3998 Et
1905 3944 1994 3998 ubi
2023 3942 2162 4001 forte

570 4033 750 4103 aliquo
791 4033 884 4088 tali
919 4033 1322 4105 impedimento,
1355 4035 1498 4105 quod
1539 4050 1637 4105 per
1673 4036 1724 4067 "
1769 4052 1864 4092 eos
1893 4036 1936 4068 ¹⁰
1979 4052 2162 4093 emen-

570 4125 687 4180 dari
722 4141 829 4181 non
862 4128 1055 4197 possit,
1093 4126 1296 4197 aliquid
1323 4127 1387 4183 de
1428 4128 1511 4182 his
1536 4142 1674 4197 quae
1703 4128 1747 4159 ¹¹
1782 4129 2161 4183 constituimus

571 4231 635 4271 ac
688 4217 944 4273 iussimus
975 4219 1300 4273 remanserit
1346 4216 1741 4287 imperfectum,
1773 4233 1962 4273 eorum
1989 4217 2161 4273 relatu

573 4308 732 4364 nobis
782 4308 849 4363 ad
883 4317 1095 4379 tempus
1146 4309 1434 4373 indicetur,
1461 4316 1642 4377 utper
1692 4323 1793 4365 nos
1836 4310 2157 4382 corrigatur,

504 4396 505 4399 “
574 4384 717 4468 quod
742 4412 841 4469 per
861 4415 956 4455 eos
976 4400 1177 4472 corrigi
1203 4416 1312 4455 non
1340 4399 1516 4469 potuit
1540 4400 1607 4453 “.

646 4492 736 4547 28.
778 4491 856 4547 De
878 4492 1229 4546 admonitorio
1252 4491 1321 4546 ad
1343 4508 1430 4546 eos
1456 4492 1545 4562 qui
1569 4490 1826 4563 legatione
1847 4491 2159 4563 funguntur.

575 4580 746 4637 Nosse
767 4595 863 4637 vos
887 4581 1176 4644 credimus,
1203 4581 1389 4652 quanti
1416 4581 1487 4635 sit
1505 4580 1760 4650 ponderis
1780 4581 1977 4652 legatio
1999 4597 2163 4652 quam

575 4674 729 4730 vobis
755 4674 1145 4739 commisimus,
1169 4681 1225 4730 et
1250 4689 1413 4745 quam
1437 4675 1509 4730 sit
1528 4674 1893 4744 periculosum
1916 4674 1960 4706 "
1985 4682 2165 4731 tantae

576 4767 654 4824 rei
686 4781 871 4841 curam
892 4767 1196 4839 neglegere,
1229 4774 1487 4838 quantam
1521 4782 1618 4824 vos
1642 4766 1688 4798 “
1711 4783 1810 4837 pro
1836 4776 2017 4825 nostra
2047 4784 2165 4824 om-

577 4861 728 4921 nium
766 4844 1039 4917 communi
1067 4859 1240 4917 salute
1261 4876 1336 4922 ex,
1377 4860 1424 4892 ³³
1456 4869 1642 4916 nostra
1668 4861 1998 4931 obligatione
2044 4877 2165 4917 sus-

576 4953 786 5024 cepisse
816 4968 925 5010 non
952 4953 1234 5024 ignoratis.
1258 4952 1335 5008 De
1359 4967 1464 5023 qua
1489 4952 1541 5019 ¹⁶,
1559 4968 1681 5009 cum
1704 4968 1801 5009 vos
1837 4953 2161 5025 interrogas-
2212 5008 2213 5011 η

2257 1850 2375 1890 rem
2399 1843 2645 1891 nostrum
2669 1851 2733 1890 ac
2756 1835 2939 1906 populi
2965 1836 3135 1891 nostri
3163 1836 3449 1893 utilitatem
3489 1837 3840 1906 administret,

2258 1928 2313 1984 in
2338 1928 2483 1984 hunc
2520 1928 2740 1983 modum
2767 1928 3124 1999 cognoscendi
3174 1928 3513 2000 diligentiam
3546 1929 3840 1995 adhibeant,

2258 2020 2305 2076 si
2333 2035 2397 2075 ea
2424 2028 2563 2090 quae
2593 2020 2648 2097 in
2682 2021 2969 2091 capitulari
2998 2029 3207 2087 nostro,
3234 2021 3379 2092 quod
3414 2021 3498 2076 eis
3528 2037 3679 2077 anno
3702 2039 3837 2093 prae-

2244 2114 2422 2179 terito
2469 2113 2732 2179 dedimus,
2771 2114 3117 2169 continentur
3139 2114 3183 2145 ³³
3210 2155 3227 2180 ,
3253 2115 3555 2170 secundum
3594 2114 3642 2146 ³³
3671 2115 3839 2171 volun-

2246 2213 2429 2277 tatem
2454 2204 2550 2260 Dei
2574 2220 2639 2260 ac
2665 2204 2962 2260 iussionem
2984 2212 3227 2260 nostram
3251 2204 3382 2259 ﬁant
3411 2205 3729 2275 adimpleta.
3749 2206 3839 2260 ιω-

2246 2312 2365 2369 ιιιιε
2391 2297 2660 2363 volumus,
2686 2304 2746 2351 ut
2772 2297 2949 2353 medio
2992 2312 3177 2352 mense
3199 2295 3338 2352 Maio
3360 2297 3694 2352 conveniant
3716 2298 3837 2353 idem

2260 2390 2432 2456 missi,
2483 2388 2853 2459 unusquisque
2889 2387 2943 2443 in
2985 2404 3083 2442 sua
3125 2387 3416 2458 legatione,
3453 2402 3579 2442 cum
3611 2388 3841 2443 omnibus

2260 2480 2554 2551 episcopis,
2587 2479 2894 2546 abbatibus,
2931 2479 3241 2544 comitibus,
3271 2494 3340 2533 ac
3362 2478 3541 2533 vassis
3567 2479 3614 2509 "
3637 2479 3845 2543 nostris,

2260 2573 2539 2628 advocatis
2579 2573 2781 2627 nostris
2803 2571 2850 2602 ³⁵
2876 2612 2907 2638 ,.
2935 2587 3000 2626 ac
3045 2569 3399 2626 vicedominis
3437 2569 3841 2633 abbatissam,

2262 2682 2473 2724 necnon
2506 2674 2559 2723 et
2588 2682 2777 2722 eorum
2827 2666 2921 2736 qui
2944 2673 3162 2736 propter
3206 2665 3447 2734 aliquam
3491 2664 3847 2720 inevitabilem

2262 2756 2645 2812 necessitatem
2698 2755 2802 2827 ipsi
2853 2755 3039 2810 venire
3094 2771 3200 2810 non
3249 2762 3490 2824 possunt,
3543 2754 3609 2808 ad
3662 2752 3844 2809 locum

2262 2864 2463 2904 unum.»
2495 2849 2562 2904 Et
2589 2849 2636 2904 si
2666 2862 2887 2903 necesse
2935 2845 3117 2911 fuerit,
3168 2854 3392 2917 propter
3437 2846 3844 2915 oportunitatem

2263 2938 2638 3002 conveniendi,
2680 2938 2735 2992 in
2759 2937 2969 2992 duobus
2984 2936 3076 3015 vel
3114 2936 3288 2991 tribus
3333 2935 3490 2999 locis,
3516 2933 3603 2989 vel
3627 2936 3842 2989 maxime

2264 3034 2486 3097 propter
2525 3042 2794 3097 pauperes
2824 3026 2869 3058 “
2890 3026 3090 3097 populi,
3127 3027 3269 3081 idem
3318 3035 3621 3089 conventus
3659 3025 3841 3080 habet

2267 3128 2370 3185 tur,
2423 3120 2513 3190 qui
2560 3106 2817 3176 omnibus
2838 3120 2882 3152 ⁸⁷
2913 3124 3198 3192 congruat.
3236 3119 3305 3175 Et
3326 3120 3529 3175 habeat
3576 3126 3841 3190 unusquis-

2262 3227 2366 3283 que
2399 3225 2581 3268 comes
2609 3212 2841 3267 vicarios
2871 3218 2924 3266 et
2951 3209 3293 3266 centenarios
3341 3223 3471 3264 suos
3498 3223 3706 3273 secum,
3734 3224 3840 3262 nec-

2261 3322 2369 3361 non
2383 3307 2516 3362 etde
2534 3305 2726 3376 primis
2742 3305 2980 3360 scabinis
2993 3303 3173 3358 "suis
3190 3310 3302 3358 tres
3316 3309 3407 3356 aut
3422 3311 3702 3372 quattuor.
3719 3302 3777 3356 Et
3796 3302 3839 3355 in

2250 3398 2326 3452 'eo
2348 3405 2612 3452 conventu
2638 3394 2871 3465 primum
2893 3393 2938 3425 ⁸⁹
2967 3393 3294 3449 christianae
3318 3391 3603 3462 religionis
3623 3400 3679 3446 et
3696 3390 3840 3446 eccle.

2256 3478 2466 3543 ‘siastici
2500 3485 2706 3541 ordinis
2750 3483 2982 3539 conlatio
3007 3481 3136 3548 ﬁat;
3169 3480 3363 3535 deinde
3402 3480 3688 3550 inquirant
3711 3479 3840 3534 missi

2261 3578 2437 3634 nostri
2456 3578 2523 3632 ab
2547 3576 2834 3640 universis,
2860 3574 3093 3644 qualiter
3122 3572 3494 3642 unusquisque
3522 3571 3739 3625 illorum
3761 3570 3839 3640 qui

2263 3673 2335 3727 ad
2360 3672 2464 3726 hoc
2485 3686 2515 3724 a
2544 3669 2704 3724 nobis
2734 3667 3010 3723 constituti
3040 3673 3183 3730 sunt,
3216 3664 3458 3720 ofﬁcium
3482 3665 3589 3720 sibi
3612 3656 3839 3720 commis-

2254 3765 2383 3818 'snm
2407 3762 2702 3817 secundum
2729 3759 2823 3813 Dei
2846 3759 3180 3814 voluntatem
3206 3773 3271 3812 ac
3293 3756 3595 3812 iussionem
3617 3766 3840 3813 nostram

2264 3852 2602 3908 administrat
2629 3851 2683 3905 in
2715 3849 2929 3920 populo,
2957 3855 3050 3903 aut
3077 3848 3125 3880 ⁸⁸
3160 3862 3324 3917 quam
3364 3850 3668 3903 concordes
3698 3857 3841 3919 atque

2261 3943 2548 3999 unanimes
2572 3941 2617 3973 “
2648 3942 2717 3997 ad
2753 3941 2857 3996 hoc
2901 3941 3025 4006 sint,
3055 3938 3140 3994 vel
3181 3938 3415 4009 qualiter
3460 3938 3704 3995 vicissim
3752 3939 3843 3994 sibi

2264 4035 2524 4091 auxilium
2550 4032 2729 4089 {crant
2751 4032 2819 4086 ad
2844 4031 3141 4086 ministeria
3168 4045 3264 4085 sua
3291 4029 3629 4099 peragenda.
3660 4030 3725 4084 Et
3747 4038 3844 4084 tam

2256 4124 2547 4198 diligenter
2590 4141 2654 4179 ac
2696 4123 2935 4180 studiose
2962 4122 3103 4176 hanc
3132 4110 3609 4191 ini-estigationem
3634 4119 3845 4181 iaciant,

2263 4227 2323 4273 ut
2350 4232 2566 4273 omnem
2608 4216 2693 4270 rei
2730 4213 3019 4269 veritatem
3046 4227 3144 4282 per
3166 4226 3259 4267 eos
3303 4226 3635 4282 cognoscere
3680 4211 3848 4267 vales-

2264 4325 2405 4365 mus.
2446 4310 2515 4364 Et
2541 4311 2585 4365 si
2625 4309 2811 4380 aliqua
2835 4308 2959 4363 talis
2981 4322 3143 4363 causa
3166 4308 3233 4362 ad
3256 4319 3447 4361 eorum
3470 4307 3722 4362 notitiam
3745 4322 3849 4377 per-

2267 4403 2376 4457 lata
2415 4402 2580 4457 fuerit
2611 4417 2751 4473 quae
2786 4400 3001 4457 illorum
3028 4399 3226 4455 auxilio
3273 4398 3530 4471 indigeat,
3564 4400 3850 4455 secundum

2266 4495 2555 4564 qualitates
2600 4508 2886 4548 causarum
2929 4507 3069 4564 quae
3100 4492 3153 4546 in
3178 4500 3363 4548 nostro
3398 4491 3688 4562 capitulari
3726 4507 3849 4547 con-

2266 4587 2525 4649 tinentur,
2555 4592 2683 4640 tune
2705 4584 2952 4639 volumus
2973 4594 3034 4639 ut
3060 4584 3187 4639 illuc
3209 4591 3458 4656 pergant,
3486 4592 3540 4640 et
3578 4600 3645 4640 ex
3674 4591 3849 4639 nostra

2268 4679 2591 4761 auctoritate
2616 4677 2746 4731 illud
2776 4676 3047 4746 corrigere
3075 4677 3351 4732 studeant.

2337 4772 2428 4829 29.
2469 4772 2546 4826 De
2578 4770 2728 4826 rebus
2767 4769 2837 4824 ad
2877 4768 3221 4824 venerabilem
3263 4768 3436 4825 locum
3478 4768 3853 4840 pertinentibus

2269 4880 2373 4919 non
2395 4860 2709 4916 alienandis.
2736 4858 2888 4913 Nulla
2927 4859 3027 4913 sub
3050 4858 3297 4913 Romana
3338 4859 3543 4914 ditione
3572 4857 3623 4889 “
3648 4856 3853 4912 consti»

2267 4961 2381 5010 tuta
2420 4950 2667 5015 ecclesia,
2709 4948 2795 5005 vel
2842 4949 3269 5007 exenodochium
3310 4947 3376 5015 “,
3420 4948 3504 5004 vel
3545 4949 3857 5021 ptochotro-

1654 5192 1660 5198 .
1760 5105 2155 5163 VARIANTES
2187 5102 2592 5173 LECTIONES.

1714 5241 1735 5274 ³
1766 5242 1969 5299 DeoG.

1492 5313 1514 5345 ⁸
1537 5312 1826 5369 emendare
1854 5315 1926 5368 l‘.

656 5249 675 5282 ι
699 5248 754 5303 in
779 5255 1045 5304 conventu
1067 5242 1122 5300 6.
1216 5246 1238 5275 '
1262 5258 1451 5300 eorum
1478 5242 1545 5297 ad
1569 5241 1620 5297 1.

583 5321 671 5379 1⁸.
721 5318 766 5390 __'
805 5334 851 5374 s.
875 5333 974 5390 per
992 5317 1314 5390 quolibet_a.
1342 5315 1413 5390 if.

580 5391 638 5447 4.
717 5387 762 5422 η
782 5387 1037 5445 comitum
1063 5389 1134 5441 l‘.

581 5462 637 5517 5.
665 5459 719 5514 4.
747 5457 812 5512 Β.
890 5458 935 5491 ¹⁸
958 5459 1151 5513 missos
1173 5455 1293 5511 Bal.
1371 5453 1413 5486 ¹⁹
1436 5455 1697 5510 censistat
1715 5456 1768 5509 4.
1799 5453 1871 5511 GI
1942 5457 1985 5488 ²⁰
2007 5458 2147 5511 deest
2167 5456 2221 5510 4.
2244 5454 2298 5509 6.
2394 5455 2438 5484 ’⁸

582 5531 742 5581 deum
766 5530 823 5581 in
845 5544 1014 5581 mare.
1044 5526 1193 5581 addit
1211 5528 1260 5581 1.
1337 5525 1385 5558 ’⁸
1412 5542 1509 5581 nos
1536 5543 1674 5580 corr.
1695 5542 1792 5581 vos
1820 5527 1891 5580 l‘.
1967 5527 2015 5560 "
2036 5527 2175 5581 deest
2202 5527 2274 5579 l'.
2349 5524 2395 5556 '°
2420 5540 2438 5577 ι

570 5602 780 5671 'tuisset
807 5593 993 5671 desunt
1018 5596 1085 5654 G.
1102 5668 1134 5671 __
1160 5599 1207 5631 ⁸⁸
1230 5605 1512 5671 suppetere
1538 5595 1601 5671 4.
1622 5612 1845 5671 parcere
1866 5597 2139 5671 6._parere
2163 5595 2229 5671 _B.
2283 5595 2361 5671 ζ’,
2374 5595 2501 5648 item
2528 5593 2625 5671 l'._
2678 5593 3022 5671 "_domi_n_o§

1328 5610 1512 5722 petere
1538 5610 1592 5649 4.
1622 5612 1845 5667 parcere
1866 5610 1916 5650 ιι.
1941 5610 2139 5697 parere
2166 5610 2229 5650 ις.
2304 5610 2501 5678 ’ξιιειιι
2528 5610 2551 5646 ι
2572 5610 2600 5645 ν.
2678 5610 2722 5623 --
2754 5610 2969 5673 nomino
3072 5610 3138 5643 υ.
3216 5610 3259 5620 -·
3284 5610 3338 5659 q.
3366 5610 3423 5673 ut
3447 5610 3507 5675 ιι.
3530 5610 3581 5643 ι.
3657 5610 3699 5621 --
3722 5610 3863 5642 acea

1375 5706 1388 5720 .
1412 5666 1479 5721 B.
1556 5666 1603 5698 ³⁸
1620 5668 1766 5722 deest
1788 5667 1842 5721 5.
1886 5684 1889 5689 ·
1916 5666 1940 5698 ⁸
1991 5666 2130 5721 deest
2150 5665 2203 5719 4.
2282 5664 2326 5697 ’τ
2348 5681 2403 5720 ιιι
2424 5678 2570 5719 omn.
2594 5664 2649 5718 5.
2723 5661 2770 5694 ⁸³
2802 5663 3056 5717 scabtnus
3082 5659 3155 5713 1⁴.
3181 5657 3248 5714 G.
3272 5660 3543 5718 scabmets
3561 5661 3616 5716 5.
3646 5658 3709 5714 Β.
3739 5655 3869 5713 Bal.

582 5531 742 5587 deum
766 5530 823 5583 in
845 5544 1014 5598 marg.
1038 5526 1193 5598 addit
1211 5528 1260 5581 1.
1337 5525 1385 5558 ’⁸
1412 5542 1509 5581 nos
1536 5543 1674 5598 corr.
1695 5542 1792 5582 vos
1820 5527 1891 5598 Γ.

587 5672 662 5728 Γ.
738 5670 784 5703 ³³
809 5670 948 5725 deest
967 5668 1021 5723 4.
1099 5668 1146 5701 ”
1167 5666 1313 5724 vasis
1334 5666 1388 5722 5.
1412 5666 1479 5721 Β.
1556 5666 1766 5722 "deest
1788 5667 1842 5721 5.
1886 5684 1889 5689 ·

590 5741 636 5777 ⁸⁸
660 5741 966 5815 ιιι-οιὶηἱιιω
988 5740 1044 5798 5.
1143 5738 1193 5773 ⁸⁸
1227 5747 1291 5795 ιιι
1312 5755 1360 5794 θ.
1390 5736 1457 5793 Β.
1492 5744 1547 5794 et
1572 5735 1641 5795 G.
1670 5737 1790 5795 Bal.

2066 5246 2087 5277 ι
2114 5244 2368 5316 quislibet
2392 5242 2466 5297 ι’.

2001 5314 2023 5347 ⁹
2044 5314 2254 5387 egerint
2275 5315 2328 5368 4.

1212 5384 1628 5455 “reclinaverit
1648 5383 1700 5439 6.
1779 5379 2213 5455 “pertinentem
2241 5387 2293 5455 5.
2321 5384 2385 5439 Β.
2413 5380 2479 5438 G.
2558 5383 2605 5455 "f
2628 5381 2842 5455 illorum
2871 5380 2942 5434 l‘.
2968 5379 3034 5455 Β.

1883 5728 1933 5770 ⁸⁸
1969 5749 2198 5794 unames
2232 5735 2311 5794 t‘.

2543 5241 2583 5321 ³.
2614 5238 2813 5321 adnon
2849 5236 3026 5321 possit
3060 5235 3349 5321 denarii.
3419 5238 3441 5269 ⁸
3490 5237 3858 5321 admonitione

2477 5311 2520 5342 ¹⁰
2549 5310 2688 5365 deest
2720 5309 2769 5364 1.
2849 5310 2888 5340 ¹¹
2925 5324 2979 5379 p.
3007 5309 3427 5363 admonitionem
3470 5320 3558 5362 aut
3605 5309 3859 5363 iniuriam

2477 5425 2479 5432 ,
2558 5383 2605 5413 ι’
2628 5381 2842 5434 illorum
2871 5380 2942 5434 l‘.
2968 5379 3034 5433 Β.
3132 5378 3175 5409 ¹⁶
3197 5377 3336 5431 deest
3370 5379 3439 5432 i’.
3519 5380 3565 5410 "‘
3588 5381 3679 5434 aui
3704 5381 3758 5434 1.
3790 5380 3859 5433 l'.

2558 5395 2603 5413 "
2628 5395 2842 5437 tuorum
2871 5395 2942 5434 ‘l'.
2968 5395 3034 5433 li.
3133 5395 3175 5409 "
3197 5395 3336 5431 aeeu
3370 5395 3439 5432 ι.
3521 5395 3565 5410 ¹¹’
3588 5395 3679 5449 qm
3704 5395 3758 5434 ι.
3790 5395 3859 5433 ι’.

2508 5453 2610 5535 ειοά
2633 5452 2737 5537 νο,
2765 5452 2827 5537 ;“
2854 5448 3096 5537 2055331:
3121 5448 3173 5537 ἑ·
3198 5447 3512 5537 Ρρυετίιβλ
3555 5450 3631 5537 ῗῖ
3655 5465 3709 5537 9-
3736 5458 3862 5537 εξιςε

2349 5524 2395 5556 ’⁸
2420 5518 2739 5579 η’ἱηεεηιητ
2763 5520 2815 5576 6.
2849 5518 2912 5574 Β.
2976 5520 3019 5550 ¹⁷
3046 5534 3165 5574 eam
3193 5518 3263 5573 Γ.
3295 5521 3349 5573 5.
3380 5518 3434 5573 4.
3466 5518 3589 5574 Bal.
3610 5518 3750 5575 ad...
3770 5533 3862 5587 po-

2374 5595 2501 5648 item
2528 5593 2600 5646 t'.
2678 5591 2723 5623 ”
2754 5592 2969 5646 domino
2990 5591 3044 5644 5.
3072 5588 3138 5643 Β.
3180 5589 3259 5659 '_"
3284 5604 3338 5659 q.
3365 5600 3423 5644 ut
3447 5608 3501 5646 u.
3530 5591 3581 5643 l;
3657 5589 3699 5659 ξ’
3722 5590 3865 5659 deest

2466 5453 2610 5525 quod
2633 5452 2705 5506 1⁸.

2404 5734 2451 5769 δ’
2488 5732 2730 5792 diccione
2761 5729 2940 5788 5-.”
2980 5729 3375 5787 xonodochium
3416 5740 3589 5797 coast.
3632 5730 3665 5786 5

3924 92 3947 401 ἒ

3936 404 3953 661 ξ
