3992 6344
601 319 721 377 -Βιῖ

1418 316 1477 372 Β.
1516 316 1767 380 ωηοιι
1803 317 2019 379 ιιΑοΝι
2054 316 2205 380 OPP.
2245 320 2426 378 PARS
2458 323 2502 384 1,.
2547 320 2788 385 SECTIO
2826 325 3059 382 PRIMA.

3779 334 3878 392 ωδ

683 437 776 491 55.
799 430 879 487 De
901 429 1265 503 festivitatibus
1286 431 1432 484 anni.
1456 430 1646 486 Festos
1669 431 1787 487 dies
1808 432 1866 487 in
1885 447 2028 488 anno
2047 433 2191 490 cele-
2221 442 2268 498 Α
2295 436 2466 494 stolus
2494 452 2509 493 :
2542 435 2645 504 Qui
2664 441 2950 496 manducat
2986 452 3035 496 et
3062 443 3188 498 bibit
3220 443 3450 516 indigne,
3495 447 3759 503 iudicium
3783 455 3878 507 ubi

613 527 775 581 brare
798 522 1095 585 sanximus,
1141 520 1245 574 hoc
1283 527 1368 574 est
1414 519 1558 574 diem
1585 518 1917 577 dominicum
1957 525 2196 592 paschae

615 630 739 670 cum
764 612 912 668 omni
943 612 1146 665 honore
1165 619 1219 664 et
1241 611 1534 666 sobrietate
1551 614 1820 678 venerari,
1844 614 2010 670 simili
2033 616 2194 671 modo

615 715 784 762 totam
806 703 1157 767 ebdomadam
1181 704 1325 758 illam
1347 705 1636 762 observare
1656 706 2025 774 decrevimus;
2051 709 2195 766 diem

614 795 946 852 ascensionis
984 795 1198 851 Domini
1244 795 1261 827 ί
1293 797 1524 866 pleniter
1569 801 1870 866 celebrare;
1912 803 1966 857 in
2003 813 2193 874 pente-

613 897 797 943 costen
827 888 1075 944 similiter
1104 896 1164 942 ut
1189 888 1244 943 in
1271 891 1498 958 pascha;
1540 891 1596 945 in
1645 893 1824 948 natale
1846 895 1866 924 ³
1914 897 2194 964 apostolo-

612 996 730 1033 rum
767 978 910 1034 Petri
938 988 991 1035 et
1018 979 1167 1034 Pauli
1214 981 1355 1036 diem
1385 997 1580 1048 unum;
1627 985 1966 1041 nativitatem
2014 989 2190 1044 sancti

608 1071 861 1126 Iohannis
883 1072 1149 1141 baptistae
1165 1113 1180 1138 ,
1213 1071 1644 1143 adsumptionem
1682 1085 1902 1133 sanctae
1925 1078 2123 1134 Mariae
2146 1081 2188 1146 ³,

609 1155 999 1217 dedicationem
1029 1162 1201 1217 sancti
1235 1161 1536 1229 Michaelis,
1562 1167 1794 1222 natalem
1823 1169 1844 1199 ’⁵
1875 1170 2047 1225 sancti
2089 1171 2192 1225 Re-

608 1251 759 1322 migii
790 1250 830 1317 ⁸,
865 1252 1040 1307 sancti
1075 1251 1328 1317 Martini,
1360 1256 1533 1311 sancti
1557 1255 1835 1325 Andreae;
1871 1260 1925 1315 in
1957 1261 2136 1316 natale
2168 1262 2189 1294 ⁸

611 1343 822 1398 Domini
848 1343 964 1398 dies
996 1347 1258 1418 quatuor;
1287 1348 1508 1404 uetabas
1532 1349 1772 1417 Domini;
1805 1353 2146 1424 epiphaniam
2164 1357 2184 1387 '

606 1431 855 1499 Domini;
884 1434 1312 1502 puriﬁcationem
1353 1447 1574 1494 sanctae
1615 1440 1833 1496 Mariae.
1869 1443 1936 1497 Et
1967 1443 2086 1500 illas
2111 1444 2190 1498 fe-

607 1524 876 1580 stivitates
911 1533 1210 1597 martyrum
1236 1527 1320 1582 vel
1363 1529 1732 1587 confessorum
1775 1535 2067 1592 observare
2097 1539 2190 1594 de-

606 1614 902 1678 crevimus,
932 1630 1163 1684 quorum
1208 1618 1262 1672 in
1304 1635 1626 1690 unaquaque
1671 1625 1956 1693 parrochia
1995 1638 2186 1684 sancta

606 1717 833 1772 corpore
861 1705 1226 1774 requiescunt.

643 1792 765 1861 .54.
806 1793 883 1846 De
903 1796 1132 1867 antiquis
1171 1798 1426 1865 ecclesiis,
1460 1811 1516 1856 ut
1549 1801 1571 1833 "
1605 1803 1853 1860 honorem
1893 1824 2047 1862 suum
2083 1809 2118 1863 h

606 1883 780 1938 beant.
797 1883 1068 1940 Ecclesiae
1083 1889 1382 1958 antiquitus
1400 1893 1723 1950 constitutae
1737 1912 1838 1951 nec
1849 1897 2073 1954 decimis
2089 1916 2190 1957 nec

605 1973 729 2028 aliis
765 1976 1198 2043 possessionibus
1225 1979 1526 2049 priventur,
1551 1983 1627 2039 ita
1653 1993 1714 2040 ut
1754 1988 1910 2044 novis
1937 1993 2190 2049 oratoriis

607 2066 878 2122 tribuatur
902 2067 945 2122 ’.

673 2154 764 2212 55.
801 2157 881 2212 De
920 2159 1246 2231 spiritalibus
1289 2164 1491 2234 ﬁliolis.
1537 2167 1740 2226 Deinde
1787 2175 2184 2245 praecepimus,

601 2257 664 2304 ut
695 2252 1060 2322 unusquisque
1085 2264 1362 2325 compater
1395 2260 1478 2315 vel
1502 2263 1734 2329 proximi
1764 2265 2038 2336 spiritales
2059 2269 2100 2301 ⁸ο
2133 2269 2192 2323 ti-

601 2338 704 2395 lios
728 2355 856 2397 suos
877 2343 1140 2400 catholico
1162 2346 1455 2403 instruant.

671 2431 760 2488 56.
803 2432 880 2487 De
901 2434 1016 2500 hoc,
1058 2445 1114 2490 ut
1135 2440 1430 2496 sacerdotes
1459 2442 1944 2514 inreprehensibiles
1985 2450 2088 2506 sint
2119 2452 2183 2506 “.

602 2522 675 2579 Ut
699 2524 846 2579 iuxta
866 2523 1109 2595 Apostoli
1134 2543 1320 2586 vocem
1349 2535 1657 2590 sacerdotes
1677 2536 2188 2606 inreprehensibiles

601 2617 713 2671 sint
736 2627 791 2672 et
818 2620 1060 2676 moribus
1081 2624 1261 2678 ornati
1303 2633 1358 2680 et
1379 2641 1718 2697 nequaquam
1751 2633 1999 2702 turpibus
2019 2635 2187 2692 lucris

604 2706 932 2774 deserviant,
953 2709 1102 2764 iuxta
1130 2712 1262 2769 illud
1281 2716 1423 2783 quod
1449 2718 1525 2772 ait
1549 2718 1829 2788 Scriptura
1855 2737 1870 2776 :
1900 2723 2066 2780 Nemo
2088 2729 2190 2783 mi-

599 2793 762 2851 litans
788 2795 899 2850 Deo
929 2799 1161 2869 implicat
1199 2819 1254 2856 se
1287 2807 1504 2876 negotiis
1541 2809 1885 2880 secularibus,
1916 2825 1975 2870 ut
1995 2819 2044 2870 ei
2062 2818 2185 2890 pla-

601 2895 738 2952 ceat,
780 2887 866 2940 cui
895 2904 951 2942 se
982 2889 1238 2959 probauit.
1279 2894 1347 2948 Et
1373 2912 1404 2950 a
1433 2898 1683 2967 turpibus
1712 2901 1878 2958 lucris
1921 2913 1976 2959 et
2001 2887 2186 2966 usuris

600 2995 710 3036 non
737 2980 910 3036 solum
936 2981 1037 3050 ipsi
1065 2985 1398 3054 abstineant,
1445 3005 1632 3049 verum
1659 2995 1824 3052 etiam
1866 2998 2052 3069 plebes
2081 3003 2184 3059 sibi
2209 3057 2216 3065 ,

597 3071 842 3130 subditas
870 3074 1143 3131 abstinere
1178 3077 1221 3110 “
1249 3079 1540 3140 instruant.

2299 528 2582 582 manducat
2602 537 2650 583 et
2679 530 2825 584 bibit.
2857 531 3008 586 quta
3036 533 3277 591 eiusdem
3299 551 3430 607 ergo
3451 537 3700 608 Apostoli
3727 543 3880 596 docn—

2297 629 2536 676 mentum
2560 623 2790 692 probare
2819 624 2859 656 ¹⁸
2881 639 2941 680 se
2961 625 3121 681 debet
3143 628 3324 692 homo,
3353 638 3409 684 et
3432 631 3515 686 sic
3538 630 3610 686 de
3634 647 3779 701 pane
3800 635 3879 688 illo

2296 713 2640 780 manducare,
2689 722 2747 770 et
2783 715 2854 771 de
2892 716 3062 772 calice
3102 719 3323 786 bibere;
3357 728 3416 777 ut
3436 722 3695 779 videlicet
3727 726 3879 780 absti-

2296 817 2430 858 nens
2465 804 2672 874 aliquot
2693 805 2884 862 diebus
2914 807 2956 839 ¹⁹
2984 810 3052 865 ab
3083 811 3338 880 operibus
3377 814 3581 881 carnis,
3627 823 3683 870 et
3708 818 3878 886 puriﬁ-

2294 910 2424 950 cans
2447 911 2640 965 corpus
2665 897 3006 970 animamque
3031 917 3206 968 suam,
3253 914 3540 974 praeparet
3570 921 3634 962 se
3665 906 3737 961 ad
3771 924 3876 978 per-

2294 987 2597 1057 cipiendum
2621 998 2829 1046 tantum
2849 1003 3267 1061 sacramentum,
3295 998 3542 1068 exemplo
3569 999 3768 1064 David,
3797 1002 3872 1070 qui

2292 1079 2396 1133 nisi
2423 1095 2482 1134 se
2503 1079 2783 1137 confessus
2810 1082 3000 1140 fuisset
3041 1086 3371 1142 abstinuisse
3418 1089 3488 1143 ab
3511 1105 3682 1159 opere
3707 1094 3873 1146 coniu-

2292 1171 2396 1241 gali
2419 1172 2488 1227 ab
2511 1173 2628 1228 heri
2652 1181 2707 1229 et
2736 1175 2929 1231 nudius
2958 1179 3173 1246 tertius,
3203 1195 3542 1251 nequaquam
3563 1199 3740 1254 panes
3759 1202 3868 1257 pro-

2290 1265 2577 1331 positionis
2607 1281 2637 1320 a
2664 1268 2947 1324 sacerdote
2968 1271 3290 1341 accepisset.

2359 1383 2448 1440 39.
2490 1383 2568 1438 De
2598 1386 2892 1442 hominibus
2930 1388 3253 1444 diversarum
3305 1391 3689 1460 conditionum,
3732 1405 3778 1448 et
3813 1398 3865 1450 de

2289 1478 2369 1532 his
2403 1478 2492 1549 qui
2515 1479 2590 1533 eis
2611 1478 2834 1549 praelati
2855 1491 2996 1535 sunt.
3023 1481 3158 1549 Quia
3181 1497 3309 1554 ergo
3337 1493 3550 1540 constat
3572 1487 3632 1540 in
3655 1488 3861 1544 aeclesia

2289 1568 2622 1624 diversarum
2644 1571 3011 1626 conditionum
3035 1572 3281 1629 homines
3303 1590 3443 1641 esse,
3471 1575 3656 1631 utsint
3679 1577 3861 1634 nobilis

2289 1672 2344 1718 et
2371 1663 2648 1733 ignobiles,
2673 1664 2835 1729 servi,
2875 1665 3072 1731 coloni,
3121 1665 3392 1736 inquilini,
3421 1675 3476 1722 et
3497 1677 3685 1724 cetera
3708 1671 3750 1700 ⁸⁵
3779 1672 3860 1725 hu-

2218 1795 2262 1853 B
2293 1755 2584 1811 iuscemodi
2607 1757 2826 1811 nomina
2849 1757 2915 1822 “,
2941 1764 3154 1828 oportet
3180 1767 3238 1812 ut
3263 1759 3592 1830 quicumque
3619 1761 3701 1815 eis
3729 1776 3857 1830 prae-

2123 1828 2183 1864 a—

2293 1845 2386 1900 lati
2411 1854 2535 1900 sunt
2560 1847 2765 1911 clerici,
2792 1847 2905 1902 sive
2932 1848 3074 1914 laici,
3113 1848 3405 1904 clementer
3427 1867 3555 1921 erga
3578 1867 3679 1907 eos
3718 1864 3854 1922 agant

2291 1949 2342 1994 et
2365 1939 2789 1996 misericorditer
2809 1956 2904 1996 eos
2925 1949 3178 2008 tractent,
3201 1942 3314 1998 sive
3330 1942 3381 1998 in
3402 1944 3692 2014 exigendis
3713 1947 3774 2000 ab
3789 1948 3852 2002 eis

2288 2031 2586 2101 operibus”
2611 2031 2724 2086 sive
2767 2032 2821 2086 in
2847 2031 3172 2102 accipiendis
3213 2034 3432 2089 tributis
3474 2044 3531 2089 et
3554 2037 3851 2104 quibusdam

2290 2121 2485 2177 debitis
2509 2139 2524 2187 ;
2555 2123 2834 2192 sciantque
2857 2137 2952 2178 eos
2978 2122 3172 2180 fratres
3194 2140 3321 2181 suos
3343 2140 3485 2192 esse,
3515 2136 3573 2182 et
3594 2144 3756 2184 unum
3777 2145 3850 2199 pa-

2291 2219 2428 2267 trem
2452 2228 2635 2268 secum
2658 2215 2700 2245 ”
2728 2215 2927 2270 habere
2966 2216 3151 2279 Deum,
3197 2218 3282 2273 cui
3323 2217 3369 2250 ²³
3399 2219 3679 2276 clamant:
3719 2221 3849 2276 Pater

2289 2313 2479 2369 noster,
2507 2304 2596 2376 qui
2616 2322 2669 2359 es
2691 2307 2745 2360 in
2767 2305 2956 2372 caelis;
2972 2323 3134 2362 unam
3161 2317 3412 2378 matrem,
3437 2321 3686 2368 sanctam
3705 2314 3844 2369 eccle-

2289 2393 2445 2461 siam,
2474 2412 2611 2466 quae
2637 2412 2730 2452 eos
2769 2397 3091 2454 intemerato
3136 2401 3276 2456 sacri
3302 2400 3470 2458 fontis
3497 2413 3657 2459 utero
3677 2406 3838 2476 gignit.

2288 2489 2578 2560 Disciplina
2608 2491 2771 2561 igitur
2796 2493 2876 2547 eis
2913 2492 3417 2550 misericordissima
3457 2505 3512 2551 et
3554 2498 3839 2567 gubernatio

2287 2593 2550 2653 oportuna
2580 2585 2883 2641 adhibenda
2905 2594 2987 2642 est
3013 2600 3028 2639 :
3057 2587 3359 2657 disciplina,
3387 2605 3455 2645 ne
3478 2589 3839 2660 indisciplinale

2285 2672 2516 2731 vivendo
2535 2686 2811 2734 auctorem
2842 2694 2999 2734 suum
3022 2679 3322 2745 oll'enthnt;
3352 2682 3682 2752 gubernatio,
3711 2698 3771 2737 ne
3789 2682 3836 2736 in

2286 2765 2574 2823 cotidianis
2595 2767 2738 2822 vitae
2757 2772 3150 2828 commeatibus
3174 2770 3219 2802 “
3235 2772 3593 2844 praelatorum
3622 2773 3838 2828 admini.

2285 2858 2410 2915 culo
2433 2860 2676 2917 destituti
2698 2862 2964 2920 fatescant
2985 2866 3053 2921 ".

2355 2981 2445 3036 40.
2486 2981 2564 3037 De
2585 2983 2793 3054 feminis
2829 2993 2880 3039 et
2905 2986 3200 3054 abbatissis,
3227 2989 3412 3061 quales
3453 2992 3557 3046 sint
3581 3007 3706 3062 quae
3742 3007 3835 3045 mo-

2286 3074 2528 3136 nasteriis
2541 3074 2863 3144 puellaribus
2881 3080 3138 3150 praeferri
3150 3080 3356 3136 debent.
3382 3082 3712 3139 Monasteriis
3730 3099 3836 3138 sane

669 3165 759 3221 57.
799 3166 878 3222 De
897 3167 1014 3235 hoc,
1043 3178 1098 3224 ut
1129 3169 1192 3225 ab
1220 3173 1528 3232 incestuosis
1559 3188 1610 3234 et
1630 3180 1695 3235 ab
1716 3181 1800 3237 his
1819 3185 1912 3256 qui
1947 3186 2178 3244 decimas
2203 3158 2251 3223 Ο
2281 3165 2611 3236 “nummus
2651 3167 2788 3223 mes
2827 3169 3091 3239 praeferri
3117 3172 3312 3228 debent
3359 3173 3594 3231 feminae
3633 3184 3684 3231 et
3703 3175 3836 3231 ab”

599 3275 706 3315 non
727 3259 876 3325 dant,
901 3269 952 3315 et
973 3278 1005 3314 a
1030 3264 1342 3334 presbyteris
1368 3269 1696 3340 neglegenter
1721 3275 2004 3333 viventibus
2024 3283 2180 3337 wadii

601 3365 706 3405 non
727 3351 1073 3419 accipiantur.
1116 3352 1328 3410 Dictum
1354 3367 1438 3413 est
1479 3362 1656 3430 nobis,
1699 3367 1844 3434 quod
1883 3368 1938 3423 in
1960 3373 2183 3440 quibus-

600 3438 724 3494 dam
751 3439 885 3494 locis
901 3441 1137 3513 episcopi
1162 3454 1216 3499 et
1243 3449 1472 3506 comites
1488 3453 1556 3507 ab
1577 3453 1901 3516 incestuOsis
1927 3438 2073 3520 et—ab
2095 3467 2182 3522 his

599 3530 693 3599 qui
727 3531 962 3587 decimas
995 3549 1101 3589 non
1126 3535 1275 3602 dant,
1303 3541 1506 3598 wadios
1532 3547 1798 3617 accipiant
1823 3561 1876 3606 et
1907 3569 1938 3608 a
1966 3555 2008 3587 ¹³
2029 3572 2181 3627 pres-

600 3621 808 3691 byteris
836 3638 933 3693 pro
970 3625 1291 3693 quibusdam
1342 3633 1714 3705 neglegentiis,
1754 3649 1809 3696 et
1838 3643 1980 3699 inter
2087 3664 2181 3718 pe-

600 3712 819 3768 cuniam
849 3714 893 3745 “
916 3715 1178 3774 dividant.
1221 3720 1373 3788 Quod
1396 3730 1610 3794 penitus
1643 3734 1962 3792 abolendum
1992 3712 2180 3796 decre-

599 3803 795 3886 vimus,
824 3822 894 3863 ue
935 3807 1074 3865 forte
1101 3814 1361 3870 avaritiae
1397 3817 1550 3876 locus
1592 3823 1779 3893 detur;
1811 3837 1865 3882 et
1890 3834 2178 3903 constitui-

598 3911 740 3962 mus,
769 3906 828 3951 ut
857 3898 1148 3956 incestuosi
1171 3903 1318 3960 iuxta
1345 3910 1658 3966 canonicam
1700 3898 2021 3975 sententiam
2047 3938 2177 3993 poc-

593 3985 822 4042 nitentia
844 3990 1168 4061 multentur;
1201 4001 1293 4066 qui
1325 4012 1454 4072 vero
1482 4001 1718 4062 decimas
1736 4019 1861 4078 post
1883 3985 2101 4071 crebras
2130 4020 2174 4050 ³⁸

593 4079 1010 4136 ammouitiones
1065 4091 1121 4138 et
1171 4086 1602 4154 praedicationes
1657 4100 1995 4156 sacerdotum
2042 4105 2172 4163 dare

588 4167 945 4236 neglexerint,
977 4178 1528 4236 cxcommunicentur.
1579 4179 1886 4247 luramento
1918 4209 2050 4252 vero
2075 4212 2170 4254 eos

586 4259 885 4352 constringi
908 4263 1158 4322 nolumus
1181 4265 1241 4299 ’⁸⁸
1263 4281 1482 4341 propter
1500 4275 1799 4343 periculum
1831 4285 2074 4352 periurii.

659 4349 748 4403 58.
791 4340 866 4404 De
893 4352 1204 4412 discretione
1235 4340 1467 4432 corporis
1500 4340 1564 4419 -ετ
1605 4340 1876 4440 sanguinis
1903 4375 2167 4434 Dominici

586 4441 928 4510 perceptione.
959 4443 1015 4498 In
1038 4451 1383 4518 perceptione
1411 4459 1654 4528 corporis
1679 4469 1733 4517 et
1761 4467 2038 4536 sanguinis
2061 4471 2164 4527 Do-

587 4529 771 4584 minici
797 4547 989 4602 magna
1018 4537 1272 4597 discretio
1292 4545 1591 4604 adhibenda
1619 4561 1721 4607 est.
1749 4529 2056 4617 Cavendum
2085 4575 2168 4620 est

582 4619 753 4687 enim,
791 4636 859 4676 ne
886 4625 932 4678 si
956 4626 1183 4683 nimium
1209 4631 1265 4685 in
1295 4633 1511 4706 longum
1545 4641 1852 4711 dill‘eratur,
1885 4650 1952 4704 ad
1987 4656 2170 4721 perni-

585 4715 714 4769 tiem
739 4717 950 4773 animae
987 4722 1272 4789 pertineat,
1310 4727 1522 4786 dicente
1567 4734 1831 4794 Domino:
1869 4715 2168 4801 Nisi-man-

584 4809 897 4864 ducaveritis
934 4827 1144 4868 carnem
1187 4815 1287 4884 ﬁlii
1317 4819 1543 4878 hominis
1599 4835 1648 4879 et
1691 4832 2001 4899 sanguinem
2053 4838 2166 4893 eius

581 4894 830 4964 biberitis,
861 4916 963 4954 non
991 4903 1242 4960 habebitis
1277 4910 1432 4965 vitam
1461 4914 1514 4969 iu
1557 4916 1714 4972 vobis.
1762 4894 1818 4976 Si
1846 4937 1972 4979 vero
1994 4924 2164 4983 indis-

582 4996 728 5044 crete
749 4992 1046 5063 accipiatur
1078 4997 1142 5063 ",
1171 4998 1464 5058 timendum
1489 5015 1574 5063 est
1591 5008 1738 5078 illud,
1763 5014 1906 5082 quod
1926 5016 2000 5072 ait
2023 5017 2163 5090 Apo~

2287 3256 2453 3312 tissae
2478 3257 2642 3322 credi,
2676 3273 2814 3330 quae
2835 3268 2891 3314 et
2915 3275 2974 3317 se
2995 3270 3051 3317 et
3079 3263 3352 3320 subditum
3374 3280 3592 3338 gregem
3611 3283 3726 3322 cum
3747 3284 3837 3322 ms-

2283 3363 2386 3419 gna
2415 3348 2674 3420 religione
2711 3358 2769 3407 et
2807 3354 3096 3410 sanctitate
3143 3356 3416 3415 custodire
3455 3361 3701 3416 noverint
3717 3362 3773 3427 ",
3793 3369 3838 3416 et

2282 3437 2369 3494 bis
2392 3440 2589 3510 quibus
2622 3451 2903 3511 praesunt,
2957 3446 3214 3516 prodesse
3239 3464 3346 3504 non
3371 3450 3651 3518 desinant,
3684 3453 3766 3509 sed
3792 3462 3833 3506 et

2282 3543 2341 3586 se
2368 3539 2422 3586 et
2444 3531 2564 3587 illas
2588 3533 2664 3587 ita
2687 3535 2996 3603 observent,
3026 3546 3213 3607 utpote
3238 3555 3370 3597 vasa
3407 3551 3600 3598 sancta
3626 3544 3682 3599 in
3706 3545 3836 3598 mini-

2281 3623 2448 3677 sterio
2474 3623 2685 3680 Domini
2708 3636 3046 3696 praeparata.
3074 3629 3260 3686 Talem
3284 3633 3428 3687 enim
3455 3649 3515 3688 se
3542 3635 3698 3690 debet
3715 3635 3840 3690 exhi-

2278 3712 2407 3768 bere
2429 3714 2658 3771 subditis
2695 3717 2750 3771 in
2775 3717 2983 3786 habitu,
3012 3719 3068 3774 in
3090 3729 3261 3789 veste,
3293 3723 3346 3777 in
3360 3726 3508 3780 omni
3535 3726 3580 3757 "
3596 3727 3836 3786 convictu,

2278 3814 2338 3859 ut
2365 3806 2445 3862 eis
2466 3808 2535 3862 ad
2556 3810 2810 3865 coelestia
2836 3825 2999 3883 regna
3032 3816 3381 3884 pergentibus
3407 3818 3666 3874 ducatum
3706 3835 3837 3890 prae-

2277 3897 2420 3953 beat.
2449 3899 2595 3955 Sciat
2623 3901 2668 3932 ²⁸
2695 3903 2876 3970 etiam,
2919 3919 2977 3959 se
2996 3921 3094 3976 pro
3123 3907 3210 3962 his
3237 3923 3371 3977 quas
3396 3910 3452 3965 in
3485 3913 3745 3983 regimine
3768 3928 3837 3966 ac-

2276 3989 2438 4058 cepit,
2471 3990 2526 4044 in
2552 4001 2844 4062 conspectu
2869 3995 3081 4054 Dominl
3106 4000 3374 4056 rationem
3397 4003 3750 4060 reddituram.

2343 4111 2433 4166 di.
2473 4113 2551 4168 De
2571 4115 2874 4172 incestuosis
2898 4127 2946 4173 et
2972 4119 3266 4189 homicidia,
3300 4126 3638 4182 sacerdotum
3661 4145 3836 4184 amine-

2274 4203 2554 4258 nitionibus
2575 4222 2756 4260 aurem
2777 4207 3068 4265 nolentibus
3093 4216 3510 4272 accommodare.
3539 4219 3832 4281 lncestuosi.

2270 4295 2569 4362 parricidae
2595 4296 2661 4363 ",
2690 4299 2991 4358 homicidae
3015 4302 3060 4334 '°
3100 4306 3257 4360 multi
3303 4311 3442 4379 apud
3490 4327 3593 4368 nos
3621 4314 3720 4369 heu
3756 4329 3836 4383 pro

2270 4386 2449 4444 dolor!
2484 4391 2888 4461 repperiuntur,
2942 4397 3035 4451 sed
3063 4397 3227 4468 aliqui
3269 4416 3337 4457 ex
3363 4401 3471 4458 illis
3515 4405 3834 4462 sacerdotum

2198 4517 2242 4576 Β
2269 4477 2457 4532 nolunt
2475 4480 2930 4542 admonitionibus
2953 4500 3143 4544 aurem
3166 4497 3602 4562 accommodare,
3619 4499 3836 4554 volentes

2270 4569 2325 4624 in
2351 4571 2592 4639 pristinis
2626 4576 2921 4643 perdurare
2948 4579 3271 4640 criminibus
3297 4599 3311 4640 :
3341 4601 3480 4656 quos
3519 4598 3732 4659 oportet
3755 4605 3836 4660 per

2265 4661 2524 4717 secularis
2566 4667 2837 4734 potentiae
2870 4669 3208 4742 disciplinam
3243 4691 3271 4730 a
3299 4685 3406 4732 tam
3441 4693 3613 4748 prava
3638 4698 3835 4737 consue-

2265 4753 2448 4806 tudine
2478 4755 2789 4824 cohercere,
2821 4761 2913 4830 qui
2939 4777 3036 4832 per
3057 4764 3336 4820 salutifera
3368 4772 3712 4828 sacerdotum
3737 4761 3841 4828 me;

2262 4843 2376 4897 nita
2402 4843 2689 4902 noluerunt
2711 4852 2952 4906 revocari
2966 4873 2989 4908 ε
3009 4868 3239 4923 quorum
3261 4857 3471 4928 aliquos
3505 4861 3616 4917 iam
3638 4878 3836 4920 excom-

2270 4933 2684 5003 municavimus,
2715 4939 2810 4994 sed
2839 4940 2916 4995 illi
2949 4942 3054 4998 hoc
3073 4943 3118 4975 ³¹
3160 4948 3615 5019 parvipendentes
3663 4954 3715 5008 in
3739 4955 3837 5008 his-

2270 5023 2389 5077 dem
2411 5026 2771 5094 perdurarunt
2791 5030 3127 5088 criminibus.
3168 5034 3530 5104 Quamobrem
3560 5055 3739 5100 vestra
3762 5043 3838 5098 de-

1789 5145 2178 5226 VARIANTES
2211 5173 2612 5235 LECTIONES.

579 5308 844 5381 medii
886 5308 935 5361 ῖ-
953 5308 1190 5390 natalem
1223 5308 1296 5393 F.

711 5396 768 5470 l._
863 5399 905 5430 ¹⁰
943 5403 1249 5470 spiritualcs
1275 5407 1340 5464 Β.

949 5611 994 5641 ²⁶
1032 5614 1296 5672 voluerint
1330 5621 1393 5676 ϐ.

575 5673 621 5706 ³⁸
657 5676 918 5747 patt'icide
941 5679 994 5734 ιι.
1069 5683 1114 5715 ³⁸
1153 5686 1294 5743 deest
1334 5673 1390 5747 5.
1464 5692 1507 5725 ⁸⁸

1804 5387 1820 5403 .
1876 5351 1931 5440 ’⁸
1960 5351 2098 5440 lit...
2119 5357 2350 5440 habeant
2390 5351 2719 5440 hieomissa

711 5413 770 5495 ι.ι
863 5413 905 5482 ’ξ
943 5413 1249 5495 spirituales
1275 5413 1380 5495 Β...
1444 5413 1502 5495 η.
1523 5413 1662 5469 deest
1687 5417 1783 5495 hoc
1802 5421 1928 5495 c._5.
1959 5425 1992 5479 5
2013 5427 2065 5479 b.
2095 5429 2185 5482 sed

662 5467 1106 5575 grefbcrrilmaig;
1133 5477 1399 5575 βαρ-Ἃ
1417 5483 1662 5575 vlolutnps
1835 5467 2185 5575 "nac'ei'pit'n;
2205 5467 2706 5575 '1)‘.u:"';‘p:obet
2740 5467 2908 5565 5:57:
2931 5511 2984 5568 6.

575 5530 853 5636 me.
886 5540 928 5568 "
949 5541 1403 5636 ,ςεεξερεριξιιξῐε
1428 5530 1662 5636 λιέζῖέὶἱῖ
1688 5530 1754 5589 τί
1790 5575 1848 5636 se
1865 5530 2187 5636 .⁶ῗ“²¹ί’ἶίἶῖί
2213 5530 2265 5623 ἕο
2373 5530 2441 5627 σέ

1553 5631 1822 5707 communi
1859 5631 1908 5686 1.
1987 5635 2031 5666 ’⁸
2066 5624 2394 5707 prebeant..

2351 5331 2364 5346 .
2400 5363 2412 5372 ι
2433 5364 2446 5372 _
2466 5295 2488 5326 ’⁵
2525 5296 2724 5372 natalis
2751 5299 2801 5354 Ι.
2831 5303 3008 5357 natale
3031 5305 3084 5359 5.
3108 5304 3174 5360 Β.
3279 5309 3300 5340 ⁸
3339 5309 3528 5367 Remei
3572 5316 3629 5370 1.
3659 5317 3714 5372 Ξ.
3744 5317 3841 5372 Re-

3229 5381 3373 5448 ponit
3399 5382 3454 5436 5.
3553 5385 3574 5417 ⁹
3614 5391 3839 5443 oratori-

2700 5441 2742 5472 “
2771 5442 2910 5512 deest
2948 5511 2956 5512 ί
3010 5441 3065 5500 ι.
3111 5444 3152 5477 ⁸³
3191 5441 3331 5503 deest
3365 5451 3420 5505 2.
3528 5455 3570 5486 ³⁸
3611 5441 3760 5512 deest
3787 5441 3837 5511 (i.

3087 5514 3131 5548 “
3167 5519 3307 5574 deest
3346 5520 3398 5576 6.
3500 5526 3546 5557 ’°
3585 5530 3752 5583 ceteri
3789 5529 3836 5580 i.

2519 5577 2564 5653 'f
2604 5582 3016 5641 necessitatibus
3039 5585 3096 5640 4.
3193 5588 3240 5620 ³⁸
3277 5589 3547 5650 fateseant
3591 5577 3842 5653 233.15;
3880 5624 3882 5628 τ

2414 5685 2426 5696 .
2469 5647 2677 5704 sciant.
2704 5690 2716 5703 .
2746 5691 2760 5706 .
2797 5667 3122 5724 acceperunt
3150 5699 3164 5712 .
3193 5699 3243 5739 τ.
3282 5647 3835 5725 ιιῡάἂίιῖίιέιενέξὲξῦ.
