3992 6344
577 283 682 344 εει
1382 278 1442 336 Β.
1482 277 1733 336 CABOLI
1763 274 1980 334 MAGNI
2014 271 2153 332 OPP.

2267 272 2382 329 ωε
2417 273 2460 331 Ι.
2498 272 2742 333 SEC'HO
2780 274 3013 330 PRIMA.
3756 279 3843 337 552

643 401 722 451 66.
759 398 836 450 De
868 395 1114 448 messibus
1141 393 1229 446 vel
1267 394 1468 444 annonis
1505 395 1556 444 in
1593 394 1736 442 hoste
1773 391 1930 454 raptis
1967 386 2046 438 vel
2089 386 2160 436 tuo
2189 391 2238 445 Α
2325 383 2404 433 79.
2431 384 2506 434 De
2527 385 2704 447 placito
2731 386 3032 435 centenarii.

581 464 715 533 ratis.
752 523 791 533 _
1045 530 1058 533 _
1085 530 1130 533 η
1216 530 1231 533 _
1261 517 1304 533 ,Δ
1331 515 1515 533 “Am
1555 516 1752 533 ,μώ-
2269 527 2279 533 Α
2327 465 2402 516 80.
2431 467 2506 533 De
2539 468 2852 529 inquisitione
2877 475 2930 518 et
2953 467 3283 530 descriptione
3311 467 3696 533 uniuscuiusq-ie
3721 473 3836 524 missi

645 524 723 573 67.
751 523 826 572 De
850 521 1006 570 libero
1044 519 1236 568 nomine
1261 517 1308 565 in
1331 515 1520 566 hostem
1555 516 1772 566 bannito.
2266 527 2316 576 in
2337 541 2428 576 δυο
2449 515 2708 578 nummo;

644 585 708 633 68
751 584 826 634 De
851 583 1131 632 hairibanno
1153 577 1440 628 exactando.

643 610 720 696 ἕξ.
851 610 1503 702 '35?"§.§£E¥'ii§iléni
1539 639 1751 687 honores
1785 641 1840 685 et
1879 635 1930 684 in
1969 634 2160 684 hostem

1879 635 1930 684 ιη
1969 634 2160 684 hostem
2323 611 2402 658 8|.
2431 610 2503 659 De
2524 611 2791 672 beneﬁciis,
2809 611 3021 673 qualiter
3042 611 3287 660 condricta
3303 611 3419 661 sint.

581 693 766 756 bariiiiti
793 693 1400 764 adcondietntnvplacitum
1425 714 1518 748 non
1545 704 1786 749 venerint.
2302 693 2400 764 r8}?-
2425 694 2778 764 pe_beneﬂggiis
2816 697 3172 764 episcoporum,
3200 698 3428 746 abbatum
3458 705 3509 746 et
3537 697 3629 746 reli
3649 711 3831 764 illarum,

644 755 730 826 70,
747 768 821 817 De
847 769 921 825 [iis
943 769 1024 826 qui
1049 770 1156 812 sine
1177 755 1369 826 licentia
1387 767 1450 809 «te
1473 764 1616 826 hoster
1646 764 1976 826 revertuntur.
2263 756 2396 804 etde
2422 755 2546 804 ﬁscis
2567 757 2816 816 regalibus
2837 755 3201 806 describendis.
3651 755 3660 758 '
3820 755 3830 764 '
3933 759 3935 800 ξ

643 824 823 905 21.2e
849 824 926 878 his
947 824 1028 889 qui
1053 825 1290 905 betielllci:
1318 826 1580 905 [trillflltiu'tt
1609 824 1805 870 habent.

2360 843 2401 887 7i.
2435 838 2502 887 De
2523 838 2854 902 legationibus
2875 847 3075 902 prOpter
3093 842 3319 900 iustitias,
3342 854 3440 904 quo
3459 847 3680 905 tempere
3705 858 3834 893 exer-
3933 827 3934 830 η

640 892 718 941 72.
748 891 821 940 De
847 904 939 938 non
962 887 1184 949 cogendo
1209 889 1379 935 bibere
1400 888 1444 932 in
1469 887 1627 933 hoste.
1669 947 1697 950 Η
1879 948 1884 950 _
2065 942 2076 950 _
2264 908 2484 950 manum

541 983 550 991 -
636 951 717 1001 75.
741 950 816 1000 De
847 953 995 998 vassis
1014 942 1167 996 adhuc
1187 952 1233 997 in
1256 951 1431 1010 palatio
1449 947 1777 997 servientibus
1802 952 1854 993 et
1876 948 2038 992 tamen
2065 942 2117 991 bc

579 1012 749 1062 nelicia
773 1013 1076 1061 habentibus.

2530 985 2746 1034 iussioae
2777 985 3013 1035 dominica
3044 984 3092 1032 in
3120 982 3343 1046 quolibet
3366 984 3616 1035 missatico
3641 998 3729 1036 non
3757 989 3825 1035 a1-

638 1047 1229 1135 i'i.'"til§",3él.‘é7.§iinone
1277 1068 1336 1116 ad
1376 1068 1563 1117 hostem
1608 1067 1874 1118 secundum
1915 1068 2159 1128 antiquam

906 1047 1229 1132 ii‘éIEiiinone
1277 1068 1336 1116 ad
1376 1068 1563 1117 hostem
1608 1067 1874 1118 secundum
1915 1068 2159 1128 antiquam
2266 1047 2482 1135 πει-ριξ-

573 1130 996 1187 comiietudmem.
1803 1190 1829 1193 μ
1869 1192 1874 1193 ,
1994 1189 2004 1193 ,
2144 1189 2149 1193 .

1803 1190 1829 1193 μ
1869 1192 1874 1193 ί
1994 1189 2004 1193 Α
2144 1189 2155 1193 _
2327 1131 2404 1178 εδ.
2434 1130 2506 1193 De
2527 1143 2676 1178 censu
2698 1131 2850 1192 regali
2878 1131 3191 1193 inquirendo.

638 1200 716 1249 75.
745 1198 818 1246 De
844 1202 951 1251 hoc,
981 1203 1035 1244 ut
1068 1207 1162 1243 non
1205 1194 1292 1241 nisi
1328 1193 1642 1252 pennis-sione
1679 1190 1833 1251 regali
1867 1189 2035 1254 brnnla
2082 1189 2156 1237 \el
2327 1194 2402 1240 86.
2432 1192 2505 1240 Ue
2545 1195 2710 1253 rebus,
2733 1189 2795 1241 de
2834 1189 3011 1254 quibus
3047 1206 3226 1243 census
3248 1191 3310 1241 ad
3331 1197 3524 1252 partem
3558 1193 3693 1250 regis
3713 1196 3828 1246 exire

577 1260 788 1324 gladius_
801 1260 978 1308 homini
1003 1267 1241 1324 extraneo
1262 1268 1288 1302 a
1314 1255 1535 1324 quolibet
1557 1257 1702 1301 detur
1725 1263 1806 1301 aut
1836 1253 2088 1301 vendatur.
2265 1254 2475 1324 soleliat‘.

639 1323 719 1372 76.
761 1321 833 1371 De
855 1333 1107 1374 causarum
1130 1325 1182 1365 et
1217 1313 1367 1364 litium
1392 1317 1630 1366 terminis.
2329 1317 2406 1362 87.
2438 1315 2510 1364 De
2537 1313 2724 1377 placitis
2743 1329 2769 1363 a
2798 1318 2961 1366 missis
2997 1316 3256 1366 dominicis
3292 1316 3552 1366 comitibus
3589 1325 3745 1366 notum
3775 1315 3829 1366 la-

638 1385 714 1432 77.
761 1383 834 1432 De
876 1384 1130 1444 episcopis,
1171 1380 1425 1426 ouantibus
1462 1385 1513 1426 et
1539 1377 1925 1437 uotieaitioribus,
1952 1377 1992 1424 si
2038 1387 2158 1421 tau-
2265 1377 2477 1444 cicadis.

574 1457 680 1494 sam
720 1448 848 1492 inter
886 1437 940 1490 se
984 1437 1256 1488 habuerint.
1687 1491 1710 1498 _
2099 1497 2103 1498 ν
2325 1437 2403 1484 84.
2433 1439 2505 1487 υτ·
2533 1438 2770 1486 ﬁdelitate
2795 1439 2930 1497 regis
2957 1438 3306 1498 promittenda.

637 1491 832 1554 78.7'De
875 1505 1080 1553 testibus
1117 1503 1174 1551 ad
1210 1515 1316 1550 rem
1359 1500 1627 1562 quamlibet
1665 1491 2015 1548 decutiendam
2062 1497 2157 1546 eli-
2326 1502 2405 1547 8!).
2430 1501 2502 1562 De
2532 1501 2800 1548 homicidiis
2824 1491 3167 1558 iiilra'patriam
3207 1500 3361 1550 lactis.

575 1569 772 1633 gendis.
1379 1561 1387 1562 ί
2324 1563 2401 1610 90.
2431 1561 2504 1610 De
2529 1575 2770 1610 mensuris
2794 1572 2846 1611 et
2871 1563 3187 1624 ponderibus.
3234 1581 3258 1602 ο

1213 1733 1554 1789 INCIPIUNT
1595 1728 1983 1784 PRAEDICTA
2024 1727 2369 1782 caenum
2408 1729 2494 1782 ET
2537 1729 2777 1785 EORUM
2822 1730 3101 1787 TEXTUS
3141 1733 3158 1762 ι

1850 1852 1933 1865 —

647 1926 701 1980 l.
743 1924 820 1978 De
840 1940 966 1996 pace
992 1921 1268 1977 servanda.
1300 1920 1375 1974 De
1400 1934 1534 1990 pace
1562 1919 1930 1977 admonemus,
1963 1923 2022 1969 ut
2049 1930 2160 1967 om-
2194 1917 2234 1975 Β
2264 1911 2395 1980 berg
2415 1912 2479 1972 “,
2510 1918 2564 1963 et
2589 1910 2656 1964 ad
2686 1909 3070 1978 Reganesburg
3097 1909 3161 1974 ",
3200 1919 3255 1964 et
3301 1911 3369 1966 ad
3412 1911 3754 1981 Lauriacum;
3782 1930 3819 1971 et

573 2031 689 2079 nes,
741 2015 832 2084 qui
876 2028 970 2082 per
1017 2013 1037 2042 ¹
1080 2013 1257 2080 aliqua
1303 2010 1508 2064 scelera
1574 2009 1622 2061 ei
1667 2007 1687 2037 ³
1743 2005 1969 2060 rebelles
2017 2011 2161 2066 sunt,
2270 2011 2327 2054 ut
2354 2017 2504 2055 arma
2545 2009 2599 2053 et
2631 2002 2852 2054 brunias
2900 2017 3007 2054 non
3056 2002 3258 2056 ducant
3303 2001 3370 2055 ad
3419 2006 3818 2060 venundandam.

572 2111 1034 2178 constringam“.
2268 2091 2423 2158 Quod
2460 2093 2503 2148 si
2537 2093 2740 2147 inventi
2777 2091 2978 2148 fuerint
3004 2102 3318 2162 portantes,
3348 2097 3530 2151 omnis
3558 2098 3818 2154 substantia

640 2200 696 2255 2.
737 2199 814 2253 De
835 2197 1049 2252 iustitiis
1076 2192 1426 2267 generalibus.
1462 2191 1537 2246 De
1563 2190 1786 2244 iustitiis
1811 2186 2162 2243 ecclesiarum
2266 2195 2452 2236 eorum
2488 2182 2767 2238 auferatur
2789 2185 2857 2239 ab
2883 2185 2990 2250 eis;
3032 2184 3254 2240 dimidia
3280 2187 3496 2256 quidem
3544 2204 3670 2257 pars
3691 2191 3817 2259 parti-

569 2291 683 2355 Dei,
707 2290 1007 2351 viduarum,
1035 2287 1346 2343 ori-auorum
1372 2284 1757 2355 ctpnpillorum
1781 2282 2160 2351 praecipimus,
2267 2276 2368 2330 bus
2391 2275 2595 2344 palatii,
2615 2275 2719 2330 alia
2750 2291 2876 2331 vero
2901 2275 3160 2332 medietas
3187 2278 3327 2332 inter
3348 2279 3456 2332 iam
3475 2281 3647 2335 dictos
3665 2282 3817 2337 missos

567 2391 629 2438 ut
675 2383 730 2436 in
756 2381 990 2451 publicis
1028 2378 1242 2433 iudiciis
1298 2392 1406 2431 non
1455 2374 1814 2444 dispiciantur
1843 2372 2160 2434 clamantes,
2265 2376 2320 2424 et
2347 2371 2680 2425 inventorem
2715 2371 3004 2426 dividatur.

564 2475 661 2530 sed
683 2473 970 2543 diligenter
995 2471 1303 2526 audiantur.
2338 2460 2390 2513 7.
2432 2461 2510 2514 De
2533 2461 2907 2517 clamatoribus
2933 2461 3008 2516 vel
3031 2462 3332 2518 causidicis.
3367 2465 3444 2519 De
3469 2465 3818 2523 clamatoribus

634 2567 690 2622 3.
729 2565 808 2620 De
854 2565 1068 2618 iustitiis
1107 2561 1384 2632 regalibus.
1419 2560 1495 2613 De
1545 2557 1764 2612 iustitiis
1806 2554 2078 2626 regalibus
2117 2552 2160 2620 ⁸,
2265 2552 2349 2606 vel
2373 2551 2681 2618 causidicis,
2714 2554 2805 2622 qui
2838 2569 2935 2609 nec
2979 2554 3236 2609 iudicium
3279 2557 3638 2612 scabiniorum
3667 2559 3705 2588 "
3745 2560 3820 2611 ad-

563 2664 626 2712 ut
645 2656 877 2726 pleniter
914 2655 1047 2709 ﬁant
1083 2653 1394 2722 inquisitae.
2265 2647 2544 2716 quiescere
2589 2661 2687 2702 nec
2725 2649 3097 2718 blasphemare
3123 2649 3169 2680 ²⁸
3207 2648 3415 2715 volunt,
3465 2653 3673 2720 antiqua
3715 2666 3800 2706 oon

632 2746 689 2800 4.
733 2745 807 2801 De
832 2746 995 2800 armis
1024 2762 1127 2798 non
1167 2745 1187 2772 ³
1240 2741 1535 2814 portandis.
1578 2742 1652 2795 De
1676 2740 1843 2794 armis
1887 2739 2026 2794 infra
2067 2755 2163 2810 pa-
2264 2737 2494 2795 suetudo
2527 2748 2793 2801 servetur,
2843 2738 2894 2792 id
2924 2747 3092 2793 estut
3122 2739 3174 2794 in
3199 2742 3448 2795 custodia
3487 2742 3816 2805 recludantur,

563 2837 726 2891 triam
762 2852 870 2890 non
916 2835 937 2866 ⁶
989 2833 1297 2906 portandis,
1342 2833 1393 2888 id
1444 2840 1527 2888 est
1573 2833 1742 2886 scutis
1780 2839 1833 2885 et
1869 2831 2070 2886 lanceis
2107 2839 2161 2884 et
2265 2835 2436 2888 donec
2461 2851 2626 2888 unum
2652 2849 2681 2888 e
2714 2833 2921 2888 duobus
2950 2831 3153 2888 faciant
3179 2833 3244 2885 “.
3286 2833 3354 2887 Et
3381 2835 3426 2888 si
3450 2836 3510 2889 ad
3529 2833 3812 2904 palatium"

563 2927 766 2982 loricis.
799 2926 855 2981 Si
885 2926 1124 2981 faidosus
1147 2926 1165 2956 ⁷
1193 2925 1314 2994 quis
1339 2925 1426 2986 sit,
1456 2923 1779 2978 discutiatur
1818 2922 1838 2952 ⁸
1872 2929 2020 2986 tunc,
2039 2921 2162 2990 quis
2262 2938 2362 2992 pro
2394 2925 2496 2979 hac
2519 2940 2575 2978 re
2598 2925 2952 2979 clamaverint
2991 2933 3046 2979 et
3081 2924 3293 2981 litteras
3325 2925 3696 2989 detulerint",
3727 2941 3816 2980 non

564 3034 595 3073 e
619 3019 833 3074 duobus
857 3017 1166 3074 contrarius
1192 3017 1262 3072 sit
1288 3027 1348 3071 ut
1373 3016 1549 3086 pacati
1579 3015 1728 3078 liant,
1753 3021 1808 3069 et
1835 3015 2162 3083 distringan-
2263 3017 2479 3085 quidem
2518 3017 2597 3070 eis
2622 3015 2892 3081 credatur,
2921 3030 3021 3071 nec
3047 3025 3227 3072 tamen
3255 3018 3310 3072 in
3332 3031 3552 3073 carcere
3575 3017 3614 3048 ”
3641 3032 3817 3086 ponan-

563 3120 652 3167 tur
687 3111 753 3167 ad
779 3125 985 3181 pacem,
1025 3111 1190 3165 etiam
1219 3110 1262 3165 si
1293 3109 1587 3164 noluerint.
1627 3107 1695 3162 Et
1725 3107 1770 3162 si
1800 3107 1957 3162 aliter
1980 3121 2038 3161 se
2065 3121 2160 3176 pa-
2263 3115 2381 3174 tur;
2421 3109 2514 3164 sed
2539 3124 2663 3164 cum
2690 3110 2936 3164 custodia
2959 3119 3156 3165 etcum
3185 3111 3316 3180 ipsis
3341 3111 3534 3166 litteris
3552 3112 3742 3181 pariter
3761 3111 3813 3164 ad

563 3203 782 3260 ciﬁcare
814 3203 835 3234 ’
883 3203 1093 3268 nolunt,
1144 3203 1482 3257 adducantur
1527 3202 1580 3254 in
1622 3208 1861 3255 nostram
1897 3212 2157 3269 praesen-
2260 3199 2520 3268 palatium
2568 3208 2814 3254 nostrum
2861 3201 3237 3267 remittantur,
3291 3211 3352 3256 ut
3393 3202 3469 3257 ibi
3493 3201 3815 3257 discutiantur

562 3298 716 3354 tiam.
757 3298 825 3353 Et
849 3299 895 3354 si
933 3298 1128 3366 aliquis
1153 3305 1277 3366 post
1303 3295 1734 3364 paciﬁcationem
1783 3294 2014 3348 alterum
2063 3308 2155 3347 oc-
2181 3291 2226 3352 C
2260 3291 2402 3346 sicut
2427 3290 2648 3361 dignum
2679 3300 2782 3346 est.

560 3389 776 3455 ciderit,
803 3397 1072 3458 conponat
1099 3389 1139 3419 ¹⁰
1169 3385 1340 3452 illum,
1389 3395 1445 3440 et
1472 3401 1689 3440 manum
1719 3400 1882 3456 quam
1910 3387 1950 3416 “
1979 3385 2160 3454 periu-
2332 3384 2385 3439 8.
2428 3382 2506 3437 De
2527 3385 2841 3438 iuramento.
2870 3384 2946 3439 De
2971 3385 3292 3452 iuramento,
3319 3395 3380 3441 ut
3407 3386 3539 3441 nulli
3567 3385 3713 3440 alteri
3739 3397 3813 3454 per

562 3480 702 3536 ravit
726 3479 936 3548 perdat,
966 3486 1020 3532 et
1043 3478 1262 3546 insuper
1292 3477 1528 3530 bannum
1547 3477 1587 3504 ¹²
1609 3475 1937 3529 dominicum
1961 3474 2155 3528 solvat.
2262 3484 2661 3532 sacramentum
2690 3476 2920 3533 ﬁdelitas
2943 3480 3311 3547 promittatur,
3335 3479 3440 3534 nisi
3468 3479 3622 3534 nobis
3647 3486 3700 3533 et
3723 3478 3814 3532 uni-

634 3568 689 3623 5.
731 3566 808 3622 De
829 3577 1104 3621 armatura
1142 3584 1200 3620 ιη
1241 3567 1439 3620 hostem
1479 3565 1738 3620 habenda.
1780 3565 1856 3620 De
1883 3575 2157 3620 armatura
2262 3572 2456 3640 cuique
2484 3573 2704 3641 proprio
2727 3572 2926 3626 seniori
2973 3573 3039 3628 ad
3066 3583 3308 3628 nostram
3356 3574 3647 3628 utilitatem
3679 3583 3726 3626 et
3749 3571 3812 3627 sui

561 3656 618 3712 in
639 3654 903 3719 exercitu,
932 3655 1072 3710 sicut
1102 3663 1262 3709 antea
1299 3654 1342 3685 ¹³
1366 3655 1419 3708 in
1445 3654 1552 3710 alio
1571 3655 1856 3724 capitulari
1884 3668 2159 3710 commen-
2263 3665 2524 3730 senioris;
2553 3673 2778 3734 excepto
2805 3665 2890 3720 his
2924 3667 3300 3731 sacramentis,
3328 3682 3470 3737 quae
3490 3668 3630 3722 iuste
3653 3669 3813 3722 ἐερωι.

563 3749 826 3812 davimus,
866 3749 939 3803 ita
962 3757 1235 3815 servetur;
1283 3757 1339 3802 et
1366 3750 1584 3816 insuper
1613 3749 1655 3779 “
1678 3749 1855 3803 omnis
1893 3748 2053 3802 homo
2089 3749 2154 3801 de
2260 3752 2388 3807 dum
2419 3755 2590 3824 legem
2619 3754 2774 3808 alteri
2810 3755 2877 3809 ab
2924 3755 3096 3810 altero
3138 3756 3424 3812 debentur.
3477 3757 3544 3812 Et
3592 3757 3811 3816 infantes,

561 3841 846 3898 duodecim
892 3844 1096 3898 mansis
1148 3843 1397 3898 bruniam
1451 3843 1668 3896 habeat.
1720 3842 1821 3909 Qui
1866 3857 1993 3896 vero
2028 3845 2154 3897 bru-
2256 3841 2346 3910 qui
2381 3850 2538 3896 antea
2567 3857 2670 3896 non
2719 3850 3010 3910 potuerunt
3038 3843 3082 3874 ⁸⁸
3109 3854 3329 3915 propter
3376 3845 3660 3900 iuvenilem
3697 3853 3815 3898 aeta-

559 3933 706 3988 .Iiam
737 3935 940 3990 habens
969 3949 1087 3988 eam
1116 3948 1300 3989 secum
1345 3950 1452 3988 non
1499 3933 1698 3998 tulerit,
1746 3949 1906 3989 omne
1949 3932 2152 3989 bencﬁ-
2257 3934 2600 4011 temOiurare,
2629 3933 2789 3988 modo
2816 3934 3127 3989 ﬁdelitatem
3156 3937 3557 4004 repromittant.

532 4049 535 4052 ν
559 4027 703 4083 cium
733 4043 857 4083 cum
884 4029 1074 4083 brunia
1100 4027 1304 4097 pariter
1329 4027 1538 4096 perdat.
2326 4027 2378 4082 9.
2423 4025 2498 4080 De
2521 4026 3017 4096 conspirationibus.
3062 4027 3136 4081 De
3176 4029 3670 4096 conspirationibus
3692 4041 3812 4085 vero.

629 4119 684 4172 6.
712 4118 788 4172 De
813 4119 1523 4189 negotiatoribus,quousque
1549 4117 1852 4188 procedant.
1884 4117 1956 4172 De
1982 4131 2146 4187 nego—
2251 4119 2576 4190 quicumque
2617 4117 2796 4173 facere
2821 4118 2865 4148 ³¹
2913 4120 3374 4189 praesumpserint
3419 4129 3476 4174 et
3510 4129 3815 4176 sacramento

560 4210 866 4274 tiatoribus,
909 4210 999 4277 qui
1025 4209 1267 4278 partibus
1293 4207 1606 4263 Sclavorum
1639 4209 1681 4239 "
1705 4219 1757 4261 ct
1783 4206 2146 4262 Avarorum“
2250 4223 2646 4280 quamcumque
2691 4209 2736 4240 "
2781 4211 3239 4280 conspirationem
3279 4211 3634 4277 ﬁrmaverint,
3664 4221 3716 4266 ut
3738 4211 3815 4264 tri-

559 4308 810 4370 pergunt,
847 4314 1126 4368 quousque
1147 4301 1439 4368 procedere
1483 4316 1605 4353 cum
1643 4301 1755 4354 suis
1801 4299 2029 4368 negotiis
2055 4299 2145 4352 de-
2248 4303 2373 4372 plici
2403 4304 2609 4357 ratione
2636 4302 2958 4357 iudicentur.
2989 4302 3171 4358 Primo
3189 4311 3248 4358 ut
3273 4305 3603 4375 ubicumque
3631 4302 3817 4374 aliquod

551 4384 741 4454 beant,
779 4388 832 4443 id
854 4398 958 4452 est,
1002 4392 1243 4459 partibus
1287 4391 1556 4445 Saxoniae
1590 4404 1760 4458 usque
1796 4389 1862 4442 ad
1907 4388 2145 4442 Barden-
2250 4392 2447 4446 malum
2491 4407 2589 4460 per
2631 4391 2676 4423 ³³
2714 4392 2816 4447 hoc
2862 4402 3231 4462 perpetratum
3277 4394 3408 4460 fuit,
3439 4403 3688 4451 auctores
3709 4393 3813 4453 facii

561 4481 670 4536 wih
700 4482 763 4545 ¹⁷,
790 4488 845 4535 et
876 4480 944 4535 ad
971 4481 1330 4551 Magadoburg
1374 4483 1434 4545 “',
1473 4490 1527 4535 et
1566 4481 1632 4536 ad
1660 4479 1976 4549 Erphesfurt
1999 4479 2062 4546 ",
2091 4489 2144 4534 et
2259 4483 2670 4550 interﬁciantur,
2697 4485 2973 4552 adiutores
2998 4500 3126 4540 vero
3160 4502 3345 4541 eorum
3384 4487 3582 4557 singuli
3616 4488 3739 4541 alter
3758 4483 3814 4538 ab

559 4572 629 4626 ad
667 4569 950 4626 Halaxstat
988 4571 1056 4636 ’°,
1102 4578 1156 4624 et
1183 4571 1250 4624 ad
1276 4570 1597 4626 Forahheim
1642 4571 1683 4600 “
1707 4607 1722 4635 ,
1749 4577 1803 4622 et
1837 4567 1904 4623 ad
1935 4569 2150 4624 Breem-
2177 4557 2226 4619 υ
2251 4574 2425 4628 altero
2459 4572 2812 4643 ﬁagellentur,
2849 4583 2903 4628 et
2924 4588 3083 4630 nares
3104 4577 3205 4630 sibi
3237 4577 3464 4632 invicem
3500 4578 3810 4646 praecidant.

1797 4709 2190 4766 VARIANTES
2247 4709 2655 4768 LECTIONES.

633 4802 654 4836 ί
690 4803 878 4858 borum
917 4800 1028 4854 loco
1055 4801 1088 4854 5
1122 4799 1313 4855 habet:
1345 4800 1636 4870 explieiunt
1669 4799 1902 4868 capitula
1947 4815 2053 4868 que
2103 4809 2228 4856 sunt
2266 4802 2428 4856 salice
2455 4801 2603 4870 legis,
2631 4798 2873 4854 addenda
2909 4808 3070 4870 atque
3124 4802 3194 4858 ab
3238 4803 3506 4860 universis
3533 4814 3716 4862 sancte
3739 4805 3812 4860 det

561 4873 825 4931 ecclesiae
852 4869 1488 4943 fidelibusobservanda.
1515 4871 1573 4943 η’
1601 4885 1699 4940 pro
1711 4871 1906 4943 aliquo
1932 4871 2134 4943 scelere
2161 4873 2213 4926 5.
2257 4873 2291 4943 _'
2308 4872 2447 4925 deest
2474 4869 2524 4924 ει.
2557 4869 2685 4923 llld.
2709 4870 2787 4923 eis
2809 4870 2942 4943 5.}.
2960 4869 2997 4943 ξ
3021 4872 3040 4902 ⁵
3063 4873 3402 4943 regularibus
3437 4875 3489 4928 6.
3568 4878 3591 4908 '
3611 4877 3742 4932 deest
3761 4877 3807 4928 5·

563 4944 586 4976 '
619 4943 760 4998 deest
777 4945 837 5015 β.
942 4943 962 4974 "
986 4942 1274 5015 studiosus
1299 4942 1378 5015 Γ.
1419 4939 1678 5015 _l'aidipsus
1702 4940 1766 4993 Β.
1867 4942 1889 4972 ⁸
1927 4941 2052 5015 d._si
2081 4957 2211 5015 vero
2239 4941 2346 5015 duo
2379 4943 2519 5015 intra
2559 4955 2618 5015 se
2644 4941 2929 5015 contrarii
2952 4939 3169 5003 fuerint,
3196 4951 3255 4997 ut
3297 4945 3364 5015 ad
3388 4961 3577 5015 pacem
3611 4946 3806 5015 redeani

564 5152 749 5207 Parm.
803 5153 991 5207 Norm.
1024 5154 1318 5208 haurorum
1350 5153 1420 5206 Γ.
1467 5167 1680 5206 arorum
1708 5150 1824 5203 Div.
1850 5151 2234 5206 bauuariorum
2267 5154 2317 5205 1.
2342 5152 2396 5207 6.
2445 5150 2511 5206 6.
2555 5150 2670 5204 Riv.
2723 5150 2856 5204 Tim.
2907 5150 3071 5220 Sang.
3109 5153 3159 5206 Ι.
3194 5152 3340 5207 Colb.
3373 5156 3734 5212 bauuarorum
3759 5155 3805 5209 ὅ.

561 5222 936 5278 baiuvatornm
975 5223 1156 5278 Camb.
1199 5222 1578 5292 baugariorum
1609 5221 1772 5289 Sang.
1801 5220 1853 5292 ἓ.
1936 5223 1974 5292 ⁸7
2015 5223 2352 5276 Bardcnuuic
2381 5223 2455 5276 l‘.
2477 5221 2532 5292 4.
2564 5221 2942 5292 Bardenuhuib
2985 5223 3435 5292 3.7,Bardeuuuich
3459 5226 3527 5280 6.
3635 5229 3678 5258 ⁸⁸
3715 5225 3809 5280 lla-

595 5293 838 5364 odoburg
863 5294 914 5346 1.
945 5295 1275 5350 amodobruc
1305 5290 1374 5364 Γ.
1409 5291 1767 5364 Magedoburg
1795 5290 1864 5364 ϐ.
1913 5291 1968 5364 _"
1997 5292 2288 5361 Erpesl‘urd
2318 5293 2390 5364 ις.
2422 5293 2476 5346 5.
2507 5290 2559 5364 ᾧ.
2583 5290 2643 5364 _6.
2677 5290 2742 5364 β.
2766 5290 2839 5364 _G.
2883 5291 3193 5364 Herpll'urth
3221 5294 3255 5348 5
3285 5295 3338 5347 b.
3417 5297 3461 5326 '°
3481 5297 3728 5352 Alaxstat
3758 5295 3804 5349 3.

561 5307 838 5417 iocaburg
863 5307 914 5346 ι.
945 5307 1275 5350 amouenruc
1305 5307 1374 5347 ι’.
1409 5307 1767 5361 mageuouurg
1795 5307 1847 5344 υ.
1929 5307 1968 5322 ι·
1997 5307 2288 5361 nrpesrura
2318 5307 2390 5345 1'.
2423 5307 2476 5346 ο.
2507 5307 2559 5344 4.
2592 5307 2643 5344 o.
2677 5307 2742 5344 rt.
2775 5307 2839 5343 ιι.
2885 5307 3193 5360 nerpuurtn
3221 5307 3255 5348 δ
3285 5307 3338 5347 n.
3417 5307 3461 5326 "
3481 5307 3728 5352 Alaxstat
3758 5307 3803 5349 3.

563 5361 845 5437 _laxastat
868 5365 902 5418 5
920 5364 980 5437 b.
1009 5364 1181 5437 Laxta
1210 5364 1280 5418 Γ.
1310 5361 1658 5437 Adalagastat
1686 5360 1750 5416 6.
1827 5363 1870 5437 ’Δί
1911 5361 2221 5437 Fgrathcim
2241 5364 2304 5437 _5.
2340 5361 2650 5437 lioracbeim
2671 5361 2738 5437 Β.
2762 5360 3043 5437 praeben
3065 5362 3130 5437 (ᾖ.
3201 5365 3278 5437 _"
3317 5365 3643 5437 _Breeniberg
3671 5370 3737 5422 ι’.
3759 5365 3803 5437 5_.

562 5431 875 5507 Breembirg
910 5432 974 5507 β.
1008 5433 1442 5507 Breenpereg_b._
1457 5433 1809 5507 Breempereg
1833 5432 1884 5507 6_.
1949 5433 2299 5507 Breemberht
2341 5431 2407 5486 6.
2455 5431 3042 5507 _"”_lieginisburg_i'.
3083 5433 3533 5507 Reginesburgﬁ.
3566 5431 3635 5490 GT
3668 5435 3808 5504 Bagi-

565 5502 787 5576 nisburg
815 5499 886 5576 Β.
919 5499 1382 5576 [lageinispurgl
1411 5499 1805 5576 Bagesnisburg
1843 5503 1895 5576 6.
1987 5502 2033 5576 ’ξ
2071 5499 2605 5576 sc_.rbi_norum_l'.
2659 5501 2870 5571 (const.)
3009 5499 3500 5576 _scabi'nearum'B.
3600 5509 3648 5538 ³⁸
3682 5499 3808 5576 plas-

564 5569 779 5644 l'emare
807 5574 880 5644 if.
955 5569 1299 5644 “ligati-12'
1334 5576 1376 5606 ³⁷
1417 5569 1672 5643 placitum
1711 5569 1797 5628 δῖ
1842 5575 1886 5604 ³⁸
1924 5590 1973 5629 e.
2011 5571 2051 5644 _l.
2101 5573 2153 5628 d.
2197 5573 2380 5644 desunt
2407 5573 2459 5626 5.
2538 5569 2581 5601 ²⁹
2620 5569 2970 5644 careerml.
2995 5571 3062 5628 6.
3157 5574 3202 5604 ⁸⁸
3229 5576 3502 5644 potuerint
3535 5577 3608 5630 ιο.
3681 5569 3723 5608 ³³
3759 5590 3804 5631 a.

562 5642 1016 5714 conspirationem
1051 5643 1088 5698 l.
1131 5643 1195 5700 6.
1224 5644 1345 5700 Bal.
1418 5641 1466 5676 ³⁸
1501 5645 1825 5714 quicumque
1866 5644 1938 5697 Γ.
1981 5642 2026 5675 ³³
2061 5650 2280 5713 propter
2327 5641 2472 5696 Trec.
2505 5656 2604 5712 pro
2635 5641 2798 5711 Sang.
