3992 6344
208 340 327 396 553

797 340 1025 399 CODEX
1062 327 2001 419 DIPLOMATICUS.—CAPITUL.
2041 352 2131 407 AB
2165 352 2503 411 ANSEGISO
2540 355 2916 414 COLLECTA.

3383 364 3488 421 554

207 451 321 508 Ubi
349 464 484 506 vero
504 450 638 506 nihil
660 451 786 507 mali
807 462 1171 524 perpetratum
1197 457 1568 521 est,similiter
1592 457 1808 529 quidem
1836 468 1884 526 Α
1911 461 1996 516 nis
2024 461 2264 534 integris,
2294 465 2534 533 caballis,
2558 467 2733 524 bubus
2754 468 2821 533 ’°,
2862 468 3041 525 vaccis
3066 470 3149 525 vel
3178 440 3282 528 alio
3324 458 3487 544 pecu-

203 542 361 597 intcr
385 557 449 598 se
474 541 840 613 ﬂagellentur,
871 555 925 598 et
966 546 1189 615 capillos
1218 547 1321 604 sibi
1350 549 1588 607 vicissim
1617 551 1809 606 deton-

196 632 345 686 dant
373 632 415 685 ¹.
458 631 515 687 Si
557 648 688 693 vero
728 648 826 703 per
869 636 1092 693 dextras
1137 638 1315 708 aliqua
1362 640 1690 709 conspiratio
1715 641 1807 697 ﬁr-

199 729 359 777 mata
389 720 572 787 fuerit,
612 723 665 778 .si
704 723 875 779 liberi
905 734 1050 792 sunt,
1087 735 1180 781 aut
1223 728 1401 784 iurent
1439 747 1559 785 cum
1600 731 1806 788 idoneis

198 814 551 869 iuratoribus
588 814 691 869 hoc
720 831 822 884 pro
848 814 991 883 malo
1037 834 1145 873 non
1190 819 1210 848 ⁸
1254 818 1477 887 fecisse;
1525 830 1619 876 aut
1653 823 1698 878 si
1725 822 1805 893 fa-

196 917 336 959 cere
354 921 476 960 non
501 906 800 975 potuerint,
839 922 991 962 suam
1018 907 1189 978 legem
1216 919 1558 979 componant.
1590 909 1646 967 Si
1675 928 1802 967 vero

197 1004 355 1063 seni
381 1010 533 1066 sunt,
561 999 917 1071 flagellentur.
956 1002 1024 1056 Et
1056 1012 1117 1057 ut
1140 1002 1158 1034 ³
1185 1002 1252 1058 de
1300 1012 1516 1059 caetero
1550 1005 1604 1059 in
1634 1021 1800 1076 regno

199 1098 404 1146 nostro
449 1090 596 1145 nulla
635 1091 939 1146 huiusmodi
966 1094 1312 1162 conspiratio,
1340 1109 1443 1150 nec
1481 1110 1579 1166 per
1619 1112 1802 1152 sacra-

198 1191 483 1247 mentum,
510 1197 611 1239 nec
632 1184 753 1240 sine
781 1194 1124 1241 sacramento
1149 1184 1264 1241 fiat.

276 1299 373 1353 10.
416 1299 497 1353 De
537 1299 847 1371 periuriis".
883 1301 963 1356 De
989 1302 1010 1333 ⁵
1037 1302 1289 1370 periuriis
1309 1343 1339 1367 ,.
1368 1311 1429 1358 ut
1484 1313 1795 1370 caveantur,

192 1400 259 1445 et
288 1407 410 1446 non
435 1390 790 1448 admittantur
815 1400 982 1449 testes
999 1396 1066 1450 ad
1092 1394 1472 1461 iur-amentum,
1508 1405 1797 1466 antequam

198 1484 597 1539 tliscutiantur.
626 1484 697 1539 Et
736 1486 785 1539 si
818 1486 976 1540 aliter
1009 1487 1207 1543 discuti
1244 1500 1349 1543 non
1391 1488 1600 1557 possint
1628 1488 1670 1555 ‘,
1706 1504 1795 1545 se-

194 1585 476 1644 parantur
503 1576 575 1632 ab
601 1576 832 1636 invicem
868 1585 923 1633 et
948 1578 1296 1649 singulariter
1333 1580 1696 1635 iur'uirantur.
1728 1580 1796 1634 Et

198 1681 314 1722 non
351 1665 459 1720 soli
493 1667 794 1722 accusatori
839 1666 999 1723 liceat
1022 1676 1191 1724 testes
1222 1670 1419 1739 eligere
1455 1671 1676 1725 absente
1699 1686 1798 1726 suo

192 1765 494 1812 cantatore
519 1758 564 1810 ⁷.
592 1757 658 1812 Et
682 1758 903 1813 omnino
938 1759 1118 1815 nullus
1160 1761 1264 1817 nisi
1310 1762 1521 1817 ieiunus
1559 1764 1625 1817 ad
1654 1764 1798 1818 iura-

1910 548 2003 618 lio,
2034 559 2090 607 et
2107 566 2304 609 uxores
2331 554 2415 607 vel
2443 555 2676 611 infantes
2702 573 2811 612 non
2837 559 2880 589 ²¹
2905 559 3037 613 ﬁant
3085 558 3353 630 dispoliati
3390 580 3486 634 pro

1906 643 2010 699 hac
2034 661 2112 712 re,
2143 647 2208 701 de
2228 662 2416 703 eorum
2443 650 2794 717 vestimentis,
2818 652 3045 722 accipiat
3065 654 3364 725 legitimum
3391 660 3486 715 ha-

1904 733 2210 800 ribannum,
2236 735 2292 791 id
2314 746 2400 793 est
2428 738 2594 794 libras
2644 748 2771 796 tres.
2801 742 2903 809 Qui
2931 760 3060 800 vero
3100 762 3211 802 non
3235 742 3487 806 habuerit

1903 825 2134 895 amplius
2157 827 2203 857 “
2224 827 2281 882 in
2309 831 2673 901 suprascripto
2700 834 2878 902 pretio
2923 836 3136 892 valente
3179 839 3288 897 nisi
3315 840 3485 899 libras

1902 924 2034 981 tres,
2066 916 2225 991 solidi
2278 919 2497 990 triginta
2550 923 2617 976 ab
2658 937 2722 977 eo
2743 924 3043 995 exigantur,
3076 927 3131 982 id
3158 937 3242 983 est
3258 927 3396 985 libra
3432 942 3486 988 et

1902 1005 2121 1062 dimidia
2147 1007 2213 1062 ’³.
2233 1008 2335 1076 Qui
2357 1020 2535 1067 autem
2556 1028 2664 1067 non
2690 1013 2940 1070 habuerit
2964 1017 3194 1088 amplius
3219 1019 3325 1075 nisi
3350 1018 3483 1077 duas

1901 1096 2083 1165 libras,
2134 1099 2291 1156 solidi
2335 1102 2541 1157 decem.
2599 1102 2655 1158 Si
2684 1120 2812 1161 vero
2832 1121 2995 1161 unam
3028 1108 3293 1176 habuerit,
3325 1112 3483 1171 solidi

1900 1191 2158 1261 quinque,
2181 1193 2254 1247 ita
2291 1203 2351 1249 ut
2389 1194 2582 1250 iterum
2628 1213 2687 1252 se
2736 1198 2913 1254 valeat
2940 1213 3264 1271 praeparare
3289 1206 3356 1260 ad
3385 1205 3482 1259 Dei

1899 1285 2178 1341 servitium
2219 1295 2273 1343 et
2299 1289 2367 1345 ad
2402 1298 2645 1346 nostram
2693 1291 3000 1349 utilitatem.
3034 1296 3100 1350 Et
3122 1299 3292 1353 nostri
3328 1300 3480 1356 missi

1899 1387 2126 1432 caveant
2155 1388 2211 1432 et
2254 1379 2537 1451 diligenter
2575 1382 2874 1454 inquirant,
2903 1401 2971 1441 ne
2991 1400 3088 1457 per
3111 1390 3327 1459 aliquod
3366 1409 3483 1447 ma-

1900 1466 2010 1525 lum
2045 1469 2318 1541 ingenium
2353 1475 2674 1531 subtrahant
2719 1487 2964 1534 nostram
3012 1481 3295 1551 iustitiam,
3323 1484 3479 1544 alteri

1896 1559 2159 1616 tradendo
2185 1570 2278 1617 aut
2323 1567 2771 1623 commendando.

1971 1648 2056 1740 15.
2087 1650 2165 1707 De
2188 1670 2345 1709 censu
2371 1655 2553 1726 regali.
2605 1654 2813 1716 Census
2862 1662 3059 1734 regalis
3106 1666 3483 1740 undecumque

1899 1734 2136 1811 legitime
2176 1743 2390 1800 exiehat
2409 1745 2477 1812 “,
2526 1746 2773 1805 volumus
2800 1761 2860 1806 ut
2900 1752 3024 1808 inde
3061 1752 3320 1823 solvatur,
3364 1734 3481 1815 sive

197 1856 455 1903 ιιιαιιιιω
489 1848 573 1903 vel
601 1847 668 1903 ad
706 1851 1076 1907 testimonium
1115 1850 1453 1907 admittatur.
1508 1853 1564 1909 Si
1592 1853 1793 1909 refuta-
1825 1839 1868 1896 Β
1897 1833 1963 1887 de
1989 1835 2207 1905 Propria
2230 1851 2459 1906 Persona
2486 1838 2739 1906 hominis:
2764 1841 2877 1897 Sive
2906 1843 2971 1898 de
2997 1844 3175 1901 rebus.

197 1941 359 2005 ευτ’,
408 1941 560 1997 dicat
596 1940 706 2006 ille,
752 1942 843 2010 qui
871 1954 995 1997 eum
1038 1941 1254 2009 refutat,
1290 1953 1346 1999 et
1371 1945 1579 2015 probet,
1620 1961 1794 2015 quare

198 2029 355 2085 ilum
392 2030 823 2097 reciperenolit.
852 2031 930 2089 Et
953 2031 1021 2087 de
1054 2032 1173 2101 ipso
1198 2049 1338 2104 pago
1384 2045 1477 2089 aut
1512 2037 1578 2091 de
1602 2037 1792 2093 vicinis

195 2120 451 2175 cenwnis
483 2119 774 2188 eligantur,
820 2120 929 2183 nisi
960 2120 1100 2178 forte
1144 2123 1352 2193 longius
1389 2108 1543 2180 extra
1567 2128 1792 2181 comita-

199 2220 315 2264 tum
340 2226 511 2266 causa
546 2212 618 2269 sit
644 2211 983 2283 inquirenda.
1024 2214 1089 2266 Et
1108 2214 1153 2269 si
1179 2216 1301 2283 quis
1327 2217 1605 2271 convictus
1630 2215 1791 2273 fuerit

197 2303 448 2371 periurii,
486 2303 679 2373 perdat
704 2320 922 2361 manum
949 2315 1042 2361 aut
1069 2308 1317 2362 redimat.

271 2412 363 2465 11.
406 2412 487 2466 De
512 2413 800 2479 advocatis,
831 2415 1183 2480 ﬁcedminis,
1232 2418 1440 2472 sicariis
1476 2429 1525 2472 et
1549 2429 1791 2475 centena-

198 2505 315 2556 riis.
357 2504 440 2557 De
460 2505 762 2567 advocatis,
800 2505 1166 2570 vicedominis,
1198 2508 1417 2563 vicariis
1453 2518 1511 2565 et
1536 2518 1791 2565 centena-

200 2595 300 2648 riis
319 2595 342 2624 ’
364 2596 555 2664 pravis
578 2596 643 2659 ³⁸,
668 2604 730 2650 ιιι
754 2597 1032 2662 tollantur,
1066 2606 1121 2652 et
1160 2598 1294 2653 tales
1318 2598 1584 2669 eligantur
1604 2601 1790 2670 quales

204 2694 261 2738 et
289 2686 473 2739 sciant
498 2695 554 2740 et
577 2686 744 2740 velint
767 2686 909 2741 iuste
932 2702 1125 2743 causas
1167 2689 1474 2743 discernere
1514 2698 1570 2744 et
1605 2692 1790 2746 termi-

198 2790 359 2830 nare.
394 2776 463 2829 Et
482 2776 793 2832 siccana“
824 2792 1027 2848 pravus
1061 2779 1310 2835 inventus
1332 2781 1373 2811 “
1411 2780 1603 2849 fuerit,
1632 2783 1788 2841 nobis

205 2868 498 2922 nuntietur

287 2959 379 3011 η.
426 2959 501 3012 De
521 2960 741 3016 teloncis.
779 2964 857 3023 De
885 2965 1108 3024 teluneis
1140 2966 1313 3039 placet
1339 2967 1515 3037 nobis,
1545 2975 1605 3025 ut
1642 2968 1786 3027 auti-

208 3066 315 3122 qua
344 3060 402 3108 et
420 3051 564 3112 iusta
589 3055 785 3114 telm‘ea
815 3077 844 3115 a
871 3062 1296 3131 negotiatoribus
1329 3063 1645 3133 exigantur,
1675 3070 1785 3117 tam

196 3145 270 3199 de
312 3149 574 3217 pontibus
601 3166 866 3222 quamque
912 3154 980 3208 de
1025 3155 1069 3187 “
1113 3155 1344 3224 navigiis
1384 3171 1479 3211 seu
1507 3157 1778 3211 mercatis.

1967 1922 2050 1977 16.
2076 1918 2154 1977 De
2175 1922 2350 1979 liberis
2376 1925 2672 1983 hominibus
2698 1936 2890 1985 uxores
2928 1931 3198 2001 ﬁscalinas
3241 1935 3478 1992 habenti-

1893 2013 2006 2068 bus.
2024 2015 2100 2069 De
2119 2014 2302 2073 liberis
2321 2018 2633 2076 hominibus
2654 2022 2745 2091 qui
2766 2039 2963 2080 uxores
2985 2024 3255 2082 fiscalinas
3276 2030 3475 2099 regias,

1891 2111 1946 2160 et
1965 2104 2031 2160 de
2049 2104 2265 2162 feminis
2289 2106 2475 2164 liberis
2497 2124 2635 2179 quae
2657 2101 2705 2142 ’³⁵
2734 2111 2980 2168 homines
3004 2114 3252 2171 similiter
3281 2116 3474 2173 fiscali-

1890 2214 1991 2253 nos
2016 2199 2193 2269 regios
2220 2200 2510 2269 accipiunt,
2533 2209 2594 2257 ut
2620 2219 2726 2257 non
2752 2205 2817 2260 de
2845 2205 3145 2262 hereditate
3167 2217 3471 2277 parentum,

1853 2277 1867 2292 “
1888 2291 1974 2345 vel
2003 2292 2068 2348 de
2095 2308 2259 2349 causa
2287 2308 2381 2349 sua
2427 2290 2753 2365 quaerenda,
2784 2313 2883 2355 nec
2912 2299 2978 2355 de
3023 2300 3331 2356 testimonio
3372 2318 3471 2372 pro

1889 2381 1992 2439 hac
2013 2396 2071 2439 re
2091 2384 2423 2453 ahiciantur;
2458 2386 2553 2441 sed
2575 2387 2696 2443 talis
2723 2389 2886 2444 etiam
2914 2391 3069 2447 nobis
3093 2392 3149 2447 in
3183 2394 3286 2451 hac
3304 2392 3471 2450 causa

1889 2476 2064 2530 honor
2091 2484 2353 2541 servetur,
2385 2477 2560 2548 qualis
2590 2486 2644 2532 et
2671 2482 3103 2539 antecessoribus
3132 2485 3332 2540 nostris
3382 2499 3471 2549 re-

1882 2568 2045 2636 gibus
2062 2566 2146 2622 vel
2167 2566 2586 2637 imperatoribus
2613 2574 2858 2625 servatus
2880 2586 3000 2626 esse
3037 2573 3381 2644 cognoscitur
3399 2574 3447 2622 ι’
3470 2619 3473 2623 .

1959 2682 2047 2736 17.
2074 2681 2155 2737 De
2174 2699 2305 2736 cura
2342 2683 2622 2737 missorum
2645 2682 3050 2741 dominicorum.
3089 2686 3470 2760 Unusquisque

1885 2772 1941 2828 in
1964 2788 2065 2829 suo
2077 2773 2361 2828 'missatico
2389 2773 2683 2827 maximam
2709 2774 2904 2830 habeat
2929 2792 3115 2833 curam
3144 2778 3215 2833 ad
3256 2782 3473 2849 praui»

1884 2866 2120 2921 dendum
2143 2873 2199 2921 et
2219 2866 2578 2922 ordinandum
2616 2882 2681 2921 ac
2707 2866 3117 2937 disponendum,
3170 2873 3467 2929 secundum

1884 2956 2212 3016 voluntatem
2235 2956 2328 3010 Dei
2354 2958 2396 2987 ’⁷
2421 2964 2476 3010 et
2502 2958 2796 3011 secundum
2824 2958 3113 3015 iussionem
3134 2970 3394 3017 nostram.

1953 3053 2038 3108 18.
2062 3049 2141 3107 De
2161 3048 2470 3119 aequalitate
2504 3066 2537 3102 a
2557 3050 2602 3079 ’⁸
2625 3049 2794 3104 missis
2820 3050 2865 3081 '9
2895 3051 3171 3125 dominicis
3196 3054 3462 3124 facienda.

1882 3142 2160 3209 Volumus,
2192 3148 2251 3198 ut
2267 3138 2563 3211 aequaliter
2591 3138 2938 3194 missi-nostri
2959 3141 3159 3197 faciant
3189 3145 3255 3199 de
3281 3144 3464 3213 singu-

199 3237 348 3292 Nova
382 3255 514 3295 vero
536 3257 630 3296 seu
659 3243 879 3309 iniusta,
909 3246 1000 3300 ubi
1045 3246 1130 3301 vel
1154 3245 1310 3302 funes
1345 3247 1668 3313 tenduntur,
1695 3248 1780 3302 vel

1895 3236 1950 3292 lis
1974 3235 2174 3299 causis,
2207 3236 2318 3290 sive
2348 3236 2413 3290 de
2434 3231 2752 3296 heribanno,
2776 3233 2888 3288 sive
2909 3236 2973 3289 de
2999 3236 3239 3302 advenis,
3260 3237 3376 3293 sive
3397 3238 3464 3295 de

194 3345 321 3384 rum
344 3332 577 3388 navibus
610 3334 711 3389 sub
730 3336 987 3404 pontibus
1015 3337 1292 3402 transitur,
1327 3351 1421 3393 seu
1450 3338 1537 3394 his
1561 3339 1792 3403 similia,-

195 3421 250 3472 in
277 3421 482 3489 quibus
506 3423 712 3477 nullum
749 3425 1077 3481 adiutorium
1118 3426 1498 3483 itinerantibus
1538 3439 1783 3498 praesta-

192 3516 285 3562 tur
311 3509 375 3573 “,
413 3512 666 3568 similiter
687 3514 851 3569 etiam
876 3528 976 3571 nec
995 3514 1063 3569 de
1082 3515 1187 3580 his,
1215 3517 1305 3585 qui
1336 3520 1451 3572 sine
1475 3521 1781 3589 negotiandi

187 3615 358 3655 causa
384 3603 747 3659 substantiam
775 3619 925 3661 suam
949 3607 1015 3661 de
1036 3622 1141 3661 una
1159 3610 1319 3663 domo
1342 3610 1387 3641 ¹⁸
1409 3624 1505 3664 sua
1527 3612 1594 3666 ad
1618 3611 1779 3668 aliam

188 3698 287 3743 aut
309 3691 377 3745 ad
399 3693 661 3760 palatium
694 3702 788 3749 aut
826 3696 879 3749 in
919 3697 1217 3752 exercitum
1249 3700 1450 3754 ducunt
1508 3701 1777 3757 teloneum

190 3778 506 3837 nullatenus
530 3782 599 3838 ab
624 3783 668 3817 “
687 3785 769 3840 eis
800 3786 1064 3856 exigatur.

258 3872 353 3925 15.
393 3871 474 3927 De
513 3874 664 3943 falsis
688 3879 924 3932 monetis.
968 3880 1044 3933 De
1081 3878 1229 3936 falsis
1272 3882 1523 3949 monetis,
1564 3884 1689 3954 quia
1718 3885 1775 3940 in

186 3961 383 4018 uultis
402 3964 540 4021 locis
568 3977 756 4023 contra
782 3970 1043 4025 iustitiam
1073 3980 1128 4027 et
1144 3975 1334 4028 contra
1356 3973 1591 4028 edictum
1616 3975 1770 4043 ﬁunt,

183 4058 447 4110 volumus
468 4064 530 4111 ut
550 4059 698 4114 nullo
721 4060 828 4115 alio
848 4060 968 4116 loco
999 4070 1215 4117 moneta
1239 4063 1332 4127 sit,
1356 4064 1461 4118 nisi
1488 4064 1544 4121 in
1570 4066 1773 4134 palatio

183 4151 418 4212 nostro;
453 4147 560 4202 nisi
593 4147 733 4205 forte
775 4152 970 4209 iterum
1013 4168 1043 4207 a
1068 4154 1224 4209 nobis
1244 4154 1402 4209 aliter
1434 4155 1602 4210 fuerit
1627 4157 1774 4213 ordi-

182 4242 402 4287 natum.
820 4268 824 4272 Α
1740 4254 1743 4261 ’

254 4322 352 4377 ﬂ.
378 4322 462 4379 De
484 4325 798 4384 bairibanuo
822 4330 887 4385 ".
914 4331 992 4387 De
1023 4333 1345 4389 bairibauno
1397 4334 1665 4399 volumus,
1709 4344 1769 4392 ut

136 4461 155 4467 -
181 4415 343 4470 missi
368 4417 545 4473 nostri
581 4417 811 4476 ﬁdeliter
832 4432 1083 4479 exactare
1110 4426 1341 4482 debeant
1376 4427 1581 4495 absque
1608 4427 1768 4483 ullius
1800 4468 1807 4475 -

179 4520 458 4574 personae
476 4511 669 4597 gratia,
703 4511 960 4569 blanditie
999 4515 1043 4546 ¹⁸
1082 4530 1179 4571 seu
1218 4522 1443 4578 terrore,
1470 4516 1765 4573 secundum

1882 3327 2113 3389 caeteris
2131 3325 2458 3396 quibuslibet
2478 3326 2675 3381 causis.
2706 3327 2784 3384 De
2820 3326 3040 3385 advenis
3064 3327 3308 3385 volumus
3353 3330 3471 3387 iam

1880 3418 1973 3473 diu
1998 3416 2302 3487 coniugatis
2328 3432 2425 3485 per
2448 3417 2659 3488 singula
2679 3418 2816 3484 loca,
2844 3429 2903 3475 ut
2931 3421 3004 3476 ibi
3033 3422 3078 3453 ³ο
3108 3431 3362 3478 maneant
3408 3431 3463 3477 et

1880 3508 2000 3564 sine
2028 3523 2191 3563 causa
2222 3515 2278 3563 et
2305 3508 2421 3564 sine
2439 3508 2618 3577 aliqua
2645 3508 2800 3579 culpa
2826 3526 2933 3565 non
2979 3511 3111 3569 ﬁant
3134 3513 3311 3568 eiecti.
3354 3513 3463 3568 Fu-

1878 3601 2030 3672 gitivi
2056 3599 2364 3657 veroservi
2390 3607 2444 3654 et
2471 3598 2710 3655 latrones
2735 3601 2957 3657 redeant
2984 3604 3053 3657 ad
3073 3605 3287 3674 propria
3317 3603 3456 3660 loca.

1950 3693 2036 3748 19.
2068 3692 2147 3746 De
2171 3692 2252 3746 his
2280 3692 2369 3763 qui
2394 3692 2649 3760 beneﬁcia
2697 3691 2885 3745 habent
2935 3693 3152 3763 regalia.
3202 3692 3459 3767 Auditum

1877 3782 2157 3847 habemus,
2186 3781 2419 3852 qualiter
2442 3789 2498 3836 et
2526 3782 2753 3838 comites
2773 3791 2827 3835 et
2850 3782 3220 3848 aliibomines,
3246 3784 3339 3852 qui
3358 3800 3457 3841 no-

1876 3880 1990 3927 stra
2011 3871 2271 3929 beneﬁcia
2292 3872 2495 3931 habere
2518 3872 2788 3937 videntur,
2818 3880 3135 3943 comparant
3176 3873 3305 3945 sibi.
3327 3888 3452 3944 pro-

1873 3964 2130 4034 prietates
2155 3966 2220 4020 de
2268 3963 2386 4033 ipso
2408 3971 2599 4019 nostro
2625 3962 2907 4043 beneﬁcio,
2931 3973 2987 4019 et
3013 3963 3219 4020 faciunt
3245 3966 3454 4023 servire

1871 4056 1941 4110 ad
1961 4054 2108 4124 ipsas
2128 4053 2490 4125 proprietates
2514 4053 2812 4109 servientes
2827 4061 3041 4110 nostros
3056 4054 3127 4123 de
3144 4068 3333 4110 eorum
3352 4057 3450 4111 be-

1869 4128 2082 4212 neficio,
2135 4154 2191 4202 et
2217 4154 2398 4203 curtes
2425 4152 2646 4205 nostrae
2674 4154 2957 4205 remanent
2995 4147 3349 4217 desertae,.et
3394 4150 3450 4205 in

1856 4241 2140 4311 aliquibus
2164 4240 2299 4298 locis
2327 4239 2428 4310 ipsi
2452 4240 2751 4299 vicinantes
2777 4242 2946 4297 multa
2983 4243 3123 4299 mala
3148 4245 3446 4314 patiuntur.

1937 4331 2029 4388 20.
2062 4332 2238 4387 Deliis
2263 4332 2354 4403 qui
2371 4331 2615 4402 fraudein
2633 4333 2834 4402 faciunt
2860 4335 2917 4389 in
2961 4335 3220 4406 regalibus
3256 4339 3451 4409 beneﬁ-

1868 4426 1964 4479 ciis
1985 4424 2052 4478 “.
2076 4422 2395 4481 Audivimus
2418 4423 2566 4494 quod
2610 4423 2774 4494 aliqui
2813 4425 3043 4482 reddant
3063 4426 3109 4459 ⁸²
3127 4429 3449 4489 beneﬁcium

1867 4525 2112 4573 nostrum
2138 4515 2207 4571 ad
2228 4515 2364 4571 alios
2390 4515 2639 4572 homines
2666 4515 2721 4570 in
2745 4517 3151 4586 proprietatem,
3171 4528 3228 4575 et
3247 4519 3301 4575 ln
3328 4520 3447 4589 ipso

178 4597 486 4655 iussionem
508 4610 750 4659 nostram
779 4621 795 4658 :
828 4605 885 4661 id
908 4614 1012 4670 est,
1040 4614 1102 4661 ut
1120 4607 1186 4662 de
1207 4607 1423 4661 homine
1447 4608 1680 4662 habente
1706 4608 1768 4663 li-
1793 4614 1842 4673 ι)
1870 4606 2066 4677 placito
2094 4605 2219 4661 dato
2246 4604 2422 4674 pretio
2447 4612 2763 4673 comparant
2788 4605 2934 4675 ipsas
2960 4620 3051 4662 res
3097 4606 3297 4662 iterum
3339 4606 3444 4663 sibi

178 4688 319 4746 bras
338 4706 438 4746 sex
453 4692 509 4747 in
523 4709 675 4761 auro,
693 4705 934 4768 argento,
957 4699 1176 4754 bruneis
1192 4698 1233 4730 ¹⁹
1278 4707 1608 4762 acramento,
1632 4715 1762 4769 pan-

1866 4696 1922 4751 in
1944 4695 2173 4751 alodem.
2204 4692 2355 4761 Quod
2379 4695 2596 4750 omnino
2616 4696 2913 4752 cavendum
2935 4704 3039 4762 est,
3067 4697 3191 4766 quia
3220 4697 3311 4767 qui
3342 4698 3445 4753 hoc

1423 4811 1814 4871 VARIANTES
1860 4807 2240 4866 LECTIONES
2470 4876 2475 4881 ι

252 4900 277 4932 ⁸
319 4898 647 4971 detondeant
662 4905 754 4971 ι’.
784 4902 850 4957 Β.
923 4905 947 4936 ³
982 4916 1041 4959 se
1067 4920 1174 4958 non
1196 4902 1262 4957 G.
1338 4904 1359 4936 ³
1395 4905 1535 4959 deest
1562 4906 1616 4960 5.
1658 4903 1727 4958 G.
1800 4905 1823 4935 ⁸
1851 4899 2216 4969 Praecipimus
2254 4897 2577 4971 utgperiuria
2606 4914 2946 4971 summopere
2984 4908 3294 4971 caveantur;
3323 4899 3441 4971 Vat.

174 4969 357 5050 δφις.
392 4969 447 5022 1.
474 4968 625 5023 Colb.
656 4969 802 5033 Tac.
875 4974 901 5006 ⁸
926 4974 1155 5097 ἲςὶιιιίἱδ
1183 4973 1248 5028 G.
1278 4984 1442 5057 canat.

178 5037 307 5092 Rw.
346 5034 468 5091 Vat.
497 5037 621 5093 Pal.
652 5040 892 5097 Sanaall.
968 5044 1026 5097 tl.
1059 5043 1205 5097 Colb.
1246 5044 1314 5097 Et
1343 5044 1432 5097 ille
1457 5060 1539 5097 aut

228 5056 319 5110 re.
350 5056 468 5110 rat.
497 5056 621 5093 rat.
650 5056 892 5110 pangau.

1576 4980 1801 5051 possunt
1824 4973 1879 5027 3.
1921 5041 1933 5051 _
1952 4972 1971 5003 "
2012 4977 2293 5051 acusatore
2314 4972 2370 5024 3.
2430 4972 2465 5051 f
2493 4972 2552 5051 Si
2577 4984 2707 5051 vero
2734 4972 2930 5051 aliquis
2963 4972 3228 5051 refutatur
3253 4972 3358 5051 ϐενε

968 5044 1026 5097 il.
1059 5043 1205 5098 Cotb.
1246 5044 1314 5098 Et
1343 5044 1432 5098 ille
1457 5044 1546 5114 qui
1569 5037 1636 5098 an
1662 5041 2032 5099 testimonium
2071 5037 2445 5114 adducitur,_s_i
2465 5037 2733 5114 refutatur
2758 5037 2938 5114 Camb.
2969 5037 3248 5111 (ducitur).
3290 5038 3437 5114 Pith.

2443 4969 2465 5000 ⁸
2493 4968 2551 5039 Si
2577 4984 2707 5024 vero
2734 4968 2930 5039 aliquis
2963 4968 3228 5039 refutatur
3253 4968 3439 5039 Camb.

176 5106 603 5190 Ραίεολνιξηκ-
636 5099 927 5190 Latiarem
957 5130 1116 5183 supra
1160 5118 1414 5190 servatae
1435 5099 1731 5190 limina»!
1757 5118 2049 5190 ‘i’F.P"‘£"
2091 5108 2294 5190 οτηὲεξέε
2323 5099 2518 5190 “illa”
2560 5106 2762 5180 αιίίιιιοι
2804 5099 3028 5190 mih?»
3055 5099 3279 5190 autem
3325 5108 3440 5190 ιοςο

174 5190 329 5257 vero
343 5176 541 5257 aliquis
559 5195 592 5231 α
619 5178 887 5257 ιιοιιηιιιιὶε
905 5176 1122 5257 inserta,
1148 5193 1208 5257 et
1220 5201 1257 5257 ςι
1283 5176 1545 5257 codicibus
1573 5182 1753 5257 Camb.
1784 5176 1926 5257 Ritli.
1964 5178 2095 5257 Phar.
2136 5187 2195 5257 et
2219 5176 2404 5257 [γρῆυ.
2446 5176 2662 5257 demum:
2673 5176 3258 5257 genuinapapittdaris
3287 5180 3441 5235 verba

174 5254 433 5299 τεττίωια
475 5257 618 5301 απτ.

170 5316 493 5381 exigantur.
523 5316 656 5371 Sim.
683 5316 809 5372 Net.
834 5319 949 5375 Riv.
974 5320 1094 5375 Bal.
1172 5324 1216 5354 ¹⁵
1250 5324 1410 5377 domu
1442 5323 1513 5374 i’.

174 5385 242 5437 Β.
276 5383 348 5437 G.
373 5393 425 5438 et
447 5384 678 5458 plerique
698 5389 817 5443 cod.
844 5390 964 5444 Bal.
1006 5393 1039 5445 h

173 5454 220 5484 "
268 5454 328 5508 b.
358 5455 553 5510 ovibus
586 5457 763 5512 vaccis
793 5459 894 5513 Ed.
939 5459 1039 5512 Til.

174 5523 398 5578 Valente
427 5524 615 5580 desunt
634 5524 701 5580 G.
789 5528 835 5561 "
862 5529 983 5583 id...
1007 5523 1236 5585 dimidia
1249 5532 1433 5584 desunt
1460 5529 1525 5585 G.

709 5248 731 5279 ⁹
768 5253 1008 5307 centenis
1054 5251 1117 5305 Β.
1196 5253 1237 5283 ¹⁰
1276 5252 1413 5306 deest
1454 5252 1508 5305 4.
1585 5253 1626 5284 ¹¹
1666 5251 1860 5321 aliquis

709 5318 809 5372 let.
834 5319 949 5375 Rir.
974 5320 1094 5375 Bal.
1172 5324 1216 5354 ¹⁵
1250 5324 1410 5377 domu
1442 5323 1513 5374 1’.
1593 5321 1636 5353 ⁸⁸
1671 5336 1738 5377 ex
1766 5324 1819 5376 3.

447 5384 678 5458 plerique
698 5389 817 5443 cod.
844 5390 964 5444 Bal.
1006 5391 1303 5446 haribauno
1326 5390 1395 5443 Η.
1414 5402 1582 5445 coast.
1611 5390 1664 5445 6.
1730 5389 1842 5444 Vat.
1878 5390 1992 5443 Riv.
2107 5388 2149 5418 ¹⁸
2168 5386 2430 5468 blanditia
2456 5386 2526 5439 1’.
2572 5386 2636 5439 Β.
2666 5385 2699 5438 ι]

452 5456 553 5510 bus
586 5457 763 5512 vaccis
793 5459 894 5513 Ed.
939 5459 1039 5512 Til.
1153 5463 1197 5492 ἰ
1226 5477 1322 5516 nro
1345 5476 1520 5514 non...
1551 5471 1660 5516 tres
1682 5459 1747 5516 ϐ.
1771 5461 1920 5514 habet
1946 5464 2279 5516 praescripto
2294 5466 2470 5516 pretio
2489 5457 2699 5510 valente

1226 5477 1322 5528 pro
1345 5476 1520 5514 non...
1551 5471 1660 5516 tres
1682 5469 1747 5516 (ἑ.
1771 5469 1920 5514 habet
1946 5469 2279 5526 praescripto
2294 5469 2470 5524 pretio
2489 5469 2718 5510 valente.
2824 5469 2868 5486 "
2897 5469 3036 5512 deest
3060 5469 3111 5513 1·
3136 5469 3432 5529 amplius...

1226 5532 1433 5584 desunt
1460 5529 1525 5585 G.
1623 5531 1669 5561 "‘
1695 5531 1942 5598 exigebat
1963 5530 2015 5583 3.
2044 5527 2098 5581 4.
2123 5525 2378 5598 6._exib_it
2400 5525 2467 5580 Β.
2495 5526 2810 5598 exigebatur
2838 5522 2904 5579 G.
2926 5526 3106 5582 Camb.
3127 5527 3273 5584 Calb.
3312 5527 3432 5587 Vat.

1900 5266 1957 5352 Ρ.
1989 5246 2053 5303 G.
2152 5247 2195 5278 “
2235 5244 2462 5301 iniectus
2495 5246 2550 5300 4.
2649 5244 2706 5280 ιτ
2729 5254 2784 5301 et
2816 5248 2883 5302 de
2907 5249 2980 5301 i‘.
3013 5244 3023 5249 ⁷
3079 5248 3122 5278 ιδ
3149 5262 3205 5317 p.
3245 5257 3304 5303 ut
3331 5264 3438 5305 non

1921 5321 1940 5351 τ
1974 5318 2254 5352 unauana
2284 5316 2334 5352 ι·
2395 5327 2537 5352 μη...
2587 5316 2641 5352 ε..
2668 5316 2761 5352 ’.ηρ
2789 5335 2814 5352 ρ
2870 5317 3168 5352 ιιηνςιυηηιη
3193 5329 3336 5352 κη...
3381 5320 3414 5352 ιχ

1921 5321 1940 5351 ⁷
1972 5318 2255 5372 airibanno
2284 5316 2355 5369 l'.
2394 5327 2558 5371 coast.
2587 5316 2643 5370 in
2665 5316 2761 5371 hoc
2787 5335 2833 5370 ο.
2870 5316 3168 5374 hcribanno
3191 5329 3355 5373 const.
3379 5320 3435 5373 5.

2107 5388 2149 5418 ¹⁸
2172 5386 2430 5440 blanditia
2456 5386 2526 5439 1·.
2572 5386 2636 5439 Β.
2666 5385 2794 5439 Hld.
2822 5385 2942 5440 Bal.
3053 5386 3095 5418 ¹⁹
3122 5389 3332 5445 bruuiis
3378 5389 3434 5444 ι.

2107 5455 2470 5529 eriptopretio
2489 5457 2718 5529 valente.
2823 5457 2880 5529 ’ξ
2897 5458 3036 5529 deest
3060 5459 3112 5513 l'
3136 5459 3432 5529 amplius...

175 5592 350 5674 Sang.
381 5594 434 5647 1.
455 5595 949 5680 exhibebatur-ni“;
986 5601 1035 5633 "
1069 5600 1236 5680 qui
1261 5600 1406 5680 3.3.
1480 5600 1545 5680 _“r
1563 5599 1685 5654 Post
1700 5592 1863 5680 caput
1890 5599 2029 5680 istud
2055 5596 2287 5680 sequitur
2319 5592 2971 5680 infodies—Nor'rummieo
2996 5615 3013 5651 :
3042 5598 3437 5680 Deinfantibus

176 5663 425 5743 “non
453 5664 767 5743 iuraverunt
811 5663 1144 5743 fidelitatem.
1174 5669 1249 5725 De
1290 5670 1375 5743 his
1404 5670 1493 5743 qui
1534 5679 1661 5725 tunc
1698 5663 1929 5743 infantes
1974 5663 2189 5743 fuerunt
2236 5675 2290 5721 et
2332 5666 2453 5720 aliis
2488 5674 2655 5743 atque
2688 5664 2807 5743 aliis
2841 5667 2933 5743 qui
2974 5684 3080 5743 non
3120 5668 3434 5743 iuraverunt

177 5732 497 5789 fidelitatem
517 5733 717 5791 domno
742 5737 1050 5807 imperatori
1078 5748 1171 5803 aut
1194 5756 1322 5794 suos
1342 5732 1591 5801 infantes,
1624 5740 1784 5795 modo
1809 5740 2002 5793 iurent.
2046 5735 2104 5790 V.
2133 5753 2293 5808 supra
2330 5751 2444 5807 cap.
2484 5732 2721 5793 8.}mius
2743 5732 2873 5788 libri
2887 5736 3005 5790 Bal.

179 5802 226 5829 “
255 5801 399 5857 deest
428 5803 475 5858 Ι.
511 5805 581 5858 1⁸.
605 5806 659 5859 5.
735 5804 779 5837 ²’
804 5807 943 5860 deest
966 5809 1039 5861 1⁹.
1114 5809 1158 5841 ³⁸
1183 5811 1271 5862 ubi
1298 5811 1347 5862 1.
1424 5810 1464 5840 ³·
1487 5811 1626 5862 deest
1652 5809 1722 5861 l'.
1799 5809 1843 5839 ”
1872 5807 2101 5862 vendant
2130 5807 2183 5861 3.
2436 5830 2459 5862 ι.

1872 5824 2101 5862 vendant
2130 5824 2183 5861 0o
2436 5830 2461 5869 ⁸η

179 5802 226 5829 ’⁸
255 5801 399 5857 deest
428 5803 475 5858 Ι.
511 5805 581 5858 1⁸.
605 5806 659 5859 5.
735 5804 779 5837 ²’
804 5801 943 5860 deest
966 5809 1039 5861 1⁹.

350 5954 373 5975 ο
471 5896 740 5955 ΡΑτιιοι..
788 5896 1036 5958 XCVII.

1114 5809 1158 5841 ³⁸
1183 5811 1271 5865 ubi
1298 5811 1347 5863 1.
1424 5810 1464 5840 ³·
1487 5811 1626 5863 deest
1652 5809 1722 5861 l'.

3118 5739 3160 5770 "
3192 5739 3329 5793 deest
3360 5740 3428 5792 1⁸.

2876 5896 2956 5955 ’18
