3992 6344
556 325 676 407 ίςδδ

1364 340 1423 396 Β.
1461 339 1711 396 CAROLI
1750 335 1964 391 MAGNI
2003 335 2151 390 OPP.
2191 333 2368 389 PARS
2407 333 2445 386 l.
2490 331 2729 387 SECTlO
2769 331 3002 386 PRIMA.

3735 335 3829 390 556

578 459 782 516 faciunt
805 457 867 522 ⁸,.
892 469 998 509 non
1045 453 1181 507 bene
1225 448 1533 504 custodiunt
1587 447 1764 509 fidem,
1811 460 1974 516 quam
2003 443 2158 498 nobis
2186 446 2236 506 Α
2263 451 2321 495 ut
2349 441 2535 496 reddat
2555 441 2605 495 ei
2631 457 2802 496 reum.
2829 441 2886 498 Si
2911 441 2998 496 ille
3018 440 3066 473 "
3089 442 3479 498 contradixerit
3506 451 3558 496 et
3576 457 3700 498 eum
3724 448 3830 501 red-

555 550 897 623 -promissam
929 547 1142 600 habent.
1177 543 1243 597 Et
1268 556 1335 595 ne
1363 541 1499 596 forte
1527 541 1579 594 in
1612 539 1791 608 aliqua
1840 537 2154 591 infidelitate

549 640 918 696 inveniantur
955 637 1008 701 ';
1041 635 1166 704 quia
1195 633 1285 702 qui
1310 634 1411 687 hoc
1434 631 1658 694 faciunt,
1687 645 1786 700 per
1827 644 2016 684 eorum
2059 642 2154 681 vo-

575 734 836 788 luntatem
857 728 925 782 ad
954 741 1114 781 aures
1141 732 1356 780 nostras
1398 723 1526 776 talia
1566 737 1730 792 opera
1777 721 1995 776 illorum
2043 732 2152 772 non

557 868 559 870 .
575 821 914 894 perveniunt.

644 913 733 966 21.
758 911 834 964 De
859 909 940 964 his
964 909 1052 979 qui
1077 917 1287 978 propter
1316 905 1583 976 prOpriam
1624 903 1880 956 iustitiam
1920 899 2154 954 dilatan-

566 1007 700 1060 dam
726 1003 747 1035 ³
769 1002 1022 1074 fugantur
1053 1000 1093 1052 ⁵.
1120 997 1258 1053 Sunt
1279 1006 1332 1052 ct
1360 997 1484 1059 alii,
1523 996 1615 1064 qui
1666 993 1926 1048 iustitiam
1949 991 2158 1061 legibus

573 1095 817 1164 recipere
838 1093 1049 1154 debent,
1083 1098 1137 1145 et
1162 1091 1215 1145 in
1240 1097 1447 1142 tantum
1474 1087 1607 1141 fiunt
1637 1087 1691 1139 in
1721 1084 2040 1155 quibusdam
2081 1083 2160 1136 lo-

574 1188 652 1242 cis
682 1184 892 1254 fatigati
927 1184 968 1248 ⁵,
1008 1197 1178 1252 usque
1211 1181 1339 1234 dum
1381 1179 1591 1234 illorum
1645 1176 1908 1231 iustitiam
1943 1189 2039 1243 per
2092 1172 2157 1226 fi-

576 1278 915 1332 deiussorum
941 1288 1133 1328 manus
1155 1273 1388 1336 tradant,
1419 1272 1491 1325 ita
1524 1278 1582 1324 ut
1603 1268 1804 1338 aliquid
1828 1266 1910 1320 vel
1934 1281 2159 1335 parvum

578 1368 788 1438 possint
812 1367 1030 1428 habere,
1071 1371 1126 1418 et
1155 1362 1406 1418 fortiores
1433 1361 1734 1429 suscipiant
1755 1358 2016 1411 maiorem
2037 1372 2162 1425 por-

580 1473 782 1604 "223."!
770 1547 845 1602 De
874 1547 1035 1601 armis
1073 1545 1142 1599 ad
1167 1545 1414 1614 placitum
1442 1560 1546 1596 non
1571 1541 1861 1613 portandis.
1888 1537 1958 1594 Ut
1987 1537 2164 1592 nullus

577 1642 651 1696 a‘d
679 1640 898 1694 mallum
924 1637 1008 1692 vel
1030 1637 1096 1692 ad
1117 1636 1373 1706 placitura
1394 1632 1532 1689 infra
1559 1633 1791 1702 patriam
1825 1646 2000 1693 arma,
2044 1629 2099 1684 id
2143 1629 2164 1659 ⁸

579 1741 664 1791 est
685 1740 897 1787 scutum
923 1738 976 1784 et
1001 1728 1262 1791 lanceam,
1287 1733 1484 1795 portet.

2255 536 2381 590 dere
2403 537 2652 598 noluerit,
2681 535 2734 588 in
2759 535 2932 603 prima
2958 535 3384 590 contradictione
3407 535 3589 590 solidis
3619 536 3833 604 quinde-

2255 625 2359 680 cim
2385 626 2663 697 culpabilis
2688 625 2972 679 iudicetur.
3029 624 3088 680 Si
3123 626 3190 680 ad
3235 626 3526 680 secundam
3545 625 3590 656 ¹⁹
3620 627 3833 696 inquisi-

2256 719 2455 773 tionem
2497 735 2617 774 eum
2641 718 2684 750 ³⁰
2713 718 2937 772 reddere
2967 718 3217 784 noluerit,
3246 719 3466 789 triginta
3507 719 3692 774 solidis
3735 721 3834 774 cul-

2255 808 2450 877 pabilis
2482 809 2767 864 iudicetur.
2800 806 2859 862 Si
2914 823 3016 862 nec
3061 810 3130 864 ad
3185 810 3402 863 tertiam
3446 809 3833 878 inquisitionem

2257 902 2561 958 consentire
2586 901 2830 965 voluerit,
2862 901 3119 970 quicquid
3157 916 3282 956 reus
3313 902 3496 956 damni
3547 900 3750 956 fecerat
3775 903 3831 964 ³¹.

2259 1001 2434 1048 totum
2460 993 2548 1048 ille
2564 993 2608 1024 “
2635 993 2726 1063 qui
2747 1008 2870 1047 eum
2898 990 3036 1046 infra
3052 993 3449 1046 immunitatem
3467 993 3664 1046 retinet
3692 993 3736 1023 ³³
3751 1009 3837 1047 nec

2261 1086 2487 1141 reddere
2507 1084 2639 1149 vult,
2675 1084 2884 1139 solvere
2914 1091 3160 1153 cogatur.
3191 1083 3259 1136 Et
3282 1084 3396 1154 ipse
3426 1099 3610 1138 comes
3634 1085 3835 1139 veniens

2261 1174 2533 1230 licentiam
2562 1174 2760 1228 habeat
2783 1173 2960 1244 ipsum
2982 1172 3256 1226 hominem
3279 1172 3418 1226 infra
3457 1173 3833 1226 immunitatem

2262 1265 2576 1335 quaerendi,
2624 1265 2948 1333 ubicumque
2975 1278 3098 1318 eum
3127 1262 3174 1294 ”
3203 1264 3445 1319 invenire
3489 1263 3746 1333 potuerit.
3787 1261 3835 1316 Si

2264 1365 2444 1412 autem
2473 1357 2657 1410 statim
2677 1355 2722 1387 ³⁵
2751 1356 2806 1409 ἰη
2833 1357 3008 1424 prima
3032 1355 3380 1423 inquisitione
3419 1356 3607 1410 comiti
3637 1369 3835 1424 respon-

2261 1462 2384 1502 sum
2420 1445 2582 1501 fuerit
2634 1446 2776 1514 quod
2825 1461 2951 1500 reus
3004 1445 3144 1500 infra
3194 1446 3593 1501 immunitatem
3641 1445 3834 1515 quidem

2266 1537 2474 1602 fuisset,
2503 1537 2598 1592 sed
2620 1536 2744 1608 fuga
2775 1535 2958 1605 lapsus
3003 1537 3093 1602 sit,
3128 1536 3268 1590 iuret
3295 1537 3442 1604 quod
3478 1536 3599 1605 ipse
3620 1551 3740 1590 eum
3777 1537 3833 1588 ad

2268 1632 2527 1687 iustitiam
2555 1629 2839 1686 cuiuslibet
2859 1628 3244 1684 disfaciendam
3272 1627 3458 1699 fugere
3483 1644 3596 1684 non
3623 1627 3830 1691 fecisset,

2268 1734 2322 1778 et
2344 1725 2414 1778 sit
2447 1724 2496 1777 ei
2524 1724 2577 1778 in
2607 1724 2712 1778 hoc
2741 1720 3100 1777 satisfactum.
3139 1719 3199 1774 Si
3229 1729 3410 1774 autem
3443 1720 3673 1774 intranti
3697 1719 3748 1772 in
3769 1720 3831 1788 ip-

640 1823 740 1878 25.
769 1822 846 1877 De
870 1819 1180 1877 latronibus.
1212 1782 1612 1879 Dedatyonibus
1630 1813 2013 1885 praecipimus.
2046 1811 2164 1880 qui-
2191 1782 2240 1842 Β
2270 1832 2388 1871 sam
2417 1814 2808 1869 immunitatem
2825 1811 3012 1867 comiti
3041 1810 3265 1866 collecta
3283 1826 3450 1864 manu
3475 1809 3729 1878 quislibet

580 1926 810 1982 cumque
833 1919 954 1980 post
981 1910 1201 1965 missam
1249 1906 1422 1962 sancti
1468 1905 1722 1962 Iohannis
1767 1903 1966 1958 latroni
2018 1919 2168 1956 man-

581 2008 790 2062 sionem
817 2005 1044 2068 dederit,
1075 2003 1122 2058 si
1146 2002 1390 2057 Francus
1410 2009 1512 2065 est,
1555 2016 1679 2056 cum
1707 2000 1985 2056 duodecim
2028 1999 2170 2053 simi-

584 2101 724 2155 libus
751 2097 976 2153 Francis
1004 2097 1162 2162 iuret,
1199 2095 1342 2165 quod
1372 2095 1485 2162 ipse
1526 2093 1791 2146 latronem
1837 2107 1962 2147 eum
2004 2089 2170 2145 fuisse

579 2203 692 2246 non
725 2191 918 2253 scisset
945 2189 989 2252 ⁷,
1016 2188 1141 2242 licet
1179 2194 1336 2256 pater
1363 2185 1481 2240 eius
1507 2185 1576 2239 sit
1603 2193 1695 2239 aut
1720 2182 1890 2238 frater
1939 2182 2023 2238 vel
2053 2197 2172 2253 pro-

582 2281 836 2352 pinquus.
863 2277 921 2332 Si
946 2279 1048 2333 hoc
1073 2277 1253 2331 iurare
1282 2291 1388 2329 non
1416 2275 1672 2345 potuerit,
1704 2281 1758 2329 ct
1800 2275 1867 2328 ab
1898 2273 2003 2329 alio
2045 2289 2173 2326 con-

582 2371 758 2425 victus
776 2368 956 2435 fuerit,
989 2367 1132 2438 quod
1157 2367 1422 2422 latronem
1463 2367 1516 2420 in
1547 2366 1781 2436 hospitio
1827 2366 2169 2435 suscepisset,

583 2460 738 2531 quasi
766 2459 904 2514 latro
933 2468 986 2512 et
1011 2457 1242 2514 infidelis
1286 2457 1594 2513 iudicetur:
1627 2457 1752 2526 quia
1802 2455 1941 2510 latro
1975 2463 2059 2511 est
2115 2463 2170 2508 et

586 2551 816 2610 infidelis
834 2559 918 2607 est
945 2551 967 2582 ⁸
999 2557 1182 2604 noster
1218 2557 1273 2604 et
1299 2549 1656 2610 Francorum,
1679 2555 1733 2601 et
1761 2547 1851 2617 qui
1881 2547 2032 2601 illum
2058 2561 2176 2600 sus-

583 2642 745 2715 cepit,
769 2641 963 2696 similis
982 2649 1065 2696 est
1090 2639 1186 2694 illi.
1221 2639 1242 2670 ⁹
1267 2639 1324 2693 Si
1352 2647 1533 2692 autem
1554 2638 1776 2700 audivit,
1799 2638 1941 2707 quod
1965 2636 2103 2690 latro
2131 2637 2173 2667 ⁸⁸

583 2735 791 2798 fuisset,
819 2741 874 2788 et
897 2741 1078 2788 tamen
1100 2747 1207 2787 non
1235 2731 1338 2787 scit
1366 2732 1406 2762 “
1436 2731 1784 2801 profirmiter,
1809 2738 1900 2785 aut
1922 2730 2062 2784 iuret
2089 2743 2176 2783 so-

585 2826 694 2890 lus,
725 2824 868 2895 quod
886 2839 1182 2893 numquam
1207 2837 1333 2878 eum
1362 2822 1600 2877 audisset
1633 2837 1731 2877 nec
1750 2837 1847 2891 per
1891 2821 2177 2876 veritatem

587 2932 690 2971 nec
715 2931 814 2986 per
836 2916 1176 2972 mendacium
1203 2915 1501 2980 latronem;
1555 2923 1648 2969 aut
1695 2913 1766 2968 sit
1788 2915 1829 2944 ¹¹
1856 2923 2100 2984 paratus,
2131 2913 2177 2966 si

581 3006 675 3061 ille
700 3007 766 3062 de
790 3005 1074 3061 latrocinio
1114 3014 1304 3076 postea
1332 3005 1508 3061 victus
1538 3005 1583 3037 “
1611 3004 1792 3069 fuerit,
1834 3013 1894 3060 ut
1931 3003 2179 3059 similiter

591 3097 937 3167 dampnetur.

658 3190 749 3244 2i.
774 3189 850 3245 De
872 3191 1188 3246 animalibus
1215 3191 1294 3247 vel
1317 3191 1438 3246 aliis
1459 3192 1631 3257 rebus,
1656 3208 1689 3244 a
1712 3191 1898 3260 quibus
1912 3199 2171 3244 emuntur.

590 3281 662 3336 Ut
689 3281 866 3336 nullus
893 3268 1172 3352 comparet
1199 3283 1486 3347 caballum,
1513 3284 1703 3338 bovem
1733 3290 1786 3334 et
1811 3281 2176 3336 “iumentum

587 3372 673 3427 vel
703 3372 809 3427 alia
843 3373 909 3438 ",
940 3373 1046 3427 nisi
1072 3373 1222 3427 illum
1252 3373 1526 3428 hominem
1567 3379 1856 3444 cognoscat
1908 3372 2001 3441 qui
2051 3387 2176 3425 eum

587 3463 791 3527 vendit,
816 3470 910 3517 aut
939 3463 1004 3517 de
1025 3478 1131 3532 quo
1153 3477 1293 3533 pago
1309 3470 1414 3526 est,
1434 3462 1518 3518 vel
1537 3462 1629 3518 ubi
1650 3467 1849 3526 manet,
1871 3469 1965 3516 aut
1988 3461 2111 3532 quis
2130 3460 2176 3492 “

589 3563 676 3610 est
700 3555 821 3608 eius
849 3554 1049 3608 senior.

660 3643 752 3698 25.
790 3643 868 3698 De
891 3643 1187 3699 homicidiis
1215 3643 1541 3699 clericorum.
1565 3643 1666 3711 Qui
1686 3644 2070 3700 subdiaconum
2091 3658 2176 3698 oc-

592 3734 804 3799 ciderit,
841 3741 1112 3789 trecentos
1148 3734 1190 3766 "
1221 3733 1420 3791 solidos
1456 3743 1744 3805 componat
1781 3735 1853 3803 "‘;
1879 3735 1970 3805 qui
1997 3735 2177 3791 diaco-

590 3840 740 3889 num,
769 3824 1192 3894 quadringentos
1215 3825 1257 3856 ι’
1288 3833 1603 3896 componat;
1654 3825 1748 3895 qui
1782 3827 2171 3898 presbyterum,

592 3922 875 3972 sexcentos
895 3915 940 3948 '°
963 3923 1281 3986 componat;
1313 3915 1406 3987 qui
1430 3916 1761 3987 episcopum,
1778 3925 2076 3989 nongentos
2096 3918 2172 3984 ¹¹;

588 4008 681 4079 qui
703 4009 1050 4076 monachum,
1075 4009 1500 4080 quadringentos
1519 4009 1719 4064 solidos
1741 4017 2048 4079 componat.

656 4094 749 4153 26:
761 4097 838 4152 De
849 4099 1193 4165 immunitate,
1211 4099 1258 4153 si
1268 4098 1482 4170 aliquod
1497 4098 1750 4154 damnum
1763 4099 1834 4153 ibi
1854 4099 2051 4168 factum
2069 4099 2178 4170 [ue

586 4189 676 4243 rit.
705 4188 762 4244 Si
787 4189 908 4258 quis
929 4189 986 4244 in
1014 4190 1060 4221 “
1087 4189 1426 4246 humanitate
1442 4190 1701 4246 damnum
1723 4190 1938 4260 aliquod
1967 4189 2173 4254 fecerit,

588 4286 872 4334 sexcentos
890 4279 938 4312 “
961 4278 1160 4337 solidos
1180 4289 1468 4350 componat
1491 4280 1558 4334 “.
1583 4281 1642 4337 Si
1667 4290 1846 4338 autem
1872 4284 2036 4338 homo
2058 4282 2175 4338 fur-

583 4379 704 4424 tum
732 4377 825 4424 aut
849 4371 1200 4427 homicidium
1223 4372 1310 4427 vel
1330 4373 1603 4442 quodlibet
1645 4375 1851 4430 crimen
1878 4375 2009 4430 foris
2036 4389 2178 4431 com-

589 4459 807 4516 mittens
833 4460 972 4515 intra
996 4461 1392 4519 immunitatem
1419 4463 1636 4535 fugerit,
1663 4467 1881 4522 mandet
1919 4482 2102 4522 comes
2130 4469 2177 4500 "

587 4549 670 4606 vel
695 4551 967 4622 episcopo,
995 4553 1081 4608 vel
1115 4555 1328 4628 abbati,
1355 4555 1439 4610 vel
1486 4556 1825 4614 vicedomino
1849 4557 1911 4622 ",
1952 4559 2036 4614 vel
2080 4559 2176 4627 illi,

586 4644 912 4714 quicumque
958 4643 1137 4701 locum
1185 4647 1420 4718 episcopi
1474 4655 1568 4704 aut
1593 4649 1636 4681 "
1669 4649 1881 4706 abbatis
1916 4652 2172 4716 tenuerit,

2267 1909 2461 1964 sistere
2490 1905 2848 1976 temptaverit,
2900 1918 3083 1958 comes
3107 1903 3214 1957 hoc
3262 1903 3330 1957 ad
3368 1917 3554 1972 regem
3588 1901 3673 1956 vel
3709 1901 3749 1930 ³⁸
3779 1900 3831 1953 ad

2266 2001 2564 2073 principem
2587 1997 2814 2062 deferat,
2850 1996 3033 2066 ibique
3062 1995 3349 2059 iudicetur,
3378 2003 3438 2048 ut
3481 1994 3631 2048 sicut
3651 1993 3733 2047 ille
3760 1992 3830 2060 qui

2269 2093 2325 2150 in
2375 2089 2716 2158 immunitate
2761 2087 3018 2141 damnum
3053 2083 3202 2150 fecit,
3252 2094 3545 2139 sexcentos
3591 2084 3639 2115 ³⁷
3669 2085 3830 2139 solidos

2270 2195 2594 2253 componere
2615 2181 2826 2244 debeat,
2841 2179 2916 2232 ita
2929 2186 2990 2233 ut
3011 2178 3056 2210 ³⁸
3071 2178 3165 2248 qui
3189 2178 3374 2232 comiti
3395 2177 3625 2232 collecta
3645 2177 3687 2208 ³⁸
3700 2193 3828 2230 manu

2261 2278 2524 2333 resistere
2564 2275 3007 2353 praesumpserit,
3039 2273 3309 2329 sexcentis
3338 2273 3382 2305 ⁸⁸
3410 2273 3599 2328 solidis
3623 2271 3830 2342 ailpabi-

2274 2371 2340 2426 lis
2364 2371 2649 2427 iudicetur.

2342 2464 2432 2518 27.
2466 2463 2542 2518 De
2569 2479 2651 2528 eo,
2670 2464 2758 2534 qui
2787 2463 2843 2517 in
2864 2460 3061 2516 iudicio
3081 2459 3276 2513 intuste
3301 2466 3488 2512 contra
3507 2456 3674 2510 alim
3702 2455 3830 2509 alter-

2275 2566 2477 2609 cantem
2497 2555 2747 2610 adiuvare
2768 2551 3193 2626 praesumpserit.
3227 2548 3285 2603 Si
3330 2549 3453 2618 quis
3489 2549 3752 2604 hominem
3786 2548 3830 2600 in

2277 2643 2474 2699 iudicio
2516 2644 2716 2700 iniuste
2761 2652 2953 2698 contra
3013 2641 3179 2696 alium
3228 2640 3578 2694 altercantem
3605 2640 3833 2694 adiuvare

2275 2750 2376 2805 per
2397 2734 2598 2788 malum
2619 2735 2895 2806 ingenium
2911 2732 2952 2764 “
2976 2731 3424 2802 praesumpserit,
3447 2739 3596 2799 atque
3615 2730 3739 2783 inde
3755 2745 3832 2782 co-

2278 2843 2394 2882 ram
2424 2827 2688 2882 iudicibus
2714 2827 2802 2882 vel
2832 2826 3029 2882 comite
3049 2826 3094 2856 ⁸²
3117 2825 3430 2892 inerepatus
3462 2823 3624 2884 fuerit,
3660 2831 3709 2875 et
3745 2837 3829 2875 ne

2279 2937 2409 2992 gare
2432 2934 2539 2977 non
2555 2922 2814 2992 potuerit,
2847 2921 3033 2978 solidis
3073 2920 3381 2991 quindecim
3415 2919 3689 2989 culpabilis
3720 2920 3832 2975 iudi-

2281 3023 2453 3070 cetur.

2201 3130 2250 3195 ο
2350 3104 2440 3160 28.
2478 3102 2556 3158 De
2591 3104 2817 3168 homine,
2851 3104 2942 3174 qui
2965 3119 3058 3174 per
3079 3113 3279 3156 cartam
3303 3102 3590 3156 libertatem
3612 3117 3830 3155 consecro

2278 3203 2364 3247 tus
2409 3202 2504 3248 est.
2551 3191 2608 3248 Si
2658 3192 2780 3261 quis
2831 3207 2929 3262 per
2961 3200 3168 3248 certam
3201 3192 3605 3262 ingenuitatisa
3649 3193 3828 3247 domino

2277 3299 2374 3340 suo
2398 3283 2636 3354 legitime
2657 3282 2961 3338 libertatem
2985 3291 3069 3336 est
3110 3291 3454 3345 consecutus,
3493 3282 3628 3337 liber
3662 3297 3830 3352 perma-

2277 3384 2422 3430 neat.
2480 3373 2540 3430 Si
2571 3389 2702 3430 vero
2745 3373 2938 3443 aliquis
2957 3388 3082 3428 eum
3118 3361 3316 3428 iniuste
3349 3373 3614 3426 inservire
3644 3381 3829 3440 tempta

2275 3456 2416 3518 veri't
2449 3458 2513 3527 ⁵⁸,
2541 3462 2658 3518 et“
2681 3462 2770 3518 ille
2805 3470 3010 3518 cartam
3041 3461 3392 3532 ingenuitatis
3417 3477 3548 3516 suae
3569 3461 3829 3516 ostenderit

2275 3564 2331 3611 et
2351 3555 2720 3612 adversarium
2744 3571 2803 3611 se
2828 3555 3088 3611 inservire
3114 3555 3251 3611 velle
3284 3554 3732 3624 comprobaverit.
3757 3552 3825 3606 ille

2275 3647 2370 3718 qui
2402 3647 2508 3702 hoc
2536 3647 2836 3717 temptavit,
2875 3646 3100 3702 multam
3121 3651 3260 3715 quae
3304 3644 3360 3699 in
3396 3656 3553 3699 carta
3591 3643 3826 3711 descripta

2276 3746 2380 3805 est,
2413 3737 2621 3794 solvere
2641 3745 2886 3809 cogatur.
2917 3736 2976 3792 Si
3010 3752 3138 3791 vero
3173 3745 3325 3791 carta
3348 3751 3455 3789 non
3483 3733 3827 3804 paruerit,sed

2278 3829 2386 3883 iam
2416 3829 2485 3884 ab
2512 3827 2603 3883 illo
2637 3827 2728 3898 qui
2751 3843 2874 3883 eum
2899 3828 3160 3882 inservire
3181 3827 3411 3883 voluerit
3432 3826 3662 3882 disfacta
3690 3825 3729 3856 “
3747 3835 3826 3886 est,

2276 3918 2615 3989 widrgildum
2639 3918 2686 3950 “
2711 3918 2829 3974 eius
2857 3927 3165 3989 componat,
3199 3919 3334 3974 duas
3367 3927 3556 3988 partes
3605 3918 3678 3972 illi
3700 3931 3829 3986 quem

2277 4012 2537 4067 in‘servire
2560 4011 2822 4076 voluerat,
2857 4011 3076 4065 tertiam
3123 4010 3265 4080 regi;
3319 4021 3375 4065 et
3408 4009 3500 4064 ille
3538 4010 3730 4065 iterum
3757 4023 3830 4076 per

2275 4111 2623 4173 praeceptum
2651 4102 2794 4174 regis
2815 4101 3121 4157 libertatem
3144 4114 3300 4157 suam
3324 4102 3636 4170 conquirat.

2346 4194 2437 4250 29.
2469 4193 2546 4248 De
2587 4195 2793 4248 homine
2822 4192 3005 4259 libero,
3045 4195 3137 4263 qui
3176 4209 3231 4247 se
3271 4192 3385 4247 loco
3419 4193 3578 4246 wadii
3607 4193 3756 4246 tradit
3780 4191 3828 4239 ⁸⁷.

2277 4288 2438 4344 Liber
2458 4287 2553 4356 qui
2585 4302 2644 4342 se
2668 4286 2787 4342 loco
2812 4287 2971 4341 wadii
2995 4287 3051 4340 in
3085 4286 3309 4341 alterius
3331 4295 3600 4356 potestate
3632 4286 3678 4318 “
3709 4299 3833 4338 corn—

2277 4378 2508 4443 miserit,
2538 4378 2719 4446 ibique
2740 4377 3066 4433 constitutus
3098 4377 3356 4431 damnum
3392 4375 3614 4445 aliquod
3650 4376 3835 4430 cuilibet

2206 4497 2260 4557 D
2283 4471 2491 4536 fecerit,
2527 4470 2618 4540 qui
2640 4485 2763 4525 eum
2790 4471 2844 4524 in
2871 4471 2988 4526 loco
3014 4471 3175 4526 wadii
3199 4470 3436 4540 suscepit
3481 4478 3577 4523 aut
3611 4470 3837 4524 damnum

2282 4564 2475 4629 solvat,
2514 4571 2608 4616 aut
2653 4562 2924 4617 hominem
2957 4563 3010 4618 in
3043 4562 3206 4616 mallo
3236 4562 3558 4631 productum
3607 4560 3836 4618 dimittat,

2281 4653 2512 4723 perdens
2535 4651 2692 4708 simul
2727 4652 2962 4708 debitum
2989 4661 3209 4722 propter
3242 4652 3386 4721 quod
3407 4665 3532 4706 eum
3553 4650 3602 4682 δ’
3631 4666 3728 4721 pro
3749 4663 3839 4702 vva-

1813 4783 2204 4842 VARIANTES
2237 4783 2636 4842 LECTIONES.

651 4877 675 4908 ‘
703 4876 803 4931 hec
839 4875 932 4946 qui
955 4873 1068 4946 L5.

1171 4875 1206 4945 ’_
1223 4875 1490 4945 sequentia
1514 4873 1580 4945 A4.
1605 4874 1681 4945 (in
1709 4873 1821 4928 loco
1860 4889 2092 4941 corraso,
2119 4894 2152 4930 a
2184 4894 2346 4930 manu
2389 4872 2602 4944 recent).
2629 4872 2694 4928 ϐ.
2719 4873 2900 4928 Camb.
2951 4873 3067 4926 Vat.
3097 4872 3262 4945 Sang.
3308 4872 3356 4924 1.
3404 4870 3553 4925 Colb.
3601 4873 3675 4926 ita
3715 4871 3839 4926 exhi-

585 4947 743 5001 bent:
788 4943 897 5001 inv.
923 4945 1016 5016 qui
1052 4947 1155 5000 hoc
1185 4943 1410 5008 faciunt,
1442 4943 1694 5013 deinceps
1718 4952 1946 5016 caveant
1966 4960 2025 4999 se
2047 4948 2269 5002 omnino
2297 4962 2328 5000 a
2358 4943 2576 5009 talibus,
2603 4959 2721 5016 nefa
2743 4945 2978 5016 propriis
3007 4943 3300 5016 honoribus
3329 4950 3438 5016 eta
3473 4944 3837 5016 pngprioisolo,

585 5034 614 5070 a
648 5017 740 5072 Dei
786 5013 979 5080 gratia,
1011 5023 1065 5072 et
1087 5023 1268 5071 nostra
1293 5023 1541 5070 extorres
1568 5015 1717 5067 liam.
1818 5013 2080 5070 'dilatam
2109 5019 2163 5072 5.

587 5087 638 5138 1.
686 5084 832 5140 Colb.
866 5086 981 5140 ‘id.
1011 5102 1061 5141 e.
1088 5102 1134 5141 s.
1161 5093 1216 5141 et
1243 5085 1278 5137 Ι.
1304 5085 1490 5139 desunt
1513 5084 1565 5137 4.
1642 5086 1662 5116 "
1696 5084 1734 5138 ἰ.
1763 5085 1998 5140 nesciret
2027 5087 2098 5140 1'.

585 5241 645 5279 re
671 5225 838 5296 Rivip.

593 5367 666 5418 1'.
699 5363 764 5419 G.
861 5365 907 5398 “
931 5377 1284 5436 componatur
1318 5366 1366 5420 1.
1464 5367 1511 5396 "
1533 5365 1714 5421 comiti
1736 5366 1788 5420 5.
1898 5366 1943 5398 ³⁸
1967 5363 2160 5423 vicedo:

584 5435 635 5506 ³9
687 5450 809 5506 eum
859 5436 1268 5506 inquisitionem
1305 5436 1491 5506 desunt
1532 5435 1597 5490 G.
1675 5435 1719 5468 “
1776 5435 1966 5506 fecerit
1993 5437 2062 5490 ι’.
2108 5438 2160 5492 6.

590 5505 636 5536 ³⁸
664 5505 805 5559 deest
834 5507 884 5560 1.
908 5505 961 5560 4.
1040 5507 1086 5538 ⁸⁸
1105 5509 1244 5562 deest
1276 5506 1323 5559 1.
1345 5505 1398 5560 4.
1429 5505 1494 5561 G.

587 5590 636 5629 r.
667 5574 720 5627 5.
798 5574 843 5607 ‘°
874 5592 1034 5631 ncccc
1062 5593 1089 5630 e
1118 5594 1254 5630 corr.
1286 5575 1351 5630 G.
1453 5577 1494 5607 δι

861 5365 907 5398 ³⁸
931 5377 1284 5436 componatur
1318 5366 1366 5420 1.
1464 5367 1511 5396 "
1533 5365 1714 5436 comiti
1736 5366 1788 5420 5.

2173 5087 2195 5120 ⁸
2220 5088 2362 5142 deest
2399 5083 2454 5139 5.
2495 5083 2604 5138 Hld
2657 5084 2777 5138 Bal.
2853 5085 2874 5116 ⁹
2909 5085 3013 5140 illis
3053 5083 3123 5138 1'.

585 5157 664 5210 sic
691 5155 756 5209 G.
787 5173 832 5213 s.
863 5156 1091 5211 firmiter
1119 5155 1366 5225 nescit‘a.
1398 5155 1499 5208 5b.
1579 5155 1620 5185 ¹¹
1648 5169 1699 5207 a.
1732 5156 1779 5210 si
1806 5171 1860 5225 p.
1910 5155 1998 5210 ille
2022 5156 2088 5210 Β.
2167 5157 2210 5190 ¹³
2235 5157 2514 5213 convictus
2538 5154 2593 5208 4.
2629 5155 2684 5208 6.
2715 5155 2779 5209 G.
2808 5154 2927 5208 Bal.

920 5226 962 5258 “
982 5225 1074 5297 qui
1096 5228 1168 5282 1'.
1191 5225 1245 5279 4.
1271 5223 1342 5297 G.
1417 5226 1468 5297 "_
1501 5241 1626 5297 cccc
1657 5225 1766 5297 1'.._
1806 5221 1871 5297 ’δέ
1897 5236 2252 5296 componatur
2279 5230 2414 5297 1._et
2436 5226 2625 5280 abroso
2652 5241 2717 5280 ur
2752 5226 2935 5297 Paper
2955 5235 3119 5279 totum
3141 5233 3318 5297 cap_ut.

590 5307 728 5348 corr.
787 5293 849 5328 "°
880 5293 1039 5353 occec
1068 5313 1132 5351 ea:
1153 5311 1290 5350 corr.
1325 5296 1396 5349 1‘.
1426 5293 1492 5350 (ἶ.
1569 5296 1613 5325 ¹¹
1643 5310 1693 5348 e.
1735 5295 1801 5350 de
1820 5295 1928 5350 vita
1981 5293 2102 5352 com
2143 5337 2157 5352 .
2185 5298 2278 5368 qui
2314 5295 2379 5350 G.
2408 5311 2472 5351 ea:
2494 5312 2630 5349 corr.
2655 5311 2784 5351 nccc
2814 5293 2942 5348 th.
3020 5297 3064 5326 ¹²
3095 5293 3276 5348 ηοηὸ.

593 5367 666 5418 1'.
699 5363 764 5419 (ἶ.
861 5365 907 5398 ’⁸
931 5377 1284 5420 componatur
1318 5366 1366 5420 1.
1464 5367 1511 5396 "
1533 5365 1714 5420 comiti
1736 5366 1788 5420 5.
1898 5366 1943 5398 ³⁸
1967 5314 2354 5420 vicetﬁminico
2381 5367 2433 5420 5.
2529 5367 2572 5397 "
2609 5365 2693 5419 vel
2726 5367 2795 5418 1‘.
2823 5366 2885 5418 B.
2962 5365 3007 5397 ⁸⁸
3033 5365 3112 5419 illi
3150 5365 3202 5417 1.
3244 5365 3267 5416 1

1967 5369 2354 5424 vicedominico
2381 5369 2433 5420 5.

1596 5506 1640 5538 ³⁸
1662 5506 1744 5562 vel
1768 5507 1834 5560 ad
1855 5506 1907 5560 6.
1938 5505 2003 5561 G.
2037 5508 2156 5561 Bal.
2234 5509 2277 5540 ³⁷
2309 5522 2466 5562 occcc
2487 5523 2514 5558 e
2549 5515 2766 5558 correct.
2800 5506 2873 5558 1'.
2903 5506 2968 5559 (ἓ.

1520 5593 1572 5646 p.
1605 5593 1678 5631 m.
1707 5578 1743 5632 i.
1772 5577 1957 5630 desunt
2086 5578 2220 5632 Thu.
2262 5577 2382 5630 Vat.
2412 5575 2658 5646 Sang.1.
2688 5575 2835 5628 Colb.

2280 5018 2301 5048 ⁵
2334 5015 2626 5085 fatigantur
2651 5015 2706 5068 5.
2746 5011 2820 5068 Β.
2845 5011 2859 5014 ⁷
2933 5016 2954 5046 ⁸
2999 5014 3170 5084 fugati
3221 5011 3287 5067 G.
3332 5011 3465 5064 Thu.
3533 5011 3651 5066 vat.
3691 5015 3836 5082 Sang.

2280 5097 2362 5138 rest
2399 5087 2451 5138 5.
2495 5083 2604 5138 Hld
2657 5084 2777 5138 Bal.
2853 5085 2874 5116 ⁹
2909 5085 3013 5138 illis
3053 5087 3123 5138 1'.
3223 5084 3263 5115 ¹⁰
3289 5083 3429 5135 deest
3458 5083 3530 5135 1'.
3633 5085 3671 5115 “
3699 5085 3759 5138 tit
3783 5083 3836 5135 Β.

3327 5098 3429 5135 εεδι
3458 5098 3530 5135 Γ.
3633 5098 3671 5115 ⁸³
3699 5098 3759 5136 ιιι
3783 5098 3837 5135 Π.

3035 5155 3078 5186 ¹⁸
3103 5163 3196 5208 aut
3221 5155 3276 5208 5.
3354 5152 3397 5182 ³⁵
3439 5168 3490 5205 a.
3519 5167 3839 5222 quacumque

3412 5222 3452 5253 "
3483 5239 3547 5277 nc
3580 5224 3651 5286 ι’,
3703 5224 3765 5278 G.
3789 5238 3842 5275 ex

3374 5291 3419 5322 ⁸³
3442 5308 3604 5348 acccc
3626 5310 3692 5348 ea;
3715 5309 3838 5348 corr.

2529 5367 2572 5397 "
2609 5365 2693 5419 vel
2726 5367 2795 5418 1‘.
2823 5366 2885 5418 Β.
2962 5365 3007 5397 ⁸⁸
3033 5365 3112 5419 illi
3150 5365 3202 5417 ί.
3244 5365 3316 5416 1'.
3349 5363 3403 5416 4.
3504 5363 3548 5393 ²⁹
3593 5365 3755 5418 aliam
3786 5362 3838 5413 B.

2715 5435 2762 5466 ³³
2796 5435 2994 5490 retinet
3030 5434 3420 5488 immunitatem
3448 5432 3749 5486 exciderunt
3777 5433 3839 5485 ι’.

3045 5506 3094 5536 ³⁸
3119 5505 3259 5556 deest
3282 5505 3335 5557 5.
3410 5502 3454 5533 ³⁹
3477 5518 3603 5557 cum
3627 5504 3838 5558 collecta

2942 5576 2986 5607 ’δ’
3016 5591 3068 5627 v.
3091 5589 3141 5628 c.
3173 5574 3358 5626 desunt
3393 5573 3460 5624 1'.
3567 5573 3611 5604 "
3639 5575 3677 5626 i.
3720 5573 3842 5625 velle

2271 5438 2314 5470 ³³
2351 5437 2502 5492 illum
2536 5436 2607 5489 1'.

591 5644 709 5716 ιρι.
740 5643 792 5698 6.
819 5715 830 5716 7
869 5644 918 5677 “
936 5655 990 5700 et
1014 5646 1192 5716 ille....
1220 5642 1651 5716 comprobaverit
1671 5649 1856 5702 desunt
1877 5647 1928 5699 6.
2007 5645 2055 5677 "
2071 5649 2326 5701 disfracta
2351 5644 2512 5716 1‘.G.
2527 5642 2543 5646 ⁷
2567 5645 2636 5716 f‘
2656 5645 3018 5716 uuirdgildum
3038 5646 3109 5698 1‘.
3127 5643 3192 5697 B.
3207 5642 3550 5716 uuirdgildum
3569 5644 3616 5697 1.
3639 5645 3828 5716 uuidre

901 5715 1227 5786 uuirgildum
1273 5715 1355 5769 ϐξ
1389 5718 1769 5786 uneregeldum
1801 5716 1852 5768 4.
1898 5717 2191 5785 uuerigeldi
2241 5717 2293 5772 6.

669 5787 807 5840 deest
847 5788 900 5840 5.

2395 5714 2438 5746 ⁸⁷
2468 5713 2746 5769 tradiderit
2783 5712 2843 5769 δῖ
2879 5715 3017 5769 deest
3057 5716 3128 5768 1'.
3230 5712 3274 5744 “'
3319 5719 3638 5781 potestatem
3680 5716 3735 5768 5.
3785 5713 3824 5764 B
