3992 6344
218 353 333 410 55ῗ

809 356 1035 413 CODEX
1075 358 1674 418 DlPLOMATlCUS.—-
1698 363 1894 420 CAPIT
1902 368 2008 421 UL.
2049 371 2137 424 AB
2173 373 2507 433 ANSEGISO
2545 381 2920 440 COLLECTA.

3385 399 3486 455 5318

217 472 320 529 dio
339 473 601 575 suscepit.
631 472 817 575 littqui
860 475 1150 544 dampnum
1184 476 1329 575 fecit,
1347 478 1620 575 ~dimissus
1667 481 1814 549 iuxta
1843 487 1890 543 Α
1919 485 2154 540 scabinis
2204 498 2428 558 septem,
2474 493 2565 563 qui
2597 495 2662 550 ad
2705 498 2886 551 omnia
2933 500 3128 569 placita
3163 519 3415 575 praeesse
3441 514 3486 543 ρ.

212 563 552 634 “ditatem
586 564 664 618 rei
702 563 719 595 ⁵
754 576 979 634 cogatur
1009 567 1315 622 emendare.
1345 567 1403 622 Si
1433 584 1560 623 vero
1585 569 1810 624 liberam
1913 573 2126 628 debent.

215 652 493 710 feminam
521 655 794 720 habuerit,
827 672 999 726 usque
1042 659 1167 712 dum
1198 658 1254 711 in
1293 658 1514 728 pignere
1549 661 1806 727 extiterit,

207 755 271 802 et
309 745 458 802 ﬁlios
487 746 777 802 habuerint
811 749 852 813 ³,
877 746 1042 808 liberi.
1080 756 1453 818 permaneant.

282 837 385 894 50.
415 836 497 892 De
538 837 726 893 debitis
761 838 1042 909 regalibus,
1063 839 1302 910 qualiter
1333 839 1460 894 solvi
1509 839 1530 871 ³
1561 841 1802 895 debeant.

203 928 417 986 Omnia
468 929 647 984 debita
697 944 836 997 quae
888 927 957 984 ad
987 937 1196 998 partem
1225 931 1370 999 regis
1402 929 1538 985 solvi
1585 931 1801 998 debent,

203 1019 407 1076 solidis
443 1018 466 1049 ⁸
500 1019 781 1075 duodecim
834 1019 1180 1074 denariorum
1227 1021 1508 1080 solvantur
1551 1021 1593 1087 ⁵,
1642 1036 1800 1076 exce-

201 1119 302 1178 pta
339 1109 365 1141 ⁸
400 1107 585 1174 freda,
631 1124 768 1177 quae
797 1109 852 1163 in
886 1109 1002 1180 lege
1024 1109 1199 1165 Salica
1222 1112 1526 1180 conscripta
1575 1120 1675 1166 est.
1709 1114 1802 1172 llla

199 1201 407 1255 eodem
445 1198 616 1253 solido
642 1214 749 1267 quo
792 1208 1005 1255 ceterae
1055 1202 1471 1270 compositiones
1521 1203 1656 1257 solvi
1709 1205 1800 1259 de-

199 1291 343 1346 bent
376 1291 398 1322 τ
413 1329 432 1354 ,
463 1299 834 1361 componatur.

273 1382 373 1436 51.
413 1384 436 1412 ⁸
468 1380 544 1434 De
565 1397 624 1434 eo
647 1381 735 1450 qui
768 1395 982 1436 causam
1011 1380 1294 1435 iudicatam
1337 1393 1560 1453 repetere
1581 1400 1798 1454 praesu-

197 1484 341 1527 mat.
367 1472 433 1527 Si
461 1473 580 1542 quis
601 1487 819 1526 causam
840 1471 1133 1525 iudicatam
1162 1480 1401 1541 repetere
1421 1488 1794 1544 praesumpse-

197 1566 274 1620 rit
326 1566 383 1618 in
426 1563 590 1617 mallo
614 1562 657 1626 ’,
686 1562 867 1631 ibique
895 1562 1124 1616 testibus
1163 1565 1441 1624 convictus
1474 1563 1654 1629 fuerit,
1699 1574 1792 1620 aut

192 1655 520 1727 quindecim
543 1654 743 1708 solidos
769 1662 1077 1724 componat,
1109 1662 1204 1709 aut
1225 1655 1533 1724 quindecim
1564 1657 1701 1712 ictus
1721 1659 1791 1714 ab

194 1750 448 1807 sabinis
477 1748 541 1812 ",
565 1747 656 1817 qui
681 1761 898 1801 causam
941 1747 1091 1816 prius
1121 1746 1508 1814 iudicaverunt,
1537 1749 1784 1819 accipiat.

1977 643 2066 697 4|.
2105 645 2180 700 De
2214 648 2363 716 falsis
2389 653 2629 743 testibus.
2671 655 2749 710 De
2778 657 2926 714 lalsis
2957 663 3186 721 testibus
3219 671 3487 743 praecipi-

1907 747 2045 797 mus,
2075 743 2134 788 ut
2163 752 2267 791 non
2292 739 2623 808 recipiantur
2644 745 2710 797 ".

1973 822 2062 877 42.
2090 824 2168 878 De
2192 845 2295 881 non
2315 829 2540 884 iurando
2566 851 2658 903 per
2680 837 2834 890 vitam
2856 842 3007 910 regis.
3035 843 3104 898 Ut
3129 847 3306 904 nullus
3325 865 3484 921 prae-

1903 923 2081 968 sumat
2108 931 2204 984 per
2224 919 2390 972 vitam
2417 921 2559 989 regis
2583 931 2638 977 et
2673 925 2904 982 filiorum
2928 932 3043 986 eius
3067 934 3264 991 iurare.

1971 1004 2060 1059 43.
2097 1006 2174 1061 De
2193 1025 2251 1062 eo
2270 1011 2360 1079 qui
2391 1028 2482 1081 per
2518 1023 2717 1068 cartam
2739 1018 2991 1088 ingenuus
3025 1034 3118 1090 est,
3145 1029 3191 1081 si
3228 1031 3298 1084 ad
3323 1031 3482 1088 servi-

2054 1097 2409 1169 interpellatus
2432 1102 2612 1172 fuerit.
2644 1105 2701 1160 Si
2723 1109 2844 1177 quis
2863 1126 2960 1179 per
2989 1124 3192 1171 cartam
3218 1120 3481 1190 ingenuus

1901 1187 2154 1245 dimissus
2204 1190 2386 1258 fuerit,
2417 1202 2472 1248 et
2501 1209 2531 1248 a
2575 1198 2814 1266 quolibet
2849 1202 3067 1261 homine
3088 1211 3154 1263 ad
3197 1187 3478 1272 servitium

1898 1279 2266 1350 interpellatus
2306 1277 2751 1356 fuerit,iprimum
2800 1293 3096 1362 legitimum
3133 1313 3407 1363 auctorem
3433 1312 3478 1343 ³⁸

1897 1382 2028 1461 suae
2047 1370 2310 1428 libertatis
2333 1376 2573 1443 proferat
2597 1388 2651 1434 et
2672 1380 2726 1434 in
2753 1398 2849 1438 sua
2873 1385 3120 1445 libertate
3141 1407 3475 1461 perseveret.

1897 1457 1954 1512 Si
1989 1476 2118 1516 vero
2145 1462 2414 1534 legitimus
2454 1478 2645 1524 auctor
2671 1472 2921 1540 defuerit,
2973 1457 3280 1542 testimonio
3310 1489 3479 1546 bono-

1895 1566 2014 1604 rum
2037 1553 2334 1623 homiuum,
2357 1559 2449 1627 qui
2472 1567 2602 1616 tunc
2623 1563 2848 1618 aderant
2869 1571 3085 1636 quando
3129 1567 3266 1630 liber
3287 1579 3476 1636 dimis-

1891 1655 1984 1696 sus
2016 1642 2208 1709 fuerat,
2240 1661 2300 1702 se
2326 1647 2613 1708 defendere
2637 1657 3002 1723 permittatur.
3041 1662 3097 1718 Si
3132 1681 3262 1723 vero
3308 1678 3478 1729 testes

1891 1734 2174 1800 defuerint,
2225 1753 2348 1793 cum
2400 1741 2606 1798 duabus
2648 1746 2766 1802 aliis
2815 1752 3001 1817 cartis,
3050 1771 3188 1824 quae
3231 1760 3477 1819 eiusdem

265 1843 364 1902 32.
389 1841 471 1894 De
495 1857 554 1894 eo
577 1840 665 1910 qui
692 1840 748 1892 in
771 1839 1122 1893 testimonium
1145 1841 1449 1905 assumitur,
1482 1841 1652 1911 qualis
1673 1859 1788 1896 esse
1813 1847 1859 1906 B
1889 1825 2193 1880 camellam
2231 1843 2406 1908 manu,
2437 1832 2685 1890 ﬁrmatae
2715 1838 2823 1891 Sim
2867 1840 2951 1894 vel
2997 1846 3246 1914 scriptae,
3293 1852 3477 1908 cuius-

193 1937 404 1990 debeat.
452 1933 701 2001 Optimus
727 1931 954 1999 quisque
993 1931 1046 1984 in
1091 1945 1226 2000 pago
1264 1930 1348 1985 vel
1386 1931 1610 1987 civitate
1641 1933 1694 1987 in
1741 1933 1782 1964 ¹¹

190 2023 573 2079 testimonium
610 2023 957 2084 adsumatur,
1002 2031 1058 2076 et
1087 2022 1169 2076 cui
1221 2022 1263 2052 ¹¹
1305 2022 1352 2076 is
1389 2030 1575 2078 contra
1624 2039 1783 2094 quem

189 2116 574 2173 testimoniare
622 2114 666 2146 ¹³
701 2114 887 2180 debet,
938 2113 1142 2167 nullum
1183 2113 1385 2169 crimen
1434 2114 1604 2184 possit
1645 2115 1785 2170 indi-

188 2225 342 2266 cere.

260 2303 354 2358 55.
397 2299 478 2354 De
495 2297 752 2352 scabineis
778 2296 841 2358 ",
868 2295 1155 2360 advocatis,
1196 2297 1413 2348 notariis
1441 2313 1473 2348 a
1495 2296 1665 2349 missis
1688 2295 1782 2349 do-

187 2395 403 2448 minicis
437 2389 713 2462 eligendis.
748 2387 818 2444 Ut
840 2388 990 2442 missi
1034 2387 1205 2442 nostri
1230 2388 1499 2443 scabinios
1531 2388 1594 2453 η,
1619 2389 1782 2444 advo-

183 2495 362 2549 catos,
405 2482 648 2538 notarios
685 2494 782 2548 per
834 2478 1040 2548 singula
1086 2478 1202 2531 loca
1236 2477 1455 2547 eligant,
1511 2485 1564 2532 et
1591 2493 1776 2532 eorum

185 2579 434 2642 nomina,
465 2573 681 2644 quando
726 2572 928 2626 reversi
962 2569 1181 2634 fuerint,
1233 2583 1416 2623 secum
1457 2569 1657 2638 scripta
1687 2567 1781 2623 de-

185 2668 470 2812 fcrg‘be
514 2752 620 2806 illis
665 2751 753 2824 qui
804 2749 966 2821 legem
1019 2765 1224 2802 servare
1264 2757 1649 2818 contempnunt.
1701 2747 1778 2800 De

188 2850 320 2911 his,
365 2848 461 2916 qui
505 2845 672 2916 legem
721 2858 939 2898 servare
984 2841 1406 2912 contempserint
1458 2841 1521 2904 ³⁵,
1575 2847 1634 2893 ιιι
1678 2854 1776 2908 per

193 2942 548 2996 ﬁdeiussores
574 2941 638 2992 ad
663 2937 1021 3007 praesentiam
1051 2935 1192 3004 regis
1223 2934 1575 2989 deducantur.

263 3033 360 3088 55.
406 3031 485 3086 De
520 3028 933 3084 Itaribannatoris
965 3028 1002 3056 ¹⁷
1030 3027 1278 3080 coniecto.
1309 3025 1379 3080 Ut
1425 3025 1500 3079 illi
1541 3024 1630 3093 qui
1660 3023 1775 3078 bai-

187 3123 488 3176 ribannum
520 3119 560 3150 ¹⁸
596 3118 802 3173 solvere
853 3117 1068 3180 debent,
1113 3115 1415 3170 coniectum
1461 3114 1662 3168 faciant
1705 3115 1770 3169 ad

184 3213 690 3269 hairibannatorem
716 3208 779 3262 ".

268 3302 362 3359 56.
411 3301 492 3356 De
543 3300 739 3356 colonis
761 3309 811 3353 et
861 3298 1136 3368 ﬁscalims.
1185 3297 1255 3353 Ut
1281 3313 1381 3352 nec
1425 3296 1652 3352 colonus
1677 3310 1777 3350 nec

181 3394 465 3449 ﬁscalinus
488 3392 699 3462 possint
733 3389 928 3444 alicubi
957 3389 1000 3420 ¹⁰
1044 3387 1359 3443 traditiones
1397 3385 1593 3441 facere.

246 3483 346 3538 57.
385 3482 465 3536 De
479 3482 689 3536 homine
709 3482 765 3534 in
786 3481 1037 3534 iudicium
1062 3496 1167 3533 non
1188 3479 1436 3532 mittendo
1461 3478 1571 3531 sine
1591 3494 1770 3530 causa.

178 3572 256 3630 Ut
280 3571 466 3626 nullus
485 3577 799 3640 praesumat
823 3568 1094 3622 hominem
1122 3568 1175 3621 in
1203 3566 1461 3622 iudicium
1487 3566 1529 3598 "
1559 3566 1774 3622 mittere

176 3665 304 3720 sine
331 3677 516 3726 causa,
553 3660 661 3716 nisi
691 3657 985 3714 iudicatum
1012 3657 1126 3712 ﬁat.
1603 3705 1608 3710 .

251 3753 347 3809 58.
389 3753 469 3806 De
497 3769 659 3806 causa
693 3751 820 3805 ebrii
841 3749 1086 3812 hominis,
1129 3757 1177 3802 et
1208 3748 1272 3802 de
1305 3748 1418 3802 eius
1453 3747 1768 3815 testimonio,

175 3858 226 3904 et
271 3848 339 3900 de
360 3844 557 3916 placito
594 3842 817 3896 comitis.
849 3841 920 3896 Ut
957 3840 1134 3895 nullus
1163 3839 1344 3894 ebrius
1374 3853 1523 3892 suam
1549 3853 1768 3893 causam

177 3943 236 3996 in
265 3939 437 3993 mallo
459 3938 506 3968 “
547 3935 718 4006 possit
745 3935 1083 4003 conquirere,
1125 3947 1226 3987 nec
1270 3932 1637 3986 testimonium
1683 3931 1767 3985 di-

176 4045 348 4095 cere;
385 4041 488 4084 nec
521 4025 776 4096 placitum
803 4039 984 4079 comes
1022 4023 1234 4086 habeat,
1264 4021 1367 4076 nisi
1394 4021 1624 4075 ieiunus.

251 4122 346 4177 59.
390 4120 470 4174 De
513 4119 682 4172 missis
704 4118 980 4171 dominicis
1022 4115 1098 4170 vel
1125 4116 1305 4170 ceteris
1345 4115 1640 4170 hominibus
1659 4114 1767 4168 dis-

172 4211 541 4266 currentibus.
590 4210 666 4264 De
707 4209 890 4263 missis
941 4207 1140 4262 nostris
1183 4206 1628 4269 discurrentibus,
1680 4205 1764 4261 vel

170 4306 379 4361 ceteris
431 4303 739 4360 hominibus
784 4310 1001 4372 propter
1043 4300 1331 4355 utilitatem
1378 4306 1618 4353 nostram
1663 4298 1765 4352 iter

168 4396 490 4468 agentibus,
520 4402 580 4448 ut
610 4392 785 4447 nullus
813 4392 1145 4447 mansionem
1189 4387 1556 4445 contradicere
1602 4403 1760 4458 prae-

165 4496 377 4545 sumat.

1886 1929 2117 1986 cumque
2138 1919 2182 1950 ³⁷
2217 1918 2438 1988 fuerint,
2472 1939 2623 1979 suam
2655 1937 2880 1996 cartam,
2914 1947 3051 2000 quae
3075 1938 3231 1992 tertia
3255 1942 3476 2007 est,'ve-

1887 2021 2003 2062 ram
2027 2017 2081 2063 et
2103 2009 2396 2081 legitimam
2421 2031 2540 2072 csse
2570 2019 2874 2075 confirmet.
2900 2024 3265 2087 Cancellarius
3289 2041 3472 2091 tamen

1884 2098 2007 2154 talis
2036 2115 2156 2156 esse
2198 2103 2375 2168 debet,
2421 2107 2510 2174 qui
2549 2111 2942 2178 pagensibus“
2988 2110 3091 2171 loci
3115 2119 3259 2176 illius
3309 2132 3472 2180 notus

1882 2189 2072 2282 fuisset
2115 2202 2168 2248 et
2210 2205 2483 2265 acceptus.
2537 2198 2591 2252 Si
2642 2210 2820 2256 autem
2870 2207 2961 2274 qui
3001 2208 3044 2239 "
3097 2211 3469 2282 interpellatus

1881 2280 2043 2337 fuerit
2078 2286 2145 2339 ad
2175 2288 2474 2354 servitium,
2519 2304 2618 2346 nec
2659 2302 2956 2362 auctorem,
3007 2317 3107 2357 nec
3157 2280 3469 2368 testimonia

1879 2373 2146 2441 habuerit,
2175 2393 2349 2446 neque
2376 2379 2508 2436 alias
2539 2382 2671 2438 duas
2711 2394 2890 2441 cartas
2935 2391 3003 2443 ad
3049 2407 3201 2447 suam
3255 2407 3464 2453 cartam

1879 2463 2308 2522 confirmandam
2349 2469 2589 2525 invenire
2628 2477 2900 2542 potuerit,
2949 2486 3077 2534 tunc
3126 2483 3172 2536 is
3207 2486 3297 2553 qui
3340 2501 3466 2542 eum

1879 2555 2258 2625 interpellavit,
2281 2562 2575 2616 secundum
2591 2563 2763 2632 legem
2793 2567 2965 2636 ipsam
2990 2583 3192 2626 cartam
3209 2575 3398 2630 falsam
3419 2578 3465 2610 ³³

1878 2646 2076 2701 eﬂiciat
2122 2657 2176 2703 et
2221 2665 2436 2705 servum
2479 2655 2782 2722 conquirat.
2830 2657 2888 2711 Si
2927 2675 3055 2715 vero
3095 2663 3468 2734 interpellator

1878 2748 2117 2804 auctore,
2167 2748 2260 2794 aut
2301 2742 2656 2809 testimoniis,
2706 2735 2799 2799 aut
2841 2757 3112 2806 cartarum
3161 2757 3466 2815 conlatione

1876 2832 2052 2886 victus
2097 2831 2280 2898 fuerit,
2328 2849 2393 2888 ex
2448 2835 2550 2889 hoc
2591 2839 2733 2904 quod
2763 2839 3000 2894 voluit“
3035 2844 3245 2901 ellicere
3274 2857 3328 2901 et
3356 2865 3465 2906 non

1873 2923 2142 2990 potuerit,
2205 2923 2429 2978 multam
2481 2941 2618 2994 quae
2660 2928 2715 2980 in
2760 2929 2874 2998 ipsa
2921 2933 3266 3002 ingenuitatis
3312 2952 3462 2997 carta

1875 3013 2202 3079 continetur,
2250 3025 2475 3083 cogatur
2524 3018 2822 3073 exsolvere.

1945 3102 2033 3156 44.
2060 3103 2137 3156 De
2161 3120 2304 3158 servo
2333 3106 2421 3175 qui
2444 3105 2694 3160 damnant
2727 3111 2991 3179 quodlibet
3033 3129 3315 3187 perpetrat.
3355 3121 3460 3178 Ne-

1801 3195 1847 3259 c
1877 3193 2008 3247 mini
2050 3193 2210 3249 liceat
2241 3209 2458 3249 servum
2502 3212 2657 3251 suum
2689 3210 2906 3270 propter
2937 3205 3188 3262 damnum
3212 3212 3278 3265 ab
3301 3213 3391 3269 illo
3413 3215 3461 3248 “

1878 3289 2099 3345 cuilibet
2155 3291 2383 3344 inlatum
2445 3292 2736 3358 dimittere,
2790 3299 2885 3351 sed
2943 3299 3091 3354 iuxta
3143 3306 3458 3372 qualitatem

1876 3381 2057 3435 damni
2083 3382 2332 3436 dominus
2356 3396 2455 3451 pro
2478 3384 2570 3438 illo
2609 3390 2948 3456 respondeat,
2984 3394 3066 3448 vel
3094 3411 3215 3451 eum
3239 3399 3294 3452 in
3316 3416 3458 3458 com-

1872 3474 2192 3543 positionem
2217 3483 2307 3528 aut
2331 3477 2398 3530 ad
2418 3491 2644 3545 poenam
2670 3481 2887 3547 petitori
2903 3483 2948 3515 ³³
2961 3484 3169 3540 offerat.
3198 3490 3253 3544 Si
3277 3502 3458 3552 autem

1873 3579 2063 3620 servus
2105 3573 2414 3634 perpetrato
2451 3566 2654 3621 scelere
2692 3567 2906 3638 fugerit,
2949 3573 3023 3627 ita
3055 3583 3115 3628 ut
3161 3592 3192 3631 a
3241 3578 3459 3639 domino

1873 3656 2087 3726 penitus
2125 3656 2352 3710 inveniri
2395 3672 2502 3711 non
2524 3658 2696 3726 possit
2719 3660 2783 3725 “,
2823 3675 3165 3722 sacramento
3205 3685 3264 3724 se
3289 3670 3337 3702 ³⁸
3360 3665 3458 3728 ἀό-

1871 3747 2053 3801 minus
2077 3747 2123 3778 ³⁸
2157 3747 2273 3802 eius
2326 3762 2587 3804 excusare
2625 3752 2856 3816 studeat,
2887 3755 3030 3824 quod
3060 3757 3162 3814 hoc
3196 3777 3326 3817 suae
3364 3780 3457 3822 vo—

1871 3840 2094 3896 luntatis
2125 3855 2224 3896 nec
2251 3842 2618 3897 conscientiae
2667 3842 2876 3910 fuisset,
2922 3851 3066 3917 quod
3108 3868 3296 3911 servus
3337 3859 3456 3915 eius

1871 3932 1978 3986 tale
2006 3931 2212 3986 facinus
2254 3933 2544 3988 commisit.
3244 4005 3257 4016 ν

1940 4020 2029 4074 45.
2048 4020 2126 4074 De
2148 4022 2468 4075 mannitione
2492 4024 2774 4077 secundum
2803 4025 2964 4095 legem
2987 4029 3055 4081 ad
3073 4029 3118 4061 “
3139 4033 3356 4089 mallum
3380 4037 3447 4092 ³⁸.

1870 4111 1927 4166 Si
1959 4112 2084 4181 quis
2107 4113 2173 4167 ad
2208 4112 2424 4166 mallum
2472 4113 2677 4183 legibus
2717 4118 2990 4173 mannitus
3036 4118 3198 4176 fuerit
3239 4135 3292 4178 et
3340 4143 3450 4184 non

1868 4206 2094 4270 venerit,
2141 4203 2187 4259 si
2211 4220 2333 4258 eum
2370 4206 2557 4258 sunnis
2580 4205 2622 4236 ³⁷
2647 4221 2754 4260 non
2783 4207 3107 4276 detenuerit,
3141 4215 3449 4282 quindecim

1868 4295 2054 4351 solidis
2088 4293 2372 4363 culpabilis
2405 4295 2690 4349 iudicetur.
2721 4294 2812 4351 Sic
2836 4299 2902 4352 ad
2931 4303 3223 4362 secundum
3258 4313 3312 4360 et
3341 4315 3449 4363 ter..

1867 4389 2024 4442 tium.
2069 4387 2140 4442 Si.
2172 4395 2350 4441 autem
2393 4389 2458 4442 ad
2507 4396 2758 4456 quartum
2803 4392 2988 4447 venire
3029 4403 3447 4470 contempserit,

1761 4506 1764 4509 ·
1791 4548 1831 4557 _
1864 4480 2134 4550 possessio
2160 4480 2274 4535 eius
2297 4480 2350 4533 in
2391 4481 2626 4534 bannum
2653 4483 2916 4549 mittatur,
2963 4489 3132 4544 donec
3172 4493 3367 4557 veniat,
3397 4505 3449 4552 et

239 4580 336 4636 40.
376 4578 458 4632 De
480 4576 607 4642 tua,
641 4577 728 4648 qui
754 4575 822 4629 ad
867 4574 1115 4645 placitum
1149 4572 1356 4626 banniri
1402 4571 1640 4626 debeant.
1687 4571 1760 4627 Ut
1791 4548 1840 4608 Ι)
1862 4548 1929 4627 ac
1951 4589 2030 4638 re,
2055 4589 2160 4642 qua
2181 4573 2225 4604 εδ
2257 4573 2633 4642 interpellatus
2664 4575 2845 4641 fuerit,
2887 4548 3149 4638 iustitiam
3175 4548 3367 4640 faciat:
3389 4548 3448 4643 si

161 4673 354 4728 nullus
387 4671 454 4725 ad
480 4669 735 4738 placitum
764 4666 1070 4728 banniatur,
1102 4665 1206 4718 nisi
1229 4664 1319 4734 qui
1349 4678 1569 4717 causam
1603 4679 1758 4718 suam

158 4765 410 4837 quaerit,
451 4770 546 4817 aut
589 4762 634 4817 si
673 4761 811 4816 alter
832 4759 879 4790 ’³
909 4759 958 4814 ei
986 4772 1248 4829 quaerere
1297 4757 1481 4820 debet;
1517 4756 1758 4826 exceptis

1861 4663 2003 4718 infra
2043 4678 2242 4717 annum
2296 4680 2402 4717 non
2444 4666 2682 4730 venerit,
2728 4668 2793 4721 de
2839 4669 3002 4725 rebus
3043 4673 3161 4728 eius
3207 4689 3347 4744 quae
3391 4679 3444 4732 in

1861 4757 2039 4810 banno
2081 4755 2124 4785 ³³
2157 4755 2352 4809 missae
2376 4764 2501 4809 sunt
2543 4773 2635 4811 rex
2674 4759 3049 4830 interrogetur,
3095 4774 3147 4820 et
3189 4768 3444 4837 quicquid

1404 4939 1793 4996 VARIANTES
1828 4938 2228 4995 LECTIONES.

232 5105 253 5136 ι
281 5102 429 5156 deest
473 5100 548 5155 1’.
619 5099 642 5130 ³
671 5097 919 5153 habuerit
937 5097 1000 5167 4.
1069 5096 1091 5129 ³
1111 5097 1327 5167 solvere
1373 5098 1424 5152 d.
1457 5111 1892 5167 unumquemque
1921 5097 2151 5151 solidum
2170 5096 2224 5151 5.

514 5171 536 5202 ⁸
563 5169 773 5224 solvant
793 5169 867 5224 l'.
891 5171 946 5224 5.
976 5166 1033 5222 4.
1081 5166 1148 5223 Β.
1223 5167 1246 5199 ⁸
1286 5175 1510 5236 excepto
1539 5169 1610 5221 Γ.
1642 5169 1694 5220 5.
1729 5166 1891 5222 Βία.
1967 5169 1986 5199 ⁷
2027 5167 2260 5221 debeant
2297 5167 2369 5220 l‘.

152 5174 351 5231 uarios
379 5172 436 5226 5.

155 5246 303 5316 {also
329 5244 425 5316 5.”
465 5240 488 5272 ⁸
511 5240 703 5316 malleo
728 5241 801 5316 if.
828 5256 892 5316 ex
909 5254 1046 5316 corr.

155 5309 211 5369 1.
252 5313 311 5368 6.
393 5311 436 5342 “
471 5310 708 5366 scabinis
734 5311 806 5364 l‘.
833 5309 888 5362 4.

151 5382 475 5439 hannatorii
502 5382 566 5435 Β.
603 5381 777 5435 hairb.
803 5380 856 5434 5.

150 5456 199 5487 ³³
243 5453 444 5508 iuditio
484 5449 551 5506 G.
626 5451 671 5482 ²¹
698 5451 891 5505 malleo
928 5449 1001 5503 l'.
1029 5467 1094 5503 ex
1115 5465 1251 5503 corr.

1151 5237 1193 5269 ¹⁰
1225 5239 1480 5293 scabiniis
1510 5238 1581 5290 l'.
1607 5239 1660 5291 5.
1739 5236 1777 5268 ¹¹
1805 5238 1944 5292 deest
1969 5239 2019 5291 l.

982 5309 1026 5340 ¹⁸
1049 5308 1298 5364 scabinos
1324 5309 1395 5361 l‘.
1423 5308 1476 5361 4.
1508 5309 1559 5361 6.
1592 5307 1872 5362 seabineos
1914 5310 1968 5363 5.

957 5379 999 5412 ⁸⁸
1026 5380 1382 5433 hairbannum
1409 5379 1462 5433 5.
1491 5389 1657 5433 const.
1701 5378 1873 5432 herib.
1907 5379 1954 5431 l'
1987 5378 2054 5431 Β.
2084 5376 2149 5433 G.
2176 5389 2342 5432 const.

1346 5450 1391 5479 ιθ
1416 5449 1572 5503 alteri
1596 5440 1692 5520 (gr.
1724 5448 1778 5502 ι.
1821 5448 1910 5520 G.)
1938 5465 1991 5518 q.
2025 5449 2214 5520 debeat
2251 5449 2303 5502 δ.
2340 5449 2373 5502 5
2394 5449 2544 5520 13.0.

2324 5096 2349 5181 ξ
2374 5089 2660 5181 soliiper
2681 5095 2910 5152 dﬁﬁ-xu
2943 5097 3008 5152 B.
3124 5115 3325 5181 per_x_n
3349 5105 3451 5161 de-

2120 5174 2260 5268 :eagt
2471 5170 2492 5201 ⁸
2518 5168 2588 5221 50
2616 5183 2708 5268 ρξε’
2742 5177 3053 5268 ενῖξτξηινεε
3090 5169 3166 5251 sic
3203 5171 3448 5268 deinceps

2120 5238 2162 5267 "
2185 5247 2241 5292 et
2263 5246 2355 5291 aut
2383 5237 2428 5291 is
2453 5253 2616 5308 quem
2644 5237 2716 5290 l'.
2808 5238 2850 5268 ¹³
2883 5239 3188 5294 testimonia
3217 5237 3454 5302 reddere

2069 5306 2560 5388 ‘f‘etempnuntuit.
2631 5309 2703 5388 ﬂ"
2752 5307 3170 5388 airibannatoris
3200 5313 3271 5388 1Ῐ.
3296 5315 3447 5388 beri—

2459 5379 2499 5409 ¹⁹
2527 5378 2703 5433 harib.
2752 5378 2823 5432 l‘.
2853 5378 2906 5432 6.
3020 5381 3064 5412 ²⁰
3092 5381 3355 5439 alicuibus
3380 5385 3444 5440 6.

2479 5449 2544 5503 (ἓ.
2641 5448 2687 5478 ’⁵
2711 5449 2901 5504 adesse
2930 5448 2995 5504 (ἔ.
3093 5453 3140 5483 ³⁸
3163 5453 3248 5505 hic
3273 5453 3306 5506 2
3332 5447 3446 5508 duo

2781 5465 2901 5504 esse
2930 5465 2995 5504 ιι.
3094 5465 3140 5483 ¹⁰
3163 5465 3248 5505 me
3273 5465 3306 5506 2
3332 5465 3440 5508 duo

150 5541 279 5594 cap.
311 5523 463 5576 addit
492 5537 511 5576 :
537 5520 609 5594 42
638 5520 796 5594 (Item
820 5530 881 5575 ut
913 5519 1092 5574 nullus
1119 5521 1276 5574 testis
1315 5534 1478 5588 supra
1499 5519 1816 5573 vestituram
1843 5517 1926 5573 avi
1957 5517 2019 5594 et
2056 5519 2424 5594 patris‘nostri
2457 5517 2806 5589 suscipiatur)
2833 5519 2981 5594 45_(e
3007 5520 3136 5594 Cap.
3172 5521 3444 5594 Illotharii

153 5591 418 5664 Papiensi
460 5591 659 5664 all.)
730 5591 775 5664 ξ’
804 5600 1040 5664 actorem

150 5662 263 5719 bus
284 5678 341 5734 p.
365 5665 433 5734 5.
499 5662 545 5694 ¹⁹
571 5662 698 5734 quia
727 5663 779 5716 1.

152 5735 239 5789 ris
261 5731 320 5788 5.
400 5733 445 5764 ⁸⁸
472 5731 708 5802 potuerit
739 5734 810 5786 l'.
859 5731 932 5802 7"
960 5731 1098 5802 deest
1123 5731 1178 5784 4.

153 5813 213 5858 et
241 5803 328 5860 sic
353 5805 420 5859 de
446 5799 608 5864 rede
627 5818 732 5872 qua
767 5801 887 5855 Bal.
965 5801 1008 5833 "
1039 5803 1274 5857 bannum
1295 5800 1346 5854 6.
1381 5799 1444 5854 G.
1475 5799 1594 5853 Bal.

1069 5606 1161 5660 per
1209 5600 1373 5644 totum
1395 5607 1442 5644 ο.

1504 5601 1602 5658 pro
1642 5599 1861 5645 auctore

858 5658 1150 5736 ’fde_est4._
1210 5661 1255 5692 “
1276 5661 1406 5736 vult
1423 5661 1473 5714 1.
1501 5659 1655 5736 4._G.
1684 5658 2042 5736 γριιιεξνὶῐ-ὅ..Δ
2093 5660 2136 5691 ³²
2163 5659 2300 5736 ullo.

1274 5731 1318 5761 ⁸⁸
1339 5758 1348 5771 ι
1373 5731 1532 5785 deest.
1555 5732 1608 5783 5.
1685 5732 1726 5763 ³⁷
1764 5732 1972 5786 sumnis
1998 5732 2046 5784 l‘
2075 5731 2300 5787 somnus
2315 5731 2368 5785 5.

1898 5590 2042 5660 ponit
2080 5588 2133 5642 6.
2202 5589 2254 5660 7'71
2295 5604 2526 5660 cumque
2558 5588 2872 5660 expunctum
2910 5591 2983 5646 l'.
3062 5588 3108 5624 ⁸⁸
3135 5591 3225 5660 qui
3261 5593 3439 5646 omni-

2093 5660 2136 5691 ³²
2163 5659 2374 5732 ullo_i'.
2401 5659 2511 5732 B.”
2568 5659 2613 5690 ³³
2630 5660 2893 5732 petitoris
2917 5661 2967 5714 1¹
2993 5661 3047 5715 4.
3086 5659 3436 5732 Birepetito-

2473 5731 2518 5762 ³⁸
2541 5730 2679 5787 etde
2702 5730 2909 5800 reliqua
2937 5730 3282 5804 superscripto
3300 5747 3335 5787 ο
3359 5733 3432 5796 1⁸,
