3992 6344
568 368 679 425 539
1388 365 1449 420 Β.
1492 364 1743 420 CAROLI
1781 361 1994 418 MAGNI
2031 356 2181 415 OPP.
2225 349 2404 407 PARS
2439 348 2480 404 Ι.
2523 345 2763 402 SECTlO
2803 337 3038 400 PRIMA.
3737 333 3830 395 560

574 493 699 547 inde
743 485 1079 550 iudicaverit,
1116 483 1226 537 fiat.
1259 480 1439 536 Prima
1484 480 1749 536 mannitio
1773 494 1936 548 super
1963 484 2151 531 noctes

2272 463 2507 519 ilacitum
2537 459 2620 513 vel
2647 457 2715 513 ad
2739 456 2958 511 mallum
2979 454 3167 510 venire
3192 460 3435 524 c0gatur,
3461 451 3700 522 exceptis
3721 468 3831 508 sca-

571 587 799 652 septem,
834 578 1066 633 secunda
1109 591 1270 645 super
1314 583 1500 630 noctes
1527 561 1955 642 quatuordecim,
1994 571 2152 625 tertia

2272 558 2430 614 alneis
2458 556 2541 611 vel
2565 555 2740 610 vassis
2774 554 3041 609 comitum
3059 551 3124 614 ",
3154 550 3254 604 nisi
3280 550 3371 619 qui
3420 563 3646 604 causam
3690 562 3830 603 suam

571 639 734 742 super
780 639 967 726 noctes
1036 639 1227 738 viginti
1273 674 1329 722 et
1386 639 1628 730 unam],
1688 673 1880 734 quarta
1932 677 2093 732 super
2134 662 2154 692 ¹
2257 646 2543 742 θάρξιίηῗθ
2567 643 2615 675 ’⁸
2643 643 2839 742 {Ehem
2875 649 2974 742 full
3001 639 3346 742 ffspollde'f:

570 761 926 832 quadraginta
953 766 1010 815 et
1048 759 1199 814 duas.
1227 756 1491 812 Similiter
1529 764 1585 812 et
1606 757 1673 811 de
1698 754 1959 811 beneficio
1984 754 2133 806 homi

570 852 673 915 nis,
715 850 763 905 si
785 847 925 905 forte
963 847 1317 919 resproprias
1356 862 1467 901 non
1507 845 1777 910 habuerit,
1822 844 2070 899 mittatur
2100 843 2156 896 in

569 942 824 1002 bannum,
863 954 1034 1008 usque
1057 937 1078 967 ³
1121 953 1217 992 rex
1259 938 1639 1006 interrogetur.

636 1030 727 1085 46.
758 1030 835 1085 De
860 1032 877 1061 "
903 1040 1116 1085 auctore
1144 1030 1164 1060 ⁸
1187 1030 1282 1083 rei.
1334 1028 1391 1083 Si
1436 1037 1627 1083 auctor
1649 1028 1669 1059 ⁸
1692 1036 1921 1093 venerit,
1943 1034 1999 1081 et
2038 1041 2155 1081 rem

567 1119 934 1175 intertiatam"
963 1118 1204 1188 recipere
1249 1118 1528 1173 rennuerit
1548 1118 1592 1183 ⁸,
1615 1133 1808 1188 campo
1829 1117 1914 1173 vel
1951 1116 2155 1174 cruce’

567 1211 926 1267 contendant.

612 1354 615 1361 .
638 1306 728 1361 47.
770 1304 848 1361 De
872 1302 1168 1360 hominibus
1194 1302 1263 1367 ad
1288 1310 1504 1357 mortem
1529 1301 1832 1357 diiudicata
1860 1301 1925 1368 ⁸ο,
1947 1311 1994 1357 et
2011 1316 2158 1372 post-

564 1416 627 1455 ea
661 1400 733 1454 eis
773 1399 878 1452 vita
923 1412 1191 1462 concessa,
1230 1396 1275 1450 si
1318 1396 1573 1449 iustitiam
1610 1396 1925 1467 quaesierint
1973 1394 2038 1449 ".
2080 1394 2157 1448 De

566 1489 672 1544 illis
698 1486 1027 1550 hominibus,
1060 1487 1153 1557 qui
1173 1494 1393 1558 propter
1412 1501 1601 1543 eorum
1623 1487 1809 1557 culpas
1838 1489 1907 1544 ad
1926 1496 2157 1543 mortem

564 1578 845 1635 diiudicati
880 1577 1083 1633 fuerint
1116 1586 1172 1633 et
1198 1586 1387 1648 postea
1412 1577 1498 1635 eis
1527 1578 1638 1634 vita
1673 1578 1844 1635 fuerit
1876 1593 2155 1643 wneessa,

564 1668 611 1725 si
641 1668 745 1739 ipsi
766 1669 1025 1725 iustitiam
1054 1669 1097 1700 “
1123 1669 1193 1726 ab
1218 1669 1340 1725 aliis
1368 1669 1715 1740 requisierint
1736 1678 1830 1725 aut
1850 1670 1921 1726 ab
1944 1670 2026 1726 eis
2046 1670 2159 1725 ius-

565 1759 743 1815 titiam
786 1774 1050 1832 quaerere
1093 1759 1383 1826 voluerint,
1427 1761 1660 1832 qualiter
1686 1762 1829 1818 inter
1856 1762 1978 1818 illos
2026 1756 2157 1818 iudi-

2325 736 2414 792 52.
2454 733 2533 789 De
2551 733 2785 798 testibus,
2817 732 2886 786 ad
2923 725 3591 786 testimonium‘dicendum
3627 724 3832 796 qualiter

2254 824 2627 883 ddhibeautur.
2694 824 2768 881 Ut
2813 831 2982 880 testes
3034 822 3104 877 ad
3148 818 3520 876 testimonium
3570 818 3833 873 dicendum

2255 916 2495 987 praemio
2530 932 2637 971 non
2665 913 3067 978 conducantur;
3090 920 3151 968 et
3178 919 3238 967 ut
3274 911 3456 966 nullus
3486 909 3830 965 testimonium

2254 1009 2401 1064 dicat
2445 1017 2540 1063 aut
2578 1013 2981 1063 sacramentum
3024 1005 3186 1069 iuret,
3234 1003 3339 1058 nisi
3392 1003 3628 1057 ieiunus.
3684 1002 3745 1056 Et
3785 1012 3832 1057 ut

2258 1108 2427 1157 testes
2473 1099 2797 1173 priusquam
2845 1097 3055 1162 iurent,
3117 1093 3407 1164 separatim
3465 1091 3830 1156 discutiantur,

2256 1191 2383 1262 quid
2406 1191 2588 1247 dicere
2623 1188 2792 1246 velint
2834 1188 2905 1245 de
2932 1187 3024 1244 illa
3054 1202 3133 1253 re,
3160 1186 3307 1242 unde
3335 1184 3708 1240 testimonium
3733 1183 3832 1239 red.

2257 1281 2386 1337 dere
2409 1281 2634 1336 debent.

2330 1370 2420 1426 55.
2461 1369 2540 1425 De
2565 1370 2769 1424 iustitia
2797 1366 3072 1423 cuiuslibet
3115 1382 3150 1421 a
3177 1363 3323 1421 nullo
3366 1363 3600 1437 quolibet
3631 1362 3677 1397 ’τ
3718 1364 3831 1419 dilo-

2257 1464 2442 1519 tanda.
2469 1456 2543 1519 Ut
2564 1462 2745 1517 nullus
2773 1457 3002 1533 quilibet
3026 1461 3226 1518 missus
3247 1467 3433 1516 noster
3452 1468 3632 1530 netme
3653 1475 3828 1523 comes,

2257 1569 2434 1626 neque
2467 1554 2630 1610 iudex
2660 1561 2754 1608 aut
2777 1552 3084 1619 scabineus,
3114 1550 3403 1607 cuiuslibet
3434 1551 3696 1606 iustitiam
3725 1551 3829 1606 dila-

2259 1657 2377 1704 tare
2413 1657 2757 1719 praesumat,
2799 1645 2844 1703 si
2891 1642 3073 1703 statim
3117 1644 3405 1715 adimpleta
3460 1644 3702 1714 potuerit
3734 1659 3830 1698 esse

2263 1740 2559 1794 secundum
2598 1734 3002 1801 rectitudinem,
3050 1749 3223 1805 neque
3257 1734 3505 1805 praemia
3544 1749 3649 1804 pro
3686 1733 3775 1788 hoc
3804 1750 3828 1786 ι

567 1852 714 1908 cium
744 1818 1085 1910 terminetur.
1117 1853 1301 1909 Primo
1323 1818 1565 1909 omnium
1608 1854 1675 1910 de
1688 1855 1803 1910 illis
1835 1856 2034 1921 causis,
2051 1870 2159 1924 .pro
2196 1827 2239 1885 Β
2266 1828 2509 1900 qm"th
2546 1830 2765 1924 δ9¹¹¹ί¹¹⁸
2792 1845 2892 1902 per
2914 1829 3133 1900 aliun
3168 1827 3448 1899 ingemam
3475 1818 3683 1909 malum
3702 1842 3829 1896 pm‘

567 1943 768 2014 quibus
794 1944 1062 2001 iudicatus
1088 1943 1253 2001 fuerit
1275 1945 1318 1976 ⁸³
1354 1944 1423 2000 ad
1451 1952 1701 2011 mortem,
1746 1945 1948 2001 nullam
1981 1953 2163 2016 potest

567 2035 750 2090 facere
774 2034 1151 2104 repetitionem
1194 2036 1258 2101 “,
1297 2035 1424 2105 quia
1458 2050 1648 2091 omnes
1681 2051 1772 2091 res
1794 2041 1926 2092 suae
1965 2050 2162 2091 secun-

569 2127 700 2183 dum
721 2126 978 2182 iudicium
1007 2126 1340 2183 Francorum
1375 2127 1429 2182 in
1456 2127 1672 2197 publico
1700 2125 1921 2182 fuerunt
1942 2126 1987 2177 .“l
2008 2141 2164 2182 revo-

565 2226 742 2275 catae.
770 2217 839 2276 Et
865 2217 912 2273 si
934 2217 1137 2288 aliquid
1179 2218 1236 2273 in
1260 2219 1623 2288 postmodum,
1667 2227 1958 2289 postquam
1980 2219 2031 2274 ei
2050 2218 2162 2274 vita

567 2320 825 2367 Concessa
852 2315 954 2375 est,
983 2324 1108 2365 cum
1138 2308 1341 2369 iustitia
1383 2310 1666 2381 adquirere
1698 2309 1954 2379 potuerit,
1984 2309 2040 2364 in
2066 2324 2164 2365 sua

566 2391 820 2455 libertate
840 2405 1022 2455 teneat
1047 2406 1106 2454 et
1128 2398 1378 2455 defendat
1418 2400 1716 2456 secundum
1758 2399 1950 2469 legem.
1984 2399 2042 2454 In
2083 2407 2166 2454 tea

571 2491 887 2548 stimonium
908 2506 1018 2546 non
1044 2490 1404 2560 suscipiatur,
1437 2506 1535 2545 nec
1559 2490 1700 2546 inter
1724 2490 1995 2546 scahinios
2026 2489 2069 2521 “
2096 2490 2167 2546 ad

570 2584 745 2655 legem
772 2583 1116 2639 iudicandam
1147 2590 1419 2638 teneatur.
1466 2582 1533 2637 Et
1560 2582 1606 2637 si
1653 2582 1721 2637 ad
1764 2588 2167 2647 sacramentum

570 2676 777 2746 aliquid
798 2677 839 2708 ¹⁷
867 2674 1160 2732 iudicatum
1189 2673 1370 2739 fuerit,
1415 2675 1558 2745 quod
1594 2674 1637 2707 ¹⁸
1673 2674 1853 2729 iurare
1874 2674 2087 2737 debeat,
2118 2672 2166 2728 si

572 2766 770 2836 aliquis
810 2766 988 2836 ipsum
1020 2772 1420 2821 sacramentum
1454 2763 1649 2820 falsum
1683 2763 1865 2820 dicere
1913 2762 2161 2827 voluerit,

577 2857 870 2913 contendat
893 2857 957 2912 ι’.
1920 2843 1924 2847 ’

643 2946 735 3003 48.
775 2946 855 3002 De
878 2947 1087 3002 homine
1114 2956 1338 3019 cutpost
1371 2947 1627 3002 iudicium
1670 2946 1775 3002 vita
1803 2962 2048 3002 concessa
2066 2954 2163 3011 est,

572 3040 617 3095 si
643 3039 898 3094 iustitiam
926 3034 1142 3093 reddere
1188 3037 1435 3095 noluerit.
1466 3039 1523 3094 Si
1553 3039 1713 3095 alicui
1748 3047 1872 3109 post
1904 3038 2167 3095 iudicium

573 3129 940 3186 scabiniorum
968 3128 1138 3185 fuerit
1169 3130 1282 3185 vita
1309 3145 1592 3197 concessa,
1617 3137 1674 3185 et
1709 3129 1825 3201 ipse
1850 3130 1904 3185 in
1927 3138 2169 3200 postmo-

573 3221 703 3275 dum
725 3219 905 3290 aliqua
948 3218 1092 3277 mala
1133 3222 1528 3291 perpeti-avexit
1554 3229 1609 3277 et
1639 3221 1897 3277 iustitiam
1941 3222 2167 3280 reddere

579 3310 832 3375 noluerit,
865 3311 1092 3367 dicendo
1119 3312 1263 3380 quod
1302 3319 1549 3367 mortuus
1574 3312 1645 3367 sit
1662 3319 1723 3369 et
1765 3312 1889 3368 ideo
1909 3312 2170 3369 iustitiam

579 3404 806 3479 reddere
829 3418 936 3459 non
962 3403 1175 3470 debeat,
1221 3411 1485 3460 statutum
1521 3414 1623 3471 est,
1671 3415 1733 3462 ut
1755 3406 2003 3476 superius
2030 3407 2172 3464 iudi-

575 3491 722 3546 cium
749 3491 1037 3559 sustineat,
1061 3493 1206 3562 quod
1234 3500 1397 3549 antea
1434 3495 1706 3551 sustinere
1752 3495 1966 3552 debuit.
2016 3496 2085 3552 Et
2126 3496 2175 3553 si

579 3582 778 3653 aliquis
810 3582 1069 3640 adversus
1099 3600 1223 3641 eum
1250 3585 1432 3656 aliqua
1471 3587 1612 3643 mala
1640 3586 1845 3654 fecerit,
1877 3590 2172 3646 secundum

579 3671 869 3743 aequitatis
910 3674 1157 3730 ordinem
1193 3674 1468 3733 licentiam
1512 3678 1709 3735 habeat
1732 3694 1886 3735 suam
1915 3679 2173 3741 iustitiam

577 3763 888 3833 requirendi
933 3764 1002 3821 de
1041 3765 1220 3823 causis
1238 3769 1564 3838 perpetratis
1598 3777 1884 3841 postquam
1923 3772 1994 3826 ad
2030 3785 2174 3826 mor-

579 3861 691 3909 tem
716 3854 1138 3914 diiudicatusest
1155 3857 1233 3925 ὀς
1259 3859 1326 3915 de
1348 3861 1656 3931 praeteritis
1678 3869 1912 3927 maneat,
1930 3862 2068 3918 sicut
2088 3877 2174 3917 su-

574 3956 677 4014 pra
702 3943 1051 4003 diiudicatum
1090 3946 1212 4003 fuit.
1750 3949 1769 3965 ⁸

644 4031 738 4090 49.
772 4030 858 4089 ’Βθ
899 4033 1104 4092 latrone
1137 4037 1441 4108 {orbanmto
1469 4057 1505 4095 α
1528 4040 1597 4072 ²⁰⁶
1617 4039 1778 4095 libero
1805 4040 2016 4096 homine
2052 4058 2173 4097 sus-

573 4134 741 4196 cepto.
774 4126 853 4183 De
882 4126 1093 4184 latrone
1138 4127 1469 4197 forbannito,
1522 4131 1659 4188 liber
1700 4132 1864 4188 homo
1911 4132 2005 4202 qui
2046 4148 2171 4188 eum

570 4216 832 4286 suscepit,
854 4218 1162 4288 quindecim
1184 4220 1388 4278 solidos
1413 4232 1720 4292 componat,
1750 4232 1805 4277 et
1835 4239 2022 4279 servus
2049 4240 2172 4280 cen-

575 4316 694 4364 tum
716 4310 762 4341 “
788 4310 977 4382 viginti
1003 4314 1444 4382 percussionibus
1467 4316 1683 4386 vapulet
1708 4317 1773 4369 ¹².

644 4398 739 4455 50.
768 4400 857 4456 De
896 4405 1084 4459 comite
1106 4404 1377 4463 'latrouem
1400 4408 1462 4462 in
1499 4408 1814 4479 forbannum
1841 4410 1887 4440 ’³
1916 4411 2166 4466 mittente.

579 4489 650 4549 Ut
678 4507 881 4559 comes,
930 4497 1025 4566 qui
1074 4496 1342 4555 latronem
1386 4500 1445 4556 in
1477 4500 1804 4558 forbannum
1840 4502 1886 4532 ’δ
1925 4503 2164 4570 miserit,
2194 4539 2247 4602 υ

574 4586 769 4645 vicinis
795 4589 909 4646 suis
933 4596 991 4646 et
1015 4589 1137 4648 aliis
1162 4592 1450 4651 comitibus
1494 4602 1683 4653 notum
1706 4596 1889 4663 faciat,
1934 4598 2166 4654 eundem

576 4675 845 4737 latronem
873 4696 906 4736 a
934 4695 993 4738 se
1020 4696 1143 4739 esse
1179 4682 1567 4751 forbannitum,
1599 4693 1658 4741 ut
1691 4686 1769 4741 illi
1794 4702 1921 4742 eum
1949 4703 2056 4743 non
2080 4703 2195 4746 re-.

571 4780 854 4898 δ’νέῗῨιὸε
901 4840 1077 4900 liberis
1126 4846 1460 4912 hominibus,
1504 4849 1594 4920 qui
1632 4849 1702 4903 ad
1750 4849 1966 4904 mullum
1997 4850 2168 4907 venire

556 4933 795 5003 {agendi
818 4935 944 4990 sint.
976 4935 1047 4993 Ut
1068 4937 1247 4995 nullus
1271 4939 1412 4996 alius
1438 4941 1504 4998 de
1533 4941 1718 4997 liberis
1760 4942 2072 5000 hominibus
2098 4945 2164 5000 ad

2266 1930 2446 1977 sumat
2480 1922 2746 1992 accipere.

2334 2011 2424 2067 54.
2463 2010 2542 2067 De
2570 2028 2676 2067 non
2712 2011 2942 2083 cogendo
2962 2009 3038 2066 ad
3063 2019 3271 2084 pontem
3298 2024 3382 2064 ire
3438 2026 3603 2064 causa
3649 2004 3825 2064 telonei.

2268 2103 2339 2164 Ut
2366 2104 2545 2160 nullus
2572 2113 2797 2176 cogatur
2820 2105 2889 2159 ad
2911 2110 3130 2173 pontem
3159 2102 3236 2157 ire
3258 2102 3305 2133 "
3322 2101 3391 2156 ad
3419 2100 3667 2157 fluvium.
3688 2109 3828 2155 trans-

2266 2193 2503 2249 eundum
2552 2201 2776 2263 propter
2803 2192 3001 2248 telonei
3041 2204 3252 2257 causas,
3297 2193 3516 2262 quando
3542 2191 3636 2247 ille
3662 2192 3714 2247 in
3747 2191 3827 2244 alia

2267 2284 2387 2340 loco
2428 2283 2866 2354 compendiosius
2922 2283 3054 2339 illud
3105 2281 3305 2338 ﬂumen
3365 2282 3602 2338 transire
3656 2288 3825 2352 potest.

2267 2372 2528 2431 Similiter
2552 2376 2605 2431 in
2627 2375 2790 2445 plano
2813 2391 3025 2445 campo,
3061 2374 3153 2430 ubi
3179 2390 3317 2445 pons
3337 2374 3383 2406 ”
3410 2389 3511 2429 nec
3534 2375 3777 2430 treiectus
3792 2373 3826 2403 ³⁸

2266 2476 2386 2532 est,
2435 2469 2510 2523 ibi
2559 2468 2885 2524 omnimodis
2918 2468 3287 2539 praecipimus
3332 2477 3393 2523 ut
3435 2483 3543 2523 non
3593 2468 3827 2524 Idoneum

2266 2559 2536 2629 exigatur.

2335 2646 2425 2705 55.
2467 2649 2545 2704 De
2570 2649 2688 2716 hoc,
2739 2666 2784 2704 ει
2812 2660 3081 2721 presoyter
3115 2658 3358 2705 sanctum
3392 2648 3617 2703 chrisma
3654 2648 3829 2703 dederit

2268 2741 2338 2797 ad
2378 2742 2638 2797 iudicium
2668 2741 3088 2796 subvertendum.
3142 2741 3213 2797 Ut
3264 2741 3548 2812 presbyter
3584 2738 3678 2809 qui
3718 2752 3829 2795 san-

2269 2840 2419 2888 ctum
2450 2832 2689 2888 chrisma
2712 2832 2995 2887 donaverit
3036 2833 3102 2887 ad
3134 2831 3394 2887 iudicium
3418 2828 3822 2889 subvertendum,

2266 2932 2554 2996 postquam
2595 2925 2662 2981 de
2688 2925 2859 2997 gradu
2885 2940 2984 2980 suo
3023 2917 3305 2996 depositus
3348 2922 3535 3001 fuerit,
3563 2935 3769 2978 manum
3789 2916 3826 2951 ⁸⁸

2268 3020 2507 3077 amittat.

2343 3114 2433 3170 56.
2473 3113 2552 3170 De
2576 3113 2857 3180 iudicibus,
2898 3108 3187 3177 aduocatis,
3229 3106 3540 3184 praepositis
3577 3119 3624 3165 et
3649 3109 3830 3180 reliquis

2272 3208 2546 3273 ministris,
2574 3205 2756 3279 quales
2796 3215 2921 3261 sint.
2953 3206 3024 3262 Ut
3067 3192 3290 3269 iudices,
3324 3202 3596 3268 advocati,
3632 3214 3830 3273 praepo-

2272 3292 2392 3359 siti,
2449 3295 2778 3361 centenarii,
2808 3295 3024 3359 vicarii,
3073 3292 3344 3359 scabinei,
3393 3291 3582 3363 quales
3614 3291 3831 3348 meliora

2273 3386 2501 3447 inveniri
2528 3392 2571 3423 "
2591 3397 2830 3462 possunt
2853 3391 2918 3456 ³³,
2966 3389 3367 3446 constituantur
3402 3388 3475 3443 ad
3498 3400 3596 3442 sua
3622 3386 3832 3441 ministe-

2274 3484 2352 3537 ria
2378 3483 2424 3515 ”
2450 3478 2771 3540 exercenda.
3008 3522 3016 3531 -

2270 3562 2279 3569 ’
2342 3576 2430 3649 .57.
2471 3576 2548 3631 De
2576 3574 2736 3630 mullo
2780 3573 3015 3647 publica.
3052 3570 3129 3630 Ut
3154 3573 3208 3628 in
3236 3568 3399 3637 locis,
3427 3571 3522 3627 ubi
3554 3562 3737 3626 malles
3754 3582 3831 3637 pu-

2274 3668 2448 3725 blicos
2506 3668 2707 3723 habere
2766 3661 2968 3732 solent,
3034 3674 3236 3721 tectum
3295 3665 3404 3721 tale
3462 3664 3830 3721 constituatur.

2272 3760 2418 3831 quod
2445 3760 2500 3815 in
2529 3760 2772 3832 byberno
2795 3759 2842 3791 ³³
2873 3768 2927 3812 et
2955 3752 3077 3814 "in
3119 3766 3326 3813 aestate
3350 3757 3701 3814 observatum
3737 3767 3833 3809 esse

2269 3851 2463 3921 possit.

2340 3939 2430 3996 58.
2470 3940 2549 3995 De
2598 3933 2940 3995 sacramentis
2985 3936 3056 3994 ad
3093 3934 3350 4011 palatium
3401 3937 3740 3994 adhramitit.
3779 3931 3834 3992 Ut

2272 4038 2613 4087 sacramenta
2639 4046 2777 4100 quae
2805 4023 2874 4087 ad
2911 4031 3176 4101 palatium
3208 4030 3431 4085 fuerunt
3461 4031 3761 4087 adhramita
3779 4027 3832 4091 ",

2272 4123 2580 4193 in-palatio
2622 4118 3004 4191 perficiantur.
3056 4119 3196 4176 Etsi
3239 4118 3285 4152 ⁸⁸
3336 4119 3835 4178 consacramentales

2271 4212 2518 4268 homines
2537 4228 2659 4268 cum
2685 4211 2803 4281 ipso
2824 4211 3008 4266 venire
3057 4207 3394 4276 rennuerint,
3429 4208 3672 4267 iussione
3692 4208 3836 4265 domi-

2150 4364 2153 4367 ,
2230 4371 2233 4374 _
2271 4305 2393 4360 nica
2422 4310 2515 4358 aut
2544 4301 2781 4358 indiculo
2807 4300 2852 4334 ”
2872 4309 2967 4357 aut
2994 4301 3169 4371 sigillo
3194 4302 3262 4357 ad
3279 4300 3541 4373 palatium
3569 4302 3748 4357 venire
3764 4315 3837 4354 co—

2271 4401 2489 4466 gantur.

2341 4484 2430 4541 59.
2464 4482 2543 4539 De
2569 4484 2937 4556 impedimento
2962 4486 3329 4539 clamatorum.
3351 4483 3428 4538 De
3448 4482 3834 4540 clamatoribnS.

2271 4577 2364 4648 qui
2401 4590 2658 4646 magnum
2693 4575 3137 4646 impedimentum
3167 4573 3373 4630 faciunt
3401 4575 3457 4629 in
3482 4575 3529 4606 ⁸ο
3558 4575 3754 4644 palatio
3784 4568 3838 4623 ad

2271 4686 2432 4727 aures
2460 4669 2642 4726 domui
2676 4668 3051 4740 imperatoris,
3093 4676 3154 4724 ut
3188 4668 3339 4724 missi
3370 4684 3466 4724 seu
3497 4668 3724 4724 comites
3743 4665 3841 4720 illo-

2271 4782 2391 4821 rum
2420 4765 2614 4820 missos
2636 4763 3007 4825 transmittant
3027 4770 3214 4819 contra
3226 4762 3269 4795 ιι
3293 4762 3414 4818 illos
3437 4762 3528 4833 qui
3554 4756 3841 4817 mentiendo

2274 4857 2496 4922 vadunt,
2520 4864 2581 4910 ut
2603 4870 2699 4911 eos
2732 4854 3058 4911 convincant
3080 4854 3150 4907 “.

2345 4945 2433 5001 60.
2473 4944 2552 4999 De
2579 4943 2809 5016 fugitivis
2846 4953 3028 4999 contra
3059 4952 3394 5017 praeceptum
3430 4942 3751 4998 dominicus
3768 4954 3843 4993 oc-

1810 5076 2201 5135 VARIANTES
2236 5075 2640 5135 LECTIONES.
2826 5149 2830 5153 ’

631 5208 812 5264 "nan
832 5212 1019 5294 5.13m
1037 5209 1091 5291 6<
1164 5212 1191 5242 ¹
1214 5226 1260 5267 s.
1292 5212 1558 5296 noctes~5.
1589 5227 1644 5283 q.
1677 5228 1723 5268 s.
1747 5224 1802 5283 q.
1823 5221 1878 5297 et
1902 5214 1954 5296 (1Ξ
1978 5214 2167 5296 desunt
2189 5212 2243 5267 6.
2321 5210 2343 5243 ³
2383 5224 2666 5336 ιιείὲιεψιο
2687 5210 2742 5266 6.
2768 5210 2834 5267 Β.
2864 5212 2931 5269 G.
2964 5212 3084 5295 βαι.
3115 5213 3419 5295 usquedum
3446 5214 3502 5268 5.
3574 5211 3596 5242 ⁸
3616 5213 3713 5265 hoc
3737 5225 3844 5288 cui}
3950 5210 3951 5283 ς

631 5279 815 5333 tteced.
845 5298 900 5335 ιη
923 5296 1084 5334 unum
1108 5298 1155 5336 c.
1185 5292 1455 5336 contundit
1474 5284 1528 5336 5.
1554 5300 1646 5336 nec
1666 5292 1842 5336 tamen
1860 5301 1915 5336 ιη
1935 5284 2129 5336 indice.
2204 5284 2227 5315 ⁸
2253 5290 2440 5336 actore
2500 5321 2515 5336 .
2593 5282 2614 5314 ⁸
2641 5291 2797 5336 actor
2816 5282 2869 5336 6.
2942 5286 2962 5316 ⁷
2992 5291 3264 5336 mtertiam
3294 5283 3347 5336 6.
3375 5283 3440 5336 B.
3462 5281 3593 5336 Hld.
3670 5280 3693 5311 ⁸
3729 5289 3846 5333 rett-
3950 5328 3951 5335 η

563 5279 815 5334 ‘anteced.
845 5283 900 5335 in
923 5267 1091 5334 ununi
1108 5298 1155 5336 c.
1185 5282 1338 5336 conia

574 5347 761 5403 nuerit
789 5348 842 5405 6.
942 5350 963 5379 ³
990 5366 1042 5405 v.
1083 5368 1134 5407 c.
1171 5350 1359 5408 desunt
1379 5347 1507 5408 Met.

576 5418 780 5474 tiam...
809 5421 891 5477 eis
914 5419 1117 5476 desunt
1140 5423 1198 5479 5.
1274 5423 1319 5454 ¹³
1345 5421 1522 5481 fuerat
1545 5425 1598 5481 5.

1699 5425 1741 5457 “
1764 5425 2089 5495 peticionem
2112 5424 2177 5478 Β.

582 5487 699 5544 Bal.
759 5490 804 5524 “'
817 5491 957 5547 deest
974 5493 1045 5546 l‘.

581 5630 712 5686 libet
734 5631 786 5685 Γ
883 5633 928 5665 ’⁸
954 5635 1037 5687 vrl
1068 5636 1121 5689 5.
1216 5637 1259 5668 ²⁹
1297 5652 1352 5690 u.
1407 5653 1508 5693 nec
1535 5636 1657 5693 fons
1677 5639 1731 5693 5.

1420 5284 1455 5337 it
1474 5284 1528 5339 5.
1554 5300 1646 5338 nec
1666 5285 1915 5338 tamenin
1935 5284 2129 5339 indice.
2204 5284 2227 5315 ⁸
2253 5290 2440 5338 actore

1610 5354 1653 5386 ¹⁰
1680 5354 1999 5410 deiudicatis
2022 5355 2072 5408 l.
2098 5364 2266 5410 const.
2297 5353 2514 5409 deducti
2542 5353 2616 5408 Γ.
2647 5361 2814 5409 coast.
2838 5354 2894 5408 in
2931 5354 3029 5408 hoc
3057 5372 3103 5408 ο.
3176 5355 3215 5384 ¹¹
3241 5353 3469 5413 fecerint
3491 5353 3556 5409 ϐ.

682 5494 805 5578 ἔμ’ξξ
817 5494 957 5578 deest
974 5494 1045 5578 1“:
1079 5494 1578 5578 “inconten‘dantG.
1600 5494 1908 5578 Eum-arpi?
1922 5512 1971 5551 ρ,
1988 5495 2113 5578 Βαιέ
2171 5495 2381 5578 safe?“
2520 5564 2533 5576 .
2558 5495 2628 5526 η.
2649 5501 2726 5578 ει.

579 5562 812 5642 accipiat
848 5562 914 5618 ϐ.
993 5564 1039 5595 ’³
1077 5564 1340 5621 forbanno
1361 5574 1576 5622 tenente
1600 5568 1654 5622 5.
1729 5565 1775 5598 “
1795 5566 2059 5648 forbanno
2083 5566 2136 5620 5.
2212 5567 2259 5598 ”
2279 5564 2760 5647 dominicisvassis
2780 5566 2837 5622 5.
2865 5567 2900 5622 5
2918 5566 2974 5620 b.
3047 5566 3093 5596 "
3117 5572 3210 5621 aut

581 5630 712 5686 libet
734 5631 786 5685 Γ
883 5633 928 5665 ’⁸
954 5635 1037 5687 vrl
1068 5636 1121 5689 5.
1216 5637 1259 5668 ²⁹
1297 5652 1352 5690 u.
1407 5653 1508 5692 nec
1535 5636 1657 5692 fons
1677 5639 1731 5692 5.
1827 5637 1870 5668 ³⁰
1902 5644 2161 5691 traiectus
2190 5637 2261 5690 Γ.
2285 5633 2352 5689 G.
2385 5632 2746 5692 Hld‘tnectus
2769 5637 2824 5690 4.
2929 5636 2972 5667 ³¹
2998 5637 3141 5691 deest
3167 5637 3210 5691 Γ

2297 5353 2514 5409 deducti
2542 5353 2616 5408 Γ.
2647 5361 2814 5409 coast.
2838 5354 2894 5408 in
2931 5354 3029 5408 hoc
3057 5372 3103 5408 ο.
3176 5355 3215 5384 “
3241 5353 3469 5413 fecerint
3491 5353 3556 5409 ϐ.
3635 5351 3676 5382 ¹¹
3704 5351 3845 5427 iusti-

2283 5424 2327 5457 "
2354 5423 2630 5501 fuerint_l_.
2730 5424 3060 5501 “_scabinos_
3279 5434 3446 5501 const.
3518 5420 3787 5501 _"_al..ei
3810 5435 3842 5471 ι,

2558 5495 2628 5526 ’θ’
2649 5501 2705 5550 et
2728 5496 2825 5551 a5.
2876 5496 3083 5550 “est5.
3159 5493 3685 5595 “vapuletur6.vig.
3712 5493 3846 5546 ictus

2558 5565 2757 5595 ..νηηινὲο
2783 5566 2816 5595 1
2866 5567 2897 5595 '1
2918 5566 2953 5595 1.
3047 5566 3093 5595 16
3119 5572 3205 5595 ιιι-ο
3238 5566 3458 5595 nni-nm
3484 5565 3505 5595 Ι
3681 5560 3845 5595 mund.

3237 5566 3458 5635 quirere
3484 5565 3534 5618 l.

2929 5636 2972 5667 ³¹
2998 5637 3141 5691 deest
3167 5627 3274 5691 1’.“
3350 5635 3395 5667 ³¹
3426 5634 3667 5691 invenire
3698 5627 3752 5685 ἰ.
3777 5627 3839 5684 Β.

578 5700 629 5732 ³³
648 5701 857 5770 possint
876 5704 931 5760 5.
1006 5704 1051 5735 ”
1078 5704 1317 5761 misteria
1339 5709 1392 5761 5.
1462 5708 1507 5739 ³⁸
1532 5707 1585 5761 in
1603 5709 1659 5762 h.
1684 5707 1870 5762 desunt
1897 5706 1952 5760 4.
2023 5706 2067 5737 ³⁸
2088 5706 2227 5760 deest
2249 5707 2321 5759 1⁵.
2346 5704 2410 5758 Β.
2485 5705 2529 5737 ⁸⁷
2553 5707 2819 5763 adramita
2840 5708 2894 5763 5.
2911 5711 2965 5765 4.
2982 5706 3048 5760 Β.
3074 5706 3139 5761 G.
3207 5707 3251 5739 ³⁸
3273 5715 3330 5761 et
3353 5721 3476 5763 cum
3500 5721 3547 5760 s.
3571 5702 3636 5760 Ο.
3698 5699 3748 5734 ³³
3770 5700 3846 5754 in-
3950 5700 3951 5769 ξ

581 5770 816 5828 diluculo
835 5773 887 5828 5.
966 5774 1011 5804 "°
1036 5776 1174 5828 deost
1196 5776 1249 5829 4.
1277 5776 1329 5829 6.

1425 5777 1550 5831 “iu.
1584 5795 1735 5831 eraso
1770 5786 1975 5835 contra.
2010 5777 2059 5830 l.
2092 5778 2164 5830 l'.
2241 5778 2289 5807 “
2328 5777 2725 5831 M"mmvmicent
2750 5776 2843 5832 ϐ..
2903 5796 2909 5805 ·

2593 5282 2614 5314 ⁸
2641 5291 2797 5339 actor
2816 5282 2869 5337 6.
2942 5286 2962 5316 ⁷
2992 5276 3264 5340 ἰιιιει-ιὶᾱω
3294 5283 3347 5337 6.
3375 5283 3440 5337 Β.
3462 5281 3593 5337 Hld.
3670 5280 3693 5311 ⁸
3729 5278 3846 5333 reti-
3950 5276 3951 5335 ξ

3557 5424 3597 5455 ³⁷
3628 5420 3696 5476 al.
3736 5418 3842 5473 cii.
3950 5418 3951 5483 ῗ

3681 5560 3951 5645 (ιιιοὲνδ
