3992 6344
148 343 253 398 56!

738 337 966 395 CODEX
1001 324 1610 394 DlPLOMATlCUS.—
1634 330 1946 395 CAPITUL.
1989 340 2075 395 ΑΒ
2114 340 2445 425 ANSEGISO
2481 342 2854 400 COLLECTA.

3322 343 3440 401 561

142 455 372 513 altatis
406 456 448 507 ‘.
481 453 557 508 De
604 450 873 520 fugitivis,
910 449 1001 520 qui
1035 465 1133 519 per
1168 449 1410 505 diversas
1446 445 1752 518 proventias
1781 451 1830 511 Α
1925 447 2013 501 67.
2054 448 2130 503 De
2156 449 2315 507 libero
2339 450 2544 505 homine
2566 452 2619 505 in
2641 451 2839 507 hostem
2860 449 3151 505 “bannito.
3177 449 3433 519 Quicum-

145 548 309 607 δικιιὶ
348 557 410 603 et
450 544 705 603 occultati
756 551 883 600 sunt
926 553 1114 597 contra
1168 549 1515 612 praeceptum
1563 539 1748 597 domui

148 636 526 706 imperatoris,
557 642 618 688 ut
638 634 658 665 ⁷
685 632 774 702 qui
808 648 902 688 eos
947 640 1069 701 post
1108 631 1457 701 praeteritum
1481 630 1501 662 ³
1539 639 1748 701 tempus

145 728 403 798 suscepit
445 734 540 781 aut
586 724 835 790 retinuit,
885 725 1124 780 bannum
1154 722 1484 779 dominicum
1524 737 1748 795 compo-

150 827 256 874 nat
282 820 328 871 ⁸.

226 909 325 963 ϐι.
364 906 445 962 De
466 907 683 961 nimium
704 904 1014 976 blasphemis
1045 902 1356 958 latronibus.
1416 902 1494 957 De
1525 899 1750 956 latroni-

148 999 281 1061 bus,
315 998 412 1068 qui
439 1011 688 1085 magnam
711 995 910 1050 habent
939 991 1331 1062 blasphemiam
1352 991 1396 1056 ⁸,
1416 990 1745 1060 quicumque

151 1090 409 1159 aliquem
458 1103 528 1145 ex
575 1082 662 1144 his
704 1084 1189 1157 comprehenderit,
1238 1082 1445 1140 nullum
1493 1083 1747 1139 damnum

149 1184 362 1239 exinde
387 1181 644 1251 patiatur.

227 1272 324 1327 62.
368 1271 448 1327 De
475 1287 602 1342 pace
650 1269 795 1339 infra
838 1270 1085 1341 patriam.
1128 1269 1208 1323 De
1255 1281 1390 1337 pace
1439 1275 1495 1324 et
1543 1266 1749 1321 iustitia

152 1361 306 1429 inﬂa
334 1361 587 1433 patriam,
620 1361 763 1417 sicut
782 1376 941 1431 saepe
972 1375 1070 1430 per
1111 1359 1219 1415 alia
1265 1358 1499 1430 capitula
1540 1358 1671 1414 iussi
1704 1358 1746 1424 ',

151 1453 521 1526 adimpletum
558 1452 673 1505 liat.

229 1547 325 1602 6'5.
367 1545 447 1600 De
478 1544 771 1600 iunioribus
802 1544 861 1599 in
906 1543 1096 1615 populo
1130 1540 1333 1614 vulgari
1356 1541 1745 1613 distringendis.

153 1641 235 1696 De
262 1637 477 1708 vulgari
525 1636 758 1707 populo,
807 1644 869 1691 ut
917 1635 1289 1704 unusquisque
1335 1649 1462 1689 suos
1514 1632 1751 1688 iuniores

155 1730 474 1799 distringat,
521 1734 582 1783 ut
609 1727 804 1782 melius
845 1741 912 1781 ac
933 1726 954 1758 '
983 1724 1178 1780 melius
1220 1723 1509 1780 oboediant
1536 1730 1748 1778 et-eon-

154 1821 403 1876 sentiant
438 1817 707 1873 mandatis
730 1826 785 1872 et
805 1818 826 1849 ⁷
856 1815 1158 1893 praeceptis
1183 1814 1571 1885 imperialibus.

226 1910 321 1965 64.
364 1909 446 1964 De
467 1910 586 1973 hoc,
612 1909 657 1963 si
679 1923 835 1977 super
858 1907 1075 1962 missum
1117 1905 1438 1960 dominicum
1469 1920 1588 1959 eum
1637 1903 1749 1958 col-‘-

155 1994 403 2054 lecta'et
436 1998 599 2052 armis
643 1997 759 2068 quis
798 1996 1012 2051 venerit.
1068 1993 1127 2049 Si
1176 1995 1298 2064 quis
1334 2009 1496 2064 super
1526 1994 1749 2048 missum

155 2090 496 2145 dominicum
523 2103 650 2143 cum
675 2087 900 2143 collecta
927 2093 989 2141 et-
1021 2085 1187 2140 armis
1222 2085 1451 2150 venerit,
1482 2093 1537 2140 et
1560 2085 1752 2138 missa-

156 2182 326 2237 ticnm
372 2179 450 2235 illi
476 2179 782 2237 iniunctum
813 2176 1202 2256 contradixerit
1242 2183 1336 2231 aut
1382 2176 1752 2232 contradicere

156 2271 412 2335 voluerit,
457 2278 514 2326 et
544 2262 660 2325 hoc
694 2269 757 2324 ei‘
780 2267 1134 2338 adprobatum
1180 2267 1341 2322 fuerit
1387 2268 1529 2337 quod
1573 2268 1752 2322 sciens

156 2375 349 2422 contra
394 2365 623 2419 missum
658 2363 985 2418 dominicum
1020 2363 1087 2417 ad
1112 2347 1473 2418 resistendum
1494 2362 1748 2425 venisset,

158 2457 222 2511 de
246 2456 359 2510 vita
388 2460 696 2523 componat.
730 2453 795 2507 Et
819 2453 841 2483 ⁸
889 2453 934 2508 si
963 2451 1260 2521 negaverit,
1308 2466 1429 2507 cum
1469 2450 1750 2506 duodecim

157 2546 273 2602 suis
299 2544 641 2600 iuratoribus
664 2559 724 2599 se
767 2543 1007 2598 idoniare
1028 2542 1210 2608 faciat,
1242 2549 1297 2597 et
1336 2555 1438 2611 pro
1480 2556 1568 2607 eo,
1609 2541 1752 2612 quod

158 2653 281 2696 cum
335 2636 567 2692 collecta
616 2643 807 2691 contra
854 2634 1080 2689 missum
1133 2633 1465 2690 dominicum
1510 2642 1752 2687 armatus

159 2727 312 2782 venit
356 2726 431 2781 ad
470 2725 850 2789 resistendum,
894 2725 1128 2777 bannum
1157 2722 1484 2780 dominicum
1530 2737 1751 2791 compo-

158 2826 255 2872 nat
273 2817 322 2870 ἰ
354 2816 533 2871 Simili
560 2816 717 2871 modo
753 2816 982 2870 domnus
1023 2815 1316 2884 imperator
1341 2815 1406 2869 de
1444 2814 1556 2869 suis
1582 2814 1753 2870 vassis

161 2910 450 2967 indicavit.
483 2910 547 2963 Et
574 2911 619 2964 si
642 2924 830 2965 servus
861 2908 964 2964 hoc
1008 2906 1212 2971 fecerit,
1248 2905 1529 2977 disciplina
1557 2906 1600 2939 ιθ
1632 2922 1754 2961 cor-

168 3001 356 3071 porali
384 3000 679 3058 subiaceat.

242 3091 335 3146 65.
378 3090 459 3145 De
482 3107 541 3145 eo
566 3093 650 3160 qui
677 3089 881 3145 domum
922 3088 1149 3144 alienam
1182 3087 1451 3144 cuiuslibet
1483 3087 1743 3159 infringit.

164 3180 224 3236 Si
254 3181 382 3251 quis
430 3181 640 3236 domum
676 3181 904 3235 alienam
935 3180 1219 3235 cuiuslibet
1247 3179 1548 3250 infregerit,
1597 3180 1750 3250 quic-

161 3273 297 3348 quid
351 3273 548 3328 exinde
570 3288 664 3344 per
685 3273 939 3327 virtutem
973 3271 1013 3303 “
1046 3270 1329 3327 abstulerit
1381 3278 1474 3325 aut
1513 3271 1754 3340 rapuerit
1844 3308 1847 3311 γ

161 3362 245 3417 vel
268 3361 556 3427 iuraverit,
605 3362 899 3418 secundum
936 3361 1111 3434 legem
1135 3370 1189 3418 et
1231 3361 1465 3417 ewam“
1495 3361 1569 3416 illi
1601 3363 1754 3418 cuius

161 3458 362 3512 domus
394 3456 561 3511 fuerit
587 3456 817 3512 infracta
847 3464 902 3513 et
932 3457 1179 3527 spoliata,
1209 3457 1267 3512 in
1295 3456 1513 3527 triplum
1537 3472 1757 3527 compo-

160 3560 277 3613 nat,
306 3558 364 3604 et
388 3550 613 3619 insuper
631 3551 869 3604 bannum
905 3550 1232 3605 dominicum
1267 3549 1460 3605 solvat.
1487 3549 1543 3604 Si
1567 3565 1756 3605 servus

162 3643 269 3696 hoc
304 3641 525 3705 fecerit,
561 3642 893 3696 sententiam
925 3641 1257 3711 superiorem
1292 3641 1539 3711 accipiat,
1571 3649 1629 3695 et
1663 3641 1752 3695 iu-

162 3747 331 3801 super
358 3733 656 3788 secundum
692 3747 840 3787 suam
891 3732 1065 3803 legem
1103 3733 1546 3803 compositionem
1569 3731 1752 3788 faciat.

163 3822 223 3876 Si
263 3823 391 3893 quis
422 3823 561 3878 liber
599 3824 762 3879 homo
805 3823 1023 3894 aliquod
1046 3823 1152 3878 tale
1190 3825 1443 3880 damnum
1469 3825 1689 3881 cuilibet
1713 3824 1755 3857 “

164 3909 382 3977 iecerit,
425 3928 527 3982 pro
552 3928 662 3983 quo
696 3914 923 3984 plenam
940 3914 1405 3984 compositionem-
1424 3913 1603 3971 facere
1647 3930 1755 3971 non

163 4006 369 4070 valeat,
414 4007 764 4075 semetipsum
815 4006 869 4060 in
907 4007 1081 4062 wadio
1128 4022 1228 4078 pro
1266 4020 1424 4062 servo
1473 4008 1602 4063 dare
1644 4016 1758 4062 stu-

122 4132 129 4137 .
160 4096 310 4157 deat,
353 4109 524 4164 usque
558 4095 686 4150 dum
723 4095 934 4166 plenam
974 4099 1416 4167 compositionem
1446 4098 1753 4168 adimpleat.

233 4181 325 4237 66.
369 4181 449 4236 De
491 4184 740 4238 messibus
784 4184 861 4239 vel
908 4187 1131 4239 annonis
1182 4186 1240 4239 in
1286 4186 1433 4240 hoste
1474 4187 1638 4256 raptis
1681 4186 1758 4241 vel

164 4274 362 4343 furatis
378 4272 523 4328 “.Si
550 4274 671 4345 quis
706 4290 910 4332 messes
942 4285 1037 4331 aut
1071 4278 1313 4333 annonas
1337 4277 1393 4332 in
1419 4278 1574 4333 hoste
1597 4293 1761 4348 super

164 4365 411 4417 bannum
438 4363 487 4397 "
509 4362 838 4420 dominicum
859 4365 1216 4436 rapuerit'vel
1251 4367 1459 4436 paverit
1484 4366 1527 4399 ⁸⁸
1561 4377 1653 4422 aut
1676 4368 1758 4423 fu-

166 4455 380 4509 raverit
403 4464 497 4510 aut
517 4471 640 4511 cum
675 4457 898 4513 caballis
916 4459 1226 4524 vastantis,
1253 4459 1539 4516 aestimato
1561 4462 1757 4517 damno

163 4545 471 4600 secundum
498 4545 669 4618 legem
710 4548 765 4601 in
796 4549 1014 4618 triplum
1052 4557 1339 4619 componat
1353 4550 1417 4603 ‘7.
1453 4551 1519 4604 Et
1539 4551 1758 4609 silibcr

166 4638 337 4694 homo
368 4636 475 4692 hoc
514 4636 721 4701 fecerit,
760 4640 994 4694 bannum
1039 4639 1367 4696 dominicum
1407 4657 1507 4712 pro
1553 4643 1655 4698 hac
1700 4658 1756 4697 re

163 4742 501 4796 componere
520 4730 818 4799 cogatur“.
844 4729 1045 4785 Servus
1060 4730 1100 4763 "
1115 4746 1243 4785 vero
1268 4732 1567 4787 semiudum
1587 4733 1756 4801 legem

164 4819 332 4888 tripla
360 4821 752 4890 compositione
785 4822 1036 4876 damnum
1068 4822 1122 4876 in
1148 4822 1265 4879 loco
1290 4824 1559 4887 restituat,
1584 4833 1637 4876 et
1661 4839 1760 4893 pro

163 4911 375 4964 damno
403 4909 450 4940 “
478 4908 791 4981 disciplinae
814 4912 1077 4987 corporali
1112 4913 1385 4974 subiaceat
1409 4915 1474 4965 ἰ.

1851 555 1956 612 que
2007 541 2144 597 liber
2186 543 2347 598 homo
2390 543 2445 596 in
2486 541 2697 598 hostem
2720 542 2766 574 ⁷³
2792 542 3048 598 bannitus
3069 544 3116 574 ⁷⁸
3158 542 3340 609 fuerit,
3377 555 3434 604 et

1850 634 2035 689 venire
2080 635 2495 705 contempserit,
2545 634 2760 706 plenum
2793 630 3184 701 heribannum,
3241 636 3294 691 id
3347 647 3434 693 est

1850 724 2050 781 solidos
2094 725 2369 797 sexaginta
2412 726 2700 795 persolvat.
2772 726 2881 782 Aut
2925 725 2971 782 si
3017 742 3124 783 non
3181 727 3434 784 habuerit

1850 815 1991 869 unde
2044 813 2189 869 illam
2244 831 2509 870 summam
2555 816 2861 887 persolvat,
2920 817 3271 894 semetipsum
3332 835 3432 896 pro

1850 906 2026 961 wadio
2077 900 2129 960 in
2173 906 2453 961 servitium
2502 906 2758 977 principis
2780 906 2827 939 "
2858 907 3068 972 tradat,
3124 907 3296 969 donec
3335 925 3444 982 per,

1853 1007 2090 1070 tempora
2114 999 2227 1069 ipse
2253 1000 2465 1054 bannus
2502 999 2570 1054 ad
2606 1013 2671 1054 eo
2708 999 2801 1054 liat
2837 999 3143 1069 persolutus
3170 994 3191 1066 ξ
3219 1008 3277 1055 et
3295 1007 3451 1055 tunc.

1850 1091 2045 1148 iterum
2081 1092 2149 1146 ad
2182 1099 2381 1146 statum
2410 1089 2687 1146 libertatis.
2710 1107 2841 1146 suae
2878 1090 3263 1146 revertatur".
3294 1080 3451 1146 Etsi.

1851 1182 1939 1239 ille
1975 1183 2154 1246 homo,
2183 1181 2275 1252 qui
2320 1186 2542 1255 propter
2574 1176 2927 1237 heribannum
2964 1195 3022 1235 se
3052 1180 3105 1235 in
3149 1179 3432 1235 servitium

1852 1274 2085 1337 tradidit,
2133 1273 2187 1326 in
2238 1272 2328 1328 illo
2373 1271 2594 1327 servitio
2638 1270 2922 1326 defunctus
2969 1270 3160 1337 fuerit,
3208 1271 3435 1328 heredes

1850 1364 1966 1419 eius
2005 1363 2371 1424 hereditatem,
2420 1376 2559 1432 quae
2595 1361 2663 1417 ad
2702 1376 2769 1417 eo
2792 1363 2835 1394 ⁸⁷
2862 1363 3115 1432 pertinet,
3158 1377 3267 1417 non
3308 1376 3433 1432 per-

1850 1454 2001 1520 dant,
2028 1469 2126 1510 nec
2151 1452 2544 1519 libertatem“,
2571 1453 2762 1519 necpde
2787 1453 2832 1484 "
2857 1454 2974 1523 ipso
3005 1454 3185 1518 hanno
3213 1454 3434 1517 obnoxii

1851 1543 2017 1601 liant..

1921 1654 2008 1709 68.
2050 1654 2124 1715 De
2153 1655 2465 1719 hairibanno
2500 1654 2811 1715 mactanda.
2841 1653 2913 1709 Ut
2939 1667 3045 1707 non
3067 1667 3164 1723 per
3196 1651 3434 1722 aliquam

1850 1746 2206 1811 occasionem,
2239 1747 2393 1803 nec’o
2417 1763 2516 1821 pro
2542 1744 2794 1810 wacta“,
2824 1759 2923 1800 nec
2953 1744 3017 1799 de
3039 1759 3210 1809 scara,
3242 1758 3342 1798 nec
3366 1742 3434 1799 de

1852 1837 2056 1903 warda,
2095 1853 2194 1894 nec
2228 1853 2327 1908 pro
2377 1837 2722 1906 heribergare
2745 1835 2789 1866 "'
2811 1876 2827 1901 ,
2858 1849 2959 1889 nec
2991 1848 3091 1903 pro
3118 1832 3225 1887 alio
3253 1828 3435 1888 hanno

1852 1929 2208 1993 heribannum
2233 1942 2429 1991 comes
2454 1936 2705 1983 exactare
2732 1932 3072 1996 praesumat;
3103 1922 3208 1977 nisi
3233 1922 3434 1978 missus

1853 2029 2037 2077 noster
2056 2020 2213 2095 prius
2235 2020 2591 2077 heribannum
2642 2016 2710 2072 ad
2742 2024 2956 2086 partem
3001 2023 3244 2069 nostram
3287 2013 3430 2071 reci—

1851 2112 1981 2187 piat,
2019 2119 2075 2166 et
2105 2111 2158 2167 ei
2199 2126 2354 2166 suam
2379 2110 2596 2165 tertiam
2636 2116 2843 2179 partem
2890 2105 3083 2161 exinde
3115 2119 3212 2183 per
3237 2103 3435 2159 iussio-

1850 2219 1975 2259 nem
2008 2210 2246 2258 nostram
2268 2200 2450 2256 donet.
2475 2199 2591 2273 ipse
2614 2215 2743 2254 vero
2774 2197 3108 2252 heribannus.
3144 2210 3253 2257 non
3294 2210 3430 2250 exa-

1852 2304 2029 2357 ctetur
2068 2308 2240 2367 neque
2283 2293 2337 2349 in
2370 2293 2528 2351 terris
2561 2304 2733 2361 neque
2778 2290 2831 2342 in
2860 2286 3161 2360 mancipiis,
3186 2285 3282 2341 sed
3307 2284 3353 2317 ³³
3376 2284 3433 2341 in

1852 2400 1985 2442 auro
2020 2394 2075 2439 et
2098 2391 2341 2457 argento,
2388 2381 2567 2452 palliis
2616 2390 2779 2451 atque
2821 2379 2988 2433 armis
3028 2387 3082 2432 et
3110 2377 3434 2433 animalibus

1853 2486 2013 2548 atque
2048 2457 2363 2548 pecudibus,
2392 2475 2504 2529 sive
2537 2471 2735 2533 talibus
2768 2470 3050 2540 speciebus
3079 2484 3218 2540 quae
3238 2472 3308 2525 ad
3328 2469 3436 2531 uti:

1853 2569 2057 2625 litatem
2078 2568 2367 2639 pertinent.
2394 2623 2401 2626 ,

1922 2680 2008 2735 69.
2051 2679 2128 2733 De
2154 2680 2235 2733 Itis
2273 2679 2360 2750 qui
2400 2678 2593 2749 regales
2632 2677 2819 2731 habent
2850 2677 3165 2739 Itonores,.et
3203 2675 3261 2728 in
3305 2676 3432 2728 bos-

1852 2782 1955 2826 tem
1977 2769 2022 2801 “
2058 2770 2259 2839 banniti
2304 2768 2373 2822 ad
2419 2767 2714 2827 condictum
2744 2765 2992 2837 placitum
3038 2764 3434 2827 nonrenerint.

1852 2863 2184 2931 Quicumque
2205 2860 2366 2916 homo
2387 2868 2602 2915 nostros
2648 2859 2852 2913 habens
2892 2858 3124 2918 honores
3145 2855 3200 2911 in
3227 2854 3435 2911 hostem

1850 2951 2104 3027 bannitus
2137 2948 2300 3004 fuerit
2331 2957 2386 3004 et
2423 2949 2490 3005 ad
2525 2947 2831 3003 condictum
2863 2947 3119 3023 placitum
3143 2961 3249 3027 non
3273 2961 3434 3002 vene-

1853 3026 1957 3109 rit,
1994 3052 2125 3115 quot
2176 3042 2365 3097 diebus
2407 3051 2527 3111 post
2573 3039 2827 3111 placitum
2860 3039 3168 3099 condictum
3216 3026 3431 3105 venisse

1773 3136 2228 3213 Ceomprobatus
2264 3133 2459 3200 fuerit,
2483 3140 2561 3187 tot
2594 3131 2782 3188 diebus
2812 3130 3079 3194 abstineat
3115 3144 3147 3182 a
3176 3143 3340 3183 carne
3382 3138 3436 3181 et

1857 3244 2001 3285 V100.

1925 3317 2131 3379 70..De
2166 3317 2246 3372 his
2293 3318 2383 3389 qui
2421 3316 2533 3371 sine
2559 3313 2768 3369 licentia
2805 3311 2869 3365 de
2891 3311 3034 3365 hoste
3079 3317 3435 3366 revertuntur.

1854 3408 2187 3478 Quicumque
2208 3408 2410 3478 absque
2439 3404 2657 3461 licentia
2685 3403 2768 3457 vel
2799 3400 3155 3472 permissione
3173 3399 3436 3470 principis

1854 3500 1922 3556 de
1959 3502 2113 3556 hoste
2151 3514 2398 3554 reversus
2429 3496 2611 3561 fuerit,
2650 3494 2793 3565 quod
2844 3491 3045 3547 factum
3079 3492 3126 3523 ³⁵
3158 3490 3353 3546 Franci
3392 3488 3436 3523 ‘°

1855 3591 2103 3646 heriscliz
2128 3590 2170 3621 ³⁷
2205 3590 2411 3656 dicunt,
2449 3589 2696 3643 volumus
2738 3593 2797 3638 ut
2845 3583 3066 3651 antiqua
3099 3581 3437 3646 constitutio,

1856 3680 1912 3736 id
1958 3689 2043 3736 est
2085 3679 2332 3751 capitalis
2384 3678 2680 3743 sententia,
2737 3691 2865 3747 erga
2909 3676 3058 3730 illum
3104 3675 3432 3746 puniendum

1856 3773 2216 3830 custodiatur.
3195 3758 3199 3765 ’

1926 3889 2017 3944 Ἡ.
2066 3887 2145 3944 De
2183 3889 2263 3944 his
2297 3888 2385 3958 qui
2425 3886 2674 3956 beneﬁcia
2712 3886 3003 3956 principum
3045 3884 3255 3947 habent.
3306 3885 3434 3950 Qni—

1858 3993 2089 4050 cumque
2136 3976 2385 4040 eaeis"
2414 3976 2506 4050 qui
2552 3973 2870 4031 beneﬁcium
2920 3974 3179 4043 principis
3212 3972 3433 4037 habent,

1857 4068 2097 4141 parem”
2131 4082 2287 4123 suum
2321 4081 2387 4120 eo
2409 4075 2508 4118 itra
2557 4065 2741 4137 hostes
2773 4077 3085 4117 communes
3108 4061 3162 4121 in
3194 4061 3434 4116 exercitu

1859 4168 2167 4231 pergentem
2191 4158 2236 4190 ⁸ο
2259 4156 2542 4220 dimiserit,
2582 4165 2638 4211 et
2667 4170 2789 4209 cum
2827 4170 2894 4207 co
2930 4154 3017 4212 ire
3052 4153 3135 4210 vel
3164 4161 3310 4208 stare
3341 4169 3438 4208 no-

1858 4252 2039 4316 luerit.
2079 4253 2337 4310 honorem
2375 4264 2532 4309 suum
2562 4256 2618 4309 et
2641 4247 2681 4277 "‘
2708 4244 3026 4302 beneﬁcium
3050 4246 3087 4275 ⁵·
3111 4245 3319 4319 perdat.

1931 4365 2019 4420 72.
2061 4364 2138 4419 De
2175 4380 2279 4418 non
2309 4362 2538 4433 cogendo
2582 4361 2751 4433 bibere.
2787 4360 2844 4415 in
2878 4360 3056 4415 hoste.
3102 4359 3171 4416 Ut
3201 4362 3257 4419 in
3286 4362 3439 4420 hoste

1788 4489 1837 4549 Ι)
1861 4471 2018 4512 nemo
2049 4468 2236 4525 parem
2272 4466 2429 4509 suum
2457 4454 2541 4507 vel
2570 4450 2863 4522 quemlibet
2895 4451 3124 4507 alterum
3160 4453 3437 4509 hominem

1859 4549 2045 4603 bibere
2070 4555 2220 4616 roget
2242 4546 2309 4598 ".
2340 4544 2405 4599 Et
2448 4544 2812 4614 quincumque
2858 4545 2912 4601 iu
2967 4545 3209 4599 exercitu
3256 4546 3441 4601 ebrius

1862 4637 2111 4690 inventus
2138 4633 2320 4698 fuerit,
2349 4635 2421 4688 ita
2452 4636 2968 4699 excommunicetur,
3012 4645 3071 4689 ut
3118 4636 3171 4689 in
3208 4635 3443 4691 bibendo

1860 4728 1976 4783 sola
2027 4742 2167 4797 aqua
2219 4734 2420 4790 utatur,
2481 4741 2760 4796 quousque
2820 4743 2880 4782 se
2931 4730 3071 4782 male
3114 4726 3311 4784 fecisse
3349 4742 3441 4782 co.

1861 4828 2106 4888 gnoscat.

1940 4911 2040 4963 75.
2086 4909 2159 4963 De
2206 4925 2370 4965 passis
2418 4910 2591 4965 adhuc
2646 4910 2703 4964 in
2756 4909 2952 4980 palatio
2994 4910 3350 4969 servientibus.
3393 4921 3440 4964 et

1401 5047 1793 5105 VARIANTES
1829 5046 2228 5104 LECTIONES.

248 5142 265 5172 ⁸
298 5139 675 5215 o.,latronibus
699 5141 754 5215 β.
828 5143 850 5174 ⁷
873 5149 931 5215 ut
951 5155 1047 5215 e_os
1067 5142 1291 5215 omissis,
1316 5144 1409 5215 qui
1430 5152 1778 5215 posttempus
1797 5139 2030 5215 collocat
2052 5140 2131 5215 Γ.

164 5213 345 5267 niam
388 5211 445 5266 5.
522 5212 543 5242 ‘
581 5213 838 5269 iussimus
884 5211 937 5266 6.
965 5212 1031 5267 B.
1138 5214 1160 5245 "
1213 5211 1355 5268 deest
1380 5211 1440 5271 5.
1546 5213 1711 5268 8et...

166 5213 345 5267 niam
388 5211 445 5266 5.
522 5212 543 5242 ‘
581 5213 838 5269 iussimus
884 5211 937 5266 6.
965 5212 1031 5267 B.
1138 5214 1160 5245 "
1213 5211 1355 5268 deest
1380 5211 1440 5271 5.
1546 5213 1711 5268 8et...
1760 5211 2003 5266 idouiarc
2046 5211 2099 5264 in
2142 5212 2377 5331 maiyine
2399 5211 2636 5265 additum
2669 5212 2723 5266 5.

166 5282 405 5406 ῗδὲῗῗῖ
428 5278 1334 5406 ἑξεῖ...’ἒνίάεῖι.⁶.ξ⁴ε”³⁶ἐῗ”⁴·
1375 5282 1492 5406 vii"
1524 5282 1690 5406 ⁸89⁷
1729 5282 1779 5336 ¹·
1813 5280 2005 5404 “in
2057 5280 2200 5406 ’ἱέῖῗ
2233 5279 2551 5406 τεῖί·ἑ⁰”ιε⁷’
2584 5283 2723 5406 li?“

212 5392 227 5404 .
662 5391 675 5404 .
743 5392 756 5405 .
908 5392 921 5404 .
1041 5369 1149 5406 iam
1264 5367 1366 5406 .ea
1454 5372 1522 5406 τυ.
1623 5367 1875 5406 v.coram
1952 5368 2025 5404 a.
2103 5368 2207 5406 ι’.
2278 5367 2335 5402 ι.
2407 5367 2545 5403 am.
2643 5369 2711 5405 e.

2209 5139 2230 5171 ³
2250 5147 2594 5210 praeceme
2624 5139 2690 5195 ϐ.
2766 5141 2789 5172 δ
2809 5141 2982 5200 solvat
3015 5142 3068 5203 5.
3138 5138 3164 5175 '
3198 5136 3441 5198 blasthe-

2832 5212 2855 5245 ’
2886 5211 3057 5268 solvat
3081 5211 3134 5267 5.
3212 5212 3255 5244 ¹⁰
3279 5214 3443 5270 disci-

2057 5280 2099 5311 ¹⁷
2126 5281 2200 5334 ita
2239 5279 2358 5333 Vat.
2386 5279 2551 5347 Sang.
2586 5283 2633 5334 i.
2662 5295 2778 5336 en'a
2814 5279 2879 5338 θ’.
2912 5295 3106 5338 euuma
3143 5281 3291 5339 Colb.
3318 5300 3438 5340 eam

258 5350 316 5405 ρ.
344 5351 401 5419 ιι.
428 5350 483 5404 6.
511 5349 675 5421 Sang.
702 5351 756 5406 ε.
787 5337 921 5405 Tha.
945 5368 1016 5408 eo
1041 5353 1149 5407 iam
1175 5337 1366 5408 2b.ea
1405 5337 1668 5409 ηευζυίιὶ
1695 5367 1875 5408 coram
1898 5349 2025 5421 ‘Pal.
2071 5349 2207 5421 Bell.
2233 5337 2545 5421 meanti.
2584 5349 2711 5408 Met.
2745 5352 2783 5407 ι.
2814 5337 2966 5410 suam
3007 5337 3127 5409 δέει».
3149 5337 3260 5409 ss.
3287 5337 3339 5408 ιζ
3357 5337 3444 5412 ibi

170 5431 295 5481 tum
332 5414 381 5475 ἰ.
406 5422 489 5477 Γ..
511 5414 687 5479 έθεξι.
719 5431 775 5476 et
797 5437 849 5477 e.
876 5421 1064 5479 desunt
1087 5421 1152 5475 Β.
1186 5420 1314 5477 Par.
1343 5423 1488 5483 Pith.
1526 5422 1600 5478 N.
1641 5422 1791 5477 Rem.
1870 5419 1914 5453 “
1938 5419 2095 5474 alicui
2120 5419 2184 5474 ϐ.
2266 5420 2308 5451 ⁸³
2332 5419 2526 5475 furatis
2549 5423 2814 5477 sententia
2842 5422 2993 5478 deest
3014 5425 3080 5479 de
3100 5423 3269 5479 libero
3291 5425 3437 5478 hom.

102 5554 111 5569 '
166 5490 245 5569 ρ.
279 5491 825 5569 (totumjgitureaput
851 5490 1035 5562 deest).
1111 5492 1154 5524 ⁷⁸
1176 5494 1415 5569 pannum
1456 5494 1493 5547 2
1520 5494 1576 5569 b.

244 5559 565 5636 reddant—ﬂ
625 5561 666 5592 “’
684 5559 825 5636 bid.
863 5559 1151 5636 componat
1165 5559 1295 5636 Lrel.
1340 5561 1549 5636 desunt)
1580 5565 1633 5636 5.

174 5632 224 5669 ³³
254 5633 413 5687 hoste
432 5629 593 5694 5.,0.
682 5629 1012 5701 "bannatus
1033 5630 1099 5701 4.,
1164 5629 1210 5664 ’⁵
1237 5632 1377 5689 deest
1416 5630 1469 5689 6.

174 5702 225 5733 ’⁸
249 5703 393 5756 deest
424 5702 476 5754 i.
509 5701 579 5754 i‘.
653 5701 697 5732 '°
720 5702 859 5755 deest
881 5699 935 5756 Δ.
1010 5703 1053 5734 ³¹
1075 5699 1283 5757 ινειιιειιι
1322 5705 1374 5759 5.
1412 5712 1564 5757 vaeta
1588 5702 1651 5760 (ἶ.

178 5772 228 5803 ³⁸
254 5770 491 5826 fractum
528 5770 594 5826 (ἶ.
690 5770 735 5802 ³⁸
760 5772 900 5827 deest
925 5773 979 5826 4.

1678 5492 1720 5524 ⁸⁸
1743 5489 2040 5574 culpaverit
2067 5490 2120 5546 4.
2145 5505 2196 5545 v.
2314 5490 2497 5550 desunt
2525 5489 2557 5540 6
2581 5501 2691 5549 post
2720 5501 2813 5547 aut
2844 5491 2882 5545 f.
2908 5496 3079 5564 posita
3110 5492 3174 5547 B.
3215 5491 3280 5549 G.
3319 5492 3438 5549 Bal.

1730 5563 1771 5595 “
1802 5579 1846 5614 sn
1880 5576 1926 5614 s:
1959 5560 2032 5614 l'.
2140 5560 2187 5592 '°
2258 5575 2399 5613 anno
2430 5560 2478 5612 l.
2589 5562 2629 5591 "
2658 5564 2919 5614 subdatur
2944 5565 2998 5614 5.
3111 5564 3155 5596 "
3192 5565 3344 5614 hoste
3372 5563 3437 5614 (ἶ.

1580 5576 1633 5619 5.
1730 5576 1771 5595 ι’
1802 5579 1846 5617 5|
1880 5576 1937 5622 ες,
1959 5576 2032 5614 ιι.

1567 5635 1612 5665 ’⁸
1634 5641 1930 5690 revertetur
1954 5631 2007 5685 5.

1748 5705 1790 5736 ³⁷
1816 5703 2060 5771 herigare
2095 5702 2151 5757 5.
2190 5701 2416 5770 bergare
2439 5698 2505 5755 G.

1081 5773 1123 5804 ³⁷
1163 5772 1400 5835 berisdiz
1426 5775 1480 5829 5.
1504 5774 1720 5829 herisliz
1745 5773 1797 5827 4.
1876 5770 2008 5827 “his
2033 5772 2085 5826 6.
2123 5772 2187 5825 B.
2233 5770 2350 5824 Bal.

179 5843 427 5899 exercitu
451 5844 501 5897 in
525 5860 628 5914 seq.
664 5861 776 5916 mp.
805 5845 1104 5901 exciderunt
1163 5848 1227 5900 ι’.
1259 5847 1445 5900 lacuna
1501 5839 1644 5894 nulla
1669 5839 1916 5899 ἰδιαίτατα,

2589 5562 2629 5591 ²¹
2658 5562 2919 5619 subdatur
2944 5565 2998 5619 5.

2101 5632 2144 5663 "’
2191 5643 2287 5685 eos
2315 5630 2386 5683 Γ.
2411 5629 2469 5699 4.
2506 5629 2567 5683 Β.
2600 5629 2747 5699 ipsos
2779 5634 2833 5686 5.

2140 5560 2187 5592 '°
2222 5560 2399 5615 hanno
2430 5560 2478 5612 l.
2589 5562 2629 5591 "
2658 5560 2919 5619 subdatur
2944 5565 2998 5619 5.
3111 5564 3155 5596 "
3192 5565 3344 5620 hoste
3372 5563 3437 5618 G.

2931 5634 2977 5665 ’³
3022 5633 3087 5689 de
3114 5634 3361 5688 libertate
3385 5636 3437 5688 5.

2453 5771 2496 5803 ³⁸
2518 5779 2724 5840 patrem
2756 5773 2807 5827 6.

2905 5774 2948 5805 ⁶⁰
2984 5784 3361 5844 pergentem...
3388 5773 3449 5833 in

1995 5844 2035 5875 “
2088 5845 2223 5898 deest
2279 5843 2321 5897 ι.
2401 5845 2443 5875 ⁵³
2470 5852 2621 5914 cogat
2655 5846 2765 5901 Rn'.

2607 5701 2770 5759 "sed
2806 5703 2942 5759 etin
2991 5704 3040 5758 i.
3115 5702 3437 5763 “hosteG.
3528 5722 3537 5734 ·
