3992 6344
155 296 244 357 ὶσῦ
652 292 876 349 CODEX
915 289 1528 346 DIPLOMATICUS.-—
1551 240 1869 344 CAPITUL.
1909 288 1998 342 AB
2032 286 2370 344 ANSEGISO
2409 285 2788 346 COLLECTA.

3251 289 3356 348 566
3382 322 3387 328 -

211 409 289 465 85.
325 406 396 460 De
428 418 579 458 ceam
618 398 780 471 regali
829 399 1160 472 inquirendo.
1207 397 1278 454 Ut
1315 397 1466 453 missi
1511 396 1680 452 nostri
1709 399 1761 456 Α
1853 399 1941 453 88.
1979 398 2057 452 De
2095 399 2346 468 ﬁdelitate
2386 401 2520 469 regis
2552 398 2918 470 promittenda.
2959 397 3032 455 Ut
3064 399 3212 455 missi
3255 416 3356 454 no-

159 511 319 555 censos
345 496 360 526 ⁸
387 501 591 548 nostros
609 487 926 558 perquirunt
953 487 1254 558 diligenter,
1310 488 1686 555 undecumque

158 586 419 659 antiquitus
439 581 504 636 ad
525 587 730 649 partem
754 577 900 647 regis
914 577 1066 633 exire
1086 577 1332 634 solebant
1352 579 1403 642 ¹;
1438 577 1689 633 similiter

158 675 622 740 etfreda;etnobis
660 673 990 738 renuntient,
1039 681 1101 726 ut
1136 672 1162 744 ξ
1207 689 1306 728 nos
1351 674 1687 740 ordinemus,

159 771 265 842 quid
287 769 345 823 de
369 769 450 822 his
475 766 529 819 in
555 763 796 818 futurum
826 764 943 817 ﬁeri
968 763 1188 818 debeat.

216 862 292 920 86.
328 860 398 913 De
423 858 586 921 rebus,
624 854 810 928 quibus
834 871 1017 908 census
1041 854 1110 906 ad
1133 863 1334 925 partem
1354 854 1486 924 regis
1507 855 1649 909 exire
1669 853 1693 885 ⁸

161 953 340 1010 solebat.
379 949 445 1006 Ut
475 947 541 1002 de
566 948 744 1011 rebus,
793 945 933 1000 unde
968 959 1162 1000 census
1209 943 1276 998 ad
1301 953 1508 1014 partem
1551 947 1699 1018 regis

161 1044 282 1099 exire
294 1040 503 1102 solebat,
522 1038 568 1092 sl
591 1035 659 1090 ad
680 1035 917 1104 aliquam
937 1035 1220 1091 ecclesiam
1244 1035 1265 1067 ⁵
1288 1034 1520 1090 traditae
1544 1045 1690 1101 sunt,

163 1142 236 1188 aut
254 1129 524 1187 reddantur
540 1126 772 1195 propriis
792 1123 1100 1190 heredibus,
1124 1133 1215 1178 aut
1233 1124 1324 1193 qui
1347 1138 1442 1180 eas
1461 1125 1696 1180 retinue-

164 1227 218 1278 rit
236 1223 306 1275 rel
337 1221 356 1251 ‘
379 1219 521 1274 illum
546 1231 766 1272 censum
789 1215 1061 1284 persolvat

216 1314 290 1370 87.
323 1311 394 1365 De
411 1309 614 1381 placitis
653 1327 684 1361 a
717 1309 738 1339 τ
779 1307 949 1361 missis
969 1307 988 1337 "
1012 1305 1290 1360 dominicis
1303 1306 1576 1362 comitibus
1603 1324 1698 1362 no-

164 1416 251 1457 tum
283 1403 301 1434 ⁸
327 1398 594 1472 faciendis.
651 1399 721 1454 Ut
756 1397 1122 1466 unusquisque
1161 1397 1448 1452 missorum
1483 1406 1696 1454 nostro-

168 1509 260 1547 rum
285 1492 331 1558 in
354 1490 544 1560 placito
581 1505 680 1545 suo
708 1497 894 1542 notum
924 1487 1086 1543 faciat
1123 1488 1428 1552 comitibus,
1459 1489 1552 1557 qui
1579 1488 1601 1520 ⁹
1628 1489 1696 1544 ad

165 1583 258 1636 eius
279 1579 592 1635 missaticum
618 1579 922 1648 pertinent,
947 1585 1009 1631 ut
1034 1577 1089 1630 in
1117 1576 1222 1632 illis
1248 1578 1544 1644 mensibus,
1579 1579 1698 1648 qui-

168 1672 248 1726 bus
265 1669 343 1724 ille
381 1669 698 1739 legationem
734 1682 885 1722 suam
909 1681 1018 1722 non
1047 1666 1092 1697 ¹⁶
1111 1664 1240 1720 facit
1263 1667 1327 1733 “,
1377 1668 1698 1723 conveniant

1789 490 1887 544 stri
1919 491 2170 560 populum
2199 500 2444 546 nostrum
2475 492 2669 545 iterum
2702 490 2858 545 nobis
2884 489 3194 545 fidelitatem
3239 505 3362 560 pro.

1790 582 2005 636 mittere
2037 581 2239 636 faciant
2263 584 2556 638 secundum
2583 580 3026 638 consuetudinem
3050 581 3361 636 iamdudum

1790 672 2126 739 ordinatam,
2167 682 2222 728 et
2264 674 2368 743 ipsi
2401 674 2645 744 aperiant
2699 682 2754 730 et
2798 673 3220 743 interpretentur
3260 673 3366 728 illis

1789 764 2117 830 hominibus,
2155 765 2387 834 qualiter
2420 764 2593 834 ipsum
2613 771 3010 819 sacramentum
3047 770 3102 818 et
3136 762 3365 817 fidelita-

1793 865 1902 910 tem
1923 870 2048 926 erga
2070 870 2170 911 nos
2195 869 2416 910 servare
2448 853 2702 909 debeant.
2730 845 2745 858 ’

1863 947 1932 1004 89
1960 948 2023 1000 ³³.
2063 946 2142 1003 De
2177 947 2471 1001 homicidiis
2496 945 2541 978 “
2562 945 2705 1015 infra
2747 947 2973 1017 patriam
3008 943 3162 1014 factis
3189 943 3253 996 ⁸⁸.
3297 943 3368 999 Ut

1794 1037 2080 1092 homicidia
2110 1037 2152 1069 ι’
2176 1036 2314 1092 infra
2337 1037 2593 1106 patriam,
2638 1035 2786 1106 sicut
2814 1035 2930 1106 lege
2956 1035 3170 1090 Domini
3202 1034 3372 1090 inter-

1795 1129 1996 1184 dictum
2023 1136 2124 1194 est,
2151 1142 2251 1183 nec
2277 1143 2440 1185 causa
2462 1126 2684 1182 ultionis
2698 1142 2800 1182 nec
2819 1125 3078 1180 avaritiae
3092 1139 3190 1181 nec
3203 1125 3368 1180 latro-

1795 1221 2024 1278 cinando
2051 1223 2091 1253 "
2120 1221 2270 1276 ﬁant.
2299 1220 2368 1275 Et
2390 1220 2715 1290 ubicumque
2735 1219 2952 1275 inventa
2984 1216 3202 1282 fuerint,
3231 1233 3263 1270 a
3288 1216 3370 1270 iu-

1795 1312 2013 1367 dicibus.
2029 1312 2230 1366 nostris
2262 1310 2556 1367 secundum
2594 1309 2768 1379 legem
2804 1325 2870 1364 ex
2911 1309 2955 1340 ³⁸
2992 1315 3179 1363 nostro
3217 1321 3371 1361 man-

1797 1405 1922 1459 dato
1944 1402 2302 1456 vindicentur.
2330 1401 2398 1457 Et
2421 1416 2531 1459 non
2568 1399 2848 1456 occidatur
2892 1398 3074 1465 homo,
3125 1396 3231 1452 nisi
3256 1397 3373 1466 lege

1797 1492 2032 1546 iubente.

1867 1582 1956 1636 90.
1983 1581 2060 1636 De
2074 1581 2331 1635 mensuris
2354 1591 2402 1634 et
2423 1579 2760 1650 ponderibus.
2791 1576 2862 1633 Ut
2883 1574 3134 1645 aequales
3157 1589 3375 1628 mensu-

1800 1689 1891 1728 ras
1929 1679 1983 1726 et
2020 1681 2196 1729 rectas
2237 1679 2293 1725 et
2331 1670 2570 1743 pondera
2597 1669 2738 1724 iusta
2783 1676 2839 1722 et
2887 1665 3136 1736 aequalia
3187 1678 3376 1720 omnes

172 1761 281 1814 inter
301 1775 352 1814 se
382 1768 431 1811 ct
469 1755 774 1812 communia
802 1756 843 1786 ⁸⁸
879 1755 1076 1824 placita
1109 1753 1330 1824 faciant.
1359 1763 1471 1810 tam
1515 1755 1582 1810 ad
1619 1756 1696 1811 la-
1724 1739 1771 1801 Β
1799 1763 2050 1829 habeant,
2101 1763 2214 1818 sive
2236 1762 2291 1815 in
2318 1739 2646 1826 civitatibus,
2687 1760 2801 1815 sive
2833 1759 2888 1813 in
2935 1754 3279 1812 monasteriis
3310 1753 3374 1816 “,

173 1859 318 1901 trones
360 1843 770 1916 distringendos,
811 1857 970 1914 quam
1006 1845 1072 1899 ad
1114 1853 1322 1898 ceteras
1348 1843 1582 1900 iustitias
1616 1844 1693 1900 fa-

1805 1855 1905 1910 sivc
1925 1853 1968 1884 ’°
1985 1852 2052 1907 ad
2073 1851 2308 1906 dandum
2334 1851 2585 1916 invicem,
2614 1851 2727 1905 sive
2749 1850 2792 1880 ⁸¹
2809 1847 3208 1918 accipiendum,
3231 1845 3375 1900 sicut

173 1935 369 1992 cicadas.

1792 1946 1848 2000 in
1882 1943 1997 2014 lege
2021 1942 2233 1998 Domini
2259 1950 2604 2012 praeceptum
2632 1943 2676 1971 "
2708 1941 2971 1996 habemus
3004 1951 3050 1992 α.

1331 2087 1723 2148 VARIANTES
1758 2089 2159 2149 LECTIONES.

237 2205 247 2233 '
271 2202 553 2275 censusdlf.
583 2200 638 2254 3.
659 2199 729 2275 Β.
787 2200 825 2275 *⁸
849 2199 1062 2275 solebat
1090 2199 1254 2275 l'.‘B.
1328 2200 1350 2233 ⁸
1378 2209 1432 2275 e_t
1457 2217 1557 2275 nos
1581 2205 1891 2260 ordinamus
1917 2207 1971 2260 3.
2049 2206 2072 2236 ⁵
2110 2205 2326 2275 exigere
2351 2203 2425 2258 i‘.

1215 2285 1354 2340 quae
1382 2271 1448 2326 G.
1526 2274 1568 2305 ¹⁰
1599 2284 1780 2330 notam
1805 2277 1870 2330 B.
1943 2277 1985 2307 ¹¹
2017 2275 2180 2330 faciat
2204 2271 2278 2329 Γ.

178 2272 234 2325 1⁸.
257 2275 305 2327 5.
323 2272 380 2325 Β.
449 2273 468 2304 ’
489 2272 633 2326 deest
659 2272 713 2326 3.
784 2269 808 2302 ⁸
833 2278 1015 2324 notam
1041 2270 1093 2323 1.
1168 2270 1188 2300 ⁸

178 2342 265 2397 uita
284 2342 339 2395 Β.
423 2342 463 2374 ¹³
496 2357 648 2397 cam.
676 2340 766 2396 89.
810 2340 898 2394 90.
946 2340 1130 2394 desunt
1158 2339 1212 2394 in
1239 2339 1363 2394 edit.
1395 2341 1495 2395 Til.

175 2428 304 2480 quens
327 2420 449 2482 post.
475 2428 512 2466 ι.
536 2408 628 2465 69.
661 2408 1019 2482 ponuntBell.
1049 2409 1213 2482 Sang.
1245 2411 1294 2482 1.
1322 2410 1504 2482 Camb.
1535 2412 1666 2470 Met.

1599 2344 1642 2376 “
1683 2347 1991 2401 hominibus
2035 2362 2174 2399 corr.
2207 2343 2514 2400 homicidiis
2545 2344 2599 2400 5.

1761 2416 1805 2448 ³⁸
1829 2416 2134 2470 hominibus
2158 2417 2212 2470 5.

2503 2203 2524 2235 '
2547 2200 2748 2272 aliquid
2773 2200 3034 2256 ecclesiae
3048 2201 3116 2272 73.
3191 2199 3214 2230 ⁸
3241 2195 3380 2254 άεεδῑ

2381 2275 2422 2305 ⁸³
2453 2271 2810 2328 communiter
2835 2272 2902 2326 ad
2928 2272 3002 2340 pl.
3038 2271 3111 2324 I'.
3141 2285 3380 2324 commu-

2381 2343 2514 2394 :idiis
2545 2344 2599 2394 3.
2706 2343 2750 2374 ¹⁸
2771 2357 2818 2394 c.
2845 2341 2941 2394 hoc
2974 2352 3086 2394 post
3118 2356 3158 2394 ι.
3183 2339 3274 2392 64.
3299 2355 3382 2392 se-

2319 2357 2514 2399 ncmus
2545 2357 2599 2400 3.
2707 2357 2750 2374 -°
2771 2357 2818 2395 c.
2845 2357 2941 2394 uoc
3009 2357 3086 2394 ost
3118 2357 3158 2394 ι.
3183 2357 3274 2392 04.
3299 2357 3382 2392 se-

2319 2415 2359 2446 "
2394 2412 2748 2469 latrocinandi
2777 2411 2850 2465 1⁸.
2879 2412 2933 2465 5.
3115 2411 3160 2441 ¹⁸
3179 2425 3247 2464 ex
3273 2424 3386 2478 quu

178 2479 221 2533 υ.
248 2482 288 2536 1.
327 2479 378 2513 ’⁸⁸
407 2479 733 2538 monasterio
754 2480 804 2533 1.
844 2479 899 2533 4.
972 2479 1018 2511 ¹⁰
1034 2479 1241 2535 ευηΗ.
1275 2481 1327 2534 Γ
1349 2481 1490 2540 deest
1515 2482 1583 2540 B.
1657 2486 1703 2518 ²¹
1729 2500 1777 2541 s.
1805 2487 1874 2541 ad
1903 2501 1953 2539 a.
1984 2487 2038 2540 3.
2063 2484 2116 2562 6.
2139 2484 2207 2540 Ο.
2234 2484 2354 2539 Bal.
2431 2485 2476 2516 ²¹
2501 2492 2787 2555 praecepta
2815 2482 2866 2536 1.
2899 2481 2972 2534 1·.
3003 2479 3057 2533 4.
3085 2479 3153 2538 Β.

1641 2638 1872 2697 ΝΟΤΛΕ.

236 2778 258 2805 ι
287 2765 401 2820 Post
415 2766 538 2822 haec
565 2766 620 2821 6.
647 2766 737 2821 hic
759 2765 996 2838 adiungit
1029 2783 1078 2824 c.
1107 2767 1292 2834 22-24,
1324 2769 1504 2834 71-74,
1545 2784 1612 2825 ex
1638 2771 1700 2826 Ii-

179 2835 263 2888 bro
285 2844 452 2904 quarto
491 2838 656 2906 petita
703 2838 882 2906 ibique
925 2835 1120 2892 iterum
1145 2840 1338 2907 posita.
1369 2840 1470 2894 Til.
1497 2850 1552 2896 et
1586 2843 1700 2897 Bal.

183 2922 327 2976 unum
350 2917 488 2974 caput
509 2907 709 2962 addunt
733 2917 1002 2976 sumptum
1029 2922 1094 2961 ex
1115 2908 1245 2964 Cod.
1273 2910 1498 2975 Bellov.,
1522 2911 1611 2964 ubi
1640 2912 1704 2965 il-

188 2975 274 3045 lud
299 2976 480 3045 diverso
504 2985 821 3041 atramento,
855 2975 950 3032 sed
987 2976 1174 3032 eadem
1210 2995 1403 3045 manu,
1462 2981 1703 3036 additum

192 3043 378 3112 legitur.
397 3044 530 3119 Quod
553 3063 669 3119 cum
693 3048 1096 3119 reliquiomnes
1121 3043 1396 3119 omittam,
1414 3049 1503 3106 hic
1529 3052 1704 3119 posui-

190 3129 297 3194 mus
321 3128 345 3194 τ’
367 3134 382 3165 ι
492 3116 540 3170 b.
602 3116 674 3170 De
709 3115 846 3194 _pace
866 3118 937 3194 _in
969 3118 1112 3172 hoste
1156 3117 1230 3194 uel
1251 3119 1398 3194 _infra
1450 3115 1699 3190 pairiam.

185 3182 555 3259 Constituimus,
588 3194 644 3240 ut
679 3182 730 3241 si
762 3187 1017 3259 in_hoste
1051 3197 1144 3243 aut
1188 3182 1327 3242 infra
1352 3182 1572 3259 regnum
1607 3206 1706 3246 no-

183 3261 332 3307 strum
351 3254 551 3330 litigatio
572 3264 666 3310 aut
689 3257 1000 3330 scandalum
1030 3260 1170 3330 inter
1189 3254 1554 3330 quascumque
1580 3275 1706 3330 per-

181 3338 344 3397 sonas,
367 3327 598 3381 videlicet
652 3329 883 3382 maiores
915 3337 970 3382 et
1018 3327 1275 3393 minores,
1315 3327 1493 3384 ortum
1519 3327 1702 3397 fuerit,

181 3393 308 3470 quod
322 3392 630 3470 frequenter,
659 3398 945 3470 insidiante
965 3399 1195 3470 diabolo,
1213 3392 1528 3470 centingere
1545 3392 1704 3467 solet,

181 3472 228 3516 ut
249 3463 309 3518 ibi
335 3463 499 3521 ﬁdeles
520 3475 741 3522 sanctae
770 3469 862 3521 Dei
891 3469 1152 3523 ecclesiae
1196 3477 1251 3522 et
1279 3463 1451 3524 nostri
1481 3472 1548 3526 ob
1573 3463 1708 3525 resi¥

181 3535 390 3589 utendam
415 3537 704 3607 impietatis
742 3539 1002 3594 malitiam
1035 3539 1229 3594 armati
1271 3540 1506 3607 veniant,
1539 3540 1593 3596 id
1625 3547 1710 3596 est

1802 2776 1895 2846 qui
1918 2784 2096 2846 potest
2116 2769 2343 2842 habere,
2361 2792 2482 2832 cum
2504 2775 2667 2830 lorica
2686 2784 2741 2830 et
2763 2784 2937 2839 scuto,
2964 2773 3200 2842 ancipite
3223 2780 3386 2840 atque

1803 2844 1964 2900 fuste.
2010 2847 2077 2899 Et
2112 2847 2156 2900 si
2188 2847 2382 2915 aliquis
2412 2846 2681 2915 quaelibet
2711 2860 2939 2914 persona
2977 2845 3233 2915 adversus
3257 2859 3380 2897 eum

1805 2863 1964 2900 tuSte.
2010 2863 2077 2899 ut
2112 2863 2156 2900 sn
2188 2863 2382 2915 anquis
2450 2863 2681 2899 uaennet
2711 2863 2939 2914 persona
2977 2863 3233 2898 adversus
3257 2863 3380 2897 eum

1805 2916 2100 2984 quamlibet
2123 2917 2397 2985 querelam
2412 2863 2632 2970 ‘Iiabere
2657 2917 2905 2979 voluerit,
2942 2915 3100 2985 liceat
3121 2914 3168 2967 ei
3199 2929 3384 2985 secun-

1805 2989 1930 3040 dum
1959 2985 2090 3056 legis
2119 2984 2362 3041 Ordinem
2393 3003 2516 3041 cum
2545 2993 2883 3042 sacramento
2920 2984 3061 3054 quod
3086 2984 3381 3052 posuimus,

1731 3087 1777 3150 ο
1807 3055 2207 3150 mangpropria
2237 3057 2445 3138 singula
2470 3069 2528 3110 se
2555 3055 3031 3150 idpneutn‘facere,
3067 3063 3125 3150 ut
3163 3061 3387 3134 propter

1810 3124 2384 3196 quodlibet—negotium
2435 3134 2530 3180 aut
2562 3126 2743 3180 odium
2792 3126 2864 3179 ibi
2919 3141 3023 3179 non
3061 3124 3382 3196 advenisset,

1811 3193 1912 3266 nisi
1938 3197 2006 3250 ob
2033 3193 2376 3252 concordiam
2403 3205 2456 3251 et
2477 3210 2664 3266 pacem
2692 3196 2964 3266 ferendam
2991 3202 3046 3247 et
3072 3194 3242 3266 ipsam
3273 3193 3386 3266 liti-

1811 3265 2078 3336 gationem
2105 3261 2570 3336 mitigandam-Et
2593 3265 2640 3320 si
2659 3265 2914 3334 quislibet
2940 3261 3181 3318 renuerit
3199 3261 3386 3316 venire

1813 3347 1866 3391 et
1889 3339 2231 3406 semetipsum
2252 3336 2499 3391 idoneum
2515 3336 2692 3390 facere
2710 3336 3028 3404 nequiverit,
3055 3350 3176 3388 cum
3198 3346 3386 3400 supra—

1814 3406 1962 3460 dicto
1985 3407 2089 3460 iam
2119 3417 2457 3462 sacramento
2479 3408 2714 3461 bannum
2746 3415 2988 3460 nostrum
3014 3410 3300 3473 componat
3334 3411 3389 3456 et

1816 3477 1880 3530 ad
1903 3487 2110 3546 partem
2150 3486 2388 3533 tiostram
2415 3477 2706 3547 persolvat.
2731 3496 2748 3528 ι

792 3761 1080 3824 INCIPIT
1133 3763 1430 3837 QUARTI
1468 3773 1485 3804 ⁸
1517 3766 2231 3833 PRAEFATIUNCULA
2291 3771 2730 3834 LIBELLULI.

233 3989 348 4056 Quia
379 4009 535 4064 supra
567 3995 628 4050 in
673 3995 882 4051 duobus
921 3997 1288 4053 ecclesiastica
1326 4014 1445 4069 quae
1491 3995 1718 4068 praefati

179 4081 411 4153 principes
446 4087 678 4141 domnus
720 4087 1014 4158 imperator
1062 4088 1291 4145 Iiarolus
1337 4097 1394 4144 et
1440 4088 1719 4160 piissimus

180 4169 482 4232 llludowicus
508 4185 774 4247 angustus
804 4195 1013 4235 necnon
1063 4190 1116 4235 et
1140 4181 1451 4236 Illotbarius
1484 4182 1504 4212 ’
1532 4196 1720 4236 caesar

179 4260 294 4318 ﬁlius
324 4265 484 4335 ipsius
510 4269 531 4300 ³
558 4267 847 4324 ediderunt
872 4271 1103 4340 capitula
1131 4271 1394 4342 descripsi
1419 4271 1630 4336 libellis,
1665 4270 1718 4324 in

179 4353 310 4410 tertio
349 4371 473 4413 vero
509 4357 582 4413 ad
619 4359 944 4414 mundanam
989 4361 1314 4430 pertinentia
1355 4360 1545 4431 legem,
1582 4374 1721 4429 quae

1821 3995 2051 4051 domnus
2071 3995 2093 4025 ⁸
2118 3994 2348 4050 Karolus
2371 3996 2392 4026 '
2417 3995 2709 4065 imperator
2757 3993 2901 4058 fecit,
2939 3991 3204 4060 congessi,
3251 4007 3408 4045 nunc-

1821 4085 1928 4140 iam
1953 4085 2009 4139 in
2041 4094 2232 4154 quarto
2258 4085 2348 4140 illa
2386 4087 2453 4140 ad
2484 4085 2786 4139 mundanae
2828 4084 2848 4114 ⁸
2889 4090 3234 4154 augmentum
3263 4082 3408 4151 legis

1821 4176 2148 4246 pertinentia
2174 4191 2313 4244 quae
2326 4175 2791 4246 praeclarissimas
2809 4173 3040 4227 domnus
3069 4170 3395 4240 Hludovicus

1823 4275 2082 4337 angustus
2116 4275 2170 4322 et
2197 4267 2508 4323 Hlotharius
2529 4281 2715 4322 caesar
2737 4264 2982 4320 fecerunt
3005 4264 3026 4294 '
3047 4261 3284 4334 capitula
3305 4260 3397 4315 ad-

1823 4357 1983 4413 unavi
2009 4358 2268 4414 libellulo.

1358 4488 1745 4547 VARIANTES
1783 4487 2182 4546 LECTIONES.

237 4595 249 4625 '
272 4595 547 4674 QUARTA
573 4601 652 4656 1’.
706 4673 709 4674 ν
750 4603 772 4634 ί
795 4602 1094 4674 glotharius
1117 4613 1293 4674 postea
1315 4603 1519 4658 chloth.
1548 4603 1618 4656 l'.

1698 4603 1718 4634 ³
1748 4617 2024 4658 necnon...
2051 4603 2220 4672 ipsius
2258 4605 2442 4659 desunt
2472 4604 2535 4658 B.
2566 4603 2630 4660 ϐ.
2658 4604 2778 4660 Bal.
2857 4603 2877 4636 ⁸
2903 4605 3197 4660 domnus...

175 4664 472 4726 clarissimus
498 4673 687 4727 desunt
703 4673 756 4729 3.
797 4664 856 4704 ν’
884 4664 1190 4729 Κατυιιιέἓ.
1267 4673 1288 4704 ⁸
1318 4673 1645 4730 mundanum
1677 4672 1742 4726 B.
1816 4673 1836 4704 '
1869 4687 1920 4726 a.
1961 4664 2090 4729 fecii
2117 4673 2341 4746 (reliqua
2369 4676 2578 4746 desunt)
2607 4675 2672 4730 Β.
2707 4674 2772 4731 G.
2797 4674 2918 4730 Bal.

3246 4615 3400 4672 prae-

1399 4803 1743 4861 INCIPIUNT
1783 4803 1981 4860 CAPIT
1991 4805 2145 4862 ULA.

227 4909 264 4978 1.
287 4907 358 4978 De
379 4897 536 4978 servis
558 4928 648 4978 per
667 4919 1005 4966 contumatiam
1029 4917 1170 4968 alicui
1193 4920 1288 4966 vim
1315 4919 1654 4968 inferentibus.

227 4969 266 5040 2.
287 4971 358 5040 De
381 4977 532 5024 rebus
557 4969 639 5040 Gel
659 4980 906 5040 mancipiis
929 4993 952 5024 a
980 4981 1091 5028 fisco
1112 4981 1266 5039 regali
1288 4980 1552 5039 occupatis.

174 5032 542 5151 εἱξῦιξὶῖιξεηίε
563 5038 644 5087 vel
668 5032 1011 5090 ecclesiasticis
1041 5045 1088 5089 in
1111 5032 1275 5090 iiscum
1307 5032 1526 5104 regalem
1557 5040 1722 5090 confu-

228 5153 269 5199 ιο
293 5155 363 5205 De
385 5161 535 5208 vassis
557 5160 809 5211 dominicis
832 5161 891 5211 ad
914 5174 1122 5212 marcam
1150 5163 1516 5214 custodiendam
1547 5163 1728 5212 consti-

178 5215 294 5262 tutis.

227 5275 270 5346 ζξ.
296 5276 365 5346 De
385 5281 646 5346 comitibus
663 5282 722 5330 ad
743 5282 1007 5332 custodiam
1031 5284 1318 5333 maritimum
1341 5285 1602 5345 deputatis.

227 5337 270 5408 εξ.
297 5337 366 5408 ρο
390 5340 495 5408 bis,
510 5345 591 5401 qui
614 5351 812 5408 propter
834 5346 1072 5394 incestum
1094 5337 1421 5408 resproprlas'
1447 5349 1728 5408 amiserunt.

207 5398 271 5463 ,7.
297 5398 367 5448 De
391 5398 799 5453 coniurationibus
818 5418 1066 5454 servorum
1102 5409 1152 5457 in
1175 5398 1396 5457 Fiatidris
1419 5414 1472 5459 et
1494 5408 1543 5455 in
1567 5407 1722 5456 IIem-

177 5466 296 5513 ptsco
318 5469 369 5508 et
392 5463 442 5509 in
467 5468 679 5514 caeteris
701 5467 954 5516 maritimis
977 5468 1110 5515 locis.

227 5517 270 5564 8.
293 5517 365 5570 De
387 5522 463 5571 his
481 5527 567 5586 qui
591 5528 642 5577 in
659 5528 804 5580 litore
826 5531 976 5579 maris
994 5527 1147 5579 salem
1171 5527 1365 5580 faciunt.

1753 4923 1801 4982 ι)
1887 4918 1944 4982 9.
1964 4916 2038 4964 De
2064 4920 2298 4968 uxoribus
2319 4919 2685 4981 defunctorum,
2719 4932 2862 4980 quam
2895 4921 3080 4982 partem
3118 4916 3402 4965 conlabora-

1829 4981 1976 5043 tinnis
1994 4989 2105 5043 post
2125 4982 2306 5029 obitum
2335 4985 2616 5029 maritorum
2641 4985 2868 5043 accipere
2887 4981 3091 5043 debent.

1895 4992 1976 5025 ms
1991 4992 2105 5086 Best
2125 4992 2306 5029 omtnm
2335 4992 2616 5029 maritorum
2641 4995 2868 5043 occupare
2887 4992 3015 5029 uene

1895 5041 1968 5103 it).
2013 5056 2064 5103 pe
2090 5044 2354 5101 aggeribus
2376 5046 2506 5092 iusta
2534 5043 2744 5103 Ligerim
2769 5040 3015 5091 faciendis.

1894 5099 1968 5207 ii”.
2012 5099 2084 5150 I)e
2124 5099 2390 5154 duodrcim
2436 5099 2660 5165 pontibus
2702 5115 2851 5166 super
2897 5103 3170 5164 Sequanam
3211 5106 3402 5149 restau-

1894 5177 1925 5207 Dt
1967 5177 2007 5207 ς.

1829 5174 2007 5212 ηωις.

1897 5223 1969 5286 12.
1995 5223 2068 5286 De
2093 5225 2318 5286 omnibus
2341 5226 2562 5286 pontibus
2584 5224 2818 5275 faciendis

1897 5285 1970 5333 15.
1999 5285 2072 5333 De
2096 5285 2277 5334 honore
2303 5285 2640 5334 ecclesiarum.

1900 5345 1973 5409 ῌ.
2001 5348 2082 5409 De
2098 5348 2283 5394 iniuriis
2303 5350 2612 5397 sacerdotum
2632 5345 2709 5396 vel
2744 5345 3079 5409 quorumlibet
3112 5357 3176 5397 ex
3201 5342 3337 5395 clero
3360 5346 3407 5392 in

1834 5407 2044 5456 ecclesia
2069 5408 2206 5457 factis
2231 5411 2253 5435 "
2265 5442 2278 5456 .

1899 5470 1971 5516 15.
1999 5468 2072 5531 De
2093 5471 2263 5529 viduis,
2289 5468 2480 5528 pupillis
2501 5477 2552 5519 et
2565 5468 2883 5531 pauperibus.

1899 5531 1974 5580 16.
1995 5529 2069 5579 De
2092 5536 2234 5592 raptu
2263 5532 2524 5580 viduarum.

1737 5631 1966 5692 ΝΟΤᾸΞ.

237 5717 260 5745 ⁸
289 5706 382 5766 Hic
409 5709 464 5768 in
499 5713 782 5775 Codicibus
831 5719 1034 5786 Bamb,
1085 5719 1248 5788 Pith.,
1286 5721 1480 5790 Paris,
1512 5721 1721 5791 Norm.,
1763 5725 2022 5781 inseritur
2053 5741 2065 5780 :
2108 5725 2183 5780 De
2215 5726 2470 5783 solutione
2501 5729 2658 5784 occisi
2689 5731 2983 5800 presbyteri.
