3992 6344
171 302 286 360 569

775 302 1003 357 CODEX
1044 299 1561 358 DIPLOMATICUS.
1587 300 1998 357 —-CAP|TUL.
2037 300 2126 354 ΑΒ
2164 299 2503 356 ANSEGISO
2540 296 2927 355 COLLECTA.

3364 298 3477 351 570

169 415 380 487 gerint,
411 422 469 468 et
505 427 534 467 a
555 412 790 467 dominis
833 414 848 444 ⁸
878 413 964 466 vel
993 413 1268 467 advocatis
1317 426 1505 466 eorum
1547 412 1762 481 repetiti
1801 420 1844 474 Α
1876 412 2148 476 audiatur,
2175 419 2234 466 ut
2266 420 2398 466 tunc
2417 413 2717 468 secundum
2741 411 3073 480 aequitatem
3101 411 3243 465 inter
3267 425 3359 466 eos
3384 413 3470 467 de-

169 506 408 570 fuerint,
455 505 501 560 si
545 513 699 560 actor
735 505 760 534 ³
789 503 908 558 ﬁsci
933 503 1111 558 nostri
1139 502 1483 568 intellexerit,
1513 502 1655 572 quod
1680 518 1773 558 eos

169 599 322 653 iuste
380 613 490 653 non
519 597 694 666 possit
733 604 917 650 tenere
955 595 1024 652 ad
1053 603 1300 649 nostrum
1329 595 1650 658 dominium,
1703 595 1775 648 ei-

170 690 287 744 ciat
313 688 340 720 ³
363 687 488 743 illos
543 688 609 742 de
661 685 850 740 eodem
898 685 1048 751 ﬁsco,
1075 693 1130 738 et
1156 684 1422 754 recipiant
1447 699 1541 740 eos
1570 684 1776 740 domini

167 795 392 834 eorum.
416 779 486 832 Et
510 778 556 831 si
580 775 756 833 eidem
801 777 970 831 actori
1000 775 1023 806 ³
1058 775 1233 830 visum
1265 775 1286 806 '
1323 773 1506 841 fuerit,
1535 775 1680 844 quod
1705 774 1775 830 ad

167 879 434 928 nostrum
459 870 690 925 debeant
715 870 992 944 pertinere
1027 869 1048 899 ⁶
1078 867 1397 932 dominium,
1423 867 1660 937 expellat
1679 883 1774 922 eos

168 964 239 1019 de
278 963 479 1019 eodem
514 963 676 1028 ﬁsco,
736 971 791 1017 et
839 970 1128 1030 postquam
1162 961 1230 1016 ab
1269 959 1475 1014 eisdem
1515 959 1774 1031 repetito-

170 1056 331 1111 ribus
374 1053 578 1110 fuerint
608 1052 840 1124 recepti,
881 1053 1077 1106 habeat
1103 1066 1230 1106 cum
1257 1051 1336 1106 eis
1363 1051 1659 1121 legitimam
1686 1067 1776 1106 ac-

172 1151 418 1215 tionem;
449 1158 504 1203 et
526 1149 606 1204 sic
634 1163 748 1213 eos,
780 1147 827 1202 si
857 1146 1055 1216 poterit
1079 1146 1121 1209 ⁷,
1149 1146 1215 1202 ad
1241 1154 1485 1201 nostram
1507 1144 1776 1202 evindicet

171 1255 606 1312 possessmnem.

241 1333 299 1388 4.
335 1334 421 1387 De
449 1333 612 1388 vassis
637 1330 912 1384 dominicis
965 1329 1036 1384 ad
1077 1345 1313 1384 marcum
1367 1327 1767 1383 custodiendam

172 1423 503 1477 constitutis.
529 1421 606 1474 De
627 1419 800 1474 vassis
818 1419 1035 1482 nostris,
1064 1417 1154 1487 qui
1174 1417 1239 1471 ad
1262 1431 1504 1471 marcam
1530 1422 1766 1472 nostram

175 1515 478 1570 constituti
504 1521 630 1567 sunt
654 1511 1092 1576 custodiendam,
1127 1510 1300 1564 autin
1347 1507 1659 1579 longinquis
1695 1521 1778 1564 rc-

171 1607 434 1680 gionibus
455 1621 551 1661 sua
575 1605 773 1660 habent
796 1604 822 1635 ⁸
840 1604 1101 1659 beneﬁcia
1125 1603 1210 1658 vel
1238 1602 1260 1632 '
1283 1618 1371 1658 res
1395 1602 1666 1674 proprias,
1689 1599 1776 1654 vel

171 1704 342 1759 etiam
391 1700 548 1755 nobis
585 1698 798 1754 assidue
820 1699 875 1753 in
911 1699 952 1730 '°
975 1698 1178 1770 palatio
1208 1705 1397 1752 nostro
1426 1696 1687 1761 serviunt,
1718 1703 1775 1749 et

1876 503 2034 559 ﬁnire
2054 503 2102 535 “
2139 504 2435 561 valeamus.

1947 595 2006 650 9.
2042 594 2120 648 De
2161 596 2824 668 uxoribusdelunctorum,
2853 613 3012 669 quam
3056 595 3322 666 partem"
3348 611 3478 651 con-

1875 685 2218 742 laborationis
2255 697 2368 758 post
2396 689 2593 743 obitum
2621 691 2931 744 maritorum
2957 689 3192 758 accipere
3226 688 3470 742 debeant.

1877 777 2158 844 Volumus,
2188 789 2248 834 ut
2279 795 2478 836 uxores
2503 767 2878 837 defunctorum
2908 791 3031 851 post
3066 781 3278 836 obitum
3307 783 3473 836 mari-

1878 878 2056 926 torum
2090 873 2307 927 tertiam
2326 883 2538 943 partem
2567 875 3044 939 conlaborationis,
3089 890 3256 945 quam
3309 874 3480 936 simul

1879 967 1934 1022 iu
1956 967 2226 1023 beneﬁcio
2269 967 2781 1032 eonlaboraverunt,
2834 968 3122 1037 accipiant.
3158 967 3226 1021 Et
3275 966 3343 1020 de
3386 967 3477 1021 his

1877 1059 2059 1125 rebus,
2108 1074 2244 1129 quas
2269 1059 2316 1114 is
2341 1060 2434 1129 qui
2462 1058 2596 1116 illud
2626 1059 2946 1115 beneﬁcium
2994 1059 3202 1123 habuit,
3252 1057 3472 1113 aliunde

1878 1150 2104 1206 adduxit
2129 1151 2214 1206 vel
2237 1151 2579 1220 conparavit,
2610 1151 2695 1205 vel
2719 1151 2769 1206 ei
2804 1152 2870 1206 ab
2901 1151 3092 1206 amicis
3128 1151 3244 1206 suis
3287 1150 3471 1206 conla-

1876 1251 1994 1299 tum
2015 1252 2114 1308 cst,
2140 1244 2239 1298 has
2261 1243 2509 1297 volumus
2534 1252 2644 1298 tam
2670 1243 2740 1297 ad
2768 1243 3041 1312 orphanos
3063 1241 3475 1304 defunctorum,

1877 1350 2039 1405 quam
2063 1335 2129 1389 ad
2152 1349 2350 1389 uxores
2368 1349 2557 1388 eorum
2580 1333 2884 1403 pervenire.

1949 1427 2038 1481 10.
2080 1427 2156 1481 De
2183 1427 2457 1498 aggeribus
2485 1427 2636 1480 iuxta
2661 1426 2890 1498 Ligerim
2913 1426 3192 1496 faciendis.
3218 1426 3293 1480 De
3315 1441 3479 1496 agge—

1878 1518 2030 1573 ribus
2050 1519 2200 1573 iuxta
2228 1518 2465 1588 Ligerim
2483 1517 2766 1582 faciendis,
2795 1525 2854 1572 ut
2879 1517 3057 1573 bonus
3073 1518 3273 1573 missus
3299 1517 3476 1572 eidem

1877 1609 2025 1678 operi
2053 1618 2434 1678 praeponatur,
2454 1616 2508 1662 et
2523 1607 2566 1638 ³⁸
2587 1607 2688 1663 hoc
2708 1607 2936 1678 Pippino
2965 1623 3062 1677 per
3081 1617 3326 1663 nostrum
3345 1609 3469 1663 mis-

1879 1716 2000 1756 sum
2016 1700 2320 1767 mandetur,
2345 1709 2406 1754 ut
2430 1708 2485 1754 et
2513 1700 2603 1754 ille
2624 1700 2691 1755 ad
2713 1701 2817 1756 hoc
2840 1701 3068 1756 missum
3091 1698 3325 1765 ordinet,
3349 1715 3479 1768 qua-

174 1795 296 1849 ideo
317 1809 431 1848 non
448 1799 676 1862 possunt
698 1789 914 1845 assidua
933 1789 1206 1844 custodire
1226 1787 1423 1858 placita
1440 1801 1455 1840 :
1471 1803 1633 1857 quam
1657 1801 1770 1840 rem
1797 1771 1853 1831 θ
1877 1803 2034 1850 genus
2061 1795 2397 1867 praedictum
2426 1809 2562 1863 opus
2585 1793 2922 1862 perﬁciatur,

174 1885 432 1939 volumus
457 1891 516 1936 ut
544 1882 694 1936 missi
734 1881 904 1936 nostri
939 1879 1025 1936 vel
1046 1896 1227 1936 comes
1253 1879 1294 1911 “
1322 1879 1479 1935 nobis
1507 1887 1704 1934 notam
1725 1880 1768 1909 ¹¹

173 1977 404 2040 faciant,
428 1984 484 2030 et
501 1991 598 2030 nos
619 1973 901 2041 faciemus,
917 1982 978 2028 ut
1005 1973 1072 2028 ad
1094 1988 1280 2027 eorum
1303 1973 1502 2042 placita
1525 1971 1773 2026 veniant.

239 2071 296 2125 5.
340 2069 423 2124 De
446 2068 720 2122 comitibus
741 2067 810 2121 ad
833 2067 1122 2121 custodiam
1140 2067 1461 2120 maritimam
1484 2065 1775 2136 deputatis.

174 2164 445 2220 Volumus
469 2161 532 2226 ³³,
561 2169 619 2214 ιιι
643 2161 869 2216 comites
891 2159 982 2229 qui
1012 2159 1080 2214 ad
1112 2153 1412 2214 custodiam
1439 2157 1774 2213 maritimam

173 2254 426 2324 deputati
462 2260 627 2317 sunt,
660 2252 988 2322 quicumque
1012 2264 1078 2305 ex
1105 2250 1186 2306 eis
1215 2250 1270 2305 in
1314 2265 1414 2305 suo
1464 2249 1770 2304 ministerio

176 2337 398 2412 residet,
430 2347 498 2401 de
530 2346 745 2402 iustitia
766 2345 1012 2402 facienda
1056 2359 1114 2400 se
1148 2360 1256 2400 non
1288 2351 1512 2399 excuset
1547 2351 1770 2414 propter

176 2444 325 2498 illam
350 2441 686 2506 custodiam;
707 2439 800 2494 sed
822 2439 868 2494 si
892 2439 966 2494 ibi
990 2438 1033 2470 “
1054 2453 1238 2496 secum
1265 2453 1391 2494 suos
1418 2437 1700 2492 scabineos
1725 2435 1769 2466 ”

176 2537 433 2594 habuerit
476 2533 539 2602 ³⁸,
566 2533 641 2588 ibi
679 2532 938 2602 placitum
973 2540 1155 2588 teneat
1191 2540 1249 2588 et
1289 2531 1551 2586 iustitiam
1579 2529 1765 2586 faciat.

251 2627 305 2681 6.
340 2626 419 2680 De
452 2627 535 2679 his
571 2625 662 2696 qui
683 2634 894 2695 propter
926 2623 1181 2678 incestum
1209 2641 1289 2678 res
1318 2624 1558 2694 proprias
1585 2625 1771 2677 amise-

181 2729 323 2774 runt.
355 2720 430 2773 De
473 2719 561 2773 bis
602 2717 694 2787 qui
726 2730 785 2771 se
829 2715 1016 2770 dicunt
1048 2725 1267 2786 propter
1313 2717 1577 2771 incestum
1613 2716 1652 2747 ¹⁷
1683 2731 1771 2770 res

178 2810 429 2884 proprias
451 2807 717 2872 amisisse,
757 2806 1112 2862 constitutum
1141 2815 1244 2872 est,
1270 2815 1331 2860 ut
1361 2807 1407 2862 si
1431 2817 1556 2862 ante
1581 2809 1768 2877 proxi-

183 2917 338 2954 mum
397 2898 866 2970 quinquennium,
929 2898 1148 2968 quando
1195 2898 1455 2968 placitum
1524 2910 1769 2954 nostrum

185 2990 481 3045 habuimus
517 2992 573 3045 in
596 2989 925 3060 Compendio
955 2990 1021 3056 ¹⁸,
1067 2991 1283 3046 easdem
1327 3006 1415 3046 res
1448 2975 1768 3058 amiserunt,

195 3100 307 3142 non
332 3086 414 3139 eis
439 3085 813 3144 restituantur.

267 3173 316 3228 7.
358 3174 440 3228 De
465 3175 906 3229 coniurationibus
930 3191 1197 3230 servorum
1234 3175 1290 3232 in
1326 3173 1578 3232 Flandris
1617 3185 1666 3231 et
1713 3177 1778 3231 in

183 3261 476 3335 Mempisco
495 3265 596 3318 "et
619 3264 672 3318 in
699 3265 883 3319 ceteris
904 3250 1328 3320 maritimis-locis
1345 3266 1410 3318 ²⁰.
1428 3266 1504 3322 De
1523 3266 1773 3323 coniura-

181 3355 425 3414 tionibus
453 3371 753 3420 servorum,
780 3371 919 3426 quae
945 3356 1080 3412 ﬁunt
1105 3357 1159 3411 in
1186 3355 1437 3413 Flandris
1465 3366 1520 3412 et
1541 3359 1595 3413 in
1625 3357 1773 3416 Men-

178 3450 334 3520 pisco
365 3450 410 3480 ³¹
444 3459 501 3504 et
545 3449 599 3504 in
630 3449 862 3506 caeteris
891 3450 1182 3507 maritimis
1217 3449 1378 3515 locis,
1432 3451 1682 3507 volumus
1712 3460 1774 3506 ut

178 3551 278 3610 per
298 3541 499 3596 missos
533 3547 750 3598 nostros
776 3539 1043 3598 indicetur
1065 3541 1298 3600 dominis
1335 3558 1622 3599 servorum
1658 3545 1774 3600 illo-

179 3649 321 3698 tum,
348 3641 412 3686 ut
450 3632 832 3704 constringant
855 3648 968 3696 eos,
1003 3648 1073 3688 ne
1111 3633 1254 3692 ultra
1283 3634 1419 3690 tales
1443 3637 1786 3693 coniuratio—

177 3739 276 3781 nes
307 3723 493 3778 facere
520 3731 890 3794 praesumant.
948 3724 1019 3778 Et
1055 3733 1115 3779 ut
1141 3725 1316 3780 sciant
1343 3727 1444 3796 ipsi
1479 3730 1774 3784 eorundem

178 3829 472 3871 servorum
498 3816 724 3882 domini,
755 3816 899 3886 quod
925 3816 1315 3886 cuiuscumque
1343 3820 1486 3874 servi
1527 3821 1778 3878 huiusce-
1813 3851 1818 3856 -

179 3906 325 3961 ωοΗί
353 3906 785 3962 coniurationem
812 3905 990 3962 facere
1007 3909 1464 3979 praesumpserint
1490 3919 1774 3981 postquam

177 4001 256 4063 eis
283 4000 429 4055 haec
451 4007 640 4055 nostra
663 3999 840 4055 iussio
863 3998 1028 4057 fuerit
1075 4001 1334 4066 indicata,
1387 4003 1628 4057 bannum
1673 4021 1776 4060 no-

177 4104 386 4159 strum,
417 4094 472 4148 id
495 4101 578 4148 est
603 4093 885 4162 sexaginta
915 4093 1136 4161 solidos,
1167 4095 1280 4164 ipse
1303 4095 1552 4150 dominus
1577 4097 1779 4166 persol-

176 4200 306 4240 vere
332 4185 554 4240 debeat.

245 4281 305 4337 8.
341 4277 423 4331 De
449 4278 530 4332 Itis
553 4278 644 4349 qui
665 4277 721 4332 in
738 4276 888 4332 litore
911 4281 1074 4333 maris
1095 4280 1258 4335 salem
1285 4281 1510 4352 faciunt.
1537 4283 1614 4338 De
1631 4291 1788 4339 terra-

177 4372 231 4426 in
252 4371 425 4426 litore
447 4371 632 4436 maris,
657 4371 750 4425 ubi
770 4369 939 4424 salem
951 4371 994 4401 ³³
1011 4369 1236 4438 faciunt,
1259 4372 1508 4448 volumus
1531 4382 1590 4428 ut
1609 4374 1777 4445 aliqui

1944 1888 2030 1942 11.
2059 1887 2137 1942 De
2178 1887 2450 1941 duodecim
2488 1887 2730 1957 pontibus
2755 1903 2912 1957 super
2941 1884 3243 1956 Sequanam
3275 1893 3480 1938 restau-

1871 1980 2072 2034 randis.
2117 1981 2193 2035 De
2224 1979 2506 2035 duodecim
2548 1979 2803 2049 pontibus
2845 1992 3007 2046 super
3055 1975 3360 2046 Sequanam
3405 1977 3473 2037 ³⁷,

1870 2071 2118 2126 volumus
2167 2079 2226 2126 ut
2276 2071 2332 2126 lii
2379 2084 2641 2141 pagenses
2667 2070 2758 2139 qui
2803 2084 2896 2125 eos
2945 2068 3122 2124 facere
3171 2069 3392 2133 debent,
3444 2085 3476 2122 a

1869 2163 2054 2220 missis
2078 2162 2281 2216 nostris
2309 2162 2720 2226 admoneantur,
2750 2169 2810 2215 ut
2841 2176 2934 2216 eos
2979 2159 3232 2214 celeriter
3261 2167 3476 2214 restau-

1869 2265 2020 2321 rent,
2036 2265 2090 2311 et
2113 2264 2171 2310 ut
2196 2270 2386 2311 eorum
2408 2269 2579 2309 vanae
2609 2254 2940 2309 contentioni
2969 2270 3077 2308 non
3108 2252 3480 2316 consentiant,

1855 2346 2084 2416 quando
2110 2346 2296 2401 dicunt
2318 2361 2378 2401 se
2407 2361 2514 2400 non
2544 2345 2717 2420 aliubi
2738 2345 2784 2376 ³³
2815 2345 3034 2420 eosdem
3073 2353 3263 2415 pontes
3292 2342 3477 2399 facere

1868 2439 2087 2502 debere,
2133 2437 2238 2492 nisi
2284 2437 2376 2492 ubi
2408 2437 2452 2469 ’θ
2487 2419 2786 2506 antiquitus
2833 2419 3078 2501 sici-ain;
3125 2435 3219 2492 sed
3261 2435 3337 2490 ibi
3379 2435 3472 2488 ubi

1870 2549 2014 2589 nunc
2033 2539 2260 2588 necesse
2283 2539 2387 2597 est,
2414 2532 2634 2586 eosdem
2664 2537 2856 2600 pontes
2891 2529 3071 2584 facere
3092 2531 3380 2584 iubeantur
3402 2527 3474 2578 ³ο.

1942 2627 2029 2682 12.
2085 2626 2162 2680 De
2205 2625 2444 2680 omnibus
2475 2623 2718 2694 pontibus
2767 2622 3044 2693 faciendis.
3099 2623 3176 2676 De
3222 2620 3483 2676 omnibus

1869 2718 2136 2788 pontibus
2152 2733 2251 2787 per
2272 2731 2497 2785 regnum
2524 2723 2772 2770 nostrum
2795 2713 3077 2778 laeiendis,
3104 2714 3158 2767 in
3189 2727 3488 2768 commune

1870 2810 2022 2863 missi
2053 2808 2225 2862 nostri
2247 2808 2594 2872 admoneant,
2638 2815 2700 2861 ut
2727 2805 2796 2862 ab
2824 2805 2956 2876 ipsis
3003 2813 3381 2860 restaureutur
3429 2803 3480 2833 ³³·

1871 2904 1961 2973 (ιυὶ
1993 2919 2085 2957 eos
2109 2901 2288 2957 facere
2316 2901 2582 2956 solebant.

1945 2996 2031 3050 15.
2063 2995 2140 3048 De
2171 2995 2368 3048 honore
2410 2993 2767 3048 ecclesiarum.
2820 2992 2877 3047 Si
2935 2993 3057 3061 quis
3103 3001 3196 3046 aut
3245 3009 3309 3046 ex
3369 2991 3477 3045 levi

1872 3104 2036 3144 causa
2067 3087 2299 3141 autsine
2321 3102 2486 3141 causa
2523 3086 2794 3141 hominem
2841 3086 2897 3140 in
2935 3086 3162 3141 ecclesia
3190 3084 3484 3140 interfece-

1873 3181 1962 3243 rit,
1979 3180 2046 3233 de
2071 3178 2181 3232 vita
2204 3178 2248 3208 ³³
2272 3183 2570 3246 conponat.
2589 3175 2645 3230 Si
2673 3191 2802 3229 vero
2827 3174 2958 3229 foris
2989 3175 3149 3228 rixati
3184 3175 3382 3228 fuerint
3399 3175 3466 3236 ³³,

1870 3282 1928 3329 et
1953 3287 2094 3327 unus
2118 3269 2353 3325 alterum
2397 3269 2452 3322 in
2498 3267 2786 3323 ecclesiam
2816 3267 2862 3298 ³³
2888 3266 3087 3335 fugerit
3115 3275 3171 3320 et
3216 3267 3290 3320 ibi
3333 3267 3380 3297 ³⁸
3418 3282 3485 3320 se

1871 3363 2208 3420 defendendo
2225 3377 2350 3418 eum
2376 3359 2726 3422 interfecerit,
2758 3368 2812 3414 et
2833 3359 2878 3389 ³⁸
2902 3361 2948 3414 si
2973 3359 3131 3414 liuius
3160 3359 3285 3414 facti
3312 3368 3483 3414 testes

1872 3471 1982 3511 non
2022 3454 2291 3518 habuerit,
2327 3447 2452 3508 cum
2485 3451 2770 3508 duodecim
2806 3451 3243 3506 coniuratoribus
3273 3451 3314 3481 ³⁷
3348 3451 3483 3520 legi-

1874 3547 2024 3602 timis
2050 3560 2149 3616 per
2177 3552 2580 3601 sacramentum
2619 3540 2871 3598 adﬁrmet
2897 3558 2956 3598 se
2981 3542 3314 3598 defendendo
3354 3557 3485 3597 eum

1875 3638 2212 3695 interfecisse
2225 3653 2250 3698 ;.
2272 3647 2328 3692 et
2365 3644 2489 3704 post
2519 3637 2658 3690 haec
2686 3627 2975 3690 sexcentos
3015 3635 3218 3690 solidos
3244 3636 3312 3688 ad
3348 3649 3482 3705 par-

1877 3739 1985 3786 tem
2013 3729 2294 3793 ecclesiae,
2325 3743 2488 3798 quam
2528 3728 2621 3782 illo
2651 3728 2943 3783 homicidio
2990 3721 3278 3797 polluerat,
3305 3736 3359 3783 et
3398 3729 3483 3782 iu-

1876 3835 2040 3891 super
2093 3821 2331 3876 bannum
2377 3827 2632 3876 nostrum.
2677 3819 2891 3874 solvere
2935 3828 3196 3890 cogatur;
3241 3821 3288 3874 is
3329 3835 3482 3881 vero,

1877 3913 1970 3986 qui
2001 3910 2316 3966 interfectus
2342 3917 2457 3975 est,
2473 3910 2676 3979 absque
2700 3911 3074 3980 conpositione
3123 3911 3326 3976 iaceat;
3359 3911 3483 3964 ac”

1876 4006 2071 4062 deinde
2126 4003 2441 4060 interfector
2499 4003 2805 4060 secundum
2856 4002 3115 4057 iudicium
3159 4001 3481 4058 canonicum

1879 4114 2173 4169 congruam
2222 4096 2449 4152 facinori
2491 4097 2634 4166 quod
2660 4097 2879 4151 admisit
2915 4095 3303 4165 poenitentiam
3333 4095 3481 4148 aeci-
3525 4129 3531 4134 -

1876 4193 1991 4262 piat
2017 4191 2084 4244 ³³.
2118 4190 2175 4244 Si
2200 4188 2453 4258 proprius
2478 4188 2524 4219 ⁸ο
2550 4203 2739 4242 servus
2768 4187 2871 4241 hoc
2899 4183 3253 4249 commiserit,
3283 4185 3484 4239 iudicio

1879 4299 2053 4356 aquae
2078 4281 2337 4338 ferventis
2365 4281 2724 4344 examinetur,
2757 4289 2943 4335 utrum
2975 4281 3079 4334 hoc
3108 4287 3300 4348 sponte
3330 4293 3397 4330 an
3426 4291 3484 4330 se

1879 4374 2214 4433 defendendo
2241 4373 2476 4430 fecisset.
2507 4373 2574 4428 Et
2602 4373 2648 4427 si
2675 4388 2869 4428 manus
2895 4372 3015 4428 eius
3061 4380 3254 4426 exusta
3302 4369 3482 4433 fuerit,

175 4478 241 4518 ex
268 4464 358 4520 eis
387 4461 608 4518 veniant
629 4459 698 4516 ad
712 4459 1037 4531 placitum“
1061 4471 1326 4530 nostrum,
1345 4473 1401 4519 et
1425 4465 1779 4524 ratio-comm
1807 4484 1860 4545 θ
1883 4466 2242 4524 interﬁciatur
2284 4464 2372 4532 “;~
2395 4464 2440 4521 si
2470 4471 2652 4519 autem
2693 4477 2805 4519 non
2843 4461 3029 4526 fuerit,
3071 4460 3327 4516 dominus
3369 4459 3488 4513 eius

1427 4573 1823 4636 VARIANTES
1861 4576 2264 4636 LECTIONES.

250 4670 266 4700 ¹
301 4676 363 4723 et
398 4666 469 4720 ad
495 4665 746 4732 homines
764 4665 849 4720 vel
876 4665 931 4720 5.
957 4672 1012 4718 et
1037 4665 1106 4720 ab
1134 4663 1448 4720 hominibus
1475 4663 1548 4720 G.
1617 4670 1636 4699 ²
1669 4680 1860 4730 auctor
1889 4667 2053 4728 l‘.,G.

178 4742 212 4772 ι
237 4741 458 4795 iussum
499 4737 554 4790 4.
628 4735 650 4767 ⁸
686 4737 961 4808 pertinere
999 4751 1105 4790 non
1146 4735 1379 4808 debeant
1417 4734 1511 4808 ϐ.
1558 4737 1579 4769 ⁷
1607 4740 1974 4808 ροιυενίιὲι).
2007 4742 2061 4794 5.
2090 4737 2143 4791 4.
2178 4735 2342 4808 13.76.

177 4809 406 4866 assidua
427 4824 585 4864 manu
616 4800 806 4860 recent.
829 4807 1012 4859 addita
1039 4815 1180 4860 sunt.
1204 4805 1258 4859 2.
1314 4807 1354 4836 ¹¹
1379 4800 1679 4863 comites-2.
1700 4811 1791 4867 2b.
1816 4812 1871 4866 4.

175 4879 361 4940 4.ςεύ
392 4878 497 4932 sibi
527 4879 576 4932 1.
603 4875 668 4930 G.
706 4878 800 4931 sed
828 4877 902 4931 ibi
928 4877 982 4931 5.
1013 4877 1107 4932 sed
1148 4876 1239 4930 ubi
1273 4876 1348 4929 Γ.

180 4953 224 4982 ³⁸
253 4952 465 5006 habent
513 4957 570 5002 et
596 4948 670 5003 ibi
723 4948 776 5001 5.
808 4945 876 5002 C.

2149 4667 2169 4698 ³
2199 4665 2359 4721 eiciet
2388 4665 2462 4719 ι’.
2493 4663 2546 4717 2.
2580 4662 2682 4720 2b..
2713 4662 2778 4717 5..
2843 4663 2866 4693 ⁸
2893 4660 3100 4716 auctori
3146 4660 3217 4712 Γ.
3251 4660 3302 4714 5.
3332 4658 3385 4711 5.
3415 4657 3482 4712 ϐ.

2424 4737 2444 4766 ⁸
2477 4735 2710 4788 habeant
2737 4733 2791 4787 5.
2893 4733 2914 4763 ⁹
2942 4732 3023 4786 vel
3046 4731 3090 4785 si
3109 4731 3163 4784 5.
3293 4730 3334 4760 ¹⁰
3360 4730 3482 4782 in...

1952 4811 1994 4841 "
2036 4819 2222 4863 notum
2258 4807 2337 4860 Γ.
2360 4805 2412 4859 6.
2445 4817 2571 4859 nota
2602 4804 2667 4858 B.
2749 4803 2791 4834 ³³
2817 4803 3068 4857 nolumus
3093 4800 3146 4854 6.
3244 4798 3286 4829 “
3317 4798 3479 4851 deest.

1465 4879 1508 4908 “’
1536 4880 1810 4936 scabinios
1835 4883 1918 4934 l‘-
1952 4879 2074 4934 2-2
2113 4881 2166 4932 b.
2211 4876 2264 4931 6.
2296 4876 2641 4946 (superposito
2680 4873 3009 4946 seeplienen)
3046 4871 3110 4924 Β.
3154 4869 3406 4946 scabinos

956 4948 996 4979 ¹⁷
1041 4947 1308 5001 incertum
1338 4947 1388 5000 l.
1411 4946 1538 5002 Riv-
1610 4951 1652 4980 ³⁸
1685 4952 1973 5006 habuimus
2001 4939 2311 5018 incipiendo
2331 4939 2394 5000 5..
2459 4939 2500 4976 ³³
2529 4939 3083 5018 iiienpisso_2._const._
3105 4939 3401 5018 mempsieo

177 5024 222 5052 ³⁸
253 5022 383 5075 Hoc
415 5019 632 5072 rubrum
709 5034 767 5070 er
801 5034 1030 5071 errorem
1055 5019 1108 5072 5.
1131 5018 1362 5087 sequenti
1394 5034 1452 5072 ca
1491 5020 1550 5072 iti
1577 5024 1880 5092 preposuit,
1894 5031 1941 5075 et
1985 5021 2058 5074 sic
2094 5009 2340 5088 deinceps
2357 5033 2518 5086 usque
2544 5016 2612 5069 ad
2653 5009 2702 5068 ἓ.
2756 5016 2843 5068 ιιι.
2872 5015 2937 5068 de
2966 5010 3401 5067 coniuratoribus
3428 5009 3483 5063 in

177 5109 301 5120 ...η-
354 5089 488 5120 Ιηηὲρ
514 5087 546 5120 (-2
667 5035 712 5120 fl
733 5087 1022 5120 Μοηιηςοηη
1050 5087 1099 5120 1³
1155 5089 1188 5120 ’Ζ
1248 5087 1342 5120 Dn!
1421 5037 1573 5120 si)...”
1630 5089 1650 5120 ι
1775 5093 1819 5120 11
1843 5091 2101 5120 natum...“
2130 5087 2160 5120 κ
2220 5087 2257 5120 Ω
2381 5089 2426 5117 νδ
2459 5086 2670 5120 [inanimi
2704 5085 2752 5120 l‘
2877 5085 2924 5114 1⁸
2953 5099 2987 5120 n
3038 5089 3220 5120 nmina
3252 5080 3483 5120 {inlinunt

176 5109 324 5148 mar.
354 5089 492 5149 locis
514 5087 566 5142 6.
667 5087 712 5120 “
731 5087 1022 5157 Mempisco
1050 5087 1121 5140 Γ.
1155 5089 1209 5142 5.
1241 5087 1362 5140 Bal.
1421 5087 1466 5118 “
1495 5087 1597 5147 sal.
1623 5087 1679 5143 Ιιζ

177 5164 396 5216 habere
419 5160 474 5214 6.
587 5159 634 5190 ³⁸
654 5168 714 5214 ut
741 5159 793 5213 5.

893 5089 1022 5163 pisce
1050 5087 1121 5140 Γ.
1155 5089 1209 5142 5.
1241 5087 1401 5163 Bal.__
1421 5087 1466 5118 “
1495 5087 1682 5163 δέδι’.ρζ
1705 5160 1732 5163 _
1775 5093 1819 5163 ‘_‘
1843 5087 2102 5163 palatium

900 5161 942 5189 ³⁷
973 5158 1042 5214 S.
1062 5157 1433 5233 restaurandis
1461 5160 1569 5214 vol.
1599 5160 1816 5233 B.‘Bal.
1838 5157 1884 5216 ἑ.
1923 5162 2062 5233 plur.
2103 5157 2258 5233 codd.

2381 5080 2442 5117 ²³’
2459 5086 2674 5141 deﬁniri
2704 5085 2776 5138 l‘.
2877 5085 2924 5114 ³⁸
2953 5099 3006 5152 p.
3038 5089 3222 5152 postea
3252 5080 3486 5152 ἀθδθίδρί

2371 5158 2416 5189 ³⁸
2449 5157 2643 5212 alicubi
2681 5156 2736 5210 2.
2759 5154 2812 5208 4.
2839 5153 2905 5209 G.
2947 5148 2970 5192 ἕ
3015 5148 3059 5183 ³³
3087 5161 3144 5206 ιιι
3170 5151 3222 5205 5.
3253 5150 3390 5204 deest
3412 5148 3484 5204 ϐ.

178 5234 393 5287 “deest
414 5230 469 5284 6.
543 5229 586 5261 ³³
618 5237 1056 5284 restaurarentur
1091 5229 1145 5286 2.
1180 5244 1276 5282 eos
1309 5227 1555 5284 fecerunt
1579 5239 1634 5285 et
1671 5219 2125 5287 solebant'faeere
2159 5229 2212 5283 2.
2290 5227 2336 5260 ³³
2364 5228 2428 5283 de
2455 5243 2509 5281 v.
2543 5228 2684 5281 deest
2714 5226 2767 5280 6.
2844 5226 2888 5257 ³³
2925 5225 3170 5278 rixerunt
3196 5223 3248 5276 6.
3326 5219 3370 5251 “
3394 5235 3486 5275 ec-

176 5305 262 5360 cla
291 5305 354 5358 5.
393 5301 460 5354 Β.
489 5300 612 5354 Bal.
711 5300 758 5331 ³⁸
783 5301 909 5371 haec
941 5316 1100 5370 usque
1119 5299 1188 5352 ad
1213 5308 1268 5353 et
1294 5299 1514 5368 insuper
1539 5302 1778 5356 bannum
1804 5304 1840 5357 6
1862 5304 1937 5356 ita
1963 5302 2083 5371 legit
2109 5317 2128 5355 :
2156 5298 2301 5370 quod
2327 5299 2402 5371 ibi
2429 5314 2487 5371 se
2513 5296 2765 5371 defendat
2789 5305 2856 5371 et_
2872 5294 3157 5371 tuncalter
3181 5308 3304 5371 eum
3340 5291 3491 5371 (icci-

178 5375 348 5438 derit,
388 5388 454 5426 nc
477 5371 577 5426 sol.
601 5372 779 5443 tradat
801 5362 1060 5424 ecclesiae
1087 5385 1265 5443 quam
1295 5362 1581 5439 polluerat,
1629 5373 1868 5443 insuper.
1934 5432 1946 5443 .
1972 5362 2189 5425 "vdeest'
2209 5372 2285 5443 l‘.
2386 5370 2429 5400 ³⁷
2459 5369 2788 5443 iuratoribus
2815 5367 2880 5422 G.
3055 5366 3320 5443 seqtgintia

178 5433 395 5498 exhibet
415 5460 432 5496 :
450 5458 516 5497 ac
537 5440 850 5512 interfector
871 5443 1015 5512 quod
1038 5433 1143 5495 tale
1163 5433 1376 5496 facinus
1396 5433 1692 5510 commisit,
1713 5433 2006 5500 secundum
2027 5442 2325 5498 canonibus
2344 5439 2732 5512 poenitentiatn
2761 5446 2902 5512 agat.
2977 5436 3024 5469 "
3047 5433 3131 5490 hic
3158 5435 3273 5490 Riv.
3297 5433 3488 5512 addit;

179 5515 234 5570 id
262 5523 352 5569 est
374 5513 440 5572 21
475 5512 650 5575 annis,
681 5511 711 5564 7
741 5527 808 5566 ex
848 5505 932 5566 his
955 5512 1008 5566 in
1035 5526 1174 5581 pane
1201 5519 1256 5565 et
1280 5527 1420 5581 aqua
1447 5513 1516 5568 ad
1543 5505 1740 5569 ostium
1768 5515 2030 5571 ecclesiae
2049 5505 2366 5577 satisfaciat,
2390 5518 2630 5565 remotus
2657 5510 2726 5564 ab
2751 5505 2997 5564 oratione
3022 5517 3081 5581 et
3104 5505 3482 5581 communione

179 5585 464 5650 ﬁdelium;
514 5574 780 5658 ceteros}
807 5574 1054 5658 societur-
1067 5582 1298 5658 orationi
1331 5574 1571 5658 ﬁdelium
1591 5601 1629 5658 ;_
1653 5595 1960 5658 transactos
1989 5585 2082 5654 qui
2121 5574 2409 5658 supersunt
2443 5581 2938 5658 [communionem
2985 5579 3212 5658 plenam.
3241 5574 3484 5658 perfecte

179 5646 573 5728 subsequatur.
594 5653 934 5728 Abstinentia
961 5654 1080 5728 eius
1101 5652 1422 5728 sacerdotali
1445 5646 1781 5725 providentia
1810 5646 2157 5728 temperetur.
2187 5646 2204 5652 ’
2234 5655 2280 5685 ³ο
2307 5653 2448 5728 deest
2477 5651 2532 5708 6.
2607 5652 2653 5728 ξί
2673 5652 2940 5728 sequentia
2963 5646 3212 5728 usquead
3239 5646 3489 5728 tradatur:

179 5727 215 5780 6
239 5728 318 5782 ita
345 5715 551 5780 eirltibet
579 5742 596 5780 :
629 5725 726 5797 int.
749 5733 808 5797 et
831 5723 1080 5797 dominus
1106 5724 1224 5797 eius
1249 5725 1295 5778 si
1322 5715 1467 5789 velit,
1499 5737 1594 5781 aut
1613 5729 1855 5783 werdum
1880 5715 1974 5782 aut
2012 5728 2187 5797 ipsum
2219 5725 2481 5780 ecclesiae
2508 5721 2705 5797 tradat.
2739 5715 2841 5797 Pro
2869 5738 2977 5776 uno
3004 5715 3372 5778 ecclesiastico
3392 5715 3483 5769 vel

183 5797 436 5854 ﬁscalino
457 5804 510 5854 et
535 5795 881 5853 beneﬁciaria
907 5811 1062 5853 servo
1091 5796 1338 5852 volumus
1361 5812 1526 5854 unum
1552 5799 1791 5856 vverdum
1816 5795 2052 5870 tradere,
2090 5806 2182 5854 aut
2212 5797 2385 5866 ipsum
2425 5795 2684 5864 supplicio
2725 5796 2964 5850 tradem.
