3992 6344
457 276 558 332 571

1232 273 1294 327 Β.
1335 271 1583 328 CAROLI
1634 269 1847 325 MAG-NI
1884 268 2034 323 OPP.
2074 267 2253 322 PARS
2289 267 2328 321 l.
2372 265 2613 321 SECTIO
2652 263 2887 320 PRIMA.

3632 261 3740 316 57?

455 398 606 454 iuxta
638 390 780 462 quod
824 387 1102 458 wirgildus
1124 387 1140 418 ³
1168 385 1315 441 illius
1334 393 1437 451 est,
1486 385 1553 439 ad
1597 384 1881 440 ecclesiam
1910 398 2039 452 per—
2070 390 2115 447 Α
2145 381 2307 436 talem
2337 381 2631 445 hominem,
2658 380 2750 451 qui
2789 379 3055 434 rationem
3081 392 3271 435 eorum
3306 386 3483 434 teneat
3519 378 3613 435 vel
3642 374 3742 448 pr“

452 488 648 549 solvat,
679 492 771 538 aut
803 497 946 542 eum,
976 480 1022 535 si
1046 477 1295 540 voluerit,
1323 476 1495 531 eidem
1538 475 1798 532 ecclesiae
1839 475 2038 529 tradat.

459 577 537 632 De
576 577 597 607 ’
619 571 984 630 ecclesiastico
1018 576 1072 623 et
1117 567 1359 622 ﬁscalino
1400 574 1455 622 et
1495 566 1838 621 beneﬁciario
1885 579 2045 620 servo

460 667 727 731 volumus,
759 672 819 717 ut
841 676 939 731 pro
964 674 1069 713 una
1100 658 1219 713 vice
1247 656 1527 728 wirgildus
1556 656 1672 710 eius
1693 671 1792 724 pro
1819 668 1885 711 eo
1911 670 2046 709 con-

376 787 381 793 -
460 763 709 828 ponatur,
736 752 903 806 altera
928 749 1046 804 vice
1071 749 1185 817 ipse
1215 761 1403 801 servus
1425 745 1493 801 ad
1520 744 1839 814 supplicium
1866 742 2049 797 trada-

464 858 572 904 tur.
602 843 885 901 Hereditas
902 850 1085 895 tamen
1110 838 1266 894 liberi
1282 836 1535 901 hominis,
1567 835 1657 906 qui
1686 843 1907 905 propter
1944 833 2052 888 tale

462 935 672 992 facinus
708 932 775 988 ad
816 939 1043 986 mortem
1073 929 1096 961 ⁸
1146 928 1307 983 fuerit
1341 927 1624 990 iudicatus,
1669 926 1737 980 ad
1786 925 2051 995 legitimos

465 1025 691 1081 heredes
717 1022 862 1077 illius
883 1019 906 1052 ⁵
924 1019 1222 1090 perveniat.
1249 1017 1308 1073 Si
1339 1018 1391 1071 in
1429 1010 1570 1072 atrio
1599 1014 1880 1079 ecclesiae,
1899 1013 2053 1070 cuius

465 1126 623 1192 porta
667 1113 909 1184 reliquiis
932 1119 1240 1167 sanctorum
1288 1116 1601 1165 consecrata
1653 1115 1755 1172 est,
1796 1107 2053 1163 huiusce-

468 1209 614 1265 modi
663 1204 1013 1261 homicidium
1058 1208 1423 1273 perpetratum
1475 1199 1657 1265 fuerit,
1702 1199 1864 1255 simili
1896 1200 2055 1253 modo

469 1299 786 1356 emendetur
818 1293 902 1349 vel
947 1299 1301 1363 conponetur.
1335 1290 1394 1345 Si
1416 1305 1545 1346 vero
1562 1297 1719 1360 porta
1744 1288 2005 1344 ecclesiae
2036 1289 2058 1320 '

471 1407 579 1448 non
628 1396 712 1445 est
734 1393 1067 1449 consecrata,
1113 1398 1179 1439 eo
1219 1382 1377 1437 modo
1413 1389 1748 1453 conponetur
1788 1380 1931 1449 quod
1956 1378 1977 1409 '
2003 1379 2057 1432 in

473 1479 612 1537 atrio
639 1477 1014 1542 committitur,
1047 1475 1187 1532 sicut
1209 1474 1439 1543 conponi
1469 1474 1628 1528 debet
1657 1471 1799 1543 quod
1829 1470 1884 1525 in
1903 1470 1924 1502 ⁷
1955 1470 2060 1523 im-

479 1560 745 1627 munitate
772 1568 970 1623 violata
999 1566 1378 1623 committitur.

553 1662 640 1716 14.
688 1660 765 1715 De
808 1659 1015 1713 iniuriis
1056 1656 1385 1712 sacerdotum
1432 1654 1508 1710 rel
1550 1655 1572 1686 ⁸
1613 1651 1957 1726 quorumlibet
1998 1666 2064 1706 ea:

2146 475 2227 530 eis
2259 473 2535 542 loquatur.

2217 562 2302 617 16.
2330 562 2408 616 De
2433 570 2587 633 raptu
2629 560 2926 615 viduarum.
2964 557 3068 627 Qui
3103 560 3320 617 viduam
3361 559 3501 616 intra
3528 560 3745 631 primos

2145 653 2366 724 triginta
2396 652 2512 709 dies
2531 650 2809 707 viduitatis
2833 651 2877 683 ³⁸
2901 666 3034 707 suae
3051 650 3122 719 ’⁸,
3144 651 3231 707 vel
3256 650 3501 719 invitam,
3528 651 3627 707 vel
3647 668 3746 705 νος

2146 744 2368 810 lentem,
2400 743 2504 797 sibi
2544 741 2903 812 copulaverit,
2939 742 3178 798 bannum
3220 750 3483 807 nostrum,
3529 743 3594 798 id
3637 751 3747 810 at,

2147 834 2427 905 sexaginta
2473 832 2694 897 solidos,
2744 832 2800 888 in
2844 831 3005 901 triplo
3035 840 3325 903 conponat.
3353 832 3487 888 Etsi
3509 833 3752 889 invitam

2149 940 2269 982 eam
2304 924 2478 991 duxit,
2509 923 2680 994 legem
2714 938 2869 978 suam
2893 922 2948 980 ei
2984 923 3030 954 “
3078 931 3347 994 conponat
3372 939 3397 989 ί
3431 922 3587 980 illam
3618 939 3747 979 vero

2149 1016 2376 1073 ulterius
2397 1032 2504 1071 non
2532 1015 2795 1086 adtingat.

2224 1108 2312 1163 17.
2340 1107 2418 1163 De
2436 1108 2644 1162 [tantine
2666 1106 2931 1177 publicam
2952 1107 2998 1138 "
3024 1106 3398 1177 paenitentiam
3431 1116 3625 1178 agente
3662 1107 3747 1161 in-

2153 1201 2385 1272 terfecto.
2409 1198 2512 1267 Qui
2534 1198 2865 1254 hominem“
2885 1197 3154 1268 publicam
3175 1197 3562 1268 paenitentiam
3579 1211 3747 1267 agen-

2157 1301 2264 1346 tem
2290 1288 2638 1355 interfecerit,
2661 1288 2900 1344 bannum
2920 1296 3167 1345 nostrum
3192 1287 3245 1343 in
3270 1288 3431 1359 triplo
3449 1272 3752 1359 conponat,

2157 1390 2211 1438 et
2240 1381 2543 1453 wirgildum
2563 1379 2613 1411 ’δ
2640 1379 2757 1434 eius
2780 1379 3040 1449 proximis
3065 1379 3184 1434 eius
3206 1380 3474 1449 persolvat
3495 1380 3569 1435 ".

2232 1474 2318 1530 18.
2347 1472 2424 1526 De
2446 1471 2653 1525 homine
2677 1469 2856 1534 libero,
2886 1479 2943 1523 ut
2966 1478 3272 1541 potestatem
3298 1469 3482 1525 habeat
3505 1470 3751 1524 ubicum-

2158 1583 2257 1638 que
2278 1562 2495 1620 voluerit
2517 1579 2597 1618 res
2618 1580 2743 1618 suas
2765 1562 2915 1630 dare,
2938 1571 2985 1617 et
3008 1562 3055 1593 “
3072 1562 3301 1634 qualiter
3341 1563 3436 1618 Itoc
3461 1563 3644 1633 facere
3663 1563 3752 1616 de-

2160 1656 2299 1709 beat.
2338 1652 2395 1707 Si
2422 1653 2467 1685 "
2495 1652 2618 1723 quis
2647 1666 2735 1707 res
2760 1666 2887 1706 suas
2923 1667 3023 1722 pro
3063 1652 3236 1707 salute
3270 1654 3480 1709 animae
3508 1668 3649 1708 suae
3674 1653 3749 1706 vel

480 1751 617 1806 clero
657 1751 714 1804 in
744 1748 959 1803 ecclesia
986 1748 1160 1819 factis.
1199 1745 1490 1816 Sanguinis
1519 1744 1706 1800 eﬂ‘usio
1757 1744 1810 1797 in
1840 1741 2065 1797 ecclesia
2096 1732 2140 1792 Β
2170 1744 2236 1798 ad
2260 1743 2491 1812 aliquem
2525 1741 2889 1797 venerabilem
2938 1741 3137 1808 locum,
3177 1742 3265 1797 vel
3303 1744 3609 1813 propinquo
3639 1758 3751 1807 suo,

482 1842 626 1908 facta
647 1855 770 1896 cum
792 1839 953 1903 fuste,
987 1838 1033 1892 si
1058 1838 1323 1908 presbiter
1351 1836 1373 1868 ⁸
1394 1836 1576 1902 fuerit,
1609 1834 1770 1904 triplo
1799 1847 2071 1901 conpona.

487 1944 593 1998 tur,
619 1935 753 1989 duas
795 1938 976 2001 partes
1001 1928 1175 1985 eidem
1202 1930 1524 1999 presbitero,
1572 1927 1730 1982 tertia
1773 1941 1872 1996 pro
1919 1925 2068 1979 fredo

487 2024 556 2079 ad
580 2022 886 2088 ecclesiam,
902 2029 957 2075 et
981 2019 1023 2052 “
1053 2021 1271 2089 insuper
1290 2019 1500 2074 bannus
1520 2026 1722 2073 noster.
1749 2015 2008 2072 Similiter
2024 2015 2066 2047 “

487 2113 556 2169 de
606 2114 834 2170 diacono
883 2113 926 2144 ι’
978 2112 1126 2165 iusta
1166 2110 1593 2181 conpositionem
1637 2108 1754 2162 eius
1806 2107 1862 2161 in
1910 2105 2071 2175 triplo

489 2221 612 2261 cum
641 2205 820 2260 hanno
857 2211 1043 2258 nostro
1071 2208 1424 2272 conponetur.
1454 2200 1529 2254 De
1566 2198 1894 2254 subdiacono
1918 2197 2071 2252 simi-

488 2297 616 2351 liter
643 2296 700 2350 in
730 2294 892 2365 triplo
914 2296 1206 2375 semiudum
1235 2309 1386 2348 suam
1422 2292 1865 2361 conpositionem.
1919 2291 1987 2345 Et
2028 2290 2073 2322 ⁸³

491 2388 560 2442 de
606 2386 1027 2456 uniuscuiusque
1068 2385 1275 2441 ordinis
1302 2383 1499 2440 clerico
1527 2381 1571 2414 ιδ
1603 2383 1895 2439 secundum
1921 2396 2075 2437 suam

492 2476 918 2546 conpositionem
961 2476 1016 2530 in
1062 2475 1107 2507 "
1154 2475 1316 2545 triplo
1362 2474 1719 2545 persolvatur,
1767 2481 1822 2528 et
1858 2474 2078 2543 insuper

490 2570 704 2625 bannus
745 2577 948 2625 noster.
988 2566 1249 2623 Similiter
1291 2576 1346 2621 et
1393 2569 1459 2622 de
1494 2567 1606 2622 ictu
1651 2566 1768 2621 sine
1799 2566 2078 2636 sanguinis

493 2658 755 2714 ell'usione
779 2661 866 2714 de-
885 2657 1304 2729 uniuscuiusque
1326 2658 1534 2712 ordinis
1572 2657 1771 2713 clerico
1815 2656 1858 2689 “
1890 2672 2081 2712 secun-

494 2750 623 2806 dum
652 2750 806 2806 suam
827 2750 1250 2821 conpositionem
1286 2749 1446 2819 triplo
1476 2750 1542 2816 η,
1568 2756 1623 2804 et
1644 2749 1855 2805 bannus
1876 2758 2076 2805 noster.

497 2841 566 2895 Et
592 2841 682 2911 qui
708 2857 812 2895 non
837 2841 999 2895 habet
1019 2840 1159 2896 unde
1183 2841 1250 2894 ad
1276 2841 1556 2896 ecclesiam
1587 2840 1875 2912 persolvat,
1906 2843 2082 2897 tradat

497 2948 557 2987 se
585 2932 627 2965 ¹⁸
659 2933 713 2986 in
745 2932 1024 2987 servitium
1045 2932 1219 2988 eidem
1250 2932 1531 2999 ecclesiae,
1558 2948 1729 3003 usque
1757 2933 1884 2989 dum
1908 2940 2082 2989 totum

500 3021 738 3077 debitum
766 3022 1052 3092 persolvat.
1085 3034 1112 3064 ι

572 3113 659 3167 15.
686 3080 781 3167 De.
797 3115 984 3180 viduis,
1014 3114 1225 3186 pupillis
1249 3125 1298 3170 et
1321 3116 1652 3187 pauperibus.
1696 3116 2080 3185 Praecipimus,
2108 3080 2156 3142 Ο

502 3215 562 3262 at
585 3209 1031 3278 quandocumque
1070 3210 1126 3264 in
1155 3209 1379 3263 mallum
1422 3218 1549 3265 ante
1590 3210 1842 3265 comitem
1869 3210 2084 3273 viduae,

505 3302 693 3371 pupilli
721 3310 776 3357 et
799 3317 1061 3372 pauperes
1086 3302 1351 3367 venerint,
1388 3301 1567 3371 primo
1593 3317 1779 3358 eorum
1808 3317 1970 3357 causa
1993 3317 2089 3355 au-

2167 1833 2252 1887 vel
2265 1832 2319 1865 "
2341 1832 2562 1888 cuilibet
2589 1829 2745 1887 alteri
2760 1831 2976 1887 tradere
3002 1831 3251 1899 voluerit,
3274 1841 3329 1888 et
3353 1848 3417 1888 eo
3438 1842 3688 1902 tempore
3710 1834 3754 1864 ”

2170 1925 2383 1978 "intra
2429 1924 2602 1993 ipsum
2638 1924 2955 1977 comitatum
2980 1922 3160 1989 fuerit,
3207 1925 3263 1980 in
3311 1941 3416 1996 quo
3446 1942 3533 1980 res
3563 1926 3692 1981 illae
3710 1927 3752 1957 “

2166 2018 2375 2090 positae
2397 2026 2542 2084 sunt,
2562 2018 2855 2090 legitimam
2878 2019 3223 2075 traditionem
3250 2018 3427 2081 facere
3451 2021 3671 2077 studeat
3690 2021 3751 2089 "_.

2172 2112 2325 2178 Quod
2349 2111 2394 2166 si
2419 2110 2608 2166 eodem
2632 2119 2894 2182 tempore,
2920 2126 3027 2181 quo
3051 2112 3170 2168 illas
3198 2113 3411 2169 tradere
3438 2113 3574 2179 vult,
3606 2122 3756 2169 extra

2172 2201 2400 2257 eundem
2433 2200 2479 2232 ³³
2520 2200 2837 2275 comitatum
2864 2199 3046 2267 fuerit,
3070 2203 3126 2258 id
3167 2211 3251 2259 est
3277 2203 3389 2258 sive
3412 2203 3468 2257 iu
3495 2204 3750 2270 exercitu,

2174 2295 2287 2349 sive
2308 2294 2361 2347 in
2388 2293 2607 2363 palatio,
2637 2293 2683 2325 “
2706 2294 2821 2348 sive
2865 2294 2919 2347 in
2942 2290 3049 2349 alio
3079 2295 3317 2364 quolibet
3343 2293 3483 2360 loco,
3509 2295 3751 2350 adhibeat

2174 2389 2277 2443 sibi
2304 2388 2387 2443 vel
2414 2389 2478 2444 de
2506 2389 2618 2443 suis
2644 2387 2992 2459 pagensibus,
3038 2387 3120 2442 vel
3162 2387 3228 2443 de
3275 2385 3396 2439 aliis
3442 2383 3535 2456 qui
3576 2383 3754 2438 eadem

2176 2479 2292 2548 lege
2310 2479 2492 2533 vivant
2517 2479 2642 2548 quia
2674 2479 2789 2549 ipse
2832 2478 2986 2542 vivit,
3026 2486 3195 2533 testes
3216 2477 3261 2509 ³⁸
3292 2478 3541 2542 idoneos;
3586 2476 3666 2531 vel
3708 2475 3751 2531 si

2177 2573 2299 2631 illos
2322 2571 2523 2625 habere
2551 2586 2657 2624 non
2683 2570 2919 2640 potuerit
2945 2569 3007 2635 ³⁸,
3037 2577 3165 2625 tunc
3207 2567 3275 2624 de
3313 2567 3437 2623 aliis
3473 2567 3655 2636 quales
3680 2566 3753 2620 ibi

2179 2664 2431 2720 meliores
2451 2662 2693 2718 invenite
2714 2662 2886 2731 possit
2909 2661 2973 2727 ³⁷,
3007 2669 3061 2717 et
3103 2677 3286 2716 coram
3326 2661 3407 2715 eis
3431 2674 3602 2714 rerum
3622 2674 3746 2713 soa-

2179 2770 2302 2810 rum
2345 2753 2687 2809 traditionem
2718 2752 2907 2817 faciat,
2956 2759 3012 2807 et
3038 2751 3083 2783 ³⁸
3110 2751 3454 2806 ﬁdeiussores
3470 2749 3741 2804 vestiturae

2182 2846 2344 2900 donet
2371 2844 2440 2907 ei,
2477 2843 2567 2913 qui
2616 2843 2762 2897 illam
2795 2842 3139 2897 traditionem
3168 2842 3385 2911 accipit,
3433 2848 3492 2895 ut
3530 2840 3745 2895 vestitu-

2185 2951 2298 2991 ram
2327 2933 2508 2991 faciat.
2540 2934 2605 2989 Et
2623 2942 2908 3003 postquam
2932 2933 2977 2964 ”
2998 2934 3131 2987 haec
3156 2932 3375 2986 traditio
3396 2933 3468 2986 ita
3486 2930 3623 2986 facta
3642 2928 3751 2983 iue-

2185 3028 2275 3090 rit,
2308 3026 2466 3081 heres
2516 3025 2662 3080 illius
2705 3024 2907 3079 nullam
2955 3023 3022 3078 de
3062 3022 3356 3094 praedictis
3398 3022 3559 3077 rebus
3598 3020 3756 3075 valeat

2188 3117 2367 3172 facere
2410 3116 2805 3186 repetitionem.
2857 3116 3080 3184 insuper
3123 3124 3176 3170 et
3204 3115 3317 3184 ipse
3343 3130 3441 3184 per
3467 3129 3527 3169 se
3557 3114 3758 3167 ﬁdeius-

2187 3211 2395 3265 sionem
2429 3207 2591 3263 faciat
2635 3208 2872 3263 eiusdem
2901 3206 3214 3271 vestiturae,
3246 3220 3313 3260 ne
3340 3205 3526 3261 heredi
3554 3205 3659 3258 ulla
3679 3220 3761 3257 oc-

2190 3302 2338 3358 casio
2358 3307 2636 3356 remaneat
2687 3300 2825 3355 hanc
2866 3298 3209 3354 traditionem
3245 3297 3289 3329 “
3327 3296 3642 3356 inmutandi,
3678 3296 3767 3349 sed

505 3392 685 3447 diatur
727 3384 781 3447 et
826 3392 1136 3447 deﬁniatur.
1178 3393 1245 3446 Et
1287 3393 1334 3447 si
1381 3401 1544 3447 testes
1583 3408 1681 3462 per
1720 3408 1779 3447 se
1802 3393 1870 3447 ad
1898 3407 2089 3447 causas
2190 3391 2707 3463 potiussneccssitas‘
2726 3390 3001 3446 incumbat
3045 3389 3193 3444 illam
3237 3388 3550 3458 perﬁciendi
3599 3388 3662 3439 ".
3707 3386 3765 3439 Et

509 3488 638 3539 suas
687 3484 1019 3552 quaerendas
1067 3483 1264 3537 habere
1313 3499 1417 3537 non
1466 3484 1739 3552 potuerint
1787 3482 1869 3537 vel
1920 3483 2090 3553 legem
2191 3484 2239 3539 si
2285 3483 2519 3537 nondum
2571 3496 2660 3537 res
2708 3496 2834 3537 suas
2876 3497 2999 3537 cum
3041 3478 3396 3536 coheredibus
3438 3479 3554 3534 suis
3582 3478 3765 3532 divisas

516 3572 803 3628 aescierint
831 3571 894 3639 ι’,
920 3587 1103 3627 comes
1137 3570 1259 3627 illos
1288 3573 1372 3627 vel
1400 3572 1520 3627 illas
1547 3572 1779 3637 adiuvet,
1808 3572 1987 3628 dando
2014 3572 2095 3627 eis
2194 3574 2401 3639 habuit,
2428 3590 2535 3630 non
2576 3574 2626 3630 ei
2659 3574 2764 3630 hoc
2807 3573 2880 3630 sit
2921 3571 3320 3645 inpedimento;
3359 3572 3457 3628 sed
3487 3571 3707 3628 coheres
3726 3567 3764 3598 δ’

1749 3749 2139 3808 VARIANTES
2174 3748 2577 3807 LECTIONES.

596 3914 613 3944 ¹
648 3907 1132 3992 uuird—l.._uir.gvld
1154 3911 1508 3992 suprascripto
1536 3899 1775 3992 uuirgilé
1802 3912 1990 3992 1η]ιρ
2008 3920 2188 3982 postea
2219 3922 2386 3992 canet.
2404 3912 2543 3992 legit
2569 3913 2860 3992 vvirgyld...
2883 3913 3115 3992 uuirgild
3145 3914 3204 3968 5.
3225 3919 3420 3992 manu;
3436 3911 3774 3992 uuergeLduts

596 3926 613 3944 ι
648 3926 889 3992 υυιιου-ι..
921 3926 1132 4034 ξιιτῆγια
1154 3926 1508 3982 suprascripto
1536 3926 1774 4035 uultque
1802 3926 1878 3967 ι’.
1899 3928 1988 3982 qut
2008 3926 2188 3982 postea
2219 3926 2386 3969 ροηδε.
2421 3926 2543 3984 tegit
2569 3926 2860 3985 wrrgyld...
2883 3926 3115 3983 uutrgua
3146 3926 3204 3968 5.
3243 3926 3406 3966 const.
3436 3926 3774 3981 uuergetuun

529 3983 595 4064 ξ.
615 3981 1019 4064 const._v§tdirgl
1044 3983 1143 4064 (lus
1188 3982 1253 4037 Β.
1297 3990 1458 4064 coast.
1503 3997 1702 4064 \vtr‘gen
1845 3983 1906 4064 η’
1946 3982 2020 4064 Ιξθ
2048 3999 2214 4064 usque
2240 3985 2486 4064 tradatur
2508 3983 2693 4064 desunt
2726 3986 2782 4039 in
2808 3983 2999 4064 ρωποι
3025 3982 3191 4064 Sang.
3218 3983 3270 4037 1.
3292 3981 3361 4064 2.·
3379 3980 3446 4037 G.
3477 3980 3608 4064 ηιξ.
3636 3980 3775 4063 ϐοῶ.

532 4053 610 4107 ³1⁵.
640 4052 801 4106 morti
824 4050 886 4124 6.
953 4052 975 4082 ⁸
1003 4052 1224 4124 cuius...
1253 4062 1336 4107 est
1359 4050 1636 4124 desuntGl
1661 4050 1808 4107 Calb.
1839 4050 2021 4124 Camb.
2100 4050 2194 4124 l"e7.
2228 4055 2319 4108 ubi
2344 4054 2777 4124 committiturn.
2808 4055 2882 4124 1).
2980 4053 3001 4086 ⁸
3024 4070 3078 4124 q.
3100 4050 3155 4124 in
3176 4068 3230 4124 a.
3254 4069 3303 4107 c.
3327 4052 3512 4124 desunt
3541 4051 3607 4124 Β.
3631 4052 3776 4124 quasi

530 4126 588 4181 in
615 4139 666 4178 a.
694 4122 1123 4194 committeretur
1152 4122 1203 4177 6.
1309 4124 1354 4194 _"
1382 4122 1522 4194 deest
1549 4122 1623 4176 l‘.
1735 4125 1759 4155 '
1785 4123 1870 4178 vel
1894 4139 1950 4192 q.
1974 4137 2041 4177 ex
2063 4123 2333 4194 c.7desunt
2363 4126 2438 4178 1⁶.
2470 4123 2522 4178 6.
2617 4125 2637 4156 ⁸
2666 4139 2721 4194 p.
2752 4125 2798 4180 is
2822 4123 2861 4177 f.
2895 4124 2968 4179 l‘.
3040 4121 3056 4124 ⁷
3076 4123 3118 4155 ¹⁰
3149 4122 3293 4194 deest
3317 4122 3369 4175 1.
3395 4131 3449 4177 et
3475 4121 3512 4175 i.
3539 4122 3594 4176 b.
3617 4121 3779 4194 mde-

531 4202 650 4249 sunt
681 4192 732 4246 6.
756 4192 999 4273 bannum
1036 4201 1278 4273 nostrum
1447 4192 1495 4273 "‘
1525 4194 1788 4263 sequentia
1814 4191 1977 4273 usque
2099 4193 2297 4273 clerico
2328 4195 2380 4250 6.
2409 4195 2485 4248 ita
2509 4191 2705 4273 habet}
2735 4195 3032 4273 sidiacono
3061 4200 3117 4273 et
3142 4192 3474 4273 subdiacono
3499 4192 3781 4273 secundum

532 4262 1202 4344 compositionem‘corum
1244 4263 1299 4316 in
1335 4262 1555 4344 triplum
1592 4262 1967 4344 componatur,
1980 4263 2224 4344 insuper
2254 4265 2467 4344 bannus
2510 4272 2712 4344 noster.
2758 4265 2969 4344 (ἱερῆες)
3015 4263 3441 4344 uniuscuiusque
3464 4262 3669 4344 ordinis
3704 4276 3781 4344 se;

534 4330 802 4423 cundum.J
827 4332 942 4423 μί’
972 4331 1283 4423 (Είυοουὶἱξυξ
1447 4332 1687 4423 άίυεοηξβ
1715 4330 1831 4423 'G.“
1879 4333 1938 4423 ‘“
1979 4330 2754 4423 .nqster.de.sunt
2798 4332 2985 4423 Clan‘tb.
3014 4333 3261 4423 83122.1.
3379 4331 3513 4423 Th'u:
3539 4330 3686 4423 Cplb;
3723 4330 3782 4423 ξι

528 4418 697 4473 usque
733 4399 802 4455 ad
822 4401 1107 4482 secundum
1153 4403 1313 4485 triplo
1339 4402 1525 4457 desunt
1550 4404 1603 4457 5.
1784 4402 1833 4438 ¹⁴ι
1848 4403 1994 4459 clero
2020 4403 2075 4457 4.
2154 4404 2200 4439 ⁸³
2223 4404 2364 4458 deest
2393 4405 2468 4457 l‘.
2496 4399 2556 4458 ιζ
2575 4404 2795 4473 triplum
2822 4403 2876 4458 4.
2901 4404 2955 4459 6.
3052 4403 3095 4435 ⁸⁸
3115 4399 3262 4458 clero
3289 4404 3343 4456 4.
3422 4402 3466 4435 ¹¹⁸
3498 4402 3553 4457 in
3581 4409 3618 4455 t.
3647 4401 3703 4456 5.
3731 4399 3778 4453 6.

537 4472 604 4529 B.
639 4468 707 4544 G_.
785 4470 828 4502 *9
851 4486 907 4525 se
933 4485 1105 4544 ipsum
1125 4473 1382 4544 ecclesiae
1411 4473 1483 4544 ad
1500 4472 1839 4544 serviendum
1857 4489 2038 4544 usque
2066 4473 2142 4544 6.,
2196 4473 2242 4544 ξ’
2274 4490 2329 4529 n.
2348 4474 2563 4530 adiuvet
2588 4474 2694 4528 illis
2722 4489 2903 4544 comes
2919 4481 2973 4530 et
2984 4481 3224 4544 praeStet
3249 4474 3357 4544 illis
3383 4480 3495 4527 tam
3518 4472 3783 4544 loquacem

540 4490 604 4529 υ.
639 4490 707 4525 ιι.
785 4490 828 4502 η
851 4490 907 4525 se
933 4490 1105 4539 ipsum
1125 4490 1382 4527 eccresrae
1411 4490 1476 4526 ao
1500 4490 1839 4527 serviendum
1864 4490 1929 4529 us
1971 4490 2038 4529 ue
2066 4490 2118 4528 υ.
2200 4490 2242 4506 ι’
2274 4490 2329 4529 n.
2348 4490 2563 4530 adiuvet
2588 4490 2694 4528 nus
2722 4490 2903 4530 comes
2919 4490 3224 4544 etpraeswt
3249 4490 3357 4528 nus
3383 4490 3495 4527 tam
3518 4490 3783 4540 loquacem

540 4541 831 4625 hominem,
857 4541 959 4625 qui
983 4543 1353 4625 tantummodo
1582 4542 1661 4625 οπ-
1681 4541 1820 4625 deest
1849 4490 2004 4625 Β.
2102 4543 2147 4575 ¹¹
2169 4543 2307 4625 deest
2325 4545 2379 4598 5.
2415 4612 2430 4625 θ
2450 4545 2526 4625 ,³³
2553 4543 2693 4625 deest
2719 4543 2771 4598 6.
2795 4614 2808 4625 _
2849 4545 2895 4625 ’ξ
3004 4544 3098 4625 qui
3121 4559 3177 4614 p.
3206 4560 3262 4625 ρ.
3287 4543 3418 4599 facit
3449 4541 3783 4625 superscripta

539 4613 712 4684 glossa
740 4612 906 4693 chara
927 4610 980 4663 6.
1074 4611 1119 4643 “
1146 4611 1392 4682 uuirgyld
1424 4611 1499 4666 l'.
1526 4611 1915 4681 wirdrigildum
1945 4614 1999 4668 5.
2042 4622 2207 4668 const.
2237 4611 2561 4739 wergeldum
2595 4613 2650 4666 4.
2678 4609 3038 4704 werigeldum'
3058 4609 3141 4668 ϐξ
3207 4609 3262 4646 ’⁸⁸
3291 4629 3346 4683 p.
3374 4609 3710 4696 persolvatur
3734 4609 3783 4664 5.

540 4680 587 4715 “
631 4682 864 4739 qualiter
885 4696 972 4735 res
1001 4696 1126 4735 suas
1161 4682 1288 4736 dare
1323 4682 1514 4737 debeat
1548 4681 1599 4736 6.
1676 4682 1719 4714 "
1751 4691 1874 4737 et...
1918 4684 2109 4738 debeat
2151 4683 2334 4737 desunt
2398 4723 2413 4737 .
2438 4700 2618 4739 eorum
2639 4683 2753 4738 loco
2783 4685 2807 4739 1
2842 4724 2857 4739 .
2878 4684 3029 4738 habet
3061 4699 3159 4739 pro
3180 4684 3388 4739 salutae
3413 4696 3622 4738 animae
3641 4693 3783 4735 suae.

541 4697 587 4715 "
631 4697 864 4751 qualiter
885 4697 972 4735 res
1001 4697 1126 4735 suas
1161 4697 1288 4736 nare
1323 4697 1514 4737 ueneat
1548 4697 1599 4736 υ.
1676 4697 1716 4714 ἰ
1751 4697 1874 4737 ει...
1918 4697 2109 4738 ueneat
2151 4697 2334 4737 desunt
2359 4697 2413 4739 'o.
2438 4700 2618 4739 eorum
2639 4697 2753 4738 loco
2783 4697 2857 4739 Γ.
2878 4697 3029 4738 habet
3061 4699 3159 4753 pro
3180 4697 3388 4739 satutae
3413 4697 3622 4738 animae
3641 4697 3783 4735 suae.

539 4754 587 4834 ’ξ
611 4753 819 4834 initium
844 4751 1101 4834 usquead
1126 4753 1337 4834 tradere
1360 4750 1415 4834 6ἶ
1438 4753 1512 4834 ita
1546 4750 1703 4834 liabet
1722 4769 1741 4807 :
1773 4751 1918 4834 Si__q.
1944 4752 2081 4809 liber
2101 4768 2218 4834 τερ.
2245 4768 2345 4834 pro
2373 4769 2423 4808 a.
2453 4753 2633 4834 salute
2645 4754 2729 4834 vel
2754 4755 2837 4834 ad
2856 4754 3141 4834 ecclesiam
3169 4754 3251 4834 vel
3282 4751 3707 4834 pzsuontradere
3738 4763 3787 4834 ξ.

542 4823 584 4856 ’⁸
609 4822 748 4876 deest
776 4821 826 4875 1.
855 4816 930 4874 4(
971 4821 1050 4892 Α³⁶
1087 4830 1207 4877 ett.
1237 4822 1452 4891 quando
1485 4822 1628 4875 intra
1659 4820 1724 4877 G.
1822 4816 1947 4892 'f'r.
1979 4839 2108 4879 suae
2131 4816 2265 4877 illae
2292 4823 2367 4877 1“.
2465 4823 2510 4854 ³³
2535 4830 2574 4877 t.
2608 4822 2771 4879 faciat
2805 4822 2857 4878 6.
2956 4824 3003 4856 ³³
3038 4816 3378 4879 eiusdem-6‘.
3452 4820 3505 4855 ’⁸⁸
3529 4820 3718 4892 placito
3737 4816 3787 4892 1.

544 4894 592 4937 θ’
626 4901 738 4962 tres
766 4900 805 4946 t.
833 4893 888 4947 5.
925 4960 938 4962 ᾳ
966 4890 1099 4962 ³⁸]).
1129 4888 1271 4962 alios
1296 4900 1474 4962 autem
1503 4907 1639 4962 quos
1673 4893 1775 4948 sibi
1812 4891 1878 4948 G.
1912 4909 1987 4948 m.
2017 4893 2071 4947 6.
2145 4894 2188 4925 ³⁷
2214 4892 2440 4948 inveniri
2466 4902 2691 4962 possunt
2718 4895 2788 4946 l‘.
2816 4895 2881 4947 Β.
2939 4894 3002 4948 ,³⁸
3030 4902 3150 4949 et...
3173 4893 3337 4949 faciat
3362 4888 3551 4947 desunt
3575 4891 3624 4945 1.
3659 4888 3713 4943 ι.
3741 4888 3791 4962 6.

545 4963 612 5017 G.
642 4961 807 5033 Sang.
838 4963 890 5017 1.
913 4960 968 5015 2.
993 4957 1141 5017 can.
1165 4961 1297 5033 That.
1325 4957 1539 5033 Cambf
1582 4962 1628 4995 ³⁹
1662 4978 1716 5032 p.
1747 4964 1851 5018 hoc
1884 4963 2089 5027 fecerit,
2116 4963 2172 5017 h.
2204 4964 2240 5019 i.
2264 4979 2316 5016 n.
2346 4957 2670 5033 peticioncm
2694 4979 2746 5017 v.
2775 4965 2813 5017 l'.
2839 4965 2904 5017 de
2934 4978 3069 5032 p..r.
3109 4963 3160 5017 6.
3194 4963 3702 5033 sequentibususque
3730 4957 3792 5012 ad

547 5034 705 5156 geuge;
734 5030 918 5104 capitis
953 5033 1146 5088 omisit.
1252 5031 1299 5064 δ’
1325 5032 1383 5089 Ιι.
1411 5040 1453 5085 ι.
1500 5033 1537 5087 i.
1568 5030 1688 5087 ante
1738 5049 1806 5089 ne
1841 5035 1956 5089 her.
1998 5032 2217 5089 collocat
2257 5033 2312 5088 4.
2349 5030 2361 5032 “
2424 5032 2468 5065 ιτ
2497 5033 2879 5105 perﬁciendam
2914 5030 2968 5090 5.
3006 5030 3325 5104 proﬁciendi
3348 5032 3417 5091 Β.
3464 5032 3469 5036 ’
3520 5030 3567 5063 ⁸⁸
3589 5030 3794 5088 cohere-

2073 5211 2305 5270 NOTAE.

558 5438 571 5452 .
628 5367 805 5452 tbiv‘.
834 5368 898 5424 B.
936 5369 1105 5452 Pith.,
1129 5371 1327 5452 ξηρῆς..
1356 5369 1583 5452 Nam},
1611 5370 1804 5452 Rheni.
1853 5371 2001 5452 Eam,
2040 5371 2130 5452 hic
2234 5372 2426 5435 nostri,
2470 5370 2818 5452 ita_vide_licet
2841 5379 2901 5428 ut
2926 5372 3265 5452 medietatem
3294 5372 3523 5452 wirgildi
3548 5373 3660 5452 eius
3685 5370 3799 5452 epit

558 5440 991 5517 inﬁguntur!!!
1015 5443 1158 5517 (ιρρά
1182 5442 1387 5517 misine
1427 5441 1593 5517 refert
1630 5442 1760 5517 ex).
1793 5458 1831 5497 ιι
1857 5440 2128 5517 capitum
2237 5457 2432 5517 scapus
2468 5442 2788 5517 utilitatibus
2830 5444 3090 5517 ecclesiae
3123 5444 3210 5500 cui
3252 5440 3484 5517 praefuit
3512 5445 3801 5517 t_rihuat,__e|

557 5508 763 5586 αξξ-ι.
792 5509 846 5586 i_,
875 5508 1208 5586 Bell.,:Met.,
1234 5508 1445 5586 Camb”
1475 5513 1531 5586 in
1564 5513 1670 5586 line
1697 5513 1742 5586 l1
1765 5528 1805 5567 ιι
1832 5508 2134 5586 collocant:
2241 5508 2464 5586 alteram
2491 5513 2842 5586 medietatem
2869 5514 2924 5569 in
2968 5508 3308 5586 eleemosytia
3328 5584 3338 5586 _
3356 5514 3499 5570 illius
3532 5515 3674 5586 iuste
3704 5510 3788 5586 dis

564 5597 587 5631 ‹
621 5577 690 5655 1ῥ
712 5580 769 5655 b_
793 5578 876 5655 De
895 5578 1149 5655 solutione
1179 5584 1336 5655 occisi
1367 5577 1668 5655 presbyteri.
1712 5582 2018 5655 Presbyteri
2053 5580 2139 5655 in-
2242 5582 2476 5655 pertint;
2544 5583 2912 5655 quiamnullus
2938 5583 3112 5655 nobis
3158 5577 3275 5640 eius
3325 5584 3484 5640 heres
3530 5580 3802 5655 prosimiot

563 5648 772 5707 terfecti
794 5649 1045 5776 episcqipo
1068 5652 1138 5707 ad
1175 5653 1328 5734 cuius
1350 5648 1688 5722 parrochiam
1720 5648 2007 5723 pertinent,
2033 5652 2139 5706 sol—
2244 5648 2473 5716 videtur,
2499 5648 2660 5721 quam
2686 5652 2773 5709 ille
2812 5654 2903 5723 qui
2933 5654 3105 5723 ipsum
3130 5656 3356 5712 Domino
3383 5648 3604 5712 sociavit
3628 5650 3782 5724 [ΡίιΙι.

567 5729 759 5776 vantur
791 5737 953 5776 secun
994 5737 1084 5776 um
1123 5723 1414 5776 camtularo
1441 5724 1656 5776 aloriosi
1682 5724 1860 5776 Karoli
1884 5723 2142 5776 nouiter-is
2248 5723 2449 5776 Puris“
2477 5740 2578 5776 om.
2614 5738 2841 5776 etiam...
2872 5725 3138 5776 socimitl.
3178 5746 3196 5776 ι

567 5729 759 5779 vantur
791 5723 1084 5779 secundum
1123 5723 1414 5793 capitatam
1441 5724 1656 5794 gloriosi
1681 5724 1860 5781 Kamli
1884 5723 2142 5793 genitoris
2248 5723 2449 5789 Parim,
2477 5740 2578 5778 om.
2614 5738 2841 5793 quam...
2872 5725 3138 5798 sociauit].
3178 5746 3196 5779 ι
