3992 6344
205 299 325 354 573

787 292 1014 350 CODEX
1049 282 1567 347 DlPLOllATlCUS.
1590 321 1660 330 —
1683 289 1998 344 CAPITUL.
2039 289 2129 344 AB
2165 289 2503 347 ANSEG‘lSO
2539 289 2918 349 COLLECTA.

3380 297 3486 353 574

199 409 330 462 eius
356 406 402 462 si
431 415 620 476 sponte
646 403 896 468 noluerit,
921 414 1014 458 aut
1039 420 1135 472 per
1162 401 1410 457 comitem
1438 408 1529 453 aut
1550 414 1648 468 per
1670 398 1798 452 mis-
1825 404 1873 464 Α
1902 403 2080 461 mant;
2127 397 2281 452 cuius
2339 398 2724 466 conpositionis
2779 398 2916 452 duae
2969 407 3152 468 partes
3195 400 3245 455 ei
3297 396 3485 457 contra

197 514 331 552 sunt
354 498 480 552 eius
503 496 872 564 distringatur,
902 502 961 546 ut
983 493 1302 548 divisionem
1343 507 1466 546 cum
1493 491 1585 544 illo
1615 488 1794 553 faciat,

197 589 273 643 ad
310 604 474 660 quem
511 586 794 644 defunctus
839 585 1192 640 hereditatem
1232 598 1385 637 suam
1419 581 1587 635 voluit
1617 581 1633 610 ⁸
1671 594 1796 648 per-

196 681 418 734 venire.
450 679 517 733 Et
559 677 604 732 si
633 677 854 733 cuilibet
875 675 1139 734 ecclesiae
1181 689 1301 728 eam
1336 671 1546 726 tradere
1566 671 1796 740 rogavit,

195 769 436 825 coheres
472 767 590 822 eius
621 781 739 820 eam
771 765 944 835 legem
991 779 1114 820 cum
1157 763 1247 818 illa
1288 762 1514 819 ecclesia
1547 761 1614 817 de
1640 777 1798 831 prae-

192 861 348 915 dicta
387 858 687 914 hereditate
706 857 922 924 habeat,
949 872 1110 928 quam
1138 871 1260 912 cum
1285 854 1392 910 alio
1416 853 1678 910 coherede
1698 868 1798 909 suo

193 951 414 1010 habere
447 950 676 1005 debebat
714 950 757 1002 ’.
784 947 854 1001 Et
881 947 983 1002 hoc
1009 948 1326 1002 observetur
1355 959 1482 1015 erga
1510 952 1719 1013 patrem
1743 950 1800 996 et

191 1041 377 1095 lilium
409 1046 465 1094 et
489 1045 739 1107 nepotem
767 1052 935 1106 usque
962 1035 1030 1091 ad
1064 1050 1234 1090 annos
1267 1033 1564 1104 legitimos;
1611 1039 1798 1102 postea

194 1139 357 1201 ipsae
386 1147 475 1185 res
501 1129 568 1184 ad
588 1128 964 1184 inmunitatem
993 1127 1159 1196 ipsius
1192 1125 1454 1180 ecclesiae
1481 1125 1722 1179 redeant.

271 1223 366 1278 l9.
413 1221 495 1275 De
528 1220 824 1274 homicidiis
851 1217 1203 1290 prohibendis.
1255 1216 1590 1287 Quicumque
1624 1214 1799 1269 homi-

191 1329 326 1368 nem
374 1321 471 1367 aut
493 1325 561 1367 ex
589 1311 694 1366 levi
732 1325 895 1366 causa
919 1318 1011 1366 aut
1053 1309 1171 1365 sine
1198 1324 1361 1365 causa
1388 1306 1716 1364 interfecerit
1752 1307 1794 1374 ³,

192 1404 516 1474 wirgildum
546 1402 666 1458 eius
693 1400 714 1433 δ
745 1401 863 1467 his,
907 1402 976 1456 ad
1007 1415 1142 1470 quos
1187 1399 1279 1455 ille
1305 1399 1565 1470 pertinet,
1599 1412 1798 1466 conpo-

191 1505 312 1552 nat.
337 1497 461 1566 lpse
479 1511 603 1550 vero
620 1503 838 1564 propter
860 1494 1022 1548 talem
1049 1493 1541 1563 praesumptionem
1569 1489 1623 1544 in
1647 1491 1790 1545 exsi-

193 1587 333 1656 lium
390 1585 656 1650 mittatur,
683 1583 751 1640 ad
781 1594 1038 1654 quantum
1082 1591 1293 1656 tempus
1325 1581 1478 1638 nobis
1499 1580 1792 1654 placuerit;

192 1691 284 1730 res
313 1683 507 1729 tamen
532 1689 658 1728 suas
687 1689 792 1728 non
816 1675 1052 1728 amittat.

1898 501 2055 555 quem
2095 487 2274 539 testati
2301 496 2426 541 sunt
2458 487 2672 551 dentur,
2720 488 2878 541 tertia
2921 503 3019 557 pro
3048 487 3198 544 fredo
3223 491 3483 547 solvatur.

1897 576 1964 630 Et
2001 576 2057 630 in
2089 577 2317 631 seculari
2359 577 2576 647 quidem
2626 593 2788 632 causa
2843 578 3212 634 huiuscemodi
3264 583 3487 638 testium

1895 664 2182 722 diversitas
2227 683 2416 735 campo
2463 668 2841 737 conprobetur.
2875 668 2934 724 ln
2973 669 3354 727 ecclesiasticis
3392 689 3488 728 au-

1896 765 2004 813 tem
2027 758 2225 823 causis,
2253 759 2343 812 ubi
2370 759 2435 812 de
2463 775 2566 814 una
2602 767 2754 830 parte
2781 761 3040 828 seculare,
3069 761 3137 818 de
3161 764 3330 819 altera
3357 780 3488 823 vero

1895 849 2317 906 ecclesiasticum
2358 852 2629 922 negotium
2662 860 2745 907 est
2786 852 2853 918 ²³,
2896 853 3034 909 idem
3065 858 3257 911 modus
3301 859 3486 914 obser-

1894 950 2050 995 vetur
2075 940 2141 996 “.
2185 943 2281 998 Ubi
2325 958 2451 998 vero
2489 959 2555 997 ex
2599 952 2825 1014 utraque
2855 953 3008 1015 parte
3055 949 3485 1006 ecclesiasticum

1895 1030 2072 1100 fuerit,
2099 1041 2338 1090 rectores
2364 1034 2654 1091 earundem
2692 1038 3058 1107 ecclesiarum,
3088 1041 3134 1097 si
3161 1058 3220 1096 se
3246 1041 3485 1098 familia-

1894 1123 2027 1177 riter
2061 1123 2346 1193 pacillcare
2381 1126 2566 1192 velint,
2595 1127 2866 1184 licentiam
2897 1131 3146 1188 habeant.
3197 1135 3252 1190 Si
3301 1145 3481 1191 autem

1895 1213 1960 1266 de
1982 1213 2348 1269 huiuscemodi
2374 1216 2747 1286 pacificatione
2771 1219 2911 1275 inter
2935 1236 3030 1278 eos
3057 1225 3344 1280 convenire
3373 1243 3483 1282 non

1892 1303 2101 1372 possint
2126 1305 2192 1371 ",
2220 1305 2464 1361 advocati
2493 1323 2681 1364 eorum
2717 1309 2774 1365 in
2807 1311 2968 1366 mallo
3001 1315 3214 1382 publico
3238 1315 3303 1370 ad
3329 1332 3485 1386 prae-

1893 1397 2121 1452 sentiam
2150 1399 2363 1454 comitis
2410 1401 2645 1465 veniant,
2683 1409 2739 1458 et
2785 1401 2860 1457 ibi
2905 1403 3175 1474 legitimus
3224 1407 3485 1462 terminus

1892 1504 2076 1545 eorum
2119 1493 2552 1548 contentionibus
2589 1495 2893 1564 inponatur.
2944 1495 3131 1551 Testes
3160 1497 3206 1528 "
3243 1514 3370 1554 vero
3416 1498 3485 1555 de

1893 1582 2130 1652 qualibet
2153 1599 2314 1639 causa
2343 1601 2451 1640 non
2487 1585 2703 1642 aliunde
2735 1594 3082 1657 quaerantur,
3119 1589 3224 1644 nisi
3262 1590 3330 1647 de
3367 1591 3485 1663 ipso

1894 1672 2155 1727 comitatu
2212 1673 2267 1728 in
2317 1690 2422 1743 quo
2483 1690 2569 1730 res
2617 1676 2759 1730 unde
2816 1693 2977 1732 causa
3034 1679 3230 1750 agitur,
3276 1681 3486 1750 positae

263 1764 362 1820 20.
395 1763 473 1818 De
497 1763 613 1827 hoc,
664 1763 804 1834 quod
835 1763 889 1817 in
918 1763 1324 1832 conpositionem
1375 1760 1599 1832 wirgildi
1624 1760 1644 1792 ⁸
1673 1759 1790 1812 dari
1823 1751 1868 1809 Β
1894 1771 2056 1829 sunt;
2089 1765 2214 1834 quia
2257 1781 2362 1821 non
2393 1774 2476 1821 est
2504 1767 2777 1834 credibile,
2815 1776 2874 1822 ut
2908 1769 2990 1824 vel
3029 1771 3095 1825 de
3130 1779 3273 1826 statu
3308 1775 3485 1829 homi-

191 1855 410 1909 debeat.
446 1853 507 1908 In
555 1854 982 1926 conpositionem
1011 1853 1032 1883 ⁸
1062 1851 1297 1922 wirgildi
1343 1852 1588 1906 volumus
1631 1859 1691 1904 ut
1733 1865 1797 1904 ea

191 1947 405 2001 dentur
431 1960 570 2014 quae
595 1945 647 2000 in
673 1961 786 2014 tege
818 1945 1178 2009 eoutincntur,
1208 1953 1431 2012 excepto
1465 1943 1724 2012 accipitre
1743 1947 1798 1995 et

193 2039 400 2108 spatha
445 2040 504 2104 ';
559 2038 684 2108 quia
717 2043 935 2108 propter
981 2036 1070 2090 illa
1095 2036 1202 2090 duo
1230 2036 1513 2105 aliquoties
1550 2037 1571 2067 ⁸
1613 2034 1798 2104 periu-

191 2131 338 2185 rium
362 2129 742 2194 committitur,
775 2129 988 2198 quando
1034 2127 1256 2184 maioris
1279 2127 1440 2198 pretii
1491 2141 1653 2197 quam
1703 2124 1796 2179 illa

191 2221 305 2278 sint
333 2233 462 2277 esse
492 2218 763 2272 iurantur.

260 2309 357 2366 21.
387 2308 467 2364 De
490 2317 643 2379 raptu
691 2307 985 2362 alienarum
1028 2322 1360 2378 sponsarum.
1393 2303 1450 2360 Si
1475 2320 1597 2376 quis
1629 2319 1794 2374 spon-

191 2422 312 2462 sam
354 2405 588 2461 alienam
617 2405 875 2475 rapuerit,
909 2411 1001 2458 aut
1025 2403 1165 2474 patri
1207 2403 1324 2458 eius
1356 2410 1450 2456 aut
1489 2401 1559 2466 ei,
1590 2401 1681 2470 qui
1713 2400 1793 2454 le-

192 2498 356 2568 gibus
382 2497 502 2552 eius
541 2496 562 2525 '
593 2495 845 2551 defensor
870 2510 988 2550 esse
1032 2495 1209 2560 debet,
1252 2508 1372 2548 cum
1409 2507 1506 2547 sua
1531 2492 1644 2561 lege
1675 2506 1793 2545 eam

193 2589 416 2655 reddat;
442 2597 498 2645 et
519 2589 777 2659 quicquid
797 2604 918 2642 cum
948 2587 990 2618 ¹⁰
1013 2601 1076 2642 ea
1102 2587 1302 2654 tulerit,
1330 2584 1578 2640 semotim
1604 2599 1795 2637 unam-

194 2696 472 2751 quamque
504 2696 620 2735 rem
652 2681 944 2735 secundum
990 2678 1160 2751 legem
1190 2678 1397 2734 reddat.
1447 2678 1513 2732 Et
1545 2678 1585 2710 “
1613 2677 1658 2731 si
1690 2678 1792 2732 hoc

196 2772 452 2832 defensor
485 2773 601 2830 eius
626 2771 922 2842 perpetrari
950 2769 1303 2835 consenserit,
1335 2776 1390 2823 et
1421 2767 1540 2823 ideo
1589 2767 1792 2838 raptori

197 2865 335 2919 nihil
363 2879 617 2934 quaerere
642 2864 890 2927 voluerit,
920 2878 1100 2918 comes
1129 2863 1170 2895 "
1203 2860 1546 2932 singulariter
1570 2859 1635 2915 de
1660 2875 1794 2914 una-

205 2971 424 3024 quaque
444 2970 503 3008 re
539 2956 581 2987 ¹³
608 2954 754 3010 freda
781 2963 964 3009 nostra
995 2953 1039 2985 ιδ
1068 2953 1134 3007 ab
1159 2967 1222 3007 eo
1261 2960 1512 3006 exactare
1539 2951 1582 2981 ¹⁸
1606 2950 1788 3004 faciat.

215 3045 430 3112 Sponso
455 3045 495 3074 “
518 3059 639 3101 vero
670 3043 838 3114 legem
861 3059 1012 3098 suam
1038 3050 1325 3112 conponat,
1353 3049 1407 3095 et
1426 3041 1642 3110 insuper
1659 3041 1792 3094 ban-
1820 3101 1862 3124 η

209 3151 344 3190 num
382 3143 640 3201 nostrum,
678 3135 729 3204 id
769 3142 853 3190 est
899 3135 1179 3206 sexaginta
1215 3132 1432 3197 solidos,
1461 3132 1669 3197 solvat;
1706 3145 1791 3215 vel

201 3223 262 3278 in
299 3224 657 3293 praesentiam
693 3233 933 3280 nostram
959 3239 1141 3278 comes
1176 3238 1298 3277 eum
1329 3221 1580 3276 advenire
1603 3220 1786 3297 faciat,

198 3323 256 3369 ct
283 3323 487 3383 quanto
509 3324 747 3384 tempore
775 3315 928 3370 nobis
953 3314 1234 3384 placuerit,
1279 3314 1332 3366 in
1363 3313 1524 3368 exilio
1550 3319 1786 3375 maneat,

198 3414 258 3458 et
283 3405 432 3457 illam
457 3403 710 3457 feminam
745 3403 796 3458 ei
832 3404 1028 3458 habere
1059 3419 1167 3458 non
1194 3402 1371 3457 liceat.

266 3496 360 3549 (ἐξ.
389 3494 466 3549 De
502 3493 654 3564 falsis
685 3494 896 3549 testibus
923 3493 1284 3549 convincendis
1335 3494 1396 3545 ".
1428 3492 1486 3547 Si
1523 3491 1643 3561 quis
1669 3507 1789 3548 cum

196 3585 376 3642 altero
416 3585 484 3638 de
536 3584 774 3655 qualibet
820 3600 984 3640 causa
1012 3584 1054 3617 ³⁸
1079 3583 1480 3640 contentionem
1523 3582 1788 3650 habuerit,

193 3685 248 3730 et
285 3685 460 3730 testes
497 3684 684 3730 contra
722 3689 844 3730 eum
871 3689 968 3746 per
992 3673 1246 3730 iudicium
1279 3673 1526 3746 producti
1571 3673 1787 3741 fuerint,

151 3822 154 3825 .
192 3769 240 3825 si
267 3769 364 3823 ille
381 3759 546 3822 falsos
569 3784 664 3823 eos
688 3769 807 3823 esse
843 3767 1166 3838 suspicatur,
1191 3766 1349 3823 liceat
1367 3768 1417 3823 ei
1444 3768 1578 3823 alios
1604 3776 1789 3829 testes.

192 3879 337 3931 quos
367 3861 620 3916 meliores
641 3861 894 3930 potuerit,
923 3868 1109 3918 contra
1133 3876 1227 3915 eos
1248 3874 1535 3932 opponere,
1560 3867 1620 3914 ut
1644 3877 1794 3916 vera-

192 3956 335 4009 tium
367 3952 679 4007 testimonio
714 3950 971 4006 falsorum
1010 3951 1230 4007 testium
1269 3951 1594 4023 perversitas
1638 3967 1795 4022 supe-

192 4052 374 4098 retur.
419 4042 573 4110 Quod
599 4043 644 4098 si
671 4045 858 4098 ambae
895 4051 1077 4114 partcs
1117 4045 1340 4098 testium
1387 4043 1462 4098 ita
1489 4044 1529 4075 ⁸⁹
1552 4044 1692 4098 inter
1735 4061 1794 4101 se

192 4134 579 4199 dissenserint,
635 4143 693 4189 ut
742 4135 1048 4190 nullatenus
1089 4150 1196 4190 una
1244 4151 1370 4204 pars
1403 4135 1556 4190 alteri
1598 4135 1796 4192 cedere

192 4226 351 4288 velit,
383 4225 652 4293 eligantur
673 4225 777 4280 duo
810 4240 876 4279 ex
902 4225 1051 4294 ipsis,
1092 4225 1146 4279 id
1191 4234 1275 4280 est
1299 4239 1364 4279 ex
1389 4234 1616 4296 utraque
1643 4237 1795 4298 parte

193 4332 367 4378 unus,
395 4315 486 4383 qui
513 4330 635 4368 cum
663 4316 830 4370 scutis
855 4323 909 4368 et
936 4315 1166 4370 fustibus
1193 4315 1247 4369 in
1281 4331 1470 4386 campo
1495 4315 1790 4389 decerleut,

192 4416 320 4462 utra
368 4420 495 4473 pars
521 4404 826 4472 falsitatem,
874 4415 996 4460 utra
1028 4407 1072 4438 ³⁸
1109 4409 1392 4462 veritatem
1419 4409 1462 4440 ²⁰
1514 4425 1611 4465 suo
1637 4410 1792 4465 testi-

1895 1856 1980 1910 nis
2027 1856 2111 1910 vel
2150 1857 2217 1912 de
2254 1859 2590 1929 possessione
2641 1860 2924 1916 cuiuslibet
2972 1876 3070 1932 per
3114 1863 3247 1918 alios
3293 1865 3486 1921 melius

1895 1945 1974 1999 rei
2000 1947 2198 2002 veritas
2223 1949 2472 2017 cognosci
2498 1949 2693 2014 valeat,
2728 1965 2888 2019 quam
2931 1966 3027 2022 per
3066 1952 3185 2008 illos
3223 1954 3314 2023 qui
3357 1954 3487 2010 vici-

1893 2035 2074 2091 niores
2098 2045 2240 2092 sunt.
2274 2038 2330 2092 Si
2356 2047 2534 2092 tamen
2561 2040 2832 2094 contentio
2855 2056 2991 2110 quae
3014 2043 3154 2096 inter
3180 2057 3274 2097 eos
3299 2052 3487 2099 exorta

1893 2138 1995 2192 est,
2029 2129 2083 2183 in
2109 2129 2341 2185 confinio
2369 2131 2594 2186 duorum
2623 2133 2971 2188 comitatuum
2999 2134 3182 2204 fuerit,
3220 2136 3379 2192 liceat
3406 2137 3486 2194 eis

1898 2221 1964 2275 de
2003 2220 2178 2275 vicina
2221 2230 2445 2277 centena
2499 2222 2792 2280 adiacentis
2829 2226 3116 2282 comitatus
3159 2227 3227 2283 ad
3265 2244 3485 2284 causam

1894 2325 2047 2364 suam
2078 2319 2245 2366 testes
2270 2311 2488 2366 habere.

1967 2401 2058 2456 25.
2087 2401 2164 2455 De
2177 2402 2385 2474 proprio
2413 2401 2467 2456 in
2490 2402 2718 2456 hannum
2746 2404 2790 2435 ²⁷
2817 2406 2995 2459 misso.
3019 2405 3414 2478 Cuiuscumque
3436 2409 3483 2441 ”

1895 2493 2130 2547 hominis
2167 2493 2470 2563 proprietas
2518 2493 2586 2548 ob
2621 2494 2825 2548 crimen
2869 2495 3103 2565 aliquod,
3151 2497 3294 2568 quod
3337 2499 3481 2555 idem

1893 2584 2055 2640 habet
2083 2567 2539 2650 commissumrin
2577 2584 2811 2639 hannum
2853 2583 3014 2641 fuerit
3052 2567 3237 2652 missa,
3271 2597 3326 2643 et
3371 2589 3480 2656 ille,

1893 2691 1952 2732 re
1973 2677 2207 2748 cognita,
2239 2693 2309 2732 ne
2342 2677 2603 2731 iustitiam
2634 2675 2815 2743 faciat,
2843 2680 3027 2735 venire
3063 2679 3350 2746 distulerit,
3388 2698 3485 2736 an-

1891 2781 2127 2837 numque
2152 2783 2216 2823 ac
2241 2768 2380 2823 diem
2411 2767 2465 2821 in
2497 2781 2561 2822 eo
2601 2768 2780 2823 banno
2827 2769 2974 2825 illam
3007 2785 3126 2826 esse
3153 2772 3480 2840 permiserit,

1893 2856 2120 2912 ulterius
2145 2873 2263 2912 eam
2306 2874 2412 2912 non
2440 2858 2707 2927 adquirat,
2755 2860 2848 2914 sed
2885 2859 3000 2929 ipsa
3050 2861 3179 2916 fisco
3224 2871 3409 2917 nostro
3438 2864 3482 2894 ¹⁹

1893 2946 2145 3002 societur.
2177 2946 2425 3001 Debitum
2471 2962 2617 3014 vero,
2647 2949 2788 3016 quod
2835 2949 2881 3004 is
2905 2950 3058 3004 cuius
3086 2967 3149 3005 ea
3181 2951 3223 2982 ’°
3253 2950 3354 3006 fuit
3379 2952 3486 3007 sol-

1892 3051 2017 3091 vere
2038 3035 2242 3101 debuit,
2272 3052 2367 3106 per
2403 3037 2654 3091 comitem
2699 3053 2762 3092 ac
2801 3039 3077 3094 ministros
3104 3041 3146 3071 "
3187 3040 3304 3095 eius
3334 3041 3482 3097 iuxta

1892 3126 2318 3182 aestimationem
2359 3127 2560 3192 damni,
2593 3127 2658 3182 de
2680 3129 2840 3183 rebus
2863 3129 3148 3184 mobilibus
3176 3131 3219 3160 δ’
3249 3146 3387 3200 quae
3423 3133 3481 3187 in

1891 3216 2078 3272 eadem
2121 3217 2447 3286 proprietate
2488 3218 2738 3274 inventae
2765 3218 2982 3287 fuerint,
3009 3222 3094 3277 his
3118 3223 3313 3292 quibus
3339 3224 3480 3280 idem

1891 3308 2101 3363 debitor
2124 3307 2244 3374 fuit,
2268 3309 2594 3363 exsolvatur.
2624 3309 2776 3378 Quod
2818 3312 2864 3366 si
2909 3327 3090 3367 rerum
3115 3315 3395 3370 mobilium
3431 3316 3480 3347 ³³

1892 3400 2090 3457 ibidem
2151 3399 2491 3454 inventarum
2549 3401 2770 3456 tantitas
2825 3401 2872 3433 “
2929 3403 2997 3458 ad
3056 3405 3482 3474 conpositionem

1891 3510 1999 3549 non
2034 3491 2308 3559 sullicerit,
2340 3493 2404 3549 de
2429 3493 2475 3525 ³⁸
2501 3493 2866 3550 immobilibus
2888 3495 3228 3566 suppleatur;
3257 3505 3312 3550 et
3337 3498 3481 3567 quod

1891 3583 2235 3655 superfuerit,
2265 3584 2406 3640 sicut
2445 3584 2647 3640 dictum
2691 3592 2792 3651 est,
2821 3585 2986 3642 fiscus
3023 3595 3210 3642 noster
3239 3587 3284 3618 “
3310 3588 3484 3658 possi-

1892 3677 2032 3732 deat.
2056 3676 2113 3731 Si
2138 3675 2270 3730 nihil
2293 3691 2454 3746 super
2475 3677 2900 3746 conpositionem
2928 3692 3207 3734 remanere
3231 3679 3274 3711 "’
3299 3688 3485 3750 potue-

1892 3769 2002 3834 rit,
2030 3775 2202 3822 totutn
2241 3768 2295 3824 in
2343 3767 2490 3822 illam
2520 3768 2566 3801 ⁸⁸
2611 3771 2962 3838 expendatur.
3013 3770 3071 3825 Si
3115 3780 3293 3826 autem
3320 3772 3486 3829 homo

1892 3859 1982 3913 ille
2005 3858 2239 3913 nondum
2275 3874 2396 3913 cum
2424 3859 2538 3915 suis
2579 3860 2933 3918 coheredibus
2953 3861 2997 3894 "
3019 3864 3296 3934 proprium
3322 3880 3482 3920 suum

1891 3949 2123 4005 divisum
2149 3949 2356 4016 habuit,
2389 3958 2648 4006 convocet
2675 3965 2768 4007 eos
2795 3967 2994 4020 comes,
3025 3960 3223 4010 etcum
3245 3955 3324 4010 eis
3348 3955 3482 4026 legi-

1893 4041 2076 4095 timam
2111 4039 2427 4095 divisionem
2471 4040 2668 4106 faciat;
2705 4049 2760 4096 et
2782 4050 2928 4108 tunc,
2953 4042 3093 4098 sicut
3136 4043 3243 4096 iam
3275 4044 3480 4099 dictum

1891 4138 1991 4196 est,
2015 4137 2224 4200 partem
2247 4130 2364 4186 eius
2382 4129 2512 4187 fisco
2539 4140 2724 4187 nostro
2744 4131 2788 4164 ‘°
2812 4133 3044 4198 addicat,
3073 4141 3128 4188 et
3149 4134 3480 4203 conpositio-

1892 4234 2016 4274 nem
2043 4220 2107 4275 de
2129 4234 2193 4275 ea
2223 4219 2287 4286 “,
2313 4221 2462 4275 iuxta
2491 4222 2707 4276 modum
2751 4223 2996 4292 superius
3025 4225 3476 4294 conprehensum,

1893 4311 1977 4368 bis
2027 4312 2096 4366 ad
2136 4327 2271 4384 quos
2299 4311 2390 4368 illa
2435 4312 2640 4386 legibus
2686 4315 2918 4385 pertinet
2944 4316 3206 4372 exsolvat.
3255 4315 3408 4385 Quod
3430 4316 3477 4351 ’⁵⁸

1894 4404 2070 4460 sinon
2115 4406 2180 4460 de
2223 4405 2326 4460 alia
2373 4421 2452 4472 re,
2491 4405 2680 4462 scd'de
2710 4407 2824 4476 ipsa
2867 4409 3197 4479 proprietate
3243 4425 3382 4480 quae
3421 4411 3479 4471 in

197 4456 318 4462 -τη
372 4456 416 4473 τν
880 4456 996 4460 --η
1123 4456 1392 4462 -ν---ω-
1514 4456 1608 4465 --ν
1639 4456 1762 4465 η---
2121 4456 2175 4460 --
2492 4456 2584 4461 -η
2620 4456 2676 4462 --
2710 4456 2824 4476 τη
2868 4456 3196 4479 τ-νι--υν---ν
3245 4456 3381 4480 νυν

192 4490 387 4548 monio
413 4505 686 4563 sequatur.
727 4495 794 4549 Et
835 4496 1102 4566 campioni
1129 4497 1220 4566 qui
1241 4498 1418 4554 victus
1452 4497 1632 4567 fuerit,
1660 4515 1786 4569 pro-
1818 4456 1869 4518 D
1892 4495 2126 4550 hannum
2162 4497 2326 4552 missa
2349 4496 2449 4552 fuit
2469 4514 2532 4552 ac
2553 4514 2649 4569 per
2677 4501 2778 4555 hoc
2804 4500 2858 4554 in
2892 4510 3132 4556 nostram
3152 4513 3477 4573 potestatem

191 4594 318 4656 pter
344 4583 641 4652 periurium
663 4584 803 4653 quod
826 4585 870 4617 ¹¹
899 4594 1023 4640 ante
1053 4596 1299 4656 pugnam
1333 4589 1621 4655 commisit,
1662 4590 1793 4644 dex-

193 4682 315 4731 tera
356 4689 548 4728 manus
585 4682 923 4743 amputetur;
974 4675 1140 4732 ceteri
1168 4691 1294 4731 vero
1337 4677 1574 4732 eiusdem
1623 4680 1796 4750 partis

1895 4588 2112 4643 redacta
2138 4597 2239 4656 est,
2267 4589 2443 4644 fuerat
2477 4590 2864 4660 interpellatus,
2892 4607 3075 4650 comes
3112 4595 3169 4649 in
3195 4595 3350 4650 cuius
3371 4595 3475 4649 mi-

1899 4679 2124 4734 nisterio
2147 4695 2268 4734 eam
2295 4679 2341 4711 ⁸³
2364 4695 2484 4735 esse
2520 4682 2844 4748 constiterit,
2871 4683 2972 4738 hoc
2996 4685 3063 4738 ad
3089 4685 3336 4738 notitiam
3377 4700 3478 4738 no-

191 4782 392 4839 testes,
429 4774 523 4841 qui
567 4772 684 4829 falsi
721 4781 1081 4844 apparuerunt
1127 4774 1194 4840 ”,
1246 4788 1438 4830 manus
1487 4789 1614 4831 suas
1657 4775 1800 4830 redi-
1905 4783 2071 4828 stram
2095 4772 2334 4843 perferre
2370 4781 2542 4840 curet,
2574 4783 2632 4829 ut
2658 4790 2758 4831 nos
2798 4775 3024 4831 eandem
3069 4777 3476 4847 proprietatem,

421 4871 432 4881 '
1439 4883 1832 4942 VARIANTES
1867 4882 2268 4940 LECTlONES.

274 4997 294 5028 ³
321 4994 504 5049 noluit
523 4993 588 5049 G.
663 4996 686 5030 ³
709 4994 869 5050 debet
894 4994 969 5049 Γ.
1002 4994 1194 5050 debeat
1215 4996 1268 5050 3.
1294 4993 1360 5050 G.
1380 5010 1618 5064 quam...
1651 4995 1881 5064 debebat
1911 4993 2096 5064 desunt
2119 4993 2199 5064 Β.
2253 4992 2282 5064 _'
2306 4991 2579 5064 interficit,
2615 4993 2698 5048 bis
2732 5001 2999 5064 conponat
3031 4993 3375 5062 werigeldum
3404 4995 3476 5051 ad

190 5081 343 5136 quos
383 5066 618 5136 pertinet
656 5065 769 5136 ipse
795 5065 874 5136 6.,
909 5134 917 5136 _
959 5065 982 5096 ⁸
1023 5065 1162 5136 deest
1195 5067 1248 5121 5.
1278 5065 1330 5118 4.
1359 5063 1424 5120 ΟΖ

192 5134 488 5206 vvergeldi.
597 5136 619 5167 ⁸
644 5134 1027 5206 campositione
1049 5137 1083 5190 5
1109 5135 1172 5188 Β.

193 5207 250 5259 d.
279 5201 348 5260 εἴ
373 5201 805 5274 peroonsenserit
829 5206 882 5260 6.
986 5206 1026 5240 ι’
1053 5205 1235 5261 comiti
1279 5201 1344 5260 G.

196 5276 246 5306 "
271 5291 334 5328 n.
375 5285 624 5345 exactam
645 5277 702 5331 3.
732 5283 962 5342 exactet,
987 5291 1069 5345 sp.
1101 5275 1152 5329 6.
1233 5277 1274 5309 “
1306 5290 1533 5344 sponsus
1567 5276 1620 5330 3.

1266 5137 1285 5167 "
1302 5143 1461 5204 Aspata
1488 5134 1562 5192 ι’.

1527 5065 1548 5096 ⁸
1574 5063 1839 5135 widrigild
1873 5065 1928 5120 5.
1959 5063 2204 5135 uuirgyld
2237 5061 2290 5117 d.
2319 5079 2426 5118 non
2469 5062 2524 5119 d.
2562 5063 2634 5118 Γ.
2665 5061 2973 5134 uueregeldi
3003 5063 3056 5118 4.
3093 5061 3269 5132 postea
3303 5076 3471 5120 ροηδε.

1527 5135 1562 5189 ⁵.
1677 5136 1698 5166 ⁸
1727 5134 2000 5189 multoties
2023 5132 2075 5186 6.
2171 5133 2191 5164 ³
2225 5133 2276 5188 ci
2303 5133 2375 5187 l‘.
2467 5134 2509 5164 ¹⁶
2537 5149 2698 5189 supra
2731 5150 2854 5188 eum
2871 5135 2922 5189 6.
3021 5135 3062 5164 “
3105 5134 3248 5189 quod
3290 5135 3335 5188 si
3371 5135 3471 5189 hoc

1448 5205 1491 5237 “
1522 5221 1636 5260 rem
1666 5213 1951 5273 componat
1977 5201 2042 5256 Ο.
2072 5202 2293 5274 (reliqua
2318 5203 2491 5258 omnia
2516 5201 2744 5274 desunt).
2845 5203 2886 5234 “
2913 5201 3385 5258 fredamnostram
3415 5205 3470 5260 4.

1448 5291 1533 5330 sus
1567 5276 1620 5330 3.
1720 5277 1761 5306 ¹⁷
1785 5275 1954 5345 εηιιοε
1977 5273 2268 5345 admodum
2287 5275 2550 5345 contraxit
2567 5275 2618 5327 6.
2696 5275 2740 5305 ¹⁸
2769 5288 2826 5327 re
2861 5274 2914 5329 l.
2944 5273 2994 5335 4,
3024 5272 3076 5327 6.
3157 5274 3470 5345 "deestﬁ'.

2171 5133 2191 5164 ³
2225 5133 2276 5188 ci
2303 5133 2375 5187 1·.
2467 5134 2509 5164 ¹⁶
2537 5149 2698 5202 supra
2731 5133 2854 5188 eum
2871 5135 2922 5189 6.
3021 5135 3062 5164 “
3105 5134 3248 5202 quod
3290 5135 3335 5188 si
3371 5135 3474 5189 hoc

2845 5203 2886 5234 “
2913 5202 3119 5257 fredam
3143 5213 3385 5258 nostram
3415 5205 3470 5260 4.

195 5346 243 5418 ff
267 5344 514 5418 deestill.
592 5347 646 5418 “7
666 5360 722 5415 q.
748 5361 798 5398 a.
826 5360 952 5418 p.7c.
978 5343 1161 5418 desunt
1177 5347 1230 5418 5.
1284 5343 1360 5418 ff
1378 5346 1722 5418 apparuerint
1743 5345 1798 5418 ὃ.
1825 5344 1944 5418 Bel.
1976 5343 2296 5418 apparuitl.
2322 5413 2333 5418 _
2373 5343 2506 5418 "eo
2533 5343 2577 5418 _i_.
2607 5345 2766 5398 modo
2787 5360 2836 5418 c_.
2871 5345 3205 5418 negscodem
3232 5343 3470 5418 modo}.

194 5416 244 5448 "
271 5415 363 5468 hic
390 5415 466 5468 ι’.
489 5415 669 5470 inserit
684 5413 794 5470 seu
821 5413 984 5471 etiam
1010 5415 1187 5470 crucis
1210 5413 1502 5470 iuditiorei
1523 5416 1726 5470 veritas
1751 5414 2076 5485 inquiratur.
2097 5413 2211 5468 Hoc
2229 5413 2369 5485 etde
2392 5413 2596 5485 timidis
2625 5423 2784 5485 atque
2819 5414 3176 5485 imbecillibus
3210 5416 3292 5468 vel
3324 5415 3474 5469 infir-

196 5485 330 5549 mis,
351 5486 446 5554 qui
465 5499 708 5556 pugnare
734 5501 840 5556 non
869 5486 1066 5556 valent,
1091 5501 1157 5540 ne
1181 5493 1400 5554 propter
1421 5486 1523 5540 hoc
1544 5486 1747 5544 iustitia
1767 5481 1860 5539 sua
1876 5491 2125 5556 careant,
2151 5483 2475 5556 censuimus
2486 5481 2808 5556 faciendum.
2866 5484 2933 5556 β’
2949 5485 3117 5553 possit
3147 5484 3219 5539 l'.
3294 5486 3340 5515 “
3368 5494 3468 5539 tes-

199 5552 713 5638 tes...qu:_ieran.t.ur
731 5555 995 5638 niflesunt
1013 5554 1078 5609 G.
1096 5552 1197 5638 ..π
1225 5552 1405 5638 hanno
1507 5556 1610 5638 B.“
1649 5557 1694 5587 ’⁸
1717 5557 1760 5610 si
1787 5573 1834 5637 c.
1858 5554 1923 5609 G.
1942 5553 2209 5638 “’{retgis
2457 5552 2501 5583 ”
2522 5567 2688 5638 causa
2718 5552 2816 5638 6..Δ
2861 5554 2901 5638 ξ¹
2932 5552 3473 5638 ἡιὶιιί.8ιιό·ςονγ..11ξξς

199 5625 533 5680 nistruml‘.

200 5695 247 5726 ιτ
283 5695 548 5765 repperiri
572 5693 640 5751 ο.
738 5696 784 5727 ιο
811 5696 958 5749 illum
985 5696 1034 5749 ι.
1062 5696 1134 5748 ιο.
1161 5695 1212 5749 4.
1243 5696 1371 5752 illud
1405 5694 1468 5752 C.

204 5762 398 5820 omittit
423 5767 474 5822 6.
555 5767 600 5798 "
625 5780 687 5822 ea
710 5782 762 5825 e.
787 5767 1122 5824 constituerit
1141 5766 1190 5822 4.

612 5625 656 5657 ⁸³
678 5625 947 5682 nobilibus
964 5624 1016 5679 6.
1095 5624 1139 5656 ³³
1161 5626 1416 5680 nobilium
1441 5625 1492 5680 6.
1570 5627 1616 5657 "‘
1640 5627 1913 5696 quantitas
1937 5623 2008 5677 Γ.
2033 5623 2085 5678 4.
2116 5623 2166 5677 6.
2245 5623 2290 5653 ⁸⁸
2317 5623 2472 5677 de....
2498 5623 2820 5692 superfuerit
2840 5624 3022 5679 desunt
3046 5628 3098 5679 4.
3178 5625 3223 5656 ⁸⁸
3249 5625 3390 5693 regis
3413 5626 3486 5676 6.’

612 5695 640 5751 ε.
738 5696 784 5727 ³⁸
811 5696 958 5749 illum
985 5696 1034 5749 l.
1062 5696 1134 5748 l‘.
1161 5695 1212 5749 4.
1243 5696 1371 5752 illud
1405 5694 1468 5752 G.
1558 5697 1602 5729 ”
1629 5697 1914 5754 heredibus
1941 5695 1993 5751 3.
2104 5693 2147 5724 "°
2172 5693 2311 5754 regis
2337 5691 2387 5746 6.
2492 5692 2533 5723 “
2559 5708 2624 5748 eo
2657 5695 2704 5750 l.
2807 5695 2851 5724 δ’
2874 5696 3001 5752 haec
3032 5713 3191 5754 usque
3217 5695 3286 5750 ad
3310 5695 3467 5754 ﬁnem

2104 5693 2147 5724 "°
2172 5693 2311 5766 regis
2337 5691 2387 5746 6.
2492 5692 2533 5723 “
2559 5691 2624 5748 eo
2657 5695 2704 5750 l.
2807 5695 2851 5724 δ’
2874 5696 3001 5752 haec
3032 5713 3191 5771 usque
3217 5695 3286 5750 ad
3309 5691 3467 5764 ﬁnem
