3992 6344
562 419 665 485 579
1346 414 1406 468 Β.
1445 411 1695 468 CAROLI
1735 409 1947 469 MAGNI
1984 409 2133 469 OPP.
2175 408 2353 465 PARS
2389 407 2429 464 ἰ.
2472 407 2713 465 SECTIO
2749 406 2973 464 PRIMA.
3731 404 3826 460 580

561 550 680 591 mus
697 575 712 597 ,
749 539 811 588 ut
838 530 990 586 missi
1030 526 1202 584 nostri
1221 541 1320 596 per
1346 526 1583 596 singulas
1607 526 1854 581 civitates
1879 540 1988 579 una
2019 539 2141 580 cum
2171 529 2216 585 Α
2245 523 2379 579 locis
2398 522 2590 578 dandis
2619 521 2687 576 ad
2715 522 2952 578 claustra
2985 519 3373 576 canonicorum
3397 516 3666 582 facienda,
3709 501 3752 572 si
3785 523 3826 553 ’⁸

559 627 814 695 episcopo
855 631 910 678 et
936 621 1132 676 comite
1157 620 1352 674 missos
1380 620 1395 650 ¹
1418 619 1501 674 vel
1532 625 1742 672 nostros
1769 619 2018 674 homines
2039 618 2141 673 ibi—
2243 616 2310 671 de
2357 615 2596 670 eiusdem
2630 613 2893 668 ecclesiae
2935 613 3098 666 rebus
3137 608 3300 664 fuerit
3328 610 3405 674 ἰ,
3450 618 3640 662 nostra
3675 608 3823 664 liber-

560 719 681 773 dem
706 723 1111 771 commanentes
1150 711 1368 782 eligant,
1399 725 1626 781 quorum
1652 725 1781 767 cura
1816 713 1836 742 ³
1860 711 1932 765 sit
1960 711 1981 742 ⁸
2006 725 2141 780 pon-
2242 713 2351 759 tate
2376 706 2420 736 “
2451 705 2776 760 concedatur
2802 703 2898 757 ibi.
2933 701 2993 757 Si
3030 701 3097 756 de
3123 701 3344 755 alterius
3367 700 3636 756 ecclesiae
3664 702 3744 754 vel
3767 703 3822 756 li-

559 817 644 862 tes
681 821 779 875 per
821 805 1032 860 diversa
1081 803 1200 858 loca
1243 804 1560 867 emendare,
1603 811 1657 856 et
1697 802 1719 834 ⁸
1748 818 1842 858 eos
1880 803 1970 872 qui
2019 803 2140 858 illos
2239 795 2493 849 berorum
2525 793 2802 847 hominum
2822 793 2868 823 ⁸³
2892 799 3270 846 committetur.
3306 789 3364 844 Si
3384 799 3566 845 autem
3597 791 3667 846 de
3705 791 3822 848 ﬁsco

557 899 846 953 emendare
885 897 1203 961 debent,.ex
1243 897 1425 950 nastra
1459 895 1698 950 iussione
1736 895 2043 959 admonere,
2082 903 2133 950 ul

2082 903 2141 950 ut
2239 893 2427 940 nostro
2449 883 2630 948 fuerit,
2664 891 2846 938 nostra
2868 882 3195 937 liberalitate
3217 880 3264 912 “
3303 883 3657 936 concedatur.

556 988 922 1058 unusquisque
967 989 1116 1042 iuxta
1150 1002 1301 1042 suam
1341 987 1758 1056 possibilitatem
1782 993 1837 1040 et
1867 987 2132 1055 quamim-

2307 975 2398 1031 49.
2425 974 2503 1028 De
2529 973 2885 1028 observatione
2903 980 3296 1043 praeceptorum
3316 971 3728 1025 daminicorum.
3752 973 3819 1029 De

556 1091 666 1135 tem
687 1095 781 1135 eos
801 1080 1090 1134 emendare
1113 1079 1342 1134 studeat.
2235 1069 2612 1124 observatione
2644 1074 3057 1137 praeceptorum
3098 1075 3412 1120 nostrorum
3445 1073 3503 1118 et
3540 1066 3818 1122 inmunita-

625 1171 714 1225 42.
752 1171 830 1224 De
861 1169 1118 1240 legatione
1147 1169 1378 1223 omnium
1417 1169 1694 1222 missorum
1723 1167 2131 1232 dominicorum,
2235 1165 2369 1223 tum,
2397 1167 2459 1212 ut
2479 1158 2554 1212 ita
2578 1159 2934 1212 observentur
2956 1157 3143 1210 sicuta
3170 1155 3328 1212 nobis
3347 1162 3402 1208 et
3421 1155 3492 1210 ab
3517 1163 3813 1212 antecesso-

555 1263 621 1316 de
664 1261 850 1332 quibus
898 1258 1132 1314 videlicet
1171 1259 1344 1313 causis
1388 1273 1540 1328 agere
1584 1257 1802 1312 debeant
1844 1258 1884 1310 ³.
1914 1257 2136 1327 Legatio
2234 1253 2386 1307 ribus
2415 1251 2617 1308 nostris
2641 1249 2997 1306 constitutum
3023 1256 3127 1302 est.

555 1352 797 1407 omnium
821 1350 1107 1404 missorum
1128 1356 1438 1402 nostrorum
1467 1347 1599 1403 haec
1617 1354 1719 1401 est.
1736 1346 1937 1413 Primo,
1952 1355 2010 1402 ut
2032 1350 2138 1404 sie-
2305 1341 2393 1395 50-
2424 1341 2501 1396 De
2523 1343 2603 1396 his
2625 1341 2713 1412 qui
2738 1356 2831 1410 per
2849 1339 3172 1393 occasionem
3215 1337 3547 1394 inmanitatis
3581 1336 3817 1392 iustitiam

553 1453 615 1501 ut
655 1445 764 1498 iam
809 1442 930 1496 aliis
956 1441 1136 1494 missis
1167 1440 1464 1494 iniunctum
1489 1438 1608 1505 fuit,
1646 1439 1906 1494 iustitiam
1936 1439 2135 1495 faciant
2236 1431 2406 1490 facere
2437 1441 2719 1486 renouant.
2759 1432 2834 1486 De
2862 1431 2948 1485 his
2975 1430 3066 1498 qui
3092 1443 3188 1499 per
3214 1429 3260 1460 "
3283 1429 3633 1484 occaS'tonem
3661 1429 3816 1483 inmu-

556 1536 621 1591 de
648 1536 810 1589 rebus
836 1541 890 1586 et
914 1532 1252 1586 libertatibus
1281 1529 1477 1586 iniuste
1518 1531 1742 1596 ablatis;
1785 1538 1840 1585 et
1861 1531 1907 1585 si
1928 1532 2136 1600 episeo-
2233 1524 2424 1579 uitatis
2460 1523 2721 1578 iustitiam
2774 1521 2893 1576 face
2923 1527 3213 1586 reunuunt.
3256 1529 3318 1574 ut
3367 1520 3473 1574 hoc
3519 1521 3815 1575 observetur

550 1639 672 1694 pus,
699 1632 793 1679 aut
814 1625 1001 1686 abbas,
1028 1631 1120 1676 aut
1141 1620 1396 1686 vicarius,
1425 1630 1516 1676 aut
1537 1624 1844 1686 advocatus,
1877 1630 1968 1676 aut
1989 1623 2136 1692 quis-
2233 1615 2374 1685 quod
2402 1632 2433 1670 a
2457 1615 2616 1670 nobis
2643 1615 2999 1670 constitutum
3019 1621 3122 1669 est.

551 1715 683 1771 libet
708 1716 774 1770 de
796 1715 954 1784 plebe
979 1715 1082 1770 hoc
1108 1712 1303 1768 fecisse
1329 1713 1577 1768 inventus
1613 1712 1796 1779 fuerit,
1825 1715 2009 1769 statim
2049 1731 2133 1770 re-
2303 1707 2392 1761 5l.
2431 1705 2506 1760 De
2541 1705 2671 1759 locis
2706 1703 3016 1758 iamdudum
3054 1705 3222 1758 sacris
3249 1712 3296 1757 et
3324 1719 3462 1757 nunc
3494 1703 3744 1773 δραινεὶιὶ
3776 1703 3810 1733 ³⁸

551 1805 846 1866 stituantur
883 1803 942 1870 ‘;
971 1804 1016 1858 si
1047 1817 1175 1857 vero
1197 1804 1280 1858 vel
1305 1819 1487 1858 comes
1516 1805 1599 1858 vel
1625 1813 1775 1860 actor
1802 1805 2123 1870 dominicus,
2231 1799 2474 1870 [οεάαείεο
2506 1800 2582 1854 De
2609 1799 2743 1855 locis
2774 1800 3088 1854 iamdudum
3109 1801 3280 1855 sacris
3303 1807 3360 1852 el
3383 1815 3531 1854 nunc
3572 1799 3811 1868 spuI‘Citia

554 1895 636 1951 vel
657 1896 794 1950 alter
815 1894 1012 1950 missus
1031 1895 1304 1965 palatinas
1324 1897 1428 1951 hoc
1459 1898 1849 1966 perpetraverit
1873 1905 1927 1953 et
1949 1898 2004 1952 in
2035 1915 2130 1953 no-

2233 1888 2477 1955 foedatis,
2520 1897 2582 1944 ut
2602 1890 2752 1944 iuxta
2776 1889 3191 1960 possibilitatem
3227 1890 3284 1944 in
3309 1888 3595 1958 antiquum
3639 1898 3809 1943 statum

550 1997 718 2044 stram
739 1995 1065 2058 potestatem
1084 1989 1358 2060 redigerit,
1372 1991 1391 2022 ⁷
1411 2005 1500 2044 res
1514 1991 1798 2060 diligenter
1815 1991 2132 2062 investigata
2235 1979 2616 2035 reformentur-

549 2086 605 2132 et
632 2078 902 2147 descripta
932 2079 1003 2133 ad
1031 2087 1273 2133 nostrum
1303 2079 1560 2135 iudicium
1597 2087 1917 2135 reservetur.
2303 2070 2392 2124 52.
2424 2069 2501 2124 De
2541 2071 2804 2140 beneﬁciis
2838 2070 3114 2125 dominicis
3165 2069 3463 2124 destructis.
3512 2069 3594 2124 De
3627 2068 3807 2124 beneﬁ-

619 2168 710 2223 45.
739 2167 818 2222 De
846 2167 951 2222 illis
982 2168 1310 2223 libertatibus
1333 2178 1380 2223 et
1409 2169 1559 2223 rebus
1590 2169 1867 2224 reddendis
1903 2185 2036 2240 quae
2078 2169 2133 2225 in
2235 2161 2335 2216 οίίε
2357 2163 2399 2193 ⁸⁷
2425 2163 2626 2218 IIOSlI'iS
2652 2177 2792 2232 quae
2839 2162 3115 2218 destructa
3160 2162 3533 2227 inveniuntur,
3585 2161 3694 2216 hoc
3731 2160 3809 2214 itu-

552 2270 734 2316 nastra
765 2261 788 2293 ⁸
818 2262 1070 2315 vestitum
1093 2270 1235 2328 sunt,
1278 2260 1506 2342 qualiter
1531 2263 1865 2332 inquiruntur
1897 2262 1939 2315 ’.
1971 2262 2135 2316 Volua
2233 2253 2444 2325 Dicatur
2467 2254 2609 2325 quod
2643 2270 2815 2324 nuper
2845 2271 2875 2311 a
2901 2256 3058 2311 nobis
3084 2256 3437 2311 constitutum
3465 2264 3573 2310 est.

550 2368 670 2410 mus
696 2361 896 2420 autem,
924 2362 984 2408 ut
1011 2354 1078 2410 de
1105 2354 1189 2409 his
1220 2354 1562 2410 libertatibus
1589 2364 1643 2409 et
1667 2356 1828 2411 rebus
1851 2355 2132 2410 reddendis
2304 2345 2393 2399 ὅδε
2423 2345 2502 2401 De
2535 2345 2674 2416 falsa
2697 2358 2905 2402 moneta
2926 2358 2972 2402 et
2999 2349 3064 2402 de
3093 2348 3213 2402 aliis
3244 2349 3460 2402 diversis
3492 2351 3674 2402 causis
3715 2363 3810 2418 pro-

551 2459 692 2513 quae
731 2444 788 2499 in
832 2454 1016 2499 nostra
1065 2446 1325 2500 vestitum
1357 2453 1513 2510 sunt,
1542 2446 1718 2514 primo
1761 2461 1858 2516 per
1901 2447 2134 2515 optimos
2234 2437 2490 2491 bibendis.
2510 2439 2735 2494 Denova
2759 2447 2994 2504 moneta,
3009 2447 3065 2492 et
3078 2439 3144 2493 de
3165 2438 3298 2493 falsa
3320 2448 3559 2502 moneta,
3588 2450 3643 2494 et
3669 2440 3729 2492 de
3749 2439 3810 2492 di-

549 2549 790 2604 quosque
812 2536 1133 2604 inquiratur.
1166 2537 1231 2589 Et
1264 2537 1310 2590 si
1334 2551 1430 2605 per
1455 2536 1576 2590 illos
1600 2537 1829 2590 inveniri
1870 2553 1978 2592 non
2007 2552 2134 2606 pos—
2235 2531 2737 2600 spectulitterarum
2754 2540 3078 2596 nostrarum,
3109 2541 3163 2586 et
3185 2534 3250 2587 de
3265 2533 3311 2564 ’⁸
3327 2532 3808 2588 latronibuscober-

549 2626 638 2693 sit,
676 2634 806 2682 tunc
835 2640 932 2698 per
964 2641 1060 2683 eos
1087 2627 1180 2696 qui
1204 2635 1326 2696 post
1363 2627 1483 2682 illos
1514 2627 1568 2682 in
1607 2627 1696 2682 illa
1723 2629 1919 2682 vicinia
1945 2629 2134 2685 melio-
2234 2621 2418 2677 condis
2431 2622 2514 2677 vel
2528 2623 2902 2693 puniendis,et
2916 2625 2980 2679 de
2995 2623 3154 2680 faidis
3167 2623 3212 2655 "
3228 2624 3505 2694 pacandis,
3530 2626 3594 2679 de
3610 2623 3809 2678 homici‘

552 2731 638 2772 res
663 2724 808 2771 sunt.
856 2717 924 2770 Et
949 2717 996 2771 si
1032 2732 1130 2772 nec
1153 2731 1250 2786 per
1289 2718 1410 2772 illos
1446 2719 1525 2772 rei
1552 2719 1754 2773 veritas
1779 2718 2005 2774 inveniri
2038 2737 2128 2790 po-

2233 2711 2337 2766 diis
2353 2712 2724 2783 prohibendis,
2749 2712 2818 2768 de
2831 2715 3084 2784 periuriis
3109 2723 3164 2770 et
3193 2715 3343 2772 falsis
3380 2716 3603 2770 testibus
3631 2727 3805 2784 conpe-

551 2817 676 2874 test,
706 2815 835 2862 tunc
863 2807 1023 2861 liceat
1049 2807 1382 2878 litigantibus
1409 2822 1477 2862 ex
1507 2815 1735 2878 utraque
1777 2818 1930 2878 parte
1970 2818 2134 2866 testes
2235 2803 2468 2870 scendis,
2498 2804 2564 2860 de
2595 2805 2638 2836 ³⁰
2675 2804 2760 2860 his
2785 2806 3038 2862 omnibus
3083 2806 3170 2861 vel
3197 2807 3398 2861 ceteris
3446 2808 3523 2862 his
3553 2806 3800 2860 similibus

551 2900 826 2956 adbibere.
867 2899 935 2952 Et
982 2899 1029 2953 si
1065 2899 1509 2963 discordaverint,
1547 2900 1841 2955 secundum
1876 2903 2136 2957 constitu-
2235 2902 2338 2957 hoc
2358 2904 2502 2971 quod
2525 2904 2687 2960 modo
2713 2902 2757 2934 ³¹
2783 2904 3180 2968 constituimus,
3210 2903 3466 2958 omnibus
3483 2899 3800 2955 adnuntietur

551 2990 752 3045 tionem
781 3005 813 3044 ο
840 2990 995 3044 nobis
1019 2991 1412 3060 promulgatam
1438 2990 1835 3045 examinentur.
2235 3002 2292 3049 et
2320 2995 2374 3050 in
2414 2993 2654 3050 futurum
2690 2996 3027 3051 observetur.

621 3078 710 3132 M.
740 3078 819 3132 De
846 3081 1172 3150 oppressione
1195 3097 1499 3150 pauperum,
1527 3080 1802 3135 viduarum
1831 3091 1878 3134 et
1903 3081 1943 3111 ‘°
1964 3081 2135 3153 pupil-
2303 3083 2393 3138 54.
2425 3083 2503 3138 De
2525 3087 2799 3140 missorum
2821 3085 3201 3139 dominicorum
3229 3083 3584 3138 observatione
3609 3081 3672 3133 ³².
3711 3080 3806 3134 Hoc

551 3169 744 3224 larum.
784 3169 859 3223 De
898 3170 1244 3239 pauperibus,
1273 3170 1449 3226 viduis
1476 3180 1529 3226 et
1555 3172 1770 3242 pupillis
1800 3172 1996 3227 iniuste
2039 3189 2134 3243 op-
2170 3232 2207 3244 _
2237 3171 2504 3239 volumus,
2535 3183 2594 3228 ut
2615 3175 2768 3230 missi
2818 3175 2987 3231 nostri
3028 3175 3336 3239 observent,
3387 3182 3447 3228 ut
3484 3168 3731 3244 quicquid
3753 3169 3808 3223 de

552 3261 771 3332 pressis,
800 3268 860 3316 ut
884 3261 1206 3317 adiuventur
1233 3270 1287 3317 et
1313 3262 1638 3317 releventur.
2163 3232 2210 3294 C
2243 3263 2328 3318 his
2352 3264 2530 3319 causis
2553 3264 2637 3319 vel
2675 3265 2836 3320 simul
2855 3265 2938 3321 vel
2966 3265 3278 3335 singillatim
3314 3264 3604 3319 emendare
3643 3272 3808 3332 potue-

624 3354 714 3408 45.
744 3353 822 3408 De
861 3353 1072 3407 iniustis
1119 3354 1581 3408 consuetudinibus
1630 3355 1830 3408 naviter
1862 3355 2132 3409 institutis.
2243 3356 2372 3423 rint,
2404 3356 2710 3423 emendem,
2740 3367 2794 3414 et
2815 3374 2879 3414 ea
2907 3373 3046 3429 quae
3071 3359 3117 3390 ³³
3152 3356 3581 3420 emendaverint,
3604 3355 3808 3424 diligen-

558 3445 632 3498 De
677 3445 889 3499 iniustis
917 3445 1294 3500 occasionibus
1319 3453 1372 3498 et
1408 3447 1886 3501 consuetudinibus
1929 3447 2139 3502 naviter
2243 3455 2329 3502 ter
2361 3448 2578 3518 scriptis
2603 3457 2812 3504 notent.
2843 3449 2909 3503 Et
2931 3451 3034 3504 hac
3066 3449 3144 3504 sic
3165 3461 3423 3519 peragere
3454 3455 3666 3510 curent,
3693 3460 3807 3514 qua-

555 3534 845 3599 institutis,
882 3534 1022 3590 sicut
1065 3543 1190 3589 sunt
1226 3536 1426 3589 tributa
1472 3539 1528 3590 et
1567 3536 1776 3592 telonea
1803 3537 1844 3568 ¹¹
1874 3537 1929 3591 in
1964 3537 2138 3592 media
2243 3551 2400 3598 tenus
2415 3543 2557 3599 iuste
2584 3545 2905 3614 reprehendi
2927 3560 2958 3599 a
2981 3559 3252 3614 quoquam
3276 3542 3584 3598 nullatenus
3604 3540 3805 3610 possint.

556 3626 663 3691 via,
700 3625 793 3680 ubi
815 3639 915 3680 nec
940 3640 1100 3694 aqua,
1129 3641 1230 3680 nec
1254 3626 1485 3695 palus",
1513 3643 1612 3682 nec
1635 3643 1788 3696 pons,
1817 3643 1918 3683 nec
1938 3628 2141 3698 aliquid
2242 3635 2311 3692 Et
2333 3651 2471 3705 quae
2516 3635 2561 3666 “
2622 3636 2800 3691 facere
2842 3635 3040 3690 debent
3090 3643 3184 3690 aut
3231 3641 3478 3704 possunt,
3526 3632 3810 3688 nullatenus

556 3716 661 3770 tale
693 3713 875 3780 fuerit,
918 3717 1062 3771 unde
1105 3715 1244 3770 iuste
1278 3731 1472 3771 census
1505 3716 1647 3787 exigi
1680 3718 1884 3787 possit,
1926 3717 2011 3772 vel
2045 3717 2138 3773 ubi
2239 3711 2710 3798 praetermittunt;
2740 3725 2904 3781 immo
2938 3733 3186 3790 caveant,
3218 3740 3306 3790 ne,
3338 3725 3482 3794 quod
3529 3725 3688 3790 absit,
3732 3729 3810 3776 aut

557 3822 724 3862 naves
769 3808 959 3864 subtus
991 3815 1183 3877 pontes
1216 3807 1448 3862 transire
1482 3809 1685 3875 solent,
1722 3809 1834 3863 sive
1868 3810 1921 3864 in
1961 3810 2137 3866 medio
2239 3822 2413 3893 gratia
2441 3821 2687 3885 alicuius,
2735 3828 2829 3874 aut
2877 3819 3095 3878 honoris
3141 3828 3235 3876 aut
3286 3821 3502 3875 timoris
3564 3820 3675 3874 sive
3720 3818 3810 3874 odii

557 3895 775 3952 [lumine
807 3897 899 3951 ubi
933 3898 1137 3952 nullum
1167 3898 1504 3953 obstaculum
1529 3906 1630 3964 est,
1666 3900 1782 3954 ut"
1803 3897 2133 3956 auferantur.
2241 3928 2421 3978 causa,
2455 3911 2586 3968 illud
2607 3911 2749 3980 quod
2772 3925 2933 3980 agere
2958 3910 3154 3966 debent
3188 3911 3460 3967 omittam,
3494 3909 3564 3964 Ει
3595 3923 3811 3965 summo-

557 3986 823 4058 Antiquae
847 3989 890 4022 “
911 3996 1091 4044 autem
1113 3990 1155 4021 "
1181 3991 1249 4045 ad
1275 3998 1514 4045 nostram
1539 3992 1785 4047 notitiam
1805 3993 2133 4049 deferantur.
2237 4018 2368 4074 pere
2404 4003 2671 4067 studeant,
2701 4009 2764 4056 ut
2800 4001 2906 4057 hoc
2930 4003 3072 4071 quod
3104 4017 3203 4072 per
3229 4017 3288 4057 se
3320 4001 3534 4057 eﬂicere
3560 4015 3664 4054 non
3704 4013 3814 4068 pos-

624 4081 715 4136 46.
751 4081 830 4137 De
859 4083 1055 4138 honore
1091 4083 1448 4139 ecclesiarum.
1485 4085 1561 4142 De
1578 4087 1622 4117 "
1648 4087 1852 4142 honore
1878 4088 2136 4144 ecclesia-
2238 4100 2384 4159 sunt,
2404 4092 2560 4148 nobis
2584 4100 2773 4147 notum
2789 4091 3090 4146 faciant.Et
3111 4091 3437 4148 omnimodis
3460 4090 3809 4160 praevideant,

555 4192 699 4243 rum,
727 4185 787 4232 ut
810 4192 908 4248 per
940 4179 1119 4235 omnia
1152 4180 1232 4234 eis
1265 4179 1603 4245 exhibentur,
1632 4180 1770 4236 sicut
1794 4195 1964 4252 nuper
1985 4174 2022 4236 a'
2041 4198 2137 4238 no-
2238 4189 2298 4236 ut
2333 4197 2430 4252 per
2461 4181 2669 4252 singula
2695 4181 2950 4253 capitula,
2977 4189 3088 4236 tam
3115 4181 3297 4236 verbis
3322 4195 3596 4251 quamque
3628 4180 3674 4211 ⁸⁸
3694 4178 3812 4233 scri-

557 4271 640 4327 bis
673 4287 797 4326 cum
841 4285 1108 4328 consensu
1135 4271 1378 4327 omnium
1419 4273 1654 4328 ﬁdelium
1681 4281 1988 4329 nostrorum
2013 4289 2136 4330 con-
2234 4273 2364 4343 ptis,
2397 4272 2464 4328 de
2486 4273 2740 4329 omnibus
2775 4285 2915 4342 quae
2967 4272 3076 4328 illic
3118 4272 3444 4342 peregerint,
3475 4271 3629 4327 nobis
3663 4269 3813 4324 ratio-

558 4361 804 4414 stitutum
837 4368 940 4416 est.
979 4361 1048 4416 Et
1073 4369 1132 4416 ut
1165 4362 1269 4417 hoc
1300 4362 1452 4418 missi
1477 4362 1648 4417 nostri
1673 4363 1920 4419 omnibus
1945 4363 2002 4418 in
2036 4379 2135 4420 sua
2237 4381 2362 4420 nem
2397 4363 2621 4420 reddere
2653 4363 2886 4419 valeant.

558 4450 822 4520 legatione
853 4452 1159 4506 constitutis
1199 4461 1384 4506 notum
1411 4451 1666 4506 emCiant-
2305 4456 2394 4512 55.
2421 4455 2500 4511 De
2521 4455 2730 4527 placitis
2755 4473 2788 4510 α
2813 4455 2989 4510 liberis
3026 4454 3331 4508 haminibus.
3362 4451 3710 4507 observandis.
3746 4448 3814 4503 De

627 4538 716 4592 47.
745 4539 824 4594 De
843 4540 992 4593 nonis
1025 4540 1067 4572 "
1108 4548 1156 4592 et
1185 4539 1416 4594 decimis.
1449 4541 1526 4595 De
1549 4540 1593 4572 ⁸⁸
1622 4539 1779 4597 nonis
1810 4548 1864 4595 et
1889 4541 2129 4610 decimis,
2160 4585 2216 4647 Β
2235 4547 2447 4616 placitis
2470 4546 2739 4616 siquidem
2783 4559 2920 4617 quos
2967 4543 3014 4575 ³⁸
3047 4543 3203 4598 liberi
3247 4543 3494 4598 homines
3545 4542 3815 4595 observare

557 4637 614 4684 ut
642 4630 937 4685 secundum
965 4629 1258 4684 iussionem
1283 4637 1522 4685 nostram
1545 4631 1756 4687 dentur.
2160 4629 2212 4647 "
2239 4636 2458 4704 debent,
2481 4636 2799 4692 constitutio
2829 4634 3090 4706 genitoris
3131 4634 3304 4688 nostri
3339 4633 3591 4702 poenitus
3643 4631 3814 4685 obser—

625 4720 809 4776 48.De
829 4718 957 4774 locis
973 4719 1041 4774 ad
1061 4719 1292 4774 claustra
1315 4723 1687 4776 canonicorum
1707 4722 1972 4792 facienda.
1997 4724 2074 4782 De
2089 4725 2131 4760 ⁸⁵
2239 4729 2412 4784 vanda
2449 4736 2612 4798 atque
2644 4727 2879 4784 tenenda
2923 4733 3025 4793 est,
3051 4732 3113 4780 ut
3157 4724 3410 4780 videlicet
3436 4725 3496 4779 in
3537 4739 3674 4779 anno
3717 4720 3810 4774 tria

1767 4879 2156 4940 VARIANTES
2193 4881 2596 4940 LECTIONES.

634 5018 651 5048 ⁸
681 5015 820 5072 deest
847 5017 902 5071 5.
996 5016 1018 5046 '
1045 5027 1172 5069 cure
1205 5029 1342 5067 corr.
1374 5027 1502 5068 cura
1547 5015 1619 5067 l'.
1651 5014 1672 5046 ³
1698 5022 1782 5069 est
1814 5015 1867 5069 5.
1896 5014 1961 5069 Β.
2061 5017 2083 5048 ⁸
2106 5025 2250 5073 et....
2275 5020 2563 5075 emendare
2602 5019 2788 5074 desunt
2814 5017 2879 5074 (ἔ.
2991 5019 3013 5051 ⁸
3043 5020 3230 5074 horum
3257 5018 3370 5074 loco
3399 5020 3470 5073 l'.
3496 5021 3646 5075 habet
3673 5019 3810 5075 :llec

562 5087 794 5159 capitula
819 5085 1110 5159 praecipue
1145 5083 1210 5159 ad
1235 5085 1554 5159 legationem
1580 5085 1872 5159 missorum
1897 5095 2202 5159 nostrorum
2228 5090 2298 5144 ob
2324 5091 2617 5145 memoriae
2642 5104 2861 5144 causam
2903 5089 3226 5158 pertinentia
3265 5089 3332 5144 de
3357 5091 3554 5159 quibus
3583 5091 3811 5147 videlicet

563 5154 741 5228 causis
761 5154 862 5225 ipsi
881 5156 1327 5228 ager-edebant.
1352 5154 1695 5228 Bequentium
1718 5173 1868 5228 capp.
1901 5157 2059 5228 rubra
2093 5160 2280 5213 omittit
2313 5160 2448 5214 idem
2481 5161 2678 5215 omnia.
2757 5159 2778 5190 ⁸
2811 5154 3123 5215 restituatur
3157 5161 3232 5214 l'.
3332 5160 3353 5191 "
3376 5154 3530 5216 'deest
3566 5164 3620 5217 5.
3690 5160 3812 5215 'da-

563 5227 761 5281 minica
873 5224 950 5280 BI
988 5224 1246 5301 H_ld_.Bal.
1319 5224 1371 5301 _’
1399 5224 1712 5301 _iiiquiratur
1739 5224 1838 5301 1"."
1861 5298 1870 5301 _
1894 5227 1950 5301 ’ξ
1962 5227 2099 5301 deest
2130 5229 2178 5283 l.
2260 5230 2300 5260 “
2322 5231 2519 5284 telonei
2545 5232 2619 5284 Γ.
2647 5232 2700 5286 5.
2721 5229 2786 5284 Β.
2820 5229 2941 5283 Bal.
2987 5299 2996 5301 _
3044 5231 3086 5262 “
3119 5230 3229 5301 pali
3261 5231 3316 5285 5.
3432 5233 3475 5263 ¹³
3499 5247 3567 5286 ne
3595 5250 3644 5286 a.
3675 5240 3806 5290 ante.

605 5311 728 5370 nam
755 5297 822 5350 ad
846 5313 901 5350 n.
931 5296 1284 5370 n._(_leferatur
1306 5294 1520 5370 4._lild.
1585 5365 1596 5370 Α
1623 5296 1666 5370 ιβ
1690 5313 1784 5367 pro
1818 5297 1976 5370 his5.
2008 5299 2160 5354 habet
2192 5301 2321 5369 :qni
2357 5310 2536 5356 autem
2569 5301 2674 5355 hoc
2697 5299 3090 5365 exactaverint,
3121 5294 3189 5355 ad
3215 5308 3455 5355 nostram
3498 5303 3807 5370 presentiam

601 5365 925 5447 educantur;
994 5367 1039 5447 ’ξ’
1066 5374 1164 5447 aut
1199 5366 1264 5422 G.
1339 5367 1382 5397 “‘
1409 5365 1778 5447 Praecipimus
1805 5375 1865 5421 ut
1900 5369 2075 5447 honor
2095 5365 2441 5447 ecclesiarum
2465 5371 2676 5426 debitus
2699 5385 2796 5440 per
2818 5371 2999 5447 omnia
3028 5370 3210 5447 Qamb.
3236 5371 3352 5447 Bia.
3380 5365 3546 5447 ξαηξι.
3583 5373 3631 5447 l_.
3671 5369 3802 5447 Qolb.

633 5436 861 5517 annonis
883 5435 1031 5517 _et
1059 5437 1303 5517 in_te.r_.tun
1319 5447 1374 5490 ut
1402 5437 1508 5490 iam
1542 5435 1750 5517 saepius
1775 5454 1970 5517 supra._
2037 5442 2076 5517 ξε
2106 5440 2468 5517 Praecipimus
2501 5435 2756 5517 ut_no_nae
2781 5448 2835 5517 e_t
2857 5439 2912 5493 d.
2941 5455 2986 5493 s.
3019 5439 3200 5517 Camb.
3239 5435 3550 5517 Ria.A_San'g.
3586 5442 3634 5494 l.
3671 5438 3803 5517 ερατ.

567 5505 614 5586 if
639 5505 729 5586 I_ta
756 5505 936 5586 incipit
959 5505 994 5558 5
1022 5523 1035 5559 :
1062 5507 1155 5586 Ad
1178 5507 1246 5586 cl_.
1277 5506 1528 5586 fac._ca_n.
1557 5505 1824 5586 volumus
1840 5505 1901 5564 ut
1926 5511 1971 5566 si
2011 5509 2251 5586 eiusdem
2288 5505 2448 5586 rebus
2467 5511 2607 5586 _eccl.
2636 5510 2676 5586 ί.
2714 5526 2770 5564 n.
2807 5510 3263 5586 l;_conc_edant_ur.
3363 5505 3666 5586 'f_s_i:terra
3693 5506 3804 5586 Bal.

566 5576 613 5608 “
649 5575 849 5630 fuerint
884 5575 958 5627 l'.
996 5592 1104 5630 non
1129 5576 1168 5630 f.
1206 5582 1260 5634 4.
1359 5579 1404 5608 ¹²
1438 5578 1758 5633 liberalitate
1782 5580 1846 5633 B.
1883 5598 1948 5635 ex
1975 5597 2109 5635 corr.
2143 5581 2260 5634 Div.
2293 5580 2420 5634 Met.
2458 5581 2592 5634 Bell.
2625 5581 2775 5634 Rem.
2809 5581 2953 5634 Pith.
2989 5579 3117 5633 Par.
3149 5580 3268 5634 Bal.
3384 5579 3431 5610 "
3469 5581 3622 5636 liberi
3651 5575 3810 5634 homi-

570 5645 656 5700 nis
679 5646 755 5698 l'.
828 5645 878 5728 ξδ
902 5644 1146 5727 libertate
1185 5645 1250 5701 G.
1285 5647 1412 5700 Hld.
1437 5657 1483 5701 et
1512 5647 1710 5719 aliquot
1746 5650 1901 5704 codd.
1926 5651 2046 5704 Bal.
2123 5651 2169 5681 ³⁵
2194 5659 2251 5704 ut
2277 5651 2330 5704 hi
2354 5667 2407 5718 q.
2437 5659 2658 5719 propter
2678 5653 2731 5705 5.
2809 5650 2854 5680 '°
2885 5651 3262 5705 iamdudum...
3291 5651 3547 5728 spurpitia
3561 5652 3732 5706 desunt
3752 5648 3806 5703 5.

569 5717 614 5790 ξτ
640 5716 708 5771 de
721 5715 984 5790 aediliciis
1011 5717 1115 5790 5.5
1137 5717 1191 5771 b.
1266 5718 1496 5790 '“_de._...
1522 5721 1924 5790 compescendis
1944 5721 2130 5790 desunt
2163 5719 2214 5774 6.
2293 5720 2336 5750 ’³
2375 5722 2428 5774 in
2451 5737 2618 5790 marg.
2647 5721 2702 5774 id
2739 5728 2823 5774 est
2859 5721 3120 5790 geuehida
3142 5722 3192 5773 l.
3268 5721 3312 5752 ⁸⁰
3337 5721 3421 5790 hic
3448 5738 3633 5776 novum
3665 5725 3809 5790 caput

569 5785 797 5909 incdule‘3
833 5784 961 5839 llld.
1039 5786 1081 5903 ἲ
1109 5787 1374 5855 quomodo
1400 5786 1464 5841 ϐ.
1543 5788 1587 5818 ³³
1610 5778 1663 5838 εἶ
1698 5791 1795 5841 hoc
1821 5790 1871 5841 6.
1898 5789 2046 5842 valde
2072 5790 2345 5843 contraxit.
2455 5790 2499 5820 "
2525 5778 2590 5860 (ιζ’
2609 5806 2715 5846 non
2751 5807 2800 5846 e.
2830 5778 2888 5844 1‘:
2921 5790 2973 5845 6.
3003 5789 3068 5844 G.
3147 5791 3192 5822 ³⁵
3217 5791 3305 5859 qui
3335 5789 3399 5845 (ἔ.
3479 5791 3527 5824 ³⁸
3560 5778 3807 5861 ᾳιιιωὙ.

639 5871 744 5926 que
764 5867 818 5909 4.
1039 5867 1076 5903 ο
