3992 6344
180 291 290 348 581

780 286 1012 345 CODEX
1046 283 1663 344 DlPLOHATlCUS.-—
1684 283 1999 341 CAPITUL.
2042 284 2129 341 AB
2165 285 2504 344 ANSEGISO
2540 287 2922 347 COLLECTA.

3358 295 3502 356 .58!

178 401 534 460 solummodo
555 401 827 474 generalia
866 402 1069 472 placita
1111 402 1401 459 observent
1442 403 1483 468 ⁸,
1522 410 1580 458 et
1621 401 1802 457 nullus
1831 406 1877 464 Α
1906 401 2113 457 honore
2136 401 2440 473 praeditum
2490 404 2816 470 invenerint,
2846 404 2939 475 qui
2985 405 3246 462 iustitiam
3317 406 3501 466 facere

177 511 280 552 eos
308 494 549 566 amplius
594 495 793 567 placita
840 496 1134 551 observare
1175 494 1463 564 conpellat,
1507 493 1611 549 nisi
1655 491 1796 548 forte

176 590 420 662 quilibet
458 596 555 644 aut
583 597 870 644 accusatus
906 588 1091 655 fuerit,
1114 599 1210 644 aut
1242 590 1405 645 alium
1437 587 1791 651 accusaverit,

174 690 273 735 aut
298 680 373 734 ad
409 679 780 737 testimonium
804 680 1198 750 perhibendum
1239 688 1462 737 vocatus
1504 678 1687 735 fuerit.
1713 678 1796 735 Ad

172 780 406 827 caetera
434 786 587 836 vero,
617 786 761 840 quae
806 772 827 801 '
864 771 1165 828 centenarii
1209 780 1426 839 tenent,
1461 788 1571 828 non
1609 772 1747 828 alius
1775 770 1797 803 ³

175 863 374 917 venire
399 857 672 927 iubeatur,
701 860 806 916 nisi
841 862 935 933 qui
956 870 1052 918 aut
1075 862 1275 936 litigat,
1303 871 1399 918 aut
1451 863 1675 930 iudicat,
1704 870 1799 918 aut

173 953 540 1009 testiﬁcatur.

247 1043 346 1099 56.
398 1043 481 1099 De
525 1043 699 1099 debito
728 1044 797 1097 ad
833 1059 963 1114 opus
1015 1043 1338 1098 dominicum
1374 1043 1676 1099 rewadioto.
1728 1042 1801 1100 Ut

177 1139 246 1194 de
271 1139 469 1194 debito
490 1137 634 1208 quod
686 1137 753 1191 ad
779 1152 916 1206 opus
956 1144 1204 1190 nostrum
1234 1134 1397 1191 fuerit
1420 1135 1795 1198 rewadiatum,

176 1227 304 1283 talis
333 1227 706 1284 consideratio
744 1225 861 1291 flat,
896 1234 958 1280 ut
983 1226 1031 1282 is
1056 1227 1149 1298 qui
1180 1227 1494 1298 ignoranter
1530 1228 1795 1297 peccavit,

174 1337 286 1375 non
318 1329 501 1376 totum
528 1322 825 1377 secundum
854 1323 1027 1394 legem
1076 1337 1385 1394 conponere
1427 1330 1673 1395 cogatur,
1703 1322 1797 1378 sed

174 1412 333 1466 iuxta
363 1412 514 1481 quod
541 1413 803 1483 possibile
847 1414 1023 1469 visum
1054 1411 1235 1470 fuerit.
1273 1416 1325 1471 ls
1357 1431 1487 1471 vero
1535 1413 1627 1485 qui
1676 1422 1799 1469 tan-

177 1512 293 1557 tum
319 1504 468 1557 mala
492 1501 515 1534 ⁸
547 1503 828 1560 voluntate
853 1505 1117 1575 peccavit,
1157 1513 1329 1560 totam
1366 1504 1388 1536 '
1426 1504 1559 1575 legis
1596 1520 1797 1575 conpo-

176 1596 442 1651 sitionem
468 1604 699 1666 cogatur
722 1597 1007 1653 exsolvere
1036 1597 1078 1651 ⁸.

1898 490 1985 545 vel
2030 492 2203 548 noluit
2252 492 2336 548 vel
2381 494 2678 562 prohibuit,
2737 493 2806 550 de
2861 494 3033 565 ipsius
3079 497 3243 552 rebus
3287 498 3493 567 vivant,

1898 583 2138 652 quandiu
2176 584 2230 639 in
2257 598 2322 639 eo
2349 584 2467 639 loco
2494 585 2728 641 iustitiae
2762 585 2943 642 facere
2966 585 3185 643 debent.
3212 594 3225 600 '

1971 672 2058 727 65.
2086 672 2162 728 De
2192 675 2365 729 missis
2409 674 2707 740 dominicis,
2744 676 2833 730 ubi
2878 677 3079 733 diutius
3135 695 3240 734 non
3275 679 3498 738 debeant

1896 766 2171 823 inmorari.
2218 766 2287 823 Ut
2314 767 2369 821 in
2428 766 2572 823 illius
2621 768 2838 824 comitis
2875 770 3179 825 ministerio
3206 772 3299 842 qui
3361 774 3500 831 bene

1900 858 2139 915 iustitiae
2163 858 2335 914 factas
2360 860 2540 924 habet,
2576 858 2719 915 idem
2746 861 2896 916 missi
2918 861 3123 919 diutius
3150 880 3258 919 non
3286 880 3499 921 moren-

1902 957 2008 1015 tur,
2037 962 2214 1020 neque
2236 949 2346 1006 illic
2381 949 2425 980 ¹⁸
2460 949 2860 1007 multitudinem
2914 954 3203 1009 convenire
3249 955 3491 1022 faciant;

1899 1037 1993 1093 sed
2021 1038 2094 1094 ibi
2121 1055 2303 1096 moras
2326 1038 2548 1106 faciant,
2574 1041 2664 1096 ubi
2694 1041 2901 1097 iustitia
2948 1045 2989 1077 "
3049 1044 3136 1102 vel
3176 1046 3360 1103 minus
3408 1049 3492 1102 vel

1900 1128 2247 1201 neglegenter
2283 1130 2427 1186 facta
2453 1138 2556 1185 est.

1973 1222 2059 1278 66.
2097 1223 2175 1278 De
2200 1225 2372 1279 missis
2403 1224 2681 1279 dominicis
2706 1234 2754 1280 et
2781 1222 2967 1281 comite
3008 1227 3065 1283 in
3107 1227 3320 1300 aliquod
3369 1231 3496 1286 mis-

1898 1314 2121 1368 saticum
2148 1314 2365 1369 directo.
2398 1315 2469 1370 Ut
2505 1316 2562 1370 in
2599 1315 2744 1372 illius
2769 1310 2992 1379 comitis
3014 1319 3318 1376 ministerio
3354 1318 3496 1375 idem

1899 1404 2053 1460 missi
2092 1405 2263 1460 nostri
2297 1406 2554 1476 placitum
2607 1423 2715 1462 non
2752 1416 2972 1465 teneant
3028 1411 3121 1481 qui
3169 1410 3225 1465 in
3276 1409 3497 1482 aliquod

1897 1493 2233 1549 missaticum
2261 1494 2501 1553 directus
2528 1505 2632 1564 est,
2670 1497 2842 1554 donec
2869 1500 2984 1569 ipse
3010 1498 3173 1555 fuerit
3199 1516 3490 1569 reversus;

1897 1591 1959 1639 ut
1983 1600 2147 1639 causa
2173 1600 2312 1655 quae
2336 1585 2511 1642 adhuc
2533 1602 2717 1643 coram
2740 1589 2940 1644 comite
2963 1606 3071 1645 non
3102 1589 3221 1658 fuit,
3251 1592 3375 1647 etis
3400 1592 3495 1662 qui

249 1686 347 1741 57,
380 1687 564 1743 De“,
587 1688 678 1759 (με
723 1688 793 1742 σα
820 1687 1078 1759 “(mium
1111 1686 1189 1744 νει
1222 1689 1280 1743 ξπ
1324 1688 1522 1744 [autem
1567 1700 1788 1760 ρει-σωκ
1836 1759 1841 1760 7
1901 1689 1959 1730 se
1984 1675 2263 1742 reclamat,
2289 1686 2511 1749 propter
2536 1694 2689 1733 suam
2740 1680 3026 1738 stultitiam
3073 1690 3169 1737 aut
3216 1692 3497 1739 contuma-

171 1778 255 1831 σει
273 1778 409 1831 inde
434 1778 658 1833 redeunt
686 1780 730 1833 ⁷.
776 1780 848 1836 Ut
872 1781 1054 1836 nullus
1074 1779 1141 1835 ad
1169 1780 1428 1851 palatium
1465 1781 1548 1836 vel
1570 1759 1669 1836 in,
1696 1783 1792 1836 ho-

1905 1768 2027 1820 tiam
2052 1768 2306 1822 comitem
2335 1767 2459 1823 inde
2494 1769 2765 1843 appellare
2805 1772 2848 1805 ⁸⁸
2897 1773 3091 1840 noluit,
3147 1774 3346 1830 iterum
3404 1790 3498 1832 co-

176 1878 317 1923 stem
342 1884 603 1941 pergens,
645 1870 732 1925 vel
768 1871 833 1926 de
856 1872 1062 1942 palatio
1121 1872 1204 1926 vel
1254 1872 1320 1927 de
1362 1872 1518 1928 host:
1559 1872 1793 1939 rediens,

176 1962 453 2016 tributum
482 1960 626 2030 quod
652 1968 959 2019 transturas
992 1963 1016 1996 ⁸
1058 1970 1275 2029 vocant,
1305 1964 1515 2020 solvere
1550 1972 1792 2035 cogatur.

247 2052 343 2107 58.
383 2051 466 2106 De
488 2053 736 2124 pontibus
762 2054 1003 2125 publicis.
1038 2054 1109 2111 Ut
1136 2064 1330 2126 pontes
1373 2057 1575 2127 publici
1607 2056 1663 2124 ’,
1700 2056 1794 2127 qui

176 2155 278 2211 per
302 2143 551 2197 bannum
598 2142 717 2198 fieri
754 2144 1023 2213 solebant,
1047 2160 1193 2213 anno
1219 2155 1508 2217 praesente
1542 2147 1598 2203 in
1645 2148 1794 2204 omni

180 2231 304 2288 loco
324 2242 733 2289 restaurentur.

252 2326 347 2381 59.
402 2325 486 2381 De
536 2325 763 2393 clericis,
810 2328 1086 2384 monachis
1130 2339 1179 2384 et
1221 2330 1383 2385 servis
1428 2330 1680 2403 fugitivis.
1722 2331 1795 2388 Ut

179 2417 370 2473 clerici
409 2424 469 2473 et
498 2418 754 2473 monachi
783 2427 839 2474 et
873 2420 1015 2475 servi
1042 2419 1257 2491 fugitivi
1299 2421 1372 2476 ad
1424 2421 1546 2477 loca
1582 2437 1679 2478 sua
1708 2438 1796 2478 re-

176 2511 302 2569 dire
330 2513 654 2570 iubeantur.

255 2604 344 2659 60.
370 2604 452 2659 De
472 2605 745 2659 advocatis
767 2605 1147 2677 episcoporum,
1177 2604 1444 2674 abbatum,
1473 2609 1719 2665 comitum
1749 2612 1792 2643 ⁸⁸

176 2706 234 2749 et
254 2695 665 2750 abbatissarum.
690 2695 762 2752 Ut
785 2696 964 2752 nullus
991 2699 1295 2769 episcopus,
1334 2709 1437 2755 nec
1475 2701 1662 2768 abbas,
1693 2718 1796 2759 nec

176 2803 509 2853 eomes,nec
526 2789 822 2855 abbatissa,
837 2792 1209 2847 centenarium
1230 2792 1449 2849 comitis
1470 2793 1792 2850 advocatum

187 2879 412 2935 haheat.

271 2968 359 3022 6i.
392 2968 470 3023 De
499 2969 702 3024 sicariis
740 2969 817 3025 cel
851 2980 1182 3036 centenams,
1213 2989 1259 3026 si
1340 2983 1549 3029 atrones
1592 2974 1792 3031 celare-

199 3061 325 3115 rint.
366 3059 439 3117 Ut
468 3060 653 3115 vicarii
677 3062 759 3116 vel
793 3062 1113 3130 centenarii,
1155 3063 1245 3133 qui
1273 3061 1421 3118 fures
1459 3072 1513 3119 et
1548 3064 1788 3121 latrones

188 3150 280 3205 vel
314 3151 610 3207 eelaverint
635 3154 712 3207 vel
737 3152 1096 3217 defenderint,
1135 3154 1430 3210 secundum
1465 3154 1568 3211 sibi
1598 3154 1784 3212 datam

186 3244 520 3299 sententiam
554 3242 941 3301 diiudicentur.

258 3335 348 3392 62.
379 3336 461 3391 De
495 3336 773 3392 comitibus
790 3347 838 3393 et
861 3339 1071 3393 sicariis
1101 3338 1447 3394 admonendis
1485 3340 1527 3373 “
1578 3339 1642 3394 de
1664 3356 1789 3395 con-

181 3426 459 3482 stitutione
484 3425 631 3497 legis.
663 3425 737 3483 Ut
768 3427 997 3484 comites
1020 3435 1076 3482 et
1096 3427 1285 3484 vicarii
1329 3428 1374 3460 ⁸⁸
1409 3427 1478 3484 de
1527 3430 1790 3485 constitu-

180 3519 333 3573 tione
367 3518 506 3589 legis
538 3527 973 3586 ammoneantur,
1013 3532 1121 3590 qua
1162 3519 1208 3552 “
1254 3520 1489 3585 iubetur,
1549 3529 1611 3577 ut
1665 3536 1793 3591 pro-

176 3619 303 3681 pter
325 3611 596 3668 iustitiam
633 3613 1045 3683 pervertendam
1072 3607 1300 3669 munera
1337 3628 1447 3668 non
1494 3614 1784 3685 accipiant.

249 3700 345 3757 63.
385 3700 465 3755 De
490 3702 773 3772 forestibus
823 3702 1123 3757 dominicis.
1164 3702 1242 3757 De
1302 3702 1595 3760 forestibus
1623 3704 1667 3736 ¹⁸
1693 3721 1790 3760 no—

180 3792 336 3858 stris,
376 3799 441 3846 ut
457 3792 784 3862 ubicumque
820 3791 1041 3860 fuerint,
1063 3794 1472 3865 diligentissime
1489 3795 1784 3866 inquirant,

180 3884 466 3957 quomodo
489 3885 671 3942 salvae
702 3886 813 3941 sint
849 3894 906 3941 et
949 3885 1223 3956 defensae,
1269 3896 1326 3942 et
1371 3896 1435 3944 ut
1494 3889 1788 3946 comitibus

178 3974 531 4041 damntient,
551 3989 624 4032 ne
646 3975 811 4031 ullam
822 3975 1075 4035 forestem
1094 3978 1140 4010 "
1156 3979 1370 4035 naviter
1382 3979 1706 4045 instituant;
1728 3989 1786 4036 et

177 4067 268 4123 ubi
284 4067 516 4122 naviter
542 4065 821 4123 institutas
840 4069 960 4125 sine
980 4077 1168 4126 nostra
1185 4070 1426 4128 iussione
1444 4071 1780 4139 invenerint,

172 4158 465 4214 dimittere
485 4158 841 4230 praecipiant.

244 4250 347 4305 84.
377 4249 457 4305 De
480 4252 655 4306 missis
681 4252 976 4317 dominicis,
1017 4263 1066 4308 et
1091 4254 1157 4308 de
1174 4254 1254 4309 his
1277 4255 1367 4327 qui
1390 4256 1647 4311 iustitiam
1698 4256 1784 4327 fa-

1898 1859 2017 1914 miti
2044 1861 2471 1916 commendetur.

1968 1949 2056 2004 67.
2099 1950 2175 2005 De
2203 1952 2376 2008 missis
2410 1952 2711 2023 dominicis,
2737 1955 2965 2027 qualiter
3001 1956 3290 2012 coniectum
3347 1958 3495 2014 acci-

1895 2054 2017 2111 pere
2040 2038 2281 2095 debeam.
2314 2041 2385 2098 Ut
2419 2044 2570 2100 missi
2598 2046 2792 2113 nostri,
2842 2047 2935 2116 qui
2983 2046 3068 2102 vel
3122 2047 3359 2118 episcopi
3409 2047 3497 2105 vel

1896 2140 2119 2194 abhates
2157 2137 2241 2192 vel
2280 2137 2508 2195 comites
2542 2144 2687 2203 sunt,
2726 2136 2981 2208 quamdiu
3030 2153 3199 2208 prOpe
3236 2154 3392 2195 suum
3447 2138 3491 2170 "

1894 2228 2218 2285 beneficium
2248 2227 2468 2295 fuerint,
2504 2227 2638 2281 nihil
2662 2226 2729 2281 de
2768 2227 3001 2283 aliorum
3035 2230 3282 2284 coniecto
3337 2229 3488 2286 acci-

1894 2321 2065 2391 piant.
2094 2319 2388 2389 Postquam
2414 2332 2542 2372 vero
2568 2317 2695 2373 inde
2740 2317 2900 2390 longe
2952 2321 3297 2386 recesserint,
3357 2329 3489 2376 tunc

1895 2411 2164 2481 accipiant
2189 2409 2484 2465 secundum
2512 2407 2655 2478 quod
2705 2408 2759 2462 in
2799 2424 2896 2464 sua
2935 2410 3192 2466 tractoria
3241 2411 3489 2465 contine-

1897 2511 2006 2557 tur.
2025 2500 2180 2557 Vassi
2209 2515 2335 2555 vero
2360 2500 2532 2555 nostri
2548 2507 2604 2554 et
2630 2500 3029 2566 ministeriales,
3050 2502 3140 2571 qui
3164 2502 3313 2559 missi
3339 2510 3488 2569 sunt,

1895 2594 2224 2665 ubicumque
2257 2593 2523 2658 venerint,
2560 2592 2865 2649 coniectum
2899 2594 3188 2663 accipiant.

1966 2704 2055 2761 68.
2082 2704 2161 2759 De
2188 2705 2351 2766 cassis
2376 2704 2654 2759 dominicis
2678 2713 2728 2758 et
2752 2704 2796 2735 ⁸⁸
2851 2705 3211 2774 episcoporum
3248 2704 3326 2759 uel
3367 2704 3491 2760 reli-

1894 2811 2143 2867 quorum,
2169 2796 2259 2865 qui
2286 2795 2342 2848 in
2364 2793 2512 2848 hoste
2544 2810 2650 2848 non
2666 2793 2899 2864 (uerunt.
2931 2794 3002 2849 Ut
3027 2796 3172 2850 vassi
3204 2795 3399 2862 nostri,
3435 2803 3493 2850 et

1895 2886 2040 2942 vassi
2066 2884 2465 2955 episcoporum,
2493 2886 2748 2942 abbatum
2776 2888 2842 2952 ",
2870 2886 3270 2944 abhatissarum
3316 2897 3374 2945 et
3396 2905 3491 2945 co-

1896 2979 2111 3044 mitum,
2146 2978 2237 3047 qui
2267 2993 2410 3032 anno
2442 2985 2729 3046 praesente
2778 2978 2833 3033 in
2878 2978 3035 3039 hoste
3073 2995 3183 3036 non
3247 2979 3487 3049 fuerunt,

1896 3070 2252 3127 heribannum
2289 3071 2585 3127 rewadieut
2623 3073 2700 3139 ";
2730 3073 2974 3143 exceptis
2996 3072 3083 3129 his
3133 3075 3226 3143 qui
3267 3084 3491 3145 propter

1890 3162 2225 3218 necessarias
2259 3177 2455 3218 causas
2480 3169 2537 3216 et
2573 3177 2604 3217 a
2641 3161 2843 3218 domno
2882 3179 2949 3219 ac
3003 3164 3248 3234 genitore
3297 3173 3488 3223 nostro

1889 3253 2089 3310 Karolo
2110 3254 2435 3310 constitutas
2469 3253 2514 3284 ”
2540 3253 2687 3309 domi
2709 3254 2920 3310 dimissi
2939 3254 2986 3285 ⁸⁵
3020 3253 3258 3322 fuerunt,
3299 3255 3353 3311 id
3376 3264 3484 3323 est,

1889 3346 1981 3417 qui
2007 3362 2039 3400 a
2076 3345 2276 3402 comite
2302 3346 2350 3378 "
2369 3354 2591 3417 propter
2622 3361 2813 3417 pacem
2842 3347 3269 3404 conservandam
3288 3388 3304 3414 ,
3353 3358 3411 3405 et
3439 3349 3486 3382 ⁸⁸

1889 3446 2111 3510 propter
2132 3437 2417 3509 coniugem
2442 3453 2508 3493 ac
2540 3439 2760 3493 domum
2783 3438 2904 3494 eius
2949 3440 3377 3507 custodiendam,
3428 3448 3486 3494 et

1892 3532 1963 3586 ab
1987 3530 2243 3599 episcopo
2265 3528 2352 3584 vel
2388 3529 2586 3585 abbate
2628 3529 2713 3583 vel
2746 3530 3021 3586 abbatissa
3069 3530 3321 3586 similiter
3349 3545 3481 3601 pro-

1892 3631 2016 3693 pter
2037 3634 2226 3693 pacem
2274 3619 2721 3685 conservandam,
2749 3628 2805 3675 es
2848 3629 3069 3695 propter
3101 3620 3287 3692 fruges
3332 3620 3487 3677 colli-

1893 3714 2097 3786 gendas
2122 3722 2177 3767 et
2197 3713 2455 3769 familiam
2492 3713 2987 3785 constringendam,
3023 3720 3081 3767 et
3106 3712 3301 3769 missos
3344 3714 3484 3768 rcci-

1891 3805 2137 3878 piendos,
2176 3804 2382 3859 dimissi
2420 3802 2657 3858 fuerunt.

1964 3896 2055 3951 69.
2082 3894 2161 3950 De
2192 3895 2467 3966 episcopis,
2492 3893 2767 3948 abbatibus
2796 3902 2845 3948 et
2873 3894 3169 3959 comitibus,
3197 3903 3246 3948 et
3278 3893 3344 3948 de
3365 3893 3484 3965 pla-

1892 3987 1997 4039 cito
2040 3986 2321 4039 missorum
2345 3984 2750 4061 dominicorum.
2781 3984 2855 4040 Ut
2893 3984 3074 4040 omnis
3099 3984 3143 4017 "'
3170 3985 3478 4055 episcopus,

1893 4078 2079 4141 abbas,
2108 4084 2164 4130 et
2178 4089 2385 4140 comes,
2423 4083 2649 4143 excepta
2675 4074 2990 4129 infirmitate
3022 4074 3108 4128 vel
3132 4083 3319 4130 nostra
3369 4076 3482 4130 ius-

1897 4168 2065 4234 sione,
2092 4164 2295 4221 nullam
2322 4165 2727 4220 excusationem
2749 4166 2964 4229 habeat,
2992 4165 3121 4236 quin
3147 4166 3199 4198 ⁸⁸
3217 4166 3285 4220 ad
3308 4165 3478 4235 placi-

1890 4266 2002 4312 tum
2032 4257 2319 4312 missorum
2348 4263 2657 4311 nostrorum
2690 4257 2892 4323 veniat,
2928 4264 3023 4311 aut
3057 4256 3220 4312 talem
3248 4257 3298 4289 ⁸⁸
3332 4258 3481 4313 vica-

172 4359 293 4398 cere
320 4352 612 4397 renuunt.
643 4341 715 4399 Ut
739 4343 1065 4414 ubicumque
1098 4344 1200 4413 ipsi
1224 4344 1376 4400 missi
1427 4353 1523 4402 aut
1570 4347 1779 4417 episco-
1886 4348 2027 4403 rium
2054 4364 2212 4403 suum
2238 4348 2439 4413 mittat,
2466 4348 2559 4417 qui
2590 4347 2647 4402 in
2674 4348 2823 4404 omni
2850 4363 3017 4404 causa
3040 4362 3141 4419 pro
3167 4349 3260 4405 illo
3286 4349 3331 4382 ⁸⁸
3358 4349 3482 4405 red-

175 4448 309 4503 pum
348 4441 447 4489 aut
472 4433 724 4490 abbatem
749 4442 844 4488 aut
878 4435 1045 4490 alium
1085 4436 1382 4507 quemlibet
1440 4452 1782 4508 quocumque
1812 4430 1862 4490 D
1886 4438 2014 4495 dere
2040 4439 2306 4493 rationem
2341 4438 2516 4510 possit
2539 4450 2588 4492 ι.

1430 4572 1825 4629 VARIANTES
1860 4571 2265 4639 LECTIONES.

247 4662 268 4693 ⁸
305 4658 697 4733 observent....
722 4659 921 4733 placita
940 4660 1147 4733 desunt
1178 4661 1247 4733 4.
1275 4658 1405 4716 Hld.
1483 4663 1504 4694 ³
1542 4664 1635 4733 qui
1667 4664 1718 4717 1.
1798 4663 1821 4696 ³
1844 4663 1971 4719 aliis
1990 4663 2045 4718 4.
2122 4663 2144 4696 ⁸
2169 4662 2371 4718 malum
2396 4663 2447 4717 l.
2467 4662 2523 4716 4.
2547 4662 2614 4717 Β.
2688 4662 2710 4695 ⁸
2741 4670 2914 4717 totum
2935 4660 2972 4716 1.
2996 4662 3391 4733 compositione
3421 4664 3473 4718 l.

173 4732 360 4804 legem
386 4730 778 4798 compositione
792 4731 860 4786 Β.
932 4731 954 4763 ⁸
976 4741 1148 4787 totam
1175 4732 1347 4801 legem
1374 4742 1431 4789 et
1449 4730 1900 4803 compositionem
1926 4735 2136 4792 solvere
2299 4736 2354 4789 5.

173 4805 196 4835 ⁸
240 4809 597 4858 tat-eusturas
624 4802 680 4854 in
726 4818 897 4859 mare.
926 4803 1218 4858 heristiura
1242 4805 1293 4857 1.
1323 4805 1648 4859 transituras
1668 4804 1731 4859 C.
1775 4804 1923 4859 Colb.
1965 4805 2149 4859 Camb.
2256 4807 2317 4859 'v.

173 4805 196 4835 ⁸
234 4803 597 4858 ιιι-επιειιιηε
624 4803 680 4854 in
726 4818 897 4861 mare.
926 4803 1218 4858 heristiura
1242 4805 1293 4857 1.
1323 4805 1648 4860 transituras
1668 4804 1731 4860 C.
1775 4804 1923 4860 Colb.
1965 4805 2149 4861 Camb.
2198 4803 2317 4860 Ilio.

825 4819 847 4854 r
882 4841 897 4855 .
927 4819 1218 4858 nertsuura
1242 4819 1293 4857 ⁴ι.
1323 4819 1648 4860 transuuras
1668 4819 1731 4860 (λ.
1775 4819 1923 4860 uolo.
1965 4819 2149 4861 bamb.
2198 4819 2317 4860 me.
2359 4819 2471 4860 nan
2511 4841 2526 4857 .
2558 4819 2612 4858 τ.
2656 4819 2913 4858 tristuras
2934 4819 2999 4856 υ.
3031 4819 3181 4858 nem.
3221 4819 3292 4856 ιν.
3322 4819 3469 4859 mut.

825 4819 954 4928 get.
986 4883 1254 4929 trasturas
1291 4871 1409 4929 Vat.
1441 4874 1559 4930 Pal.
1586 4874 1723 4931 Bell.
1746 4883 2013 4931 straturas
2034 4876 2138 4941 Til,
2169 4885 2443 4932 trexturas
2549 4874 2585 4928 5
2610 4874 2666 4928 h.
2742 4873 2764 4904 ⁸
2786 4872 3012 4943 supplici
3041 4872 3094 4927 6.
3173 4874 3213 4906 ιο
3238 4873 3379 4931 deest
3402 4873 3471 4933 G.

177 4945 219 4976 “
253 4960 314 5000 a.
343 4942 402 4998 d.
427 4956 480 4997 c.
503 4939 541 4995 l.
573 4942 760 4998 desunt
779 4945 834 5000 5.
855 4943 923 4999 de
945 4959 996 4999 c.
1038 4944 1074 4998 l.
1102 4954 1225 5000 ante
1250 4945 1319 5001 de
1342 4946 1527 5002 comit.
1556 4946 1777 5001 collocat
1803 4946 1857 5000 4.
1893 4945 2081 5001 Totum
2102 4939 2257 5018 caput

177 5015 222 5046 ⁸³
268 5014 411 5073 quia
440 5011 493 5066 1.
546 5012 620 5065 1·.
675 5013 741 5068 Β.
854 5014 900 5046 ⁵⁸
932 5024 1081 5070 vorst
1102 5014 1160 5070 in
1185 5032 1356 5073 mare.
1398 5017 1450 5072 1.
1564 5018 1610 5049 ⁸⁸
1633 5016 1835 5073 forests
1858 5018 1913 5073 5.
2028 5018 2072 5049 ³⁸
2102 5018 2231 5073 illuc

1654 5032 1835 5073 ureste
1858 5032 1913 5073 ὗ.

174 4872 315 4929 Par.
344 4879 622 4926 moturas
648 4872 719 4926 1⁵.
743 4872 799 4927 4.

176 5015 222 5046 η
268 5011 493 5085 «ιιιίεῌ.
546 5012 625 5085 Γ.
675 5013 741 5068 e.

176 5086 221 5117 "
242 5082 568 5155 sint)le
592 5083 648 5155 3-

176 5157 282 5211 tuti
332 5156 412 5210 l‘.

854 5014 900 5087 ff
932 5024 1081 5070 vorst
1102 5014 1160 5070 in
1185 5032 1356 5087 marg.
1398 5017 1450 5072 1.

760 5085 805 5117 ⁸⁸
827 5084 1041 5140 illorum
1061 5084 1326 5141 beneficio
1345 5087 1400 5141 5.
1504 5088 1548 5119 ⁸⁸
1572 5087 1714 5142 deest
1741 5087 1798 5141 4.

2432 4734 2452 4767 ⁷
2479 4750 2575 4804 pro
2599 4734 2697 4787 hoc
2714 4733 2882 4804 rubro
2902 4734 3210 4804 antecedens
3235 4735 3387 4804 habet
3415 4733 3471 4788 4.

2359 4802 2526 4860 Sana.
2558 4804 2612 4858 2.
2656 4802 2913 4858 tristuras
2934 4802 2999 4856 Β.
3031 4802 3181 4858 Rem.
3221 4803 3292 4856 Ν.
3322 4803 3469 4859 ΡίιΙι.

2793 4944 2836 4974 ¹⁸
2866 4959 2916 4995 v.
2943 4951 3000 4998 et
3022 4943 3318 4999 centenarii
3346 4943 3469 4999 Bal.

2632 5015 2671 5045 ⁸⁷
2702 5014 3032 5069 iustitiae....
3056 5013 3233 5068 factae
3261 5023 3388 5069 sunt
3413 5016 3468 5070 5.

2632 5086 2795 5140 ndiant
2836 5086 2909 5138 l'.
2949 5085 3003 5140 5.
3047 5084 3112 5139 G.
3200 5085 3247 5116 “
3272 5086 3475 5141 consti-

2278 4946 2417 5001 deest
2444 4945 2498 4999 5.
2522 4945 2576 4998 in
2602 4943 2716 4997 ind.

2028 5018 2072 5049 “
2102 5013 2231 5073 illuc
2268 5020 2340 5083 l',
2369 5015 2425 5070 ι.
2453 5013 2521 5070 G.

1906 5088 1952 5119 "
1985 5088 2123 5143 deest
2146 5089 2199 5143 5.
2232 5088 2299 5144 G.
2401 5087 2446 5119 “
2476 5086 2795 5141 reuuadiant
2836 5086 2909 5138 l‘.
2949 5085 3003 5140 5.
3047 5084 3112 5139 G.

491 5152 537 5183 ”
591 5154 731 5229 deest
757 5155 815 5211 4.
859 5226 871 5229 _
888 5155 1398 5229 “Aa_t_tobis_Camb.
1432 5156 1598 5229 sanq.
1627 5157 1774 5229 Colb.
1852 5158 1900 5191 ⁸⁸
1925 5167 1981 5214 et
2095 5160 2307 5216 custod.
2332 5158 2417 5213 hic
2439 5157 2633 5229 omissa
2654 5166 2768 5229 post
2796 5157 2946 5229 iuxta
2967 5170 3015 5229 c_.
3044 5154 3138 5229 75.
3155 5154 3383 5229 collocat
3401 5154 3469 5229 Ε.

174 5240 409 5307 prorsus
438 5223 818 5307 deanSang.
850 5226 904 5280 1.
930 5225 985 5281 2.
1020 5224 1139 5307 Vat:
1171 5226 1305 5307 Tha.
1335 5226 1519 5283 Camb.
1547 5223 1702 5283 Colb.
1777 5230 1823 5263 ⁸⁷
1861 5229 2043 5285 nullus
2068 5231 2125 5286 5.
2197 5230 2245 5263 ⁸⁸
2282 5230 2376 5302 qui
2402 5243 2510 5285 non
2536 5227 2611 5282 l‘.
2637 5223 2699 5282 ut
2733 5228 2788 5282 5.
2865 5226 2908 5257 ⁸⁸
2934 5225 3096 5281 talem
3120 5225 3285 5299 (corr.
3312 5226 3471 5300 tales)

1715 5367 1949 5425 ΝΟΤᾸΞ.

177 5296 426 5354 vicarios
454 5296 527 5349 ι’.
602 5296 648 5328 ⁸⁸
690 5296 802 5352 illis
827 5313 874 5351 r.
920 5314 967 5352 r.
991 5297 1203 5368 possint
1242 5299 1315 5353 1⁶.

252 5495 281 5524 ι
313 5479 421 5536 Hic
440 5479 688 5553 sequitur
706 5479 758 5534 in
777 5481 837 5553 Β.
853 5479 1018 5553 Pith.,
1033 5479 1231 5547 Paris.,
1258 5480 1553 5553 Norm._(in
1577 5480 1769 5553 Rheni.

78 5588 83 5593 -
178 5568 214 5609 a
240 5566 413 5636 manu
438 5550 576 5636 Snio
622 5551 862 5636 margine
882 5551 1180 5636 additum):
1211 5572 1229 5636 ε
1262 5553 1335 5636 69_
1353 5554 1406 5635 1)..
1434 5550 1512 5607 De
1538 5568 1642 5636 non
1666 5552 1779 5636 exi-

178 5622 357 5751 qleudo
379 5622 671 5676 heribanno
691 5631 969 5692 antequam
994 5621 1156 5678 iussio
1193 5622 1458 5678 dominica
1498 5632 1621 5676 nota
1655 5621 1769 5691 ﬁat.

236 5704 259 5749 t
283 5693 439 5749 miSsi
470 5700 523 5747 et
542 5684 913 5751 ultusquisaue
938 5692 990 5747 in
1014 5710 1113 5750 suo
1133 5694 1433 5750 ministerio
1450 5693 1586 5749 haec
1628 5691 1769 5751 cani-

236 5704 259 5749 t
283 5693 439 5749 missi
470 5700 523 5747 et
542 5684 913 5762 ubusquisqite
938 5692 990 5747 in
1014 5710 1113 5750 suo
1133 5694 1433 5750 ministerio
1450 5693 1586 5749 haec
1628 5684 1773 5761 capi-

1882 5483 1994 5536 tula
2022 5482 2184 5553 relegi
2214 5481 2419 5540 faciant
2440 5496 2622 5538 coram
2644 5478 2879 5553 populo;
2913 5486 2967 5533 et
2993 5488 3122 5535 nota
3151 5477 3474 5553 sint_omni-

1886 5554 2006 5616 bus,
2033 5571 2099 5609 ne
2125 5549 2325 5624 aliquis
2349 5549 2750 5609 excusationem
2777 5551 2977 5606 habere
3006 5551 3210 5624 possit.
3260 5549 3331 5624 Et
3363 5565 3472 5604 non

1881 5620 2295 5699 prius-hauriam
2341 5626 2559 5699 exigant
2604 5640 2636 5677 a
2687 5637 2961 5699 quoquam
3005 5621 3241 5685 homine,
3298 5620 3471 5677 donec

1890 5696 2141 5751 omnibus
2173 5696 2309 5753 haec
2339 5694 2463 5752 nota
2490 5694 2638 5749 fiant.
2676 5714 2694 5746 ι
