3992 6344
1373 312 1433 367 Β.
1472 311 1721 367 CAROLI
1761 310 1973 365 MAGNI
2011 308 2160 365 OPP.
2202 306 2381 362 PARS
2418 306 2459 361 l.
2502 304 2746 362 SECTIO
2785 304 3013 361 PRIMA.
3713 311 3798 369 53;

630 432 721 488 70.
750 431 827 487 De
867 428 1107 500 dispenso
1130 427 1405 480 missorum
1444 424 1846 479 dominicorum.
1903 422 1979 476 De
2033 421 2141 476 dis-
2166 406 2217 481 Ᾰ
2243 428 2351 486 tur,
2381 420 2518 475 inter
2542 417 2784 474 Francos
2806 433 2906 488 per
2936 418 3222 475 duodecim
3259 419 3598 476 denariorum
3630 423 3800 481 solidos

557 542 735 598 pensa
795 523 1089 579 missorum
1132 526 1461 581 nostrorum,
1523 517 1756 598 qualiter
1811 516 2100 584 unicuique
2126 513 2146 546 ί
2210 540 2219 553 ι
2251 520 2617 581 conponatur;
2647 519 2875 581 excepto
2897 508 2991 565 ubi
3012 512 3290 566 contentio
3314 520 3499 567 contra
3523 512 3568 544 ³⁸
3588 512 3801 573 Saxones

561 594 715 674 iuxta
767 629 919 671 suam
951 612 1267 683 qualitatem
1294 611 1316 641 ’
1366 594 1619 665 dandum.
1647 606 1733 664 vel
1778 607 2149 687 accipiendum
2249 611 2304 659 et
2329 602 2602 658 Frisiones
2629 602 2675 635 “
2701 611 2892 658 exorta
2919 602 3106 657 fuerit.
3131 602 3208 658 lbi
3233 603 3497 667 volumus,
3523 613 3584 658 ut
3604 608 3781 674 quadra

560 710 654 776 sit,
682 707 933 764 videlicet
980 704 1234 774 episeopo
1256 700 1276 732 ³
1302 715 1470 771 panes
1514 697 1887 769 quadraginta,
1925 695 2148 752 friskin-
2250 695 2399 764 ginta
2424 694 2770 749 denariorum
2801 693 3164 763 quantitatem
3192 692 3397 749 solidus
3417 694 3632 760 habeat,
3667 710 3798 766 quem

560 818 661 873 gae
698 801 719 834 ι
743 810 854 855 "es
879 798 921 864 ι,
949 799 1016 853 de
1051 798 1071 829 ι
1090 806 1223 868 pom
1265 786 1429 850 modii
1469 803 1602 859 "es,
1629 792 1901 864 ροισοριιυς
1939 808 2079 848 unus
2101 792 2147 859 ’⁷,
2250 784 2335 841 vel
2357 784 2503 841 Saxo
2532 785 2621 840 vel
2636 784 2890 841 “'Frisio
2911 802 2940 839 a
2966 794 3126 855 parte
3149 785 3197 818 ³³
3221 786 3386 841 Salici
3420 786 3615 843 Franci
3633 788 3675 821 ³⁸
3700 804 3801 845 cum

559 892 693 963 pulli
727 891 749 923 ⁸
777 899 907 955 tres,
956 904 1059 944 ova
1107 886 1437 957 quindecim,
1478 900 1690 939 annona
1722 884 1748 915 ν
1798 884 1865 939 ad
1914 884 2151 938 caballos
2248 892 2318 933 eo
2340 876 2602 949 litigantis
2629 877 2841 933 solvere
2863 876 3104 933 debet".

562 984 731 1040 modii
769 983 813 1069 ‘f
845 990 1099 1052 quatuor.
1149 978 1375 1041 Abbati,
1425 977 1640 1042 comiti,
1688 982 1848 1045 atque
1902 975 2151 1069 ministe-
2322 993 2410 1049 75_
2440 992 2518 1048 De
2538 1002 2678 1048 nam
2701 994 2925 1048 hominis
2956 993 3025 1046 se.
3076 981 3150 1049 Ut
3174 992 3242 1049 de
3282 1001 3430 1049 sum
3456 1009 3572 1059 suo,
3602 993 3654 1050 id
3675 1006 3745 1051 est
3765 999 3797 1030 π

560 1075 681 1131 riali
706 1063 895 1139 ηοὲῑτο
928 1072 1220 1140 unicuique
1264 1070 1460 1125 dentur
1508 1068 1550 1099 ¹¹
1586 1067 1785 1123 cotidie
1840 1080 2008 1136 Panes
2052 1063 2154 1119 "i‘
2251 1081 2319 1141 de
2347 1085 2618 1150 libertate,
2647 1084 2732 1139 vel
2777 1085 3080 1140 hereditate
3127 1084 3532 1153 compellandns
3573 1086 3708 1141 iuxta
3738 1088 3798 1144 le-

559 1168 729 1239 ginta,
762 1165 1055 1237 friskingae
1079 1163 1237 1228 duae,
1266 1162 1333 1217 de
1376 1168 1505 1231 potu
1541 1158 1705 1215 modii
1734 1159 1777 1189 “
1797 1158 1922 1224 duo,
1946 1154 2156 1226 porcel-

2255 1176 2335 1248 gis
2381 1176 2823 1233 constitutionem
2864 1171 3178 1233 manniatur
3212 1176 3281 1231 ³⁸.
3312 1178 3392 1232 De
3440 1179 3659 1234 caeteris
3697 1196 3796 1237 vero

560 1259 643 1315 ius
669 1273 830 1325 unus,
865 1256 997 1328 Dum
1027 1255 1070 1287 ¹³
1097 1262 1229 1320 "es.
1256 1269 1356 1308 0V3
1406 1252 1731 1323 (ιυίιιιίθθὶηιν
1762 1264 1993 1341 anno“?
2014 1249 2059 1280 "
2085 1248 2155 1304 ad
2253 1270 2433 1326 causis
2462 1270 2603 1325 unde
2629 1270 2751 1341 quis
2788 1270 3056 1325 rationem
3082 1280 3168 1326 est
3191 1270 3522 1337 redditurus,
3544 1270 3590 1326 si
3612 1281 3717 1341 post
3736 1288 3798 1327 se-

558 1349 798 1406 mbanos
825 1349 989 1404 ωοάίί
1019 1346 1207 1401 ¹⁸ιΐθεο
1231 1344 1472 1399 Vassano
1500 1344 1543 1375 "
1569 1350 1756 1398 ιιοεῐτο
1776 1357 1943 1412 Panes
1967 1340 2153 1396 decem
2254 1361 2486 1416 cundam
2515 1340 2730 1415 comitis
2769 1358 3193 1416 admonitionem
3243 1361 3443 1431 aliquis
3496 1363 3565 1418 ad
3614 1340 3794 1419 manum

558 1449 615 1495 et
651 1448 858 1509 septem
874 1440 934 1503 ³⁷,
968 1436 1226 1507 friskinga
1253 1438 1295 1468 “‘
1322 1451 1447 1502 una,
1476 1434 1741 1505 porcellus
1758 1449 1917 1498 unus,
1942 1434 2008 1487 de
2023 1440 2155 1502 potu

2255 1453 2438 1507 venire
2465 1452 2717 1517 noluerit,
2750 1453 2913 1507 rebus
2939 1453 3058 1508 eius
3086 1450 3143 1508 in
3168 1452 3411 1510 bannum
3438 1455 3616 1512 missis
3650 1457 3793 1512 venire

561 1531 775 1587 modius
803 1546 964 1594 unus,
990 1529 1127 1599 pulli
1151 1528 1278 1593 duo,
1306 1542 1407 1583 ova
1442 1529 1646 1593 decem,
1671 1542 1885 1581 annona
1913 1524 1954 1556 "
1978 1524 2046 1579 ad
2072 1540 2158 1580 ca—
2254 1551 2310 1598 et
2335 1543 2597 1597 iustitiam
2619 1541 2799 1599 facere
2818 1541 3179 1613 conpellatum

563 1620 739 1676 ballos
761 1618 926 1674 modii
951 1619 1076 1674 duo.

634 1709 724 1763 7i.
776 1709 853 1763 De
877 1725 937 1763 eo
963 1708 1054 1782 qui
1085 1708 1141 1762 in
1189 1706 1363 1763 aliena
1391 1708 1565 1779 patria
1613 1706 1677 1760 de
1721 1704 1950 1777 qualibet
1993 1717 2155 1757 causa

564 1788 724 1872 fuerit
751 1798 1110 1872 interpellatus
1130 1800 1201 1853 ¹⁰.
1228 1798 1284 1853 Si
1308 1800 1429 1869 quis
1455 1799 1510 1853 in
1538 1796 1711 1853 aliena
1737 1797 1930 1867 patria,
1954 1794 2048 1850 ubi
2068 1794 2152 1848 vel
2188 1783 2231 1844 B

565 1898 786 1961 propter
812 1890 1136 1945 beneﬁcium
1168 1889 1253 1945 vel
1274 1896 1496 1958 propter
1531 1887 1690 1942 aliam
1725 1884 2021 1955 quamlibet
2061 1899 2153 1940 oc-

571 1982 844 2037 casionem
872 1981 1096 2036 adsidue
1117 1978 1427 2035 conversari
1458 1976 1613 2043 solet,
1640 1977 1706 2031 de
1727 1976 1967 2046 qualibet
1989 1988 2153 2030 causa

2328 1653 2417 1710 74.
2442 1653 2521 1709 De
2538 1656 2855 1727 praprietote
2874 1655 3103 1712 hominis
3122 1673 3257 1727 quae
3293 1657 3358 1712 ob
3383 1656 3597 1729 aliquod
3638 1658 3791 1717 crines

2255 1745 2313 1801 in
2330 1744 2559 1799 banmtm
2581 1745 2743 1815 fuerit
2766 1745 2927 1801 missa
2952 1746 3022 1799 ³⁹.
3052 1746 3457 1818 Cuiuscumque
3475 1749 3792 1821 bominispro-

2254 1836 2457 1905 prietas
2482 1836 2552 1890 ob
2568 1834 2776 1893 crimen
2800 1834 3101 1911 aliquodab
3126 1852 3192 1893 eo
3214 1838 3570 1895 commissum
3612 1840 3661 1895 in
3690 1841 3791 1896 bu-

2252 1943 2381 1983 num
2421 1925 2585 1983 l‘uerit
2634 1926 2831 1992 missa,
2874 1933 2931 1982 et
2962 1926 3051 1983 ille
3103 1943 3163 1982 re
3209 1929 3430 1999 cognita
3474 1944 3545 1984 ne
3581 1929 3789 1986 iustitiam

563 2071 727 2128 fuerit
753 2072 1145 2142 interpellatus,
1173 2071 1321 2125 verbi
1344 2070 1514 2140 gratia
1552 2071 1619 2124 de
1642 2069 1962 2138 conquesitu
1982 2067 2027 2098 "
2054 2081 2153 2121 suo

566 2162 652 2219 vel
675 2164 741 2218 de
767 2161 1051 2232 mancipiis
1074 2160 1207 2225 suis,
1233 2159 1306 2216 ibi
1331 2162 1625 2217 secundum
1656 2174 1811 2215 suam
1855 2159 2027 2228 legem
2070 2157 2154 2212 iu-

562 2253 770 2309 stitiam
791 2252 972 2319 faciat,
1014 2259 1070 2306 et
1111 2268 1233 2307 cum
1260 2252 1457 2307 talibus
1482 2251 1939 2315 coniuratoribus,
1968 2249 2155 2318 quales

562 2346 617 2402 in
644 2347 830 2402 eadem
860 2347 1080 2417 regione
1100 2346 1146 2375 "
1172 2344 1256 2398 vel
1281 2344 1560 2414 provincia
1596 2357 1779 2397 secum
1821 2343 2022 2397 habere
2062 2357 2154 2411 po-

563 2436 746 2503 tuerit,
775 2434 1073 2508 legitimum
1097 2443 1496 2491 sacramentum
1519 2435 1660 2489 iuret
1680 2451 1694 2499 ;
1714 2441 1939 2503 excepto
1965 2433 2009 2488 si
2033 2433 2154 2502 quis

562 2543 687 2584 eum
722 2528 787 2583 de
813 2536 956 2582 statu
982 2543 1101 2593 suo,
1139 2528 1193 2583 id
1218 2528 1388 2583 estde
1424 2527 1672 2581 libertate
1698 2541 1815 2589 sua,
1848 2525 1930 2579 vel
1967 2527 2032 2581 de
2060 2525 2155 2579 be-

562 2618 794 2672 reditate
827 2630 992 2686 quam
1015 2616 1065 2670 ei
1089 2624 1246 2685 pater
1269 2631 1399 2671 suus
1431 2615 1670 2670 moriens
1704 2614 2018 2682 dereliquid,
2063 2628 2157 2683 ap-

560 2710 866 2779 pottaverit.
891 2708 970 2762 De
993 2707 1082 2762 bis
1106 2707 1317 2762 duobus
1339 2706 1501 2762 liceat
1535 2705 1612 2759 illi
1650 2712 2052 2760 sacramentum
2100 2705 2176 2759 in-

568 2801 747 2870 patria
771 2815 890 2867 sua,
913 2800 968 2856 id
991 2808 1075 2857 est
1095 2801 1152 2856 in
1178 2800 1419 2872 legitimo
1438 2800 1523 2855 sui
1558 2799 1884 2854 sacramenti
1910 2798 2029 2853 loco
2076 2798 2158 2853 iu—

563 2891 794 2957 randum
812 2891 859 2923 ³³
878 2890 1110 2957 oll'erre;
1136 2899 1192 2946 et
1216 2890 1262 2946 is
1284 2890 1377 2961 qui
1403 2904 1527 2945 cum
1553 2903 1617 2943 eo
1640 2887 1902 2958 litigatur,
1931 2888 1979 2943 si
2002 2887 2153 2953 velit,
2191 2938 2194 2942 .

556 2989 823 3051 sequatur
842 2982 996 3038 illum
1024 2981 1081 3037 in
1114 2981 1347 3053 patriam
1397 2995 1552 3036 suam
1585 2980 1634 3011 ³⁸
1668 2981 1737 3035 ad
1792 2977 2157 3048 recipiendum

561 3073 697 3130 illud
721 3077 1143 3131 sacramentum.
1170 3075 1288 3145 Ipse
1311 3081 1493 3129 tamen
1517 3073 1696 3144 primo
1721 3071 1777 3126 in
1796 3071 1988 3127 eodem
2013 3069 2153 3134 loco,
2178 3112 2185 3117 .

560 3162 617 3218 id
638 3172 726 3221 est
744 3166 809 3231 ",
842 3165 940 3221 ubi
962 3166 1332 3237 interpellatus
1352 3172 1455 3231 est,
1481 3163 1779 3220 satisfaciat
1820 3171 1934 3217 tam
1969 3161 2155 3217 comiti
2185 3164 2231 3225 C

558 3266 617 3314 et
641 3256 910 3314 iudicibus
934 3273 1098 3328 quam
1120 3258 1431 3313 adversario
1452 3271 1571 3321 suo,
1595 3255 1830 3311 testibus
1851 3253 2154 3324 probando,
2196 3291 2201 3296 -

560 3350 706 3417 quod
728 3362 843 3405 rem
869 3349 934 3415 ³⁸,
962 3364 1103 3421 quae
1129 3350 1199 3406 ab
1220 3363 1288 3405 eo
1312 3348 1619 3419 quaeritur,
1648 3354 1807 3417 pater
1826 3360 1959 3402 suus
1991 3345 2043 3400 ei
2067 3345 2157 3400 de-

560 3438 782 3509 reliquit
803 3440 870 3493 ιτ.

632 3530 720 3585 72.
749 3531 828 3585 De
846 3530 1104 3586 solutione
1128 3540 1281 3603 atque
1299 3531 1652 3602 conpositione
1664 3528 1735 3582 ’⁸.
1772 3527 1844 3584 Ut
1866 3526 2045 3582 omnis
2072 3539 2157 3581 so-

562 3619 701 3675 lutio
727 3630 890 3693 atque
915 3622 962 3654 ”
996 3624 1297 3693 conpositio
1321 3636 1465 3693 quae
1484 3623 1541 3678 in
1561 3621 1680 3691 lege
1703 3621 1883 3675 Salios
1911 3620 2156 3675 contine-

2252 2019 2419 2076 l'aciat
2456 2019 2640 2075 venire
2683 2018 2975 2086 distulerit,
3023 2033 3334 2090 annumque
3374 2036 3443 2077 ac
3466 2020 3627 2077 diem
3666 2021 3710 2075 in
3744 2037 3792 2075 eo

2252 2111 2434 2169 banno
2451 2111 2600 2166 illam
2618 2126 2738 2167 esse
2759 2111 3088 2182 permiserit,
3111 2126 3239 2167 eam
3264 2111 3495 2167 ulterius
3524 2128 3623 2171 non
3644 2112 3790 2182 adqui-

2254 2213 2361 2269 rat,
2389 2203 2484 2258 sed
2507 2204 2621 2273 ipsa
2644 2203 2778 2259 ﬁsco
2801 2202 2945 2273 regis
2971 2202 3242 2268 societur;
3265 2201 3517 2258 debitum
3542 2204 3791 2272 vero,un

2252 2294 2303 2351 is
2327 2295 2481 2350 cuius
2500 2309 2565 2350 ea
2588 2293 2692 2349 fuit
2708 2293 2918 2350 solvere
2949 2294 3154 2359 debuit,
3194 2308 3295 2364 per
3341 2293 3597 2351 comitem
3636 2309 3691 2349 ac
3720 2294 3791 2349 mi-

2255 2388 2456 2442 nistros
2478 2386 2598 2459 eius
2623 2387 2774 2441 iuxta
2809 2386 3208 2441 estimationem
3227 2386 3411 2443 damni
3443 2385 3513 2441 de
3538 2387 3682 2442 rebus
3706 2401 3791 2440 mo-

2254 2477 2473 2541 bilibus,
2499 2492 2641 2547 quae
2676 2476 2729 2531 in
2756 2478 2944 2533 eadem
2981 2476 3312 2547 proprietate
3351 2476 3599 2555 inventae
3620 2475 3788 2539 fuerint,

2256 2570 2343 2625 bis
2362 2570 2559 2640 quibus
2594 2568 2738 2624 idem
2774 2567 2990 2625 debitor
3013 2567 3114 2623 fuit
3137 2568 3471 2624 exsolvatur.
3512 2568 3692 2636 Quodsi
3729 2582 3791 2620 re-

2258 2676 2378 2716 rum
2412 2660 2692 2716 mobilium
2715 2659 2915 2714 ibidem
2935 2659 3283 2714 inventarum
3301 2661 3579 2730 quantitas
3601 2657 3658 2713 ad
3676 2673 3790 2714 com-

2256 2733 2578 2822 positionem
2593 2767 2701 2807 non
2727 2749 3002 2816 sullicerit,
3020 2750 3085 2805 de
3110 2750 3477 2806 immobilibus
3496 2749 3785 2820 suppleatur;

2258 2851 2311 2897 et
2337 2841 2480 2913 quod
2506 2840 2854 2912 superfuerit,
2873 2841 3013 2897 sicut
3036 2842 3242 2922 dictum
3263 2850 3348 2896 est
3374 2842 3530 2898 ﬁscus
3549 2840 3668 2910 regis
3685 2854 3785 2909 pos-

2258 2935 2450 2992 sideat.
2480 2933 2537 2990 Si
2572 2934 2705 2997 nihil
2736 2950 2898 3006 super
2941 2933 3392 3004 compositionem
3430 2947 3687 2990 remanere
3714 2946 3790 3001 po-

2259 3027 2445 3092 tuerit,
2470 3033 2648 3082 totum
2676 3026 2733 3083 in
2782 3026 2930 3082 illam
2973 3028 3328 3097 expendatur.
3378 3026 3438 3083 Si
3472 3035 3647 3083 autem
3666 3024 3791 3078 homo

2260 3118 2351 3175 ille
2377 3118 2618 3177 nondum
2641 3133 2765 3175 cum
2810 3118 2924 3177 suis
2952 3119 3309 3176 coheredibus
3355 3119 3628 3190 proprium
3668 3130 3789 3175 suum

2260 3210 2494 3266 divisum
2517 3210 2727 3275 habuit,
2751 3218 3013 3266 convocet
3050 3225 3147 3266 eos
3173 3225 3376 3276 comes,
3403 3218 3459 3268 et
3490 3225 3615 3281 cum
3652 3208 3717 3264 eis
3736 3206 3791 3259 le-

2254 3301 2501 3373 gitimam
2524 3300 2844 3357 divisionem
2870 3300 3059 3367 faciat,
3083 3308 3140 3356 et
3161 3310 3315 3367 tunc,
3336 3302 3481 3357 sicut
3504 3302 3612 3357 iam
3636 3300 3790 3356 dictqu

2251 3399 2356 3458 est,
2394 3398 2607 3462 partem
2630 3391 2748 3446 eius
2773 3389 2907 3446 ﬁsco
2932 3391 3077 3463 regis
3107 3391 3287 3456 addat,
3320 3399 3377 3446 et
3404 3390 3795 3463 compositionem

2255 3487 2321 3542 de
2341 3501 2404 3542 ea
2429 3486 2582 3541 iuxta
2616 3484 2839 3541 modum
2878 3485 3125 3555 superius
3148 3486 3569 3557 conprehensum
3630 3484 3717 3546 bis,
3747 3478 3795 3534 ad

2253 3590 2390 3647 quos
2422 3573 2514 3630 illa
2537 3574 2748 3646 legibus
2769 3575 3027 3645 pertinet,
3056 3574 3323 3631 exsolvat.

1842 3866 2251 3928 APPENDIX
2290 3865 2564 3928 PRIMA.

560 3972 933 4053 Capitula?
968 3970 1186 4053 damni
1216 3953 1884 4053 aroliintperatoris
1913 3968 2354 4053 ecclesiastico,
2416 3985 2576 4053 quae
2620 3965 2763 4053 ideo
2802 3968 3258 4053 suprascript“
3288 3986 3426 4053 non
3464 3966 3793 4053 coniunxi“

639 4048 964 4133 capitulis,
994 4052 1146 4132 quia
1173 4050 1311 4133 alia
1337 4067 1418 4111 ea:
1448 4048 1588 4111 istis
1621 4050 1799 4133 quasi
1838 4066 2028 4110 causa
2053 4048 2383 4133 memoriae
2414 4048 2679 4133 scripta
2695 4049 2936 4126 fuerint
2956 4049 3007 4133 δ’
3032 4048 3569 4133 etnonpidentur
3592 4049 3796 4133 plene:

638 4124 886 4212 explere
912 4124 1182 4212 sensum,
1218 4130 1352 4212 _alia
1376 4140 1525 4189 sunt
1558 4124 1897 4212 geininata,
1934 4145 2072 4188 cum
2099 4125 2247 4190 aliis
2275 4125 2564 4189 uidelicet
2594 4124 2801 4190 mixta
2846 4126 3175 4208 capitulis,
3204 4127 3336 4190 alia
3357 4130 3604 4208 penitus
3659 4124 3796 4189 inita

640 4207 827 4293 atoue
854 4209 936 4272 ad
962 4209 1411 4293 perfectionem
1436 4207 1765 4287 perducta.

640 4379 687 4432 l.
713 4377 787 4432 De
812 4374 1156 4432 lectionibus.

2233 4355 2245 4359 δ
2325 4377 2380 4432 2.
2407 4376 2485 4433 De
2508 4386 2694 4432 cantu.

1789 4486 2181 4548 VARIANTES
2216 4462 2620 4543 LECTIONES.

636 4584 653 4614 ⁸
682 4579 1056 4652 unusquisque
1083 4582 1155 4653 l'.
1231 4584 1251 4613 ¹
1277 4583 1636 4652 quantitatem
1672 4562 1727 4638 5.
1801 4581 1823 4613 ⁸
1843 4599 1996 4653 seque

560 4662 615 4709 et
640 4652 705 4708 15
726 4668 828 4708 ova
849 4660 906 4707 et
925 4654 960 4707 4
982 4652 1147 4708 modii
1170 4668 1416 4710 annonae

1548 4598 1636 4667 em
1672 4583 1727 4638 5.
1801 4581 1830 4665 '_
1843 4581 2110 4665 sequentia
2134 4579 2167 4636 6
2191 4582 2267 4665 ita
2310 4581 2513 4637 exhibet
2538 4596 2554 4636 :
2580 4581 2651 4636 40
2675 4597 2844 4666 panes
2873 4591 2928 4638 et
2963 4584 2999 4639 5
3021 4598 3191 4640 urnae
3212 4585 3279 4666 de
3298 4592 3428 4653 potu
3456 4590 3512 4638 et
3529 4583 3564 4638 5
3584 4580 3796 4703 frisginire

1548 4670 1613 4703 IS.
1638 4653 1854 4703 Abbati.
1878 4660 2068 4703 comm
2092 4652 2285 4703 etalns
2309 4652 2378 4703 50
2404 4666 2594 4703 nanes.
2622 4653 2659 4703 2
2681 4662 2949 4703 vrelnmae.
2974 4654 3081 4703 duo
3106 4670 3247 4703 urm.
3270 4656 3292 4703 1
3321 4654 3605 4703 numellas.
3628 4648 3746 4703 5ου]
3765 4666 3795 4703 ι.

1509 4653 1613 4709 uis.
1637 4652 1854 4725 Abbati,
1878 4648 2068 4707 comiti
2092 4652 2285 4725 etaliis
2302 4652 2378 4725 _30
2404 4666 2594 4725 panes,
2622 4653 2659 4707 2
2675 4648 2949 4725 victimae,
2974 4654 3081 4710 duo
3106 4655 3247 4715 urni.
3270 4648 3605 4725 l'poreellus,
3626 4648 3778 4725 {simili

562 4725 774 4805 15.0272.
800 4724 835 4778 5
856 4723 1021 4805 medii
1062 4722 1549 4805 Fabulis-Nesse.
1583 4732 1772 4805 ηεξξιτρ
1794 4722 1861 4805 ἐξ
1887 4737 2074 4805 Penes,
2106 4722 2440 4805 {tussi-.189,
2484 4723 2509 4776 ί
2562 4724 2907 4805 miculas!
2950 4740 3085 4805 eme

3146 4690 3159 4708 .
3274 4690 3293 4708 .
3319 4690 3605 4725 μυιωμυο,
3628 4690 3660 4707 υ
3676 4690 3796 4773 γυηῖ

3142 4735 3323 4794 potus,
3370 4725 3441 4780 10
3472 4738 3594 4788 ova,
3615 4724 3647 4777 2
3667 4721 3780 4794 modi

560 4795 805 4868 caballis.
880 4793 1218 4868 ffrjsgingae
1243 4796 1295 4849 1.
1321 4794 1624 4868 6._t‘riskige_
1641 4790 2150 4868 (infralriskingae)
2175 4795 2249 4868 l_‘_.
2270 4790 2726 4868 frissingae'jnfra
2746 4793 3035 4868 frixingiae
3059 4797 3113 4851 5.
3137 4790 3447 4868 Ῐήεοῂὶηεε
3466 4796 3539 4868 B.
3611 4796 3633 4827 ³
3654 4808 3721 4847 im

560 4864 934 4948 frisgingae}.
1087 4865 1109 4896 ‘
1130 4867 1265 4948 «ιο...
1285 4865 1417 4948 pulli
1440 4864 1777 4948 trude-sunt

563 4936 606 4967 ¹⁰
632 4932 843 4991 modios
862 4936 917 4989 5.
942 4934 999 4988 4.
1024 4932 1090 4989 G.
1118 4976 1121 4979 .
1204 4937 1245 4967 “
1274 4932 1430 4991 detur
1456 4936 1506 4989 1.
1619 4936 1661 4966 ⁸⁸
1686 4933 1866 4989 modia
1905 4935 1979 4988 l‘.

563 5076 607 5109 ⁸⁸
636 5076 907 5130 annonam
932 5076 999 5131 ad
1020 5092 1071 5131 c.
1095 5078 1275 5132 modia
1299 5078 1375 5132 1³.
1427 5079 1433 5086 ’

558 5145 615 5200 5.
644 5144 687 5198 T
685 5145 747 5198 il.
780 5146 898 5200 Die.
928 5146 996 5199 In
1019 5145 1056 5200 2
1085 5146 1114 5199 ὁ
1140 5147 1247 5202 alio
1291 5148 1407 5201 loco
1429 5147 1638 5202 lenitur.

559 5229 657 5271 sua
685 5214 752 5270 ϐ.
853 5216 901 5247 ’⁸
927 5216 1068 5270 deest
1104 5218 1139 5270 2
1173 5219 1226 5271 b.
1300 5219 1437 5273 "res
1463 5214 1517 5273 3.
1545 5216 1610 5269 B.

1982 4864 2003 4895 "
2035 4863 2331 4967 [transiliam
2643 4863 2817 4920 iconst
2841 4863 2907 4920 G.

564 4936 606 4967 ‘°
632 4934 843 4991 modios
862 4936 917 4989 5.
942 4934 999 4988 4.
1024 4934 1090 4989 (ἓ.
1118 4976 1121 4979 -
1204 4937 1245 4967 ⁸¹
1274 4934 1430 4991 detur
1456 4936 1506 4989 1.
1619 4936 1661 4966 ⁸⁸
1686 4934 1866 4989 modia
1905 4935 1979 4988 l'.
2094 4934 2137 4967 “
2161 4934 2336 5005 pullos
2371 4935 2445 4987 l'.
2546 4934 2593 4968 ³⁸
2611 4951 2880 4990 annonam
2905 4936 2979 4990 1“.
3062 4934 3120 4969 ί¹³
3146 4937 3327 4993 modia
3357 4937 3431 4989 l‘.
3460 4934 3531 4991 mi

626 5006 898 5077 sequentia
924 5005 1111 5090 desunt
1130 5005 1184 5060 5.
1206 5078 1239 5090 __
1262 5008 1456 5090 "_octo
1482 5006 1535 5090 ᾗ..
1566 5021 1662 5090 sex
1685 5004 1739 5059 6.
1916 5004 1961 5037 "
1984 5002 2299 5090 [ﬁskingm
2322 5019 2487 5090 unam
2524 5005 2822 5090 purce_llum
2844 5020 3011 5090 unum
3034 5006 3087 5062 d.
3115 5021 3170 5076 p.
3193 5007 3380 5090 modio
3400 5022 3531 5071 uno,

1483 5077 1529 5157 ’ξ
1565 5079 1686 5131 inde
1724 5075 1789 5130 ab
1835 5076 1889 5129 Ιι.
1919 5092 1967 5130 e.
1992 5076 2234 5177 inscript.
2263 5076 2440 5130 omisit
2475 5075 2652 5132 omnes
2675 5078 2748 5142 5;
2778 5076 2877 5131 Itoc
2900 5086 2949 5131 et
2986 5075 3202 5159 segnem
3226 5088 3381 5147 caput
3410 5094 3516 5132 non

1483 5156 1620 5177 me...
1714 5145 1759 5177 21
1789 5154 2087 5177 ,ιιι-ιηηηοίι-
2115 5146 2151 5177 ο
2292 5147 2339 5177 ,8
2368 5147 2556 5177 ΜΛΔ-τη
2596 5161 2763 5177 ..ιι-..Λ
2787 5146 2822 5177 ο
2849 5147 2884 5177 Ιι
2980 5147 3424 5177 sse.....:.........s.....
3469 5147 3492 5177 Ι

1717 5146 1759 5177 ¹¹
1789 5154 2090 5217 conquestu
2115 5146 2217 5202 2b.
2292 5147 2339 5178 ”
2367 5147 2558 5202 eodem
2596 5165 2598 5171 τ

1717 5217 1761 5247 ’⁷
1787 5218 1871 5271 hic
1895 5217 1951 5270 2.
1990 5218 2173 5272 inserit
2199 5234 2246 5272 c.
2292 5216 2327 5288 4
2357 5216 2598 5288 generale

3004 4867 3027 4900 ⁸
3060 4865 3239 4935 pullos
3286 4866 3333 4920 l‘
3364 4865 3717 4936 G.-’granum
3736 4865 3794 4914 1⁸.

3076 4936 3120 4969 “
3146 4937 3327 4993 modia
3357 4937 3431 4989 1⁶.
3460 4936 3664 4992 modios
3685 4948 3733 4987 ιι.
3752 4931 3795 4983 5.

3633 5004 3716 5089 ηοξ
3738 5003 3795 5089 2:-

2778 5076 2877 5131 Itoc
2900 5086 2949 5131 et
2986 5093 3202 5159 seque!”
3226 5088 3381 5147 caput
3410 5094 3516 5132 non
3548 5076 3718 5131 habent

2748 5146 3543 5230 ἒ,².δοη.’⁸ίιυε¹ὶιτ³ε¹9ιὲ¹ηέ·η
3595 5148 3797 5230 ’ἴΡὲιπξ

2674 5215 2871 5289 opitul.
2894 5215 3207 5289 Olonnensis
3253 5217 3399 5272 Maio
3435 5218 3547 5289 825
3581 5216 3727 5289 ἶ
3759 5218 3797 5263 α

2642 4860 2817 4920 ἐοησι
3004 4867 3027 4900 ⁸
3060 4865 3333 4954 pullos‘l‘
3363 4860 3717 4954 ςξρδςτξπωξ
3736 4860 3794 4954 1;.

2546 4934 2593 4968 “
2611 4951 2880 4990 annonam
2905 4936 2979 4990 1“.

2292 5147 2339 5178 ’³
2367 5147 2558 5202 eodem

510 5334 525 5337 ,
594 5295 674 5339 ost
710 5303 757 5339 e.
795 5285 866 5340 74
904 5286 1135 5341 eiusdem
1180 5286 1309 5358 Cap.
1351 5306 1398 5342 c.
1438 5288 1493 5341 5.
1566 5287 1613 5318 ¹⁸
1650 5295 1816 5341 totum
1842 5305 1903 5342 ca
1940 5288 1995 5342 ut
2019 5287 2160 5342 deest
2186 5288 2260 5342 l‘.
2293 5285 2480 5342 5.'Til.
2507 5286 2625 5343 Div.
2708 5285 2768 5337 ’μ’
2793 5288 2937 5343 vel2
2965 5290 3022 5344 b.
3048 5304 3100 5344 a.
3132 5305 3187 5344 c.
3224 5289 3411 5344 desunt
3457 5288 3524 5344 (ὅ.
3600 5287 3642 5319 ³⁸
3687 5285 3800 5340 inter

558 5304 614 5411 Ξ.
648 5355 769 5410 Bal.
848 5358 890 5389 ³¹
942 5356 1224 5411 Fresiones
1272 5360 1325 5411 5.
1390 5367 1555 5411 const.
1631 5356 1676 5388 ³¹
1704 5305 1938 5411 deest
2012 5358 2058 5389 ³³
2086 5359 2156 5411 ad
2187 5368 2398 5411 partem
2426 5359 2479 5411 5.
2510 5357 2631 5411 Bal.
2704 5358 2751 5391 ”
2781 5359 2921 5411 deest
2942 5361 2996 5411 5.
3072 5360 3119 5393 ³⁸
3145 5361 3198 5411 d.
3224 5370 3279 5411 et
3300 5359 3727 5411 compositionem
3748 5351 3799 5406 de

601 5395 614 5408 .
648 5355 769 5430 Bal.
848 5358 890 5389 ³¹
934 5356 1224 5430 Fresiones
1244 5351 1325 5430 f5.
1390 5367 1555 5412 const.
1594 5428 1605 5430 _
1631 5356 1676 5388 ³¹
1704 5351 1935 5430 deest
2012 5358 2058 5389 ³³
2086 5359 2156 5413 ad
2187 5368 2398 5430 partem
2426 5359 2479 5430 5.
2510 5357 2631 5413 Bal.
2704 5358 2751 5391 "
2781 5359 2921 5413 deest
2942 5361 2996 5414 5.
3072 5360 3119 5393 ³⁸
3145 5361 3198 5430 d.
3224 5370 3279 5415 et
3300 5359 3727 5430 compositionem

558 5441 623 5502 ea
646 5426 796 5502 i_uxta
821 5428 1052 5502 modum
1073 5428 1325 5502 superius
1372 5428 1822 5502 comprehensum
1849 5429 2021 5502 bisad
2046 5421 2294 5502 quos-illa
2337 5429 2546 5502 legibus
2569 5430 2841 5502 pertinent
2870 5430 3113 5502 exsolvat
3142 5429 3268 5485 Met.
3310 5421 3453 5502 (sunt
3481 5421 3800 5502 ultimosulti-

559 5496 626 5582 tis
651 5495 721 5551 74
734 5497 939 5582 uerba).-
981 5497 1055 5582 .”
1084 5495 1237 5582 caput
1276 5498 1374 5552 hoc
1400 5497 1475 5582 nil
1495 5495 1602 5582 _ni_si
1630 5516 1676 5553 ε.
1703 5498 1773 5582 _2_4
1801 5495 2146 5582 repetitio‘,-g_l_t
2170 5495 2942 5582 ipsopro'cul‘dubieAn‘segiso
2964 5500 3216 5582 profecta,
3252 5495 3394 5554 deest

558 5565 747 5622 desunt
768 5570 823 5624 5.
857 5565 941 5623 vel
970 5566 1023 5622 4.
1136 5565 1182 5601 ³⁸
1213 5576 1496 5626 moneatur
1540 5571 1594 5626 5.

1704 5570 1749 5601 ³⁸
1777 5580 1824 5624 et
1849 5566 1967 5624 hoc.
1996 5587 2043 5624 c.
2072 5570 2143 5624 2'5
2165 5566 2433 5641 repetitum
2460 5568 2600 5641 deest
2642 5569 2715 5622 l'.
2745 5568 2798 5623 5.
2829 5566 2847 5571 ⁷
2896 5570 2942 5601 ⁸⁸
2964 5566 3146 5626 omnes
3184 5581 3288 5625 tres
3317 5566 3799 5641 appendiceshagegl

512 5648 515 5651 '
636 5637 696 5711 2_._
718 5637 871 5711 6:6.
892 5638 1250 5711 (quiiprimam
1295 5648 1345 5695 et
1382 5641 1664 5696 secundum
1684 5641 1741 5695 in
1770 5656 1931 5693 unam
1960 5632 2242 5711 contrahit)
2273 5638 2401 5711 Bal.
2417 5638 2645 5711 primum
2667 5649 2713 5694 et
2738 5641 3027 5711 secundum
3054 5641 3114 5695 Β.
3149 5632 3394 5695 omnibus
3412 5648 3589 5695 carent
3614 5632 3793 5711 1:12

558 5705 612 5761 4.
665 5702 940 5782 5.7code‘a}
980 5702 1129 5782 {nil
1171 5712 1324 5765 habet
1364 5712 1466 5766 nisi
1511 5727 1630 5782 app.
1664 5710 1924 5765 secundae
1949 5711 2127 5782 capita
2146 5702 2256 5782 1τ5,
2286 5710 2340 5782 7,
2368 5702 2432 5782 _8,
2460 5709 2546 5782 16,
2573 5709 2667 5782 17,
2696 5710 2991 5777 27.54-38,
3034 5713 3284 5766 adiuncta
3328 5711 3422 5765 illa
3472 5712 3601 5765 libro
3628 5705 3655 5761 Ι
3666 5702 3721 5769 γ,
3739 5702 3796 5753 ita
3914 5756 3915 5779 ἲ

558 5786 614 5831 ut
636 5795 686 5833 ε.
728 5781 752 5836 1
781 5779 860 5834 illi
886 5780 950 5834 sit
976 5797 1023 5834 ι’.
1048 5779 1115 5863 ’ῖὸ
1138 5791 1183 5834 et
1206 5783 1279 5836 sic
1306 5799 1483 5853 porro.
1545 5778 1603 5813 ’τι
1630 5790 1755 5836 sunt
1779 5778 2065 5837 coniuncta
2094 5780 2158 5835 B.
2178 5781 2324 5835 iunxi
2350 5778 2414 5835 ϐ.
2492 5780 2539 5811 δ’
2563 5780 2776 5836 fuerant
2806 5783 2871 5837 B.
