3992 6344
538 409 636 460 5δῖ

611 516 698 571 12.
729 516 807 568 De
827 512 976 567 falsis
1001 507 1314 564 monetariis
1343 506 1723 576 requirendum
1751 513 1854 559 est.

614 607 698 660 15.
741 605 816 658 De
879 601 982 655 illis
1046 597 1390 660 Saxonibus,
1457 597 1548 651 aui
1606 611 1804 650 uxores
1863 609 1971 649 non
2029 595 2127 649 ha-

541 678 691 732 bent.

614 767 698 822 M.
729 767 805 820 De
833 763 1060 846 signatis
1101 762 1139 825 ί,
1169 758 1262 829 qui
1289 759 1596 813 mentiendo
1622 758 1643 788 '
1669 760 1868 813 vadunt

612 861 697 914 15.
734 858 791 912 Si
815 856 951 910 aliae
980 869 1067 908 res
1109 853 1334 911 fortuitu
1365 865 1470 906 non
1508 849 2040 921 praeoccupaverint,
2074 849 2128 921 8.

541 929 766 986 Kalend.
811 927 972 982 Iulias
1001 925 1042 986 ³,
1083 925 1135 978 id
1163 933 1246 978 est
1272 923 1434 976 missa
1476 922 1648 976 sancti
1675 920 1929 976 lohannis
1957 920 2133 989 bapti-

465 1018 474 1028 ι
541 1010 678 1063 stac,
727 999 794 1052 ad
843 996 1165 1064 Magontiam
1215 993 1325 1048 sive
1360 991 1710 1047 Cabillionem
1736 992 1756 1024 ⁸
1811 991 2134 1062 generaliter

543 1070 800 1140 placitura
822 1067 1021 1121 habere
1049 1064 1314 1118 volumus.

618 1160 685 1214 16
720 1159 760 1212 ⁵.
801 1159 874 1212 De
899 1155 1171 1226 periuriis,
1223 1161 1282 1208 ut
1313 1162 1624 1208 caveantur.
1679 1154 1744 1208 Et
1771 1153 1792 1184 °
1820 1162 1874 1208 ut
1904 1169 2010 1226 non
2037 1153 2133 1208 ad-

546 1232 834 1286 mittuntur
885 1225 1052 1282 testes
1087 1225 1155 1280 ad
1205 1226 1586 1290 iuramentum,
1639 1233 1927 1294 antequam
1958 1225 2136 1279 discu-

547 1303 771 1355 tiantur.
819 1298 885 1352 Et
915 1297 959 1352 si
999 1297 1157 1350 aliter
1197 1311 1303 1350 non
1341 1296 1550 1364 possint
1583 1295 1796 1361 discuti,
1819 1303 2137 1365 separentur

547 1373 617 1426 ab
671 1370 898 1424 invicem
947 1377 1002 1420 et
1035 1366 1380 1437 singulariter
1409 1367 1768 1435 inquirantur.
1808 1367 1874 1420 Et
1903 1382 2007 1420 non
2036 1365 2136 1419 soli

547 1441 848 1496 accusatori
876 1439 1032 1492 liceat
1055 1445 1220 1491 testes
1246 1437 1443 1507 eligere
1468 1438 1688 1490 absente
1711 1452 1808 1491 suo
1831 1445 2132 1507 causatore.

548 1511 617 1566 Et
638 1509 860 1565 omnino
884 1507 1063 1562 nullus
1091 1507 1196 1561 nisi
1235 1505 1446 1562 ieiunus
1483 1507 1549 1562 ad
1573 1507 1933 1560 iuramentum
1963 1506 2044 1560 vel
2069 1507 2138 1561 ad

549 1579 857 1636 testimonia
881 1579 1197 1632 admittatur
1221 1581 1264 1630 ".
1316 1578 1382 1631 Et
1416 1577 1505 1631 ille
1543 1579 1632 1646 qui
1679 1576 1744 1630 ad
1770 1577 2136 1632 testimonium

550 1651 785 1712 ducitur,
818 1650 864 1703 si
907 1649 1192 1712 refutetur,
1227 1650 1366 1704 dicat
1391 1648 1496 1709 ille,
1549 1649 1639 1716 qui
1682 1664 1805 1702 emn
1834 1647 2052 1710 refutat,
2085 1655 2139 1702 et

473 1733 479 1740 '
547 1721 779 1792 probet,
833 1735 1020 1792 qu_are_
1066 1719 1213 1772 illum
1265 1719 1504 1792 recipere
1540 1719 1672 1772 nolit
1707 1720 1760 1792 ³.
1803 1719 1878 1792 Et
1915 1720 1980 1773 de
2020 1719 2140 1792 ipso

547 1789 706 1861 pago,
743 1789 942 1846 nonde
975 1789 1143 1861 altero
1189 1797 1354 1844 testes
1380 1789 1666 1861 eligantur,
1713 1791 1816 1844 nisi
1857 1789 2138 1861 fortelon-V-

1318 399 1376 453 Β.
1420 395 1667 452 (ΖΑΒΟΙᾸ
1706 391 1921 448 ΜΑΟΝΙ
1961 389 2111 446 OPP.
2153 390 2332 444 PARS
2371 391 2410 445 l.
2453 389 2694 445 SESTIO
2733 386 2966 442 PRIMA.

2155 508 2199 569 Α
2295 505 2384 560 29.
2415 504 2491 558 De
2533 504 2863 568 heribanno,
2911 511 2971 556 ut
3017 499 3302 571 diligenter
3332 506 3601 571 inquirant
3635 493 3788 562 missi,

3691 382 3781 440 588

2232 577 2324 647 qui
2347 576 2557 630 hostem
2581 573 2761 629 facere
2782 573 2984 648 potuit
3009 579 3064 626 et
3104 568 3212 648 non
3249 568 3395 632 fecit,
3441 568 3670 648 bannum
3706 584 3788 648 n2-

2230 639 2403 703 stmm
2431 651 2716 718 conponat,
2751 645 2796 700 si
2809 639 2985 718 :habet
3019 642 3164 696 unde
3188 652 3510 718 componere
3534 639 3710 718 possit.
3734 639 3790 693 Et

2230 719 2278 774 si
2302 732 2411 772 non
2433 711 2684 773 habuerit
2716 716 2859 770 unde
2891 727 3197 782 conponere
3236 711 3432 782 valeat,
3464 711 3789 782 rewadiatum

2231 790 2326 846 ﬁat
2361 798 2416 842 et
2446 782 2860 862 inbreviatum;
2911 792 2977 862 et_
2993 779 3130 862 nihil
3169 797 3241 862 ex
3280 781 3387 862 hoc
3418 786 3662 862 egaetum
3684 779 3786 862 ‘tiat,

2231 875 2404 930 usque
2429 859 2556 914 dum
2583 857 2650 912 ad
2670 857 2922 912 notitiam
2949 853 3131 910 domui
3168 853 3508 922 imperatoris
3531 853 3717 905 veniat.

2289 951 2390 1076 5:).
2417 949 2645 1006 Herisliz
2675 949 2719 981 ιθ
2744 947 2836 1018 qui
2871 945 3072 1002 (actim
3103 942 3326 1008 habent,
3362 955 3462 1012 per
3481 939 3791 996 ﬁdeiussores

2290 1031 2333 1076 tt
2361 1030 2540 1076 antur.

2233 1030 2540 1078 mittantur.

2300 1114 2424 1238 :51.”
2443 1112 2520 1166 De
2571 1109 2848 1165 beneficiis
2921 1106 3213 1164 destructis
3280 1114 3337 1161 et
3399 1105 3555 1161 alode
3613 1116 3804 1186 restau-.

2313 1200 2350 1239 'a
2432 1225 2446 1237 .

2236 1203 2393 1332 “:2.
2418 1225 2496 1329 be
2525 1271 2674 1328 freda
2705 1271 2750 1303 ¹⁰
2777 1269 3042 1342 exigenda

2307 1369 2396 1422 55.
2431 1366 2507 1420 De
2533 1363 2904 1419 matcriamine
2931 1362 2999 1418 ad
3019 1375 3186 1417 naves
3209 1359 3519 1422 faciendum

2309 1458 2398 1516 54.
2431 1458 2490 1514 Si
2526 1458 2722 1529 aliquis
2767 1459 2813 1488 ’⁸
2863 1455 3008 1512 Saxo
3056 1457 3329 1529 hominem
3379 1457 3790 1529 conprehenderit

2239 1533 2442 1602 absque
2471 1526 2737 1602 furto'aut
2757 1529 2968 1602 absque
2991 1543 3086 1582 sua
3111 1527 3328 1602 propria
3357 1526 3534 1596 aliqua
3576 1543 3631 1602 re
3651 1531 3708 1594 η,
3733 1530 3791 1585 di-

2239 1596 2369 1658 cens
2388 1601 2529 1672 quod
2551 1600 2624 1655 illi
2653 1599 2848 1672 haheat
2870 1596 3190 1672 “damnum
3219 1596 3444 1672 factum,
3494 1605 3550 1651 et
3580 1599 3670 1654 hoc
3691 1617 3790 1655 con-

2241 1668 2460 1730 tendere
2485 1671 2717 1727 voluerit
2745 1670 2791 1701 “
2829 1671 2884 1724 in
2929 1668 3128 1724 iudicio
3174 1677 3268 1723 aut
3312 1669 3367 1722 in
3413 1684 3606 1738 eampo
3641 1679 3718 1724 aut
3740 1675 3790 1726 ad

2241 1759 2458 1800 crucem
2473 1743 2538 1807 ",
2556 1741 2829 1797 licentiam
2859 1740 3054 1794 habeat
3074 1739 3139 1792 ’°.
3165 1738 3221 1794 Si
3238 1754 3368 1794 vero
3392 1741 3495 1795 hoc
3514 1741 3788 1806 noluerit",

2242 1831 2365 1871 cum
2395 1815 2507 1869 suis
2544 1811 2869 1868 iuratoribus
2914 1810 3024 1878 ipse
3051 1809 3188 1865 liber
3214 1809 3376 1865 homo
3406 1826 3464 1865 se
3491 1811 3714 1866 idoniare
3734 1811 3791 1866 fa-

465 1910 470 1914 -
549 1858 670 1944 ὲίιξε
697 1861 718 1892 ³
745 1869 909 1952 extra.
945 1859 1258 1952 οοξηίιξιιιιιη
1287 1875 1448 1942 eausa
1488 1859 1558 1914 εει
1583 1860 1940 1952 ,ίηίιιιίι-οηιιει·
1991 1860 2059 1914 Et
2095 1860 2138 1913 εί
2175 1858 2218 1918 ιι
2243 1858 2372 1942 erat
2395 1858 3464 1950 "suisgaus'csagutuufma
3490 1858 3790 1952 ararat.

548 1929 672 2057 guis
703 1931 981 1987 convictus
1002 1929 1160 1984 fuerit
1195 1931 1437 2000 periurii,
1465 1931 1654 1998 perdat
1683 1947 1899 1986 manum
1942 1939 2036 1984 aut
2059 1946 2143 1985 re-

589 2011 740 2056 Imat.

589 2011 740 2056 imat.

622 2094 708 2148 17.
743 2093 812 2150 Ut
838 2108 997 2148 nemo
1014 2103 1235 2162 propter
1249 2091 1594 2163 cupiditatem
1623 2094 1882 2161 pecuniae
1901 2102 1991 2146 aut
2013 2108 2143 2162 pro-

545 2173 667 2234 pter
695 2164 974 2234 avaritiam
1019 2179 1170 2218 suam
1206 2162 1356 2232 prius
1378 2162 1468 2218 det
1491 2163 1531 2194 ¹⁰
1553 2165 1782 2234 pretium
1808 2164 1967 2234 aut,“
1995 2163 2142 2217 futu—

547 2233 664 2289 ram
699 2233 1110 2290 conventionem
1141 2234 1243 2288 sibi
1287 2233 1588 2303 praeparet,
1638 2243 1697 2287 ut
1734 2235 1774 2264 "
1803 2233 2019 2304 duplum
2059 2233 2145 2288 vel

547 2306 768 2376 triplum
808 2305 848 2336 ¹³
897 2305 1162 2376 recipiat;
1209 2309 1302 2376 sed
1343 2311 1470 2358 tunc
1505 2312 1714 2358 tantum
1739 2346 1753 2370 ,
1791 2305 2004 2374 quando
2035 2304 2146 2360 fru-

550 2373 671 2431 etus
691 2390 948 2446 praesens
975 2373 1078 2439 est,
1111 2374 1232 2429 illos
1261 2373 1304 2404 ¹¹⁵
1333 2382 1610 2444 conparet.

615 2469 703 2522 18.
733 2467 810 2522 De
837 2465 1037 2528 causis,
1067 2481 1205 2535 quae
1231 2465 1430 2520 cotidie
1450 2481 1557 2519 non
1589 2475 1822 2520 cessant.

620 2557 707 2612 19.
735 2557 811 2611 De
836 2554 1096 2624 fugitivis,
1137 2555 1230 2626 qui
1257 2571 1364 2610 non
1409 2563 1624 2610 cessant
1660 2555 1899 2625 recipere
1921 2565 1976 2611 et
2021 2557 2146 2612 abs-

550 2627 805 2682 condere.

620 2718 711 2772 20.
741 2719 818 2774 De
839 2720 992 2790 vagis
1023 2719 1346 2790 peregrinis.

622 2810 712 2864 21.
739 2811 816 2865 De
839 2810 1166 2867 homicidiis.

621 2898 712 2957 22.
749 2902 1240 2958 Decommendatis
1282 2903 1551 2959 mensuris
1589 2903 1890 2959 modiorum
1934 2912 1988 2958 et
2031 2918 2146 2959 sex-

552 2992 836 3050 tariorum.

579 3079 587 3156 ί
621 3085 711 3140 25.
744 3086 821 3142 De
842 3085 1119 3142 beneficiis
1142 3087 1344 3143 nostris
1372 3105 1476 3143 non
1503 3089 1641 3143 bene
1665 3091 2012 3146 constructis.

622 3175 714 3230 21.
742 3176 821 3232 De
847 3177 1216 3247 hospitalitate
1240 3188 1294 3233 et
1319 3181 2006 3249 susceptioneiterantium,
2033 3193 2142 3239 tam

552 3247 842 3328 missorum
870 3257 1179 3304 nostrorum
1200 3265 1362 3320 quam
1403 3247 1734 3320 reliquorum
1765 3253 2027 3308 bonorum
2048 3255 2146 3309 ho-

554 3334 782 3372 mtuum.

621 3408 712 3464 25.
766 3409 922 3478 Quod
977 3412 1172 3466 missos
1230 3413 1298 3467 ad
1344 3413 1517 3467 vicem
1575 3421 1816 3470 nostram
1880 3417 1923 3446 ”
1979 3417 2147 3472 mitti-

554 3494 696 3534 mus.

625 3569 714 3624 26.
745 3571 936 3642 ῡθίιιὶε
977 3573 1070 3642 qui
1098 3575 1280 3630 vinum
1326 3583 1378 3630 ct
1404 3591 1672 3630 annonam
1714 3577 1951 3632 vendunt
1993 3587 2148 3634 ante-

556 3641 1096 3718 quamucolligantltljt
1133 3655 1187 3700 et
1220 3661 1317 3714 per
1347 3648 1483 3702 hanc
1515 3647 1557 3678 ⁸⁸
1581 3649 1918 3703 occasionem
1943 3664 2146 3718 paupe-

557 3724 645 3766 res
684 3710 996 3767 efliciuntur
1036 3715 1110 3766 ".—

627 3803 716 3857 2⁸7.
754 3804 973 3884 Utente
1006 3807 1265 3884 vicarium
1302 3819 1356 3864 et
1394 3812 1764 3884 centenarium
1810 3811 1878 3868 de
1901 3813 2144 3884 proprie-

559 3882 668 3966 tate
690 3885 783 3929 aut
798 3876 1056 3958 libertate
1078 3878 1335 3962 iudicium
1358 3883 1817 3964 non_terrninetur
1837 3876 1930 3966 aut
1957 3876 2146 3966 adqui-

557 3952 726 4020 ratur,
758 3947 864 4020 nisi
888 3962 1100 4018 semper
1145 3951 1199 4004 in
1225 3951 1528 4020 praesentia
1556 3953 1845 4009 missorum
1891 3947 2145 4009 imperia-

556 4015 688 4069 lium
728 4024 819 4072 aut
853 4018 907 4073 in
946 4015 1252 4088 praesentia
1287 4023 1568 4091 comitum.

624 4105 714 4186 28.
765 4107 866 4186 De_
907 4111 1211 4186 homicidiis
1271 4113 1426 4186 factis
1491 4130 1632 4170 anno
1680 4117 1950 4186 praesenti
2010 4117 2152 4174 inter

556 4176 807 4310 gilgares
851 4180 1100 4270 homines
1156 4184 1309 4254 quasi
1354 4195 1577 4256 propter
1620 4176 1896 4256 pulverem
1949 4197 2152 4248 morta-

2245 1957 2558 2028 probatione
2587 1951 3059 2028 conprehenderlt,
3082 1951 3406 2028 ipseservus
3433 1959 3528 2028 a_u_t
3553 1951 3617 2028 ad
3636 1968 3788 2028 aquam

2245 2022 2545 2103 ferventem
2595 2033 2688 2103 aut
2741 2023 2809 2078 ad
2853 2022 2997 2078 aliud
3046 2022 3301 2078 iudicium
3356 2038 3416 2078 se
3464 2023 3693 2078 idoniare
3731 2023 3790 2078 fa-

2246 2099 2372 2154 ciat.

2317 2191 2404 2246 55'.
2433 2190 2490 2244 Si
2518 2185 3156 2259 aliquisSaxocaballos
3187 2185 3230 2259 3°
3268 2185 3322 2240 in
3350 2201 3447 2241 sua
3495 2200 3664 2242 messe
3684 2188 3791 2242 inve

2247 2263 2408 2328 nerit,
2437 2269 2490 2314 et
2519 2257 2666 2330 ipsos
2693 2259 2736 2290 ³³
2760 2257 3148 2330 caballosinde
3176 2257 3374 2330 ducere
3395 2273 3496 2327 pro
3525 2275 3620 2314 suo
3636 2259 3791 2313 damno

2247 2335 2314 2389 ad
2337 2327 2776 2400 conprobandum
2808 2328 3062 2400 voluerit,
3104 2328 3150 2400 si
3172 2329 3296 2398 quis
3317 2327 3456 2400 liber
3479 2330 3636 2385 homo
3656 2331 3738 2386 hoc
3753 2330 3790 2384 ei

2247 2399 2636 2461 contradixerit
2660 2409 2754 2454 aut
2779 2399 2996 2470 aliquod
3017 2399 3216 2470 malum
3239 2415 3338 2470 pro
3362 2399 3406 2430 ³³
3431 2401 3534 2456 hoc
3557 2400 3602 2431 ³³
3623 2401 3788 2463 fecerit,

2246 2475 2408 2544 tripla
2439 2472 2484 2544 ξε
2505 2469 2880 2541 conpositione
2921 2469 3216 2544 secundum
3253 2469 3426 2544 legem
3457 2481 3510 2524 et
3543 2472 3788 2544 secundum

2246 2539 2420 2601 ew'am
2442 2543 2488 2574 ³⁵
2510 2539 2700 2598 contra
2742 2557 2866 2597 eum
2909 2539 3195 2596 emendare
3237 2539 3472 2606 studeat,
3521 2551 3576 2598 et
3615 2543 3790 2610 insuper

2247 2618 2483 2672 bannum
2509 2613 2840 2682 dominicum
2861 2613 3052 2674 solvat,
3091 2619 3146 2666 et
3166 2627 3387 2667 manum
3410 2611 3612 2682 perdat,
3638 2629 3720 2682 pro
3739 2627 3790 2666 eo

2247 2685 2391 2757 quod
2432 2683 2780 2757 inoboediens
2817 2681 2918 2737 fuit
2954 2689 3140 2738 contra
3162 2681 3512 2757 praeceptum
3537 2681 3791 2757 (lemnius:

2247 2752 2533 2827 peratoris,
2568 2754 2711 2827 quod
2751 2753 2866 2827 ipse
2905 2769 3004 2822 pro
3029 2767 3164 2827 pace
3209 2761 3450 2827 statuere
3473 2754 3516 2785 ⁸⁸
3552 2754 3702 2827 iussit.
3744 2752 3790 2827 Si

2248 2823 2437 2883 servus
2457 2827 2563 2881 hoc
2587 2823 2812 2889 fecerit,
2851 2823 3145 2896 secundum
3171 2839 3346 2896 suam
3395 2823 3554 2896 legem
3571 2825 3612 2896 ί³⁷
3634 2823 3784 2896 omnia

2249 2900 2301 2952 in
2329 2897 2546 2968 triplum
2591 2897 2861 2960 restituat,
2904 2903 2959 2950 et
2997 2893 3312 2963 disciplinae
3355 2893 3604 2965 corporali
3629 2894 3785 2950 subia-

2247 2977 2386 3024 ceat.

2317 3057 2404 3114 56.
2431 3056 2766 3126 Quicumque
2811 3055 2950 3112 liber
2993 3057 3156 3112 homo
3201 3056 3649 3114 inventus.fuerit
3684 3071 3795 3110 anno

2247 3137 2532 3199 praesente
2557 3144 2680 3183 cum
2709 3128 2922 3182 seniore
2955 3143 3052 3182 suo
3077 3127 3132 3182 in
3174 3129 3331 3184 hoste
3365 3145 3474 3184 non
3497 3128 3672 3192 fuisse,
3709 3126 3795 3197 ple-

2253 3216 2380 3256 num
2408 3199 2784 3270 heiribannum
2824 3199 3132 3270 persolvere
3157 3207 3402 3270 cogatur.
3463 3200 3527 3254 Et
3568 3200 3608 3255 si
3653 3199 3796 3270 senior

2249 3271 2333 3325 vel
2359 3284 2541 3326 comes
2569 3285 2692 3324 eum
2719 3267 2862 3341 domi
2887 3269 3109 3334 dimisit,
3142 3267 3254 3340 ipse
3282 3287 3381 3341 pro
3395 3286 3460 3326 eo
3481 3272 3696 3326 eundem
3714 3267 3796 3341 hei-

2248 3342 2535 3397 ribannum
2570 3339 2882 3410 persolvat;
2922 3347 2976 3394 et
3018 3347 3099 3395 tot
3134 3339 3420 3397 h’eribanni
3458 3343 3504 3374 ³³
3533 3342 3596 3396 ab
3635 3340 3797 3396 euexi-

2250 3421 2476 3484 gantur,
2531 3418 2662 3480 quot
2708 3411 2952 3484 homines
3004 3412 3148 3484 domi
3193 3413 3420 3484 dimisit.
3469 3413 3549 3484 Et
3577 3413 3692 3482 quia
3721 3425 3798 3464 nos

2249 3481 2391 3538 anno
2416 3489 2701 3552 praesente
2721 3481 3012 3552 unicuique
3030 3483 3228 3538 seniori
3253 3484 3388 3539 duos
3409 3481 3664 3548 homines,
3693 3494 3798 3551 qurs

2249 3555 2395 3608 domi
2439 3553 2752 3617 dimitteret,
2803 3555 3172 3609 concessimus
3219 3554 3285 3620 ³⁹,
3325 3553 3448 3609 illos
3489 3554 3718 3608 volumus
3754 3557 3798 3602 ut

2249 3624 2430 3680 missis
2467 3624 2669 3678 nostris
2699 3623 2743 3655 ‘°
2765 3625 3072 3688 ostendant,
3119 3625 3246 3694 quia
3277 3626 3320 3656 “
3362 3625 3448 3680 his
3469 3623 3797 3679 tantummodo

2251 3695 2629 3751 heiribannum
2657 3695 3042 3752 concessimus.

2322 3787 2412 3843 57.
2440 3786 2514 3844 Ut
2537 3785 3294 3858 quandocumquenavigium
3331 3787 3546 3842 mittere
3570 3785 3796 3858 volumus,

2251 3857 2353 3928 ipsi
2387 3857 2629 3941 seniores
2655 3858 2710 3912 in
2733 3857 2863 3927 ipsis
2887 3857 3117 3914 navibus
3149 3857 3395 3929 pergant,
3421 3866 3475 3913 et
3511 3859 3578 3914 ad
3596 3859 3689 3913 hoc
3716 3857 3798 3910 siut

2251 3937 2578 4000 praeparati.

2325 4021 2414 4076 58.
2445 4019 2612 4075 Furta
2636 4027 2691 4074 et
2719 4019 2920 4076 iniusta
2947 4019 3216 4075 connubia
3257 4034 3469 4076 necnon
3508 4029 3561 4076 et
3586 4019 3704 4075 falsa
3739 4025 3799 4069 te-

2253 4091 2530 4174 stimonia,
2565 4091 2704 4174 sicut
2747 4105 2909 4174 saepe
2932 4090 3263 4174 rogavimus,
3311 4092 3593 4162 prohibete
3619 4086 3799 4160 diligen-

2254 4169 2358 4229 ter,
2397 4162 2538 4218 sicut
2571 4169 2626 4216 et
2647 4161 2860 4218 Domini
2887 4161 2973 4216 lex
2997 4161 3248 4232 prohibet
3271 4175 3320 4216 ι.

1782 4414 2176 4473 V'ARIANTES
2212 4417 2613 4477 LECTIONES.

630 4585 646 4614 ¹
675 4583 970 4668 εξξιιιιῐιᾱξιιΔ
994 4584 1079 4639 his
1107 4601 1176 4668 .q.
1214 4585 1320 4668 ‘6'.“
1344 4589 1382 4668 _‘
1410 4589 1612 4668 mentio
1641 4588 1713 4668 6.
1771 4590 1919 4668 ivit!
1950 4591 2014 4668 ii.
2039 4597 2098 4668 _t.
2131 4591 2321 4668 desunt
2351 4592 2420 4647 B.
2452 4592 2518 4668 G_.
2596 4594 2984 4668 "_capillionem
3005 4597 3069 4668 1.
3117 4597 3440 4654 cabillonem
3469 4597 3590 4654 Bal.
3619 4595 3803 4668 capillo-

556 4670 682 4710 nem
705 4654 770 4708 B.
849 4654 870 4684 ⁸
899 4663 1064 4708 totum
1085 4655 1222 4710 deest
1247 4656 1375 4711 Hld.
1453 4659 1475 4690 ⁸
1495 4667 1741 4714 caveant.
1771 4659 1841 4716 Ut
1869 4661 1917 4714 1.
1944 4661 1996 4715 6.
2021 4663 2177 4717 de....
2199 4671 2254 4718 et
2280 4662 2465 4718 desunt
2485 4665 2540 4718 5.
2617 4666 2636 4696 "
2661 4654 2890 4720 addatur
2911 4667 2961 4720 1.
2989 4666 3042 4721 6.
3074 4668 3376 4724 adducatur
3395 4671 3450 4724 5.
3528 4671 3552 4702 ⁸
3576 4654 3728 4725 noluit
3747 4665 3797 4720 Β.

555 4725 746 4796 ’degst
772 4725 866 4796 5ζ
907 4725 948 4756 ¹⁰
975 4727 1040 4796 de
1073 4743 1156 4796 pr.
1199 4727 1298 4782 fut.
1331 4728 1396 4782 G.
1477 4730 1516 4760 “
1547 4739 1604 4784 ut
1636 4732 1689 4785 5.
1720 4731 1785 4785 B.
1867 4731 1909 4761 ι’
1944 4733 2028 4786 vel
2059 4733 2109 4786 1.
2191 4735 2234 4765 ³³
2260 4742 2298 4788 t.
2331 4741 2462 4788 tunc
2489 4751 2534 4788 r.
2570 4734 2635 4788 Β.
2674 4735 2795 4789 Bal.
2876 4736 2919 4768 ¹¹⁵
2946 4737 3075 4793 illud
3106 4736 3172 4792 G.
3255 4739 3563 4795 "iuditium
3602 4749 3801 4796 vestrum

491 4795 498 4845 ι
555 4795 620 4878 ς.
645 4795 772 4878 [ζειν.
806 4795 942 4878 Tim.
974 4795 1223 4878 sumre.
1253 4797 1409 4878 Colb._
1439 4799 1510 4878 1v.
1545 4800 2073 4878 iudiciumnostr‘um
2093 4802 2277 4878 ραηψ.
2318 4803 2436 4858 ναι.
2472 4805 2523 4858 ι.
2559 4804 2800 4878 sese}.
2882 4807 2925 4878 εξ
2953 4808 3174 4862 deestl.
3209 4811 3274 4864 Β.
3308 4811 3374 4866 G.
3410 4810 3542 4865 [ιω.
3623 4795 3659 4843 ιθ
3691 4813 3803 4878 ent

553 4865 768 4940 fortiter
785 4865 1252 4940 constringuntur,
1283 4885 1350 4924 ne
1380 4871 1632 4940 deinceps
1675 4871 1895 4926 ﬁat.'G.
1947 4873 2066 4928 Bal.
2103 4873 2362 4928 Omittunt
2391 4885 2565 4929 tamen
2595 4865 2696 4930 ξιιᾶ
2719 4876 2848 4932 Met.
2883 4877 3034 4932 Rem.
3067 4878 3202 4933 Bell.
3237 4865 3354 4936 Die.
3388 4881 3523 4936 Tim.
3561 4882 3680 4936 Par.
3721 4875 3799 4932 ΠΙ.

823 4936 1398 5024 Ιιθιθειίζ⁷6.¹1ιθξίδς]ξῆ
1419 4956 1447 4994 a
1470 4936 1664 5024 quibus
1690 4941 1728 5024 f.
1753 4943 2300 5024 estnB._hieristl_at_G.
2371 4946 2424 5024 ζ’
2447 4954 2751 5024 restaurata
2771 4947 2835 5002 B.
2865 4947 2930 5024 .
2959 4948 3090 5024 Hld.
3167 4952 3212 4983 ¹⁰
3234 4950 3384 5024 frede
3411 4953 3476 5006 B.
3564 4955 3605 4984 ’³
3640 4952 3747 5024 quis
3760 4949 3802 5001 5.

551 5008 597 5088 ξ
621 5009 963 5088 p.,_al_iqualn__
985 5023 1098 5088 rem
1205 5010 1418 5088 (ξιιίιιὶζ
1466 5008 1542 5088 ,Ἦ
1566 5011 1726 5088 liccat
1749 5016 1797 5068 1.
1827 5014 1878 5068 6.
1914 5011 2071 5088 Ηιᾱη
2123 5016 2167 5088 ’ξ
2193 5017 2333 5088 deest
2360 5015 2426 5070 Β.
2503 5018 2552 5048 ’⁵
2571 5025 2664 5071 aut
2683 5019 2760 5088 ad,
2774 5034 2828 5088 (ι.
2851 5019 3035 5074 desunt
3065 5021 3120 5074 in
3145 5022 3412 5077 codicibus
3435 5024 3621 5088 tribus,
3643 5008 3805 5078 scilicet

553 5077 742 5156 Suppl.
770 5077 864 5156 tu}.
889 5079 985 5156 .75.
1012 5079 1346 5156 Paris._Met.
1573 5081 1943 5156 ’jhicinovum
1968 5102 2014 5156 ς.
2056 5086 2234 5156 incipit
2264 5086 2327 5140 Β.
2407 5089 2450 5119 ³⁷
2477 5089 2708 5142 voluerit
2737 5087 2867 5143 ΗΜ.
2945 5091 2991 5122 ’⁸
3013 5097 3134 5146 et...
3163 5091 3329 5148 faciat
3357 5077 3552 5148 desunt
3570 5077 3622 5151 5.
3650 5077 3695 5124 ί¹⁹
3715 5089 3805 5156 qui-

551 5146 683 5227 libet
789 5149 919 5227 Hld.
943 5157 1004 5227 _et
1024 5152 1309 5227 servitium
1338 5151 1558 5227 cuilibet
1593 5151 1657 5205 B.
1737 5155 1780 5187 ³ο
1806 5155 2073 5210 caballum
2094 5146 2172 5210 5.'
2227 5158 2269 5188 ³¹
2301 5158 2478 5227 ipsum
2505 5159 2629 5214 inde
2648 5161 2701 5214 5.
2779 5160 2824 5191 ³³
2849 5161 2988 5215 deest
3017 5163 3064 5214 l.
3097 5161 3148 5216 6.
3180 5146 3410 5219 Gallild.
3431 5146 3540 5197 Ὗίέ
3564 5146 3683 5221 huic
3701 5146 3788 5216 ΗΜ

625 5217 690 5272 G.
715 5220 818 5275 hoc
850 5221 902 5275 ei
936 5220 988 5304 6:
1013 5220 1136 5275 Bal.
1214 5221 1258 5254 ³⁸
1292 5223 1506 5304 triplam
1539 5239 1660 5279 c....
1690 5241 1776 5280 em
1807 5227 1860 5281 5.
1941 5227 1986 5258 ³³
2009 5243 2201 5304 eouam
2241 5217 2610 5304 refl-Lemma
2657 5241 2706 5284 et
2736 5247 2904 5304 supra
2922 5233 2978 5304 id
3005 5241 3088 5288 est
3135 5217 3310 5304 legem
3339 5217 3481 5292 idea
3513 5217 3805 5304 Braequatn

655 5304 764 5379 sec.
791 5293 1205 5379 ³(Ξιιιιι-(λιιιιιηιιιιι
1230 5288 1527 5379 emend}.
1561 5304 1622 5379 et
1652 5309 1768 5379 _sec_.
1811 5312 1985 5379 evvarn
2020 5298 2207 5352 desunt
2233 5299 2286 5353 6.
2307 5299 2480 5379 _Hld.._
2535 5301 2580 5379 “_
2622 5288 2852 5379 s_tatuit._
2875 5302 2932 5379 Si
2963 5305 3016 5358 5.
3037 5375 3044 5379 Δ
3065 5375 3075 5379 _
3097 5304 3137 5336 ³⁷
3174 5288 3220 5379 ἐξ
3243 5288 3740 5379 legitimam—vitam
3767 5300 3805 5354 in

549 5366 618 5444 tr.
657 5361 710 5413 5.
789 5361 834 5392 ³⁸
859 5361 1216 5417 heribannum
1243 5365 1310 5418 ab
1336 5363 1415 5418 eis
1447 5363 1499 5418 6.
1580 5365 1622 5396 ³³
1651 5366 1706 5421 h.
1733 5368 1784 5420 tl.
1816 5367 2087 5424 dimittere
2113 5386 2268 5426 conc.
2307 5371 2361 5425 5.
2437 5371 2482 5402 ’⁵ο
2511 5371 2659 5427 missi
2686 5373 2856 5428 nostri
2889 5372 2954 5428 G.
3034 5375 3078 5406 "‘
3103 5377 3194 5444 qui
3235 5377 3286 5430 1.

2079 5597 2310 5654 NOTAE.

627 5780 650 5807 ο
676 5764 818 5823 Loco
848 5767 1226 5839 huius_capitis
1250 5773 1436 5827 lthem.
1468 5773 1571 5828 hoc
1595 5772 1796 5828 habet:
1837 5792 1852 5823 ι
1884 5787 1996 5830 noc
2017 5789 2140 5830 san-

2247 5775 2478 5831 candum
2504 5783 2557 5830 et
2586 5776 2953 5833 testimonium
2977 5777 3284 5835 faciendum
3327 5794 3436 5833 non
3472 5792 3533 5835 se
3556 5775 3806 5837 exhibeant

548 5845 738 5895 cimus.
773 5846 829 5893 ut
860 5840 912 5894 in
939 5828 1154 5909 palatiis
1202 5845 1401 5898 nostris
1439 5845 1505 5900 ad
1531 5844 1892 5900 accusandum
1923 5828 2138 5901 et'iudi—

2244 5847 2376 5902 viles
2400 5861 2662 5917 personae
2686 5858 2739 5903 et
2779 5847 3029 5908 infames.
3077 5850 3372 5907 histriones
3400 5851 3606 5910 scilicet
3668 5856 3807 5915 ausa.
