3992 6344
519 370 615 427 591

627 479 1012 540 ORATORUM
1040 478 1339 539 RELATIO
1366 478 1457 531 AD
1478 473 1997 532 lM-PERATOREM.

786 587 915 627 ITEI
943 586 1104 625 DOINI
1130 584 1431 625 HLUDOWICI
1462 583 1841 623 llPERATOBlS.

594 666 645 719 l.
673 664 750 719 De
794 662 1114 720 necessitate
1156 662 1532 731 episcoporum
1581 658 1936 716 conveniendi
1985 670 2110 711 cum

522 771 624 812 suo
646 753 1055 823 metropolitano
1077 761 1342 823 oportune
1379 751 1537 807 annis
1564 749 1789 821 singulis
1814 747 2108 805 secundum

522 846 837 902 canonicam
863 845 1274 911 auctoritatem;
1322 844 1411 899 cui
1460 843 1753 899 conventni
1796 843 1813 873 ¹
1850 841 2111 897 interesse

521 943 734 1007 oportet
786 937 1010 991 abbates
1067 943 1179 990 tam
1225 936 1517 991 canonicos
1570 950 1734 1004 quam
1784 932 2111 988 monasticos

520 1028 723 1097 absque
748 1026 855 1081 ulla
874 1027 1258 1082 subtractione.
1283 1026 1350 1080 Et
1371 1026 1417 1081 si
1438 1025 1693 1095 possibile
1721 1032 1804 1079 est
1830 1031 1921 1079 aut
1946 1024 2112 1093 impe-

522 1113 641 1170 riali
680 1115 901 1170 servitio
934 1130 1044 1169 non
1081 1113 1421 1171 detineantur
1446 1116 1488 1179 ’,
1532 1113 1712 1169 adsint
1753 1112 1914 1167 etiam
1945 1113 2112 1167 comi-

522 1212 640 1268 tes;
689 1203 833 1275 quod
876 1203 922 1259 si
947 1204 1023 1259 illi
1051 1202 1337 1270 defuerint,
1385 1202 1565 1259 adsint
1607 1216 1795 1258 eorum
1820 1203 1937 1257 vice
1977 1201 2112 1256 tales

518 1296 691 1362 missi,
719 1295 812 1366 qui
845 1295 1140 1366 adimplere
1172 1295 1385 1349 valeant
1418 1309 1788 1364 quaecumque
1808 1294 1958 1349 utilia
1991 1309 2114 1348 cor-

519 1390 727 1461 rigendi
761 1387 939 1445 studio
971 1389 1264 1444 secundum
1302 1388 1544 1458 regulam
1579 1386 1989 1444 Christianitatis
2013 1386 2113 1441 ibi-

520 1480 643 1534 dem
667 1480 882 1534 inventa
920 1477 1140 1533 fuerint.
1189 1477 1326 1533 Sunt
1369 1486 1548 1533 autem
1574 1478 1841 1548 plurimae
1879 1475 2114 1531 necessi-

520 1578 663 1625 tates
684 1584 823 1640 quae
844 1569 999 1624 aliter
1014 1568 1290 1624 emendari
1315 1585 1422 1625 non
1454 1578 1682 1639 possunt
1720 1568 1824 1625 nisi
1850 1568 1903 1623 in
1929 1566 2115 1622 huius-

522 1662 667 1716 modi
701 1668 1006 1727 conventu;
1059 1660 1152 1731 qui
1180 1669 1360 1715 tamen
1407 1667 1705 1716 conventus
1729 1674 1836 1729 quo
1874 1646 2133 1727 tempore

523 1751 641 1808 ﬁeri
684 1750 915 1818 debeat,
977 1751 1411 1808 consideratione
1456 1750 1856 1821 metropolitani
1897 1758 2114 1807 vestrae

1296 370 1354 424 Β.
1396 359 1646 425 CAROLI
1686 366 1899 422 MAGNI
1937 364 2088 422 OPP.
2127 362 2306 417 PARS
2344 363 2383 416 l.
2426 361 2666 419 SECTIO
2706 361 2937 419 PRIMA.

3694 363 3792 422 592

2134 476 2184 535 Α
2213 472 2417 526 sionem
2453 479 2687 527 vestram
2727 473 2747 504 ⁸
2774 488 2882 527 non
2917 470 3092 527 solum
3138 484 3334 527 census
3377 487 3514 542 quos
3542 473 3563 503 ⁸
3589 474 3795 543 exigere

2209 561 2275 616 de
2294 561 2489 617 eclesia
2519 561 2763 618 solebant
2784 571 3128 632 acceperunt,
3171 562 3393 633 insuper
3420 564 3586 618 etiam
3611 572 3665 619 et
3682 580 3796 635 gra-

2210 655 2359 709 viora
2384 652 2722 710 addiderunt.
2746 652 2882 708 Cum
2907 652 3017 707 sint
3032 652 3175 707 enim
3197 652 3441 722 plerique
3462 651 3695 708 eclesiae
3713 663 3796 709 aut

2209 745 2340 802 nihil
2369 752 2462 801 aut
2485 759 2677 814 parum
2700 743 2829 814 quid
2853 744 3092 799 exterius
3110 744 3395 809 habentes,
3424 745 3491 800 de
3513 744 3647 799 solis
3665 745 3795 801 deci-

2210 839 2314 894 mis
2333 846 2387 894 et
2407 838 2769 895 oblationibus
2790 836 3028 893 ﬁdelium
3051 852 3249 893 census
3276 845 3330 893 et
3354 838 3602 892 diversos
3626 847 3797 908 pastus

2208 931 2508 1003 presbyteri
2535 946 2743 997 earum,
2769 930 2861 1001 qui
2881 930 2972 985 vix
2991 930 3189 985 ibidem
3209 930 3389 985 vivere
3408 938 3665 1001 possunt,
3691 932 3798 986 red-

2211 1025 2339 1080 dere
2365 1024 2776 1094 compelluntur.
2829 1023 2975 1079 Haec
3000 1037 3129 1079 vero
3153 1024 3334 1079 omnia
3379 1024 3677 1095 quaeiinde
3697 1026 3795 1080 exi-

2212 1131 2339 1188 gere
2368 1115 2560 1181 solent,
2591 1132 2699 1171 non
2726 1116 2791 1183 de
2817 1130 2916 1171 suo
2942 1114 3121 1185 aliquo
3145 1114 3430 1181 beneﬁcio,
3484 1117 3584 1172 sed
3609 1116 3793 1172 solum-

2213 1206 2373 1262 modo
2409 1206 2475 1261 de
2512 1206 2669 1260 altari
2707 1212 2761 1261 et
2799 1206 3098 1275 parietibus
3140 1205 3403 1262 ecclesiae
3441 1206 3513 1262 ab
3559 1207 3795 1279 episcopo

2217 1294 2327 1350 Deo
2347 1292 2539 1348 dicatis
2568 1292 2682 1347 dari
2712 1292 2816 1346 sibi
2843 1300 3027 1363 agunt.

2284 1385 2336 1440 6.
2363 1384 2498 1453 Quia
2528 1393 2653 1439 sunt
2682 1384 2736 1437 in
2762 1384 3037 1455 plerisque
3079 1384 3212 1439 locis
3239 1383 3551 1454 parricidae
3571 1386 3595 1417 ⁷
3640 1393 3691 1441 et
3721 1402 3795 1443 cc-

2215 1479 2317 1532 teri
2341 1476 2641 1534 homicidae
2667 1477 2752 1531 vel
2781 1478 3001 1548 reliquis
3021 1478 3344 1548 capitalibus
3365 1478 3689 1535 criminibus
3713 1481 3795 1535 im-

2214 1568 2418 1643 plicati,
2445 1569 2538 1639 qui
2566 1568 2919 1638 penitentiam
2947 1569 3218 1639 publicam
3252 1584 3413 1640 agere
3433 1579 3789 1634 contemnunt,

2216 1660 2309 1730 qui
2329 1660 2515 1730 utique
2541 1660 2619 1714 rei
2641 1659 2888 1730 publicae
2914 1660 3242 1716 utilitatibus
3271 1661 3491 1718 inutiles
3527 1671 3689 1729 sunt;
3720 1679 3793 1718 sn-

2216 1765 2314 1822 per
2342 1752 2536 1822 quibus
2558 1764 2776 1805 necesse
2810 1758 2912 1817 est,
2941 1758 3001 1806 ut
3026 1759 3207 1807 vestra
3234 1751 3501 1808 celsitudo
3527 1753 3794 1808 comitibus

520 1844 706 1915 pietati
728 1842 1171 1899 innotescendum
1196 1851 1299 1908 est,
1328 1844 1472 1913 quod
1494 1843 1705 1913 plenius
1730 1849 1908 1898 vestra
1932 1850 2118 1898 aucto-
2220 1841 2536 1913 praecipiat,
2567 1849 2834 1911 quatenus
2855 1841 3125 1911 episcopis
3160 1840 3490 1898 adiutorium
3530 1841 3721 1907 ferant,
3744 1850 3792 1897 ut

523 1934 684 1989 ritate
711 1934 732 1966 ³
756 1936 823 1990 ad
859 1947 983 1989 eum
1018 1934 1388 1988 conveniatur.

593 2025 648 2081 2.
676 2023 747 2081 Ut
773 2024 1131 2079 ministerium
1160 2024 1492 2080 sacrosancti
1516 2021 1857 2094 baptismatis
1876 2038 1983 2079 non
2000 2022 2115 2078 ubi-

522 2134 754 2189 cumque
806 2131 905 2173 uec
957 2117 1441 2189 quandocumque,
1502 2123 1729 2185 excepta
1776 2114 2113 2170 inﬁrmorum

522 2227 707 2277 causa,
756 2211 852 2266 sed
897 2210 1153 2280 praeﬁxis
1192 2226 1223 2263 a
1262 2210 1465 2265 sanctis
1506 2209 1757 2279 patribus
1782 2207 2117 2278 temporibus

522 2301 737 2371 penitus
774 2300 1094 2356 celebretur.
1134 2298 1306 2354 Aliter
1351 2300 1494 2354 enim
1521 2299 1568 2355 si
1597 2299 1880 2354 actitatum
1928 2296 2114 2364 fuerit,

520 2396 697 2451 honor
734 2393 871 2449 tanti
898 2392 1221 2449 sacramenti
1246 2400 1299 2446 et
1333 2392 1511 2448 debita
1562 2390 1864 2446 reverentia
1906 2396 1960 2445 et
1984 2402 2117 2444 cura

522 2497 578 2542 et
627 2487 901 2559 diligentia
952 2495 1008 2543 et
1055 2485 1286 2541 eruditio
1340 2485 1548 2556 pariter
1592 2484 1854 2541 vilescere
1907 2491 2118 2539 certum

526 2588 630 2636 cst.

592 2674 647 2728 5.
686 2672 782 2727 Est
805 2671 1022 2741 quidem
1051 2670 1205 2726 valde
1231 2671 1597 2727 necessarium
1625 2678 1681 2724 et
1700 2682 1911 2725 summa
1935 2680 2120 2724 emen-

523 2763 741 2819 datione
773 2762 1018 2834 dignum,
1043 2771 1097 2818 et
1123 2763 1255 2819 illud
1280 2777 1622 2837 nequaquam
1650 2760 1986 2833 neglegatur,
2014 2759 2121 2815 sic-

525 2862 585 2909 ut
630 2852 893 2909 hactenus
920 2868 1059 2925 pene
1096 2855 1164 2910 ab
1191 2854 1442 2910 omnibus
1486 2852 1791 2924 neglectum
1836 2860 1939 2918 est,
1966 2852 2119 2922 quasi

524 2959 630 2999 non
658 2945 837 2999 minus
860 2946 1228 3001 necessarium
1251 2946 1322 3002 sit
1342 2946 1397 3001 in
1424 2962 1532 3016 quo
1554 2953 1775 3001 nostrae
1805 2944 2124 3016 redemptio-

524 3037 610 3093 nis
632 3037 778 3093 salus
801 3044 857 3092 et
879 3037 1070 3094 salutis
1099 3054 1307 3095 summa
1336 3039 1605 3105 consistit,
1636 3038 1690 3094 id
1715 3046 1797 3094 est
1816 3038 2122 3095 communio

525 3128 669 3184 sacri
699 3129 943 3199 corporis
972 3138 1027 3185 et
1066 3129 1342 3200 sanguinis
1374 3128 1576 3185 domini
1622 3129 1793 3185 nostri
1818 3130 1937 3186 Iesu
1963 3128 2121 3185 Chri-

2215 1949 2309 1991 eos
2329 1934 2621 1990 canonicae
2641 1933 2973 2003 penitentiae
2998 1935 3229 1990 subdere
3253 1934 3489 1991 valeant.

2284 2025 2336 2080 7.
2370 2025 2440 2082 Ut
2479 2025 2732 2096 aequales
2769 2039 3055 2081 mensurae
3097 2034 3151 2081 et
3197 2027 3371 2082 iustae
3397 2028 3420 2058 ⁸
3458 2028 3515 2082 in
3558 2028 3786 2090 omnibus

2213 2116 2505 2189 provinciis
2549 2116 2761 2187 imperii
2800 2117 2967 2172 vestri
3006 2117 3116 2172 sint
3165 2118 3463 2174 secundum
3491 2117 3667 2190 legem
3705 2118 3790 2173 Do-

2215 2210 2348 2267 mini
2374 2210 2643 2265 iubentis:
2680 2208 2763 2265 Sit
2791 2209 2885 2264 tibi
2908 2226 3105 2281 aequus
3146 2210 3353 2265 modius
3384 2212 3658 2283 iustusque
3695 2226 3792 2265 se:-

2216 2302 2404 2355 tarius.
2434 2300 2774 2371 Quapropter
2796 2301 3165 2357 diversitatem
3203 2317 3582 2358 mensurarum
3612 2304 3665 2358 in
3684 2303 3791 2357 mul-

2218 2390 2287 2446 tis
2309 2405 2573 2461 pauperes
2596 2390 2753 2445 valde
2782 2397 3099 2461 gravantur.
3127 2390 3334 2447 Census
3367 2400 3552 2447 tamen
3580 2392 3791 2463 singula-

2218 2499 2338 2540 rum
2364 2483 2764 2553 provinciarum
2814 2483 3113 2553 antiquitus
3159 2484 3485 2540 constitutus
3533 2484 3689 2539 huius
3727 2483 3790 2538 rei

2219 2575 2504 2632 occasione
2521 2574 2849 2646 pauperibus
2870 2590 2977 2630 non
3010 2583 3289 2647 augeatur.

2290 2668 2343 2723 8.
2383 2665 2668 2722 Postulant
2700 2674 2755 2720 et
2799 2674 3021 2723 monent
3058 2676 3306 2725 oratores
3343 2669 3529 2735 vestri,
3574 2679 3634 2724 ut
3666 2671 3789 2725 inter

2221 2767 2399 2815 cetera
2434 2772 2574 2829 quae
2611 2758 2769 2829 digne
2797 2758 2907 2814 Deo
2943 2759 3122 2830 agitis,
3152 2759 3218 2814 ad
3258 2775 3453 2816 causas
3484 2760 3786 2815 necessarias

2222 2850 2540 2905 eclesiarum
2574 2856 2627 2902 et
2667 2863 2969 2920 pauperum
3015 2850 3340 2921 aliquotiens
3388 2851 3662 2906 audiendas
3695 2857 3779 2904 aut

2222 2942 2608 2997 examinandas
2648 2949 2867 3011 propter
2912 2953 3152 2997 amorem
3190 2941 3286 2997 Dei
3333 2942 3616 2997 assumatis
3652 2939 3787 2995 labo-

2224 3049 2361 3101 rem,
2389 3033 2515 3105 quia
2546 3031 2806 3103 perfectio
2840 3031 3131 3088 ministerii
3165 3033 3332 3088 vestri
3368 3032 3600 3087 maxime
3631 3032 3682 3086 in
3703 3030 3787 3087 hu-

2226 3123 2519 3182 iuscemodi
2556 3124 2805 3179 consistit
2830 3121 3025 3180 oﬁicio.
3062 3124 3179 3179 Erit
3211 3124 3357 3179 enim
3385 3138 3547 3194 opere
3569 3123 3787 3194 precium

524 3220 613 3284 sti,
645 3220 737 3290 qui
757 3196 832 3274 ait
860 3238 873 3274 ε
908 3220 1029 3275 Nisi
1051 3196 1490 3276 manducaveritis
1512 3237 1721 3275 carnem
1760 3220 1861 3291 ﬁlii
1890 3222 2115 3278 hominis
2142 3196 2189 3261 (ἶ
2219 3217 2286 3273 ad
2311 3230 2499 3273 omnes
2521 3216 2723 3272 iudices
2739 3216 2864 3271 huic
2888 3215 3064 3271 olIicio
3089 3215 3337 3285 puriores
3360 3222 3520 3285 atque
3542 3216 3785 3270 meliores.

524 3322 571 3364 et
602 3311 832 3365 biberitis
858 3312 969 3367 eius
995 3313 1323 3383 sanguinem,
1357 3329 1461 3366 non
1488 3312 1742 3367 habebitis
1766 3313 1923 3367 vitam
1950 3313 2006 3367 in
2030 3329 2119 3367 ro-

526 3402 623 3456 bis.
656 3401 808 3458 Unde
844 3402 1097 3458 monendi
1121 3412 1247 3459 sunt
1268 3412 1429 3473 atque
1454 3403 1758 3460 instruendi
1777 3419 1966 3461 omnes
1990 3404 2121 3461 ﬁde-

528 3491 626 3557 les,
654 3499 714 3546 ut
740 3491 981 3547 mundati
1015 3500 1069 3546 et
1089 3492 1378 3562 puriﬁcati,
1415 3501 1470 3547 et
1497 3494 1676 3563 sepius
1698 3495 2116 3562 communicent,

527 3591 582 3638 et
605 3592 915 3638 reverenter
956 3583 1022 3638 ad
1052 3584 1222 3652 ipsam
1267 3586 1699 3640 communionem
1726 3587 2002 3654 accedant,
2054 3601 2122 3643 ne

529 3675 824 3732 secundum
848 3674 1149 3746 apostolum
1189 3676 1433 3732 iuditium
1468 3677 1569 3732 sibi
1612 3678 1935 3734 manducent
1962 3689 2017 3735 et
2041 3681 2124 3737 bi-

536 3769 687 3823 baut.

599 3859 652 3913 4.
697 3859 765 3915 Ut
788 3860 1098 3916 sacerdotes
1125 3861 1357 3929 Domini,
1388 3865 1481 3933 qui
1508 3875 1633 3920 sunt
1678 3867 2005 3923 mediatores
2044 3867 2123 3921 in-

531 3960 615 4006 ter
639 3952 807 4009 Deum
829 3962 883 4008 et
908 3954 1172 4019 homines,
1204 3970 1300 4026 per
1341 3973 1476 4026 quos
1504 3959 1749 4015 homines
1797 3960 1907 4017 Deo
1936 3974 2125 4016 recon-

529 4042 798 4108 ciliantur,
849 4052 1003 4100 tanto
1029 4045 1308 4117 despectui
1350 4064 1456 4103 non
1502 4051 1839 4118 habeantur;
1885 4051 1978 4107 sed
2025 4067 2126 4121 pro

533 4147 718 4187 amore
739 4140 792 4188 et
807 4136 1107 4191 reverentia
1132 4136 1225 4190 Dei
1250 4136 1609 4193 ministerium
1631 4154 1845 4195 sacrum
1866 4143 2007 4211 quod
2029 4156 2126 4212 per

530 4239 625 4279 eos
655 4225 766 4280 Deo
810 4226 989 4281 exibet
1032 4227 1249 4293 eclesia,
1291 4229 1344 4283 in
1394 4231 1471 4285 cis
1518 4232 1831 4299 honoretur,
1873 4242 1928 4288 et
1956 4244 2014 4289 nt
2041 4250 2071 4288 a
2103 4235 2124 4265 ⁸

531 4320 643 4376 suis
672 4322 884 4377 eclesiis
905 4331 1017 4377 tam
1048 4322 1256 4379 inlicito
1279 4340 1413 4380 ausu
1438 4327 1506 4380 ad
1525 4327 1793 4381 exteriora
1820 4328 2124 4398 peragenda

534 4425 639 4462 non
664 4410 981 4476 mittantur;
1020 4412 1143 4481 quia
1167 4413 1391 4482 proinde
1425 4423 1478 4468 et
1519 4431 1653 4484 opus
1681 4416 1920 4471 divinum
1951 4419 2127 4489 negle-

2290 3308 2343 3364 9.
2386 3307 2463 3362 De
2500 3306 2839 3363 institutione
2876 3306 3020 3362 vitae
3059 3307 3468 3373 ca’nonicorum,
3506 3322 3665 3377 quam
3698 3307 3787 3360 Deo

2221 3401 2518 3472 inspirante
2558 3409 2615 3455 et
2655 3400 3068 3456 administrante
3103 3401 3193 3471 pia
3229 3400 3600 3456 misericordia
3634 3408 3789 3454 vestra

2220 3493 2510 3558 ordinavit,
2546 3501 2606 3547 ut
2634 3506 2823 3547 omnes
2866 3493 3007 3547 idem
3044 3492 3301 3557 sentiant,
3332 3500 3387 3545 et
3411 3492 3574 3547 huius
3596 3504 3789 3563 proprio

2222 3586 2636 3657 metropolitano
2684 3599 2814 3640 cura
2854 3584 3150 3656 delegctur,
3191 3593 3459 3655 quatenus
3496 3585 3555 3639 in
3591 3582 3789 3654 singulis

2223 3677 2358 3733 locis
2382 3677 2707 3747 ubicumque
2736 3676 3035 3732 secundum
3071 3677 3367 3732 iussionem
3402 3685 3636 3733 vestram
3668 3690 3792 3732 eom-

2222 3771 2366 3842 pleta
2403 3779 2505 3835 est,
2542 3769 2783 3840 perfecte
2815 3769 3183 3836 custodiatur;
3216 3778 3271 3823 et
3298 3770 3392 3826 ubi
3418 3769 3648 3824 necdum
3679 3782 3791 3823 con-

2223 3870 2492 3918 summata
2524 3870 2627 3928 est,
2660 3860 2997 3931 providentia
3029 3868 3085 3915 et
3118 3861 3311 3917 studiis
3344 3859 3673 3931 perﬁciatur.
3711 3857 3791 3912 Hic

2224 3954 2368 4009 enim
2411 3962 2468 4007 et
2513 3952 2899 4024 congruentius
2940 3956 3137 4008 ceteris
3172 3952 3354 4009 missis
3393 3968 3522 4016 suos
3558 3950 3796 4022 suifraga-

2227 4060 2359 4101 neos
2394 4045 2654 4101 canonica
2691 4045 3017 4100 auctoritate
3062 4032 3248 4100 scdulo
3288 4045 3578 4104 admonere
3613 4050 3790 4115 potest.

2224 4146 2279 4192 et
2313 4144 2423 4192 tam
2462 4150 2559 4207 per
2585 4150 2643 4191 se
2671 4151 2830 4206 quam
2865 4150 2964 4207 per
2996 4136 3194 4191 missos
3228 4152 3259 4191 a
3296 4151 3355 4191 se
3381 4135 3688 4206 frequenter
3717 4135 3793 4189 de-

2225 4229 2489 4294 stinatos,
2540 4227 2865 4296 ubicumque
2923 4226 3300 4284 emendatione
3360 4235 3537 4295 egeat,
3593 4224 3792 4295 perqui-

2226 4323 2412 4387 rendo,
2439 4321 2668 4377 sollicita
2695 4320 3129 4391 investigatione,
3153 4320 3388 4390 qualiter
3412 4321 3467 4375 in
3491 4320 3619 4377 locis
3638 4317 3795 4376 omni-

2225 4416 2327 4472 bus
2351 4421 2611 4479 servetur,
2642 4412 2901 4467 invenire.

530 4498 694 4569 gitur,
725 4508 777 4554 et
809 4498 1043 4556 infanies
1086 4503 1201 4557 sine
1250 4505 1503 4574 baptismi
1551 4506 1744 4575 gratia,
1796 4514 1851 4560 et
1878 4509 2123 4564 homines

2262 4524 2726 4608 (ῖοΝδτιΤυῃρ
2734 4525 2864 4608 “131g
2877 4523 3397 4608 comptis-gs
3433 4519 3767 4579 ABCHIEPI-

532 4589 647 4644 sine
686 4588 1025 4646 confessione
1057 4592 1195 4647 mori
1228 4593 1421 4649 solent.
1467 4592 1632 4650 Cuius
1669 4611 1866 4651 causae
1910 4588 2121 4667 pericu-

529 4684 642 4739 lum
667 4684 798 4739 etin
832 4699 926 4740 eos
954 4685 1045 4755 qui
1082 4701 1111 4739 a
1139 4687 1251 4742 suis
1275 4686 1487 4742 eclesiis
1512 4701 1605 4742 eos
1646 4688 1931 4756 advocant,
1983 4699 2034 4743 et
2066 4692 2118 4745 in

529 4776 830 4847 episcopos,
868 4793 1099 4847 quorum
1130 4779 1300 4834 vicem
1328 4794 1488 4850 agere
1530 4779 1746 4845 debent,
1795 4782 2121 4839 miserabili-

533 4856 619 4924 ter
644 4878 1016 4941 retorquetur.

600 4961 655 5016 5.
681 4961 751 5018 Ut
770 4978 895 5035 erga
921 4963 1145 5018 eclesias
1182 4964 1423 5032 piissima
1451 4964 1821 5020 misericordia
1860 4973 2038 5020 vestra
2068 4967 2119 5021 id

530 5052 674 5120 quod
696 5051 802 5107 iam
830 5051 1030 5108 dudum
1056 5054 1164 5107 Deo
1188 5053 1481 5122 inspirante
1509 5054 1715 5119 statuit,
1744 5055 2020 5109 observari
2051 5057 2120 5111 ab

530 5143 779 5199 omnibus
803 5144 981 5199 iubeat
1008 5162 1021 5208 ;
1066 5144 1317 5213 quoniam
1348 5144 1589 5215 plerique
1621 5154 1742 5213 post
1770 5162 1983 5201 sacram
2013 5149 2121 5205 ius-

2605 4595 2974 4653 SCOPORUM
3013 4594 3356 4650 HABENDIS
3384 4607 3432 4648 ι.

2401 4702 2662 4741 currum
2702 4702 2732 4739 Α
2773 4699 2997 4740 pnssmo
3036 4700 3353 4741 nwuowrco
3390 4701 3553 4740 EDITA
3590 4683 3634 4736 ’.

2296 4779 2453 4834 Anno
2481 4780 2522 4810 '°
2547 4786 2699 4834 sexto
2727 4778 2935 4833 decimo
2966 4785 3227 4849 regnante
3249 4778 3448 4834 domno
3474 4785 3655 4834 nostro
3681 4774 3797 4829 illu-

2226 4874 2456 4937 dowico,
2484 4879 2779 4926 conventus
2812 4871 3187 4942 episcoporum
3213 4871 3373 4927 debet
3411 4871 3529 4927 ﬁeri
3565 4871 3615 4925 in
3646 4874 3795 4924 ouat-

2230 4975 2351 5021 tuor
2393 4966 2544 5031 locis,
2591 4964 2642 5019 id
2669 4973 2752 5019 est
2785 4963 3139 5035 Magontiaco,
3178 4967 3234 5021 in
3269 4982 3378 5037 quo
3412 4967 3504 5022 isti
3544 4960 3797 5039 archiepi-

2229 5060 2374 5128 scopi
2408 5074 2532 5114 cum
2564 5073 2750 5112 eorum
2794 5056 3150 5129 sullraganeis
3194 5060 3487 5116 convenire
3523 5058 3713 5114 debent
3736 5052 3792 5114 ”.

2230 5151 2570 5208 1'Autcarius
2607 5152 2669 5214 ",
2711 5163 2730 5188 ε
2766 5150 3134 5217 Hadebal'dus,
3171 5153 3196 5192 δ
3226 5154 3400 5215 lletti,
3445 5165 3471 5193 ε
3493 5150 3794 5207 Βεωοίιιυεο

1781 5282 2172 5344 VARIANTES
2198 5288 2599 5346 LECTIONES.

608 5396 622 5425 ⁸
655 5403 952 5450 conventus
990 5396 1037 5448 l.
1137 5398 1156 5426 ¹
1194 5396 1495 5453 detineatur
1526 5397 1575 5450 l.
1671 5398 1692 5428 ³
1731 5401 2033 5456 auctoritas
2060 5402 2110 5457 l.

2199 5404 2317 5459 ‘ad
2362 5406 2409 5460 Ι.

2507 5407 2528 5436 ⁸
2566 5414 2805 5461 nostram
2840 5405 2886 5459 l.
2979 5404 3007 5476 4⁸
3049 5405 3191 5475 quod
3240 5407 3289 5459 l.
3389 5408 3408 5437 ⁷
3444 5405 3703 5476 parricida
3744 5403 3790 5456 l.

593 5466 734 5520 iuste
770 5464 822 5518 i.
897 5465 919 5497 ’
944 5467 1019 5520 ita
1045 5466 1098 5520 2.
1124 5470 1177 5522 5.
1208 5468 1621 5539 (hlothouuico).
1704 5471 1744 5500 ¹⁰
1772 5482 1911 5525 extat
1950 5472 2003 5525 in
2033 5474 2187 5528 codd.
2215 5475 2366 5529 2-H).
2449 5477 2488 5506 “
2517 5477 2572 5533 d.
2595 5485 2688 5531 aut
2720 5476 2942 5531 uicariis
2965 5474 3019 5529 6.
3066 5464 3141 5505 ’¹²
3166 5464 3460 5547 audgarius
3480 5479 3535 5532 5.

2062 5583 2293 5641 NOTAE.

607 5694 632 5721 ιι
666 5676 749 5735 Ex
774 5677 906 5743 Cod,
935 5675 989 5741 2,
1017 5676 1069 5739 5,
1092 5675 1239 5727 5-!0.

608 5754 634 5792 ι»
674 5749 1124 5819 Archiepiscopus
1154 5744 1519 5819 illuguntinus.
1542 5745 1754 5819 _Bu.t:z.

607 5835 627 5864 ε
667 5815 1117 5891 Archiepiscopus
1144 5815 1499 5871 Coloniensis.
1541 5815 1639 5869 lu.-
1696 5886 1709 5895 _

2272 5680 2277 5689 ‘
2302 5673 2326 5714 ἀ
2367 5674 2817 5745 Archiepiscopns
2846 5674 3201 5731 Trevirensis.
3232 5676 3308 5730 lu.

2306 5759 2328 5784 υ
2363 5746 2810 5816 Archiepiscopus
2846 5747 3309 5803 Vesontionensis.
3340 5747 3418 5801 lu.
