3992 6344
545 326 648 386 595

1336 319 1396 373 Β.
1435 318 1685 374 CAROLI
1724 314 1937 371 MAGNI
1970 310 2119 368 OPP.
2160 308 2338 363 PARS
2371 308 2409 362 Ι.
2453 306 2693 363 SECTIO
2726 306 2961 361 PRIMA.

3707 299 3806 360 596

466 446 472 452 “
545 434 722 497 facere
746 429 982 501 Possim;
1016 434 1070 483 εῑ
1094 440 1278 483 eorum
1308 439 1575 479 summam
1607 423 1675 478 ad
1701 430 1939 478 “05mm
1979 419 2119 477 ηοῑί·
2147 421 2196 481 Α
2222 437 2429 493 salvare
2464 438 2720 503 debeant;
2763 438 2818 492 id
2852 443 2955 503 est,
2989 444 3051 491 ιιι
3080 448 3407 505 quicumque
3443 449 3511 490 ex
3533 433 3624 489 his
3647 433 3804 490 talem

546 525 678 582 tiam
703 521 967 577 deferant.

649 608 1105 670 CONSTITUTIO
1141 608 1230 662 DE
1268 605 1488 662 MISSIS
1524 604 1952 662 ABLEGANDIS
1977 606 2016 658 ¹.

615 706 667 760 1.
709 695 967 758 Volumus
1007 705 1067 753 ut
1107 698 1212 752 tale
1253 698 1556 753 coniectum
1598 696 1750 751 missi
1782 695 1954 749 nostri
1983 695 2125 749 acci-

542 795 721 866 piant,
769 790 983 862 quando
1028 803 1125 859 per
1166 788 1499 843 missaticum
1548 803 1704 843 suum
1751 786 2121 857 perrexerint;

541 887 645 943 hoc
670 893 772 951 est,
804 891 863 947 ut
891 883 1259 951 unusquisque
1288 881 1515 949 accipiat
1547 894 1713 949 panes
1746 880 2120 952 quadraginta,

540 974 831 1047 friskingas
868 972 1024 1039 duas,
1060 970 1356 1041 porcellum
1389 977 1482 1025 aut
1518 985 1715 1039 agnum
1737 985 1920 1034 unum,
1950 969 2125 1038 pullos

542 1073 807 1135 quatuor,
853 1079 954 1119 ova
999 1062 1221 1133 viginti,
1269 1060 1396 1115 vino
1441 1061 1706 1115 sextarios
1750 1068 1873 1116 octo
1916 1062 1958 1127 ‘,
2004 1076 2125 1117 cer-

541 1155 654 1210 visa
700 1156 721 1187 ³
769 1154 979 1211 modios
1047 1153 1180 1208 duos
1226 1151 1269 1217 ‘,
1318 1166 1532 1204 annona
1585 1149 1793 1206 modios
1841 1151 1994 1206 duos.
2060 1150 2127 1205 Et

543 1245 760 1317 quando
796 1257 963 1316 prope
1002 1250 1128 1298 sunt
1155 1242 1220 1297 de
1248 1242 1461 1296 illorum
1492 1241 1757 1307 domibus,
1791 1242 1995 1297 nullum
2032 1259 2125 1298 ac-

541 1337 747 1408 cipiant
792 1336 1097 1392 coniectum
1140 1334 1180 1387 ".
1206 1334 1465 1390 Volumus
1494 1334 1677 1401 etiam,
1703 1343 1764 1389 ut
1786 1336 2008 1391 octabas
2031 1351 2128 1405 pa-

542 1428 707 1483 schae
751 1428 1013 1496 incipiant
1059 1442 1213 1481 suam
1258 1439 1416 1499 agere
1464 1425 1808 1496 legationem.
1875 1427 2129 1498 Episcopi

542 1532 673 1573 vero
701 1532 859 1572 suum
885 1517 1087 1572 habere
1116 1515 1311 1573 debent
1347 1523 1666 1573 conventum
1702 1518 1923 1574 octabas
1946 1527 2132 1588 pente-

548 1617 759 1666 costen.

591 1716 727 1755 HAEC
752 1699 927 1755 θευιητ
965 1717 1229 1755 (ιΑΡιτυιΑ
1268 1717 1332 1755 DE
1371 1715 1759 1757 lNSTBUCTlONE
1798 1717 2078 1757 MISSORUM.

615 1788 911 1843 Dicendum
943 1797 1025 1843 est
1059 1789 1187 1853 illis,
1230 1789 1356 1860 quia
1390 1804 1609 1845 necesse
1642 1798 1726 1845 est
1765 1799 1826 1844 ut
1856 1790 2132 1861 intellega—
2160 1773 2206 1831 Β

546 1893 667 1933 mus
706 1893 893 1933 omnes
925 1879 1302 1945 communiter,
1348 1879 1507 1949 quale
1539 1880 1838 1949 periculum
1873 1881 2027 1935 nobis
2049 1881 2132 1934 in-

544 1972 749 2026 mineat
794 1971 849 2024 in
892 1987 956 2025 eo
998 1970 1254 2037 maxime,
1296 1971 1440 2041 quod
1482 1971 1537 2025 in
1585 1979 1771 2026 nostra
1793 1972 2130 2042 neglegentia

540 2066 694 2115 tanta
726 2066 781 2114 et
820 2060 966 2126 talia,
1000 2076 1099 2130 per
1119 2076 1257 2131 quae
1283 2060 1427 2115 Deus
1462 2059 1657 2116 offendi
1679 2062 1853 2130 potuit
1878 2068 1932 2115 et
1959 2062 2133 2118 honor

542 2159 599 2207 et
628 2151 886 2207 honestas
912 2153 1067 2223 regni
1106 2154 1448 2209 descrescere
1474 2154 1517 2221 ",
1548 2153 1723 2209 adhuc
1760 2162 1939 2208 autem
1966 2155 2129 2209 etiam

540 2241 702 2296 aliam
738 2242 1071 2298 intellectum
1116 2245 1377 2300 habemus
1419 2245 1810 2317 neglegentiam
1854 2262 1921 2301 ex
1961 2248 2131 2317 priori

539 2333 826 2391 occasione
862 2342 1074 2400 natam,
1117 2336 1170 2390 id
1210 2344 1310 2400 est,
1347 2337 1491 2407 quod
1528 2337 1642 2407 ipsa
1678 2337 1876 2406 legatio
1910 2354 2018 2393 non
2056 2339 2129 2392 ita

535 2430 758 2492 peracta
787 2423 889 2479 fuit
921 2426 1061 2480 sicut
1090 2426 1205 2495 ipsa
1238 2427 1535 2482 necessitas
1560 2427 1815 2497 deposcat
1850 2428 1901 2494 ⁸;
1941 2444 2133 2499 quam-

538 2528 703 2586 quam
742 2532 810 2572 ex
849 2525 1004 2587 parte
1038 2533 1135 2574 vos
1169 2519 1360 2573 dicatis
1401 2534 1500 2573 nos
1543 2520 1822 2574 materiam
1858 2520 1910 2574 in
1942 2535 2007 2576 eo
2039 2521 2131 2575 de-

539 2605 707 2674 disse,
740 2607 885 2678 quod
916 2624 1023 2665 non
1046 2623 1145 2678 per
1165 2610 1343 2664 omnia
1369 2610 1437 2664 ad
1464 2610 1603 2665 hanc
1637 2611 2014 2666 necessitatem
2050 2611 2132 2665 in-

540 2701 862 2769 quirendam
881 2702 1095 2772 plenam
1128 2703 1281 2758 vobis
1304 2702 1639 2758 dedissemus
1664 2702 1976 2759 iussionem.
2007 2703 2132 2759 Ideo

540 2805 886 2862 Summopere
922 2792 1265 2847 tractandum
1301 2799 1400 2856 est,
1432 2792 1703 2863 quomodo
1724 2792 1952 2848 Domino
1981 2793 2130 2848 adiu-

538 2888 702 2936 vante
737 2889 791 2935 et
824 2883 878 2937 in
909 2884 1180 2953 praesenti
1218 2884 1287 2940 de
1319 2884 1404 2939 his
1434 2898 1574 2954 quae
1601 2899 1699 2955 per
1733 2884 2129 2956 neglegentiam

537 2976 593 3022 et
620 2970 883 3026 incuriam
912 2972 1203 3042 depravata
1238 2982 1380 3037 sunt,
1423 2975 1782 3045 corrigantur,
1813 2984 1867 3029 et
1899 2991 1966 3030 ne
1991 2976 2130 3031 ultra

538 3061 672 3116 talia
712 3062 845 3117 ﬁant
882 3064 1109 3120 sollicite
1146 3072 1422 3121 caveatur.
1464 3066 1592 3121 Post
1627 3065 1764 3121 haec
1796 3067 1928 3123 socii
1967 3069 2132 3123 deno-

542 3153 786 3209 minandi
815 3163 960 3221 sunt,
990 3164 1044 3211 et
1071 3164 1202 3212 tunc
1230 3157 1405 3227 qualis
1433 3157 1625 3213 debeat
1660 3172 1781 3213 esse
1823 3157 2018 3229 legatio
2049 3156 2130 3212 in-
2156 3134 2204 3198 (ἶ

537 3242 807 3315 iungenda
833 3254 935 3300 est.

611 3335 664 3388 1.
713 3335 897 3394 Primo
932 3337 1316 3409 iniungendum
1355 3346 1439 3395 est
1473 3340 1682 3404 missis,
1725 3348 1785 3395 ut
1820 3341 1923 3396 hoc
1958 3342 2132 3397 omni-

538 3432 717 3489 modis
737 3441 986 3500 caveant,
1013 3448 1080 3488 ne
1104 3436 1300 3505 populo
1325 3436 1381 3490 in
1407 3450 1595 3491 eorum
1616 3436 1950 3506 profectione
1977 3440 2130 3494 oneri

540 3523 670 3587 sint,
685 3540 752 3580 ne
765 3524 904 3581 forte
930 3527 1127 3596 quibus
1152 3529 1437 3583 subvenire
1452 3527 1752 3593 debuerint,
1772 3528 2131 3586 adﬂictionem

537 3613 795 3669 inferant.
1586 3622 1591 3631 ‘

611 3706 666 3760 2.
709 3706 780 3763 Ut
819 3708 996 3777 primo
1035 3717 1277 3764 nostram
1315 3711 1512 3782 populo
1550 3712 1884 3767 voluntatem
1921 3721 1976 3767 et
2013 3721 2130 3771 stu-

539 3800 710 3866 dium,
738 3807 793 3854 et
822 3815 928 3870 qua
959 3800 1255 3858 intentione
1295 3818 1325 3857 a
1356 3804 1513 3860 nobis
1541 3805 1648 3860 sint
1676 3806 1885 3871 directi,
1913 3822 2010 3877 per
2036 3823 2133 3862 no-

538 3897 713 3946 strum
764 3882 1025 3960 scriptum
1083 3893 1350 3947 nuntient.
1403 3894 1707 3951 lnstruendi
1753 3897 1916 3950 etiam
1985 3904 2128 3960 sunt,

539 3981 669 4049 quid
698 3980 993 4049 inquirant.

609 4095 664 4149 5.
705 4093 765 4149 In
794 4094 986 4164 primis
1018 4094 1123 4152 hoc
1161 4097 1395 4153 maxime
1442 4098 1735 4168 inquirant,
1775 4100 2043 4169 quomodo
2075 4100 2130 4153 hi

540 4190 634 4260 qui
658 4191 918 4260 populum
941 4207 1131 4261 regere
1170 4193 1387 4259 debent,
1426 4195 1794 4265 unusquisque
1824 4197 1877 4250 in
1909 4212 2007 4252 suo
2032 4197 2133 4251 mi-

538 4281 765 4336 nisterio
786 4298 845 4336 se.
882 4284 1207 4338 custoditum
1232 4284 1448 4350 habeat,
1480 4294 1539 4339 ut
1563 4287 1655 4356 qui
1678 4287 1697 4318 ⁹
1720 4288 1857 4342 bene
1886 4287 2132 4343 faciendo

540 4370 842 4440 gratiarum
871 4372 1083 4428 actione
1112 4373 1259 4443 digni
1288 4383 1413 4429 sunt
1444 4391 1851 4446 cognoscamus,
1886 4378 1979 4447 qui
2003 4394 2132 4435 vero

2225 544 2447 584 causam
2482 528 2583 584 scit
2619 528 2675 582 in
2709 527 2816 583 illis
2853 527 3153 583 rectoribus
3193 534 3249 581 et
3283 525 3511 581 diversis
3552 524 3807 581 ministris

2225 619 2317 689 qui
2343 619 2600 689 populum
2629 634 2818 689 regere
2855 626 2912 675 et
2945 633 3164 673 servare
3193 616 3235 648 ⁸ο
3263 617 3487 681 debent,
3529 617 3599 672 de
3625 616 3807 685 quibus

2226 711 2540 781 interrogati
2579 710 2799 778 fuerint,
2839 725 2979 781 quae
3022 711 3090 765 ad
3114 709 3297 780 populi
3329 709 3626 777 dampnum
3654 708 3807 764 etder

2226 803 2539 858 trimentum
2575 804 2827 874 pertinet,
2857 810 2913 858 et
2938 810 3161 873 propter
3188 802 3292 857 hoc
3328 800 3486 857 nobis
3514 798 3806 870 periculum

2229 894 2441 949 animae
2477 895 2694 950 evenire
2725 893 2897 965 possit
2932 901 2987 949 et
3027 890 3369 948 inhonoratio
3399 891 3464 957 “,
3502 890 3739 954 omnino,
3766 891 3804 944 si

2229 984 2437 1039 salvam
2458 984 2687 1040 voluerit
2713 1000 2868 1041 suam
2897 984 3057 1040 ﬁdem
3087 992 3142 1039 et
3158 983 3577 1054 promissionem
3602 981 3804 1046 habere,

2228 1075 2574 1130 manifestum
2620 1074 2801 1131 faciat.
2842 1075 2910 1130 Et
2942 1076 2991 1130 si
3019 1081 3142 1146 post
3179 1073 3343 1129 talem
3378 1071 3805 1127 ammonitionem

2229 1172 2284 1221 et
2328 1167 2774 1223 contestationem
2800 1167 2841 1198 ¹²
2870 1166 3027 1221 aliter
3059 1180 3227 1236 quam
3269 1180 3328 1220 se
3374 1164 3582 1219 veritas
3630 1162 3805 1218 habeat

2231 1256 2430 1312 dixisse
2454 1256 2648 1326 aliquis
2675 1256 3042 1327 deprehensus
3068 1254 3251 1320 fuerit,
3278 1254 3413 1309 sciat
3441 1268 3502 1308 se
3531 1252 3675 1307 inter
3703 1249 3803 1305 inﬁ-

2233 1347 2378 1404 deles
2408 1364 2529 1405 esse
2554 1349 2911 1419 reputandum

2304 1461 2449 1518 Haec
2473 1462 2516 1495 ¹³
2539 1471 2660 1517 sunt
2695 1461 2926 1533 capitula
2959 1479 3093 1533 quae
3127 1459 3367 1517 volumus
3393 1469 3451 1515 ut
3477 1460 3751 1531 diageater

2880 1533 3172 1604 inquirant.

2305 1643 2488 1700 Primo
2522 1646 2588 1700 de
2620 1644 2916 1715 episcopis,
2958 1644 3231 1715 quomodo
3265 1659 3425 1699 suum
3462 1643 3801 1699 ministerium

2236 1735 2506 1805 expleant,
2537 1744 2591 1792 et
2615 1737 2791 1806 qualis
2824 1736 2895 1791 sit
2926 1736 3141 1792 illorum
3173 1735 3536 1799 conversatio,
3573 1734 3661 1789 vel
3693 1749 3803 1805 quo-

2236 1828 2396 1882 modo
2425 1826 2682 1883 ecclesias
2705 1835 2761 1882 et
2786 1827 2989 1882 clerum
3015 1826 3119 1882 sibi
3145 1826 3498 1882 commissum
3518 1826 3801 1881 ordinatum

2231 1918 2465 1980 habeant
2494 1926 2656 1988 atque
2689 1919 3036 1989 dispositum,
3073 1917 3158 1972 vel
3190 1917 3247 1971 in
3279 1916 3479 1986 quibus
3518 1917 3681 1971 rebus
3709 1930 3803 1970 ma-

2230 2009 2374 2065 xime
2414 2011 2693 2075 studeant,
2733 2011 2789 2065 in
2828 2009 3159 2079 spiritalibus
3197 2008 3450 2065 videlicet
3487 2015 3586 2062 aut
3625 2006 3676 2061 in
3706 2021 3803 2063 sae-

2232 2104 2506 2159 cularibus
2537 2104 2784 2176 negotiis.
2818 2103 3022 2159 Deinde
3053 2101 3242 2172 quales
3277 2100 3387 2155 sint
3417 2100 3692 2156 adiutores
3723 2097 3805 2153 mi-

2231 2197 2439 2252 nisterii
2488 2212 2697 2263 eorum,
2748 2197 2803 2253 id
2846 2204 2947 2262 est,
2978 2194 3311 2265 corepiscopi
3346 2194 3412 2259 “‘,
3441 2191 3800 2255 archidiaconi,

2232 2288 2668 2355 et'vicedomini,
2704 2295 2758 2342 et
2791 2286 3092 2359 presbyteri
3132 2302 3231 2357 per
3263 2284 3587 2355 parrochias
3620 2298 3799 2346 eorum,

2232 2379 2391 2449 quale
2439 2379 2647 2434 scilicet
2683 2379 2919 2435 studium
2944 2378 3180 2433 habeant
3206 2376 3262 2431 in
3290 2375 3562 2439 doctrina,
3588 2373 3669 2427 vel
3692 2387 3801 2443 qua—

2232 2472 2336 2527 lem
2371 2472 2573 2528 famam
2604 2473 2840 2529 habeant
2879 2472 3176 2527 secundum
3204 2468 3495 2525 veritatem
3527 2466 3582 2521 in
3606 2463 3794 2535 populo.

2235 2562 2495 2618 Similiter
2538 2565 2604 2621 de
2651 2564 2908 2619 omnibus
2951 2559 3295 2619 monasteriis
3350 2557 3628 2627 inquirant
3672 2555 3801 2611 iuxta

2232 2655 2652 2726 uniuscuiusque
2681 2654 2997 2726 qualitatem
3030 2661 3086 2708 et
3113 2650 3530 2723 professionem.
3572 2645 3801 2702 Similiter

2233 2756 2287 2802 et
2313 2750 2378 2804 de
2413 2749 2610 2805 ceteris
2637 2726 2884 2804 ecclesiis
2918 2755 3104 2802 nostra
3139 2743 3463 2800 auctoritate
3485 2740 3539 2794 in
3561 2735 3797 2795 beneﬁcio

2234 2839 2391 2895 datis.
2462 2839 2658 2895 Utrum
2700 2837 2936 2908 episcopi
2988 2838 3043 2892 in
3085 2833 3474 2892 circumeundo
3507 2826 3790 2901 parrochias

2234 2943 2388 2993 suas,
2425 2935 2635 2984 ceteras
2666 2928 2903 2985 minores
2930 2926 3186 2982 ecclesias
3224 2930 3468 2996 gravent,
3501 2927 3592 2974 aut
3618 2914 3794 2988 populo

2233 3018 2388 3073 oneri
2431 3018 2555 3083 sint,
2597 3026 2651 3073 et
2691 3019 2737 3073 si
2780 3019 2847 3074 ab
2888 3018 3019 3088 ipsis
3044 3023 3138 3071 aut
3173 3029 3204 3069 a
3231 3011 3496 3069 ministris
3527 3022 3703 3065 eorum
3728 3005 3800 3060 in-

2234 3108 2411 3167 debita
2439 3111 2659 3166 exsenia
2691 3127 2721 3165 a
2754 3109 3087 3182 presbyteris
3117 3107 3423 3176 exigantur.
3457 3100 3632 3157 Simili
3663 3097 3797 3154 modo

2232 3204 2298 3256 de
2333 3200 2620 3256 comitibus
2664 3200 2960 3270 inquirant,
3004 3198 3165 3269 quale
3207 3196 3444 3253 studium
3491 3194 3561 3249 de
3597 3207 3691 3248 suo
3720 3189 3799 3245 lia-

2230 3290 2392 3344 bcant
2427 3289 2749 3354 ministerio,
2785 3295 2843 3343 ut
2870 3288 2964 3358 qui
2986 3288 3124 3344 bene
3159 3285 3354 3341 exinde
3379 3282 3509 3337 facit
3538 3293 3798 3353 cognoscev

2232 3395 2373 3434 mus.
2412 3379 2469 3434 Si
2502 3379 2659 3433 aliter
2694 3379 2841 3443 facit,
2878 3386 2932 3434 et
2967 3377 3072 3434 hoc
3107 3392 3269 3433 nosse
3294 3374 3516 3431 omnino
3550 3373 3797 3436 volumus;

2231 3471 2287 3526 id
2319 3480 2431 3536 est,
2462 3470 2508 3525 si
2545 3470 2775 3540 populus
2807 3485 2906 3540 per
2946 3484 3101 3524 suam
3146 3466 3543 3538 neglegentiam
3592 3471 3648 3520 et
3685 3461 3800 3519 desi-

2232 3564 2376 3618 diam
2405 3563 2607 3617 iustitia
2632 3570 2686 3617 et
2715 3578 2849 3632 pace
2878 3569 3082 3628 careat,
3108 3568 3201 3615 aut
3237 3561 3283 3616 si
3311 3560 3429 3629 ipse
3458 3558 3637 3613 sciens
3664 3558 3704 3589 ¹⁸
3722 3555 3800 3611 ali-

2232 3655 2359 3725 quid
2391 3655 2587 3709 iniuste
2618 3652 2820 3709 factum
2851 3654 3067 3709 habeat.
3100 3652 3305 3708 Deinde
3345 3668 3474 3723 ergo
3509 3650 3692 3721 quales
3721 3647 3802 3702 mi.

2231 3746 2431 3801 nistros
2475 3746 2672 3800 habeat
2716 3746 2784 3802 ad
2826 3745 3086 3816 populum
3131 3744 3426 3812 regendum
3472 3742 3557 3797 vel
3610 3742 3799 3803 missos,

2231 3844 2414 3892 utrum
2437 3837 2577 3893 iuste
2611 3835 2653 3867 ¹⁶
2678 3838 2730 3891 in
2766 3837 2898 3907 ipsis
2927 3835 3245 3891 ministeriis
3270 3842 3455 3905 agant,
3482 3841 3576 3889 aut
3603 3846 3803 3889 consen-

2232 3929 2400 3984 tiente
2448 3930 2535 3984 vel
2588 3928 2903 4001 neglegente
2951 3929 3146 3983 comite
3190 3943 3222 3983 a
3260 3926 3491 3981 veritate
3533 3932 3588 3980 et
3627 3922 3803 3978 iustitia

2233 4019 2522 4074 declinent.
2561 4019 2709 4087 Quae
2750 4034 3033 4089 personae,
3072 4018 3156 4073 vel
3192 4018 3389 4089 quibus
3425 4016 3604 4073 causis
3648 4014 3806 4084 culpa-

2231 4110 2325 4165 bili
2356 4112 2423 4166 ad
2446 4111 2811 4180 praesentiam
2838 4117 3083 4167 nostram
3101 4110 3288 4165 venire
3314 4110 3512 4165 debent
3536 4110 3599 4174 ”,
3626 4107 3807 4163 discer-

2231 4203 2467 4257 nendum
2500 4211 2601 4258 est.
2646 4202 2899 4273 Exceptis
2935 4202 3225 4273 episcopis,
3289 4201 3603 4265 abbatibus,
3659 4196 3806 4255 comi-

2234 4291 2404 4357 tibus,
2449 4293 2542 4362 qui
2579 4294 2645 4348 ad
2682 4292 2880 4362 placita
2918 4300 3103 4347 nostra
3144 4306 3357 4363 semper
3391 4293 3574 4348 venire
3607 4291 3803 4353 debent,

2232 4382 2319 4438 isti
2354 4383 2603 4449 veniant,
2642 4384 2689 4440 si
2727 4384 2922 4440 talibus
2960 4384 3134 4455 culpis
3169 4393 3225 4439 et
3269 4384 3588 4440 criminibus
3629 4383 3803 4453 depre-

539 4461 932 4518 correctionem
980 4472 1036 4518 et
1084 4464 1508 4535 increpationem
1562 4485 1660 4539 pro
1710 4486 1898 4525 eorum
1951 4472 2129 4544 negle-
2155 4498 2210 4557 υ
2234 4472 2389 4527 hensi
2418 4472 2638 4540 fuerint,
2672 4475 2861 4544 quales
2892 4474 3117 4530 inferius
3147 4476 3435 4532 adnotatae
3463 4477 3508 4508 ⁸⁸
3532 4484 3677 4532 sunt.

539 4552 736 4623 gentiis
768 4560 1073 4620 merentur,
1107 4557 1431 4612 omnimodis
1465 4560 1620 4615 nobis
1656 4560 1925 4616 manifesti
1970 4564 2122 4621 fiant.

540 4643 821 4714 Inquisitio
851 4652 1031 4700 autem
1066 4646 1171 4703 hoc
1206 4649 1365 4703 modo
1401 4649 1513 4704 fiat.
1551 4651 1834 4723 Eligantur
1874 4670 1972 4724 per
2017 4656 2126 4711 sin-

538 4732 694 4804 gulos
726 4734 1014 4791 comitatus
1044 4737 1138 4807 qui
1173 4738 1423 4795 meliores
1452 4748 1506 4796 et
1536 4742 1834 4799 veratiores
1871 4752 2014 4799 sunt.
2061 4746 2127 4801 Et

539 4825 586 4880 si
635 4826 831 4897 aliquis
876 4828 1126 4886 inventus
1169 4830 1332 4887 fuerit
1382 4835 1448 4889 de
1504 4835 1635 4906 ipsis
1680 4837 1772 4907 qui
1814 4837 2129 4895 ﬁdelitatem

539 4915 863 4981 promissam
902 4919 1077 4974 adhuc
1120 4921 1275 4975 nobis
1311 4937 1416 4976 non
1462 4925 1677 4992 habeat,
1718 4928 2017 4997 promittat.
2062 4931 2129 4985 Et

544 5014 671 5064 tunc
706 5010 1005 5067 instruendi
1029 5024 1179 5078 sunt,
1216 5014 1447 5083 qualiter
1470 5016 1643 5089 ipsam
1680 5018 1841 5074 ﬁdem
1873 5036 2000 5091 erga
2034 5038 2131 5077 nos

2605 4608 2786 4664 HAEC
2816 4609 2858 4639 ²⁹
2887 4608 3069 4664 SUNT
3105 4608 3452 4665 CAPITULA

2233 4753 2369 4801 QUAE
2398 4756 2465 4793 AD
2492 4755 2834 4796 PLURIMORUM
2863 4756 3127 4796 NOTITIAH
3153 4756 3222 4795 AD
3251 4755 3528 4796 GENERALE
3556 4747 3807 4794 ΡιΑειτυι

2780 4826 2874 4865 SUN
2883 4828 2914 4865 Τ
2955 4825 3284 4866 κεεειινλτλ.

2311 4939 2361 4991 1.
2399 4938 2474 4994 Dc
2506 4940 2875 4995 sacerdotibus
2906 4957 2936 4994 a
2963 4941 3115 4997 laicis
3142 4942 3336 4997 vinctis
3367 4949 3421 4997 et
3450 4940 3744 5012 ﬂagellatis.

2310 5028 2364 5089 2.
2406 5030 2482 5085 De
2512 5031 2729 5087 homine
2759 5034 2851 5103 qui
2889 5034 2955 5088 ad
2995 5034 3275 5088 servitium
3306 5034 3582 5103 quaesitus
3613 5039 3671 5088 et
3704 5043 3811 5084 ere-

1758 5174 2150 5233 VARIANTES
2188 5181 2591 5238 LECTIONES.

620 5303 849 5394 “liuius
879 5308 1263 5394 constitutionis
1275 5310 1496 5394 nonnisi
1525 5309 1738 5394 ultimae
1759 5314 2041 5394 sententiae
2065 5315 2284 5394 adsunt,
2314 5318 2660 5394 in‘codicibus
2686 5319 2737 5383 2,
2766 5320 2818 5373 5.
2851 5330 2896 5373 et
2937 5322 3031 5394 rel.
3060 5332 3323 5387 servatae,
3354 5325 3445 5376 ubi
3464 5332 3575 5394 post
3601 5337 3811 5394 conuen—

544 5387 629 5454 tus
654 5372 1059 5459 Wormatiensis
1088 5378 1319 5459 capitula
1346 5380 1544 5449 legibus
1568 5380 1810 5459 addenda
1837 5382 2099 5459 leguntur.
2137 5372 2452 5459 Sirntondus
2489 5407 2550 5443 ea
2592 5372 2736 5443 inter,
2756 5372 3807 5459 (Sapientiei'ééﬁhéeiia’uiaauhta

542 5445 713 5513 primo
756 5443 867 5498 loco
895 5443 1179 5502 constituit.
1258 5452 1277 5480 ²
1302 5443 1494 5505 novem
1525 5451 1609 5504 ed.
1689 5452 1708 5482 ³
1732 5443 1907 5506 Sicera
1930 5452 1981 5505 5.

2060 5457 2079 5485 ’⁵
2104 5456 2279 5523 pullos
2317 5476 2479 5528 usque
2512 5460 2646 5515 duos
2679 5456 2865 5513 desunt
2904 5463 2959 5515 in
2988 5462 3074 5515 10.
3153 5463 3278 5517 “hic
3314 5465 3504 5519 desinit
3542 5462 3621 5517 10.
3700 5462 3721 5491 ⁶
3749 5476 3810 5514 ea:

964 5516 1309 5604 et‘Sirmondi
1336 5522 1611 5604 editione.”
1659 5523 1881 5604 7Udecs‘se
1906 5514 2119 5604 videtur.
2140 5537 2229 5604 aut
2260 5528 2372 5604 ﬁeri
2393 5514 2749 5604 permisimus
2776 5540 2865 5583 aut
2893 5514 3285 5604 commisimus.
3317 5514 3725 5604 “Eidem—scebat
3748 5530 3805 5585 S.

545 5585 565 5613 ν
600 5600 736 5657 quae
892 5585 933 5615 ¹⁰
957 5588 1163 5642 salvare
1189 5591 1270 5643 rd.
1352 5593 1390 5622 “
1422 5592 1651 5647 inoratio
1679 5592 1731 5657 ὅ.

546 5655 996 5725 archipresbyteri
1030 5660 1390 5716 archidiaconi
1423 5662 1585 5717 Sirm.

546 5726 729 5778 desunt
768 5725 820 5778 in
859 5726 1051 5784 codice.
1087 5729 1247 5784 edidit
1284 5752 1342 5787 ea
1374 5734 1535 5788 Sirm.

548 5812 577 5848 a
605 5794 912 5853 Sirmondo.

1620 5736 1660 5765 ¹⁸
1689 5735 1913 5790 adnoctc

1814 5595 1855 5623 ”
1882 5596 2317 5651 constitutionem
2342 5599 2394 5651 5.

1666 5664 1709 5693 ’³
1735 5679 1778 5717 s.
1811 5674 1903 5718 aut
1926 5666 2173 5721 nesciens
2202 5669 2363 5722 Sirm.
2444 5671 2486 5701 ³⁸
2514 5671 2550 5724 i.
2581 5686 2647 5725 an
2677 5672 2873 5726 iniuste
2902 5673 3065 5728 Sirm.

2476 5600 2518 5630 ¹³
2544 5600 2800 5655 habentur
2827 5604 3035 5657 nonnisi
3060 5604 3116 5657 in
3142 5603 3259 5657 cod.
3293 5605 3346 5659 5.
3374 5614 3423 5660 et
3448 5600 3613 5660 editis.
3692 5604 3732 5633 ”
3760 5616 3805 5655 c.

2476 5671 2486 5699 ⁵
2514 5671 2550 5724 i.
2581 5686 2647 5725 an
2677 5672 2873 5726 iniuste
2902 5673 3065 5728 Sirm.
3148 5675 3187 5705 ¹⁷
3214 5674 3415 5729 debent
3441 5693 3597 5729 usque
3622 5674 3809 5729 debent

3252 5685 3415 5731 ebent
3441 5693 3597 5747 usque
3622 5685 3683 5729 de

2100 5738 2140 5767 ¹⁹
2170 5737 2315 5794 Ilaec
2346 5741 2576 5811 capitula
2622 5742 2804 5798 desunt
2838 5746 2899 5797 in
2935 5746 3174 5800 omnibus
3210 5747 3478 5813 codicibus
3495 5737 3525 5813 ;’
3545 5746 3711 5817 accepi
3748 5758 3807 5797 ca
