3992 6344
247 266 356 326 597

564 264 794 324 CODEX
830 260 1352 320 DlPLOMATlCUS.
1374 257 1448 302 ’-
1470 259 1791 317 LUDOVICI
1827 261 1847 315 ι
1888 258 1974 315 ΕΤ
2015 260 2339 316 LOTHARII
2376 258 3030 318 C:’tPlTULARlA.——AN.
3066 262 3188 317 8‘28.

3412 260 3518 317 593

243 391 372 452 ptus
398 387 478 435 est
513 379 582 435 ab
617 393 724 433 uno
748 377 964 443 herede,
996 376 1192 431 iterum
1228 374 1426 430 caeteri
1454 374 1679 428 heredes
1706 387 1830 428 eum
1856 376 1905 436 Α
1934 373 2035 429 bus
2058 373 2192 427 locis
2219 380 2428 427 tantum
2462 373 2731 443 accipiunt
2761 373 2825 426 de
2854 372 3098 426 coniectu
3119 370 3300 441 populi
3326 372 3391 426 ad
3420 373 3524 429 mi-

245 471 590 548 interpellare
619 480 673 527 et
697 470 982 540 adquirere
1006 476 1293 524 conantur.

315 568 372 622 5.
414 566 489 621 De
523 563 811 621 comitibus
845 569 900 617 et
934 560 1152 616 vicariis
1186 574 1394 625 eorum,
1426 558 1517 630 qui
1554 559 1606 613 in
1640 557 1833 628 aliqui-

244 699 3422 727 mm

1933 479 2120 519 norem
2143 463 2483 534 legationem,
2510 471 2770 533 quantum
2798 463 2866 518 ad
2893 462 3173 518 maiorem.

837 786 1171 845 EPISTOLA
1208 786 1397 856 QUAE
1433 786 1919 846 GENERALITER
1956 783 2228 840 POPULO
2265 784 2373 839 DEI
2410 783 2540 839 EST
2577 785 2918 841 LEGENDA.

311 970 371 1025 In
436 971 455 1002 ⁸
577 969 793 1025 nomine
896 969 1110 1039 Domini
1204 969 1299 1024 Dei
1403 977 1458 1025 et
1552 968 1838 1024 salvatoris

242 1061 416 1117 nostri
518 1061 637 1116 Iesu
728 1059 950 1116 Christi.
1049 1060 1396 1117 liludowicus
1491 1070 1545 1117 et
1616 1060 1836 1115 HIOtha-

242 1154 355 1208 rius
456 1152 637 1207 divina
725 1152 1013 1208 ordinante
1101 1151 1441 1223 providentia
1550 1152 1837 1221 imperato-

242 1259 328 1298 res
424 1243 663 1313 augusti,
763 1244 1014 1299 omnibus
1108 1244 1357 1299 ﬁdelibus
1448 1251 1667 1301 sanctae
1738 1243 1834 1298 Dei

240 1337 508 1413 ecclesiae
601 1344 657 1392 et
751 1338 971 1392 nostris.
1083 1338 1378 1393 Recordari
1474 1352 1572 1392 vos
1663 1337 1835 1393 credi-

242 1447 358 1487 mus
378 1471 395 1495 ,
491 1429 725 1500 qualiter
800 1430 905 1486 hoc
960 1444 1102 1485 anno
1124 1471 1137 1494 ,
1213 1429 1438 1485 consilio
1492 1431 1832 1485 sacerdotum

241 1532 295 1580 et
370 1523 610 1581 aliorum
690 1521 929 1578 ﬁdelium
1008 1531 1318 1578 nostrorum
1335 1562 1350 1589 ,
1427 1522 1677 1594 generale
1757 1522 1834 1577 ie-

241 1618 451 1674 iunium
560 1632 658 1687 per
753 1623 922 1671 totum
1020 1627 1247 1686 regnum
1346 1622 1590 1671 nostrum
1694 1614 1833 1670 cele—

243 1710 399 1764 brare
482 1708 735 1763 iussimus
758 1748 773 1772 ,
849 1707 1128 1776 Deumque
1200 1713 1312 1761 tota
1384 1705 1667 1761 devotione
1740 1705 1833 1760 de-

1919 1448 2060 1492 ,mus
2074 1473 2088 1498 ,

1908 1620 2145 1674 iunium
2243 1632 2344 1687 per
2439 1625 2612 1672 totum

2009 968 2067 1023 In
2143 969 2159 999 ί
2274 966 2490 1021 nomine
2595 964 2799 1020 domini
2906 965 3001 1021 Dei
3073 975 3128 1020 et
3236 968 3521 1028 salvatoris

1936 1060 2106 1115 nostri
2190 1060 2309 1114 Iesu
2390 1057 2591 1114 Christi
2719 1056 3064 1115 ﬂludowicus
3155 1068 3208 1115 et
3299 1061 3522 1119 Hlotha-
3579 1071 3583 1075 '

1938 1156 2052 1210 rius
2147 1154 2326 1208 divina
2415 1151 2698 1208 ordinante
2801 1152 3137 1221 providentia
3232 1155 3522 1226 imperato-

1938 1263 2026 1304 res
2111 1246 2353 1317 augusti,
2445 1244 2697 1300 omnibus
2787 1240 3032 1301 ﬁdelibus
3124 1254 3343 1303 sanctae
3426 1249 3521 1304 Dei

1938 1338 2199 1396 ecclesiae
2295 1344 2349 1392 ct
2446 1335 2664 1392 nostris.
2760 1336 3055 1392 Recordari
3153 1354 3249 1395 vos
3347 1341 3523 1397 credi-

2166 1431 2397 1501 qualiter
2469 1430 2573 1484 hoc
2644 1444 2818 1495 anno,
2893 1429 3118 1485 consilio
3179 1432 3518 1489 sacerdotum

1938 1537 1989 1581 et
2063 1526 2295 1581 aliorum
2380 1523 2616 1579 ﬁdelium
2701 1530 3039 1588 nostrorum,
3124 1524 3373 1595 generale
3446 1524 3523 1580 ie-

1938 1711 2096 1765 brare
2168 1708 2452 1771 iussimus,
2529 1706 2803 1775 Deumque
2891 1714 3002 1761 tota
3078 1707 3361 1763 devotione
3432 1708 3524 1763 de-

243 1813 499 1870 poscere,
565 1806 627 1858 υι
688 1797 844 1854 nobis
898 1797 1209 1868 propitiari.
1276 1806 1332 1852 et
1394 1797 1449 1851 in
1511 1797 1707 1867 quibus
1768 1797 1833 1851 il‘
1863 1808 2181 1871 Bposcere,
2233 1807 2292 1854 ut
2340 1798 2496 1853 nobis
2540 1797 2820 1868 propitiari
2868 1806 2923 1853 ct
2993 1799 3014 1829 ³
3052 1798 3105 1853 in
3144 1799 3337 1868 quibus
3375 1798 3524 1854 illum

243 1892 348 1953 lum
432 1890 674 1945 maxime
756 1888 1139 1944 offenderimus
1219 1890 1371 1945 nobis
1454 1888 1828 1952 manifestare,

240 1989 291 2036 et
348 1988 409 2034 ut
461 1981 483 2011 ²
556 1979 625 2035 ad
696 1980 1087 2035 correctionem
1157 1987 1398 2035 nostram
1430 2000 1446 2015 κ
1471 1978 1832 2035 necessariam

243 2070 593 2141 tranquillum
685 2078 896 2141 tempus
995 2070 1150 2125 nobis
1254 2070 1494 2126 tribuere
1584 2071 1830 2141 dignare-

244 2170 344 2216 tur.
455 2161 808 2217 Volueramus
898 2162 1160 2232 siquidem
1255 2171 1495 2232 tempore
1592 2177 1833 2234 congruo

241 2256 499 2325 placitum
571 2263 813 2309 nostrum
887 2254 1137 2326 generale
1210 2255 1435 2319 habere,
1511 2262 1567 2310 et
1638 2255 1692 2308 in
1765 2269 1830 2310 eo

246 2350 307 2403 de
376 2350 653 2403 communi
747 2348 1081 2404 correctione
1177 2364 1374 2420 agere;
1452 2356 1505 2403 et
1576 2347 1650 2401 ita
1722 2348 1832 2403 Deo

248 2441 535 2495 miserante
616 2441 800 2507 ﬁeret,
876 2434 995 2495 nisi
1072 2440 1362 2496 commotio
1458 2438 1831 2503 inimicorum,

244 2533 379 2587 sicut
432 2533 636 2599 nostis,
695 2532 1078 2601 praepedisset.
1168 2531 1274 2587 Sed
1335 2530 1461 2601 quia
1518 2537 1646 2586 tunc
1715 2529 1833 2584 ﬁeri

248 2639 352 2679 non
422 2624 597 2694 potuit
668 2624 816 2678 iuxta
890 2624 1221 2679 voluntatem
1294 2631 1567 2687 nostram,
1654 2622 1833 2676 visum

249 2717 400 2772 nobis
481 2716 580 2772 fuit
660 2732 917 2788 praesens
997 2717 1257 2787 placitum
1350 2732 1475 2771 cum
1567 2715 1835 2784 aliquibus

251 2821 321 2861 ex
376 2806 617 2862 ﬁdelibus
678 2807 880 2862 nostris
938 2806 1170 2873 liahere,
1259 2814 1314 2861 et
1372 2807 1426 2860 in
1499 2821 1565 2860 eo
1624 2806 1689 2861 de
1749 2804 1835 2861 his

256 2912 395 2966 quae
477 2904 696 2967 propter
786 2897 1121 2966 praedictum
1212 2898 1656 2967 impedimentum
1749 2910 1835 2950 re-

266 2995 591 3049 manserunt,
671 2988 902 3058 qualiter
984 2989 1052 3043 ad
1134 2987 1386 3043 aﬁ'ectum
1455 2987 1830 3056 pervenirent,

266 3080 485 3137 Domino
608 3083 889 3138 adiuvante
1018 3080 1382 3137 considerare.
1496 3078 1834 3149 Quapropter

258 3187 414 3227 nosse
503 3174 745 3230 volumus
835 3173 1111 3230 solertiam
1201 3179 1467 3236 vestram,

252 3264 356 3319 isto
432 3268 703 3335 praesenti
786 3267 986 3337 placito
1067 3281 1195 3333 cum,
1276 3264 1525 3320 ﬁdelibus
1633 3264 1836 3319 nostris

252 3356 751 3424 consideravimus,
853 3365 914 3413 ut
1012 3357 1189 3425 primo
1279 3355 1522 3411 omnium
1624 3353 1838 3408 archie-

249 3449 452 3519 pisc0pi
538 3466 660 3505 cum
745 3450 857 3505 suis
930 3447 1289 3519 suil‘raganeis
1373 3448 1427 3502 in
1500 3448 1634 3505 locis
1713 3462 1843 3503 con-

249 3542 394 3609 gruis
490 3548 729 3612 tempore
802 3549 1113 3612 opportuno
1189 3540 1566 3606 convenirent,
1641 3546 1696 3594 et
1768 3531 1842 3593 ibi

249 3638 352 3685 tam
429 3633 498 3688 de
561 3648 658 3689 sua
728 3648 890 3689 uuam
967 3634 1033 3689 de
1102 3634 1342 3689 omnium
1416 3641 1659 3688 nostrum
1723 3649 1844 3688 cor-

248 3726 488 3781 rectione
590 3734 645 3782 et
742 3725 1116 3781 emendatione
1212 3725 1507 3781 secundum
1604 3725 1840 3780 divinam

246 3816 625 3872 auctoritatem
725 3816 1033 3887 quaerendo
1128 3815 1461 3879 invenirent,
1548 3821 1603 3869 et
1685 3814 1841 3869 nobis

245 3918 401 3979 atque
492 3908 740 3964 ﬁdelibus
820 3909 1019 3963 nostris
1102 3907 1397 3963 secundum
1481 3905 1839 3962 ministerium

245 4002 342 4057 sibi
461 4000 809 4057 commissum
919 4000 1317 4057 adnuntiarent.
1457 3997 1588 4064 Quis
1698 3997 1841 4052 enim

244 4107 348 4145 non
453 4091 648 4145 sentiat
730 4090 899 4144 Deum
992 4089 1194 4145 nostris
1280 4087 1615 4158 pravissimis
1710 4087 1842 4141 acti-

248 4183 344 4236 bu$
421 4196 549 4236 esse
619 4179 885 4237 oll'ensum
959 4187 1014 4234 et
1087 4180 1154 4235 ad
1227 4177 1561 4233 iracundiam
1646 4191 1841 4246 provo-

244 4284 463 4337 catum,
542 4289 665 4330 cum
738 4273 917 4327 videat
991 4279 1070 4328 tot
1141 4271 1295 4326 annis
1368 4268 1678 4325 multifariis
1748 4266 1843 4321 ﬁa-

243 4365 391 4435 gellis
467 4365 605 4419 iram
664 4364 805 4419 illius
866 4365 921 4418 in
980 4378 1145 4434 regno
1210 4363 1365 4419 nobis
1426 4363 1495 4417 ab
1557 4377 1623 4417 eo
1696 4376 1841 4418 com-

246 4459 409 4514 misso
493 4458 802 4525 desaevire,
874 4457 1122 4513 videlicet
1202 4456 1257 4510 in
1330 4454 1472 4509 fame
1547 4454 1835 4519 continua,

245 4548 296 4601 in
379 4547 720 4604 mortalitate
800 4549 1141 4611 animalium,
1230 4546 1284 4600 in
1366 4544 1670 4615 pestilentia
1741 4545 1837 4599 ho—
1867 4527 2197 4622 Dpossibile
2296 4549 2635 4610 invenirent,

245 4641 492 4706 minam,
567 4641 624 4695 in
698 4642 983 4697 sterilitate
1052 4656 1189 4711 pene
1272 4640 1514 4696 omnium
1586 4638 1834 4711 frugum,

247 4739 327 4798 et,
411 4740 481 4787 ut
567 4733 641 4787 ita
724 4734 979 4799 dixerim,
1064 4731 1444 4789 diversissimis
1527 4731 1837 4786 morborum

246 4824 501 4881 cladibus
594 4834 756 4895 atque
858 4825 1162 4897 ingentibus
1253 4823 1492 4894 penuriis
1582 4823 1836 4894 populum

248 4914 403 4970 istius
498 4916 650 4986 regni
732 4916 1111 4972 miserabiliter
1191 4923 1442 4970 vexatum
1530 4921 1584 4969 et
1674 4913 1841 4969 amic-

249 5014 393 5073 tum,
489 5016 652 5079 atque
722 5010 869 5065 omni
942 5008 1268 5065 abundantia
1356 5022 1536 5062 rerum
1609 5007 1840 5077 quodam

252 5099 414 5154 modo
508 5099 862 5155 exinanitum.
959 5097 1070 5153 Nec
1162 5098 1293 5153 illud
1348 5096 1547 5152 etiam
1630 5095 1841 5153 dubita-

252 5204 375 5243 mus
460 5203 531 5245 ex
609 5189 751 5246 iusta
834 5190 1069 5245 vindicta
1144 5188 1284 5245 illius
1356 5189 1603 5253 evenire,
1698 5190 1841 5258 quod

253 5267 418 5349 saepe
502 5280 753 5336 scandala
834 5294 931 5351 per
1016 5288 1273 5352 tyrannos
1356 5279 1411 5335 in
1496 5281 1600 5338 hoc
1670 5295 1839 5353 regno

1561 3174 1705 3241 quod
1777 3171 1833 3225 in
1860 3169 1909 3234 Ο
1940 3172 2196 3227 siderare.

1935 1890 2171 1945 maxime
2277 1888 2542 1946 oll‘ensum
2651 1889 2978 1944 haberemus
3086 1889 3243 1946 nobis
3351 1890 3524 1945 mani-

1935 1983 2172 2047 festare,
2245 1991 2301 2038 et
2372 1991 2431 2037 ut
2504 1983 2572 2037 ad
2648 1983 3040 2039 correctionem
3115 1989 3357 2038 nostram
3431 1998 3524 2038 nc-

1936 2073 2231 2129 cessariam
2317 2071 2674 2142 tranquillum
2758 2079 2969 2142 tempus
3055 2072 3212 2128 nobis
3287 2072 3524 2129 tribuere

1935 2166 2266 2237 dignaretur.
2416 2163 2770 2220 Volueramus
2898 2164 3164 2234 siquidem
3283 2172 3524 2234 tempore

1933 2272 2173 2328 congruo
2264 2258 2520 2327 placitum
2615 2263 2859 2311 nostrum
2952 2255 3206 2326 generale
3290 2256 3517 2318 habere,

1935 2358 1987 2406 et
2064 2352 2119 2405 in
2184 2352 2373 2405 eodem
2449 2349 2516 2404 de
2580 2347 2851 2404 communi
2926 2345 3262 2402 correctione
3328 2356 3519 2417 agere;

1934 2451 1989 2499 et
2042 2444 2135 2498 ita
2209 2443 2321 2498 Deo
2410 2443 2719 2518 miserante.
2784 2440 2969 2506 ﬁeret,
3054 2441 3159 2495 nisi
3233 2441 3525 2497 commotio

1935 2531 2307 2595 inimicorum,
2404 2531 2542 2586 sicut
2634 2530 2834 2595 nostis,
2932 2530 3316 2599 praepedissct.

1934 2624 2058 2693 quia
2145 2630 2273 2678 tunc
2346 2622 2462 2676 ﬁeri
2546 2637 2653 2676 non
2726 2621 2898 2691 potuit
2966 2621 3115 2674 iuxta
3195 2619 3523 2676 voluntatem

1935 2725 2205 2780 nostram,
2285 2715 2457 2770 visum
2543 2714 2698 2769 nobis
2769 2711 2871 2767 fuit
2939 2726 3197 2783 praesens
3267 2711 3525 2782 placitum

1911 2822 2059 2861 cum
2152 2805 2420 2876 aliquibus
2514 2820 2581 2860 ex
2655 2803 2903 2859 ﬁdelibus
3001 2803 3199 2858 nostris
3296 2805 3525 2869 habere,

1936 2903 1991 2951 et
2066 2895 2119 2949 in
2208 2909 2272 2950 eo
2355 2894 2422 2949 de
2502 2892 2588 2948 his
2670 2907 2808 2963 quae
2891 2901 3110 2963 propter
3190 2893 3526 2962 praedictum

1936 2988 2382 3058 impedimentum
2443 2992 2848 3052 remanserunt,
2946 2986 3178 3056 qualiter
3264 2988 3333 3043 ad
3452 2988 3530 3043 ef-

1935 3077 2134 3133 fectum
2228 3077 2607 3147 pervenirent,
2697 3077 2925 3132 Domino
3017 3077 3306 3132 adiuvante
3402 3092 3529 3133 con-

2318 3171 2654 3243 Quapropter
2760 3187 2922 3227 nosse
3019 3172 3266 3227 volumus
3359 3170 3528 3227 soler-

1942 3264 2073 3319 tiam
2147 3272 2399 3331 vestram,
2477 3266 2619 3335 quod
2692 3266 2746 3320 in
2811 3266 2916 3321 isto
2987 3267 3258 3336 praesenti
3330 3265 3527 3335 placito

1944 3373 2067 3412 cum
2141 3358 2389 3413 ﬁdelibus
2461 3358 2663 3413 nostris
2737 3358 3224 3423 consideravimus,
3300 3367 3359 3413 ut
3419 3358 3528 3429 pri-

1944 3466 2033 3505 mo
2118 3450 2360 3506 omnium
2449 3450 2837 3522 archiepiScopi
2922 3466 3043 3506 cum
3130 3452 3242 3506 suis
3338 3450 3529 3506 sull‘ra-

1943 3541 2127 3611 gancis
2210 3541 2264 3595 in
2349 3541 2480 3597 locis
2566 3542 2820 3614 congruis
2905 3550 3145 3613 tempore
3226 3550 3530 3612 opportuno

1944 3631 2326 3696 convenirent,
2413 3641 2465 3688 et
2550 3633 2622 3688 ibi
2707 3640 2815 3687 tam
2901 3635 2966 3689 de
3050 3649 3147 3688 sua
3231 3649 3391 3705 quam
3465 3635 3531 3689 de

1943 3731 2182 3785 omnium
2267 3737 2510 3784 nostrum
2595 3728 2931 3783 correctione
3014 3737 3068 3782 et
3154 3729 3530 3785 emendatione

1943 3817 2236 3871 secundum
2362 3815 2599 3870 divinam
2728 3815 3104 3870 auctoritatem
3223 3816 3530 3885 quaerendo

1944 3905 2283 3969 invenirent,
2369 3914 2423 3959 et
2509 3906 2664 3959 nobis
2746 3912 2906 3981 atque
2997 3904 3244 3960 ﬁdelibus
3328 3906 3529 3961 nostris

1943 3997 2235 4051 secundum
2332 3996 2689 4051 ministerium
2792 3996 2894 4052 sibi
2989 3997 3335 4051 commissum
3436 3998 3529 4051 ad-

1942 4087 2270 4142 nuntiarent.
2362 4088 2491 4142 Item
2591 4086 3078 4151 consideravimus,
3176 4093 3236 4141 ut
3333 4088 3528 4142 missos

1943 4184 2154 4232 nostros
2283 4190 2377 4246 per
2503 4176 2813 4232 universum
2948 4192 3174 4248 regnum
3282 4186 3525 4232 nostrum

1941 4270 2311 4337 mitteremus,
2387 4271 2479 4341 qui
2551 4271 2617 4325 de
2676 4270 2927 4325 omnibus
2998 4270 3177 4325 causis
3249 4284 3388 4342 quae
3438 4271 3529 4339 .ad

1943 4363 2335 4420 correctionem
2463 4365 2735 4434 pertinere
2866 4364 3213 4431 viderentur,
3325 4373 3528 4436 quanto

1939 4458 2239 4529 potuissent
2346 4458 2524 4515 studio
2631 4459 3000 4525 decertarent,
3112 4466 3167 4513 et
3274 4458 3528 4529 quicquid

2734 4549 3146 4618 praesentaliter
3219 4561 3245 4588 ε
3344 4555 3528 4603 nostra

1946 4641 2267 4698 auctoritate
2340 4640 2745 4710 corrigerent;'
2786 4650 2840 4695 et
2913 4641 2956 4695 si
3032 4640 3207 4711 aliqua
3304 4640 3530 4696 diﬁicul-

1947 4742 2029 4787 tas
2084 4733 2138 4786 in
2197 4731 2438 4801 qualibet
2499 4746 2557 4785 re
2617 4731 2698 4785 eis
2762 4730 3085 4795 obsisteret,
3154 4730 3222 4785 ad
3285 4736 3527 4790 nostram

1946 4824 2193 4878 notitiam
2303 4823 2511 4879 deferre
2621 4832 2892 4880 curarent.
3005 4824 3342 4894 Quapropter
3435 4840 3530 4880 vo—

1942 4914 2148 4977 lumus,
2233 4922 2293 4969 ut
2382 4929 2477 4969 vos
2562 4930 2778 4981 omnes,
2874 4924 3093 4985 propter
3186 4929 3527 4970 communem

1945 5005 2169 5061 salutem
2244 5013 2297 5060 et
2372 5006 2524 5077 regni
2604 5005 2863 5061 honorem
2940 5021 3003 5060 ac
3075 5005 3254 5076 populi
3327 5004 3501 5060 utilita

1943 5108 2076 5163 tem,
2175 5099 2487 5154 obedientes
2584 5107 2638 5153 et
2710 5098 2980 5153 adiutores
3075 5097 3255 5152 missis
3327 5096 3529 5154 nostris

1941 5192 1996 5245 in
2070 5191 2320 5247 omnibus
2392 5206 2491 5259 pro
2568 5190 2771 5246 viribus
2842 5202 2963 5245 esse
3034 5203 3140 5243 non
3201 5188 3524 5260 neglegatis;

1941 5284 2207 5353 simulque
2292 5283 2475 5339 sciatis
2563 5283 2633 5338 oh
2706 5283 2845 5337 hanc
2930 5296 3147 5338 causam
3223 5296 3321 5340 nos
3395 5280 3528 5337 velle

1485 5395 1874 5452 VARIANTES
1911 5396 2308 5454 LECTlONES.

334 5488 349 5517 '
387 5504 453 5542 ea:
494 5486 806 5555 Sirmondo;
843 5490 1026 5544 desunt
1062 5491 1115 5543 in
1154 5491 1305 5546 codd.
1340 5493 1594 5546 omnibus.

1696 5496 1715 5523 ²
1737 5492 1876 5548 deest
1904 5493 2041 5564 apud
2068 5492 2229 5550 Sirm.

2309 5492 2327 5523 ³
2351 5493 2664 5562 propitiarct
2694 5491 2753 5549 Si
2761 5506 2857 5545 rm.

1783 5602 2011 5659 NOTAE.

335 5727 359 5753 ει
400 5712 479 5769 ita
506 5710 782 5781 Baluzius;
814 5729 905 5783 per
932 5715 1227 5786 semetipsos
1261 5713 1422 5771 Sirm.

2719 1629 2945 1687 regnum
3045 1626 3290 1690 nostrum
3383 1619 3523 1674 cele—
3621 1616 3633 1622 ”

3416 2529 3626 2585 Sed.
