3992 6344
530 302 637 363 599

1352 301 1408 354 Β.
1452 300 1699 356 CAROLI
1741 299 1953 355 MAGNI
1993 298 2144 355 Ol’P.
2189 297 2368 353 PARS
2406 300 2445 354 1.
2489 299 2729 357 SECTIO
2766 300 2998 356 PRIMA.

3683 307 3789 364 600

528 417 850 480 exsurgunt,
942 411 1032 479 qui
1124 425 1310 480 pacem
1400 410 1580 480 populi
1674 410 1952 465 christiani
2046 417 2100 464 et
2127 411 2173 469 Α
2202 422 2301 475 per
2371 397 2606 479 singulas
2677 383 3064 468 hebdomadas.
3113 430 3223 469 uno
3294 415 3383 470 die
3455 416 3511 471 in
3583 418 3787 487 palatio

527 502 788 557 unitatem
827 500 1068 570 -imperii
1140 517 1235 555 sua
1306 502 1570 571 pravitate
1641 502 1886 556 nituntur
1965 502 2107 556 scin-

526 592 673 646 dere.
786 588 921 643 Nam
1017 598 1071 645 et
1170 590 1300 644 illud
1326 604 1340 633 ι
1410 590 1761 645 nihilominus
1867 590 2106 658 peccatis

522 682 724 737 nostris
796 682 1159 751 deputandum
1210 690 1323 747 est,
1396 682 1538 751 quod
1577 694 1603 723 α
1640 683 1842 737 inimici
1903 681 2105 737 Christi

525 773 762 829 nominis
866 775 1162 842 praeterito
1270 790 1414 830 anno
1522 776 1577 830 in
1670 775 1773 832 hoc
1880 790 2105 845 regnum

522 864 773 934 ingressi,
848 864 1317 932 depraedationes,
1402 864 1651 920 incendia
1722 866 2098 930 ecclesiarum,

521 960 575 1006 et
647 953 1035 1022 captivationes
1120 954 1570 1019 christianorum,
1652 963 1707 1011 et
1776 956 2105 1011 interfectio-

524 1058 622 1099 nes
681 1060 965 1101 servorum
1022 1045 1120 1101 Dei
1191 1048 1453 1102 audenter
1520 1056 1576 1103 ct
1632 1048 1878 1119 impune,
1941 1050 2104 1105 immo

520 1133 844 1201 crudeliter,
944 1134 1204 1191 fecerunt.
1315 1136 1507 1208 Agitur
1601 1139 1862 1208 siquidem
1960 1141 2104 1198 iusto

519 1222 718 1278 iudicio
776 1225 907 1288 Dei,
982 1233 1042 1281 ut
1114 1223 1240 1295 quia
1315 1227 1369 1281 in
1433 1229 1641 1284 cunctis
1713 1229 2100 1299 delinquimus,

518 1315 747 1372 interius
819 1317 981 1373 simul
1063 1326 1120 1372 et
1193 1318 1431 1375 exterius
1502 1320 1852 1392 ﬂagellemur.
1935 1322 2105 1377 Bene-

520 1406 662 1462 ﬁciis
734 1408 932 1478 quippe
1005 1409 1101 1463 Dei
1173 1409 1448 1465 evidenter
1520 1411 1803 1467 existimus
1875 1412 2098 1484 ingrati,

516 1496 776 1566 quoniam
834 1497 919 1553 his
992 1513 1099 1554 non
1163 1501 1230 1555 ad
1300 1500 1629 1556 voluntatem
1667 1502 1794 1568 Dei,
1870 1503 1965 1559 sed
2036 1505 2105 1560 ad

515 1585 728 1641 libitum
846 1596 1094 1644 nostrum
1214 1591 1487 1646 carnalem
1593 1592 1675 1647 uti
1780 1594 2100 1652 invenimur.

514 1673 587 1728 Et
667 1670 871 1732 idcirco
953 1679 1148 1737 merito
1222 1690 1503 1739 creaturae
1576 1684 1672 1740 Dei
1743 1686 1900 1743 nobis
1971 1689 2106 1744 divi-

514 1768 663 1824 nitus
736 1785 1065 1839 concessae,
1138 1789 1239 1844 pro
1310 1775 1423 1832 Deo
1494 1784 1683 1833 contra
1755 1795 1855 1835 nos
1925 1779 2105 1852 ingra-
2139 1764 2183 1824 Β
2206 1778 2514 1846 praeparati
2611 1795 2735 1835 cum
2833 1780 3017 1850 equis,

511 1865 600 1913 tos
668 1870 929 1931 pugnant,
1005 1864 1154 1919 iuxta
1227 1866 1358 1923 illud
1427 1885 1439 1920 :
1508 1867 1773 1941 Pugnabit
1858 1887 1953 1940 pro
2042 1889 2101 1926 eo

516 1948 657 2003 orbis
789 1959 1051 2007 terrarum
1167 1965 1350 2011 contra
1467 1959 1778 2015 insensatos.
1834 2022 1837 2025 _
1901 1962 2100 2017 Verum

514 2039 641 2108 quia
725 2047 810 2096 tot
890 2045 1066 2100 modis
1148 2062 1407 2103 vexamur
1496 2057 1657 2120 atque
1744 2051 2096 2121 percutimur,

513 2130 583 2184 ad
640 2145 766 2189 eum
832 2150 863 2189 a
893 2150 1027 2205 .quo
1088 2139 1423 2206 percutimur
1486 2148 1600 2198 toto
1665 2144 1828 2200 corde
1882 2144 2102 2216 dignum

511 2226 985 2297 necessariumque
1081 2237 1166 2284 est
1236 2239 1297 2287 ut
1380 2241 1746 2301 revertamur,
1836 2245 2103 2306 quatenus

511 2309 643 2411 illud
736 2316 1111 2411 propheticum
1207 2320 1263 2375 in
1362 2323 1520 2379 nobis
1616 2324 1904 2395 impleatur
1994 2342 2103 2411 qu_o

2206 505 2392 553 nostro
2476 500 2544 554 ad
2629 516 2820 555 causas
2902 502 3195 558 audiendas
3276 506 3482 570 sedere,
3560 516 3618 561 ut
3692 524 3791 578 per

2205 587 2349 643 hunc
2415 596 2507 643 aut
2580 589 2732 645 illum
2803 592 3056 647 comitem
3127 600 3184 648 et
3254 596 3591 663 providentia
3666 600 3788 653 mis-

2204 691 2394 732 sorum
2483 688 2538 733 et
2612 680 2936 737 .obedientia
3028 683 3211 753 populi
3313 685 3469 741 nobis
3564 688 3788 756 manife-

2204 770 2341 825 stius
2411 779 2684 841 appareat.
2758 773 2826 828 Et
2890 781 2953 828 ut
3017 776 3154 831 haec
3222 777 3427 836 omniai
3476 793 3783 835 successum

2203 861 2469 927 habeant,
2542 863 2791 921 volumus
2861 872 2923 920 ut
2994 867 3246 938 generale
3328 870 3645 926 triduanum
3714 872 3787 927 ie-

2204 951 2410 1006 iunium
2494 955 2729 1010 secunda
2813 953 2949 1011 feria
3029 965 3153 1026 post
3233 960 3454 1014 octabas
3534 969 3787 1030 penteco-

2204 1051 2324 1098 sten
2417 1044 2798 1102 celebrandum
2892 1048 3191 1116 indicetur,
3299 1057 3356 1105 et
3464 1052 3786 1121 generaliter

2203 1135 2271 1189 ab
2365 1135 2617 1218 omnibus
2713 1152 2837 1193 cum
2933 1154 3143 1195 summa
3238 1141 3527 1197 devotione
3606 1144 3786 1198 obser-

2202 1230 2376 1279 vetur.
2489 1224 2559 1280 Et
2653 1226 2780 1296 quia
2879 1228 3116 1298 undique
3216 1230 3468 1286 inimicos
3575 1240 3787 1287 sanctae

2203 1315 2298 1371 Dei
2374 1316 2635 1372 ecclesiae
2718 1320 3091 1387 commoveri,
3156 1329 3211 1376 et
3284 1338 3516 1394 regnum
3587 1339 3623 1378 a
3684 1325 3784 1381 Deo

2203 1409 2359 1464 nobis
2464 1411 2812 1467 commissum
2920 1412 3178 1470 infestare
3263 1415 3403 1471 velle
3513 1417 3785 1486 cognosci-

2204 1517 2354 1569 mus,
2427 1504 2789 1574 praecipimus
2874 1514 3039 1577 atque
3112 1507 3389 1575 iubemus,
3465 1516 3528 1563 ut
3603 1524 3781 1564 omnes

2202 1591 2453 1649 homines
2540 1608 2639 1664 per
2730 1602 2905 1651 totum
2993 1610 3220 1667 regnum
3317 1606 3567 1654 nostrum
3587 1638 3604 1661 ,
3703 1599 3783 1667 qui

2204 1684 2511 1741 exercitalis
2598 1686 2808 1742 itineris
2896 1687 3169 1743 debitores
3242 1696 3397 1753 sunt,
3472 1689 3618 1744 bene
3688 1688 3783 1742 sint

3127 1780 3323 1848 armis,
3424 1780 3777 1841 vestimentis,

2208 1868 2410 1933 carris,
2505 1876 2561 1925 et
2644 1870 3001 1936 victualibus;
3088 1878 3149 1926 ut
3231 1885 3575 1940 quocumque
3664 1877 3782 1925 tem-

2205 1974 2336 2030 pore
2426 1960 2508 2016 eis
2579 1976 2611 2015 a
2701 1962 2856 2017 nobis
2942 1962 3315 2019 denuntiatum
3398 1961 3595 2027 fuerit,
3681 1960 3783 2015 sine

2206 2049 2315 2106 ulla
2387 2066 2539 2107 mora
2611 2051 2792 2117 exire,
2868 2061 2923 2108 et
2994 2052 3052 2106 in
3113 2067 3516 2122 quamcumque
3588 2059 3781 2121 partem

2207 2144 2506 2199 necessitas
2612 2143 2991 2214 postulaverit,
3102 2157 3325 2213 pergere
3414 2142 3659 2212 possint,
3736 2148 3782 2195 et

2208 2237 2415 2293 tamdiu
2496 2237 2572 2293 ibi
2652 2252 2772 2294 esse
2855 2237 3111 2307 quamdiu
3193 2234 3491 2291 necessitas
3560 2232 3784 2304 postula-

2210 2329 2371 2384 verit.

512 2400 707 2457 dicitur
734 2420 746 2456 :
774 2403 904 2461 Sola
937 2407 1140 2462 vexatio
1183 2408 1505 2465 intellectum
1539 2411 1687 2466 dabit
1733 2413 1962 2469 auditui.
2012 2400 2118 2472 Sed
2169 2418 2294 2487 quia
2335 2418 2456 2488 pius
2500 2427 2554 2475 et
2592 2419 2830 2476 clemens
2863 2418 3123 2474 Dominus
3174 2418 3255 2474 sic
3298 2417 3476 2487 ipsum
3527 2413 3778 2487 flagellum

511 2493 838 2563 moderatur,
876 2505 937 2551 ut
988 2512 1100 2553 non
1149 2497 1218 2553 ad
1274 2499 1584 2567 interitum,
1636 2503 1732 2558 sed
1776 2503 1958 2572 potius
2008 2505 2077 2561 ad
2121 2507 2510 2563 correctionem
2562 2516 2805 2565 nostram
2857 2506 3059 2563 inferre
3103 2507 3372 2573 videatur,
3427 2507 3681 2562 debemus
3731 2502 3779 2557 in

512 2596 807 2655 conspectu
850 2589 970 2643 eius
1013 2589 1280 2647 veraciter
1330 2593 1636 2660 humiliari,
1672 2600 1727 2648 et
1765 2594 1959 2650 faciem
2008 2597 2150 2653 illius
2193 2598 2249 2654 in
2287 2600 2624 2657 confessione
2666 2614 3010 2672 praevenire,
3053 2602 3276 2672 eiusque
3316 2602 3576 2672 pietatem
3607 2597 3778 2669 pronis

514 2675 787 2731 mentibus
825 2692 1088 2746 exorare;
1133 2686 1195 2735 ut
1227 2680 1321 2749 qui
1353 2680 1482 2737 fecit
1516 2697 1616 2738 nos
1652 2682 1948 2739 iustissima
1982 2685 2381 2756 diSpensatione
2413 2688 2623 2762 ﬂagella
2660 2691 2891 2756 sentire,
2932 2690 3095 2747 faciat
3138 2692 3294 2747 nobis
3321 2698 3544 2761 peccata
3580 2696 3771 2756 nostra,

513 2777 611 2833 pro
654 2765 850 2833 quibus
902 2767 1040 2822 iuste
1079 2769 1148 2824 ab
1193 2784 1258 2825 eo
1300 2768 1661 2841 ﬂagellamur,
1714 2788 2071 2843 cognoscere,
2118 2783 2174 2831 et
2215 2777 2270 2832 in
2288 2780 2501 2849 “quibus
2544 2782 2780 2836 maxime
2814 2782 2973 2837 illum
3011 2782 3354 2848 offendimus,
3392 2789 3448 2838 et
3480 2782 3606 2836 iram
3640 2778 3769 2833 illius

514 2856 952 2924 provocavimus,
1002 2858 1342 2917 manifestius
1390 2859 1721 2933 intelligere,
1775 2870 1834 2918 ut
1877 2870 2033 2933 post,
2084 2880 2150 2921 eo
2197 2866 2520 2935 miserante,
2571 2884 2740 2939 prava
2790 2870 3084 2926 deserendo
3140 2879 3196 2926 et
3239 2869 3585 2941 corrigendo,
3638 2867 3773 2921 bona

514 2944 680 3000 etiam
741 2949 998 3003 sectando
1058 2956 1114 3005 et
1173 2956 1285 3005 tota
1343 2966 1467 3006 cum
1513 2951 1797 3008 devotione
1854 2953 2233 3023 exsequendo,
2291 2955 2567 3011 valeamus
2623 2972 2720 3027 per
2773 2956 3022 3027 spiritum
3077 2958 3395 3013 humilitatis
3450 2965 3506 3012 et
3561 2954 3780 3010 animum

514 3037 806 3092 contritam
850 3039 1177 3096 sacriﬁcium
1216 3041 1328 3096 Deo
1371 3041 1610 3096 debitum
1663 3041 1893 3108 offerre,
1970 3043 2215 3114 iramque
2265 3044 2410 3100 illius
2466 3029 2850 3118 indignationis
2886 3046 3137 3112 evadere,
3177 3055 3232 3102 et
3272 3062 3370 3118 per
3418 3047 3637 3118 dignam
3669 3058 3781 3099 con-

512 3142 809 3201 gruamque
853 3132 1244 3190 correctionem
1264 3174 1279 3200 ,
1330 3140 1386 3188 et
1419 3134 1685 3189 bonorum
1737 3126 1965 3203 operum
2024 3135 2447 3201 exhibitionem,
2488 3137 2719 3209 gratiam
2768 3137 2886 3192 eius
2921 3137 3350 3207 propitiationis,
3390 3137 3518 3193 licet
3572 3132 3779 3204 indigni.

514 3224 832 3292 promereri.
881 3224 954 3280 At
997 3226 1125 3295 quia
1158 3240 1259 3282 nos
1290 3225 1464 3297 magis
1502 3225 1559 3280 in
1597 3225 1702 3281 hoc
1727 3240 1985 3296 peccasse
2014 3228 2418 3298 cognoscimus,
2461 3228 2553 3298 qui
2595 3226 2768 3284 forma
2806 3228 2996 3284 salutis
3032 3228 3442 3306 omnibusesse
3478 3228 3777 3289 debuimus,

513 3322 567 3372 et
612 3317 857 3375 omnium
895 3334 1087 3374 curam
1132 3332 1352 3390 gerere,
1400 3325 1455 3373 et
1500 3334 1599 3392 per
1650 3318 2030 3374 auctoritatem
2078 3319 2411 3389 imperialem
2459 3334 2753 3389 pravorum
2804 3328 2964 3385 acta,
3024 3334 3093 3374 ne
3138 3327 3349 3374 tantum
3398 3320 3776 3379 adcrescerent,

514 3410 823 3481 corrigere,
891 3411 1173 3483 cupimus,
1219 3410 1449 3465 Domino
1498 3409 1654 3479 nobis
1706 3409 1941 3481 propitio
1955 3450 1975 3475 ,Α
2033 3409 2087 3467 in
2140 3417 2431 3481 conspectu
2472 3408 2695 3480 pietatis
2753 3408 2898 3464 illius
2956 3423 3057 3481 per
3110 3408 3330 3479 dignam
3377 3408 3782 3465 satisfactionem

515 3504 733 3559 veniam
786 3502 1042 3572 adipisci,
1095 3512 1151 3557 et
1205 3516 1306 3574 per
1359 3501 1773 3557 saluberrimam
1828 3502 2253 3569 correctionem,
2313 3512 2396 3558 vel
2449 3516 2548 3571 per
2602 3502 2807 3558 bonum
2859 3498 3127 3566 studium,
3170 3500 3316 3572 quod
3367 3510 3557 3556 nostra
3589 3501 3780 3558 desidia

521 3608 577 3653 et
625 3596 932 3668 ignorantia
972 3595 1233 3651 hactenus
1279 3592 1584 3663 neglectum
1639 3600 1756 3659 est,
1784 3578 1787 3581 ’
1819 3592 2069 3650 consultu
2118 3593 2355 3650 ﬁdelium
2395 3602 2636 3673 tempore
2666 3598 3014 3671 popportuno‘,
3072 3599 3337 3661 quantum
3391 3591 3449 3649 in
3504 3592 3667 3649 nobis
3698 3599 3783 3657 est,

521 3690 917 3749 stutlosissime
942 3689 1253 3755 emendare,
1283 3695 1338 3743 et
1371 3695 1613 3742 nostram
1651 3686 1706 3741 in
1744 3686 1848 3742 hoc
1874 3686 2205 3743 voluntatem
2243 3687 2491 3743 omnibus
2528 3684 2867 3742 manifestam
2906 3684 3102 3741 facere.
3135 3684 3478 3756 Quapropter
3513 3687 3785 3742 statuimus

522 3793 686 3854 atque
716 3780 1079 3839 .decrevinus
1126 3796 1251 3836 cum
1300 3779 1550 3835 consultu
1599 3780 1941 3835 sacerdotum
1996 3787 2443 3851 caeterorumque
2488 3779 2728 3836 ﬁdelium
2774 3788 3118 3845 nostrorum,
3167 3780 3330 3835 huius
3368 3780 3447 3835 rei
3485 3780 3691 3850 gratia,
3727 3778 3783 3833 ob

515 3876 841 3946 placandum
878 3873 1082 3929 scilicet
1119 3880 1310 3929 contra
1347 3886 1448 3926 nos
1482 3872 1747 3941 nobisque
1784 3865 2055 3927 subiectos
2091 3872 2305 3946 Domini
2343 3870 2595 3936 furorem,
2640 3879 2938 3927 conventus
2990 3872 3287 3927 eorundem
3325 3871 3703 3941 episcoporum
3742 3869 3786 3924 in

515 3976 749 4039 quatuor
796 3965 1008 4037 imperii
1053 3964 1225 4020 nostri
1262 3963 1396 4019 locis
1433 3962 1919 4032 congruentissime
1955 3962 2092 4017 ﬁeri.
2134 3962 2318 4019 Primo
2355 3963 2561 4018 scilicet
2596 3962 2651 4017 in
2689 3961 3115 4036 Moguntiacensi
3151 3964 3302 4026 urbe,
3348 3963 3438 4017 ubi
3479 3963 3788 4019 conveniant

516 4057 906 4129 archiepiscopi
961 4054 1282 4128 Autgarius,
1325 4054 1700 4121 Hadabaldus,
1762 4054 1953 4120 Hethi,
1994 4054 2329 4122 Bernuinus,
2388 4070 2512 4111 cum
2563 4053 2920 4126 sull‘raganeis
2974 4056 3107 4111 suis.
3151 4055 3400 4112 Secundo
3459 4072 3682 4126 quoque
3740 4055 3784 4109 i:

516 4150 851 4207 Parisiorum
888 4149 1041 4213 urbe,
1080 4147 1175 4203 ubi
1212 4145 1428 4202 futurus
1465 4146 1692 4203 antistes
1731 4145 2053 4214 Senonicus,
2087 4153 2142 4201 et
2171 4146 2343 4214 Ebbo,
2374 4148 2747 4216 Ragnoardus,
2786 4154 2842 4202 et
2870 4147 3248 4202 Landramnus
3285 4162 3407 4202 cum
3446 4146 3788 4218 sull‘raganeis

522 4243 636 4300 suis
666 4242 1007 4298 conveniant.
1044 4240 1229 4295 Tertio
1263 4252 1393 4295 vero
1429 4240 1570 4308 apud
1596 4238 1936 4311 Lugdunum,
1978 4239 2071 4296 ubi
2100 4236 2435 4312 Agobardus,
2470 4240 2789 4306 Bernardus,
2819 4239 3122 4305 Andraeas,
3160 4238 3515 4304 Benedictus,
3542 4239 3790 4310 Agericus

521 4320 648 4392 cum
695 4333 1047 4405 suﬁ'raganeis
1082 4334 1194 4389 suis
1241 4332 1490 4390 similiter
1534 4333 1876 4389 conveniant.
1928 4332 2133 4401 Quarto
2181 4334 2348 4390 etiam
2397 4337 2539 4404 apud
2575 4335 2827 4401 Tolosam
2864 4336 3084 4398 urbem,
3128 4348 3237 4402 quo
3274 4331 3439 4388 simul
3475 4330 3788 4398 conveniant

520 4428 728 4493 Notho,
769 4426 1242 4493 Bartholomaeus,
1285 4426 1631 4494 Adalelmus,
1670 4427 1916 4498 Agiulfus
1977 4443 2101 4485 cum
2152 4428 2506 4501 sullraganeis
2561 4430 2694 4485 suis.
2758 4431 2815 4485 In
2872 4430 3069 4501 quibus
3123 4426 3482 4491 conventibus
3530 4434 3784 4483 tractare.

519 4533 800 4592 quaerere,
841 4525 897 4573 et
939 4533 1065 4572 cum
1101 4518 1196 4574 Dei
1235 4517 1502 4575 adiutorio
1555 4518 1797 4575 invenire
1845 4521 2040 4576 debent
2083 4520 2149 4576 de
2197 4520 2375 4576 causis
2423 4520 2490 4575 ad
2537 4519 2851 4591 religionem
2899 4518 3251 4576 christianam
3289 4522 3345 4570 et
3379 4530 3568 4570 eorum
3614 4527 3789 4583 curant

516 4608 950 4682 pertinentibus,
1003 4607 1132 4677 quid
1186 4623 1217 4663 a
1251 4598 1587 4680 principibus
1639 4616 1694 4664 et
1752 4609 1958 4680 reliquo
2000 4608 2230 4681 po'pulo,
2292 4610 2378 4666 vel
2437 4612 2516 4665 ita
2573 4617 2630 4666 ut
2677 4610 2859 4667 divina
2918 4610 3215 4665 auctoritas
3271 4606 3430 4661 docet
3487 4614 3582 4660 aut
3649 4604 3790 4659 aliter

519 4709 787 4768 teneatur,
841 4702 925 4758 vel
971 4702 1102 4772 quid
1150 4703 1274 4760 inde
1320 4718 1388 4759 ex
1438 4712 1592 4772 parte
1638 4705 1723 4760 vel
1769 4720 1836 4760 ex
1884 4710 1996 4758 toto
2047 4702 2327 4759 dimissum
2376 4703 2451 4757 sit
2487 4709 2548 4756 ut
2584 4717 2690 4756 non
2732 4708 2998 4757 teneatur.
3060 4700 3263 4755 Deinde
3299 4698 3434 4771 quid,
3467 4698 3520 4752 in
3561 4700 3786 4767 ipsorum

519 4793 613 4863 qui
663 4803 911 4863 pastores
958 4795 1142 4865 populi
1192 4794 1473 4851 constituti
1523 4804 1651 4850 sunt
1697 4795 1973 4859 moribus,
2031 4796 2474 4859 conversatione,
2529 4802 2584 4848 et
2630 4795 2839 4849 actibus
2896 4794 3131 4851 inveniri
3178 4792 3352 4862 possit
3400 4790 3547 4860 quod
3585 4788 3786 4844 divinae

519 4885 742 4956 regulae
796 4896 960 4955 atque
1010 4885 1321 4943 auctoritati
1366 4901 1475 4941 non
1528 4886 1853 4949 concordet,
1904 4884 2174 4953 simulque
2230 4885 2542 4949 inveniant,
2591 4899 2731 4954 quae
2775 4884 3089 4939 occasiones
3148 4883 3206 4937 in
3255 4889 3487 4951 utroque
3523 4879 3711 4935 ordine
3743 4875 3789 4929 id

521 4971 831 5038 effecerint,
866 4981 927 5031 ut
962 4990 992 5028 a
1030 4983 1183 5029 recto
1215 4973 1432 5029 tramite
1470 4973 1743 5029 deviatum
1782 4973 1873 5029 sit.
1914 4972 1984 5028 Et
2022 4974 2280 5043 quicquid
2315 4975 2380 5029 de
2416 4975 2502 5029 his
2534 4974 2713 5029 causis
2752 4972 3028 5029 inventum
3070 4973 3261 5039 fuerit,
3301 4981 3411 5027 tam
3446 4971 3636 5027 solerti
3671 4980 3785 5024 cura

521 5058 879 5133 custodiatur,
927 5074 987 5122 nt
1021 5066 1327 5125 nullatenus
1369 5066 1437 5121 ad
1474 5064 1703 5120 aliorum
1744 5064 1994 5120 notitiam
2032 5064 2318 5134 pervenire
2364 5064 2680 5133 permittant
2716 5070 2841 5118 ante
2891 5071 3104 5132 tempus
3140 5060 3520 5118 constitutum.
3577 5058 3646 5112 Et
3682 5056 3788 5111 ideo

523 5175 668 5216 unus
704 5161 950 5217 notarius
986 5160 1126 5216 inter
1162 5174 1353 5214 omnes
1388 5157 1637 5229 eligatur,
1674 5156 1765 5226 qui
1801 5157 1947 5227 quod
1984 5156 2088 5226 ipsi
2124 5156 2427 5213 invenerint
2447 5155 2739 5222 describat,
2763 5162 2818 5213 et
2851 5158 2964 5225 ipse
2999 5154 3100 5211 sub
3138 5154 3439 5211 iuramento
3472 5148 3788 5206 constrictus

529 5267 593 5308 ea
632 5267 772 5322 quae
807 5253 1024 5307 inventa
1061 5258 1115 5306 et
1152 5250 1359 5321 digesta
1396 5248 1598 5305 fuerint
1618 5247 1908 5313 diligenter
1944 5240 2281 5320 fideliterque
2315 5255 2617 5304 conservet.

2020 5362 2253 5419 NOTAE.

599 5472 626 5499 ιι
669 5476 688 5509 ‹
724 5470 1000 5532 mzonorn,
1042 5459 1215 5527 inquit
1252 5457 1560 5532 geldastus,
1601 5455 1796 5532 innuit,
1835 5454 1925 5524 qui
1950 5453 2109 5509 Sara-
2133 5455 2181 5527 ο
2211 5469 2316 5532 non
2353 5461 2538 5532 potest
2572 5465 2864 5532 essevera.
2896 5448 3079 5532 satius
3104 5456 3190 5505 est
3226 5449 3328 5532 ista
3364 5442 3708 5532 interpretati
3722 5441 3790 5532 fle

528 5543 785 5585 cenorum
813 5518 1232 5603 copiis-regnum
1257 5518 1586 5591 Francorum
1608 5518 1892 5596 populatus
1919 5532 2098 5603 erat.)
2139 5518 2179 5527 τ
2216 5518 2548 5603 Bulgaris_et
2575 5522 2756 5603 Danis,
2788 5521 3028 5603 quosnin
3052 5535 3277 5603 regnum
3302 5518 3574 5603 Ludovici.

530 5599 750 5653 Atzonis
785 5588 1013 5653 defectio
1043 5588 1098 5653 et
1132 5600 1357 5668 irruptio
1396 5601 1451 5654 in
1493 5588 1713 5668 regnum
1742 5612 1864 5674 cum
1892 5596 2111 5674 au_.‘_;il_iis
2215 5588 2447 5674 sosrvesse
2469 5593 2737 5648 hostiliter
2763 5588 3031 5674 antio_§28
3056 5588 3344 5674 etialiquas
3367 5588 3680 5674 vi'llasigne

534 5652 926 5724 Saracenorum
954 5652 1347 5739 contigitanno
1370 5652 1473 5724 8‘26
1498 5652 1839 5739 elusequcnli,
1870 5674 1929 5739 ut
1952 5666 2108 5739 Egin-
2209 5664 2355 5739 j_ccto
2385 5678 2759 5721 concremasse
2795 5663 2961 5718 tradit
3004 5670 3195 5717 auctor
3226 5652 3363 5715 Vitae
3405 5652 3662 5713 Ludovici
3692 5652 3784 5708 Pii.

535 5739 735 5795 harzlns
779 5739 939 5794 tradit
987 5740 1039 5793 in
1084 5736 1396 5799 Annalibus.
1449 5741 1631 5794 Itaque
1659 5736 1901 5792 Goldasti
1930 5736 2110 5806 opinio
2217 5736 2414 5791 ΒΑιυῑ.
