3992 6344
152 316 245 373 601

471 313 699 372 CODEX
738 308 1333 371 DlPLOMATlCUS.—'
1357 310 1677 370 LUDOV’lCl
1715 312 1734 366 l
1773 308 1858 366 ET
1899 285 2223 369 LOTliARII
2260 312 2931 373 C.\PlTULARlA.—~Ax.
2961 315 3086 374 829.

3313 315 3420 371 602

788 547 1462 611 CONSTITUTIONES
1508 546 2149 609 WORMATIENSES
2195 548 2339 627 (An.
2376 549 2521 629 829,
2558 552 2772 632 Aug.).

1046 738 1525 795 EPISCOPORUM
1559 738 1857 795 RELATIO
1891 738 1987 794 AD
2022 734 2543 795 IMPERATOREM.

221 835 595 894 Conventibus
616 840 845 903 quatuor
874 830 1247 903 episcoporum
1281 845 1465 885 mense
1489 828 1649 903 Juni‘o
1681 829 1901 903 habitis,
1928 830 2352 903 etactiseorum
2384 842 2446 881 ex
2473 828 2687 882 decreto
2711 827 3052 898 imperatoris
3085 827 3427 903 conscriptis,

155 923 338 965 mense
363 906 614 977 Augusto
635 899 1249 977 generalis’Wormatia;
1278 910 1576 956 conventus
1609 900 1952 977 habitusest.
1981 900 2061 977 lbi
2085 900 2320 977 primum
2355 905 2475 977 acta
2507 906 2736 977 quatuor
2774 906 3133 954 conventuum
3176 899 3235 977 in_
3260 916 3428 955 unum

157 980 373 1035 redacta
392 967 563 1047 atque
588 967 900 1047 imperatori
924 973 992 1027 ab
1019 971 1571 1047 episcopisAporrecta
1589 979 1735 1026 sunt.
1764 970 1925 1026 Liber
1962 967 2101 1047 satis
2113 969 2356 1041 prolixus
2388 975 2442 1021 et
2470 967 2759 1047 maximam
2790 977 3003 1047 partem
3033 983 3099 1047 εξ
3124 969 3270 1047 actis
3297 985 3429 1047 con-

157 1058 345 1104 ventus
387 1037 710 1101 Parisiensis
746 1042 1013 1112 hodieque
1049 1037 1416 1112 exstantibus,
1456 1042 1645 1098 ordine
1680 1047 1862 1095 tamen
1903 1037 2133 1112 penitus
2156 1047 2365 1112 mutato
2403 1039 2754 1112 compositus,
2790 1037 2880 1112 hic
2912 1037 3433 1112 beneﬁciocodicis

158 1119 387 1175 Gothani
420 1133 549 1171 saec.
586 1132 642 1168 xi
680 1115 854 1183 prima
892 1108 1010 1169 vice
1044 1113 1250 1182 integer
1272 1111 1471 1182 prodit,
1498 1127 1624 1183 cum
1658 1108 2054 1183 anteagno—nnisi
2083 1110 2351 1183 posterior
2373 1108 2506 1183 ejus
2544 1123 2670 1177 pars
2694 1112 2793 1164 sub
2834 1109 2990 1183 titulo
3020 1108 3325 1183 Additionis
3349 1124 3436 1164 se-
3536 1136 3546 1145 ν

158 1188 340 1245 ευικὶειι
363 1190 434 1241 ad
465 1178 737 1241 Benedicti
767 1185 933 1239 libros
950 1178 1326 1265 capitulariuni
1348 1183 1562 1265 vulgata
1581 1181 1791 1265 fuisset:
1815 1178 2225 1265 cauerunt—cum
2241 1180 2479 1265 plurima
2502 1189 2682 1265 essent
2704 1196 2823 1265 qua:
2849 1180 3083 1265 episcopi
3105 1178 3431 1265 ﬂagitarent,

158 1274 370 1330 parvam
406 1266 621 1330 tantum
645 1270 829 1309 eorum
846 1249 1056 1330 partem
1091 1262 1150 1330 ut
1176 1253 1411 1330 capitula
1434 1249 1584 1330 infra
1613 1253 1824 1330 edenda
1843 1252 2214 1330 demonstrant
2240 1249 2692 1330 impetraverunt;
2736 1251 2809 1330 ita
2852 1249 2911 1330 ut
2943 1250 3027 1330 vel
3062 1266 3202 1330 anno
3229 1249 3335 1330 855_
3374 1251 3433 1304 in

161 1318 421 1385 conventu
452 1318 876 1396 Aquisgranensi
904 1326 1071 1378 multa
1107 1318 1269 1394 hujus
1285 1324 1573 1396 petitionis
1602 1323 1784 1396 capita
1807 1322 2028 1396 'eisdern_
2047 1323 2225 1396 verbis
2248 1318 2465 1396 iterum
2500 1319 2845 1396 proponenda
2868 1318 3212 1396 iudicarent;
3242 1320 3337 1396 sed
3373 1334 3437 1396 ea

160 1412 366 1523 guoque
409 1388 537 1464 (ιιιεὲ
564 1388 671 1450 non
711 1397 1081 1459 obtinuerunt,
1127 1388 1329 1451 Ebonis
1354 1402 1467 1448 tum
1496 1388 1819 1448 Parisiensis
1844 1393 2030 1463 synodi
2053 1392 2315 1516 {praesidis
2351 1388 2844 1460 moxque'rebellis
2885 1390 3136 1445 factionis
3170 1388 3436 1461 signiferi,

204 1467 448 1523 zobardi.
482 1476 910 1523 eteterorumnue
935 1466 1307 1523 cnisconorum
1333 1465 1572 1519 animum
1595 1472 1648 1520 et
1681 1463 1904 1519 consilia
1925 1471 2050 1523 nate
2074 1464 2256 1518 aciunt
2284 1476 2333 1517 ιι.

2074 1479 2105 1517 a

203 1463 448 1539 gobardi,
482 1476 910 1535 eteterorumque
935 1466 1307 1541 episcoporum
1333 1465 1572 1519 animum
1595 1472 1648 1520 et
1681 1463 1904 1519 consilia
1925 1471 2050 1534 pate

361 1575 815 1637 RESCRIPTUM
851 1576 867 1606 ι
907 1574 1499 1631 CONSULTATIONIS

162 1686 268 1725 ειη
309 1665 717 1724 EIORTATIONIS
765 1682 1126 1721 EPISCOPOBUM
1174 1684 1242 1722 AD
1289 1683 1506 1723 DOHNUII
1552 1682 1752 1723 κωνο-

656 1752 1267 1804 ΜΕΠΙᾸἎΡΕΒΑΤΟΒΕΙ.

225 1851 458 1907 Domino
473 1849 501 1907 ι)
514 1847 981 1918 praestantissimo
1003 1854 1057 1902 et
1077 1847 1295 1917 pietatis
1318 1848 1489 1917 gratia
1508 1848 1753 1918 praedito

166 1941 475 1997 liludowico
497 1939 759 1995 ortodoxo
795 1944 957 2007 atque
981 1936 1337 1993 invictissimo
1359 1946 1607 2009 augusto.
1644 1937 1753 1994 Nos

165 2029 339 2084 famuli
372 2028 551 2083 vestri
577 2025 826 2096 quamvis
859 2025 1097 2096 indigni,
1144 2032 1328 2080 tamen
1358 2026 1614 2095 episcopi,
1643 2027 1754 2081 Deo

167 2121 431 2177 humiiter
495 2126 676 2189 grates
725 2117 1083 2188 persolvimus
1105 2158 1120 2182 ,
1177 2117 1403 2187 eiusque
1454 2118 1754 2173 inmensam

165 2215 415 2284 pietatem
448 2220 515 2269 et
542 2206 932 2282 benignitatem
968 2211 1357 2267 conlaudamus
1399 2219 1452 2267 et
1477 2213 1757 2282 praedica-

167 2318 295 2367 mus,
326 2303 424 2371 qui
452 2317 550 2356 vos
575 2302 710 2356 adeo
748 2300 804 2355 in
848 2300 930 2355 sui
970 2315 1212 2355 amorem
1248 2300 1652 2356 devotissimum
1677 2302 1756 2355 fa-

170 2394 360 2449 mulum
387 2410 553 2449 suum
576 2393 808 2463 flagrare
839 2391 988 2457 facit,
1012 2401 1072 2446 ut
1109 2393 1175 2448 de
1196 2392 1436 2463 profectu
1473 2401 1527 2449 et
1551 2394 1758 2449 exalta-

169 2485 305 2540 tione
336 2490 566 2539 sanctae
604 2497 737 2537 suae
777 2481 1039 2537 ecclesiae
1077 2483 1444 2543 indesinenter
1486 2485 1752 2553 cogitetis,

171 2589 389 2644 eamque
417 2580 608 2643 utpote
644 2580 876 2627 matrem
914 2571 1213 2642 spiritalem
1237 2614 1254 2640 ,
1301 2573 1442 2630 sicut
1490 2573 1665 2630 ﬁdelis
1705 2584 1759 2630 et

173 2666 389 2721 dlectus
407 2664 555 2719 ﬁlius
578 2662 859 2733 spiritalis,
883 2663 952 2718 ad
979 2663 1202 2718 meliora
1231 2671 1286 2718 et
1309 2664 1520 2734 potiora
1547 2678 1760 2734 semper

172 2757 461 2826 provehere
504 2753 788 2809 studeatis.
836 2751 974 2807 Nam
1019 2768 1143 2809 eum
1184 2769 1372 2809 mucro
1408 2754 1621 2810 divinus
1664 2754 1760 2810 im-

173 2864 382 2920 penum
400 2849 553 2907 vobis
576 2847 833 2903 divinitus
867 2846 1216 2902 commissum
1242 2846 1469 2903 interius
1495 2848 1760 2903 exterius-

2108 1464 2256 1518 ciunt
2284 1476 2333 1517 ι.

1712 1572 1716 1581 ’
1766 1578 1816 1638 Α
1843 1575 2011 1631 missa
2056 1584 2183 1631 sunt
2224 1574 2511 1645 diligenter
2550 1582 2819 1641 tractare,
2868 1574 3072 1645 Deique
3112 1575 3442 1631 voluntatem

1852 1681 2143 1736 quaerere,
2186 1673 2241 1721 et
2285 1665 2546 1721 ecclesiae
2589 1666 2742 1721 vobis
2791 1666 3114 1722 commissae
3156 1666 3442 1721 utilitatem

1850 1757 2155 1826 providere.
2184 1757 2523 1827 Quapropter
2554 1740 2698 1827 quae
2732 1757 2801 1812 ad
2832 1765 3043 1827 tempus
3067 1757 3447 1813 emendatione

1850 1848 2012 1919 digna
2036 1849 2149 1904 visa
2177 1857 2303 1904 sunt
2333 1865 2570 1922 congrua
2596 1849 2829 1919 capitula
2866 1850 3132 1905 serenitas
3163 1860 3342 1906 vestra
3367 1850 3450 1905 di—

1852 1939 2036 2010 gessit,
2064 1939 2376 2011 legatosque
2412 1949 2662 1996 strenuos
2695 1940 2991 2011 delegavit,
3034 1949 3094 1996 ut
3136 1958 3235 2013 per
3258 1943 3449 1997 eadem

1852 2029 2087 2099 capitula
2115 2037 2168 2084 et
2198 2028 2400 2099 ﬂagitia
2428 2030 2691 2085 malorum
2739 2032 3019 2086 hominum
3064 2032 3320 2100 punirent
3342 2073 3356 2097 ,
3394 2042 3451 2085 et

1853 2124 2117 2178 bonorum
2152 2122 2365 2177 laudem
2411 2130 2626 2178 vestrae
2670 2123 2976 2178 celsitudini
3023 2123 3446 2179 innotescerent.

1852 2198 1997 2266 Inter
2025 2227 2165 2282 quae
2199 2212 2361 2266 etiam
2386 2213 2670 2276 statuistis,
2707 2212 2762 2265 iri
2788 2220 3046 2281 quattuor
3075 2213 3322 2282 partibus
3347 2212 3451 2266 im-

1854 2309 1988 2378 perii
2035 2309 2198 2364 vestri
2242 2316 2538 2364 conventus
2572 2308 2946 2377 episcoporum
2996 2322 3106 2363 uno
3150 2307 3452 2377 eodemque

1856 2408 2096 2470 tempore
2122 2400 2257 2465 ﬁeri,
2284 2400 2338 2454 in
2361 2399 2557 2468 quibus
2579 2406 2892 2461 tractarent,
2919 2405 3263 2468 quaererent,
3287 2390 3452 2466 atque

1857 2502 1981 2544 cum
2007 2489 2105 2543 Dei
2136 2487 2402 2543 adiutorio
2428 2487 2734 2542 invenirent
2757 2488 2824 2543 de
2849 2487 3028 2541 causis
3050 2487 3119 2541 ad
3138 2486 3449 2555 religionem

1857 2580 2209 2637 christianam
2246 2572 2542 2648 eorumque
2576 2592 2762 2632 curam
2806 2576 3224 2647 pertinentibus,
3262 2575 3391 2644 quid
3421 2589 3454 2627 a

1858 2670 2192 2742 principibus
2215 2676 2270 2725 et
2296 2668 2504 2739 reliquo
2527 2668 2747 2738 populo,
2771 2659 2858 2721 vel
2884 2666 2958 2721 ita
2983 2674 3044 2720 ut
3066 2665 3245 2720 divina
3271 2670 3459 2718 aucto-

1858 2764 1995 2817 ritas
2029 2761 2203 2824 docet,
2250 2767 2345 2814 aut
2393 2759 2549 2815 aliter
2595 2766 2901 2822 teneretur,
2943 2755 3030 2811 vel
3065 2755 3195 2824 quid
3229 2754 3354 2808 inde
3391 2768 3459 2809 ex

1862 2858 2015 2922 parte
2050 2858 2144 2904 aut
2175 2865 2243 2905 ex
2275 2857 2389 2905 toto
2417 2848 2702 2904 dimissum
2730 2854 2873 2902 esset
2915 2853 2976 2900 ut
3010 2860 3118 2900 non
3150 2851 3458 2909 teneretur;

181 2956 288 3010 que
328 2940 517 2995 merito
551 2946 768 2995 nostrae
808 2938 1110 3009 iniquitatis
1150 2938 1459 2995 multifariis
1505 2948 1760 2996 attereret
1793 2938 1835 2998 B
1861 2944 2055 3000 deinde
2092 2943 2221 3013 quid
2250 2943 2304 2997 in
2332 2943 2573 3012 ipsorum
2619 2941 2712 3011 qui
2746 2947 2992 3010 pastores
3035 2937 3218 3008 populi
3255 2934 3461 2991 consti-

187 3030 423 3085 cladihus
466 3032 522 3095 ⁸,
565 3033 852 3100 prudenter
896 3030 1387 3086 animadvertentes
1441 3030 1584 3100 quod
1627 3031 1763 3087 haec

184 3122 395 3178 nonnisi
426 3122 563 3177 insto
595 3122 785 3177 iuditio
816 3121 914 3177 Dei
947 3122 1245 3189 evenirent,
1284 3123 1407 3177 ilico
1437 3122 1654 3191 scriptis
1679 3136 1764 3176 se-

180 3216 421 3271 renitatis
444 3224 651 3270 vestrae
673 3231 816 3270 anno
838 3215 1131 3284 praeterito
1150 3222 1374 3269 cunctos
1404 3214 1425 3245 ³
1452 3230 1486 3269 o
1506 3213 1763 3268 ecclesia-

177 3324 292 3363 rum
324 3316 574 3377 pastores
626 3306 983 3361 admonuistis
1007 3345 1022 3370 ,
1066 3311 1127 3359 ut
1173 3305 1298 3374 quia
1341 3305 1627 3360 constabat
1669 3318 1763 3359 eos

176 3400 540 3470 speculatores
573 3399 786 3454 Domini
808 3398 1042 3454 existere
1064 3406 1119 3451 et
1144 3398 1382 3468 gladium
1408 3398 1646 3453 divinum
1672 3412 1764 3453 su-

173 3503 265 3560 per
297 3497 523 3553 terram,
561 3487 617 3542 id
640 3496 724 3543 est
754 3503 914 3558 super
943 3494 1258 3557 peceatores
1283 3488 1472 3553 Deum,
1506 3488 1759 3549 crassari,

177 3575 513 3635 meminerint
539 3578 925 3649 speculationis
954 3592 1117 3643 suae,
1169 3585 1224 3633 et
1272 3578 1473 3633 ieiunio
1516 3579 1765 3634 triduano

175 3671 238 3726 ab
258 3673 514 3733 omnibus
543 3671 869 3743 generaliter
888 3678 1129 3743 peracto,
1158 3671 1530 3740 unusquisque
1554 3671 1607 3725 in
1630 3686 1766 3741 quo-

176 3761 293 3818 libet
339 3764 541 3819 ordine
592 3765 801 3834 positus
837 3764 1122 3834 diligenter
1170 3764 1559 3820 conscientiam
1612 3780 1764 3820 suam

175 3856 503 3919 conveniret,
539 3862 594 3907 et
628 3854 722 3909 ubi
752 3869 810 3909 se
846 3854 1015 3909 Deum
1056 3852 1347 3909 offendisse
1384 3857 1763 3926 cognoscebat,

176 3954 440 4003 maturato
473 3961 572 4017 per
614 3946 979 4015 poenitentiae
1023 3944 1449 4000 satisfactionem
1495 3947 1768 4016 corrigere

175 4056 271 4096 non
315 4041 587 4097 diﬁ'erret.
635 4042 695 4095 In
741 4040 936 4110 quibus
985 4040 1149 4096 etiam
1193 4040 1439 4110 apicibus
1470 4040 1492 4070 ⁸
1529 4040 1768 4095 inserere

173 4132 313 4187 vobis
346 4132 583 4202 placuit,
630 4139 691 4186 ut
720 4132 767 4185 si
808 4131 948 4186 Deus
981 4146 1172 4200 pacem
1226 4131 1465 4200 undique
1498 4137 1553 4186 et
1596 4131 1766 4186 otium

174 4221 315 4276 vobis
347 4223 655 4288 tribueret,
692 4223 748 4276 in
787 4223 891 4278 hoc
934 4223 1193 4292 placitum
1233 4230 1474 4278 vestrum
1516 4223 1769 4294 generale

1867 3038 1967 3092 tuti
2010 3044 2136 3092 sunt
2168 3037 2411 3091 moribus
2443 3033 2856 3091 conversatione
2900 3039 2955 3087 et
3004 3030 3214 3085 actibus
3262 3027 3462 3097 inquiri

1862 3130 2038 3201 possit
2072 3129 2216 3199 quod
2266 3129 2481 3185 divinae
2517 3127 2738 3198 regulae
2787 3120 3306 3194 atque'auctoritati
3351 3135 3463 3175 non

1864 3222 2251 3287 concordaret;
2292 3219 2559 3288 simulque
2590 3217 2944 3278 inveniretur,
2982 3228 3121 3285 quae
3146 3212 3463 3268 occasiones

1863 3314 1920 3369 in
1953 3320 2183 3382 utroque
2218 3310 2407 3367 ordine
2453 3309 2507 3363 id
2541 3308 2862 3373 eﬁ‘eeerunt,
2902 3312 2959 3366 ut
2999 3320 3029 3359 a
3063 3311 3215 3360 recto
3245 3301 3463 3356 tramite

1866 3405 2201 3469 deviassent;
2242 3409 2297 3457 et
2346 3400 2606 3471 quicquid
2653 3398 2720 3454 de
2777 3397 2862 3453 his
2915 3397 3192 3451 inventum
3239 3391 3459 3456 fuisset,

1865 3502 2080 3550 vestrae
2118 3491 2422 3548 celsitudini
2454 3497 2642 3543 notum
2691 3486 2949 3541 facerent.
2984 3482 3169 3551 Quod,
3226 3489 3286 3536 ut
3318 3480 3464 3535 Deus

1864 3600 2022 3654 posse
2044 3583 2210 3649 dedit,
2242 3581 2422 3637 facere
2457 3579 2790 3643 curavimus,
2835 3584 2889 3631 et
2935 3576 2988 3630 in
3032 3572 3291 3629 subiectis
3318 3571 3467 3641 capi:

1865 3679 1991 3733 tulis
2027 3677 2424 3732 adnotavimus.

1938 3769 2070 3838 Cap.
2098 3769 2146 3821 i.
2175 3766 2315 3833 Quid
2336 3765 2544 3837 proprie
2571 3762 2640 3817 ad
2665 3761 2967 3832 religionem
2990 3758 3331 3812 christianum
3351 3770 3465 3826 per-

1866 3861 1993 3913 tinet
2026 3869 2071 3911 ο.
2105 3858 2347 3913 Primum
2380 3849 2790 3910 fundamentum
2825 3849 3155 3906 cliristianae
3184 3844 3465 3916 religionis

1870 3959 1954 4007 est
1983 3950 2116 4005 ﬁdes
2151 3947 2450 4013 catholica;
2481 3935 2585 4001 hoc
2610 3952 2695 3999 est
2715 3944 2936 3999 credere
2960 3941 3016 3994 in
3051 3938 3270 3993 Patrem
3295 3943 3349 3991 et
3376 3935 3469 3989 Fi-

1868 4042 2000 4096 lium
2036 4048 2090 4096 et
2135 4040 2394 4109 Spiritum
2432 4045 2700 4101 sanctum,
2738 4050 2907 4090 unum
2951 4039 3006 4091 et
3030 4046 3221 4086 verum
3252 4029 3422 4110 Deum
3448 4069 3465 4094 ,

1869 4133 2073 4187 trinum
2110 4131 2162 4186 in
2190 4130 2457 4200 personis,
2490 4135 2544 4184 et
2578 4143 2742 4182 unum
2782 4128 2838 4181 in
2869 4121 3204 4188 substantia;
3242 4121 3469 4176 credere

1871 4223 2035 4277 etiam
2070 4221 2215 4291 quod
2246 4220 2359 4274 sola
2379 4233 2609 4289 persona
2634 4216 2754 4271 Filii
2786 4231 2886 4286 pro
2920 4200 3093 4271 salute
3127 4218 3313 4268 nostra
3344 4225 3468 4266 car-

174 4327 501 4367 consumare
524 4313 846 4377 voluissetis,
886 4321 945 4368 ut
969 4314 1202 4384 primum
1239 4314 1493 4383 quicquid
1516 4315 1569 4368 in
1595 4315 1766 4380 vobis,
1795 4289 1843 4352 (ἶ
1872 4330 1996 4370 nem
2023 4312 2394 4381 assumpserit,
2422 4311 2476 4365 in
2500 4326 2607 4380 qua
2629 4316 2681 4365 et
2707 4324 2902 4378 passus
2934 4314 3038 4374 est,
3069 4313 3124 4366 et
3144 4305 3466 4373 resurrexit,

176 4402 223 4459 id
247 4414 328 4460 est
351 4407 406 4459 in
454 4419 683 4474 persona
721 4417 776 4460 et
810 4406 1111 4462 ministerio
1148 4413 1357 4471 vestro,
1392 4407 1770 4478 corrigendum

176 4494 533 4559 inveniretur,
578 4495 804 4550 Domino
834 4496 1127 4552 auxiliante
1158 4497 1531 4567 eorrigeretis,
1577 4496 1771 4553 deinde

175 4585 509 4656 quicumque
536 4586 595 4642 in
625 4586 876 4641 omnibus
904 4586 1183 4642 ordinibus
1220 4586 1434 4656 imperii
1461 4586 1627 4642 vestri
1660 4587 1770 4643 Deo

174 4675 489 4745 displiceret
512 4675 877 4745 inquireretis,
902 4683 957 4731 et
980 4676 1275 4731 secundum
1304 4676 1421 4730 eius
1440 4676 1769 4731 voluntatem

174 4779 291 4819 cum
326 4780 608 4821 consensu
642 4764 881 4820 ﬁdelium
922 4773 1226 4820 vestrorum
1268 4766 1334 4820 ad
1372 4767 1647 4822 tramitem
1684 4782 1771 4822 re-

173 4857 462 4913 ctitudinis
506 4857 849 4912 revocaretis.
904 4856 1012 4912 Sed
1060 4857 1185 4927 quia
1241 4865 1450 4927 tempus
1494 4866 1765 4927 optatum,

175 4948 544 5003 exterioribus
583 4949 978 5005 incursionibus
1023 4950 1492 5021 praepedientibus
1515 4990 1530 5015 ,
1579 4966 1771 5006 secun-

176 5036 298 5091 dum
325 5037 663 5117 desiderium
695 5046 935 5096 vestrum
966 5041 1111 5095 nacti
1155 5054 1262 5094 non
1299 5039 1456 5104 estis,
1500 5039 1656 5095 libuit
1687 5056 1773 5095 se-

178 5129 397 5185 renitati
430 5137 611 5185 vestre
646 5146 768 5185 cum
789 5130 1112 5203 quibusdam
1134 5128 1380 5185 ﬁdelibus
1402 5131 1598 5185 vestris
1618 5146 1773 5200 prae-

1869 4413 1924 4462 et
1949 4405 2189 4461 ascendit
2214 4405 2268 4458 in
2290 4403 2470 4469 celos;
2498 4418 2621 4458 cum
2648 4417 2754 4472 qua
2781 4402 2947 4457 etiam
2970 4401 3038 4457 ad
3065 4399 3313 4455 iuditium
3337 4412 3469 4453 ven-

1869 4504 2055 4564 turus;
2090 4504 2144 4552 et
2170 4497 2391 4552 credere
2421 4497 2564 4565 quod
2592 4510 2690 4565 per
2719 4493 2979 4564 Spiritum
3004 4500 3251 4549 sanetum
3282 4492 3469 4546 remis-

1871 4590 1951 4643 sio
1995 4596 2346 4658 peccatorum
2381 4587 2436 4641 in
2469 4586 2797 4655 baptismate
2834 4583 3181 4648 conferatur,
3232 4590 3285 4635 et
3326 4582 3470 4650 quod

1871 4677 2119 4734 ﬁdelibus
2155 4677 2211 4732 in
2250 4676 2480 4731 ecclesia
2511 4674 2711 4730 Christi
2746 4674 2987 4729 eiusdem
3024 4671 3197 4727 sancti
3236 4669 3471 4739 Spiritus

1872 4772 2014 4827 dono
2046 4786 2145 4840 per
2177 4768 2537 4825 ministerium
2579 4766 2913 4822 sacerdotale
2955 4772 3011 4820 et
3049 4780 3148 4834 per
3189 4760 3470 4831 poeniten—

1872 4863 2002 4916 tiam
2033 4861 2281 4916 remissio
2323 4866 2669 4929 peccatorum
2708 4855 3076 4912 indubitanter
3108 4851 3466 4917 attribuatur,

1872 4962 1926 5008 et
1951 4953 2094 5023 quod
2124 4950 2391 5023 generalis
2410 4949 2651 5004 omnium
2680 4947 2734 5001 in
2760 4961 2886 5000 vera
2916 4959 3077 4999 carne
3100 4942 3153 4995 in
3177 4941 3467 4994 adventum

1875 5043 2080 5100 Christi
2114 5041 2440 5097 resurrectio
2471 5038 2653 5094 futura
2687 5038 2786 5104 sit;
2824 5043 2878 5091 et
2907 5034 3051 5103 quod
3082 5045 3240 5086 nosse
3274 5044 3470 5083 unum—

1880 5150 2149 5205 quemque
2184 5134 2395 5189 ﬁdelem
2421 5137 2691 5209 oporteat,
2739 5127 2864 5197 quia
2908 5127 3042 5181 haec
3086 5122 3219 5177 ﬁdes
3250 5134 3377 5175 vera
3416 5126 3473 5171 et

182 5225 337 5279 terita
370 5225 555 5281 hieme
585 5225 844 5295 placitum
867 5226 1088 5292 habere,
1126 5233 1180 5281 et
1213 5227 1279 5281 de
1317 5225 1403 5281 his
1437 5241 1578 5295 quae
1620 5241 1779 5294 prae—
1814 5219 1861 5278 D
1885 5228 2157 5283 fructuosa
2191 5241 2310 5282 esse
2339 5242 2446 5282 non
2468 5230 2663 5297 potest,
2694 5220 2798 5276 nisi
2828 5217 2987 5275 bonis
3024 5214 3277 5286 operibus
3311 5226 3473 5268 exor-

1430 5340 1825 5396 VARIANTES
1861 5342 2263 5399 LECTIONES.

186 5440 201 5471 ‘
237 5440 537 5508 resciptum
573 5441 687 5495 cod.

775 5444 797 5477 ³
824 5447 1109 5495 atterreret
1129 5437 1411 5493 elaudibus
1437 5454 1484 5491 c.
1562 5436 1584 5468 ³
1614 5438 1878 5492 clinnetos
1900 5455 1946 5491 c.
2026 5438 2047 5469 ⁸
2080 5437 2317 5506 apitibus
2342 5454 2388 5490 c.

1715 5542 1945 5600 NOTAE.

258 5657 284 5684 ι
314 5644 649 5711 Quibuscum
694 5642 1158 5711 conferenduscst
1179 5639 1317 5694 Vitae
1342 5635 1511 5692 Walic
1547 5636 1681 5691 liber
1711 5652 1773 5699 ιι,

188 5708 437 5768 Monum.
466 5715 645 5769 Germ.
678 5714 801 5777 SS.,
830 5720 869 5766 t.
901 5712 962 5766 ll.
1065 5708 1074 5719 ’

262 5785 292 5825 ιι
316 5784 403 5840 Cf.
438 5785 626 5842 concil.
659 5784 960 5839 Parisiensc
984 5799 1061 5847 vi,
1089 5780 1227 5851 apud
1258 5778 1662 5843 Lahbeum,lib.
1696 5793 1778 5842 ιιι,

1885 5654 1938 5708 p.
1979 5636 2135 5701 1655,
2161 5635 2251 5708 ubi
2278 5643 2465 5708 tamen
2486 5632 2727 5708 Lotbarii
2760 5646 2954 5708 nomen
2985 5630 3220 5708 additur.

1962 5721 1983 5749 ε
2013 5707 2095 5765 Cf.
2121 5699 2413 5771 Labbcum,
2455 5704 2489 5757 l.
2522 5718 2595 5771 c.,
2622 5702 2716 5759 lib.
2748 5719 2787 5767 ι,
2815 5719 2864 5759 c.
2898 5703 2948 5771 Ι,
2974 5719 3026 5773 p.
3060 5699 3215 5759 1599.
