3992 6344
590 223 696 280 nos

1413 223 1473 277 Β.
1513 220 1761 278 CAROLI
1805 218 2016 273 MAGNI
2053 216 2201 271 Ol’l‘.
2244 218 2424 272 PARS
2460 220 2498 273 l.
2543 219 2784 276 SECTIO
2821 220 3051 276 PRIMA.

3767 234 3861 291 θω

587 343 768 402 uetur,
806 336 860 392 id
879 344 963 392 est
986 350 1098 407 spe,
1125 332 1369 404 caritate,
1393 330 1714 396 humilitate,
1751 330 2018 394 castitate,
2047 344 2174 384 eou-
2205 335 2252 393 Α
2280 330 2601 385 venerabilis
2649 332 2931 401 episcopus
2969 337 3035 390 ad
3082 335 3427 392 Anastasium
3482 342 3861 412 imperatorem

585 424 836 489 tinentia,
874 425 1182 489 sobrietate,
1209 422 1579 488 unanimitate,
1608 420 1915 486 concordia,
1945 419 2170 483 iustitia,

586 514 810 584 pietate,
839 512 1221 577 misericordia,
1264 514 1587 578 innocentia,
1630 520 1685 569 et
1712 512 2074 582 simplicitate,
2120 519 2175 566 et

587 602 787 656 ceteris
824 601 905 655 his
935 600 1226 665 similibus;
1262 616 1401 670 quae
1434 599 1614 654 omnia
1662 600 1715 653 in
1750 591 2034 655 dileétione
2078 600 2174 655 Dei

588 700 645 748 et
679 693 911 763 proximi
945 692 1263 747 consistunt.
1313 692 1442 748 Sine
1488 693 1574 749 his
1608 692 1752 748 enim
1795 707 1956 748 nemo
1997 700 2175 761 potest

583 785 802 857 placere
830 785 940 840 Deo
970 800 1069 841 nec
1089 786 1271 840 salvus
1299 801 1437 851 esse,
1461 786 1587 855 quia
1616 793 1752 841 teste
1775 786 2018 855 apostolo
2039 786 2173 842 ﬁdes

583 875 703 933 sine
724 876 977 945 operibus
1006 885 1219 935 mortua
1258 884 1340 931 est
1375 870 1429 931 in
1460 879 1767 947 semetipsa.
1806 878 2038 933 Proinde
2078 894 2175 935 ne-

582 983 734 1025 cesse
759 977 861 1036 est,
892 979 953 1024 ut
977 971 1345 1041 unusquisque
1383 971 1711 1027 christianos
1741 971 2025 1041 diligenter
2047 986 2172 1041 per—

580 1062 801 1130 pendat,
831 1070 1011 1117 utrum
1033 1063 1088 1117 in
1123 1078 1187 1118 eo
1223 1063 1357 1119 ﬁdes
1388 1064 1507 1118 viva
1534 1064 1623 1129 sit,
1655 1065 1795 1119 bona
1819 1078 1982 1133 opera
2009 1079 2173 1134 agen-

582 1150 669 1215 do,
714 1165 782 1203 an
814 1159 1027 1205 mortua
1060 1152 1201 1207 bona
1235 1166 1398 1222 opera
1430 1152 1799 1225 neglegendo;
1853 1161 1907 1208 et
1940 1154 1987 1209 si
2023 1155 2171 1209 iuxta

581 1242 964 1298 documentum
999 1244 1225 1314 apostoli
1254 1245 1367 1315 ipsa
1395 1245 1527 1301 ﬁdes
1568 1245 1684 1301 sine
1728 1248 1981 1317 operibus
2016 1247 2174 1303 bonis

578 1344 794 1390 mortua
848 1343 959 1403 est,
998 1353 1232 1406 quanam
1271 1338 1285 1368 ¹
1325 1337 1703 1408 dampnatione
1747 1340 2015 1409 plectendi
2050 1348 2173 1395 sunt

579 1425 675 1491 illi,
717 1427 809 1496 qui
846 1443 953 1483 non
977 1429 1150 1483 solum
1174 1430 1397 1485 eandem
1424 1431 1581 1485 tidem
1608 1431 1766 1485 bonis
1785 1431 2040 1500 operibus
2064 1447 2171 1486 non

580 1523 866 1589 exornant,
900 1517 994 1571 sed
1030 1518 1193 1572 etiam
1236 1518 1463 1573 diversis
1491 1521 1511 1549 ’
1543 1518 1760 1591 ﬁagitiis
1788 1536 1907 1575 eam
1935 1536 2174 1576 comma-

579 1608 783 1666 culant.
821 1608 965 1664 Inter
994 1616 1175 1664 cetera
1210 1609 1231 1641 ³
1258 1610 1455 1681 quippe
1497 1611 1639 1665 mala
1672 1627 1811 1681 quae
1848 1612 2073 1667 eandem
2108 1612 2171 1667 ﬁ-

579 1698 703 1754 dem
732 1700 1145 1767 commaculant,
1176 1711 1431 1772 quattuor
1452 1704 1608 1758 nobis
1630 1704 1754 1758 vitia
1778 1704 2040 1773 spiritalia
2062 1721 2168 1761 me-

578 1794 687 1849 rito
713 1794 1085 1866 exaggeranda
1111 1796 1360 1852 videntur
1381 1837 1394 1861 ,
1447 1812 1586 1866 quae
1623 1805 1826 1867 quanto
1873 1798 2169 1853 occultiora

577 1892 704 1938 sunt
732 1892 881 1938 tanto
910 1885 1322 1954 pernitiosiora;
1357 1886 1411 1941 id
1434 1896 1517 1941 est
1550 1887 1830 1958 superbia,
1869 1903 1965 1958 per
2008 1902 2169 1957 quam

579 1975 803 2045 angelus
830 1976 1075 2031 diabolus
1102 1976 1326 2033 eﬁ‘ectus
1351 1985 1434 2033 est
1465 1985 1521 2033 et
1552 1978 1620 2033 de
1652 1978 1770 2033 celo
1810 1978 2043 2045 eiectus;
2090 1979 2171 2033 in-

578 2065 742 2130 vidia,
771 2080 867 2135 per
893 2082 1056 2135 quam
1082 2067 1223 2122 idem
1246 2068 1494 2124 diabolus
1521 2069 1794 2125 hominem
1816 2070 1881 2125 de
1902 2071 2169 2142 paradyso

578 2159 767 2225 eiecit;
805 2159 989 2215 odium
1020 2167 1075 2216 et
1101 2161 1391 2227 discordia,
1421 2176 1559 2231 quae
1589 2162 1872 2216 caritatem
1896 2163 2035 2217 inter
2052 2178 2173 2232 pro-
2211 2216 2220 2226 ,

579 2251 754 2307 ximos
783 2252 1087 2324 extingunt,
1130 2262 1184 2308 et
1208 2253 1548 2309 dilectionem
1583 2263 1862 2319 evacuant,
1900 2263 1955 2309 et
1990 2255 2171 2310 omnia

576 2347 717 2400 bona
755 2353 1086 2415 pervertunt,
1137 2355 1192 2401 ct
1234 2362 1341 2401 non
1387 2346 1570 2401 sinunt
1592 2346 1867 2416 proximos
1904 2346 1957 2399 in
1986 2352 2171 2399 mutua

577 2438 864 2494 dilectione
908 2440 1206 2495 consistere
1231 2480 1247 2505 ,
1294 2454 1470 2510 neque
1519 2439 1684 2495 etiam
1730 2438 2074 2508 tranquillam
2114 2447 2173 2493 ut

578 2531 833 2586 decuerat
872 2532 1198 2587 christianos
1236 2532 1401 2586 vitam
1434 2532 1699 2603 delegere.
1735 2518 1901 2598 Quae'
1923 2532 2044 2588 ideo
2079 2547 2171 2601 pe-

579 2620 900 2676 riculosiora
934 2622 1101 2678 immo
1128 2621 1405 2678 mortifera
1437 2622 1691 2689 diximus,
1719 2624 1975 2692 quoniam
1999 2632 2173 2680 secta-

578 2716 728 2765 tores
758 2711 970 2766 illorum
1007 2727 1071 2767 ea
1097 2719 1191 2767 aut
1220 2726 1327 2767 non
1354 2711 1689 2783 intellegunt,
1730 2721 1823 2767 aut
1847 2720 1993 2768 certe
2016 2713 2175 2768 intel-

577 2801 760 2873 legere
796 2803 1172 2872 dedignantur,
1205 2812 1261 2860 et
1292 2803 1418 2874 quia
1457 2818 1521 2861 ea
1554 2804 2026 2874 parvipendentes,
2073 2820 2171 2874 pro

577 2896 666 2952 his
687 2897 753 2952 ad
782 2895 1176 2955 confessionem
1210 2913 1319 2953 non
1350 2898 1593 2964 veniunt,
1634 2897 1836 2955 idcirco
1863 2913 1964 2954 nec
1992 2913 2173 2954 corre-

577 2987 814 3044 ctionem
851 2996 1144 3044 merentur.

2276 418 2350 471 ita
2406 421 2625 475 scribit:
2680 442 2697 472 ι
2755 424 2902 480 Duae
2946 442 3068 480 sum
3104 428 3300 498 quippe
3353 430 3537 502 inquid
3567 435 3864 505 imperator

2276 520 2536 581 augustae
2559 514 2581 544 ⁶
2606 515 2801 584 quibus
2833 518 3201 589 principaliter
3235 523 3466 578 mundus
3503 526 3591 581 hic
3627 529 3860 600 regitur,

2276 605 2572 659 auctoritas
2608 617 2821 662 sacrata
2845 610 3182 677 pontiﬁcum,
3211 619 3265 666 et
3291 614 3486 682 regalis
3519 625 3786 685 potestas.
3812 624 3859 677 In

2276 693 2473 761 quibus
2494 702 2644 751 tanto
2669 700 2884 767 gravius
2916 701 3129 770 pondus
3162 709 3245 757 est
3273 706 3637 775 sacerdotum,
3665 722 3859 779 quanto

2276 784 2441 838 etiam
2464 799 2561 853 pro
2586 787 2714 856 ipsis
2742 790 2959 860 regibus
2990 792 3270 847 hominum
3305 794 3359 848 in
3390 795 3570 851 divino
3608 800 3858 857 reddituri

2273 884 2399 930 sunt
2422 880 2668 934 examine
2696 882 2979 937 rationem.
3016 904 3035 935 ι
3067 883 3384 957 Fulgentius
3403 903 3622 958 quoque
3649 889 3705 944 in
3734 891 3856 948 libro

2276 968 2342 1025 de
2376 973 2600 1028 veritate
2624 975 3096 1045 predestinationis
3142 980 3164 1011 "
3186 987 3241 1036 et
3279 982 3484 1052 gratiae
3524 984 3603 1038 ita
3641 987 3854 1042 scribit:

2281 1079 2300 1112 ι
2343 1061 2614 1130 Quantum
2643 1069 2878 1136 pertinet
2906 1070 3081 1139 inquit
3107 1072 3175 1127 ad
3196 1073 3358 1128 huius
3382 1076 3648 1145 temporis
3682 1078 3851 1145 vitam,

2275 1152 2332 1207 in
2369 1154 2627 1210 aecclesia
2664 1172 2823 1213 nemo
2852 1160 3105 1229 pontiﬁce
3134 1164 3317 1232 potior
3338 1172 3393 1219 et
3426 1165 3481 1219 in
3518 1167 3708 1224 saeclo
3732 1170 3856 1225 diti-

2275 1245 2449 1300 stiano
2501 1263 2662 1303 nemo
2700 1249 3026 1320 imperatore
3079 1254 3275 1311 celsxor
3321 1256 3617 1314 invenitur.
3679 1281 3698 1313 ι
3738 1261 3851 1317 Cum

2277 1336 2411 1393 haec
2437 1339 2634 1409 quippe
2661 1340 2732 1395 ita
2769 1358 2828 1398 se
2869 1344 3126 1411 habeant,
3154 1347 3390 1416 primum
3415 1351 3481 1404 de
3521 1353 3849 1419 sacerdotali,

2273 1443 2397 1505 post
2417 1437 2482 1492 de
2507 1438 2675 1508 regali
2708 1453 2940 1508 persona
2977 1441 3264 1499 dicendum
3300 1445 3613 1502 statuimus.

2580 1573 2667 1626 DE
2705 1572 3022 1629 PERSONA
3064 1575 3560 1635 SACEIIDOTAL].

2197 1688 2245 1748 Β
2340 1701 2472 1773 Cap.
2502 1703 2552 1756 1-
2586 1703 2661 1757 De
2684 1715 2706 1743 ο
2732 1704 2979 1760 electione
3000 1716 3049 1760 et
3068 1709 3392 1777 promotione
3420 1710 3768 1785 sacerdotum.
3790 1713 3851 1768 De

2269 1790 2531 1848 electione
2580 1803 2635 1849 et
2681 1795 3021 1863 promotione
3055 1812 3244 1851 eorum
3294 1798 3388 1867 qui
3425 1799 3503 1853 ad
3538 1797 3768 1855 formam
3806 1812 3851 1857 et

2271 1886 2574 1955 exemplum
2606 1887 2726 1943 aliis
2759 1889 3103 1957 praeﬁciendi
3140 1890 3162 1921 ⁸
3185 1899 3310 1945 sunt
3335 1932 3351 1955 ,
3376 1891 3766 1960 providendum
3793 1908 3847 1948 ac

2272 1992 2558 2051 sumopere
2609 1980 2909 2039 cavendum
2937 1988 3041 2046 est,
3087 1989 3147 2035 ut
3187 1983 3244 2037 hi
3292 1998 3392 2052 per
3428 1999 3564 2052 quos
3596 1992 3656 2039 et
3688 1984 3848 2056 religio

2272 2068 2568 2123 christiana
2608 2078 2858 2125 constare
2898 2078 2953 2126 et
2996 2073 3197 2126 caeteri
3232 2073 3300 2126 ab
3347 2071 3650 2130 offensione
3681 2075 3846 2132 debent

2274 2159 2490 2224 salvari,
2528 2160 2665 2217 tales
2700 2170 2907 2218 remota
2944 2163 3193 2231 poenitus
3231 2164 3525 2220 simoniaca
3568 2176 3725 2234 peste
3770 2167 3847 2222 eli-

2273 2260 2491 2321 gantur,
2514 2252 2704 2322 quales
2723 2262 2777 2309 et
2800 2254 3128 2323 apostolicus
3151 2270 3331 2310 sermo
3351 2264 3407 2310 et
3427 2257 3722 2312 canonicos
3739 2259 3845 2314 ordo

2273 2356 2328 2400 et
2374 2346 2518 2401 beati
2567 2346 2817 2417 Gregorii
2866 2347 3155 2418 pastoralis
3196 2347 3385 2418 regula
3434 2350 3611 2404 docet.
3658 2349 3847 2405 Scilicet

2274 2437 2533 2507 quoniam
2561 2438 2607 2493 si
2632 2454 2731 2508 pro
2757 2438 2938 2508 aliquo
2967 2452 3190 2493 munere
3225 2439 3529 2507 praesentis
3554 2438 3847 2509 futuraeque

2276 2530 2649 2586 retributionis
2684 2530 2769 2584 vel
2794 2546 2892 2601 pro
2927 2530 3033 2585 alia
3071 2530 3311 2600 qualibet
3334 2546 3394 2585 re
3429 2545 3568 2599 quae
3598 2531 3844 2587 contraria

2273 2632 2394 2674 esse
2414 2620 2586 2689 possit
2605 2620 2821 2675 veritati
2852 2620 3173 2689 divinaeque
3205 2619 3517 2675 auctoritati
3542 2620 3768 2692 eligitur,
3791 2620 3845 2675 li-

2274 2721 2404 2782 quet
2439 2711 2704 2782 profecto,
2731 2713 2874 2782 quod
2904 2728 2972 2767 ex
3005 2720 3116 2767 toto
3161 2712 3319 2766 aliter
3364 2712 3542 2783 agitur
3580 2728 3737 2781 quam
3770 2711 3846 2767 di-

2274 2804 2399 2858 vina
2421 2805 2715 2860 auctoritas
2740 2811 2983 2869 tcstetur,
3014 2813 3068 2860 et
3093 2805 3237 2874 quod
3260 2804 3313 2858 in
3338 2804 3694 2875 huiuscemodi
3711 2802 3845 2859 facto

2274 2898 2417 2953 Deus
2438 2896 2760 2961 olle'ndatur,
2794 2905 2848 2952 et
2881 2896 3060 2951 taliter
3083 2896 3258 2952 electo
3287 2905 3343 2951 et
3376 2898 3461 2952 his
3489 2898 3679 2965 quibus
3706 2912 3844 2967 prae-

2274 2988 2453 3043 ﬁcitur
2480 2988 2610 3057 quin
2656 2988 2968 3043 scandalum
3018 2996 3306 3059 generetur
3353 2989 3579 3044 dubium
3616 3003 3722 3043 non
3750 2996 3838 3042 est.

650 3077 704 3130 2.
737 3075 890 3143 Quod
913 3090 938 3117 ει
963 3076 1271 3132 universalis
1299 3087 1480 3133 sancta
1510 3077 1609 3133 Dei
1638 3079 1853 3137 ecclesia
1875 3097 2036 3135 unum
2055 3096 2172 3133 cor—
2197 3054 2245 3119 ο
2276 3054 2515 3135 Proinde
2530 3087 2762 3149 oportet,
2796 3088 2855 3134 ut
2880 3079 2933 3133 in
2965 3054 3231 3135 electione
3249 3086 3303 3135 et
3324 3079 3665 3135 ordinatione
3691 3095 3841 3135 sacer-

577 3185 696 3239 pus,
723 3169 938 3239 eiusque
963 3168 1133 3239 capud
1163 3168 1400 3225 Christus
1429 3171 1516 3226 sit.
1558 3170 1800 3227 Primum
1842 3172 2005 3244 igitur
2030 3173 2174 3243 quod

581 3259 903 3314 universalis
928 3269 1113 3316 sancta
1136 3260 1363 3316 ecclesia
1404 3262 1499 3316 Dei
1532 3279 1693 3318 unum
1717 3279 1914 3335 corpus
1947 3264 2175 3319 manife-

579 3360 663 3406 ste
698 3366 819 3407 esse
842 3355 1096 3407 credatur
1128 3353 1352 3422 eiusque
1376 3362 1537 3423 caput
1562 3353 1830 3422 Christus,
1866 3356 2175 3425 apostolicis

578 3441 814 3497 oraculis
848 3444 1240 3511 approbamus;
1275 3445 1417 3500 unde
1451 3444 1678 3501 Paulus:
1718 3444 1820 3501 Vos
1858 3457 2031 3502 autem
2053 3450 2175 3503 estis

536 3542 541 3551 '
582 3530 757 3599 inquit
784 3548 972 3602 corpus
997 3532 1190 3588 Christi
1212 3544 1258 3587 et
1290 3535 1516 3590 membra
1544 3537 1609 3591 de
1637 3538 2171 3610 membro.ltemque:

585 3623 735 3679 Sicut
766 3626 902 3679 enim
945 3627 999 3679 in
1043 3643 1146 3680 uno
1194 3644 1408 3698 corpore
1442 3628 1607 3684 multa
1642 3632 1872 3686 membra
1904 3634 2172 3699 habemus,

583 3715 757 3768 omnia
783 3725 957 3769 autem
986 3717 1216 3771 membra
1243 3734 1345 3771 non
1372 3718 1593 3774 eundem
1613 3732 1787 3776 actum
1816 3722 1838 3753 ⁸
1868 3723 2073 3789 habent,
2101 3727 2175 3781 ita

579 3805 733 3859 multi
760 3823 919 3860 unum
950 3825 1136 3879 corpus
1156 3826 1336 3864 sumus
1362 3811 1416 3865 in
1446 3810 1674 3867 Christo.
1706 3814 1867 3869 Item:
1897 3815 2059 3871 Cuius
2084 3835 2176 3871 ca-

577 3909 670 3971 put
701 3900 940 3957 Christus
968 3912 1076 3969 est,
1117 3920 1182 3958 ea:
1208 3921 1309 3975 quo
1351 3914 1516 3960 totum
1557 3923 1743 3978 corpus
1784 3925 1878 3979 per
1905 3926 2095 3963 nexum
2127 3921 2175 3963 et

576 3993 998 4048 coniunctionem
1025 3995 1452 4052 administratum
1492 4001 1675 4053 crescit
1701 4000 1753 4054 in
1783 3999 2031 4071 templum
2060 4017 2177 4056 san-

578 4094 720 4145 ctum
746 4086 801 4140 in
829 4085 1076 4142 Domino.
1107 4087 1246 4143 Sunt
1273 4101 1327 4145 et
1346 4091 1457 4145 alia
1483 4091 1764 4147 innumera
1802 4092 2175 4149 huiuscemodi

577 4179 844 4248 exempla,
880 4196 1018 4249 quae
1055 4182 1144 4237 hie
1179 4184 1249 4238 ob
1290 4183 1657 4252 prolixitatem
1702 4187 1975 4241 vitandam
2019 4202 2177 4256 prae-

580 4268 975 4325 termittuntur.
1021 4272 1277 4342 Quisquis
1314 4288 1443 4345 ergo
1490 4290 1587 4344 per
1631 4277 1811 4346 aliqua
1858 4277 2071 4332 .inlicita
2108 4293 2173 4333 ex

580 4359 828 4414 membro
857 4359 1061 4415 Christi
1100 4377 1158 4416 se
1203 4363 1331 4418 fecit
1375 4365 1677 4419 membrum
1721 4366 1953 4432 diaboli,
1998 4382 2030 4421 a
2065 4381 2171 4436 quo

580 4452 703 4501 astu
733 4446 1000 4503 diabolico
1024 4459 1306 4518 superatus
1330 4452 1349 4483 "
1375 4459 1475 4519 est,
1524 4468 1582 4508 se
1622 4454 2001 4511 incunctanter
2042 4456 2172 4511 dum

582 4543 797 4607 tempus
838 4539 1172 4609 penitentiae
1218 4542 1272 4597 in
1298 4552 1512 4613 promtu
1562 4545 1829 4613 habetur,
1882 4548 2170 4604 restituere

551 4646 587 4687 ιι
619 4646 690 4687 on
716 4630 982 4703 neglegat.

652 4723 707 4778 5.
728 4722 883 4789 Quod
896 4725 923 4764 δ
945 4725 1177 4779 eiusdem
1201 4727 1481 4783 «ecclesiae
1506 4745 1694 4801 corpus
1715 4732 1769 4786 in
1792 4732 1999 4787 duabus
2025 4734 2172 4805 prin-

578 4813 820 4885 cipaliter
845 4816 1112 4872 dividatur
1137 4819 1340 4874 eximiis
1378 4822 1631 4891 personis.
1669 4821 2045 4894 Principaliter
2065 4827 2170 4881 ita-

583 4919 690 4974 que
724 4907 890 4963 totius
924 4923 1021 4964 san
1033 4917 1145 4966 :tae
1171 4911 1265 4967 Dei
1296 4913 1557 4971 ecclesiae
1579 4930 1776 4987 corpus
1809 4918 1864 4973 in
1888 4919 2023 4975 duas
2056 4920 2172 4976 exi-

582 4997 718 5053 mias
739 5014 1017 5068 personas,
1046 5001 1101 5056 in
1128 5006 1517 5063 sacerdotalem
1543 5009 1793 5067 videlicet
1829 5019 1883 5067 et
1914 5012 2168 5083 regalem,

579 5088 721 5142 sicut
743 5104 773 5143 a
808 5092 1011 5147 sanctis
1040 5094 1285 5162 patribus
1307 5098 1564 5154 traditum
1588 5100 1915 5171 accepimus,
1939 5103 2171 5160 divisum

579 5192 701 5235 esse
735 5182 1014 5252 novimus;
1064 5186 1130 5243 de
1162 5203 1270 5257 qua
1312 5205 1371 5246 re
1412 5190 1660 5249 Gelasius
1705 5194 1980 5251 Romanae
2024 5199 2168 5255 sedis

2276 3171 2416 3227 dotis
2460 3170 2613 3225 valde
2655 3170 2725 3225 sit
2774 3170 3074 3226 execranda
3112 3169 3409 3225 simoniaea
3461 3171 3687 3235 heresis,
3727 3184 3840 3241 quae

2274 3269 2496 3332 propter
2520 3263 2860 3330 quorundam
2887 3261 3166 3317 avaritiam
3188 3268 3243 3317 et
3282 3262 3639 3318 ambitionem
3661 3262 3841 3318 moder-

2276 3353 2361 3408 nis
2386 3352 2715 3422 temporibus
2739 3352 3054 3423 dignitatem
3076 3352 3466 3408 sacerdotalem
3490 3352 3707 3410 fuscare
3727 3369 3841 3408 eom-

2274 3444 2554 3512 probatur.
2586 3441 2704 3498 Non
2730 3443 2895 3498 nichil
2929 3443 3228 3499 detestandi
3254 3444 3388 3499 luris
3420 3451 3569 3499 tanta
3608 3444 3843 3515 cupiditas

2277 3534 2470 3599 habet,
2517 3549 2656 3603 quae
2691 3534 2745 3588 in
2792 3534 3089 3603 primordio
3131 3543 3350 3590 sanctae
3400 3535 3500 3590 Dei
3548 3535 3794 3591 ecclesiae
3819 3550 3842 3586 a

2275 3627 2435 3683 beato
2466 3626 2627 3683 Petro
2652 3628 2896 3697 principe
2933 3628 3298 3697 apostolorum
3339 3645 3465 3683 cum
3516 3640 3738 3684 auctore
3764 3642 3841 3681 suo

2278 3719 2531 3774 damnata
2565 3726 2666 3775 est.
2695 3719 2831 3775 Nam
2855 3720 2882 3759 ἀ
2920 3729 2975 3776 et
3012 3721 3067 3775 in
3092 3721 3320 3777 concilio
3361 3721 3738 3778 Calcidonensi
3772 3736 3841 3774 ας

2276 3810 2445 3879 pitulo
2490 3811 2728 3867 secundo
2773 3812 3058 3867 scribitur:
3109 3831 3128 3864 c
3186 3811 3245 3866 Si
3285 3813 3407 3881 quis
3449 3814 3733 3883 episcopus
3769 3827 3845 3882 per

2275 3905 2562 3974 pecuniam
2588 3904 2774 3961 fecerit
2811 3905 3224 3970 ordinationem,
3261 3906 3362 3960 sub
3391 3905 3576 3975 precio
3605 3903 3847 3974 redegerit

2278 3996 2504 4064 gratiam
2548 4010 2687 4064 quae
2715 4011 2822 4051 non
2863 4002 3042 4065 potest
3067 3995 3247 4060 vendi,
3293 3994 3736 4064 ordinaveritque
3771 4008 3846 4062 per

2276 4086 2559 4155 pecuniam
2585 4086 2895 4155 episcopum
2930 4093 3023 4139 aut
3055 4086 3415 4155 presbiterum
3453 4093 3549 4140 aut
3586 4086 3845 4140 diaconum

2276 4175 2360 4229 vel
2387 4174 2679 4244 quemlibet
2699 4190 2767 4231 ex
2792 4175 2877 4229 his
2901 4175 2994 4244 qui
3018 4182 3477 4230 connumerantur
3505 4175 3562 4229 in
3587 4175 3753 4235 clero,
3773 4179 3847 4226 aut

2275 4267 2604 4337 promoverit
2637 4282 2734 4335 per
2757 4266 3040 4336 pecuniam
3080 4267 3509 4336 dispensatorem
3552 4275 3651 4321 aut
3691 4265 3849 4322 deleu-

2277 4373 2453 4413 sorem
2485 4357 2569 4413 vel
2594 4372 2919 4426 quemquam
2957 4357 3049 4427 qui
3094 4357 3367 4413 subiectus
3406 4365 3491 4413 est
3523 4358 3745 4429 regulae
3768 4372 3848 4427 pro

2278 4470 2375 4509 suo
2419 4454 2715 4523 turpissimi
2759 4454 2895 4511 lucri
2928 4455 3211 4509 commodo
3230 4497 3258 4521 ,,
3294 4455 3342 4511 is
3392 4456 3481 4511 cui
3533 4457 3641 4513 hoc
3683 4465 3849 4511 attem-

2274 4545 2457 4615 ptandi
2490 4545 2511 4576 ⁹
2545 4546 2899 4615 approbatum
2941 4543 3120 4609 fuerit,
3156 4547 3359 4616 proprii
3404 4547 3604 4618 gradus
3631 4546 3850 4618 periculo

2274 4638 2576 4697 subiacebit
2602 4655 2617 4705 ;
2651 4645 2707 4693 et
2739 4638 2831 4708 qui
2860 4639 3142 4693 ordinatus
3174 4648 3277 4704 est,
3308 4639 3475 4695 nichil
3500 4658 3568 4696 ex
3596 4642 3703 4697 bac
3731 4639 3850 4695 ordi-

2273 4730 2494 4786 natione
2526 4736 2620 4785 aut
2651 4729 2988 4799 promotione
3008 4745 3108 4800 per
3132 4731 3565 4800 negotiacionem
3587 4731 3731 4787 facta
3750 4746 3849 4801 pm-

2279 4823 2445 4889 ﬁciat,
2477 4823 2572 4878 sed
2599 4821 2670 4877 sit
2706 4821 2915 4876 alienus
2954 4836 3018 4877 ea
3069 4820 3331 4894 dignitate
3377 4823 3464 4878 vel
3510 4823 3851 4879 sollicitudine

2279 4932 2442 4989 quam
2467 4914 2711 4986 pecuniis
2735 4915 3045 4984 adquisivit.
3075 4915 3133 4970 Si
3155 4915 3280 4985 quis
3303 4930 3434 4970 vero
3460 4916 3729 4971 mediator
3755 4923 3849 4968 tam

2280 5010 2525 5081 turpibus
2548 5018 2603 5063 et
2636 5006 2884 5064 nefandis
2929 5008 3069 5064 datis
3105 5016 3189 5065 vel
3230 5009 3468 5078 acceptis
3503 5008 3763 5073 extiterit,
3795 5003 3854 5058 si-

2280 5103 2499 5174 quidem
2545 5090 2783 5157 clericus
2826 5098 3025 5168 fuerit,
3069 5101 3291 5171 proprio
3330 5100 3499 5171 gradu
3534 5099 3781 5163 decidat;
3817 5092 3854 5149 si

2273 5211 2404 5254 vero
2437 5196 2609 5253 laicus
2639 5202 2732 5250 aut
2756 5194 3073 5261 monachus,
3102 5193 3614 5251 anathematizetur.
3653 5212 3673 5245 ι

818 5380 821 5383 .
1834 5310 2224 5370 VARIANTES
2258 5307 2661 5369 LECTIONES.

660 5388 937 5475 “Eliadum
959 5412 1006 5449 ε.
1085 5398 1118 5475 ’Δ
1136 5394 1347 5475 du_er_sis
1368 5416 1414 5475 c.
1493 5400 1515 5431 ³
1538 5400 1698 5475 tertia
1720 5418 1767 5455 c.
1845 5402 1867 5434 ⁸
1890 5411 2014 5475 actu
2041 5422 2088 5459 ε.
2168 5405 2189 5437 ⁵
2209 5412 2491 5475 separatus
2523 5415 2661 5455 corr.
2688 5406 2975 5470 superatus
2993 5418 3039 5455 ε.
3118 5400 3141 5431 ⁸
3180 5400 3553 5468 imp‘eratriees
3581 5418 3631 5457 c.
3708 5400 3727 5431 ⁷
3747 5410 3855 5470 pre.

2122 5544 2349 5602 NOTAE.

585 5459 947 5519 testinationis
972 5483 1018 5519 ε.
1098 5468 1119 5499 ⁸
1157 5469 1406 5539 pﬁciendi
1442 5488 1489 5524 ε.
1566 5472 1586 5503 ⁸
1615 5474 1946 5543 atcmptandi
1982 5492 2028 5529 c.

659 5622 771 5699 31,
808 5638 960 5699 ευ).
991 5624 1145 5699 1599.
1166 5628 1264 5683 1ib.
1294 5646 1331 5699 ι,
1368 5647 1417 5689 c.
1448 5633 1499 5687 ρ.

656 5690 690 5747 .l'
716 5692 780 5754 ι.
816 5710 855 5771 1,
883 5690 935 5765 5',
962 5711 1017 5774 ι).
1050 5695 1202 5754 1599.

2341 5647 2362 5675 ε
2394 5634 2455 5689 L.
2483 5652 2519 5697 ι,
2551 5650 2609 5705 c.
2640 5635 2720 5701 ll,
2750 5651 2801 5705 p.
2842 5636 2992 5692 1605.

2329 5705 2354 5745 δ
2389 5706 2449 5764 1’.
2486 5704 2638 5775 1606,
2665 5706 2701 5762 ι.
2744 5704 2821 5764 il.
