3992 6344
162 269 285 326 605

508 266 734 324 ΟΟΒΕΧ
771 262 1368 320 DlPLOM.\TlCUS.——
1405 261 1724 318 LUDOVICI
1765 260 1782 314 l
1821 260 1908 314 ET
1948 259 2272 316 LOTllARII
2309 258 2972 316 CAPITULARlA.—Ax.
3014 259 3140 317 89.9.

3359 259 3466 316 606

237 387 302 440 9..
332 384 490 451 Quod
513 395 797 451 sumopere
821 379 1146 434 studendum
1173 385 1275 444 est,
1309 385 1368 432 ut
1407 385 1517 432 tam
1553 377 1698 432 docti
1727 383 1781 432 et
1813 377 1858 434 Α
1887 375 2058 446 magis
2083 376 2357 446 magisque
2384 375 2687 431 increscere
2713 375 2765 428 in
2803 374 3129 438 hominibus,
3161 381 3215 428 et
3235 375 3472 430 maxime

161 475 314 530 tales
339 475 408 529 ad
433 471 794 527 sacerdotium
817 469 1201 538 provehantur,
1226 467 1412 537 quales
1433 468 1625 522 beatus
1646 464 1778 518 Gre—

160 569 365 635 gorius
400 565 456 619 in
482 564 622 630 libro
647 561 934 632 pastoralis
959 559 1235 625 describit,
1277 559 1370 613 ubi
1399 559 1540 613 inter
1566 564 1779 612 caetera

159 657 251 712 sic
295 657 408 710 ait:
455 653 611 708 Nulla
657 667 746 707 ars
789 652 971 708 doceri
1011 651 1377 720 praesumitur
1419 650 1527 705 nisi
1573 650 1780 704 intenta

158 749 330 820 prius
370 745 723 802 meditatidne
761 744 1032 809 discatur;
1081 743 1150 798 ab
1195 741 1460 812 imperitis
1507 757 1638 812 ergo
1675 756 1782 810 qua

160 839 494 894 temeritate
520 835 791 907 pastorale
817 834 1186 906 magisterium
1217 834 1526 904 suscipitur,
1567 833 1782 903 quando

162 948 260 987 ars
285 939 382 987 est
411 932 630 996 artium,
655 929 896 1000 regimen
926 929 1250 984 animarum.
1289 929 1425 984 Nam
1457 942 1482 970 α
1524 937 1579 985 et
1604 929 1785 985 Domi-

160 1038 275 1077 nus
301 1037 412 1092 per
443 1024 718 1093 Aggevum
744 1020 1065 1090 prophetam
1100 1021 1166 1075 de
1199 1022 1506 1090 pastoribus
1547 1021 1665 1078 ait:
1690 1019 1785 1074 In-

162 1123 392 1184 terroga
425 1111 724 1167 sacerdotes
759 1110 962 1183 legem;
1003 1112 1145 1181 quod
1182 1112 1373 1167 beatus
1423 1111 1785 1183 Hieronymus

108 1275 112 1280 _
163 1203 246 1258 ita
275 1203 538 1274 exponit:
581 1223 598 1255 ‹
637 1203 934 1259 Considera
969 1203 1310 1259 sacerdotum
1341 1220 1462 1260 esse
1500 1205 1676 1276 inquit
1705 1203 1786 1259 of-

165 1293 282 1348 ﬁcii
309 1293 385 1348 de
412 1293 532 1364 lege
563 1294 920 1365 interrogatos
945 1294 1290 1363 respondere.
1325 1293 1383 1349 Si
1409 1295 1661 1350 sacerdos
1681 1303 1782 1359 est,

165 1385 310 1440 sciat
339 1385 520 1456 legem
549 1387 783 1450 Domini,
810 1386 856 1440 si
891 1387 1106 1456 ignorat
1143 1385 1346 1456 legem,
1377 1386 1490 1457 ipse
1518 1403 1576 1441 se
1611 1389 1788 1458 arguit

168 1494 282 1533 non
321 1493 450 1533 ese
491 1478 706 1533 Domini
751 1478 1110 1533 sacerdotem.
1159 1476 1470 1533 Sacerdotis
1517 1479 1661 1534 enim
1705 1488 1790 1534 est

170 1569 320 1623 scire
379 1567 556 1638 legem
605 1576 661 1622 et
711 1568 778 1622 ad
828 1568 1306 1640 interrogationem
1341 1573 1667 1642 respondere
1723 1573 1788 1628 de

169 1658 316 1729 lege.
363 1678 384 1711 ι
425 1659 689 1714 Omnibus
720 1659 748 1698 ιι
779 1659 944 1714 etiam
975 1661 1344 1716 sacerdotibus
1367 1662 1454 1717 illa
1485 1663 1790 1732 specialiter

1879 469 1934 523 in
1964 469 2048 523 his
2083 469 2174 538 qui
2211 468 2262 522 in
2297 468 2654 538 potestatibus
2681 475 2838 522 erant
2866 465 3167 531 constituti,
3207 465 3282 520 ita
3311 474 3369 518 ut
3392 466 3474 520 in-

1881 559 2211 615 terveniendi
2244 559 2319 614 illi
2361 559 2501 628 apud
2551 559 2670 613 illos
2713 558 3066 629 gravissimus
3100 557 3254 612 labor
3285 566 3472 624 esset,

1880 652 1974 720 qui
2006 651 2188 706 omnia
2218 651 2400 720 precio
2434 651 2828 706 distrahebant.
2863 648 3012 716 Quae
3047 664 3136 704 res
3171 665 3333 704 omne
3361 664 3474 703 ma-

1881 741 1990 796 lum
2018 741 2264 812 proximo
2295 741 2498 796 invexit
2530 740 2742 808 italiae,
2793 747 2848 795 et
2888 739 3082 795 exinde
3125 739 3307 794 omnia
3350 754 3476 794 ver-

1883 842 2083 904 guutur
2118 833 2172 887 in
2203 833 2376 902 peius.
2406 832 2475 886 Et
2501 833 2630 901 quid
2656 832 2832 888 dicam
2864 832 2908 886 si
2935 831 2990 885 in
3017 829 3325 886 huiusmodi
3350 843 3476 900 per—

1883 923 2031 980 sonis
2071 924 2144 978 ita
2173 924 2378 978 rabiem
2406 939 2561 978 suam
2587 930 2862 987 exercent,
2889 923 2979 992 qui
3012 921 3190 977 solent
3221 928 3316 976 aut
3337 919 3477 976 lilio-

1883 1031 2004 1072 rum
2030 1023 2122 1069 aut
2155 1015 2580 1084 propinquorum
2616 1027 2809 1068 causas
2843 1013 3162 1082 protendere
3207 1013 3276 1068 ad
3315 1027 3480 1067 excu-

1886 1105 2084 1160 sandas
2113 1103 2489 1158 excusationes
2523 1102 2575 1156 in
2611 1101 2869 1170 peccatis,
2905 1099 3338 1171 quandoquidem
3367 1099 3480 1170 ple-

1887 1211 2081 1266 rosque
2111 1196 2349 1265 coeperit
2382 1195 2546 1249 etiam
2577 1209 2740 1248 caeca
2773 1193 2921 1248 labes
2953 1193 3264 1248 sacerdotes
3285 1191 3370 1246 vel
3404 1191 3482 1246 le-

1886 1287 2044 1353 vitas,
2071 1287 2268 1357 quibus
2296 1285 2475 1356 portio
2509 1285 2654 1339 Deus
2677 1291 2776 1348 est,
2809 1293 2868 1337 ut
2901 1283 3044 1337 illam
3074 1284 3238 1338 etiam
3263 1283 3362 1354 ipsi
3387 1297 3482 1352 ap-

1886 1386 2092 1446 petant.
2118 1376 2186 1431 Et
2212 1391 2278 1432 ve
2307 1375 2436 1430 mihi
2466 1375 2680 1438 misero,
2721 1373 2844 1443 quia
2874 1387 2973 1428 nec
2997 1373 3104 1428 line
3138 1373 3325 1428 mundi
3357 1387 3486 1442 pro-

1888 1483 2173 1530 vocamur,
2200 1474 2260 1520 ut
2297 1475 2405 1520 tam
2437 1465 2587 1537 gravi
2622 1465 2748 1536 iugo
2783 1465 3058 1519 servitutis
3100 1463 3318 1519 liberari
3355 1463 3486 1518 veli-

1889 1573 2030 1620 mus,
2059 1558 2200 1627 quod
2225 1557 2489 1628 demergit
2519 1570 2691 1625 usque
2723 1555 2790 1610 ad
2815 1553 3141 1624 profundum
3179 1549 3395 1619 inferni,
3425 1561 3487 1608 ut

1889 1649 2154 1706 faciamus
2189 1650 2345 1705 nobis
2379 1650 2584 1704 amicos
2615 1649 2680 1705 de
2707 1663 3012 1703 mammona
3041 1646 3364 1716 iniquitatis,
3394 1645 3488 1716 qui

171 1750 456 1806 sententia
489 1751 630 1806 beati
663 1750 910 1821 Gregorii
933 1759 1058 1807 ante
1089 1751 1275 1808 oculos
1303 1755 1679 1810 constituenda
1704 1763 1788 1810 est
1818 1743 1864 1804 Β
1890 1758 1990 1798 nos
2021 1743 2287 1812 recipiant
2311 1742 2364 1796 in
2389 1749 2610 1797 aeterna
2640 1741 3008 1796 tabernacula.
3047 1760 3064 1792 ι

173 1843 230 1897 in
258 1859 374 1912 qua
408 1843 552 1897 inter
573 1849 819 1897 caetera:
855 1861 872 1893 ι
917 1839 1052 1897 Cum
1086 1859 1268 1898 rerum
1291 1843 1466 1914 inquit
1495 1847 1788 1902 necessitas

173 1934 449 2002 exposcit,
499 1934 833 2002 pensandum
879 1932 1034 1988 valde
1069 1941 1153 1988 est
1203 1934 1272 1988 ad
1305 1934 1517 1990 culmen
1561 1935 1789 2006 quisque

176 2025 474 2096 regiminis
524 2023 759 2094 qualiter
795 2024 1014 2088 veniat,
1061 2027 1129 2080 ad
1177 2025 1280 2080 hoc
1325 2025 1426 2080 rite
1468 2027 1790 2095 perveniens

176 2123 423 2192 qualiter
449 2122 616 2186 vivat,
648 2128 703 2176 et
735 2121 872 2176 bene
909 2121 1098 2176 vivens
1133 2121 1368 2190 qualiter
1395 2123 1584 2177 doceat
1614 2129 1669 2176 et
1706 2137 1792 2176 re-

177 2222 266 2268 cte
296 2214 508 2272 doc-rus
543 2211 583 2264 ’.
629 2231 647 2263 ι

251 2305 309 2359 3.
351 2301 494 2370 Quia
521 2313 544 2341 ε
576 2317 706 2358 vero
733 2301 1018 2357 nonnullos
1040 2301 1248 2358 ordinis
1275 2303 1448 2359 nostri
1471 2305 1638 2360 solias
1667 2320 1795 2359 ava-

181 2396 368 2451 ritiam
399 2395 633 2465 turpiter
661 2397 856 2451 sectari
889 2403 945 2450 et
970 2396 1166 2450 merito
1189 2411 1219 2450 a
1245 2397 1426 2451 multis
1451 2397 1790 2466 reprehendi,

181 2495 240 2544 et
264 2489 336 2542 ob
374 2487 431 2542 id
475 2487 728 2560 innoxios
761 2501 884 2541 cum
920 2487 1098 2542 noxiis
1125 2503 1192 2542 ex
1213 2489 1317 2543 hac
1347 2488 1631 2544 occasione
1657 2487 1794 2542 inl‘a—

181 2582 324 2636 mari
350 2579 724 2649 conperimus,
747 2581 816 2635 ab
851 2581 980 2636 hinc
1009 2581 1063 2634 in
1095 2595 1382 2637 commune
1408 2597 1509 2637 nos
1545 2590 1600 2636 et
1625 2582 1794 2638 sotios

183 2681 408 2729 nostros
435 2679 624 2727 mutua
653 2671 1030 2728 exhortatione
1059 2673 1408 2744 corrigendos
1444 2688 1565 2728 esse
1592 2673 1796 2728 iudica-

183 2765 389 2831 vimus,
419 2765 495 2817 ita
532 2762 783 2818 videlicet
807 2771 866 2817 ut
897 2777 998 2818 nec
1025 2779 1125 2819 nos
1153 2764 1208 2818 in
1238 2763 1607 2820 huiuscemodi
1642 2771 1796 2834 peste

187 2853 460 2908 avaritiae
490 2869 671 2908 coram
705 2852 814 2907 Deo
851 2868 1220 2922 peccaremus,
1262 2869 1362 2910 nec
1400 2854 1519 2910 aliis
1560 2871 1660 2926 per
1697 2845 1795 2911 no-

192 2953 376 3001 strum
411 2944 607 2999 malum
632 2945 934 3015 exemplum
965 2946 1280 3002 detrahendi
1317 2956 1370 3002 et
1407 2948 1460 3001 in
1490 2948 1646 3004 nobis
1669 2963 1795 3018 pec-

199 3037 366 3093 candi
393 3036 569 3092 locum
601 3039 865 3092 daremus.
891 3037 1090 3093 Verum
1118 3053 1238 3092 cum
1267 3038 1444 3092 nullus
1465 3039 1794 3094 christianos

197 3131 491 3186 thesauros
545 3132 597 3186 in
653 3139 828 3195 terra,
867 3131 962 3186 sed
996 3131 1176 3200 potius
1229 3131 1525 3186 secundum
1579 3131 1795 3187 Domini

190 3222 529 3277 sententiam
577 3223 630 3278 in
677 3223 828 3278 caelo
874 3223 1169 3278 recondere
1219 3224 1453 3288 debeat,
1501 3225 1798 3280 cavendum

187 3329 484 3383 sumopere
537 3314 912 3369 sacerdotibus
946 3323 1062 3379 est,
1112 3324 1172 3369 ut
1221 3317 1290 3370 ab
1338 3315 1598 3372 avaritiae
1646 3324 1800 3386 peste

186 3420 331 3476 quae
365 3406 522 3460 radix
551 3405 794 3460 omnium
823 3407 1088 3462 malorum
1127 3416 1208 3462 est
1235 3422 1466 3476 suosque
1503 3416 1800 3464 sectatores

186 3515 218 3552 a
249 3513 420 3568 regno
450 3497 657 3552 Christi
693 3497 952 3562 excludit,
984 3513 1042 3554 se
1083 3500 1402 3566 cohibeant;
1433 3503 1689 3570 quoniam
1721 3503 1801 3558 di-

189 3603 297 3658 gne
347 3604 458 3642 non
502 3595 730 3657 possunt
775 3589 1004 3644 subditis
1047 3590 1392 3659 praedicare,
1439 3602 1497 3646 ut
1524 3593 1595 3646 ab
1622 3593 1707 3648 his
1742 3609 1800 3648 se

188 3681 530 3744 abstineant,
569 3695 695 3735 eum
726 3680 828 3750 ipsi
875 3681 960 3736 his
995 3683 1138 3752 quod
1170 3683 1326 3756 valde
1372 3684 1604 3740 dedecus
1635 3685 1800 3740 immo

183 3773 565 3844 periculosum
609 3782 692 3829 est
744 3791 802 3832 se
845 3776 1295 3846 mancipaverint.
1337 3775 1568 3832 Gravius
1603 3777 1802 3848 quippe

186 3868 539 3936 atrotiusqne
574 3868 678 3923 hae
704 3867 994 3938 pestiferae
1027 3867 1142 3923 lues
1183 3868 1238 3924 in
1276 3868 1382 3923 illis
1417 3869 1797 3938 dampnantur,

186 3975 364 4028 quam
401 3959 456 4012 in
491 3959 576 4013 his
623 3959 714 4027 qui
762 3974 948 4014 eorum
989 3959 1151 4014 dictis
1183 3968 1240 4013 et
1287 3959 1550 4028 exemplis
1599 3960 1667 4015 ab
1717 3960 1802 4014 his

185 4049 483 4104 coherceri
517 4048 801 4102 debuerint
843 4048 885 4102 ².
941 4047 1130 4104 Solent
1171 4064 1405 4119 namque
1453 4066 1484 4103 a
1528 4049 1802 4106 nonnullis

187 4139 532 4196 multifariae
567 4141 878 4196 occasiones
909 4142 1130 4197 obtendi
1157 4158 1296 4213 quae
1334 4143 1676 4198 necessitatis
1704 4161 1801 4201 no-

185 4234 344 4288 mine
377 4233 726 4288 blandiantur
759 4234 800 4300 ³,
839 4243 893 4290 et
919 4251 1106 4291 revera
1129 4237 1257 4292 dum
1295 4237 1534 4292 exterius
1567 4240 1803 4296 necessi-

186 4335 275 4380 tas
306 4324 677 4394 pretenditur,
717 4325 948 4381 interius
977 4327 1045 4382 ab
1080 4327 1306 4382 avaritia
1330 4329 1552 4399 tegitur,
1578 4330 1718 4384 unde
1747 4338 1802 4385 et

183 4417 395 4470 beatus
427 4413 662 4485 Prosper
684 4416 788 4471 ait:
834 4435 852 4468 ‹
896 4417 1014 4472 Νοη
1044 4417 1068 4456 ἀ
1107 4425 1288 4488 potest
1331 4419 1510 4475 dicere
1548 4421 1800 4478 sacerdos

184 4508 674 4576 contemptoribus
712 4507 733 4538 '*
768 4509 1152 4566 admonitionis
1185 4528 1318 4567 suae
1369 4509 1610 4568 futurum
1655 4515 1801 4586 cogi-

183 4610 316 4654 tare
349 4597 619 4662 iuditium,
657 4599 800 4668 quod
831 4599 943 4670 ipse
967 4599 1108 4655 forte
1141 4618 1248 4656 non
1270 4603 1502 4674 cogitat;
1543 4607 1802 4662 amatori-

179 4693 295 4747 bus
335 4690 528 4744 mundi
572 4689 751 4744 Nolite
787 4691 1002 4760 diligere
1034 4693 1322 4758 mundum,
1359 4695 1404 4750 si
1463 4712 1588 4750 eum
1649 4713 1804 4753 amor

185 4781 393 4838 mundi
440 4781 718 4847 oblectat;
770 4781 1072 4838 ambitiosis
1115 4784 1448 4842 «Ambitioni
1487 4787 1592 4842 iam
1639 4787 1803 4844 ﬁnem

186 4875 470 4946 imponite
501 4895 545 4940 ι,
575 4873 621 4928 si
654 4889 776 4929 eum
800 4875 1023 4931 ambitio
1055 4877 1273 4932 ruinosa
1303 4880 1606 4950 precipitat.
1643 4902 1662 4934 )
1699 4883 1754 4936 ln
1781 4893 1804 4921 θ

186 4968 306 5022 vita
339 4981 562 5036 quoque
593 4968 739 5022 beati
779 4967 1052 5025 Ambrosii
1087 4970 1309 5045 legitur:
1349 4994 1368 5025 ‹
1413 4975 1810 5047 Ingemiscebat

185 5058 346 5113 enim
373 5058 744 5125 vehementer,
771 5077 893 5115 eum
918 5061 1126 5118 videret
1151 5065 1386 5120 radicem
1414 5068 1657 5124 omnium
1684 5085 1811 5125 ava-

191 5151 412 5218 ritiam,
454 5167 594 5222 quae
625 5168 800 5223 neque
829 5155 984 5225 copia
1011 5171 1184 5226 neque
1207 5158 1388 5229 inopia
1415 5161 1585 5216 minui
1609 5171 1810 5232 potest,

1825 3095 1872 3158 Ο

1832 4461 1882 4522 D

1958 1853 2013 1909 4.
2047 1854 2183 1922 Quia
2213 1853 2231 1891 ί
2255 1868 2382 1924 ergo
2407 1863 2630 1924 propter
2651 1868 2992 1909 communem
3022 1869 3088 1908 ac
3109 1852 3478 1908 necessariam

1889 1945 2282 2002 correctionem
2310 1946 2514 2016 pariter
2542 1946 2936 2016 diligenterque
3006 1945 3405 2015 iuquisivimus,
3434 1949 3490 1998 et

1891 2053 1958 2093 ex
1989 2036 2226 2092 oraculis
2253 2037 2450 2092 divinis
2469 2044 2524 2091 et
2550 2045 2863 2092 sanctorum
2885 2043 3102 2106 patrum
3131 2037 3290 2092 dictis
3313 2035 3490 2090 mani-

1891 2126 2089 2183 festum
2130 2125 2376 2190 fecimus,
2433 2127 2668 2196 qualiter
2695 2128 2762 2181 ad
2793 2127 3065 2196 pastorale
3113 2126 3488 2198 magisterium

1891 2219 2239 2284 veniendum,
2265 2217 2502 2288 qualiter
2529 2219 2581 2273 in
2609 2234 2674 2282 eo
2696 2219 3002 2281 vivendum,
3035 2218 3270 2288 qualiter
3297 2217 3490 2272 docen-
3540 2259 3542 2263 .

1892 2309 2021 2365 dum
2051 2309 2141 2375 sit,
2163 2317 2218 2364 et
2239 2309 2472 2379 qualiter
2498 2308 2809 2364 sacerdotes
2841 2309 3053 2363 Domini
3076 2309 3363 2363 avaritiam
3393 2307 3490 2378 qui

1894 2400 2016 2456 aliis
2038 2399 2212 2456 forma
2239 2407 2293 2454 et
2319 2399 2626 2470 exemplum
2655 2415 2775 2454 esse
2798 2399 2995 2455 debent
3018 2414 3212 2454 cavere
3230 2398 3487 2464 debeant,

1893 2505 2057 2560 opere
2084 2489 2324 2560 precium
2357 2489 2629 2554 duximus,
2665 2504 2764 2544 nos
2794 2489 3092 2544 exortando
3123 2487 3414 2544 admonere
3434 2493 3491 2540 et

1895 2582 2236 2638 admonendo
2255 2581 2563 2645 exhortari,
2614 2588 2672 2634 ut
2724 2579 3150 2649 hospitalitatem
3199 2575 3492 2648 praecipue

1896 2675 2209 2730 sacerdotes
2236 2673 2452 2728 Domini
2473 2672 2672 2728 sectari
2699 2671 3065 2736 meminerint,
3084 2670 3340 2740 quoniam
3361 2670 3494 2724 hac—

1897 2776 2055 2822 tenus
2083 2782 2113 2820 a
2143 2764 2468 2836 quibusdam
2499 2763 2706 2818 ordinis
2731 2761 2903 2817 nostri
2941 2761 3096 2816 soliis
3122 2760 3302 2815 minus
3348 2758 3494 2813 iusto

1896 2859 1950 2914 in
1976 2874 2042 2914 eo
2071 2867 2252 2914 actum
2277 2865 2382 2924 est,
2413 2865 2467 2913 et
2489 2857 2609 2912 ideo
2639 2872 2668 2910 a
2695 2855 2878 2911 multis
2907 2871 3015 2910 non
3045 2854 3222 2910 solum
3265 2853 3368 2924 ipsi
3397 2867 3494 2908 ne-

1897 2953 2192 3022 glegentes,
2227 2965 2414 3004 verum
2461 2948 2625 3003 etiam
2671 2946 3042 3016 hospitalitate
3073 2945 3353 3001 studentes
3401 2943 3495 2998 tali

1903 3043 2325 3114 reprehensione
2345 3049 2472 3096 sunt
2499 3040 2758 3095 denotati.
2792 3039 2964 3094 Porro
2995 3039 3051 3094 si-
3069 3036 3411 3108 hospitalitas
3440 3035 3494 3091 iu

1901 3134 2168 3191 tremendi
2198 3133 2464 3189 examinis
2485 3133 2571 3187 die
2602 3133 2669 3187 ab
2691 3140 2912 3188 aeterno
2932 3131 3108 3186 iudice
3128 3138 3213 3186 est
3242 3143 3496 3185 remune-

1903 3231 2090 3293 randa,
2119 3227 2212 3298 qui
2239 3227 2482 3282 dicturus
2509 3232 2626 3280 est:
2652 3222 2856 3295 Hospes
2879 3223 3050 3293 [αἱρεῖ
3071 3221 3353 3292 collegistis
3391 3235 3494 3286 me,

1901 3329 1956 3378 et
1983 3322 2052 3378 ob
2083 3320 2138 3376 id
2187 3321 2255 3375 ab
2283 3318 2536 3375 cautibus
2587 3317 2900 3372 ehristianis
2947 3329 3234 3384 sumopere
3271 3323 3354 3370 est
3381 3327 3500 3370 sec-

1903 3413 2089 3480 tanda,
2119 3413 2290 3469 multo
2315 3414 2490 3484 magis
2520 3420 2701 3467 tamen
2726 3411 3144 3482 vigilantiusque
3191 3409 3260 3464 ab
3296 3409 3382 3464 his
3403 3407 3498 3478 qui

1901 3505 2067 3560 dictis
2085 3512 2139 3560 et
2163 3504 2424 3574 exemplis
2454 3505 2523 3558 ad
2546 3503 2712 3558 vitam
2736 3511 3016 3558 aeternam
3065 3501 3187 3556 aliis
3231 3501 3494 3556 ducatum

1899 3597 2181 3668 praebent,
2206 3596 2510 3667 postposita
2538 3595 2802 3650 avaritiae
2826 3603 2977 3664 peste
3003 3601 3058 3649 et
3104 3593 3212 3648 alia
3260 3590 3501 3661 qualibet

1901 3688 2219 3752 occasione,
2273 3703 2498 3756 prorsus
2561 3695 2646 3742 est
2699 3685 3036 3756 exequenda.
3098 3683 3183 3740 Ab
3247 3683 3496 3753 apostolo

1902 3784 2100 3855 quippe
2130 3783 2151 3814 ⁸
2177 3783 2320 3837 inter
2363 3790 2543 3837 cetera
2577 3781 2836 3855 virtutum
2870 3779 3184 3849 praeconia,
3215 3793 3356 3848 quae
3383 3777 3503 3846 epi-

1901 3852 2065 3942 scopo
2089 3873 2265 3928 inesse
2287 3871 2503 3936 debent,
2521 3852 2863 3940 hospitalitas
2887 3871 3053 3924 etiam
3077 3867 3328 3923 habenda
3344 3881 3503 3936 prae-

1901 3967 2134 4022 dicatur.
2167 3967 2416 4038 Episcopi
2446 3984 2682 4038 namque
2705 3969 2915 4032 domus,
2947 3974 3007 4020 ut
3032 3961 3227 4022 b'eatus
3249 3962 3503 4018 Hieroni—

1902 4075 2024 4114 mus
2054 4060 2263 4124 scribit,
2287 4060 2528 4114 omnium
2551 4075 2835 4114 commune
2857 4060 3016 4112 debet
3038 4073 3158 4112 esse
3175 4054 3499 4124 hospitium;

1901 4159 1956 4206 et
1987 4151 2160 4206 laicus
2190 4152 2236 4206 si
2267 4168 2436 4206 unum
2473 4159 2568 4205 aut
2597 4151 2734 4206 duos
2761 4158 2854 4204 aut
2881 4165 3086 4219 paucos
3123 4147 3369 4217 recipiat,
3405 4145 3506 4199 im-

1906 4241 2020 4312 plet
2051 4241 2442 4310 hospitalitatis
2468 4240 2738 4308 cilicium;
2772 4248 2826 4296 et
2849 4240 3137 4310 cpiscopus
3165 4239 3270 4294 nisi
3315 4249 3506 4294 omnes

1903 4332 2151 4402 recipiat,
2178 4332 2506 4389 inhumanus
2536 4333 2605 4388 ab
2627 4348 2693 4388 eo
2720 4333 3000 4388 scribitur.

1977 4423 2030 4479 5.
2066 4423 2132 4480 Ut
2153 4424 2371 4496 quando
2391 4425 2627 4495 episcopi
2644 4425 2970 4494 parrochias
2991 4440 3118 4480 suas
3141 4424 3502 4489 circumeunt,

1907 4517 2014 4572 hoc
2041 4531 2332 4586 sumopere
2379 4517 2662 4581 studeant,
2697 4532 2764 4572 ne
2793 4516 2877 4571 his
2905 4516 3104 4586 quibus
3129 4515 3390 4586 prodesse
3414 4516 3508 4570 de-

1909 4611 2142 4666 buerant
2165 4609 2320 4665 oneri
2336 4609 2465 4663 sint.
2485 4609 2782 4664 Didicimus
2801 4625 2933 4664 sane
2953 4607 3291 4678 quorundam
3309 4605 3504 4669 relatu,

1909 4701 2199 4758 nonnullos
2253 4702 2631 4772 episcoporum
2680 4709 2995 4756 nostrorum
3049 4699 3102 4754 in
3149 4697 3508 4768 peragrandis

1908 4797 2218 4866 parrochiis
2261 4797 2376 4852 suis
2428 4813 2536 4853 non
2565 4796 2740 4851 solum
2783 4794 3286 4857 consacerdotihus,
3315 4806 3506 4846 verum

1908 4888 2074 4944 etiam
2103 4887 2428 4958 quibusdam
2479 4886 2600 4942 aliis
2653 4887 2902 4942 ﬁdelibus
2949 4885 3146 4954 quibus
3199 4879 3507 4937 consultum

1910 4979 2056 5036 ferre
2085 4981 2404 5043 debuerant,
2434 4995 2600 5036 onere
2621 4979 2874 5044 existere,
2906 4985 2962 5034 et
2989 4979 3058 5032 ob
3107 4977 3250 5030 hanc
3277 4988 3504 5028 causam

1915 5076 2116 5132 multos
2137 5076 2190 5130 in
2216 5075 2300 5130 sui
2331 5075 2724 5140 detractionem
2753 5071 3273 5138 detestationemque
3296 5073 3509 5136 pertra-

1915 5171 2066 5226 here.
2099 5169 2304 5224 ldcireo
2326 5169 2381 5224 in
2406 5183 2696 5226 commune
2743 5167 3054 5230 statuimus,
3113 5179 3180 5218 ne
3222 5158 3453 5218 ulterius
3475 5174 3506 5213 a

1441 5294 1837 5355 VARIANTES
1873 5299 2279 5356 LILGTIONES.

278 5401 404 5505 ξίίίε
429 5401 1006 5505 ἔρεξε
1034 5405 1312 5505 subice-lae,
1335 5409 1400 5464 ab
1423 5409 1536 5480 ipso
1561 5413 1812 5483 scriptore
1829 5413 2028 5470 deletae
2051 5423 2194 5469 sunt.
2272 5416 2292 5446 ’
2321 5415 2567 5472 debuerit
2587 5434 2632 5472 ο.
2710 5416 2730 5448 ³
2756 5414 3046 5472 balliantur
3067 5429 3204 5469 corr.
3229 5411 3508 5469 blandian~

196 5481 294 5526 tur
325 5487 374 5524 c.
455 5472 988 5544 ‘eontemporalibus
1005 5495 1053 5533 ε.
1133 5477 1154 5509 ⁵
1183 5478 1276 5548 qui
1306 5495 1404 5550 per
1432 5472 1479 5535 ἑ.

277 5647 309 5674 δ
341 5632 402 5686 Ρ.
440 5632 589 5687 1607.

279 5704 590 5774 bl.:t,12,
619 5721 671 5774 p.
707 5705 857 5772 1608,
883 5708 915 5760 l.
956 5711 1036 5766 13.

281 5783 308 5816 ο
337 5772 406 5835 L.
435 5791 474 5843 ι,
507 5772 672 5846 15,1).
712 5777 865 5834 1608.

1737 5555 1943 5612 ΝΟΤᾹΞ
1955 5598 1967 5611 .

1988 5648 2013 5686 ἀ
2044 5646 2390 5718 Ιιήιιηνὶηΐτςι,
2430 5649 2462 5698 l.
2493 5633 2603 5712 δέει
2631 5647 2736 5702 line
2761 5647 2991 5718 paginze.

1993 5732 2014 5758 ο
2041 5719 2098 5771 Ρ.
2136 5717 2285 5772 1609.
2317 5717 2352 5769 Ι.
2389 5718 2472 5773 l8.

1995 5790 2012 5828 ί
2049 5791 2106 5845 1..
2143 5806 2178 5855 ι,
2211 5788 2292 5856 u,
2321 5804 2372 5860 p.
2415 5789 2570 5843 1609.
