3992 6344
602 310 706 368 607

1392 284 1451 360 Β.
1491 304 1742 361 cauom
1781 305 1997 362 suam
2036 304 2184 361 ore.
2229 304 2407 360 rans
2444 303 2482 360 ι.
2527 305 2768 362 SECTIO
2813 304 3045 363 PRIMA.

3778 308 3871 364 603

604 438 879 497 quoquam
912 435 1165 493 episeopo
1197 418 1301 474 tale
1345 418 1474 489 quid
1506 420 1628 485 fiat;
1664 419 1957 474 statuimus
2004 418 2190 483 etiam,
2225 434 2267 491 Α
2297 420 2558 475 avaritiae
2583 421 2863 478 ministros
2890 424 2942 477 in
2970 422 3257 493 parrochia
3293 437 3391 478 sua
3418 422 3795 490 constituerit,
3828 436 3873 479 et

604 526 665 574 ut
684 530 923 587 congruo
951 525 1191 583 tempore
1244 527 1613 582 unusquisque
1661 511 2008 581 parrochiam
2038 526 2192 567 suam

605 610 935 673 circumeat;
969 614 1023 661 et
1039 618 1368 674 quamquam
1384 602 1684 658 auctoritas
1698 603 1960 659 canonica
1982 604 2190 667 doceat,

604 708 666 755 ut
692 707 886 771 quarta
910 712 1039 767 pars
1060 695 1390 751 decimarum
1420 702 1474 750 et
1496 695 1769 749 redituum
1797 711 1866 750 ex
1908 694 2197 750 oblationi-

604 792 707 847 bus
734 789 973 844 tidelium
1001 789 1056 842 in
1086 802 1217 842 usus
1243 788 1622 856 episcoporum
1649 787 1837 852 cedat,
1869 788 2195 857 ubicumque

606 890 790 936 tamen
816 880 1101 949 episcopus
1144 894 1242 934 sua
1273 879 1455 943 habet,
1485 878 1598 933 suis
1629 886 1915 933 contentus
1955 879 2053 945 sit;
2103 879 2194 934 ubi

605 980 787 1027 autem
816 972 950 1026 nihil
974 986 1155 1025 rerum
1178 969 1476 1025 aecclesiae
1506 984 1636 1024 suae
1663 970 1846 1035 habet,
1870 970 2101 1040 accipiat
2130 971 2195 1026 de

604 1070 905 1117 memorata
946 1070 1103 1131 parte
1147 1062 1250 1117 sibi
1284 1062 1504 1130 suisque
1532 1103 1546 1127 ,
1598 1077 1705 1117 non
1764 1063 1910 1132 quod
1965 1063 2193 1117 avaritia

560 1202 563 1207 λ
605 1154 750 1225 quod
772 1155 914 1209 absit
937 1154 1170 1209 suaserit
1217 1154 1310 1209 sed
1340 1154 1520 1223 potius
1549 1153 1695 1224 quod
1727 1155 2024 1210 necessitas
2048 1171 2195 1210 eom-

602 1246 824 1317 pulerit.
841 1245 1093 1300 Ceterum
1115 1244 1163 1312 si
1188 1244 1484 1315 accipiendi
1513 1246 1972 1301 nullanecessitas
1999 1263 2195 1319 urgue-

604 1338 700 1401 rit,
735 1337 870 1392 nihil
920 1337 988 1392 de
1020 1346 1317 1393 memorata
1364 1346 1560 1407 quarta
1603 1347 1758 1409 parte
1815 1340 2066 1409 accipiat,
2100 1342 2192 1396 sed

599 1429 790 1488 usibus
818 1428 1172 1487 ecclesiarum
1196 1435 1250 1483 et
1281 1430 1608 1499 pauperibus
1638 1428 1838 1485 Christi
1887 1431 2196 1500 impertien-

598 1521 729 1576 dum
750 1518 1046 1578 secundum
1070 1534 1223 1573 suam
1248 1519 1657 1589 dispositionem
1685 1521 1975 1591 relinquat.

669 1613 722 1667 6.
763 1611 832 1666 Ut
864 1624 890 1653 α
922 1613 1277 1683 cliorepiscopi
1304 1611 1517 1665 modum
1546 1629 1825 1668 mensurae
1847 1631 1995 1680 suae,
2027 1615 2117 1685 qui
2138 1615 2193 1668 in

597 1707 763 1762 sacris
785 1706 1051 1761 canonicis
1080 1705 1311 1776 preﬁxus
1336 1714 1432 1772 cst,
1459 1723 1562 1761 non
1588 1707 1861 1762 excedant.
1890 1708 2192 1764 Emersisse

2298 523 2485 564 eorum
2530 511 2800 581 cognitam
2861 513 3185 581 pravitatem
3248 513 3578 568 auctoritate
3634 516 3873 582 pastorali

2299 602 2498 656 acriter
2523 600 2689 656 ferire
2713 600 3120 670 detrectaverit,
3160 603 3465 673 exemplum
3504 604 3830 674 neglegentis
3852 606 3870 637 ³

2298 689 2416 745 Ileli
2442 691 2739 747 sacerdotis
2780 692 2979 747 imitari
3007 707 3066 748 se
3090 700 3400 763 cognoscat,
3432 700 3489 748 et
3515 693 3745 748 sinodali
3769 709 3870 750 cor-

2297 784 2537 839 rectione
2592 785 2768 840 modis
2820 786 3071 841 omnibus
3106 769 3515 840 subiacendum.
3565 784 3705 839 Nam
3736 795 3787 841 et
3820 788 3864 841 in

2296 875 2569 930 communi
2595 890 2862 932 consensu
2886 877 3203 943 statuimus,
3248 884 3308 931 ut
3333 878 3710 947 unusquisque
3768 881 3864 949 epi-

2296 981 2585 1036 scoporum
2613 982 2776 1039 super
2799 968 3241 1024 archidiaconum
3266 985 3422 1024 suum
3451 968 3711 1039 deinceps
3742 971 3862 1042 vigi-

2297 1058 2585 1115 lantiorem
2641 1077 2829 1115 curam
2889 1062 3174 1129 adhibeat;
3237 1062 3363 1133 quia
3416 1070 3648 1133 propter
3695 1079 3861 1119 eorum

2297 1153 2578 1208 avaritiam
2604 1161 2659 1206 et
2686 1169 2899 1208 morum
2924 1154 3307 1223 inprobitatcm
3333 1155 3490 1209 multi
3514 1154 3863 1210 scandalizen-

2300 1250 2387 1298 tur
2413 1242 2465 1310 ⁸,
2497 1252 2552 1298 et
2585 1244 2947 1299 ministerium
2977 1244 3313 1301 sacerdotale
3354 1245 3717 1315 vituperatur,
3750 1256 3797 1300 et
3820 1247 3860 1300 in

2297 1337 2542 1393 ecclesiis
2584 1353 2614 1392 a
2662 1337 3037 1394 sacerdotibus
3093 1337 3262 1393 multa
3300 1347 3526 1409 propter
3586 1352 3682 1392 eos
3718 1339 3863 1409 negle-

2298 1440 2518 1503 guntur.

2368 1523 2421 1578 8.
2462 1523 2537 1576 De
2562 1522 2877 1591 presbitcris
2913 1531 2968 1578 et
2993 1537 3182 1578 eorum
3232 1522 3500 1588 ecclesiis,
3544 1522 3691 1577 unde
3723 1522 3856 1577 multa

2296 1613 2653 1684 negleguntur
2698 1622 2753 1667 et
2798 1614 3051 1670 scandala
3100 1622 3449 1683 generantur,
3484 1612 3540 1667 in
3562 1620 3748 1669 nostra
3769 1613 3853 1667 dis-

2296 1705 2548 1760 cussione
2565 1713 2823 1775 quattuor
2854 1705 3011 1760 nobis
3026 1705 3267 1774 pericula
3290 1713 3682 1774 apparuerunt.
3707 1704 3857 1758 Primo

601 1796 1082 1868 reprehensibinem
1095 1805 1149 1851 et
1175 1796 1329 1851 valde
1350 1796 1597 1852 inolitum
1620 1815 1778 1854 usum
1806 1802 2188 1870 comperimus,
2230 1789 2271 1847 Β
2298 1798 2424 1869 quia
2453 1797 2697 1852 nonnulli
2726 1812 2792 1851 ex
2821 1797 2951 1866 ipsis
2978 1796 3351 1851 sacerdotibus
3378 1796 3616 1866 quadam
3654 1798 3857 1851 saccuri-

595 1906 663 1945 eo
685 1891 829 1959 quod
846 1888 1063 1958 quidam
1087 1888 1459 1958 chorepiscopi
1482 1890 1625 1944 ultra
1649 1892 1867 1946 modum
1890 1908 2048 1947 suum
2072 1909 2194 1963 pro-

596 1981 924 2052 gredientes,
948 1987 1002 2035 et
1017 1980 1216 2035 donum
1238 1982 1410 2035 sancti
1439 1980 1671 2051 Spiritus
1692 1999 1790 2053 per
1808 1984 2190 2053 inpositionem

599 2087 855 2126 manuum
890 2071 1126 2135 tradant,
1157 2079 1210 2124 et
1240 2070 1345 2124 alia
1368 2086 1616 2141 quaeque
1637 2088 1777 2143 quae
1805 2072 1935 2129 solis
1974 2076 2191 2144 pontifi-

599 2164 753 2218 cibus
776 2161 1058 2228 debentur,
1084 2169 1273 2217 contra
1302 2161 1385 2217 fas
1405 2174 1687 2235 peragant,
1718 2168 2039 2236 praesertim
2066 2183 2191 2223 cum

598 2255 806 2310 nullum
833 2272 901 2310 ex
926 2256 1268 2327 septuaginta
1311 2258 1618 2329 discipulis,
1670 2276 1903 2330 quorum
1951 2264 2186 2332 speciem

596 2345 651 2398 in
684 2345 912 2400 aeclesia
939 2354 1134 2417 gerunt
1173 2347 1212 2413 ί,
1248 2348 1457 2419 legatur
1502 2352 1676 2405 sancti
1722 2351 1955 2422 Spiritus
1985 2355 2186 2411 donum

595 2452 692 2505 per
731 2452 990 2491 manuum
1036 2438 1416 2508 inpositionem
1462 2442 1776 2510 tradidisse;
1819 2445 1965 2514 quod
2006 2454 2187 2501 autem

591 2531 723 2585 solis
749 2530 1008 2599 apostolis
1023 2545 1321 2601 eorumque
1346 2536 1753 2592 successoribus
1774 2538 1980 2607 proprii
2008 2539 2080 2594 sit
2103 2537 2187 2595 of-

593 2621 701 2675 ficii
731 2623 944 2677 tradere
963 2622 1227 2692 Spiritum
1254 2632 1524 2692 sanctum,
1546 2627 1683 2683 liber
1703 2628 1938 2684 Actuum
1960 2640 2185 2701 aposto-

593 2712 769 2769 lorum
793 2714 972 2771 docet.
1000 2717 1059 2770 lu
1085 2719 1316 2774 concilio
1337 2736 1466 2775 vero
1490 2720 1794 2779 Cesariensi
1822 2726 1900 2780 ita
1926 2728 1993 2783 de
2018 2728 2179 2784 chor-

593 2805 861 2875 episcopis
887 2808 1118 2863 habetur
1136 2810 1398 2879 scriptum
1427 2827 1443 2867 :
1477 2831 1495 2863 ‹
1528 2813 1915 2886 Cborepiscopi
1968 2834 2183 2891 quoque

589 2894 657 2950 ad
684 2897 991 2966 exemplum
1027 2898 1244 2969 quidem
1281 2910 1337 2957 et
1365 2901 1595 2959 formam
1623 2909 1962 2978 septuaginta
1989 2911 2181 2968 viden-

590 2995 680 3042 tur
701 3002 841 3055 esse,
860 2998 921 3044 ut
939 2993 1302 3050 eomministri
1315 3003 1496 3051 autem
1523 3009 1743 3068 propter
1769 3000 2009 3056 studium
2036 3004 2181 3073 quod

585 3095 711 3152 erga
734 3098 998 3153 pauperes
1021 3088 1279 3145 exhibent
1306 3091 1660 3148 honorantur.
1693 3116 1711 3148 ο
1752 3097 1885 3153 Item
1913 3100 1973 3153 in
2003 3102 2180 3156 conci-

584 3166 658 3222 lio
691 3167 1030 3227 Antiocheno
1057 3189 1177 3247 cap.
1218 3176 1285 3230 10
1315 3191 1329 3230 :
1364 3197 1383 3229 ι
1418 3177 1519 3245 Qui
1548 3181 1603 3235 in
1626 3182 1760 3239 vicis
1795 3194 1850 3239 et
1879 3189 2179 3255 possessio-
2208 3147 2252 3208 Ο

584 3257 745 3314 nibus
771 3261 1144 3334 chorepiscopi
1173 3268 1543 3337 nominantur,
1568 3276 1816 3342 quamvis
1857 3293 2051 3335 manus
2077 3280 2179 3334 im-

582 3351 909 3419 positionem
936 3358 1314 3428 episcoporum
1338 3366 1705 3434 perceperint,
1757 3376 1813 3424 et
1844 3378 1905 3425 ut
1940 3373 2177 3443 episcopi

582 3447 887 3500 consecrati
919 3448 1045 3514 sint,
1078 3458 1261 3506 tamen
1308 3463 1529 3510 sanctae
1587 3460 1793 3529 synodo
1840 3462 2064 3532 placuit,
2119 3476 2178 3521 ut

584 3534 804 3589 modum
831 3540 1107 3607 proprium
1132 3555 1545 3614 recognoscant,
1569 3557 1623 3602 et
1641 3552 1944 3619 gubernent
1966 3557 2178 3612 subiec-

582 3632 667 3679 tas
718 3627 819 3681 sibi
863 3630 1142 3696 ecclesias,
1188 3648 1486 3706 eorumque
1525 3640 1895 3697 moderamine
1940 3661 2178 3716 curaque

581 3720 823 3773 contenti
851 3721 960 3775 sint
990 3730 1051 3777 ut
1087 3726 1346 3797 episcopi.
1376 3749 1395 3780 ι

656 3809 707 3862 7.
741 3808 810 3863 Ut
840 3811 866 3850 δ
892 3813 1123 3885 episcopi
1162 3819 1431 3875 ministros
1481 3823 1712 3879 odientes
1750 3829 2030 3885 avaritiam
2084 3849 2177 3904 per

577 3901 884 3970 parrochias
904 3920 1028 3960 suas
1053 3910 1372 3966 constituant
1390 3914 1430 3965 ’.
1449 3913 1825 3985 Comperimus
1836 3901 2174 3990 quorundam

576 3992 957 4063 episcoporum
985 3999 1285 4070 ministros,
1335 4005 1388 4059 id
1414 4015 1497 4061 est
1523 3998 1941 4082 chorepisco'pos
1991 4016 2174 4071 archi-

574 4087 912 4154 presbiteros
946 4098 1002 4145 et
1026 4094 1461 4164 archidiaconus,
1490 4116 1598 4156 non
1629 4102 1801 4157 solum
1830 4105 1883 4159 in
1910 4108 2175 4175 presbite-

579 4179 654 4233 ris
686 4183 779 4237 sed
808 4184 972 4239 etiam
1009 4186 1065 4241 in
1091 4188 1338 4257 plebibus
1364 4195 1686 4261 parrochiae
1722 4213 1853 4252 suae
1888 4202 2172 4257 avaritiam

579 4270 762 4337 potius
797 4288 1054 4331 exercere
1090 4293 1250 4347 quam
1287 4281 1511 4336 utilitati
1557 4284 1961 4344 ecclesiasticae
2004 4292 2175 4365 digni-

579 4362 707 4415 tatis
745 4361 1007 4419 inservire
1064 4370 1355 4440 populique
1402 4373 1563 4428 saluti
1624 4378 1940 4445 consulere;
2007 4361 2171 4452 quam

575 4450 973 4522 neglegentiam
1010 4457 1175 4513 immo
1210 4463 1514 4518 execrabile
1557 4481 1620 4521 ac
1647 4467 1990 4538 dampnabile
2019 4450 2169 4541 cupi-

571 4541 759 4597 ditatis
801 4545 991 4602 vitium
1014 4589 1029 4615 ,
1070 4565 1258 4607 omnes
1285 4553 1340 4607 in
1367 4570 1657 4613 commune
1688 4560 1947 4632 deinceps
1992 4565 2165 4619 vitan-

571 4634 699 4689 dum
728 4638 1037 4695 statuimus.
1075 4641 1510 4703 Pertimescenda
1563 4665 1728 4720 porro
1775 4662 1830 4707 et
1878 4655 2166 4726 vigilanter

571 4731 812 4785 cavenda
859 4743 945 4788 est
977 4736 1353 4796 sacerdotibus
1408 4742 1653 4812 Domini,
1696 4746 1816 4801 Heli
1868 4748 2167 4805 sacerdotis

573 4820 749 4886 ruina,
775 4821 868 4891 qui
891 4822 1032 4880 filios
1059 4842 1185 4883 suos
1230 4829 1449 4902 indigne
1497 4844 1723 4904 agentes
1769 4838 2167 4910 Dominumque

573 4910 625 4963 in
655 4911 768 4966 suis
812 4915 996 4982 pravis
1037 4917 1249 4976 actibus
1284 4921 1351 4975 ad
1404 4923 1746 4981 iracundiam
1783 4939 2162 4998 provocantes,

571 5002 946 5075 sacrificioque
979 5004 1193 5064 Domini
1228 5011 1481 5068 iniuriam
1516 5015 1854 5089 inrogantes,
1893 5021 2018 5090 quia
2046 5035 2167 5075 ver—

571 5092 654 5147 bis
680 5102 893 5150 tantum
925 5104 982 5152 et
1030 5115 1139 5154 non
1176 5104 1494 5162 verberibus
1554 5111 1852 5179 corripuit,
1924 5128 2048 5168 cum
2086 5114 2167 5170 cis

571 5186 748 5242 divina
778 5189 1029 5262 iustaque
1064 5194 1271 5250 ultione
1308 5202 1593 5257 ruentibus
1646 5204 1773 5258 ruit.
1826 5204 1895 5264 At
1928 5205 1974 5261 si
2024 5206 2165 5263 forte

569 5277 711 5344 quod
745 5281 887 5335 absit
941 5284 1081 5342 ullus
1128 5287 1532 5365 episcoporum,
1556 5292 1812 5366 deinceps
1866 5306 2166 5355 sectatores

2196 4509 2247 4569 υ

2297 1898 2409 1946 tate
2463 1898 2703 1960 accepta,
2746 1906 2847 1945 nec
2871 1905 2935 1944 ea
2978 1905 3116 1960 quae
3144 1889 3210 1944 ad
3247 1890 3453 1946 cultum
3493 1892 3759 1960 pertinent
3796 1892 3837 1946 fa

2295 1984 2465 2048 ciunt,
2508 1997 2684 2051 neque
2712 1983 2764 2036 in
2797 1982 3193 2037 restauratione
3226 1990 3280 2035 et
3326 1982 3691 2037 luminaribus
3721 1983 3855 2052 eccle-

2294 2075 2407 2129 siae
2427 2072 2663 2129 studium
2688 2074 2910 2139 habent,
2952 2088 3049 2129 nec
3081 2073 3245 2128 etiam
3268 2074 3581 2129 senioribus
3607 2075 3716 2130 suis
3735 2074 3851 2130 debi-

2295 2175 2403 2219 tam
2440 2164 2797 2220 reverentiam
2836 2163 3112 2229 exhibent,
3141 2171 3194 2218 et
3221 2163 3444 2234 insuper
3467 2164 3728 2220 ecclesias
3749 2182 3848 2221 suas

2292 2256 2585 2326 expoliunt,
2622 2265 2677 2311 et
2715 2256 2768 2309 in
2794 2254 3037 2325 prediola
3089 2271 3188 2310 sua
3233 2258 3453 2326 propria
3516 2256 3845 2322 transferunt;

2290 2363 2429 2418 quae
2448 2348 2627 2402 omnia
2655 2347 2721 2401 ad
2768 2348 3157 2419 neglegentiam
3187 2350 3568 2420 episcoporum
3608 2354 3848 2421 pertinere

2290 2440 2762 2509 deprehendimus.
2792 2439 2873 2496 Ob
2921 2439 2975 2495 id
3012 2456 3140 2496 vero
3175 2440 3408 2511 quadam
3455 2442 3740 2499 occasione
3777 2460 3848 2498 ac-

2288 2540 2463 2601 cepta,
2488 2532 2728 2587 seniores
2753 2547 2940 2588 eorum
2966 2531 3244 2588 audaciter
3269 2545 3646 2605 prorumpunt,
3672 2546 3733 2590 ut
3774 2552 3849 2593 eos

2286 2627 2450 2680 etiam
2489 2625 2693 2681 inlicite
2719 2633 2774 2681 et
2812 2625 3095 2680 inhoneste
3136 2632 3301 2697 atque
3330 2627 3691 2682 inreverentcr
3732 2636 3849 2684 trac-

2286 2723 2405 2773 tare
2431 2724 2765 2787 presumant.
2798 2715 2954 2772 Unde
2976 2731 3263 2787 sumopere
3301 2717 3555 2774 omnibus
3579 2719 3729 2775 nobis
3769 2720 3850 2772 ab.

2287 2809 2414 2869 hinc
2439 2809 2834 2880 providendum
2861 2807 3240 2875 indicavimus,
3262 2818 3342 2864 ,ut
3367 2826 3433 2865 ea
3462 2826 3588 2882 quae
3613 2827 3641 2865 a
3660 2810 3846 2865 domno

2285 2902 2613 2971 imperatore
2637 2918 2761 2957 cum
2783 2917 3051 2958 consensu
3086 2902 3465 2972 episcoporum
3513 2905 3577 2960 ob
3604 2904 3846 2959 honorem

2283 3002 2337 3050 et
2369 3010 2611 3050 amorem
2648 2995 2745 3050 Dei
2775 2995 3022 3051 ecclesiis
3079 3012 3400 3052 concessum
3453 3007 3535 3053 est
3570 2999 3609 3063 ',
3660 3015 3761 3054 non
3802 2998 3844 3052 in

2285 3088 2568 3143 avaritiam
2603 3088 3061 3158 presbiterorum,
3108 3099 3203 3145 aut
3254 3091 3306 3145 in
3345 3093 3699 3160 rapacitatem
3755 3093 3846 3163 epi-

2284 3179 2578 3248 sc0palium
2618 3180 2990 3236 ministrorum
3049 3182 3272 3248 cedant,
3336 3183 3431 3238 sed
3490 3184 3546 3237 in
3594 3184 3845 3238 utilitatem

2283 3272 2545 3329 ecclesiae
2603 3281 2656 3328 et
2694 3274 2746 3328 in
2807 3290 2939 3330 usus
2986 3274 3308 3331 clericorum
3343 3284 3397 3332 et
3451 3292 3743 3349 pauperum
3771 3278 3846 3333 de-

2282 3364 2520 3418 veniant.

2351 3455 2405 3510 9.
2442 3455 2576 3510 lllud
2616 3472 2830 3527 quoque
2867 3473 2971 3513 non
3016 3459 3196 3514 minus
3228 3460 3602 3530 periculosum
3634 3478 3749 3520 esse
3782 3463 3845 3518 di-

2280 3547 2529 3614 dicimus,
2553 3548 2695 3618 quod
2718 3550 2771 3604 in
2790 3551 3131 3619 quorundam
3144 3552 3523 3623 episcoporum
3547 3554 3848 3625 parroechiis

2280 3637 2545 3709 quosdam
2609 3641 2945 3709 presbiteros
2999 3652 3188 3698 contra
3224 3643 3516 3701 interdicta
3565 3657 3844 3703 sanctorum

2280 3745 2550 3786 canonum
2588 3731 2819 3788 feminas
2858 3734 2910 3787 in
2935 3733 3187 3790 domibus
3207 3735 3322 3791 suis
3359 3752 3467 3792 non
3504 3737 3685 3793 solum
3718 3739 3844 3793 habi-

2278 3827 2415 3887 tare,
2453 3821 2547 3877 sed
2580 3822 2744 3877 etiam
2782 3824 2885 3879 sibi
2922 3825 3234 3882 ministrare
3270 3826 3510 3894 faciunt;
3549 3839 3762 3901 quaset
3787 3829 3843 3882 la-

2277 3929 2477 3984 queum
2512 3914 2885 3972 sacerdotibus
2923 3932 3149 3987 persepe
3170 3920 3438 3986 extitisse,
3463 3929 3520 3975 et
3549 3922 3748 3978 multos
3768 3921 3848 3976 hac

2275 4009 2561 4064 occasione
2596 4010 2650 4064 in
2691 4009 3006 4065 scandalum
3030 4020 3085 4066 et
3106 4011 3162 4066 in
3185 4010 3583 4069 detractionem
3603 4013 3847 4070 corruisse

2276 4103 2646 4173 cognovimus.
2687 4102 2802 4170 Que
2838 4105 3200 4176 transgressio
3234 4114 3292 4160 et
3323 4113 3570 4175 tempore
3614 4102 3848 4177 genitoris

2275 4198 2443 4252 vestri
2471 4208 2526 4253 et
2550 4205 2732 4252 vestro
2754 4198 2808 4253 in
2844 4199 3200 4256 conventibus
3224 4200 3244 4231 °
3267 4200 3651 4271 episcoporum
3677 4216 3847 4257 secuno

2274 4286 2402 4343 dum
2437 4289 2819 4344 auctoritatem
2851 4290 3171 4346 canonicam
3200 4291 3496 4361 prohibita,
3521 4292 3619 4347 sed
3644 4291 3846 4347 necdum

2274 4380 2343 4435 ad
2364 4379 2749 4449 perfectionem
2777 4382 2936 4451 plene
2981 4391 3067 4438 est
3109 4384 3391 4453 perducta.
3434 4383 3592 4440 Unde
3625 4385 3680 4439 in
3715 4399 3844 4439 com-

2272 4486 2434 4527 mune
2490 4472 2829 4539 censuimus,
2884 4482 2947 4529 ut
2972 4474 3027 4529 hi
3058 4475 3151 4544 qui
3187 4483 3370 4531 tantae
3418 4475 3847 4547 transgressionis

2273 4562 2668 4619 ineorrectores
2701 4565 2967 4622 hactenus
3022 4568 3338 4634 extiterunt,
3376 4569 3422 4624 si
3476 4570 3677 4626 abhinc
3709 4570 3847 4626 huim

2273 4656 2352 4711 rei
2403 4666 2742 4714 concolores
2805 4672 2927 4714 esse
2984 4661 3354 4732 neglexerint,
3427 4663 3579 4718 iuxta
3633 4663 3845 4735 apostoli

2272 4750 2597 4804 sententiam
2650 4750 2809 4821 quasi
2877 4754 3280 4811 consentientes
3343 4755 3611 4811 malorum
3668 4757 3841 4813 coher-

2274 4849 2523 4895 ceantur.

2348 4935 2434 4989 10.
2477 4934 2739 4990 Similiter
2765 4947 2786 4976 ε
2827 4937 2895 4993 de
2931 4938 3036 4994 illis
3074 4940 3392 5010 presbiteris
3417 4940 3509 5012 qui
3537 4950 3727 4997 contra
3755 4948 3849 4996 sta-

2275 5033 2388 5079 tuta
2437 5040 2709 5082 canonum
2744 5027 2891 5083 vilici
2940 5028 3107 5095 fiunt,
3162 5031 3419 5086 tabernas
3468 5031 3848 5102 ingrediuntur,

2272 5115 2450 5184 turpia
2482 5115 2635 5170 lucra
2673 5126 2975 5187 sectantur,
3001 5127 3057 5174 et
3078 5120 3465 5176 diversissimis
3487 5122 3663 5176 modis
3687 5118 3851 5175 usuris

2271 5206 2601 5277 inserviunt,
2634 5216 2689 5265 et
2719 5210 2948 5266 aliorum
2983 5210 3174 5269 domos
3196 5213 3483 5277 inhoneste
3517 5230 3583 5269 ac
3615 5213 3849 5284 inpudice

2266 5294 2636 5367 frequentant,
2653 5303 3209 5360 etcomessationibus
3227 5311 3285 5360 et
3302 5303 3661 5362 ebrietatibus
3682 5304 3849 5361 deser-

1800 5414 2191 5471 VARIANTES
2228 5415 2635 5476 LECTIONES.

651 5482 663 5511 '
684 5484 821 5552 gerit
848 5503 987 5543 corr.
1011 5504 1206 5560 gerunt
1229 5497 1409 5553 codex.
1490 5501 1510 5531 ’
1528 5517 1576 5557 c.
1599 5503 1740 5559 deest
1765 5504 1822 5561 in
1846 5524 1892 5560 ε.
1971 5506 1992 5538 ³
2019 5508 2427 5580 neglegentibus
2449 5526 2497 5563 c.
2575 5511 2597 5542 δ
2618 5511 3053 5569 scandalizentur
3069 5530 3116 5568 c.
3180 5514 3200 5546 "
3223 5515 3298 5569 sic
3319 5532 3366 5570 c.
3444 5517 3465 5549 ⁵
3486 5526 3783 5575 conuentus
3802 5530 3847 5570 c.

2096 5619 2327 5675 ΝΟΤίΕ.

642 5703 751 5778 ξιξ,
786 5720 823 5765 ι,
852 5706 941 5769 9.7,
970 5725 1023 5778 p.
1074 5712 1225 5768 l6l7.

641 5771 668 5806 δ
712 5773 749 5812 ¹ν
808 5792 819 5824 t
875 5771 1029 5831 ‘25.}
1072 5783 1225 5835 HiHi.

2350 5743 2369 5771 c
2417 5733 2498 5789 (η’.
2532 5751 2567 5798 ι,
2597 5736 2685 5803 es,
2721 5753 2775 5808 p.
2810 5738 2965 5795 l6l8.
