  <div class='ocr_page' id='page_1' title='image "/cluster/home/n/w/nwhite01/storage/ocr_20150623/97/hvd.32044015466766/324.png"; bbox 0 0 3992 6344; ppageno 0'>
   <div class='ocr_carea' id='block_1_1' title="bbox 150 308 276 363">
    <p class='ocr_par' dir='ltr' id='par_1_1' title="bbox 150 308 276 363">
     <span class='ocr_line' id='line_1_1' title="bbox 150 308 276 363; baseline 0.032 -4"><span class='ocrx_word' id='word_1_1' title='bbox 150 308 276 363; x_wconf 67' lang='lat'><strong>639</strong></span> 
     </span>
    </p>
   </div>
   <div class='ocr_carea' id='block_1_2' title="bbox 515 308 1748 384">
    <p class='ocr_par' dir='ltr' id='par_1_2' title="bbox 515 308 1723 367">
     <span class='ocr_line' id='line_1_2' title="bbox 515 308 1723 367; baseline 0.002 -4"><span class='ocrx_word' id='word_1_2' title='bbox 515 308 740 365; x_wconf 79' lang='lat' dir='ltr'><strong>CODEX</strong></span> <span class='ocrx_word' id='word_1_3' title='bbox 778 308 1374 366; x_wconf 71' lang='lat' dir='ltr'><strong>DIPLOMATICUS.——</strong></span> <span class='ocrx_word' id='word_1_4' title='bbox 1408 309 1723 367; x_wconf 83' lang='lat' dir='ltr'><strong>LUDOVICI</strong></span> 
     </span>
    </p>
   </div>
   <div class='ocr_carea' id='block_1_3' title="bbox 1857 308 3121 384">
    <p class='ocr_par' dir='ltr' id='par_1_3' title="bbox 1863 310 3121 384">
     <span class='ocr_line' id='line_1_3' title="bbox 1863 310 3121 384; baseline 0.011 -17"><span class='ocrx_word' id='word_1_5' title='bbox 1863 310 1904 367; x_wconf 80' lang='grc' dir='ltr'><strong>Τ</strong></span> <span class='ocrx_word' id='word_1_6' title='bbox 1940 313 2262 375; x_wconf 77' lang='lat' dir='ltr'><strong>LOTllARll</strong></span> <span class='ocrx_word' id='word_1_7' title='bbox 2300 320 2957 382; x_wconf 61' lang='lat' dir='ltr'><strong>(IAPI&#39;I&#39;ULARJA.-AN.</strong></span> <span class='ocrx_word' id='word_1_8' title='bbox 2996 327 3121 384; x_wconf 74' lang='lat'><strong>8‘29.</strong></span> 
     </span>
    </p>
   </div>
   <div class='ocr_carea' id='block_1_4' title="bbox 3343 331 3450 388">
    <p class='ocr_par' dir='ltr' id='par_1_4' title="bbox 3343 331 3450 388">
     <span class='ocr_line' id='line_1_4' title="bbox 3343 331 3450 388; baseline -0.047 0"><span class='ocrx_word' id='word_1_9' title='bbox 3343 331 3450 388; x_wconf 73' lang='grc' dir='ltr'><strong>διο</strong></span> 
     </span>
    </p>
   </div>
   <div class='ocr_carea' id='block_1_5' title="bbox 151 409 3453 510">
    <p class='ocr_par' dir='ltr' id='par_1_5' title="bbox 151 409 3453 510">
     <span class='ocr_line' id='line_1_5' title="bbox 151 409 3453 510; baseline 0.008 -35"><span class='ocrx_word' id='word_1_10' title='bbox 151 422 291 479; x_wconf 61' lang='lat' dir='ltr'><strong>xire</strong></span> <span class='ocrx_word' id='word_1_11' title='bbox 315 439 428 479; x_wconf 91' lang='lat' dir='ltr'><strong>non</strong></span> <span class='ocrx_word' id='word_1_12' title='bbox 453 424 801 488; x_wconf 88' lang='lat' dir='ltr'><strong>erubescunt,</strong></span> <span class='ocrx_word' id='word_1_13' title='bbox 838 432 891 478; x_wconf 92' lang='lat' dir='ltr'><strong>et</strong></span> <span class='ocrx_word' id='word_1_14' title='bbox 916 439 1013 493; x_wconf 89' lang='lat' dir='ltr'><strong>per</strong></span> <span class='ocrx_word' id='word_1_15' title='bbox 1033 423 1275 479; x_wconf 83' lang='lat' dir='ltr'><strong>diversos</strong></span> <span class='ocrx_word' id='word_1_16' title='bbox 1304 434 1569 509; x_wconf 85' lang='lat' dir='ltr'><strong>mercatos</strong></span> <span class='ocrx_word' id='word_1_17' title='bbox 1592 424 1757 479; x_wconf 85' lang='lat' dir='ltr'><strong>indis—</strong></span> <span class='ocrx_word' id='word_1_18' title='bbox 1789 426 1829 483; x_wconf 72' lang='grc' dir='ltr'><strong>Α</strong></span> <span class='ocrx_word' id='word_1_19' title='bbox 1861 427 1926 481; x_wconf 91' lang='lat' dir='ltr'><strong>de</strong></span> <span class='ocrx_word' id='word_1_20' title='bbox 1947 430 2295 487; x_wconf 89' lang='lat' dir='ltr'><strong>aeclesiarum</strong></span> <span class='ocrx_word' id='word_1_21' title='bbox 2321 436 2481 490; x_wconf 86' lang='lat' dir='ltr'><strong>rebus</strong></span> <span class='ocrx_word' id='word_1_22' title='bbox 2500 409 2695 506; x_wconf 79' lang='lat' dir='ltr'><strong>quibus</strong></span> <span class='ocrx_word' id='word_1_23' title='bbox 2717 448 2979 507; x_wconf 78' lang='lat' dir='ltr'><strong>praesunt</strong></span> <span class='ocrx_word' id='word_1_24' title='bbox 3000 441 3220 510; x_wconf 89' lang='lat' dir='ltr'><strong>praedia</strong></span> <span class='ocrx_word' id='word_1_25' title='bbox 3245 456 3312 501; x_wconf 90' lang='lat' dir='ltr'><strong>eo</strong></span> <span class='ocrx_word' id='word_1_26' title='bbox 3339 462 3453 501; x_wconf 82' lang='lat' dir='ltr'><strong>mo-</strong></span> 
     </span>
    </p>
   </div>
   <div class='ocr_carea' id='block_1_6' title="bbox 153 514 1762 582">
    <p class='ocr_par' dir='ltr' id='par_1_6' title="bbox 153 514 1762 582">
     <span class='ocr_line' id='line_1_6' title="bbox 153 514 1762 582; baseline 0.003 -15"><span class='ocrx_word' id='word_1_27' title='bbox 153 523 329 569; x_wconf 76' lang='lat' dir='ltr'><strong>crete</strong></span> <span class='ocrx_word' id='word_1_28' title='bbox 352 514 687 579; x_wconf 89' lang='lat' dir='ltr'><strong>discurrunt,</strong></span> <span class='ocrx_word' id='word_1_29' title='bbox 720 515 1113 570; x_wconf 88' lang='lat' dir='ltr'><strong>observandum</strong></span> <span class='ocrx_word' id='word_1_30' title='bbox 1168 516 1541 582; x_wconf 90' lang='lat' dir='ltr'><strong>iudicavimus,</strong></span> <span class='ocrx_word' id='word_1_31' title='bbox 1603 524 1662 571; x_wconf 93' lang='lat' dir='ltr'><strong>ut</strong></span> <span class='ocrx_word' id='word_1_32' title='bbox 1692 517 1762 572; x_wconf 88' lang='lat' dir='ltr'><strong>ab</strong></span> 
     </span>
    </p>
   </div>
   <div class='ocr_carea' id='block_1_7' title="bbox 153 604 1764 681">
    <p class='ocr_par' dir='ltr' id='par_1_7' title="bbox 153 604 1764 681">
     <span class='ocr_line' id='line_1_7' title="bbox 153 604 1764 681; baseline 0.005 -24"><span class='ocrx_word' id='word_1_33' title='bbox 153 604 304 659; x_wconf 87' lang='lat' dir='ltr'><strong>hinc</strong></span> <span class='ocrx_word' id='word_1_34' title='bbox 337 606 587 663; x_wconf 77' lang='lat' dir='ltr'><strong>districto</strong></span> <span class='ocrx_word' id='word_1_35' title='bbox 636 608 1000 678; x_wconf 87' lang='lat' dir='ltr'><strong>severiterque</strong></span> <span class='ocrx_word' id='word_1_36' title='bbox 1053 610 1066 640; x_wconf 79' lang='grc' dir='ltr'>ι</span> <span class='ocrx_word' id='word_1_37' title='bbox 1113 611 1534 676; x_wconf 81' lang='lat' dir='ltr'><strong>coherceantur,’</strong></span> <span class='ocrx_word' id='word_1_38' title='bbox 1557 626 1625 665; x_wconf 90' lang='lat' dir='ltr'><strong>ne</strong></span> <span class='ocrx_word' id='word_1_39' title='bbox 1666 626 1764 681; x_wconf 89' lang='lat' dir='ltr'><strong>per</strong></span> 
     </span>
    </p>
   </div>
   <div class='ocr_carea' id='block_1_8' title="bbox 148 699 1762 766">
    <p class='ocr_par' dir='ltr' id='par_1_8' title="bbox 148 699 1762 766">
     <span class='ocr_line' id='line_1_8' title="bbox 148 699 1762 766; baseline 0.006 -16"><span class='ocrx_word' id='word_1_40' title='bbox 148 710 364 752; x_wconf 60' lang='lat' dir='ltr'><strong>eorum</strong></span> <span class='ocrx_word' id='word_1_41' title='bbox 390 699 651 753; x_wconf 74' lang='lat' dir='ltr'><strong>inlicitam</strong></span> <span class='ocrx_word' id='word_1_42' title='bbox 676 706 730 755; x_wconf 89' lang='lat' dir='ltr'><strong>et</strong></span> <span class='ocrx_word' id='word_1_43' title='bbox 754 700 1091 755; x_wconf 80' lang='lat' dir='ltr'><strong>indecentem</strong></span> <span class='ocrx_word' id='word_1_44' title='bbox 1117 700 1404 766; x_wconf 91' lang='lat' dir='ltr'><strong>actionem,</strong></span> <span class='ocrx_word' id='word_1_45' title='bbox 1432 711 1489 756; x_wconf 90' lang='lat' dir='ltr'><strong>et</strong></span> <span class='ocrx_word' id='word_1_46' title='bbox 1518 702 1762 759; x_wconf 89' lang='lat' dir='ltr'><strong>ministe-</strong></span> 
     </span>
    </p>
   </div>
   <div class='ocr_carea' id='block_1_9' title="bbox 150 788 1761 862">
    <p class='ocr_par' dir='ltr' id='par_1_9' title="bbox 150 788 1761 862">
     <span class='ocr_line' id='line_1_9' title="bbox 150 788 1761 862; baseline 0.004 -20"><span class='ocrx_word' id='word_1_47' title='bbox 150 788 316 843; x_wconf 82' lang='lat' dir='ltr'><strong>n&#39;um</strong></span> <span class='ocrx_word' id='word_1_48' title='bbox 354 789 693 846; x_wconf 80' lang='lat' dir='ltr'><strong>sacerdotale</strong></span> <span class='ocrx_word' id='word_1_49' title='bbox 736 791 1089 861; x_wconf 79' lang='lat' dir='ltr'><strong>vituperetur,</strong></span> <span class='ocrx_word' id='word_1_50' title='bbox 1146 800 1200 846; x_wconf 92' lang='lat' dir='ltr'><strong>et</strong></span> <span class='ocrx_word' id='word_1_51' title='bbox 1231 793 1427 862; x_wconf 87' lang='lat' dir='ltr'><strong>quibus</strong></span> <span class='ocrx_word' id='word_1_52' title='bbox 1457 793 1761 849; x_wconf 84' lang='lat' dir='ltr'><strong>debuerant</strong></span> 
     </span>
    </p>
   </div>
   <div class='ocr_carea' id='block_1_10' title="bbox 150 882 1361 958">
    <p class='ocr_par' dir='ltr' id='par_1_10' title="bbox 150 882 1361 958">
     <span class='ocr_line' id='line_1_10' title="bbox 150 882 1361 958; baseline 0.002 -22"><span class='ocrx_word' id='word_1_53' title='bbox 150 896 291 937; x_wconf 85' lang='lat' dir='ltr'><strong>esse</strong></span> <span class='ocrx_word' id='word_1_54' title='bbox 328 882 389 936; x_wconf 91' lang='lat' dir='ltr'><strong>in</strong></span> <span class='ocrx_word' id='word_1_55' title='bbox 415 883 737 953; x_wconf 87' lang='lat' dir='ltr'><strong>exemplum,</strong></span> <span class='ocrx_word' id='word_1_56' title='bbox 773 883 905 939; x_wconf 88' lang='lat' dir='ltr'><strong>ﬁant</strong></span> <span class='ocrx_word' id='word_1_57' title='bbox 936 884 993 958; x_wconf 85' lang='lat' dir='ltr'><strong>in</strong></span> <span class='ocrx_word' id='word_1_58' title='bbox 1025 884 1361 940; x_wconf 81' lang='lat' dir='ltr'><strong>scandalum.</strong></span> 
     </span>
    </p>
   </div>
   <div class='ocr_carea' id='block_1_11' title="bbox 230 976 1760 1043">
    <p class='ocr_par' dir='ltr' id='par_1_11' title="bbox 230 976 1760 1043">
     <span class='ocr_line' id='line_1_11' title="bbox 230 976 1760 1043; baseline 0.002 -12"><span class='ocrx_word' id='word_1_59' title='bbox 230 977 330 1031; x_wconf 78' lang='grc' dir='ltr'><strong>Η.</strong></span> <span class='ocrx_word' id='word_1_60' title='bbox 391 976 545 1043; x_wconf 83' lang='lat' dir='ltr'><strong>Quod</strong></span> <span class='ocrx_word' id='word_1_61' title='bbox 599 990 624 1018; x_wconf 75' lang='grc' dir='ltr'>α</span> <span class='ocrx_word' id='word_1_62' title='bbox 667 979 986 1033; x_wconf 76' lang='lat' dir='ltr'><strong>conversatio</strong></span> <span class='ocrx_word' id='word_1_63' title='bbox 1044 977 1384 1033; x_wconf 76' lang='lat' dir='ltr'><strong>sacerdotalis</strong></span> <span class='ocrx_word' id='word_1_64' title='bbox 1429 986 1579 1034; x_wconf 86' lang='lat' dir='ltr'><strong>testes</strong></span> <span class='ocrx_word' id='word_1_65' title='bbox 1626 979 1760 1034; x_wconf 81' lang='lat' dir='ltr'><strong>vitae</strong></span> 
     </span>
    </p>
   </div>
   <div class='ocr_carea' id='block_1_12' title="bbox 150 1070 1753 1141">
    <p class='ocr_par' dir='ltr' id='par_1_12' title="bbox 150 1070 1753 1141">
     <span class='ocr_line' id='line_1_12' title="bbox 150 1070 1753 1141; baseline 0.002 -18"><span class='ocrx_word' id='word_1_66' title='bbox 150 1071 469 1138; x_wconf 78' lang='lat' dir='ltr'><strong>probabiles</strong></span> <span class='ocrx_word' id='word_1_67' title='bbox 493 1071 698 1125; x_wconf 78' lang='lat' dir='ltr'><strong>habeat.</strong></span> <span class='ocrx_word' id='word_1_68' title='bbox 752 1070 875 1126; x_wconf 89' lang='lat' dir='ltr'><strong>Pari</strong></span> <span class='ocrx_word' id='word_1_69' title='bbox 904 1086 1032 1141; x_wconf 84' lang='lat' dir='ltr'><strong>ergo</strong></span> <span class='ocrx_word' id='word_1_70' title='bbox 1075 1085 1343 1127; x_wconf 90' lang='lat' dir='ltr'><strong>consensu</strong></span> <span class='ocrx_word' id='word_1_71' title='bbox 1376 1072 1531 1127; x_wconf 91' lang='lat' dir='ltr'><strong>nobis</strong></span> <span class='ocrx_word' id='word_1_72' title='bbox 1577 1071 1753 1126; x_wconf 90' lang='lat' dir='ltr'><strong>visum</strong></span> 
     </span>
    </p>
   </div>
   <div class='ocr_carea' id='block_1_13' title="bbox 151 1160 1754 1232">
    <p class='ocr_par' dir='ltr' id='par_1_13' title="bbox 151 1160 1754 1232">
     <span class='ocr_line' id='line_1_13' title="bbox 151 1160 1754 1232; baseline -0.001 -15"><span class='ocrx_word' id='word_1_73' title='bbox 151 1173 277 1228; x_wconf 84' lang='lat' dir='ltr'><strong>est,</strong></span> <span class='ocrx_word' id='word_1_74' title='bbox 341 1174 409 1217; x_wconf 85' lang='lat' dir='ltr'><strong>ut</strong></span> <span class='ocrx_word' id='word_1_75' title='bbox 438 1161 723 1232; x_wconf 90' lang='lat' dir='ltr'><strong>pontiﬁces</strong></span> <span class='ocrx_word' id='word_1_76' title='bbox 757 1170 1067 1216; x_wconf 88' lang='lat' dir='ltr'><strong>sanctorum</strong></span> <span class='ocrx_word' id='word_1_77' title='bbox 1127 1160 1499 1217; x_wconf 64' lang='lat' dir='ltr'><strong>decedendum</strong></span> <span class='ocrx_word' id='word_1_78' title='bbox 1538 1170 1754 1231; x_wconf 82' lang='lat' dir='ltr'><strong>patrum</strong></span> 
     </span>
    </p>
   </div>
   <div class='ocr_carea' id='block_1_14' title="bbox 151 1251 1757 1323">
    <p class='ocr_par' dir='ltr' id='par_1_14' title="bbox 151 1251 1757 1323">
     <span class='ocr_line' id='line_1_14' title="bbox 151 1251 1757 1323; baseline -0.001 -14"><span class='ocrx_word' id='word_1_79' title='bbox 151 1254 422 1323; x_wconf 87' lang='lat' dir='ltr'><strong>exempla</strong></span> <span class='ocrx_word' id='word_1_80' title='bbox 467 1261 776 1323; x_wconf 87' lang='lat' dir='ltr'><strong>sequentes,</strong></span> <span class='ocrx_word' id='word_1_81' title='bbox 833 1252 1110 1322; x_wconf 86' lang='lat' dir='ltr'><strong>religiosos</strong></span> <span class='ocrx_word' id='word_1_82' title='bbox 1163 1251 1587 1307; x_wconf 83' lang='lat' dir='ltr'><strong>conversationis</strong></span> <span class='ocrx_word' id='word_1_83' title='bbox 1625 1267 1757 1307; x_wconf 90' lang='lat' dir='ltr'><strong>suae</strong></span> 
     </span>
    </p>
   </div>
   <div class='ocr_carea' id='block_1_15' title="bbox 154 1343 1751 1414">
    <p class='ocr_par' dir='ltr' id='par_1_15' title="bbox 154 1343 1751 1414">
     <span class='ocr_line' id='line_1_15' title="bbox 154 1343 1751 1414; baseline -0.002 -13"><span class='ocrx_word' id='word_1_84' title='bbox 154 1355 337 1402; x_wconf 82' lang='lat' dir='ltr'><strong>testes</strong></span> <span class='ocrx_word' id='word_1_85' title='bbox 366 1346 633 1409; x_wconf 86' lang='lat' dir='ltr'><strong>habeant,</strong></span> <span class='ocrx_word' id='word_1_86' title='bbox 659 1343 913 1414; x_wconf 87' lang='lat' dir='ltr'><strong>quatinus</strong></span> <span class='ocrx_word' id='word_1_87' title='bbox 938 1344 1221 1399; x_wconf 86' lang='lat' dir='ltr'><strong>detrahere</strong></span> <span class='ocrx_word' id='word_1_88' title='bbox 1246 1343 1550 1398; x_wconf 90' lang='lat' dir='ltr'><strong>volentibus</strong></span> <span class='ocrx_word' id='word_1_89' title='bbox 1574 1343 1751 1399; x_wconf 91' lang='lat' dir='ltr'><strong>locum</strong></span> 
     </span>
    </p>
   </div>
   <div class='ocr_carea' id='block_1_16' title="bbox 155 1433 1754 1506">
    <p class='ocr_par' dir='ltr' id='par_1_16' title="bbox 155 1433 1754 1506">
     <span class='ocr_line' id='line_1_16' title="bbox 155 1433 1754 1506; baseline -0.001 -15"><span class='ocrx_word' id='word_1_90' title='bbox 155 1436 398 1491; x_wconf 88' lang='lat' dir='ltr'><strong>minime</strong></span> <span class='ocrx_word' id='word_1_91' title='bbox 431 1437 711 1506; x_wconf 87' lang='lat' dir='ltr'><strong>prebeant.</strong></span> <span class='ocrx_word' id='word_1_92' title='bbox 751 1434 821 1490; x_wconf 89' lang='lat' dir='ltr'><strong>Ut</strong></span> <span class='ocrx_word' id='word_1_93' title='bbox 864 1449 992 1505; x_wconf 84' lang='lat' dir='ltr'><strong>ergo</strong></span> <span class='ocrx_word' id='word_1_94' title='bbox 1048 1433 1299 1489; x_wconf 86' lang='lat' dir='ltr'><strong>sacerdos</strong></span> <span class='ocrx_word' id='word_1_95' title='bbox 1333 1434 1609 1503; x_wconf 90' lang='lat' dir='ltr'><strong>discipulis</strong></span> <span class='ocrx_word' id='word_1_96' title='bbox 1642 1435 1754 1490; x_wconf 89' lang='lat' dir='ltr'><strong>suis</strong></span> 
     </span>
    </p>
   </div>
   <div class='ocr_carea' id='block_1_17' title="bbox 155 1525 1755 1597">
    <p class='ocr_par' dir='ltr' id='par_1_17' title="bbox 155 1525 1755 1597">
     <span class='ocr_line' id='line_1_17' title="bbox 155 1525 1755 1597; baseline -0.003 -14"><span class='ocrx_word' id='word_1_97' title='bbox 155 1528 226 1583; x_wconf 92' lang='lat' dir='ltr'><strong>de</strong></span> <span class='ocrx_word' id='word_1_98' title='bbox 262 1542 328 1581; x_wconf 89' lang='lat' dir='ltr'><strong>se</strong></span> <span class='ocrx_word' id='word_1_99' title='bbox 352 1526 474 1596; x_wconf 91' lang='lat' dir='ltr'><strong>ipso</strong></span> <span class='ocrx_word' id='word_1_100' title='bbox 500 1526 802 1597; x_wconf 81' lang='lat' dir='ltr'><strong>exemplum</strong></span> <span class='ocrx_word' id='word_1_101' title='bbox 833 1526 1035 1581; x_wconf 91' lang='lat' dir='ltr'><strong>bonum</strong></span> <span class='ocrx_word' id='word_1_102' title='bbox 1079 1526 1269 1582; x_wconf 87' lang='lat' dir='ltr'><strong>debeat</strong></span> <span class='ocrx_word' id='word_1_103' title='bbox 1292 1528 1571 1596; x_wconf 90' lang='lat' dir='ltr'><strong>praebere,</strong></span> <span class='ocrx_word' id='word_1_104' title='bbox 1609 1525 1755 1596; x_wconf 86' lang='lat' dir='ltr'><strong>Apo-</strong></span> 
     </span>
    </p>
   </div>
   <div class='ocr_carea' id='block_1_18' title="bbox 154 1615 1752 1688">
    <p class='ocr_par' dir='ltr' id='par_1_18' title="bbox 154 1615 1752 1688">
     <span class='ocr_line' id='line_1_18' title="bbox 154 1615 1752 1688; baseline 0 -17"><span class='ocrx_word' id='word_1_105' title='bbox 154 1616 341 1672; x_wconf 89' lang='lat' dir='ltr'><strong>stolus</strong></span> <span class='ocrx_word' id='word_1_106' title='bbox 366 1618 435 1672; x_wconf 87' lang='lat' dir='ltr'><strong>ad</strong></span> <span class='ocrx_word' id='word_1_107' title='bbox 457 1617 640 1671; x_wconf 84' lang='lat' dir='ltr'><strong>Titum</strong></span> <span class='ocrx_word' id='word_1_108' title='bbox 673 1616 825 1671; x_wconf 88' lang='lat' dir='ltr'><strong>docet</strong></span> <span class='ocrx_word' id='word_1_109' title='bbox 852 1616 1035 1671; x_wconf 86' lang='lat' dir='ltr'><strong>dicens</strong></span> <span class='ocrx_word' id='word_1_110' title='bbox 1059 1630 1074 1669; x_wconf 90' lang='lat'><strong>:</strong></span> <span class='ocrx_word' id='word_1_111' title='bbox 1122 1615 1190 1670; x_wconf 86' lang='lat' dir='ltr'><strong>In</strong></span> <span class='ocrx_word' id='word_1_112' title='bbox 1213 1616 1451 1671; x_wconf 84' lang='lat' dir='ltr'><strong>omnibus</strong></span> <span class='ocrx_word' id='word_1_113' title='bbox 1497 1626 1547 1671; x_wconf 87' lang='lat' dir='ltr'><strong>te</strong></span> <span class='ocrx_word' id='word_1_114' title='bbox 1582 1617 1752 1688; x_wconf 89' lang='lat' dir='ltr'><strong>ipsum</strong></span> 
     </span>
    </p>
   </div>
   <div class='ocr_carea' id='block_1_19' title="bbox 155 1706 1752 1778">
    <p class='ocr_par' dir='ltr' id='par_1_19' title="bbox 155 1706 1752 1778">
     <span class='ocr_line' id='line_1_19' title="bbox 155 1706 1752 1778; baseline 0.003 -18"><span class='ocrx_word' id='word_1_115' title='bbox 155 1708 357 1777; x_wconf 82' lang='lat' dir='ltr'><strong>praebe</strong></span> <span class='ocrx_word' id='word_1_116' title='bbox 384 1706 676 1778; x_wconf 74' lang='lat' dir='ltr'><strong>exemplum</strong></span> <span class='ocrx_word' id='word_1_117' title='bbox 714 1708 734 1737; x_wconf 82' lang='grc'>²</span> <span class='ocrx_word' id='word_1_118' title='bbox 763 1706 1015 1761; x_wconf 86' lang='lat' dir='ltr'><strong>bonorum</strong></span> <span class='ocrx_word' id='word_1_119' title='bbox 1053 1724 1294 1778; x_wconf 87' lang='lat' dir='ltr'><strong>operum,</strong></span> <span class='ocrx_word' id='word_1_120' title='bbox 1335 1708 1391 1763; x_wconf 88' lang='lat' dir='ltr'><strong>in</strong></span> <span class='ocrx_word' id='word_1_121' title='bbox 1418 1709 1659 1763; x_wconf 80' lang='lat' dir='ltr'><strong>doctrina</strong></span> <span class='ocrx_word' id='word_1_122' title='bbox 1696 1711 1752 1764; x_wconf 89' lang='lat' dir='ltr'><strong>in</strong></span> 
     </span>
    </p>
   </div>
   <div class='ocr_carea' id='block_1_20' title="bbox 1863 517 3452 601">
    <p class='ocr_par' dir='ltr' id='par_1_20' title="bbox 1863 517 3452 601">
     <span class='ocr_line' id='line_1_20' title="bbox 1863 517 3452 601; baseline 0.014 -29"><span class='ocrx_word' id='word_1_123' title='bbox 1863 517 1933 573; x_wconf 93' lang='lat' dir='ltr'><strong>do</strong></span> <span class='ocrx_word' id='word_1_124' title='bbox 1955 530 2169 589; x_wconf 86' lang='lat' dir='ltr'><strong>emunt,</strong></span> <span class='ocrx_word' id='word_1_125' title='bbox 2226 524 2527 582; x_wconf 76' lang='lat' dir='ltr'><strong>faciendum</strong></span> <span class='ocrx_word' id='word_1_126' title='bbox 2566 531 2886 597; x_wconf 89' lang='lat' dir='ltr'><strong>statuimus;</strong></span> <span class='ocrx_word' id='word_1_127' title='bbox 2951 535 3206 601; x_wconf 85' lang='lat' dir='ltr'><strong>quoniam</strong></span> <span class='ocrx_word' id='word_1_128' title='bbox 3249 537 3452 595; x_wconf 86' lang='lat' dir='ltr'><strong>multos</strong></span> 
     </span>
    </p>
   </div>
   <div class='ocr_carea' id='block_1_21' title="bbox 1861 610 3448 690">
    <p class='ocr_par' dir='ltr' id='par_1_21' title="bbox 1861 610 3448 690">
     <span class='ocr_line' id='line_1_21' title="bbox 1861 610 3448 690; baseline 0.013 -30"><span class='ocrx_word' id='word_1_129' title='bbox 1861 610 2283 678; x_wconf 89' lang='lat' dir='ltr'><strong>presbiterorum</strong></span> <span class='ocrx_word' id='word_1_130' title='bbox 2321 616 2604 671; x_wconf 89' lang='lat' dir='ltr'><strong>occasione</strong></span> <span class='ocrx_word' id='word_1_131' title='bbox 2656 618 2838 673; x_wconf 86' lang='lat' dir='ltr'><strong>taliter</strong></span> <span class='ocrx_word' id='word_1_132' title='bbox 2894 629 3199 690; x_wconf 88' lang='lat' dir='ltr'><strong>emptarum</strong></span> <span class='ocrx_word' id='word_1_133' title='bbox 3260 639 3448 682; x_wconf 88' lang='lat' dir='ltr'><strong>rerum</strong></span> 
     </span>
    </p>
   </div>
   <div class='ocr_carea' id='block_1_22' title="bbox 1861 699 3450 779">
    <p class='ocr_par' dir='ltr' id='par_1_22' title="bbox 1861 699 3450 779">
     <span class='ocr_line' id='line_1_22' title="bbox 1861 699 3450 779; baseline 0.011 -27"><span class='ocrx_word' id='word_1_134' title='bbox 1861 699 2117 756; x_wconf 90' lang='lat' dir='ltr'><strong>ecclesias</strong></span> <span class='ocrx_word' id='word_1_135' title='bbox 2175 703 2371 771; x_wconf 91' lang='lat' dir='ltr'><strong>quibus</strong></span> <span class='ocrx_word' id='word_1_136' title='bbox 2431 714 2689 774; x_wconf 88' lang='lat' dir='ltr'><strong>praesunt</strong></span> <span class='ocrx_word' id='word_1_137' title='bbox 2746 709 3114 779; x_wconf 90' lang='lat' dir='ltr'><strong>exspoliasse,</strong></span> <span class='ocrx_word' id='word_1_138' title='bbox 3178 700 3233 768; x_wconf 77' lang='lat' dir='ltr'><strong>et</strong></span> <span class='ocrx_word' id='word_1_139' title='bbox 3270 729 3300 768; x_wconf 90' lang='lat' dir='ltr'><strong>a</strong></span> <span class='ocrx_word' id='word_1_140' title='bbox 3348 731 3450 770; x_wconf 92' lang='lat' dir='ltr'><strong>suo</strong></span> 
     </span>
    </p>
   </div>
   <div class='ocr_carea' id='block_1_23' title="bbox 1861 790 3449 866">
    <p class='ocr_par' dir='ltr' id='par_1_23' title="bbox 1861 790 3449 866">
     <span class='ocr_line' id='line_1_23' title="bbox 1861 790 3449 866; baseline 0.011 -22"><span class='ocrx_word' id='word_1_141' title='bbox 1861 790 2164 849; x_wconf 89' lang='lat' dir='ltr'><strong>ministerio</strong></span> <span class='ocrx_word' id='word_1_142' title='bbox 2223 795 2408 851; x_wconf 90' lang='lat' dir='ltr'><strong>multis</strong></span> <span class='ocrx_word' id='word_1_143' title='bbox 2466 798 2641 852; x_wconf 90' lang='lat' dir='ltr'><strong>modis</strong></span> <span class='ocrx_word' id='word_1_144' title='bbox 2665 801 3018 866; x_wconf 82' lang='lat' dir='ltr'><strong>exorbitasse,</strong></span> <span class='ocrx_word' id='word_1_145' title='bbox 3050 811 3104 857; x_wconf 89' lang='lat' dir='ltr'><strong>et</strong></span> <span class='ocrx_word' id='word_1_146' title='bbox 3132 818 3191 859; x_wconf 87' lang='lat' dir='ltr'><strong>se</strong></span> <span class='ocrx_word' id='word_1_147' title='bbox 3233 805 3449 861; x_wconf 87' lang='lat' dir='ltr'><strong>diabolo</strong></span> 
     </span>
    </p>
   </div>
   <div class='ocr_carea' id='block_1_24' title="bbox 1861 883 3448 953">
    <p class='ocr_par' dir='ltr' id='par_1_24' title="bbox 1861 883 3448 953">
     <span class='ocr_line' id='line_1_24' title="bbox 1861 883 3448 953; baseline 0.01 -18"><span class='ocrx_word' id='word_1_148' title='bbox 1861 883 2219 953; x_wconf 90' lang='lat' dir='ltr'><strong>mancipasse,</strong></span> <span class='ocrx_word' id='word_1_149' title='bbox 2260 895 2315 941; x_wconf 91' lang='lat' dir='ltr'><strong>et</strong></span> <span class='ocrx_word' id='word_1_150' title='bbox 2373 888 2475 942; x_wconf 88' lang='lat' dir='ltr'><strong>hac</strong></span> <span class='ocrx_word' id='word_1_151' title='bbox 2521 889 2809 945; x_wconf 90' lang='lat' dir='ltr'><strong>occasione</strong></span> <span class='ocrx_word' id='word_1_152' title='bbox 2844 892 3042 948; x_wconf 90' lang='lat' dir='ltr'><strong>multos</strong></span> <span class='ocrx_word' id='word_1_153' title='bbox 3087 893 3349 950; x_wconf 90' lang='lat' dir='ltr'><strong>laicorum</strong></span> <span class='ocrx_word' id='word_1_154' title='bbox 3391 898 3448 951; x_wconf 82' lang='lat' dir='ltr'><strong>in</strong></span> 
     </span>
    </p>
   </div>
   <div class='ocr_carea' id='block_1_25' title="bbox 1861 976 3451 1055">
    <p class='ocr_par' dir='ltr' id='par_1_25' title="bbox 1861 976 3451 1055">
     <span class='ocr_line' id='line_1_25' title="bbox 1861 976 3451 1055; baseline 0.008 -25"><span class='ocrx_word' id='word_1_155' title='bbox 1861 976 2171 1031; x_wconf 89' lang='lat' dir='ltr'><strong>scandalum</strong></span> <span class='ocrx_word' id='word_1_156' title='bbox 2244 979 2607 1035; x_wconf 88' lang='lat' dir='ltr'><strong>damnationis</strong></span> <span class='ocrx_word' id='word_1_157' title='bbox 2672 990 2729 1035; x_wconf 88' lang='lat' dir='ltr'><strong>et</strong></span> <span class='ocrx_word' id='word_1_158' title='bbox 2788 983 3110 1051; x_wconf 87' lang='lat' dir='ltr'><strong>perditionis</strong></span> <span class='ocrx_word' id='word_1_159' title='bbox 3166 988 3451 1055; x_wconf 79' lang='lat' dir='ltr'><strong>promisse</strong></span> 
     </span>
    </p>
   </div>
   <div class='ocr_carea' id='block_1_26' title="bbox 1859 1062 2241 1139">
    <p class='ocr_par' dir='ltr' id='par_1_26' title="bbox 1859 1062 2241 1139">
     <span class='ocr_line' id='line_1_26' title="bbox 1859 1062 2241 1139; baseline 0.003 -16"><span class='ocrx_word' id='word_1_160' title='bbox 1859 1062 2241 1139; x_wconf 73' lang='lat' dir='ltr'><strong>comperimus.</strong></span> 
     </span>
    </p>
   </div>
   <div class='ocr_carea' id='block_1_27' title="bbox 1933 1162 3445 1239">
    <p class='ocr_par' dir='ltr' id='par_1_27' title="bbox 1933 1162 3445 1239">
     <span class='ocr_line' id='line_1_27' title="bbox 1933 1162 3445 1239; baseline 0.006 -24"><span class='ocrx_word' id='word_1_161' title='bbox 1933 1162 2023 1216; x_wconf 82' lang='grc'><strong>15.</strong></span> <span class='ocrx_word' id='word_1_162' title='bbox 2070 1162 2370 1218; x_wconf 89' lang='lat' dir='ltr'><strong>Didicimus</strong></span> <span class='ocrx_word' id='word_1_163' title='bbox 2393 1178 2521 1219; x_wconf 86' lang='lat' dir='ltr'><strong>sane</strong></span> <span class='ocrx_word' id='word_1_164' title='bbox 2552 1164 2839 1221; x_wconf 91' lang='lat' dir='ltr'><strong>nonnullos</strong></span> <span class='ocrx_word' id='word_1_165' title='bbox 2863 1168 3145 1239; x_wconf 88' lang='lat' dir='ltr'><strong>episcopos</strong></span> <span class='ocrx_word' id='word_1_166' title='bbox 3168 1169 3223 1224; x_wconf 96' lang='lat' dir='ltr'><strong>in</strong></span> <span class='ocrx_word' id='word_1_167' title='bbox 3246 1171 3445 1239; x_wconf 82' lang='lat' dir='ltr'><strong>guber-</strong></span> 
     </span>
    </p>
   </div>
   <div class='ocr_carea' id='block_1_28' title="bbox 1858 1252 3447 1324">
    <p class='ocr_par' dir='ltr' id='par_1_28' title="bbox 1858 1252 3447 1324">
     <span class='ocr_line' id='line_1_28' title="bbox 1858 1252 3447 1324; baseline 0.006 -18"><span class='ocrx_word' id='word_1_168' title='bbox 1858 1252 2051 1306; x_wconf 90' lang='lat' dir='ltr'><strong>nandis</strong></span> <span class='ocrx_word' id='word_1_169' title='bbox 2113 1255 2622 1324; x_wconf 85' lang='lat' dir='ltr'><strong>congregationibus</strong></span> <span class='ocrx_word' id='word_1_170' title='bbox 2670 1256 2773 1310; x_wconf 87' lang='lat' dir='ltr'><strong>sibi</strong></span> <span class='ocrx_word' id='word_1_171' title='bbox 2837 1258 3125 1323; x_wconf 88' lang='lat' dir='ltr'><strong>subiectis,</strong></span> <span class='ocrx_word' id='word_1_172' title='bbox 3167 1260 3447 1315; x_wconf 83' lang='lat' dir='ltr'><strong>canonicis</strong></span> 
     </span>
    </p>
   </div>
   <div class='ocr_carea' id='block_1_29' title="bbox 1858 1345 3445 1413">
    <p class='ocr_par' dir='ltr' id='par_1_29' title="bbox 1858 1345 3445 1413">
     <span class='ocr_line' id='line_1_29' title="bbox 1858 1345 3445 1413; baseline 0.004 -14"><span class='ocrx_word' id='word_1_173' title='bbox 1858 1345 2106 1399; x_wconf 84' lang='lat' dir='ltr'><strong>videlicet</strong></span> <span class='ocrx_word' id='word_1_174' title='bbox 2152 1346 2431 1401; x_wconf 89' lang='lat' dir='ltr'><strong>monachis</strong></span> <span class='ocrx_word' id='word_1_175' title='bbox 2485 1354 2539 1401; x_wconf 92' lang='lat' dir='ltr'><strong>et</strong></span> <span class='ocrx_word' id='word_1_176' title='bbox 2601 1347 3121 1413; x_wconf 88' lang='lat' dir='ltr'><strong>sanctimonialibus,</strong></span> <span class='ocrx_word' id='word_1_177' title='bbox 3180 1350 3445 1405; x_wconf 88' lang='lat' dir='ltr'><strong>hactenus</strong></span> 
     </span>
    </p>
   </div>
   <div class='ocr_carea' id='block_1_30' title="bbox 1856 1436 3436 1508">
    <p class='ocr_par' dir='ltr' id='par_1_30' title="bbox 1856 1436 3436 1508">
     <span class='ocr_line' id='line_1_30' title="bbox 1856 1436 3436 1508; baseline 0.006 -21"><span class='ocrx_word' id='word_1_178' title='bbox 1856 1436 2010 1493; x_wconf 81' lang='lat' dir='ltr'><strong>valde</strong></span> <span class='ocrx_word' id='word_1_179' title='bbox 2032 1437 2377 1508; x_wconf 83' lang='lat' dir='ltr'><strong>neglegentes</strong></span> <span class='ocrx_word' id='word_1_180' title='bbox 2405 1439 2701 1506; x_wconf 81' lang='lat' dir='ltr'><strong>exstitisse,</strong></span> <span class='ocrx_word' id='word_1_181' title='bbox 2731 1447 2786 1494; x_wconf 91' lang='lat' dir='ltr'><strong>et</strong></span> <span class='ocrx_word' id='word_1_182' title='bbox 2812 1441 2882 1495; x_wconf 91' lang='lat' dir='ltr'><strong>ob</strong></span> <span class='ocrx_word' id='word_1_183' title='bbox 2908 1440 2962 1495; x_wconf 91' lang='lat' dir='ltr'><strong>id</strong></span> <span class='ocrx_word' id='word_1_184' title='bbox 3011 1441 3208 1496; x_wconf 90' lang='lat' dir='ltr'><strong>multos</strong></span> <span class='ocrx_word' id='word_1_185' title='bbox 3246 1443 3299 1497; x_wconf 93' lang='lat' dir='ltr'><strong>in</strong></span> <span class='ocrx_word' id='word_1_186' title='bbox 3350 1443 3436 1497; x_wconf 89' lang='lat' dir='ltr'><strong>sui</strong></span> 
     </span>
    </p>
   </div>
   <div class='ocr_carea' id='block_1_31' title="bbox 1857 1527 3445 1599">
    <p class='ocr_par' dir='ltr' id='par_1_31' title="bbox 1857 1527 3445 1599">
     <span class='ocr_line' id='line_1_31' title="bbox 1857 1527 3445 1599; baseline 0.004 -18"><span class='ocrx_word' id='word_1_187' title='bbox 1857 1527 2251 1583; x_wconf 87' lang='lat' dir='ltr'><strong>detractionem</strong></span> <span class='ocrx_word' id='word_1_188' title='bbox 2285 1537 2340 1582; x_wconf 90' lang='lat' dir='ltr'><strong>et</strong></span> <span class='ocrx_word' id='word_1_189' title='bbox 2363 1536 2732 1598; x_wconf 88' lang='lat' dir='ltr'><strong>contemptum</strong></span> <span class='ocrx_word' id='word_1_190' title='bbox 2752 1545 3099 1599; x_wconf 82' lang='lat' dir='ltr'><strong>provocasse,</strong></span> <span class='ocrx_word' id='word_1_191' title='bbox 3126 1531 3199 1584; x_wconf 91' lang='lat' dir='ltr'><strong>ita</strong></span> <span class='ocrx_word' id='word_1_192' title='bbox 3223 1539 3284 1584; x_wconf 93' lang='lat' dir='ltr'><strong>ut</strong></span> <span class='ocrx_word' id='word_1_193' title='bbox 3309 1547 3445 1587; x_wconf 88' lang='lat' dir='ltr'><strong>non-</strong></span> 
     </span>
    </p>
   </div>
   <div class='ocr_carea' id='block_1_32' title="bbox 1856 1616 3437 1688">
    <p class='ocr_par' dir='ltr' id='par_1_32' title="bbox 1856 1616 3437 1688">
     <span class='ocr_line' id='line_1_32' title="bbox 1856 1616 3437 1688; baseline 0.006 -18"><span class='ocrx_word' id='word_1_194' title='bbox 1856 1616 1985 1670; x_wconf 86' lang='lat' dir='ltr'><strong>nulli</strong></span> <span class='ocrx_word' id='word_1_195' title='bbox 2022 1617 2112 1671; x_wconf 87' lang='lat' dir='ltr'><strong>a‘lii</strong></span> <span class='ocrx_word' id='word_1_196' title='bbox 2152 1618 2377 1687; x_wconf 88' lang='lat' dir='ltr'><strong>praelati</strong></span> <span class='ocrx_word' id='word_1_197' title='bbox 2436 1618 2490 1671; x_wconf 94' lang='lat' dir='ltr'><strong>in</strong></span> <span class='ocrx_word' id='word_1_198' title='bbox 2540 1634 2730 1674; x_wconf 90' lang='lat' dir='ltr'><strong>eorum</strong></span> <span class='ocrx_word' id='word_1_199' title='bbox 2783 1619 3087 1688; x_wconf 89' lang='lat' dir='ltr'><strong>parrochiis</strong></span> <span class='ocrx_word' id='word_1_200' title='bbox 3135 1620 3437 1680; x_wconf 83' lang='lat' dir='ltr'><strong>constituti.</strong></span> 
     </span>
    </p>
   </div>
   <div class='ocr_carea' id='block_1_33' title="bbox 1856 1710 3446 1781">
    <p class='ocr_par' dir='ltr' id='par_1_33' title="bbox 1856 1710 3446 1781">
     <span class='ocr_line' id='line_1_33' title="bbox 1856 1710 3446 1781; baseline 0 -17"><span class='ocrx_word' id='word_1_201' title='bbox 1856 1723 2044 1764; x_wconf 85' lang='lat' dir='ltr'><strong>eorum</strong></span> <span class='ocrx_word' id='word_1_202' title='bbox 2066 1725 2230 1779; x_wconf 88' lang='lat' dir='ltr'><strong>prava</strong></span> <span class='ocrx_word' id='word_1_203' title='bbox 2256 1710 2499 1780; x_wconf 82' lang='lat' dir='ltr'><strong>exempla</strong></span> <span class='ocrx_word' id='word_1_204' title='bbox 2526 1710 2698 1766; x_wconf 89' lang='lat' dir='ltr'><strong>secuti</strong></span> <span class='ocrx_word' id='word_1_205' title='bbox 2723 1725 2848 1765; x_wconf 87' lang='lat' dir='ltr'><strong>suas</strong></span> <span class='ocrx_word' id='word_1_206' title='bbox 2881 1711 3134 1765; x_wconf 87' lang='lat' dir='ltr'><strong>similiter</strong></span> <span class='ocrx_word' id='word_1_207' title='bbox 3158 1726 3446 1781; x_wconf 87' lang='lat' dir='ltr'><strong>congrega—</strong></span> 
     </span>
    </p>
   </div>
   <div class='ocr_carea' id='block_1_34' title="bbox 155 1777 3446 1873">
    <p class='ocr_par' dir='ltr' id='par_1_34' title="bbox 155 1777 3446 1873">
     <span class='ocr_line' id='line_1_34' title="bbox 155 1777 3446 1873; baseline 0 -21"><span class='ocrx_word' id='word_1_208' title='bbox 155 1800 467 1870; x_wconf 82' lang='lat' dir='ltr'><strong>integritate</strong></span> <span class='ocrx_word' id='word_1_209' title='bbox 488 1777 543 1854; x_wconf 78' lang='lat' dir='ltr'><strong>in</strong></span> <span class='ocrx_word' id='word_1_210' title='bbox 568 1803 805 1856; x_wconf 80' lang='lat' dir='ltr'><strong>castitate</strong></span> <span class='ocrx_word' id='word_1_211' title='bbox 826 1808 881 1856; x_wconf 90' lang='lat' dir='ltr'><strong>et</strong></span> <span class='ocrx_word' id='word_1_212' title='bbox 910 1777 1137 1871; x_wconf 87' lang='lat' dir='ltr'><strong>reliqua.</strong></span> <span class='ocrx_word' id='word_1_213' title='bbox 1166 1801 1365 1857; x_wconf 90' lang='lat' dir='ltr'><strong>Beatus</strong></span> <span class='ocrx_word' id='word_1_214' title='bbox 1385 1818 1599 1873; x_wconf 90' lang='lat' dir='ltr'><strong>quoque</strong></span> <span class='ocrx_word' id='word_1_215' title='bbox 1620 1800 1756 1858; x_wconf 91' lang='lat' dir='ltr'><strong>Gre-</strong></span> <span class='ocrx_word' id='word_1_216' title='bbox 1789 1777 1834 1838; x_wconf 71' lang='grc' dir='ltr'><strong>Β</strong></span> <span class='ocrx_word' id='word_1_217' title='bbox 1864 1799 2041 1853; x_wconf 90' lang='lat' dir='ltr'><strong>tiones</strong></span> <span class='ocrx_word' id='word_1_218' title='bbox 2060 1777 2431 1869; x_wconf 51' lang='lat' dir='ltr'><strong>neglexerint;</strong></span> <span class='ocrx_word' id='word_1_219' title='bbox 2466 1814 2601 1869; x_wconf 91' lang='lat' dir='ltr'><strong>quos</strong></span> <span class='ocrx_word' id='word_1_220' title='bbox 2623 1807 2677 1853; x_wconf 91' lang='lat' dir='ltr'><strong>et</strong></span> <span class='ocrx_word' id='word_1_221' title='bbox 2698 1798 2941 1854; x_wconf 82' lang='lat' dir='ltr'><strong>fraterno</strong></span> <span class='ocrx_word' id='word_1_222' title='bbox 2976 1807 3030 1853; x_wconf 92' lang='lat' dir='ltr'><strong>et</strong></span> <span class='ocrx_word' id='word_1_223' title='bbox 3059 1777 3291 1854; x_wconf 75' lang='lat' dir='ltr'><strong>sinodali</strong></span> <span class='ocrx_word' id='word_1_224' title='bbox 3314 1777 3446 1855; x_wconf 77' lang='lat' dir='ltr'><strong>con-</strong></span> 
     </span>
    </p>
   </div>
   <div class='ocr_carea' id='block_1_35' title="bbox 157 1889 3446 1960">
    <p class='ocr_par' dir='ltr' id='par_1_35' title="bbox 157 1889 3446 1960">
     <span class='ocr_line' id='line_1_35' title="bbox 157 1889 3446 1960; baseline -0 -14"><span class='ocrx_word' id='word_1_225' title='bbox 157 1893 354 1960; x_wconf 77' lang='lat' dir='ltr'><strong>gorius</strong></span> <span class='ocrx_word' id='word_1_226' title='bbox 394 1893 451 1946; x_wconf 90' lang='lat' dir='ltr'><strong>in</strong></span> <span class='ocrx_word' id='word_1_227' title='bbox 483 1891 715 1949; x_wconf 86' lang='lat' dir='ltr'><strong>decretis</strong></span> <span class='ocrx_word' id='word_1_228' title='bbox 759 1895 871 1949; x_wconf 91' lang='lat' dir='ltr'><strong>suis</strong></span> <span class='ocrx_word' id='word_1_229' title='bbox 898 1894 972 1948; x_wconf 87' lang='lat' dir='ltr'><strong>ita</strong></span> <span class='ocrx_word' id='word_1_230' title='bbox 1017 1894 1093 1948; x_wconf 89' lang='lat' dir='ltr'><strong>ait</strong></span> <span class='ocrx_word' id='word_1_231' title='bbox 1133 1912 1149 1951; x_wconf 92' lang='lat'><strong>:</strong></span> <span class='ocrx_word' id='word_1_232' title='bbox 1196 1913 1214 1945; x_wconf 71' lang='grc' dir='ltr'>ι</span> <span class='ocrx_word' id='word_1_233' title='bbox 1245 1896 1594 1951; x_wconf 77' lang='lat' dir='ltr'><strong>Verecundus</strong></span> <span class='ocrx_word' id='word_1_234' title='bbox 1641 1910 1761 1960; x_wconf 87' lang='lat' dir='ltr'><strong>mos</strong></span> <span class='ocrx_word' id='word_1_235' title='bbox 1860 1897 2023 1943; x_wconf 89' lang='lat' dir='ltr'><strong>ventu</strong></span> <span class='ocrx_word' id='word_1_236' title='bbox 2050 1889 2414 1944; x_wconf 87' lang='lat' dir='ltr'><strong>admonendos</strong></span> <span class='ocrx_word' id='word_1_237' title='bbox 2442 1904 2563 1953; x_wconf 78' lang='lat' dir='ltr'><strong>esse</strong></span> <span class='ocrx_word' id='word_1_238' title='bbox 2593 1890 2901 1945; x_wconf 89' lang='lat' dir='ltr'><strong>necessario</strong></span> <span class='ocrx_word' id='word_1_239' title='bbox 2937 1890 3211 1953; x_wconf 77' lang='lat' dir='ltr'><strong>duximus,</strong></span> <span class='ocrx_word' id='word_1_240' title='bbox 3241 1899 3301 1944; x_wconf 92' lang='lat' dir='ltr'><strong>ut</strong></span> <span class='ocrx_word' id='word_1_241' title='bbox 3341 1891 3446 1945; x_wconf 86' lang='lat' dir='ltr'><strong>hac</strong></span> 
     </span>
    </p>
   </div>
   <div class='ocr_carea' id='block_1_36' title="bbox 160 1979 3446 2055">
    <p class='ocr_par' dir='ltr' id='par_1_36' title="bbox 160 1979 3446 2055">
     <span class='ocr_line' id='line_1_36' title="bbox 160 1979 3446 2055; baseline 0.005 -20"><span class='ocrx_word' id='word_1_242' title='bbox 160 1983 498 2049; x_wconf 78' lang='lat' dir='ltr'><strong>inolevit,ut</strong></span> <span class='ocrx_word' id='word_1_243' title='bbox 520 1983 680 2039; x_wconf 88' lang='lat' dir='ltr'><strong>huius</strong></span> <span class='ocrx_word' id='word_1_244' title='bbox 703 1984 845 2039; x_wconf 89' lang='lat' dir='ltr'><strong>sedis</strong></span> <span class='ocrx_word' id='word_1_245' title='bbox 870 1985 1215 2055; x_wconf 75' lang='lat' dir='ltr'><strong>pontificibus</strong></span> <span class='ocrx_word' id='word_1_246' title='bbox 1260 1987 1326 2041; x_wconf 89' lang='lat' dir='ltr'><strong>ad</strong></span> <span class='ocrx_word' id='word_1_247' title='bbox 1353 1996 1561 2042; x_wconf 88' lang='lat' dir='ltr'><strong>secreta</strong></span> <span class='ocrx_word' id='word_1_248' title='bbox 1606 1989 1758 2044; x_wconf 89' lang='lat' dir='ltr'><strong>cubi-</strong></span> <span class='ocrx_word' id='word_1_249' title='bbox 1858 1979 2195 2050; x_wconf 57' lang='lat' dir='ltr'><strong>neglegentia</strong></span> <span class='ocrx_word' id='word_1_250' title='bbox 2219 1981 2473 2050; x_wconf 70' lang='lat' dir='ltr'><strong>deinceps</strong></span> <span class='ocrx_word' id='word_1_251' title='bbox 2518 1996 2577 2036; x_wconf 72' lang='lat' dir='ltr'><strong>se</strong></span> <span class='ocrx_word' id='word_1_252' title='bbox 2621 1982 2949 2047; x_wconf 61' lang='grc' dir='ltr'><strong>ωδίδεθηίν</strong></span> <span class='ocrx_word' id='word_1_253' title='bbox 2999 1990 3053 2036; x_wconf 72' lang='grc' dir='ltr'><strong>ει</strong></span> <span class='ocrx_word' id='word_1_254' title='bbox 3108 1982 3342 2037; x_wconf 52' lang='lat' dir='ltr'><strong>cameris</strong></span> <span class='ocrx_word' id='word_1_255' title='bbox 3385 1997 3446 2038; x_wconf 72' lang='grc' dir='ltr'><strong>⁸ο</strong></span> 
     </span>
    </p>
   </div>
   <div class='ocr_carea' id='block_1_37' title="bbox 157 2072 1756 2149">
    <p class='ocr_par' dir='ltr' id='par_1_37' title="bbox 157 2072 1756 2149">
     <span class='ocr_line' id='line_1_37' title="bbox 157 2072 1756 2149; baseline 0.004 -22"><span class='ocrx_word' id='word_1_256' title='bbox 157 2073 268 2127; x_wconf 87' lang='lat' dir='ltr'><strong>culi</strong></span> <span class='ocrx_word' id='word_1_257' title='bbox 307 2072 397 2127; x_wconf 90' lang='lat' dir='ltr'><strong>sui</strong></span> <span class='ocrx_word' id='word_1_258' title='bbox 440 2073 662 2128; x_wconf 85' lang='lat' dir='ltr'><strong>servitia</strong></span> <span class='ocrx_word' id='word_1_259' title='bbox 693 2073 815 2129; x_wconf 86' lang='lat' dir='ltr'><strong>laici</strong></span> <span class='ocrx_word' id='word_1_260' title='bbox 838 2077 993 2145; x_wconf 91' lang='lat' dir='ltr'><strong>pueri</strong></span> <span class='ocrx_word' id='word_1_261' title='bbox 1023 2077 1103 2132; x_wconf 90' lang='lat' dir='ltr'><strong>eis</strong></span> <span class='ocrx_word' id='word_1_262' title='bbox 1141 2078 1412 2133; x_wconf 87' lang='lat' dir='ltr'><strong>seculares</strong></span> <span class='ocrx_word' id='word_1_263' title='bbox 1448 2079 1756 2149; x_wconf 84' lang='lat' dir='ltr'><strong>obsequan-</strong></span> 
     </span>
    </p>
   </div>
   <div class='ocr_carea' id='block_1_38' title="bbox 159 2162 1755 2238">
    <p class='ocr_par' dir='ltr' id='par_1_38' title="bbox 159 2162 1755 2238">
     <span class='ocr_line' id='line_1_38' title="bbox 159 2162 1755 2238; baseline 0.006 -24"><span class='ocrx_word' id='word_1_264' title='bbox 159 2170 268 2226; x_wconf 85' lang='lat' dir='ltr'><strong>tur,</strong></span> <span class='ocrx_word' id='word_1_265' title='bbox 296 2169 505 2217; x_wconf 90' lang='lat' dir='ltr'><strong>etcum</strong></span> <span class='ocrx_word' id='word_1_266' title='bbox 528 2162 763 2232; x_wconf 89' lang='lat' dir='ltr'><strong>pastoris</strong></span> <span class='ocrx_word' id='word_1_267' title='bbox 789 2165 897 2218; x_wconf 83' lang='lat' dir='ltr'><strong>vita</strong></span> <span class='ocrx_word' id='word_1_268' title='bbox 926 2180 1044 2220; x_wconf 91' lang='lat' dir='ltr'><strong>esse</strong></span> <span class='ocrx_word' id='word_1_269' title='bbox 1088 2166 1364 2236; x_wconf 90' lang='lat' dir='ltr'><strong>discipulis</strong></span> <span class='ocrx_word' id='word_1_270' title='bbox 1406 2182 1618 2238; x_wconf 88' lang='lat' dir='ltr'><strong>semper</strong></span> <span class='ocrx_word' id='word_1_271' title='bbox 1662 2169 1755 2224; x_wconf 88' lang='lat' dir='ltr'><strong>de-</strong></span> 
     </span>
    </p>
   </div>
   <div class='ocr_carea' id='block_1_39' title="bbox 157 2253 1751 2328">
    <p class='ocr_par' dir='ltr' id='par_1_39' title="bbox 157 2253 1751 2328">
     <span class='ocr_line' id='line_1_39' title="bbox 157 2253 1751 2328; baseline 0.006 -22"><span class='ocrx_word' id='word_1_272' title='bbox 157 2253 284 2307; x_wconf 86' lang='lat' dir='ltr'><strong>beat</strong></span> <span class='ocrx_word' id='word_1_273' title='bbox 310 2254 368 2307; x_wconf 92' lang='lat' dir='ltr'><strong>in</strong></span> <span class='ocrx_word' id='word_1_274' title='bbox 394 2253 730 2324; x_wconf 85' lang='lat' dir='ltr'><strong>exemplum,</strong></span> <span class='ocrx_word' id='word_1_275' title='bbox 778 2254 1094 2326; x_wconf 88' lang='lat' dir='ltr'><strong>plerumque</strong></span> <span class='ocrx_word' id='word_1_276' title='bbox 1130 2257 1312 2313; x_wconf 88' lang='lat' dir='ltr'><strong>clerici</strong></span> <span class='ocrx_word' id='word_1_277' title='bbox 1359 2258 1533 2328; x_wconf 88' lang='lat' dir='ltr'><strong>qualis</strong></span> <span class='ocrx_word' id='word_1_278' title='bbox 1570 2260 1623 2314; x_wconf 90' lang='lat' dir='ltr'><strong>in</strong></span> <span class='ocrx_word' id='word_1_279' title='bbox 1664 2276 1751 2315; x_wconf 88' lang='lat' dir='ltr'><strong>se-</strong></span> 
     </span>
    </p>
   </div>
   <div class='ocr_carea' id='block_1_40' title="bbox 158 2344 1751 2415">
    <p class='ocr_par' dir='ltr' id='par_1_40' title="bbox 158 2344 1751 2415">
     <span class='ocr_line' id='line_1_40' title="bbox 158 2344 1751 2415; baseline 0.005 -17"><span class='ocrx_word' id='word_1_280' title='bbox 158 2354 313 2399; x_wconf 87' lang='lat' dir='ltr'><strong>creto</strong></span> <span class='ocrx_word' id='word_1_281' title='bbox 336 2344 411 2399; x_wconf 90' lang='lat' dir='ltr'><strong>sit</strong></span> <span class='ocrx_word' id='word_1_282' title='bbox 435 2344 549 2399; x_wconf 89' lang='lat' dir='ltr'><strong>vita</strong></span> <span class='ocrx_word' id='word_1_283' title='bbox 586 2345 857 2413; x_wconf 77' lang='lat' dir='ltr'><strong>pontificis</strong></span> <span class='ocrx_word' id='word_1_284' title='bbox 883 2348 966 2403; x_wconf 90' lang='lat' dir='ltr'><strong>sui</strong></span> <span class='ocrx_word' id='word_1_285' title='bbox 990 2349 1256 2415; x_wconf 85' lang='lat' dir='ltr'><strong>nesciunt,</strong></span> <span class='ocrx_word' id='word_1_286' title='bbox 1283 2359 1338 2405; x_wconf 92' lang='lat' dir='ltr'><strong>et</strong></span> <span class='ocrx_word' id='word_1_287' title='bbox 1361 2359 1421 2405; x_wconf 93' lang='lat' dir='ltr'><strong>ut</strong></span> <span class='ocrx_word' id='word_1_288' title='bbox 1447 2351 1650 2407; x_wconf 90' lang='lat' dir='ltr'><strong>dictum</strong></span> <span class='ocrx_word' id='word_1_289' title='bbox 1681 2353 1751 2407; x_wconf 92' lang='lat' dir='ltr'><strong>sit</strong></span> 
     </span>
    </p>
   </div>
   <div class='ocr_carea' id='block_1_41' title="bbox 157 2439 1750 2515">
    <p class='ocr_par' dir='ltr' id='par_1_41' title="bbox 157 2439 1750 2515">
     <span class='ocr_line' id='line_1_41' title="bbox 157 2439 1750 2515; baseline 0.004 -21"><span class='ocrx_word' id='word_1_290' title='bbox 157 2440 440 2496; x_wconf 86' lang='lat' dir='ltr'><strong>seculares</strong></span> <span class='ocrx_word' id='word_1_291' title='bbox 480 2441 635 2510; x_wconf 91' lang='lat' dir='ltr'><strong>pueri</strong></span> <span class='ocrx_word' id='word_1_292' title='bbox 660 2442 857 2496; x_wconf 87' lang='lat' dir='ltr'><strong>sciunt.</strong></span> <span class='ocrx_word' id='word_1_293' title='bbox 914 2439 993 2498; x_wconf 87' lang='lat' dir='ltr'><strong>De</strong></span> <span class='ocrx_word' id='word_1_294' title='bbox 1019 2458 1126 2513; x_wconf 89' lang='lat' dir='ltr'><strong>qua</strong></span> <span class='ocrx_word' id='word_1_295' title='bbox 1170 2460 1230 2499; x_wconf 91' lang='lat' dir='ltr'><strong>re</strong></span> <span class='ocrx_word' id='word_1_296' title='bbox 1269 2446 1505 2515; x_wconf 85' lang='lat' dir='ltr'><strong>presenti</strong></span> <span class='ocrx_word' id='word_1_297' title='bbox 1530 2446 1750 2501; x_wconf 90' lang='lat' dir='ltr'><strong>decreto</strong></span> 
     </span>
    </p>
   </div>
   <div class='ocr_carea' id='block_1_42' title="bbox 159 2534 1752 2604">
    <p class='ocr_par' dir='ltr' id='par_1_42' title="bbox 159 2534 1752 2604">
     <span class='ocr_line' id='line_1_42' title="bbox 159 2534 1752 2604; baseline 0.004 -17"><span class='ocrx_word' id='word_1_298' title='bbox 159 2534 439 2588; x_wconf 87' lang='lat' dir='ltr'><strong>constituo</strong></span> <span class='ocrx_word' id='word_1_299' title='bbox 465 2574 480 2598; x_wconf 92' lang='lat'><strong>,</strong></span> <span class='ocrx_word' id='word_1_300' title='bbox 521 2540 582 2587; x_wconf 91' lang='lat' dir='ltr'><strong>ut</strong></span> <span class='ocrx_word' id='word_1_301' title='bbox 619 2534 838 2604; x_wconf 90' lang='lat' dir='ltr'><strong>quidam</strong></span> <span class='ocrx_word' id='word_1_302' title='bbox 877 2550 943 2590; x_wconf 87' lang='lat' dir='ltr'><strong>ex</strong></span> <span class='ocrx_word' id='word_1_303' title='bbox 982 2534 1194 2591; x_wconf 86' lang='lat' dir='ltr'><strong>clericis</strong></span> <span class='ocrx_word' id='word_1_304' title='bbox 1218 2536 1301 2591; x_wconf 89' lang='lat' dir='ltr'><strong>vel</strong></span> <span class='ocrx_word' id='word_1_305' title='bbox 1324 2537 1486 2591; x_wconf 90' lang='lat' dir='ltr'><strong>etiam</strong></span> <span class='ocrx_word' id='word_1_306' title='bbox 1525 2554 1592 2593; x_wconf 87' lang='lat' dir='ltr'><strong>ex</strong></span> <span class='ocrx_word' id='word_1_307' title='bbox 1636 2554 1752 2594; x_wconf 83' lang='lat' dir='ltr'><strong>mo-</strong></span> 
     </span>
    </p>
   </div>
   <div class='ocr_carea' id='block_1_43' title="bbox 159 2624 1749 2697">
    <p class='ocr_par' dir='ltr' id='par_1_43' title="bbox 159 2624 1749 2697">
     <span class='ocr_line' id='line_1_43' title="bbox 159 2624 1749 2697; baseline 0.006 -20"><span class='ocrx_word' id='word_1_308' title='bbox 159 2625 350 2680; x_wconf 87' lang='lat' dir='ltr'><strong>nachis</strong></span> <span class='ocrx_word' id='word_1_309' title='bbox 374 2624 536 2680; x_wconf 90' lang='lat' dir='ltr'><strong>electi</strong></span> <span class='ocrx_word' id='word_1_310' title='bbox 572 2625 876 2680; x_wconf 89' lang='lat' dir='ltr'><strong>ministerio</strong></span> <span class='ocrx_word' id='word_1_311' title='bbox 937 2626 1170 2682; x_wconf 90' lang='lat' dir='ltr'><strong>cubiculi</strong></span> <span class='ocrx_word' id='word_1_312' title='bbox 1220 2627 1543 2697; x_wconf 88' lang='lat' dir='ltr'><strong>pontiﬁcalis</strong></span> <span class='ocrx_word' id='word_1_313' title='bbox 1588 2631 1749 2685; x_wconf 88' lang='lat' dir='ltr'><strong>obse-</strong></span> 
     </span>
    </p>
   </div>
   <div class='ocr_carea' id='block_1_44' title="bbox 159 2716 1749 2789">
    <p class='ocr_par' dir='ltr' id='par_1_44' title="bbox 159 2716 1749 2789">
     <span class='ocr_line' id='line_1_44' title="bbox 159 2716 1749 2789; baseline 0.005 -20"><span class='ocrx_word' id='word_1_314' title='bbox 159 2724 417 2784; x_wconf 89' lang='lat' dir='ltr'><strong>quantur,</strong></span> <span class='ocrx_word' id='word_1_315' title='bbox 443 2724 505 2770; x_wconf 87' lang='lat' dir='ltr'><strong>ut</strong></span> <span class='ocrx_word' id='word_1_316' title='bbox 526 2716 574 2771; x_wconf 93' lang='lat' dir='ltr'><strong>is</strong></span> <span class='ocrx_word' id='word_1_317' title='bbox 595 2716 688 2786; x_wconf 89' lang='lat' dir='ltr'><strong>qui</strong></span> <span class='ocrx_word' id='word_1_318' title='bbox 707 2717 763 2771; x_wconf 91' lang='lat' dir='ltr'><strong>in</strong></span> <span class='ocrx_word' id='word_1_319' title='bbox 785 2716 905 2773; x_wconf 91' lang='lat' dir='ltr'><strong>loco</strong></span> <span class='ocrx_word' id='word_1_320' title='bbox 929 2726 1012 2773; x_wconf 91' lang='lat' dir='ltr'><strong>est</strong></span> <span class='ocrx_word' id='word_1_321' title='bbox 1034 2719 1333 2789; x_wconf 88' lang='lat' dir='ltr'><strong>regiminis,</strong></span> <span class='ocrx_word' id='word_1_322' title='bbox 1357 2719 1552 2775; x_wconf 84' lang='lat' dir='ltr'><strong>habeat</strong></span> <span class='ocrx_word' id='word_1_323' title='bbox 1578 2729 1749 2777; x_wconf 90' lang='lat' dir='ltr'><strong>testes</strong></span> 
     </span>
    </p>
   </div>
   <div class='ocr_carea' id='block_1_45' title="bbox 157 2806 1746 2879">
    <p class='ocr_par' dir='ltr' id='par_1_45' title="bbox 157 2806 1746 2879">
     <span class='ocr_line' id='line_1_45' title="bbox 157 2806 1746 2879; baseline 0.005 -19"><span class='ocrx_word' id='word_1_324' title='bbox 157 2806 302 2862; x_wconf 85' lang='lat' dir='ltr'><strong>tales</strong></span> <span class='ocrx_word' id='word_1_325' title='bbox 321 2808 415 2877; x_wconf 91' lang='lat' dir='ltr'><strong>qui</strong></span> <span class='ocrx_word' id='word_1_326' title='bbox 444 2809 560 2863; x_wconf 89' lang='lat' dir='ltr'><strong>eius</strong></span> <span class='ocrx_word' id='word_1_327' title='bbox 596 2808 652 2863; x_wconf 92' lang='lat' dir='ltr'><strong>in</strong></span> <span class='ocrx_word' id='word_1_328' title='bbox 673 2817 884 2865; x_wconf 88' lang='lat' dir='ltr'><strong>secreto</strong></span> <span class='ocrx_word' id='word_1_329' title='bbox 907 2811 1315 2867; x_wconf 88' lang='lat' dir='ltr'><strong>conversionem</strong></span> <span class='ocrx_word' id='word_1_330' title='bbox 1340 2813 1574 2879; x_wconf 85' lang='lat' dir='ltr'><strong>videant,</strong></span> <span class='ocrx_word' id='word_1_331' title='bbox 1602 2821 1657 2869; x_wconf 95' lang='lat' dir='ltr'><strong>et</strong></span> <span class='ocrx_word' id='word_1_332' title='bbox 1679 2829 1746 2869; x_wconf 83' lang='lat' dir='ltr'><strong>ex</strong></span> 
     </span>
    </p>
   </div>
   <div class='ocr_carea' id='block_1_46' title="bbox 162 2899 1748 2972">
    <p class='ocr_par' dir='ltr' id='par_1_46' title="bbox 162 2899 1748 2972">
     <span class='ocr_line' id='line_1_46' title="bbox 162 2899 1748 2972; baseline 0.005 -20"><span class='ocrx_word' id='word_1_333' title='bbox 162 2899 381 2954; x_wconf 80' lang='lat' dir='ltr'><strong>visione</strong></span> <span class='ocrx_word' id='word_1_334' title='bbox 397 2899 579 2955; x_wconf 87' lang='lat' dir='ltr'><strong>sedula</strong></span> <span class='ocrx_word' id='word_1_335' title='bbox 601 2900 899 2970; x_wconf 82' lang='lat' dir='ltr'><strong>exemplum</strong></span> <span class='ocrx_word' id='word_1_336' title='bbox 922 2910 1211 2972; x_wconf 87' lang='lat' dir='ltr'><strong>provectus</strong></span> <span class='ocrx_word' id='word_1_337' title='bbox 1232 2904 1459 2959; x_wconf 88' lang='lat' dir='ltr'><strong>subeant</strong></span> <span class='ocrx_word' id='word_1_338' title='bbox 1481 2904 1522 2957; x_wconf 85' lang='grc'><strong>³.</strong></span> <span class='ocrx_word' id='word_1_339' title='bbox 1556 2925 1574 2957; x_wconf 79' lang='grc' dir='ltr'><strong><em>ι</em></strong></span> <span class='ocrx_word' id='word_1_340' title='bbox 1602 2904 1748 2960; x_wconf 86' lang='lat' dir='ltr'><strong>Haec</strong></span> 
     </span>
    </p>
   </div>
   <div class='ocr_carea' id='block_1_47' title="bbox 167 2990 1744 3065">
    <p class='ocr_par' dir='ltr' id='par_1_47' title="bbox 167 2990 1744 3065">
     <span class='ocr_line' id='line_1_47' title="bbox 167 2990 1744 3065; baseline 0.004 -21"><span class='ocrx_word' id='word_1_341' title='bbox 167 2990 342 3061; x_wconf 84' lang='lat' dir='ltr'><strong>igitur</strong></span> <span class='ocrx_word' id='word_1_342' title='bbox 363 2991 557 3045; x_wconf 87' lang='lat' dir='ltr'><strong>beatus</strong></span> <span class='ocrx_word' id='word_1_343' title='bbox 594 2990 878 3062; x_wconf 79' lang='lat' dir='ltr'><strong>Gregorius</strong></span> <span class='ocrx_word' id='word_1_344' title='bbox 924 2993 1232 3063; x_wconf 90' lang='lat' dir='ltr'><strong>scripserit;</strong></span> <span class='ocrx_word' id='word_1_345' title='bbox 1273 3002 1548 3053; x_wconf 86' lang='lat' dir='ltr'><strong>caeterum</strong></span> <span class='ocrx_word' id='word_1_346' title='bbox 1578 2996 1624 3050; x_wconf 94' lang='lat' dir='ltr'><strong>si</strong></span> <span class='ocrx_word' id='word_1_347' title='bbox 1652 2995 1744 3065; x_wconf 91' lang='lat' dir='ltr'><strong>qui</strong></span> 
     </span>
    </p>
   </div>
   <div class='ocr_carea' id='block_1_48' title="bbox 168 3072 1744 3153">
    <p class='ocr_par' dir='ltr' id='par_1_48' title="bbox 168 3072 1744 3153">
     <span class='ocr_line' id='line_1_48' title="bbox 168 3072 1744 3153; baseline 0.003 -18"><span class='ocrx_word' id='word_1_348' title='bbox 168 3080 242 3135; x_wconf 88' lang='lat' dir='ltr'><strong>de</strong></span> <span class='ocrx_word' id='word_1_349' title='bbox 257 3082 360 3136; x_wconf 87' lang='lat' dir='ltr'><strong>bac</strong></span> <span class='ocrx_word' id='word_1_350' title='bbox 383 3095 444 3134; x_wconf 90' lang='lat' dir='ltr'><strong>re</strong></span> <span class='ocrx_word' id='word_1_351' title='bbox 466 3081 753 3149; x_wconf 89' lang='lat' dir='ltr'><strong>copiosiora</strong></span> <span class='ocrx_word' id='word_1_352' title='bbox 768 3072 1018 3152; x_wconf 78' lang='lat' dir='ltr'><strong>exempla</strong></span> <span class='ocrx_word' id='word_1_353' title='bbox 1041 3098 1270 3153; x_wconf 87' lang='lat' dir='ltr'><strong>querere</strong></span> <span class='ocrx_word' id='word_1_354' title='bbox 1292 3083 1575 3149; x_wconf 90' lang='lat' dir='ltr'><strong>voluerint,</strong></span> <span class='ocrx_word' id='word_1_355' title='bbox 1602 3084 1744 3139; x_wconf 90' lang='lat' dir='ltr'><strong>vitas</strong></span> 
     </span>
    </p>
   </div>
   <div class='ocr_carea' id='block_1_49' title="bbox 159 3171 1742 3243">
    <p class='ocr_par' dir='ltr' id='par_1_49' title="bbox 159 3171 1742 3243">
     <span class='ocr_line' id='line_1_49' title="bbox 159 3171 1742 3243; baseline 0.004 -15"><span class='ocrx_word' id='word_1_356' title='bbox 159 3172 309 3228; x_wconf 87' lang='lat' dir='ltr'><strong>beati</strong></span> <span class='ocrx_word' id='word_1_357' title='bbox 344 3171 631 3243; x_wconf 76' lang='lat' dir='ltr'><strong>AuguStini</strong></span> <span class='ocrx_word' id='word_1_358' title='bbox 655 3183 709 3229; x_wconf 91' lang='lat' dir='ltr'><strong>et</strong></span> <span class='ocrx_word' id='word_1_359' title='bbox 733 3173 1004 3231; x_wconf 68' lang='lat' dir='ltr'><strong>Ambrosii</strong></span> <span class='ocrx_word' id='word_1_360' title='bbox 1028 3184 1085 3232; x_wconf 90' lang='lat' dir='ltr'><strong>et</strong></span> <span class='ocrx_word' id='word_1_361' title='bbox 1106 3175 1410 3233; x_wconf 86' lang='lat' dir='ltr'><strong>ceterorum</strong></span> <span class='ocrx_word' id='word_1_362' title='bbox 1433 3187 1742 3234; x_wconf 88' lang='lat' dir='ltr'><strong>sanctorum</strong></span> 
     </span>
    </p>
   </div>
   <div class='ocr_carea' id='block_1_50' title="bbox 157 3263 1739 3338">
    <p class='ocr_par' dir='ltr' id='par_1_50' title="bbox 157 3263 1739 3338">
     <span class='ocr_line' id='line_1_50' title="bbox 157 3263 1739 3338; baseline 0.005 -21"><span class='ocrx_word' id='word_1_363' title='bbox 157 3263 499 3334; x_wconf 74' lang='lat' dir='ltr'><strong>aliorumque</strong></span> <span class='ocrx_word' id='word_1_364' title='bbox 520 3265 758 3319; x_wconf 83' lang='lat' dir='ltr'><strong>virorum</strong></span> <span class='ocrx_word' id='word_1_365' title='bbox 780 3263 992 3334; x_wconf 79' lang='lat' dir='ltr'><strong>legant,</strong></span> <span class='ocrx_word' id='word_1_366' title='bbox 1022 3275 1077 3321; x_wconf 90' lang='lat' dir='ltr'><strong>et</strong></span> <span class='ocrx_word' id='word_1_367' title='bbox 1115 3269 1399 3338; x_wconf 89' lang='lat' dir='ltr'><strong>perspicue</strong></span> <span class='ocrx_word' id='word_1_368' title='bbox 1445 3270 1739 3336; x_wconf 90' lang='lat' dir='ltr'><strong>invenient,</strong></span> 
     </span>
    </p>
   </div>
   <div class='ocr_carea' id='block_1_51' title="bbox 156 3354 1744 3430">
    <p class='ocr_par' dir='ltr' id='par_1_51' title="bbox 156 3354 1744 3430">
     <span class='ocr_line' id='line_1_51' title="bbox 156 3354 1744 3430; baseline 0.006 -22"><span class='ocrx_word' id='word_1_369' title='bbox 156 3354 300 3424; x_wconf 89' lang='lat' dir='ltr'><strong>quod</strong></span> <span class='ocrx_word' id='word_1_370' title='bbox 322 3354 437 3408; x_wconf 84' lang='lat' dir='ltr'><strong>vita</strong></span> <span class='ocrx_word' id='word_1_371' title='bbox 458 3363 515 3409; x_wconf 90' lang='lat' dir='ltr'><strong>et</strong></span> <span class='ocrx_word' id='word_1_372' title='bbox 538 3356 879 3412; x_wconf 89' lang='lat' dir='ltr'><strong>conversatio</strong></span> <span class='ocrx_word' id='word_1_373' title='bbox 898 3357 1170 3427; x_wconf 89' lang='lat' dir='ltr'><strong>pontiﬁcis</strong></span> <span class='ocrx_word' id='word_1_374' title='bbox 1202 3373 1415 3430; x_wconf 88' lang='lat' dir='ltr'><strong>semper</strong></span> <span class='ocrx_word' id='word_1_375' title='bbox 1442 3368 1611 3418; x_wconf 90' lang='lat' dir='ltr'><strong>testes</strong></span> <span class='ocrx_word' id='word_1_376' title='bbox 1633 3362 1744 3417; x_wconf 89' lang='lat' dir='ltr'><strong>vite</strong></span> 
     </span>
    </p>
   </div>
   <div class='ocr_carea' id='block_1_52' title="bbox 156 3446 917 3515">
    <p class='ocr_par' dir='ltr' id='par_1_52' title="bbox 156 3446 917 3515">
     <span class='ocr_line' id='line_1_52' title="bbox 156 3446 917 3515; baseline 0.003 -14"><span class='ocrx_word' id='word_1_377' title='bbox 156 3446 457 3515; x_wconf 84' lang='lat' dir='ltr'><strong>probabilis</strong></span> <span class='ocrx_word' id='word_1_378' title='bbox 476 3446 680 3502; x_wconf 89' lang='lat' dir='ltr'><strong>habere</strong></span> <span class='ocrx_word' id='word_1_379' title='bbox 704 3447 917 3503; x_wconf 87' lang='lat' dir='ltr'><strong>debeat.</strong></span> 
     </span>
    </p>
   </div>
   <div class='ocr_carea' id='block_1_53' title="bbox 226 3536 1742 3616">
    <p class='ocr_par' dir='ltr' id='par_1_53' title="bbox 226 3536 1742 3616">
     <span class='ocr_line' id='line_1_53' title="bbox 226 3536 1742 3616; baseline 0.005 -25"><span class='ocrx_word' id='word_1_380' title='bbox 226 3537 316 3591; x_wconf 77' lang='lat' dir='ltr'><strong>l2.</strong></span> <span class='ocrx_word' id='word_1_381' title='bbox 361 3536 434 3592; x_wconf 87' lang='lat' dir='ltr'><strong>Ut</strong></span> <span class='ocrx_word' id='word_1_382' title='bbox 466 3539 693 3610; x_wconf 79' lang='lat' dir='ltr'><strong>episcopi</strong></span> <span class='ocrx_word' id='word_1_383' title='bbox 726 3540 779 3594; x_wconf 90' lang='lat' dir='ltr'><strong>in</strong></span> <span class='ocrx_word' id='word_1_384' title='bbox 803 3540 954 3595; x_wconf 81' lang='lat' dir='ltr'><strong>rebus</strong></span> <span class='ocrx_word' id='word_1_385' title='bbox 976 3541 1222 3597; x_wconf 79' lang='lat' dir='ltr'><strong>ecclesiae</strong></span> <span class='ocrx_word' id='word_1_386' title='bbox 1265 3543 1405 3598; x_wconf 84' lang='lat' dir='ltr'><strong>circa</strong></span> <span class='ocrx_word' id='word_1_387' title='bbox 1426 3545 1742 3616; x_wconf 87' lang='lat' dir='ltr'><strong>prapinquos</strong></span> 
     </span>
    </p>
   </div>
   <div class='ocr_carea' id='block_1_54' title="bbox 154 3629 1744 3700">
    <p class='ocr_par' dir='ltr' id='par_1_54' title="bbox 154 3629 1744 3700">
     <span class='ocr_line' id='line_1_54' title="bbox 154 3629 1744 3700; baseline 0.003 -19"><span class='ocrx_word' id='word_1_388' title='bbox 154 3644 276 3682; x_wconf 77' lang='lat' dir='ltr'><strong>suos</strong></span> <span class='ocrx_word' id='word_1_389' title='bbox 298 3629 656 3700; x_wconf 69' lang='lat' dir='ltr'><strong>expendendis</strong></span> <span class='ocrx_word' id='word_1_390' title='bbox 681 3630 1131 3700; x_wconf 84' lang='lat' dir='ltr'><strong>reprehensionem</strong></span> <span class='ocrx_word' id='word_1_391' title='bbox 1157 3642 1370 3687; x_wconf 76' lang='lat' dir='ltr'><strong>caveant</strong></span> <span class='ocrx_word' id='word_1_392' title='bbox 1395 3642 1443 3687; x_wconf 90' lang='lat' dir='ltr'><strong>et</strong></span> <span class='ocrx_word' id='word_1_393' title='bbox 1468 3633 1744 3688; x_wconf 84' lang='lat' dir='ltr'><strong>discrecio-</strong></span> 
     </span>
    </p>
   </div>
   <div class='ocr_carea' id='block_1_55' title="bbox 154 3719 1744 3793">
    <p class='ocr_par' dir='ltr' id='par_1_55' title="bbox 154 3719 1744 3793">
     <span class='ocr_line' id='line_1_55' title="bbox 154 3719 1744 3793; baseline 0.004 -21"><span class='ocrx_word' id='word_1_394' title='bbox 154 3720 231 3773; x_wconf 85' lang='lat' dir='ltr'><strong>nis</strong></span> <span class='ocrx_word' id='word_1_395' title='bbox 291 3719 511 3773; x_wconf 84' lang='lat' dir='ltr'><strong>modum</strong></span> <span class='ocrx_word' id='word_1_396' title='bbox 578 3729 802 3775; x_wconf 86' lang='lat' dir='ltr'><strong>teneant.</strong></span> <span class='ocrx_word' id='word_1_397' title='bbox 841 3720 1107 3788; x_wconf 87' lang='lat' dir='ltr'><strong>Quoniam</strong></span> <span class='ocrx_word' id='word_1_398' title='bbox 1161 3722 1318 3777; x_wconf 89' lang='lat' dir='ltr'><strong>multi</strong></span> <span class='ocrx_word' id='word_1_399' title='bbox 1367 3723 1744 3793; x_wconf 89' lang='lat' dir='ltr'><strong>episcoporum</strong></span> 
     </span>
    </p>
   </div>
   <div class='ocr_carea' id='block_1_56' title="bbox 154 3811 1744 3882">
    <p class='ocr_par' dir='ltr' id='par_1_56' title="bbox 154 3811 1744 3882">
     <span class='ocr_line' id='line_1_56' title="bbox 154 3811 1744 3882; baseline 0.004 -18"><span class='ocrx_word' id='word_1_400' title='bbox 154 3826 344 3866; x_wconf 85' lang='lat' dir='ltr'><strong>amore</strong></span> <span class='ocrx_word' id='word_1_401' title='bbox 363 3812 787 3882; x_wconf 89' lang='lat' dir='ltr'><strong>propinquorum</strong></span> <span class='ocrx_word' id='word_1_402' title='bbox 806 3829 1031 3869; x_wconf 90' lang='lat' dir='ltr'><strong>suorum</strong></span> <span class='ocrx_word' id='word_1_403' title='bbox 1055 3811 1121 3868; x_wconf 90' lang='lat' dir='ltr'><strong>de</strong></span> <span class='ocrx_word' id='word_1_404' title='bbox 1149 3814 1313 3869; x_wconf 89' lang='lat' dir='ltr'><strong>rebus</strong></span> <span class='ocrx_word' id='word_1_405' title='bbox 1336 3814 1439 3869; x_wconf 92' lang='lat' dir='ltr'><strong>sibi</strong></span> <span class='ocrx_word' id='word_1_406' title='bbox 1469 3829 1744 3871; x_wconf 91' lang='lat' dir='ltr'><strong>commen-</strong></span> 
     </span>
    </p>
   </div>
   <div class='ocr_carea' id='block_1_57' title="bbox 153 3900 1741 3975">
    <p class='ocr_par' dir='ltr' id='par_1_57' title="bbox 153 3900 1741 3975">
     <span class='ocr_line' id='line_1_57' title="bbox 153 3900 1741 3975; baseline 0.004 -20"><span class='ocrx_word' id='word_1_407' title='bbox 153 3900 295 3957; x_wconf 84' lang='lat' dir='ltr'><strong>datis</strong></span> <span class='ocrx_word' id='word_1_408' title='bbox 322 3918 427 3958; x_wconf 88' lang='lat' dir='ltr'><strong>sno</strong></span> <span class='ocrx_word' id='word_1_409' title='bbox 452 3910 546 3957; x_wconf 92' lang='lat' dir='ltr'><strong>aut</strong></span> <span class='ocrx_word' id='word_1_410' title='bbox 576 3903 816 3972; x_wconf 88' lang='lat' dir='ltr'><strong>quolibet</strong></span> <span class='ocrx_word' id='word_1_411' title='bbox 839 3904 1139 3958; x_wconf 91' lang='lat' dir='ltr'><strong>amicorum</strong></span> <span class='ocrx_word' id='word_1_412' title='bbox 1166 3906 1385 3961; x_wconf 89' lang='lat' dir='ltr'><strong>nomine</strong></span> <span class='ocrx_word' id='word_1_413' title='bbox 1413 3907 1633 3975; x_wconf 89' lang='lat' dir='ltr'><strong>praedia</strong></span> <span class='ocrx_word' id='word_1_414' title='bbox 1688 3915 1741 3962; x_wconf 90' lang='lat' dir='ltr'><strong>et</strong></span> 
     </span>
    </p>
   </div>
   <div class='ocr_carea' id='block_1_58' title="bbox 154 3996 1742 4066">
    <p class='ocr_par' dir='ltr' id='par_1_58' title="bbox 154 3996 1742 4066">
     <span class='ocr_line' id='line_1_58' title="bbox 154 3996 1742 4066; baseline 0.001 -16"><span class='ocrx_word' id='word_1_415' title='bbox 154 3996 431 4065; x_wconf 86' lang='lat' dir='ltr'><strong>mancipia</strong></span> <span class='ocrx_word' id='word_1_416' title='bbox 453 4003 672 4061; x_wconf 88' lang='lat' dir='ltr'><strong>emunt,</strong></span> <span class='ocrx_word' id='word_1_417' title='bbox 700 4002 755 4050; x_wconf 91' lang='lat' dir='ltr'><strong>et</strong></span> <span class='ocrx_word' id='word_1_418' title='bbox 787 4003 846 4049; x_wconf 90' lang='lat' dir='ltr'><strong>ut</strong></span> <span class='ocrx_word' id='word_1_419' title='bbox 872 3996 926 4050; x_wconf 93' lang='lat' dir='ltr'><strong>in</strong></span> <span class='ocrx_word' id='word_1_420' title='bbox 954 4010 1174 4052; x_wconf 86' lang='lat' dir='ltr'><strong>suorum</strong></span> <span class='ocrx_word' id='word_1_421' title='bbox 1201 3996 1629 4066; x_wconf 90' lang='lat' dir='ltr'><strong>propinquorum</strong></span> <span class='ocrx_word' id='word_1_422' title='bbox 1658 3997 1742 4053; x_wconf 91' lang='lat' dir='ltr'><strong>ius</strong></span> 
     </span>
    </p>
   </div>
   <div class='ocr_carea' id='block_1_59' title="bbox 152 4086 1743 4151">
    <p class='ocr_par' dir='ltr' id='par_1_59' title="bbox 152 4086 1743 4151">
     <span class='ocr_line' id='line_1_59' title="bbox 152 4086 1743 4151; baseline 0.002 -10"><span class='ocrx_word' id='word_1_423' title='bbox 152 4086 313 4141; x_wconf 82' lang='lat' dir='ltr'><strong>cedat</strong></span> <span class='ocrx_word' id='word_1_424' title='bbox 354 4094 619 4151; x_wconf 87' lang='lat' dir='ltr'><strong>statuunt,</strong></span> <span class='ocrx_word' id='word_1_425' title='bbox 651 4094 705 4141; x_wconf 90' lang='lat' dir='ltr'><strong>et</strong></span> <span class='ocrx_word' id='word_1_426' title='bbox 730 4087 800 4142; x_wconf 91' lang='lat' dir='ltr'><strong>ob</strong></span> <span class='ocrx_word' id='word_1_427' title='bbox 822 4087 926 4143; x_wconf 89' lang='lat' dir='ltr'><strong>hoc</strong></span> <span class='ocrx_word' id='word_1_428' title='bbox 956 4095 1010 4141; x_wconf 94' lang='lat' dir='ltr'><strong>et</strong></span> <span class='ocrx_word' id='word_1_429' title='bbox 1044 4087 1166 4143; x_wconf 90' lang='lat' dir='ltr'><strong>iura</strong></span> <span class='ocrx_word' id='word_1_430' title='bbox 1207 4088 1578 4144; x_wconf 87' lang='lat' dir='ltr'><strong>ecclesiastica</strong></span> <span class='ocrx_word' id='word_1_431' title='bbox 1612 4104 1743 4145; x_wconf 86' lang='lat' dir='ltr'><strong>con-</strong></span> 
     </span>
    </p>
   </div>
   <div class='ocr_carea' id='block_1_60' title="bbox 154 4178 1742 4246">
    <p class='ocr_par' dir='ltr' id='par_1_60' title="bbox 154 4178 1742 4246">
     <span class='ocr_line' id='line_1_60' title="bbox 154 4178 1742 4246; baseline 0.005 -17"><span class='ocrx_word' id='word_1_432' title='bbox 154 4178 452 4244; x_wconf 79' lang='lat' dir='ltr'><strong>velluntur,</strong></span> <span class='ocrx_word' id='word_1_433' title='bbox 472 4187 525 4232; x_wconf 87' lang='lat' dir='ltr'><strong>et</strong></span> <span class='ocrx_word' id='word_1_434' title='bbox 550 4180 909 4235; x_wconf 88' lang='lat' dir='ltr'><strong>ministerium</strong></span> <span class='ocrx_word' id='word_1_435' title='bbox 932 4180 1264 4236; x_wconf 86' lang='lat' dir='ltr'><strong>sacerdotale</strong></span> <span class='ocrx_word' id='word_1_436' title='bbox 1285 4179 1545 4246; x_wconf 80' lang='lat' dir='ltr'><strong>fuscatur,</strong></span> <span class='ocrx_word' id='word_1_437' title='bbox 1578 4181 1742 4237; x_wconf 90' lang='lat' dir='ltr'><strong>immo</strong></span> 
     </span>
    </p>
   </div>
   <div class='ocr_carea' id='block_1_61' title="bbox 152 4271 1742 4345">
    <p class='ocr_par' dir='ltr' id='par_1_61' title="bbox 152 4271 1742 4345">
     <span class='ocr_line' id='line_1_61' title="bbox 152 4271 1742 4345; baseline 0.006 -22"><span class='ocrx_word' id='word_1_438' title='bbox 152 4286 179 4323; x_wconf 84' lang='lat' dir='ltr'><strong>a</strong></span> <span class='ocrx_word' id='word_1_439' title='bbox 199 4271 449 4327; x_wconf 85' lang='lat' dir='ltr'><strong>subditis</strong></span> <span class='ocrx_word' id='word_1_440' title='bbox 466 4271 767 4327; x_wconf 87' lang='lat' dir='ltr'><strong>detrahitur</strong></span> <span class='ocrx_word' id='word_1_441' title='bbox 786 4280 841 4327; x_wconf 88' lang='lat' dir='ltr'><strong>et</strong></span> <span class='ocrx_word' id='word_1_442' title='bbox 860 4275 1245 4342; x_wconf 89' lang='lat' dir='ltr'><strong>contemnitur,</strong></span> <span class='ocrx_word' id='word_1_443' title='bbox 1263 4275 1468 4345; x_wconf 87' lang='lat' dir='ltr'><strong>placuit</strong></span> <span class='ocrx_word' id='word_1_444' title='bbox 1489 4276 1742 4333; x_wconf 91' lang='lat' dir='ltr'><strong>omnibus</strong></span> 
     </span>
    </p>
   </div>
   <div class='ocr_carea' id='block_1_62' title="bbox 152 4363 1743 4440">
    <p class='ocr_par' dir='ltr' id='par_1_62' title="bbox 152 4363 1743 4440">
     <span class='ocr_line' id='line_1_62' title="bbox 152 4363 1743 4440; baseline 0.006 -24"><span class='ocrx_word' id='word_1_445' title='bbox 152 4371 205 4417; x_wconf 84' lang='lat' dir='ltr'><strong>ut</strong></span> <span class='ocrx_word' id='word_1_446' title='bbox 227 4363 495 4432; x_wconf 87' lang='lat' dir='ltr'><strong>deinceps</strong></span> <span class='ocrx_word' id='word_1_447' title='bbox 518 4363 623 4418; x_wconf 90' lang='lat' dir='ltr'><strong>hoc</strong></span> <span class='ocrx_word' id='word_1_448' title='bbox 663 4365 923 4419; x_wconf 89' lang='lat' dir='ltr'><strong>avaritiae</strong></span> <span class='ocrx_word' id='word_1_449' title='bbox 946 4381 1120 4436; x_wconf 86' lang='lat' dir='ltr'><strong>genus</strong></span> <span class='ocrx_word' id='word_1_450' title='bbox 1147 4376 1421 4436; x_wconf 89' lang='lat' dir='ltr'><strong>caveatur,</strong></span> <span class='ocrx_word' id='word_1_451' title='bbox 1467 4369 1743 4440; x_wconf 82' lang='lat' dir='ltr'><strong>ﬁxumque</strong></span> 
     </span>
    </p>
   </div>
   <div class='ocr_carea' id='block_1_63' title="bbox 1858 2070 3438 2141">
    <p class='ocr_par' dir='ltr' id='par_1_63' title="bbox 1858 2070 3438 2141">
     <span class='ocr_line' id='line_1_63' title="bbox 1858 2070 3438 2141; baseline 0.001 -17"><span class='ocrx_word' id='word_1_452' title='bbox 1858 2070 2147 2125; x_wconf 69' lang='lat' dir='ltr'><strong>imitabiles</strong></span> <span class='ocrx_word' id='word_1_453' title='bbox 2179 2071 2466 2140; x_wconf 87' lang='lat' dir='ltr'><strong>prebeant;</strong></span> <span class='ocrx_word' id='word_1_454' title='bbox 2508 2086 2576 2126; x_wconf 89' lang='lat' dir='ltr'><strong>ne</strong></span> <span class='ocrx_word' id='word_1_455' title='bbox 2604 2070 2745 2126; x_wconf 85' lang='lat' dir='ltr'><strong>forte</strong></span> <span class='ocrx_word' id='word_1_456' title='bbox 2769 2080 2993 2141; x_wconf 87' lang='lat' dir='ltr'><strong>propter</strong></span> <span class='ocrx_word' id='word_1_457' title='bbox 3018 2071 3235 2128; x_wconf 90' lang='lat' dir='ltr'><strong>illorum</strong></span> <span class='ocrx_word' id='word_1_458' title='bbox 3283 2072 3438 2127; x_wconf 86' lang='lat' dir='ltr'><strong>incu-</strong></span> 
     </span>
    </p>
   </div>
   <div class='ocr_carea' id='block_1_64' title="bbox 1855 2160 3440 2230">
    <p class='ocr_par' dir='ltr' id='par_1_64' title="bbox 1855 2160 3440 2230">
     <span class='ocr_line' id='line_1_64' title="bbox 1855 2160 3440 2230; baseline 0.002 -17"><span class='ocrx_word' id='word_1_459' title='bbox 1855 2160 1995 2214; x_wconf 83' lang='lat' dir='ltr'><strong>riam</strong></span> <span class='ocrx_word' id='word_1_460' title='bbox 2044 2168 2101 2215; x_wconf 89' lang='lat' dir='ltr'><strong>et</strong></span> <span class='ocrx_word' id='word_1_461' title='bbox 2143 2161 2358 2215; x_wconf 85' lang='lat' dir='ltr'><strong>divinae</strong></span> <span class='ocrx_word' id='word_1_462' title='bbox 2407 2161 2686 2216; x_wconf 90' lang='lat' dir='ltr'><strong>servitutis</strong></span> <span class='ocrx_word' id='word_1_463' title='bbox 2738 2168 3083 2230; x_wconf 73' lang='lat' dir='ltr'><strong>contemptus</strong></span> <span class='ocrx_word' id='word_1_464' title='bbox 3118 2170 3172 2216; x_wconf 90' lang='lat' dir='ltr'><strong>et</strong></span> <span class='ocrx_word' id='word_1_465' title='bbox 3198 2161 3440 2230; x_wconf 91' lang='lat' dir='ltr'><strong>pericula</strong></span> 
     </span>
    </p>
   </div>
   <div class='ocr_carea' id='block_1_65' title="bbox 1853 2251 3439 2320">
    <p class='ocr_par' dir='ltr' id='par_1_65' title="bbox 1853 2251 3439 2320">
     <span class='ocr_line' id='line_1_65' title="bbox 1853 2251 3439 2320; baseline 0.003 -17"><span class='ocrx_word' id='word_1_466' title='bbox 1853 2251 2172 2320; x_wconf 88' lang='lat' dir='ltr'><strong>proveniant</strong></span> <span class='ocrx_word' id='word_1_467' title='bbox 2197 2251 2521 2316; x_wconf 86' lang='lat' dir='ltr'><strong>animarum,</strong></span> <span class='ocrx_word' id='word_1_468' title='bbox 2546 2260 2602 2306; x_wconf 89' lang='lat' dir='ltr'><strong>et</strong></span> <span class='ocrx_word' id='word_1_469' title='bbox 2625 2251 2846 2307; x_wconf 88' lang='lat' dir='ltr'><strong>auribus</strong></span> <span class='ocrx_word' id='word_1_470' title='bbox 2860 2251 3211 2306; x_wconf 78' lang='lat' dir='ltr'><strong>excellentiae</strong></span> <span class='ocrx_word' id='word_1_471' title='bbox 3224 2259 3439 2307; x_wconf 84' lang='lat' dir='ltr'><strong>vestrae</strong></span> 
     </span>
    </p>
   </div>
   <div class='ocr_carea' id='block_1_66' title="bbox 1852 2341 3440 2412">
    <p class='ocr_par' dir='ltr' id='par_1_66' title="bbox 1852 2341 3440 2412">
     <span class='ocr_line' id='line_1_66' title="bbox 1852 2341 3440 2412; baseline 0.003 -18"><span class='ocrx_word' id='word_1_472' title='bbox 1852 2341 2097 2396; x_wconf 89' lang='lat' dir='ltr'><strong>molestia</strong></span> <span class='ocrx_word' id='word_1_473' title='bbox 2122 2341 2418 2412; x_wconf 82' lang='lat' dir='ltr'><strong>ingeratur,</strong></span> <span class='ocrx_word' id='word_1_474' title='bbox 2443 2349 2498 2397; x_wconf 90' lang='lat' dir='ltr'><strong>et</strong></span> <span class='ocrx_word' id='word_1_475' title='bbox 2517 2349 2738 2397; x_wconf 87' lang='lat' dir='ltr'><strong>nostrae</strong></span> <span class='ocrx_word' id='word_1_476' title='bbox 2761 2342 3151 2399; x_wconf 88' lang='lat' dir='ltr'><strong>mediocritatis</strong></span> <span class='ocrx_word' id='word_1_477' title='bbox 3175 2343 3232 2398; x_wconf 91' lang='lat' dir='ltr'><strong>in</strong></span> <span class='ocrx_word' id='word_1_478' title='bbox 3266 2344 3440 2399; x_wconf 87' lang='lat' dir='ltr'><strong>sacris</strong></span> 
     </span>
    </p>
   </div>
   <div class='ocr_carea' id='block_1_67' title="bbox 1852 2431 3212 2503">
    <p class='ocr_par' dir='ltr' id='par_1_67' title="bbox 1852 2431 3212 2503">
     <span class='ocr_line' id='line_1_67' title="bbox 1852 2431 3212 2503; baseline 0.001 -18"><span class='ocrx_word' id='word_1_479' title='bbox 1852 2433 2206 2488; x_wconf 90' lang='lat' dir='ltr'><strong>conventibus</strong></span> <span class='ocrx_word' id='word_1_480' title='bbox 2227 2432 2460 2487; x_wconf 88' lang='lat' dir='ltr'><strong>taedium</strong></span> <span class='ocrx_word' id='word_1_481' title='bbox 2481 2441 2535 2488; x_wconf 90' lang='lat' dir='ltr'><strong>et</strong></span> <span class='ocrx_word' id='word_1_482' title='bbox 2555 2433 2907 2503; x_wconf 85' lang='lat' dir='ltr'><strong>obprobrium</strong></span> <span class='ocrx_word' id='word_1_483' title='bbox 2929 2431 3212 2487; x_wconf 81' lang='lat' dir='ltr'><strong>inferatur.</strong></span> 
     </span>
    </p>
   </div>
   <div class='ocr_carea' id='block_1_68' title="bbox 1924 2524 3440 2596">
    <p class='ocr_par' dir='ltr' id='par_1_68' title="bbox 1924 2524 3440 2596">
     <span class='ocr_line' id='line_1_68' title="bbox 1924 2524 3440 2596; baseline 0.002 -18"><span class='ocrx_word' id='word_1_484' title='bbox 1924 2524 2009 2579; x_wconf 67' lang='grc'><strong>14.</strong></span> <span class='ocrx_word' id='word_1_485' title='bbox 2051 2524 2424 2596; x_wconf 85' lang='lat' dir='ltr'><strong>Comperimus</strong></span> <span class='ocrx_word' id='word_1_486' title='bbox 2448 2525 2479 2567; x_wconf 72' lang='grc'><strong>1³</strong></span> <span class='ocrx_word' id='word_1_487' title='bbox 2515 2526 2698 2590; x_wconf 90' lang='lat' dir='ltr'><strong>etiam,</strong></span> <span class='ocrx_word' id='word_1_488' title='bbox 2727 2526 2989 2596; x_wconf 90' lang='lat' dir='ltr'><strong>quosdam</strong></span> <span class='ocrx_word' id='word_1_489' title='bbox 3019 2525 3188 2581; x_wconf 87' lang='lat' dir='ltr'><strong>sotios</strong></span> <span class='ocrx_word' id='word_1_490' title='bbox 3234 2525 3440 2581; x_wconf 87' lang='lat' dir='ltr'><strong>ordinis</strong></span> 
     </span>
    </p>
   </div>
   <div class='ocr_carea' id='block_1_69' title="bbox 1850 2614 3440 2686">
    <p class='ocr_par' dir='ltr' id='par_1_69' title="bbox 1850 2614 3440 2686">
     <span class='ocr_line' id='line_1_69' title="bbox 1850 2614 3440 2686; baseline -0.001 -16"><span class='ocrx_word' id='word_1_491' title='bbox 1850 2616 2043 2681; x_wconf 88' lang='lat' dir='ltr'><strong>nostri,</strong></span> <span class='ocrx_word' id='word_1_492' title='bbox 2080 2631 2188 2671; x_wconf 89' lang='lat' dir='ltr'><strong>non</strong></span> <span class='ocrx_word' id='word_1_493' title='bbox 2225 2632 2389 2672; x_wconf 90' lang='lat' dir='ltr'><strong>causa</strong></span> <span class='ocrx_word' id='word_1_494' title='bbox 2424 2616 2766 2672; x_wconf 89' lang='lat' dir='ltr'><strong>necessitatis</strong></span> <span class='ocrx_word' id='word_1_495' title='bbox 2798 2625 2892 2671; x_wconf 88' lang='lat' dir='ltr'><strong>aut</strong></span> <span class='ocrx_word' id='word_1_496' title='bbox 2924 2615 3176 2671; x_wconf 80' lang='lat' dir='ltr'><strong>utilitatis</strong></span> <span class='ocrx_word' id='word_1_497' title='bbox 3212 2614 3306 2670; x_wconf 88' lang='lat' dir='ltr'><strong>sed</strong></span> <span class='ocrx_word' id='word_1_498' title='bbox 3342 2630 3440 2686; x_wconf 92' lang='lat' dir='ltr'><strong>po-</strong></span> 
     </span>
    </p>
   </div>
   <div class='ocr_carea' id='block_1_70' title="bbox 1851 2706 3442 2777">
    <p class='ocr_par' dir='ltr' id='par_1_70' title="bbox 1851 2706 3442 2777">
     <span class='ocr_line' id='line_1_70' title="bbox 1851 2706 3442 2777; baseline -0.001 -16"><span class='ocrx_word' id='word_1_499' title='bbox 1851 2708 1959 2762; x_wconf 89' lang='lat' dir='ltr'><strong>tius</strong></span> <span class='ocrx_word' id='word_1_500' title='bbox 1984 2708 2258 2772; x_wconf 88' lang='lat' dir='ltr'><strong>avaritiae,</strong></span> <span class='ocrx_word' id='word_1_501' title='bbox 2285 2707 2679 2771; x_wconf 87' lang='lat' dir='ltr'><strong>delectationis,</strong></span> <span class='ocrx_word' id='word_1_502' title='bbox 2708 2707 2990 2777; x_wconf 84' lang='lat' dir='ltr'><strong>sepissime</strong></span> <span class='ocrx_word' id='word_1_503' title='bbox 3012 2707 3233 2777; x_wconf 90' lang='lat' dir='ltr'><strong>propria</strong></span> <span class='ocrx_word' id='word_1_504' title='bbox 3255 2706 3442 2761; x_wconf 88' lang='lat' dir='ltr'><strong>civita-</strong></span> 
     </span>
    </p>
   </div>
   <div class='ocr_carea' id='block_1_71' title="bbox 1850 2797 3437 2869">
    <p class='ocr_par' dir='ltr' id='par_1_71' title="bbox 1850 2797 3437 2869">
     <span class='ocr_line' id='line_1_71' title="bbox 1850 2797 3437 2869; baseline 0 -17"><span class='ocrx_word' id='word_1_505' title='bbox 1850 2799 1920 2853; x_wconf 89' lang='lat' dir='ltr'><strong>tis</strong></span> <span class='ocrx_word' id='word_1_506' title='bbox 1942 2814 2071 2854; x_wconf 88' lang='lat' dir='ltr'><strong>suae</strong></span> <span class='ocrx_word' id='word_1_507' title='bbox 2092 2798 2220 2855; x_wconf 90' lang='lat' dir='ltr'><strong>sede</strong></span> <span class='ocrx_word' id='word_1_508' title='bbox 2235 2798 2423 2854; x_wconf 91' lang='lat' dir='ltr'><strong>relicta</strong></span> <span class='ocrx_word' id='word_1_509' title='bbox 2449 2798 2700 2868; x_wconf 89' lang='lat' dir='ltr'><strong>cleroque</strong></span> <span class='ocrx_word' id='word_1_510' title='bbox 2722 2798 2974 2869; x_wconf 88' lang='lat' dir='ltr'><strong>neglecto</strong></span> <span class='ocrx_word' id='word_1_511' title='bbox 3000 2798 3291 2853; x_wconf 89' lang='lat' dir='ltr'><strong>remotiora</strong></span> <span class='ocrx_word' id='word_1_512' title='bbox 3320 2797 3437 2852; x_wconf 86' lang='lat' dir='ltr'><strong>loca</strong></span> 
     </span>
    </p>
   </div>
   <div class='ocr_carea' id='block_1_72' title="bbox 1850 2877 3441 2962">
    <p class='ocr_par' dir='ltr' id='par_1_72' title="bbox 1850 2877 3441 2962">
     <span class='ocr_line' id='line_1_72' title="bbox 1850 2877 3441 2962; baseline -0.001 -16"><span class='ocrx_word' id='word_1_513' title='bbox 1850 2877 2219 2962; x_wconf 52' lang='lat' dir='ltr'><strong>frequentare:</strong></span> <span class='ocrx_word' id='word_1_514' title='bbox 2243 2892 2321 2947; x_wconf 91' lang='lat' dir='ltr'><strong>De</strong></span> <span class='ocrx_word' id='word_1_515' title='bbox 2347 2907 2453 2962; x_wconf 91' lang='lat' dir='ltr'><strong>qua</strong></span> <span class='ocrx_word' id='word_1_516' title='bbox 2476 2907 2539 2948; x_wconf 86' lang='lat' dir='ltr'><strong>re</strong></span> <span class='ocrx_word' id='word_1_517' title='bbox 2563 2900 2615 2947; x_wconf 89' lang='lat' dir='ltr'><strong>et</strong></span> <span class='ocrx_word' id='word_1_518' title='bbox 2642 2892 2928 2948; x_wconf 87' lang='lat' dir='ltr'><strong>destitutio</strong></span> <span class='ocrx_word' id='word_1_519' title='bbox 2971 2891 3137 2947; x_wconf 88' lang='lat' dir='ltr'><strong>divini</strong></span> <span class='ocrx_word' id='word_1_520' title='bbox 3172 2891 3351 2946; x_wconf 91' lang='lat' dir='ltr'><strong>cultus</strong></span> <span class='ocrx_word' id='word_1_521' title='bbox 3385 2899 3441 2945; x_wconf 90' lang='lat' dir='ltr'><strong>et</strong></span> 
     </span>
    </p>
   </div>
   <div class='ocr_carea' id='block_1_73' title="bbox 1846 2980 3441 3053">
    <p class='ocr_par' dir='ltr' id='par_1_73' title="bbox 1846 2980 3441 3053">
     <span class='ocr_line' id='line_1_73' title="bbox 1846 2980 3441 3053; baseline -0.002 -17"><span class='ocrx_word' id='word_1_522' title='bbox 1846 2983 2142 3050; x_wconf 87' lang='lat' dir='ltr'><strong>predicatio</strong></span> <span class='ocrx_word' id='word_1_523' title='bbox 2173 2982 2226 3036; x_wconf 93' lang='lat' dir='ltr'><strong>in</strong></span> <span class='ocrx_word' id='word_1_524' title='bbox 2253 2982 2500 3053; x_wconf 89' lang='lat' dir='ltr'><strong>plebibus</strong></span> <span class='ocrx_word' id='word_1_525' title='bbox 2521 2990 2577 3036; x_wconf 91' lang='lat' dir='ltr'><strong>et</strong></span> <span class='ocrx_word' id='word_1_526' title='bbox 2601 2998 2731 3037; x_wconf 90' lang='lat' dir='ltr'><strong>cura</strong></span> <span class='ocrx_word' id='word_1_527' title='bbox 2766 2982 3135 3038; x_wconf 86' lang='lat' dir='ltr'><strong>subiectorum</strong></span> <span class='ocrx_word' id='word_1_528' title='bbox 3164 2980 3441 3050; x_wconf 88' lang='lat' dir='ltr'><strong>postponi-</strong></span> 
     </span>
    </p>
   </div>
   <div class='ocr_carea' id='block_1_74' title="bbox 1849 3070 3437 3142">
    <p class='ocr_par' dir='ltr' id='par_1_74' title="bbox 1849 3070 3437 3142">
     <span class='ocr_line' id='line_1_74' title="bbox 1849 3070 3437 3142; baseline -0.001 -17"><span class='ocrx_word' id='word_1_529' title='bbox 1849 3080 1955 3136; x_wconf 90' lang='lat' dir='ltr'><strong>tur,</strong></span> <span class='ocrx_word' id='word_1_530' title='bbox 1983 3080 2037 3125; x_wconf 89' lang='lat' dir='ltr'><strong>et</strong></span> <span class='ocrx_word' id='word_1_531' title='bbox 2077 3071 2417 3141; x_wconf 87' lang='lat' dir='ltr'><strong>hospitalitas</strong></span> <span class='ocrx_word' id='word_1_532' title='bbox 2457 3071 2778 3142; x_wconf 81' lang='lat' dir='ltr'><strong>neglegitur,</strong></span> <span class='ocrx_word' id='word_1_533' title='bbox 2834 3072 2979 3140; x_wconf 90' lang='lat' dir='ltr'><strong>quod</strong></span> <span class='ocrx_word' id='word_1_534' title='bbox 3023 3086 3093 3125; x_wconf 92' lang='lat' dir='ltr'><strong>ne</strong></span> <span class='ocrx_word' id='word_1_535' title='bbox 3137 3070 3367 3125; x_wconf 86' lang='lat' dir='ltr'><strong>ulterius</strong></span> <span class='ocrx_word' id='word_1_536' title='bbox 3406 3085 3437 3123; x_wconf 91' lang='lat' dir='ltr'><strong>a</strong></span> 
     </span>
    </p>
   </div>
   <div class='ocr_carea' id='block_1_75' title="bbox 1774 3142 3438 3234">
    <p class='ocr_par' dir='ltr' id='par_1_75' title="bbox 1774 3142 3438 3234">
     <span class='ocr_line' id='line_1_75' title="bbox 1774 3142 3438 3234; baseline 0.001 -17"><span class='ocrx_word' id='word_1_537' title='bbox 1774 3142 1817 3201; x_wconf 66' lang='grc' dir='ltr'><strong>(ἶ</strong></span> <span class='ocrx_word' id='word_1_538' title='bbox 1848 3178 2121 3234; x_wconf 90' lang='lat' dir='ltr'><strong>quoquam</strong></span> <span class='ocrx_word' id='word_1_539' title='bbox 2141 3163 2257 3217; x_wconf 87' lang='lat' dir='ltr'><strong>sine</strong></span> <span class='ocrx_word' id='word_1_540' title='bbox 2284 3162 2579 3218; x_wconf 85' lang='lat' dir='ltr'><strong>inevitabili</strong></span> <span class='ocrx_word' id='word_1_541' title='bbox 2603 3164 2929 3219; x_wconf 87' lang='lat' dir='ltr'><strong>necessitate</strong></span> <span class='ocrx_word' id='word_1_542' title='bbox 2949 3172 3003 3218; x_wconf 90' lang='lat' dir='ltr'><strong>et</strong></span> <span class='ocrx_word' id='word_1_543' title='bbox 3024 3170 3174 3219; x_wconf 89' lang='lat' dir='ltr'><strong>certa</strong></span> <span class='ocrx_word' id='word_1_544' title='bbox 3201 3162 3438 3219; x_wconf 89' lang='lat' dir='ltr'><strong>utilitate</strong></span> 
     </span>
    </p>
   </div>
   <div class='ocr_carea' id='block_1_76' title="bbox 1845 3252 2777 3322">
    <p class='ocr_par' dir='ltr' id='par_1_76' title="bbox 1845 3252 2777 3322">
     <span class='ocr_line' id='line_1_76' title="bbox 1845 3252 2777 3322; baseline 0.002 -16"><span class='ocrx_word' id='word_1_545' title='bbox 1845 3252 1956 3315; x_wconf 87' lang='lat' dir='ltr'><strong>ﬁat,</strong></span> <span class='ocrx_word' id='word_1_546' title='bbox 1986 3252 2106 3322; x_wconf 88' lang='lat' dir='ltr'><strong>pari</strong></span> <span class='ocrx_word' id='word_1_547' title='bbox 2132 3268 2400 3308; x_wconf 89' lang='lat' dir='ltr'><strong>consensu</strong></span> <span class='ocrx_word' id='word_1_548' title='bbox 2422 3253 2777 3310; x_wconf 89' lang='lat' dir='ltr'><strong>inhibuimus.</strong></span> 
     </span>
    </p>
   </div>
   <div class='ocr_carea' id='block_1_77' title="bbox 1916 3330 3436 3413">
    <p class='ocr_par' dir='ltr' id='par_1_77' title="bbox 1916 3330 3436 3413">
     <span class='ocr_line' id='line_1_77' title="bbox 1916 3330 3436 3413; baseline 0.001 -14"><span class='ocrx_word' id='word_1_549' title='bbox 1916 3344 2003 3399; x_wconf 83' lang='grc'><strong>15.</strong></span> <span class='ocrx_word' id='word_1_550' title='bbox 2041 3330 2176 3402; x_wconf 77' lang='lat' dir='ltr'><strong>Dec</strong></span> <span class='ocrx_word' id='word_1_551' title='bbox 2211 3346 2424 3402; x_wconf 78' lang='lat' dir='ltr'><strong>doricis</strong></span> <span class='ocrx_word' id='word_1_552' title='bbox 2468 3361 2596 3402; x_wconf 87' lang='lat' dir='ltr'><strong>vero</strong></span> <span class='ocrx_word' id='word_1_553' title='bbox 2650 3346 2947 3413; x_wconf 85' lang='lat' dir='ltr'><strong>laicorum,</strong></span> <span class='ocrx_word' id='word_1_554' title='bbox 2987 3346 3130 3402; x_wconf 92' lang='lat' dir='ltr'><strong>unde</strong></span> <span class='ocrx_word' id='word_1_555' title='bbox 3190 3344 3436 3401; x_wconf 89' lang='lat' dir='ltr'><strong>nonnulli</strong></span> 
     </span>
    </p>
   </div>
   <div class='ocr_carea' id='block_1_78' title="bbox 1844 3438 3438 3510">
    <p class='ocr_par' dir='ltr' id='par_1_78' title="bbox 1844 3438 3438 3510">
     <span class='ocr_line' id='line_1_78' title="bbox 1844 3438 3438 3510; baseline -0.001 -16"><span class='ocrx_word' id='word_1_556' title='bbox 1844 3455 2031 3495; x_wconf 88' lang='lat' dir='ltr'><strong>eorum</strong></span> <span class='ocrx_word' id='word_1_557' title='bbox 2056 3440 2315 3510; x_wconf 87' lang='lat' dir='ltr'><strong>conqueri</strong></span> <span class='ocrx_word' id='word_1_558' title='bbox 2346 3439 2617 3505; x_wconf 88' lang='lat' dir='ltr'><strong>videntur,</strong></span> <span class='ocrx_word' id='word_1_559' title='bbox 2658 3456 2723 3496; x_wconf 93' lang='lat' dir='ltr'><strong>eo</strong></span> <span class='ocrx_word' id='word_1_560' title='bbox 2753 3440 2895 3510; x_wconf 90' lang='lat' dir='ltr'><strong>quod</strong></span> <span class='ocrx_word' id='word_1_561' title='bbox 2935 3440 3155 3510; x_wconf 89' lang='lat' dir='ltr'><strong>quidam</strong></span> <span class='ocrx_word' id='word_1_562' title='bbox 3197 3438 3438 3508; x_wconf 90' lang='lat' dir='ltr'><strong>episcopi</strong></span> 
     </span>
    </p>
   </div>
   <div class='ocr_carea' id='block_1_79' title="bbox 1844 3530 3433 3602">
    <p class='ocr_par' dir='ltr' id='par_1_79' title="bbox 1844 3530 3433 3602">
     <span class='ocr_line' id='line_1_79' title="bbox 1844 3530 3433 3602; baseline -0.003 -15"><span class='ocrx_word' id='word_1_563' title='bbox 1844 3533 1911 3587; x_wconf 89' lang='lat' dir='ltr'><strong>ad</strong></span> <span class='ocrx_word' id='word_1_564' title='bbox 1938 3549 2124 3588; x_wconf 90' lang='lat' dir='ltr'><strong>eorum</strong></span> <span class='ocrx_word' id='word_1_565' title='bbox 2146 3548 2335 3602; x_wconf 91' lang='lat' dir='ltr'><strong>preces</strong></span> <span class='ocrx_word' id='word_1_566' title='bbox 2360 3533 2533 3587; x_wconf 90' lang='lat' dir='ltr'><strong>nolint</strong></span> <span class='ocrx_word' id='word_1_567' title='bbox 2556 3532 2612 3586; x_wconf 92' lang='lat' dir='ltr'><strong>in</strong></span> <span class='ocrx_word' id='word_1_568' title='bbox 2636 3532 2883 3588; x_wconf 87' lang='lat' dir='ltr'><strong>ecclesiis</strong></span> <span class='ocrx_word' id='word_1_569' title='bbox 2908 3531 3021 3587; x_wconf 90' lang='lat' dir='ltr'><strong>suis</strong></span> <span class='ocrx_word' id='word_1_570' title='bbox 3052 3545 3147 3586; x_wconf 90' lang='lat' dir='ltr'><strong>eos</strong></span> <span class='ocrx_word' id='word_1_571' title='bbox 3173 3545 3299 3585; x_wconf 92' lang='lat' dir='ltr'><strong>cum</strong></span> <span class='ocrx_word' id='word_1_572' title='bbox 3322 3530 3433 3583; x_wconf 90' lang='lat' dir='ltr'><strong>uti-</strong></span> 
     </span>
    </p>
   </div>
   <div class='ocr_carea' id='block_1_80' title="bbox 1843 3623 3431 3691">
    <p class='ocr_par' dir='ltr' id='par_1_80' title="bbox 1843 3623 3431 3691">
     <span class='ocr_line' id='line_1_80' title="bbox 1843 3623 3431 3691; baseline -0.001 -12"><span class='ocrx_word' id='word_1_573' title='bbox 1843 3625 1922 3681; x_wconf 89' lang='lat' dir='ltr'><strong>les</strong></span> <span class='ocrx_word' id='word_1_574' title='bbox 1967 3626 2076 3681; x_wconf 89' lang='lat' dir='ltr'><strong>sint</strong></span> <span class='ocrx_word' id='word_1_575' title='bbox 2127 3625 2399 3690; x_wconf 89' lang='lat' dir='ltr'><strong>ordinare,</strong></span> <span class='ocrx_word' id='word_1_576' title='bbox 2429 3626 2606 3680; x_wconf 90' lang='lat' dir='ltr'><strong>visum</strong></span> <span class='ocrx_word' id='word_1_577' title='bbox 2649 3625 2803 3680; x_wconf 92' lang='lat' dir='ltr'><strong>nobis</strong></span> <span class='ocrx_word' id='word_1_578' title='bbox 2849 3624 2970 3690; x_wconf 83' lang='lat' dir='ltr'><strong>fuit,</strong></span> <span class='ocrx_word' id='word_1_579' title='bbox 3007 3633 3069 3679; x_wconf 92' lang='lat' dir='ltr'><strong>ut</strong></span> <span class='ocrx_word' id='word_1_580' title='bbox 3102 3624 3159 3678; x_wconf 90' lang='lat' dir='ltr'><strong>in</strong></span> <span class='ocrx_word' id='word_1_581' title='bbox 3184 3623 3431 3691; x_wconf 84' lang='lat' dir='ltr'><strong>utrisque</strong></span> 
     </span>
    </p>
   </div>
   <div class='ocr_carea' id='block_1_81' title="bbox 1842 3719 3434 3793">
    <p class='ocr_par' dir='ltr' id='par_1_81' title="bbox 1842 3719 3434 3793">
     <span class='ocr_line' id='line_1_81' title="bbox 1842 3719 3434 3793; baseline -0.001 -19"><span class='ocrx_word' id='word_1_582' title='bbox 1842 3722 2087 3791; x_wconf 81' lang='lat' dir='ltr'><strong>partibus</strong></span> <span class='ocrx_word' id='word_1_583' title='bbox 2122 3736 2228 3790; x_wconf 80' lang='lat' dir='ltr'><strong>pax</strong></span> <span class='ocrx_word' id='word_1_584' title='bbox 2254 3729 2308 3776; x_wconf 90' lang='lat' dir='ltr'><strong>et</strong></span> <span class='ocrx_word' id='word_1_585' title='bbox 2330 3721 2617 3776; x_wconf 87' lang='lat' dir='ltr'><strong>concordia</strong></span> <span class='ocrx_word' id='word_1_586' title='bbox 2652 3728 2919 3793; x_wconf 82' lang='lat' dir='ltr'><strong>servetur,</strong></span> <span class='ocrx_word' id='word_1_587' title='bbox 2960 3728 3013 3775; x_wconf 91' lang='lat' dir='ltr'><strong>et</strong></span> <span class='ocrx_word' id='word_1_588' title='bbox 3049 3735 3173 3775; x_wconf 89' lang='lat' dir='ltr'><strong>cum</strong></span> <span class='ocrx_word' id='word_1_589' title='bbox 3197 3719 3434 3775; x_wconf 90' lang='lat' dir='ltr'><strong>caritate</strong></span> 
     </span>
    </p>
   </div>
   <div class='ocr_carea' id='block_1_82' title="bbox 1841 3810 3437 3880">
    <p class='ocr_par' dir='ltr' id='par_1_82' title="bbox 1841 3810 3437 3880">
     <span class='ocr_line' id='line_1_82' title="bbox 1841 3810 3437 3880; baseline -0.003 -10"><span class='ocrx_word' id='word_1_590' title='bbox 1841 3821 1895 3870; x_wconf 92' lang='lat' dir='ltr'><strong>et</strong></span> <span class='ocrx_word' id='word_1_591' title='bbox 1918 3814 2127 3868; x_wconf 86' lang='lat' dir='ltr'><strong>ratione</strong></span> <span class='ocrx_word' id='word_1_592' title='bbox 2155 3813 2319 3868; x_wconf 87' lang='lat' dir='ltr'><strong>utiles</strong></span> <span class='ocrx_word' id='word_1_593' title='bbox 2339 3821 2393 3866; x_wconf 92' lang='lat' dir='ltr'><strong>et</strong></span> <span class='ocrx_word' id='word_1_594' title='bbox 2421 3812 2598 3867; x_wconf 90' lang='lat' dir='ltr'><strong>idonei</strong></span> <span class='ocrx_word' id='word_1_595' title='bbox 2640 3812 2929 3880; x_wconf 85' lang='lat' dir='ltr'><strong>eligantur,</strong></span> <span class='ocrx_word' id='word_1_596' title='bbox 2981 3820 3035 3866; x_wconf 94' lang='lat' dir='ltr'><strong>et</strong></span> <span class='ocrx_word' id='word_1_597' title='bbox 3057 3811 3103 3867; x_wconf 90' lang='lat' dir='ltr'><strong>si</strong></span> <span class='ocrx_word' id='word_1_598' title='bbox 3126 3811 3296 3865; x_wconf 90' lang='lat' dir='ltr'><strong>laicus</strong></span> <span class='ocrx_word' id='word_1_599' title='bbox 3320 3810 3437 3865; x_wconf 88' lang='lat' dir='ltr'><strong>ido-</strong></span> 
     </span>
    </p>
   </div>
   <div class='ocr_carea' id='block_1_83' title="bbox 1843 3902 3435 3973">
    <p class='ocr_par' dir='ltr' id='par_1_83' title="bbox 1843 3902 3435 3973">
     <span class='ocr_line' id='line_1_83' title="bbox 1843 3902 3435 3973; baseline -0.002 -14"><span class='ocrx_word' id='word_1_600' title='bbox 1843 3920 2003 3959; x_wconf 88' lang='lat' dir='ltr'><strong>neum</strong></span> <span class='ocrx_word' id='word_1_601' title='bbox 2042 3904 2340 3973; x_wconf 90' lang='lat' dir='ltr'><strong>utilemque</strong></span> <span class='ocrx_word' id='word_1_602' title='bbox 2361 3902 2619 3958; x_wconf 90' lang='lat' dir='ltr'><strong>clericum</strong></span> <span class='ocrx_word' id='word_1_603' title='bbox 2656 3904 2933 3967; x_wconf 89' lang='lat' dir='ltr'><strong>obtulerit,</strong></span> <span class='ocrx_word' id='word_1_604' title='bbox 2985 3902 3133 3957; x_wconf 89' lang='lat' dir='ltr'><strong>nulla</strong></span> <span class='ocrx_word' id='word_1_605' title='bbox 3191 3902 3435 3971; x_wconf 88' lang='lat' dir='ltr'><strong>qualibet</strong></span> 
     </span>
    </p>
   </div>
   <div class='ocr_carea' id='block_1_84' title="bbox 1842 3993 3432 4064">
    <p class='ocr_par' dir='ltr' id='par_1_84' title="bbox 1842 3993 3432 4064">
     <span class='ocr_line' id='line_1_84' title="bbox 1842 3993 3432 4064; baseline -0.001 -14"><span class='ocrx_word' id='word_1_606' title='bbox 1842 3995 2127 4050; x_wconf 89' lang='lat' dir='ltr'><strong>occasione</strong></span> <span class='ocrx_word' id='word_1_607' title='bbox 2157 3996 2226 4049; x_wconf 88' lang='lat' dir='ltr'><strong>ab</strong></span> <span class='ocrx_word' id='word_1_608' title='bbox 2253 3996 2507 4064; x_wconf 91' lang='lat' dir='ltr'><strong>episcopo</strong></span> <span class='ocrx_word' id='word_1_609' title='bbox 2535 3994 2653 4048; x_wconf 90' lang='lat' dir='ltr'><strong>sine</strong></span> <span class='ocrx_word' id='word_1_610' title='bbox 2688 3994 2897 4048; x_wconf 89' lang='lat' dir='ltr'><strong>ratione</strong></span> <span class='ocrx_word' id='word_1_611' title='bbox 2926 4001 3073 4049; x_wconf 90' lang='lat' dir='ltr'><strong>certa</strong></span> <span class='ocrx_word' id='word_1_612' title='bbox 3118 3993 3432 4063; x_wconf 80' lang='lat' dir='ltr'><strong>repellatur,</strong></span> 
     </span>
    </p>
   </div>
   <div class='ocr_carea' id='block_1_85' title="bbox 1842 4082 3433 4153">
    <p class='ocr_par' dir='ltr' id='par_1_85' title="bbox 1842 4082 3433 4153">
     <span class='ocr_line' id='line_1_85' title="bbox 1842 4082 3433 4153; baseline -0.005 -10"><span class='ocrx_word' id='word_1_613' title='bbox 1842 4096 1897 4143; x_wconf 90' lang='lat' dir='ltr'><strong>ct</strong></span> <span class='ocrx_word' id='word_1_614' title='bbox 1919 4086 1965 4140; x_wconf 90' lang='lat' dir='ltr'><strong>si</strong></span> <span class='ocrx_word' id='word_1_615' title='bbox 1986 4086 2293 4141; x_wconf 87' lang='lat' dir='ltr'><strong>reiciendus</strong></span> <span class='ocrx_word' id='word_1_616' title='bbox 2353 4094 2457 4149; x_wconf 89' lang='lat' dir='ltr'><strong>est,</strong></span> <span class='ocrx_word' id='word_1_617' title='bbox 2514 4092 2741 4153; x_wconf 84' lang='lat' dir='ltr'><strong>propter</strong></span> <span class='ocrx_word' id='word_1_618' title='bbox 2785 4082 3098 4137; x_wconf 84' lang='lat' dir='ltr'><strong>scandalum</strong></span> <span class='ocrx_word' id='word_1_619' title='bbox 3149 4082 3433 4137; x_wconf 89' lang='lat' dir='ltr'><strong>vitandum</strong></span> 
     </span>
    </p>
   </div>
   <div class='ocr_carea' id='block_1_86' title="bbox 1842 4178 2754 4245">
    <p class='ocr_par' dir='ltr' id='par_1_86' title="bbox 1842 4178 2754 4245">
     <span class='ocr_line' id='line_1_86' title="bbox 1842 4178 2754 4245; baseline -0.002 -12"><span class='ocrx_word' id='word_1_620' title='bbox 1842 4179 2085 4245; x_wconf 70' lang='lat' dir='ltr'><strong>evidenti</strong></span> <span class='ocrx_word' id='word_1_621' title='bbox 2108 4180 2319 4235; x_wconf 88' lang='lat' dir='ltr'><strong>ratione</strong></span> <span class='ocrx_word' id='word_1_622' title='bbox 2356 4178 2754 4233; x_wconf 83' lang='lat' dir='ltr'><strong>manifestetur.</strong></span> 
     </span>
    </p>
   </div>
   <div class='ocr_carea' id='block_1_87' title="bbox 1915 4258 3429 4342">
    <p class='ocr_par' dir='ltr' id='par_1_87' title="bbox 1915 4258 3429 4342">
     <span class='ocr_line' id='line_1_87' title="bbox 1915 4258 3429 4342; baseline -0.002 -16"><span class='ocrx_word' id='word_1_623' title='bbox 1915 4272 2001 4326; x_wconf 77' lang='grc'><strong>16.</strong></span> <span class='ocrx_word' id='word_1_624' title='bbox 2040 4271 2212 4342; x_wconf 86' lang='lat' dir='ltr'><strong>Igitur</strong></span> <span class='ocrx_word' id='word_1_625' title='bbox 2260 4271 2386 4340; x_wconf 92' lang='lat' dir='ltr'><strong>quia</strong></span> <span class='ocrx_word' id='word_1_626' title='bbox 2438 4258 3013 4341; x_wconf 37' lang='lat' dir='ltr'><strong>constat&#39;religionem</strong></span> <span class='ocrx_word' id='word_1_627' title='bbox 3070 4269 3429 4326; x_wconf 79' lang='lat' dir='ltr'><strong>Christianam</strong></span> 
     </span>
    </p>
   </div>
   <div class='ocr_carea' id='block_1_88' title="bbox 1841 4361 3430 4434">
    <p class='ocr_par' dir='ltr' id='par_1_88' title="bbox 1841 4361 3430 4434">
     <span class='ocr_line' id='line_1_88' title="bbox 1841 4361 3430 4434; baseline -0.003 -14"><span class='ocrx_word' id='word_1_628' title='bbox 1841 4380 1938 4434; x_wconf 82' lang='lat' dir='ltr'><strong>per</strong></span> <span class='ocrx_word' id='word_1_629' title='bbox 1965 4377 2309 4420; x_wconf 86' lang='lat' dir='ltr'><strong>successores</strong></span> <span class='ocrx_word' id='word_1_630' title='bbox 2327 4362 2696 4433; x_wconf 85' lang='lat' dir='ltr'><strong>apostolon</strong></span> <span class='ocrx_word' id='word_1_631' title='bbox 2720 4361 3013 4418; x_wconf 82' lang='lat' dir='ltr'><strong>salubriter</strong></span> <span class='ocrx_word' id='word_1_632' title='bbox 3057 4362 3430 4418; x_wconf 89' lang='lat' dir='ltr'><strong>administrari</strong></span> 
     </span>
    </p>
   </div>
   <div class='ocr_carea' id='block_1_89' title="bbox 150 4454 3438 4552">
    <p class='ocr_par' dir='ltr' id='par_1_89' title="bbox 150 4454 3438 4552">
     <span class='ocr_line' id='line_1_89' title="bbox 150 4454 3438 4552; baseline 0.001 -46"><span class='ocrx_word' id='word_1_633' title='bbox 150 4455 213 4509; x_wconf 86' lang='lat' dir='ltr'><strong>ab</strong></span> <span class='ocrx_word' id='word_1_634' title='bbox 236 4454 377 4509; x_wconf 88' lang='lat' dir='ltr'><strong>hinc</strong></span> <span class='ocrx_word' id='word_1_635' title='bbox 399 4462 456 4508; x_wconf 87' lang='lat' dir='ltr'><strong>et</strong></span> <span class='ocrx_word' id='word_1_636' title='bbox 478 4463 738 4524; x_wconf 89' lang='lat' dir='ltr'><strong>perpetuo</strong></span> <span class='ocrx_word' id='word_1_637' title='bbox 760 4471 1074 4512; x_wconf 90' lang='lat' dir='ltr'><strong>mansurum</strong></span> <span class='ocrx_word' id='word_1_638' title='bbox 1110 4473 1230 4513; x_wconf 91' lang='lat' dir='ltr'><strong>esse</strong></span> <span class='ocrx_word' id='word_1_639' title='bbox 1273 4459 1628 4526; x_wconf 84' lang='lat' dir='ltr'><strong>decrevimus,</strong></span> <span class='ocrx_word' id='word_1_640' title='bbox 1676 4468 1738 4515; x_wconf 92' lang='lat' dir='ltr'><strong>ut</strong></span> <span class='ocrx_word' id='word_1_641' title='bbox 1770 4491 1820 4552; x_wconf 71' lang='grc' dir='ltr'><strong>υ</strong></span> <span class='ocrx_word' id='word_1_642' title='bbox 1842 4455 2162 4526; x_wconf 89' lang='lat' dir='ltr'><strong>populisque</strong></span> <span class='ocrx_word' id='word_1_643' title='bbox 2196 4455 2264 4511; x_wconf 92' lang='lat' dir='ltr'><strong>ad</strong></span> <span class='ocrx_word' id='word_1_644' title='bbox 2313 4455 2482 4510; x_wconf 90' lang='lat' dir='ltr'><strong>vitam</strong></span> <span class='ocrx_word' id='word_1_645' title='bbox 2532 4463 2811 4509; x_wconf 83' lang='lat' dir='ltr'><strong>aeternam</strong></span> <span class='ocrx_word' id='word_1_646' title='bbox 2874 4454 3128 4511; x_wconf 91' lang='lat' dir='ltr'><strong>ducatum</strong></span> <span class='ocrx_word' id='word_1_647' title='bbox 3189 4454 3438 4509; x_wconf 79' lang='lat' dir='ltr'><strong>exhiberi</strong></span> 
     </span>
    </p>
   </div>
   <div class='ocr_carea' id='block_1_90' title="bbox 148 4544 3491 4628">
    <p class='ocr_par' dir='ltr' id='par_1_90' title="bbox 148 4544 3491 4628">
     <span class='ocr_line' id='line_1_90' title="bbox 148 4544 3491 4628; baseline -0.001 -29"><span class='ocrx_word' id='word_1_648' title='bbox 148 4546 447 4615; x_wconf 83' lang='lat' dir='ltr'><strong>episcopus</strong></span> <span class='ocrx_word' id='word_1_649' title='bbox 470 4561 557 4600; x_wconf 91' lang='lat' dir='ltr'><strong>res</strong></span> <span class='ocrx_word' id='word_1_650' title='bbox 593 4547 677 4601; x_wconf 91' lang='lat' dir='ltr'><strong>sui</strong></span> <span class='ocrx_word' id='word_1_651' title='bbox 723 4547 858 4604; x_wconf 92' lang='lat' dir='ltr'><strong>iuris</strong></span> <span class='ocrx_word' id='word_1_652' title='bbox 911 4563 1048 4618; x_wconf 90' lang='lat' dir='ltr'><strong>quas</strong></span> <span class='ocrx_word' id='word_1_653' title='bbox 1084 4559 1176 4605; x_wconf 92' lang='lat' dir='ltr'><strong>aut</strong></span> <span class='ocrx_word' id='word_1_654' title='bbox 1221 4560 1346 4606; x_wconf 87' lang='lat' dir='ltr'><strong>ante</strong></span> <span class='ocrx_word' id='word_1_655' title='bbox 1370 4552 1739 4622; x_wconf 90' lang='lat' dir='ltr'><strong>episcopatum</strong></span> <span class='ocrx_word' id='word_1_656' title='bbox 1770 4544 1808 4552; x_wconf 67' lang='lat'>&#39;</span> <span class='ocrx_word' id='word_1_657' title='bbox 1847 4546 2065 4611; x_wconf 90' lang='lat' dir='ltr'><strong>debere,</strong></span> <span class='ocrx_word' id='word_1_658' title='bbox 2087 4546 2263 4615; x_wconf 89' lang='lat' dir='ltr'><strong>primo</strong></span> <span class='ocrx_word' id='word_1_659' title='bbox 2295 4545 2663 4601; x_wconf 82' lang='lat' dir='ltr'><strong>necessarium</strong></span> <span class='ocrx_word' id='word_1_660' title='bbox 2690 4546 3068 4609; x_wconf 79' lang='lat' dir='ltr'><strong>iudicavimus,</strong></span> <span class='ocrx_word' id='word_1_661' title='bbox 3097 4554 3158 4599; x_wconf 91' lang='lat' dir='ltr'><strong>ut</strong></span> <span class='ocrx_word' id='word_1_662' title='bbox 3180 4544 3439 4614; x_wconf 88' lang='lat' dir='ltr'><strong>quicquid</strong></span> <span class='ocrx_word' id='word_1_663' title='bbox 3477 4617 3491 4628; x_wconf 27' lang='grc' dir='ltr'><strong>ς</strong></span> 
     </span>
    </p>
   </div>
   <div class='ocr_carea' id='block_1_91' title="bbox 148 4637 1739 4708">
    <p class='ocr_par' dir='ltr' id='par_1_91' title="bbox 148 4637 1739 4708">
     <span class='ocr_line' id='line_1_91' title="bbox 148 4637 1739 4708; baseline 0.006 -18"><span class='ocrx_word' id='word_1_664' title='bbox 148 4647 240 4691; x_wconf 87' lang='lat' dir='ltr'><strong>aut</strong></span> <span class='ocrx_word' id='word_1_665' title='bbox 267 4645 429 4692; x_wconf 83' lang='lat' dir='ltr'><strong>certe</strong></span> <span class='ocrx_word' id='word_1_666' title='bbox 473 4637 528 4691; x_wconf 92' lang='lat' dir='ltr'><strong>in</strong></span> <span class='ocrx_word' id='word_1_667' title='bbox 565 4638 874 4708; x_wconf 88' lang='lat' dir='ltr'><strong>episcopatu</strong></span> <span class='ocrx_word' id='word_1_668' title='bbox 905 4640 1230 4696; x_wconf 89' lang='lat' dir='ltr'><strong>hereditaria</strong></span> <span class='ocrx_word' id='word_1_669' title='bbox 1261 4644 1603 4699; x_wconf 89' lang='lat' dir='ltr'><strong>successione</strong></span> <span class='ocrx_word' id='word_1_670' title='bbox 1639 4644 1739 4699; x_wconf 88' lang='lat' dir='ltr'><strong>ad-</strong></span> 
     </span>
    </p>
   </div>
   <div class='ocr_carea' id='block_1_92' title="bbox 148 4729 1744 4806">
    <p class='ocr_par' dir='ltr' id='par_1_92' title="bbox 148 4729 1744 4806">
     <span class='ocr_line' id='line_1_92' title="bbox 148 4729 1744 4806; baseline 0.004 -22"><span class='ocrx_word' id='word_1_671' title='bbox 148 4729 403 4799; x_wconf 85' lang='lat' dir='ltr'><strong>quisivit,</strong></span> <span class='ocrx_word' id='word_1_672' title='bbox 430 4730 723 4784; x_wconf 87' lang='lat' dir='ltr'><strong>secundum</strong></span> <span class='ocrx_word' id='word_1_673' title='bbox 745 4731 1124 4787; x_wconf 84' lang='lat' dir='ltr'><strong>auctoritatem</strong></span> <span class='ocrx_word' id='word_1_674' title='bbox 1146 4735 1461 4790; x_wconf 90' lang='lat' dir='ltr'><strong>canonicam</strong></span> <span class='ocrx_word' id='word_1_675' title='bbox 1485 4736 1744 4806; x_wconf 84' lang='lat' dir='ltr'><strong>quicquid</strong></span> 
     </span>
    </p>
   </div>
   <div class='ocr_carea' id='block_1_93' title="bbox 150 4818 1740 4893">
    <p class='ocr_par' dir='ltr' id='par_1_93' title="bbox 150 4818 1740 4893">
     <span class='ocr_line' id='line_1_93' title="bbox 150 4818 1740 4893; baseline 0.006 -22"><span class='ocrx_word' id='word_1_676' title='bbox 150 4820 267 4874; x_wconf 84' lang='lat' dir='ltr'><strong>vult</strong></span> <span class='ocrx_word' id='word_1_677' title='bbox 291 4818 498 4885; x_wconf 82' lang='lat' dir='ltr'><strong>faciat,</strong></span> <span class='ocrx_word' id='word_1_678' title='bbox 537 4828 593 4875; x_wconf 88' lang='lat' dir='ltr'><strong>et</strong></span> <span class='ocrx_word' id='word_1_679' title='bbox 628 4820 715 4875; x_wconf 92' lang='lat' dir='ltr'><strong>cui</strong></span> <span class='ocrx_word' id='word_1_680' title='bbox 743 4820 856 4876; x_wconf 88' lang='lat' dir='ltr'><strong>vult</strong></span> <span class='ocrx_word' id='word_1_681' title='bbox 903 4820 1175 4889; x_wconf 87' lang='lat' dir='ltr'><strong>conferat;</strong></span> <span class='ocrx_word' id='word_1_682' title='bbox 1215 4832 1502 4893; x_wconf 91' lang='lat' dir='ltr'><strong>postquam</strong></span> <span class='ocrx_word' id='word_1_683' title='bbox 1560 4834 1740 4880; x_wconf 90' lang='lat' dir='ltr'><strong>autem</strong></span> 
     </span>
    </p>
   </div>
   <div class='ocr_carea' id='block_1_94' title="bbox 149 4908 1743 4982">
    <p class='ocr_par' dir='ltr' id='par_1_94' title="bbox 149 4908 1743 4982">
     <span class='ocr_line' id='line_1_94' title="bbox 149 4908 1743 4982; baseline 0.004 -17"><span class='ocrx_word' id='word_1_684' title='bbox 149 4912 448 4982; x_wconf 79' lang='lat' dir='ltr'><strong>episcopus</strong></span> <span class='ocrx_word' id='word_1_685' title='bbox 472 4908 648 4965; x_wconf 81' lang='lat' dir='ltr'><strong>factus</strong></span> <span class='ocrx_word' id='word_1_686' title='bbox 673 4919 776 4977; x_wconf 89' lang='lat' dir='ltr'><strong>est,</strong></span> <span class='ocrx_word' id='word_1_687' title='bbox 800 4927 1168 4982; x_wconf 90' lang='lat' dir='ltr'><strong>quascumque</strong></span> <span class='ocrx_word' id='word_1_688' title='bbox 1190 4929 1277 4969; x_wconf 91' lang='lat' dir='ltr'><strong>res</strong></span> <span class='ocrx_word' id='word_1_689' title='bbox 1302 4915 1370 4969; x_wconf 89' lang='lat' dir='ltr'><strong>de</strong></span> <span class='ocrx_word' id='word_1_690' title='bbox 1393 4913 1743 4972; x_wconf 82' lang='lat' dir='ltr'><strong>facultatibus</strong></span> 
     </span>
    </p>
   </div>
   <div class='ocr_carea' id='block_1_95' title="bbox 149 5000 1746 5077">
    <p class='ocr_par' dir='ltr' id='par_1_95' title="bbox 149 5000 1746 5077">
     <span class='ocr_line' id='line_1_95' title="bbox 149 5000 1746 5077; baseline 0.006 -23"><span class='ocrx_word' id='word_1_691' title='bbox 149 5000 459 5057; x_wconf 86' lang='lat' dir='ltr'><strong>aecclesiae</strong></span> <span class='ocrx_word' id='word_1_692' title='bbox 482 5009 575 5054; x_wconf 89' lang='lat' dir='ltr'><strong>aut</strong></span> <span class='ocrx_word' id='word_1_693' title='bbox 611 5017 710 5056; x_wconf 92' lang='lat' dir='ltr'><strong>suo</strong></span> <span class='ocrx_word' id='word_1_694' title='bbox 729 5010 824 5056; x_wconf 91' lang='lat' dir='ltr'><strong>aut</strong></span> <span class='ocrx_word' id='word_1_695' title='bbox 845 5003 1067 5060; x_wconf 88' lang='lat' dir='ltr'><strong>alterius</strong></span> <span class='ocrx_word' id='word_1_696' title='bbox 1092 5006 1311 5061; x_wconf 91' lang='lat' dir='ltr'><strong>nomine</strong></span> <span class='ocrx_word' id='word_1_697' title='bbox 1343 5008 1581 5077; x_wconf 90' lang='lat' dir='ltr'><strong>qualibet</strong></span> <span class='ocrx_word' id='word_1_698' title='bbox 1615 5024 1746 5063; x_wconf 93' lang='lat' dir='ltr'><strong>con-</strong></span> 
     </span>
    </p>
   </div>
   <div class='ocr_carea' id='block_1_96' title="bbox 150 5093 1746 5171">
    <p class='ocr_par' dir='ltr' id='par_1_96' title="bbox 150 5093 1746 5171">
     <span class='ocr_line' id='line_1_96' title="bbox 150 5093 1746 5171; baseline 0.006 -25"><span class='ocrx_word' id='word_1_699' title='bbox 150 5093 367 5147; x_wconf 86' lang='lat' dir='ltr'><strong>ditione</strong></span> <span class='ocrx_word' id='word_1_700' title='bbox 384 5093 797 5162; x_wconf 81' lang='lat' dir='ltr'><strong>comparaverit,</strong></span> <span class='ocrx_word' id='word_1_701' title='bbox 837 5094 1175 5152; x_wconf 85' lang='lat' dir='ltr'><strong>decrevimus</strong></span> <span class='ocrx_word' id='word_1_702' title='bbox 1196 5104 1257 5152; x_wconf 89' lang='lat' dir='ltr'><strong>ut</strong></span> <span class='ocrx_word' id='word_1_703' title='bbox 1280 5113 1389 5153; x_wconf 92' lang='lat' dir='ltr'><strong>non</strong></span> <span class='ocrx_word' id='word_1_704' title='bbox 1430 5100 1486 5154; x_wconf 93' lang='lat' dir='ltr'><strong>in</strong></span> <span class='ocrx_word' id='word_1_705' title='bbox 1531 5103 1746 5171; x_wconf 88' lang='lat' dir='ltr'><strong>propin-</strong></span> 
     </span>
    </p>
   </div>
   <div class='ocr_carea' id='block_1_97' title="bbox 149 5186 1742 5263">
    <p class='ocr_par' dir='ltr' id='par_1_97' title="bbox 149 5186 1742 5263">
     <span class='ocr_line' id='line_1_97' title="bbox 149 5186 1742 5263; baseline 0.006 -22"><span class='ocrx_word' id='word_1_706' title='bbox 149 5200 393 5256; x_wconf 88' lang='lat' dir='ltr'><strong>quorum</strong></span> <span class='ocrx_word' id='word_1_707' title='bbox 421 5201 675 5252; x_wconf 88' lang='lat' dir='ltr'><strong>suorum,</strong></span> <span class='ocrx_word' id='word_1_708' title='bbox 705 5186 801 5243; x_wconf 91' lang='lat' dir='ltr'><strong>sed</strong></span> <span class='ocrx_word' id='word_1_709' title='bbox 845 5188 899 5242; x_wconf 90' lang='lat' dir='ltr'><strong>in</strong></span> <span class='ocrx_word' id='word_1_710' title='bbox 950 5190 1209 5247; x_wconf 89' lang='lat' dir='ltr'><strong>ecclesiae</strong></span> <span class='ocrx_word' id='word_1_711' title='bbox 1238 5192 1326 5248; x_wconf 90' lang='lat' dir='ltr'><strong>cui</strong></span> <span class='ocrx_word' id='word_1_712' title='bbox 1361 5203 1576 5263; x_wconf 89' lang='lat' dir='ltr'><strong>praeest</strong></span> <span class='ocrx_word' id='word_1_713' title='bbox 1625 5196 1742 5250; x_wconf 90' lang='lat' dir='ltr'><strong>iura</strong></span> 
     </span>
    </p>
   </div>
   <div class='ocr_carea' id='block_1_98' title="bbox 150 5279 1743 5359">
    <p class='ocr_par' dir='ltr' id='par_1_98' title="bbox 150 5279 1743 5359">
     <span class='ocr_line' id='line_1_98' title="bbox 150 5279 1743 5359; baseline 0.005 -23"><span class='ocrx_word' id='word_1_714' title='bbox 150 5280 470 5336; x_wconf 83' lang='lat' dir='ltr'><strong>deveniam.</strong></span> <span class='ocrx_word' id='word_1_715' title='bbox 501 5279 763 5337; x_wconf 88' lang='lat' dir='ltr'><strong>Similiter</strong></span> <span class='ocrx_word' id='word_1_716' title='bbox 798 5283 1114 5353; x_wconf 85' lang='lat' dir='ltr'><strong>presbiteris</strong></span> <span class='ocrx_word' id='word_1_717' title='bbox 1151 5287 1236 5342; x_wconf 91' lang='lat' dir='ltr'><strong>vel</strong></span> <span class='ocrx_word' id='word_1_718' title='bbox 1284 5288 1601 5344; x_wconf 90' lang='lat' dir='ltr'><strong>diaconibus</strong></span> <span class='ocrx_word' id='word_1_719' title='bbox 1651 5289 1743 5359; x_wconf 92' lang='lat' dir='ltr'><strong>qui</strong></span> 
     </span>
    </p>
   </div>
   <div class='ocr_carea' id='block_1_99' title="bbox 1849 4639 3440 4712">
    <p class='ocr_par' dir='ltr' id='par_1_99' title="bbox 1849 4639 3440 4712">
     <span class='ocr_line' id='line_1_99' title="bbox 1849 4639 3440 4712; baseline -0.004 -14"><span class='ocrx_word' id='word_1_720' title='bbox 1849 4643 1904 4698; x_wconf 91' lang='lat' dir='ltr'><strong>in</strong></span> <span class='ocrx_word' id='word_1_721' title='bbox 1925 4643 2081 4699; x_wconf 91' lang='lat' dir='ltr'><strong>nobis</strong></span> <span class='ocrx_word' id='word_1_722' title='bbox 2103 4641 2447 4712; x_wconf 86' lang='lat' dir='ltr'><strong>reprehendi,</strong></span> <span class='ocrx_word' id='word_1_723' title='bbox 2470 4643 2573 4698; x_wconf 91' lang='lat' dir='ltr'><strong>sibi</strong></span> <span class='ocrx_word' id='word_1_724' title='bbox 2597 4642 2875 4712; x_wconf 84' lang='lat' dir='ltr'><strong>sacrisque</strong></span> <span class='ocrx_word' id='word_1_725' title='bbox 2895 4640 3212 4697; x_wconf 90' lang='lat' dir='ltr'><strong>ministeriis</strong></span> <span class='ocrx_word' id='word_1_726' title='bbox 3241 4639 3440 4707; x_wconf 87' lang='lat' dir='ltr'><strong>quibus</strong></span> 
     </span>
    </p>
   </div>
   <div class='ocr_carea' id='block_1_100' title="bbox 1850 4733 3433 4806">
    <p class='ocr_par' dir='ltr' id='par_1_100' title="bbox 1850 4733 3433 4806">
     <span class='ocr_line' id='line_1_100' title="bbox 1850 4733 3433 4806; baseline -0.004 -15"><span class='ocrx_word' id='word_1_727' title='bbox 1850 4737 2055 4806; x_wconf 90' lang='lat' dir='ltr'><strong>indigni</strong></span> <span class='ocrx_word' id='word_1_728' title='bbox 2092 4737 2464 4805; x_wconf 88' lang='lat' dir='ltr'><strong>mancipamur</strong></span> <span class='ocrx_word' id='word_1_729' title='bbox 2484 4736 2869 4791; x_wconf 87' lang='lat' dir='ltr'><strong>inconveniens</strong></span> <span class='ocrx_word' id='word_1_730' title='bbox 2901 4741 2957 4789; x_wconf 91' lang='lat' dir='ltr'><strong>et</strong></span> <span class='ocrx_word' id='word_1_731' title='bbox 3001 4733 3258 4788; x_wconf 88' lang='lat' dir='ltr'><strong>indecens</strong></span> <span class='ocrx_word' id='word_1_732' title='bbox 3304 4745 3433 4785; x_wconf 87' lang='lat' dir='ltr'><strong>con-</strong></span> 
     </span>
    </p>
   </div>
   <div class='ocr_carea' id='block_1_101' title="bbox 1852 4824 3436 4898">
    <p class='ocr_par' dir='ltr' id='par_1_101' title="bbox 1852 4824 3436 4898">
     <span class='ocr_line' id='line_1_101' title="bbox 1852 4824 3436 4898; baseline -0.004 -17"><span class='ocrx_word' id='word_1_733' title='bbox 1852 4829 2188 4898; x_wconf 86' lang='lat' dir='ltr'><strong>trariumque</strong></span> <span class='ocrx_word' id='word_1_734' title='bbox 2233 4828 2539 4892; x_wconf 89' lang='lat' dir='ltr'><strong>videbatur,</strong></span> <span class='ocrx_word' id='word_1_735' title='bbox 2579 4834 2694 4882; x_wconf 86' lang='lat' dir='ltr'><strong>toto</strong></span> <span class='ocrx_word' id='word_1_736' title='bbox 2751 4826 2940 4882; x_wconf 88' lang='lat' dir='ltr'><strong>adnisu</strong></span> <span class='ocrx_word' id='word_1_737' title='bbox 2993 4824 3223 4879; x_wconf 90' lang='lat' dir='ltr'><strong>Domino</strong></span> <span class='ocrx_word' id='word_1_738' title='bbox 3278 4836 3436 4890; x_wconf 85' lang='lat' dir='ltr'><strong>opem</strong></span> 
     </span>
    </p>
   </div>
   <div class='ocr_carea' id='block_1_102' title="bbox 1853 4913 3434 4992">
    <p class='ocr_par' dir='ltr' id='par_1_102' title="bbox 1853 4913 3434 4992">
     <span class='ocr_line' id='line_1_102' title="bbox 1853 4913 3434 4992; baseline -0.007 -15"><span class='ocrx_word' id='word_1_739' title='bbox 1853 4923 2061 4977; x_wconf 79' lang='lat' dir='ltr'><strong>ferente</strong></span> <span class='ocrx_word' id='word_1_740' title='bbox 2090 4920 2508 4992; x_wconf 88' lang='lat' dir='ltr'><strong>corrigeremus,</strong></span> <span class='ocrx_word' id='word_1_741' title='bbox 2540 4921 2596 4977; x_wconf 92' lang='lat' dir='ltr'><strong>id</strong></span> <span class='ocrx_word' id='word_1_742' title='bbox 2617 4927 2701 4975; x_wconf 88' lang='lat' dir='ltr'><strong>est</strong></span> <span class='ocrx_word' id='word_1_743' title='bbox 2728 4920 2782 4974; x_wconf 93' lang='lat' dir='ltr'><strong>in</strong></span> <span class='ocrx_word' id='word_1_744' title='bbox 2816 4919 2928 4973; x_wconf 88' lang='lat' dir='ltr'><strong>vita</strong></span> <span class='ocrx_word' id='word_1_745' title='bbox 2970 4924 3159 4973; x_wconf 89' lang='lat' dir='ltr'><strong>nostra</strong></span> <span class='ocrx_word' id='word_1_746' title='bbox 3206 4922 3261 4969; x_wconf 88' lang='lat' dir='ltr'><strong>et</strong></span> <span class='ocrx_word' id='word_1_747' title='bbox 3302 4913 3434 4967; x_wconf 92' lang='lat' dir='ltr'><strong>doc-</strong></span> 
     </span>
    </p>
   </div>
   <div class='ocr_carea' id='block_1_103' title="bbox 1847 5003 3431 5079">
    <p class='ocr_par' dir='ltr' id='par_1_103' title="bbox 1847 5003 3431 5079">
     <span class='ocr_line' id='line_1_103' title="bbox 1847 5003 3431 5079; baseline -0.007 -9"><span class='ocrx_word' id='word_1_748' title='bbox 1847 5015 1990 5070; x_wconf 90' lang='lat' dir='ltr'><strong>trina</strong></span> <span class='ocrx_word' id='word_1_749' title='bbox 2024 5022 2079 5070; x_wconf 90' lang='lat' dir='ltr'><strong>et</strong></span> <span class='ocrx_word' id='word_1_750' title='bbox 2108 5014 2521 5070; x_wconf 89' lang='lat' dir='ltr'><strong>conversatione</strong></span> <span class='ocrx_word' id='word_1_751' title='bbox 2543 5021 2597 5069; x_wconf 88' lang='lat' dir='ltr'><strong>et</strong></span> <span class='ocrx_word' id='word_1_752' title='bbox 2627 5026 2837 5066; x_wconf 91' lang='lat' dir='ltr'><strong>morum</strong></span> <span class='ocrx_word' id='word_1_753' title='bbox 2860 5009 3132 5079; x_wconf 88' lang='lat' dir='ltr'><strong>probitate</strong></span> <span class='ocrx_word' id='word_1_754' title='bbox 3167 5014 3221 5062; x_wconf 86' lang='lat' dir='ltr'><strong>et</strong></span> <span class='ocrx_word' id='word_1_755' title='bbox 3246 5003 3431 5060; x_wconf 83' lang='lat' dir='ltr'><strong>studio</strong></span> 
     </span>
    </p>
   </div>
   <div class='ocr_carea' id='block_1_104' title="bbox 1846 5098 3435 5174">
    <p class='ocr_par' dir='ltr' id='par_1_104' title="bbox 1846 5098 3435 5174">
     <span class='ocr_line' id='line_1_104' title="bbox 1846 5098 3435 5174; baseline -0.007 -15"><span class='ocrx_word' id='word_1_756' title='bbox 1846 5103 2257 5174; x_wconf 70' lang='lat' dir='ltr'><strong>predicationis,</strong></span> <span class='ocrx_word' id='word_1_757' title='bbox 2284 5104 2420 5160; x_wconf 91' lang='lat' dir='ltr'><strong>etin</strong></span> <span class='ocrx_word' id='word_1_758' title='bbox 2463 5102 2909 5159; x_wconf 89' lang='lat' dir='ltr'><strong>consacerdotum</strong></span> <span class='ocrx_word' id='word_1_759' title='bbox 2956 5108 3011 5153; x_wconf 92' lang='lat' dir='ltr'><strong>et</strong></span> <span class='ocrx_word' id='word_1_760' title='bbox 3059 5098 3435 5152; x_wconf 82' lang='lat' dir='ltr'><strong>ministrorum</strong></span> 
     </span>
    </p>
   </div>
   <div class='ocr_carea' id='block_1_105' title="bbox 1848 5189 3433 5268">
    <p class='ocr_par' dir='ltr' id='par_1_105' title="bbox 1848 5189 3433 5268">
     <span class='ocr_line' id='line_1_105' title="bbox 1848 5189 3433 5268; baseline -0.006 -15"><span class='ocrx_word' id='word_1_761' title='bbox 1848 5198 2323 5268; x_wconf 88' lang='lat' dir='ltr'><strong>subiectorumque</strong></span> <span class='ocrx_word' id='word_1_762' title='bbox 2349 5206 2665 5253; x_wconf 89' lang='lat' dir='ltr'><strong>nostrorum</strong></span> <span class='ocrx_word' id='word_1_763' title='bbox 2677 5192 3015 5250; x_wconf 86' lang='lat' dir='ltr'><strong>correctione</strong></span> <span class='ocrx_word' id='word_1_764' title='bbox 3036 5189 3433 5262; x_wconf 82' lang='lat' dir='ltr'><strong>diligentiorem</strong></span> 
     </span>
    </p>
   </div>
   <div class='ocr_carea' id='block_1_106' title="bbox 1846 5283 3434 5359">
    <p class='ocr_par' dir='ltr' id='par_1_106' title="bbox 1846 5283 3434 5359">
     <span class='ocr_line' id='line_1_106' title="bbox 1846 5283 3434 5359; baseline -0.008 -12"><span class='ocrx_word' id='word_1_765' title='bbox 1846 5292 2100 5359; x_wconf 84' lang='lat' dir='ltr'><strong>deinceps</strong></span> <span class='ocrx_word' id='word_1_766' title='bbox 2140 5306 2264 5346; x_wconf 90' lang='lat' dir='ltr'><strong>cum</strong></span> <span class='ocrx_word' id='word_1_767' title='bbox 2298 5291 2446 5347; x_wconf 86' lang='lat' dir='ltr'><strong>omni</strong></span> <span class='ocrx_word' id='word_1_768' title='bbox 2474 5289 2654 5346; x_wconf 86' lang='lat' dir='ltr'><strong>studio</strong></span> <span class='ocrx_word' id='word_1_769' title='bbox 2695 5294 2749 5342; x_wconf 90' lang='lat' dir='ltr'><strong>et</strong></span> <span class='ocrx_word' id='word_1_770' title='bbox 2779 5283 3141 5342; x_wconf 88' lang='lat' dir='ltr'><strong>sollicitudine</strong></span> <span class='ocrx_word' id='word_1_771' title='bbox 3165 5297 3352 5339; x_wconf 89' lang='lat' dir='ltr'><strong>curam</strong></span> <span class='ocrx_word' id='word_1_772' title='bbox 3379 5286 3434 5335; x_wconf 85' lang='lat' dir='ltr'><strong>et</strong></span> 
     </span>
    </p>
   </div>
   <div class='ocr_carea' id='block_1_107' title="bbox 1382 5401 2211 5458">
    <p class='ocr_par' dir='ltr' id='par_1_107' title="bbox 1382 5401 2211 5458">
     <span class='ocr_line' id='line_1_107' title="bbox 1382 5401 2211 5458; baseline 0 -2"><span class='ocrx_word' id='word_1_773' title='bbox 1382 5401 1775 5458; x_wconf 77' lang='lat' dir='ltr'><strong>VARIANTES</strong></span> <span class='ocrx_word' id='word_1_774' title='bbox 1812 5402 2211 5458; x_wconf 82' lang='lat' dir='ltr'><strong>LECTIONES.</strong></span> 
     </span>
    </p>
   </div>
   <div class='ocr_carea' id='block_1_108' title="bbox 228 5492 2243 5566">
    <p class='ocr_par' dir='ltr' id='par_1_108' title="bbox 228 5492 2243 5566">
     <span class='ocr_line' id='line_1_108' title="bbox 228 5492 2243 5566; baseline 0 -18"><span class='ocrx_word' id='word_1_775' title='bbox 228 5494 247 5525; x_wconf 78' lang='grc'>⁸</span> <span class='ocrx_word' id='word_1_776' title='bbox 273 5492 411 5549; x_wconf 87' lang='lat' dir='ltr'><strong>Cod.</strong></span> <span class='ocrx_word' id='word_1_777' title='bbox 441 5492 856 5562; x_wconf 87' lang='lat' dir='ltr'><strong>serveriterque.</strong></span> <span class='ocrx_word' id='word_1_778' title='bbox 935 5493 954 5522; x_wconf 81' lang='lat'>&#39;</span> <span class='ocrx_word' id='word_1_779' title='bbox 978 5507 1032 5563; x_wconf 88' lang='lat' dir='ltr'><strong>p.</strong></span> <span class='ocrx_word' id='word_1_780' title='bbox 1061 5508 1109 5547; x_wconf 90' lang='lat' dir='ltr'><strong>e.</strong></span> <span class='ocrx_word' id='word_1_781' title='bbox 1150 5492 1336 5548; x_wconf 78' lang='lat' dir='ltr'><strong>desunt</strong></span> <span class='ocrx_word' id='word_1_782' title='bbox 1371 5511 1418 5547; x_wconf 88' lang='lat' dir='ltr'><strong>c.</strong></span> <span class='ocrx_word' id='word_1_783' title='bbox 1499 5495 1518 5526; x_wconf 85' lang='grc'>³</span> <span class='ocrx_word' id='word_1_784' title='bbox 1548 5496 1595 5549; x_wconf 72' lang='grc' dir='ltr'><strong>ει</strong></span> <span class='ocrx_word' id='word_1_785' title='bbox 1615 5513 1661 5551; x_wconf 90' lang='lat' dir='ltr'><strong>e.</strong></span> <span class='ocrx_word' id='word_1_786' title='bbox 1691 5495 1971 5566; x_wconf 77' lang='lat' dir='ltr'><strong>profectus</strong></span> <span class='ocrx_word' id='word_1_787' title='bbox 2004 5504 2243 5552; x_wconf 89' lang='lat' dir='ltr'><strong>sumant.</strong></span> 
     </span>
    </p>
   </div>
   <div class='ocr_carea' id='block_1_109' title="bbox 1681 5610 1912 5669">
    <p class='ocr_par' dir='ltr' id='par_1_109' title="bbox 1681 5610 1912 5669">
     <span class='ocr_line' id='line_1_109' title="bbox 1681 5610 1912 5669; baseline 0.004 -2"><span class='ocrx_word' id='word_1_788' title='bbox 1681 5610 1912 5669; x_wconf 67' lang='lat' dir='ltr'><strong>NOTJE.</strong></span> 
     </span>
    </p>
   </div>
   <div class='ocr_carea' id='block_1_110' title="bbox 227 5705 820 5775">
    <p class='ocr_par' dir='ltr' id='par_1_110' title="bbox 227 5705 820 5775">
     <span class='ocr_line' id='line_1_110' title="bbox 227 5705 820 5775; baseline -0.008 -12"><span class='ocrx_word' id='word_1_789' title='bbox 227 5724 257 5751; x_wconf 78' lang='grc' dir='ltr'>ι</span> <span class='ocrx_word' id='word_1_790' title='bbox 302 5708 434 5772; x_wconf 81' lang='lat' dir='ltr'><strong>L.1,</strong></span> <span class='ocrx_word' id='word_1_791' title='bbox 460 5705 550 5768; x_wconf 77' lang='lat' dir='ltr'><strong>ao,</strong></span> <span class='ocrx_word' id='word_1_792' title='bbox 578 5720 635 5775; x_wconf 89' lang='lat' dir='ltr'><strong>p.</strong></span> <span class='ocrx_word' id='word_1_793' title='bbox 666 5706 820 5761; x_wconf 74' lang='lat' dir='ltr'><strong>16H.</strong></span> 
     </span>
    </p>
   </div>
   <div class='ocr_carea' id='block_1_111' title="bbox 226 5778 523 5843">
    <p class='ocr_par' dir='ltr' id='par_1_111' title="bbox 226 5778 523 5843">
     <span class='ocr_line' id='line_1_111' title="bbox 226 5778 523 5843; baseline -0.013 -9"><span class='ocrx_word' id='word_1_794' title='bbox 226 5784 256 5822; x_wconf 70' lang='grc' dir='ltr'><strong>ἱ»</strong></span> <span class='ocrx_word' id='word_1_795' title='bbox 295 5778 358 5835; x_wconf 88' lang='lat' dir='ltr'><strong>L.</strong></span> <span class='ocrx_word' id='word_1_796' title='bbox 393 5797 429 5843; x_wconf 90' lang='lat' dir='ltr'><strong>I,</strong></span> <span class='ocrx_word' id='word_1_797' title='bbox 460 5778 523 5832; x_wconf 70' lang='lat'><strong>2|</strong></span> 
     </span>
    </p>
   </div>
   <div class='ocr_carea' id='block_1_112' title="bbox 535 5777 818 5848">
    <p class='ocr_par' dir='ltr' id='par_1_112' title="bbox 535 5777 818 5848">
     <span class='ocr_line' id='line_1_112' title="bbox 535 5777 818 5848; baseline 0.007 -19"><span class='ocrx_word' id='word_1_798' title='bbox 535 5792 632 5848; x_wconf 89' lang='lat' dir='ltr'><strong>,p.</strong></span> <span class='ocrx_word' id='word_1_799' title='bbox 664 5777 818 5833; x_wconf 75' lang='lat' dir='ltr'><strong>teis.</strong></span> 
     </span>
    </p>
   </div>
   <div class='ocr_carea' id='block_1_113' title="bbox 1936 5702 2495 5774">
    <p class='ocr_par' dir='ltr' id='par_1_113' title="bbox 1936 5702 2495 5774">
     <span class='ocr_line' id='line_1_113' title="bbox 1936 5702 2495 5774; baseline -0.011 -11"><span class='ocrx_word' id='word_1_800' title='bbox 1936 5721 1954 5745; x_wconf 67' lang='grc' dir='ltr'>ε</span> <span class='ocrx_word' id='word_1_801' title='bbox 1978 5708 2038 5762; x_wconf 90' lang='lat' dir='ltr'><strong>L.</strong></span> <span class='ocrx_word' id='word_1_802' title='bbox 2064 5725 2103 5774; x_wconf 88' lang='grc' dir='ltr'><strong>ι,</strong></span> <span class='ocrx_word' id='word_1_803' title='bbox 2137 5706 2227 5764; x_wconf 64' lang='lat'><strong>“2‘2.</strong></span> <span class='ocrx_word' id='word_1_804' title='bbox 2256 5720 2309 5759; x_wconf 84' lang='grc' dir='ltr'><strong>ι).</strong></span> <span class='ocrx_word' id='word_1_805' title='bbox 2340 5702 2495 5758; x_wconf 75' lang='grc'><strong>1615.</strong></span> 
     </span>
    </p>
   </div>
  </div>
