3992 6344
541 410 638 466 Gil

1356 406 1415 459 Β.
1454 405 1700 460 CAROIJ
1746 400 1957 458 MAG-Nl
1996 399 2145 457 OPP.
2186 398 2365 456 PARS
2402 402 2463 456 l.‘
2487 400 2727 456 SECTIO
2766 401 2995 455 PRIMA.

3718 401 3830 453 612

540 525 930 598 providentiam
949 521 1350 584 adhiberemus,
1377 527 1433 574 et
1460 528 1519 573 ut
1546 535 1645 574 nos
1681 535 1786 574 non
1824 526 2032 572 tantum
2061 517 2116 571 in
2145 522 2188 576 Α
2219 517 2580 572 curandarum
2624 517 2930 573 sollicitudo
2952 516 3243 571 commissa
3290 522 3405 589 est,
3462 513 3556 584 qui
3605 515 3835 583 pondus

541 616 828 673 mundanis
853 611 1242 682 cupiditatibus
1270 618 1324 664 et
1359 610 1506 664 curis
1549 618 1604 664 et
1647 608 2121 671 sollicitudinibus,

538 710 633 765 sed
654 707 834 777 potius
862 705 915 758 in
939 703 1136 757 divinis
1156 699 1347 755 olliciis
1370 699 1771 769 inplicaremus,
1804 698 1934 752 etin
1962 697 2124 753 scolis

540 796 800 855 habendis
826 803 880 850 et
908 794 961 847 in
987 792 1282 847 educandis
1311 791 1571 846 militibus
1613 798 1834 844 sanctae
1861 788 2125 842 aecelesie

537 904 757 960 operam
786 887 1068 951 daremus;
1108 900 1251 954 quae
1274 899 1374 939 nos
1406 884 1516 937 Deo
1549 883 1840 937 miserante
1867 882 1921 936 in
1949 880 2127 936 omni-

537 984 638 1036 bus
662 996 761 1050 pro
788 979 998 1034 viribus
1020 976 1243 1041 imitari,
1274 989 1531 1031 exercere
1553 976 1620 1030 ad
1644 982 1888 1029 nostram
1908 973 2127 1028 univer-

538 1087 724 1127 sorum
746 1070 974 1124 salutem
993 1068 1259 1136 cupimus,
1298 1064 1351 1120 in
1372 1073 1636 1135 quantum
1659 1066 1816 1120 nobis
1841 1064 2025 1118 divina
2040 1062 2123 1118 fa-

532 1169 697 1215 vente
722 1161 896 1230 gratia
927 1157 1280 1213 sacerdotalis
1307 1157 1531 1212 libertas
1575 1165 1629 1210 et
1663 1164 1911 1225 optatum
1953 1155 2124 1210 otium

539 1253 877 1307 adtributum
900 1249 1083 1305 fuerit.

610 1348 697 1400 l7.
740 1346 874 1399 Nam
896 1354 952 1400 et
978 1345 1031 1398 in
1051 1343 1269 1398 statutis
1290 1343 1647 1398 conventibus
1674 1342 1854 1411 primo
1880 1343 2123 1396 omnium

534 1439 654 1508 pari
676 1446 804 1492 voto
823 1438 1049 1507 parique
1072 1451 1335 1490 consensu
1359 1435 1719 1500 decrevimus,
1747 1444 1807 1489 ut
1830 1435 2126 1504 unusquis-

537 1545 643 1599 que
671 1536 919 1583 nostrum
956 1528 1009 1581 in
1065 1527 1353 1596 parrochia
1411 1542 1510 1581 sua
1539 1527 1700 1581 dictis
1754 1536 1809 1581 et
1862 1526 2125 1595 exemplis

536 1621 720 1690 plebes
756 1621 858 1675 sibi
912 1620 1183 1673 subiectas
1210 1620 1279 1672 ad
1310 1619 1533 1673 meliora
1584 1620 1813 1673 incitare
1863 1620 2121 1684 studeret,

537 1728 737 1781 easque
761 1720 821 1766 ut
838 1726 898 1765 se
919 1727 949 1764 a
972 1711 1128 1765 malis
1155 1711 1474 1766 cohiberent
1503 1717 1557 1764 et
1587 1712 1655 1765 ad
1680 1711 1852 1765 Deum
1898 1727 1965 1766 ex
2013 1718 2127 1765 toto

538 1806 702 1859 corde
727 1812 1128 1868 converterent,
1155 1803 1387 1858 sollicite
1413 1804 1743 1866 admoneret,
1768 1804 1936 1857 Deum
1965 1819 2125 1873 quem

2226 609 2409 677 populi
2439 609 2541 664 sibi
2568 610 2844 664 commissi
2866 609 3098 663 viriliter
3124 608 3479 672 sustinentes,
3502 621 3599 675 pro
3624 619 3834 675 pecca-

2232 697 2299 752 tis
2325 698 2564 752 omnium
2608 698 2753 753 velut
2774 714 2871 767 pro
2902 697 3015 753 suis
3060 696 3467 765 infatigabiliter
3510 695 3831 764 supplicant

2228 786 2358 840 Deo.
2383 784 2462 841 Ac
2488 786 2633 841 velut
2659 787 2880 856 quidam
2915 785 3097 841 Aaron
3132 786 3411 840 incensum
3448 785 3676 839 contriti
3704 800 3832 839 eor-

2228 876 2310 931 dis
2345 885 2398 929 et
2421 876 2686 930 humiliati
2732 876 2958 945 spiritus
2987 874 3307 938 offerentes,
3385 890 3492 945 quo
3518 875 3540 903 ‘
3571 873 3831 944 placatur

2227 968 2390 1032 Deus,
2415 975 2667 1022 avertunt
2696 966 2833 1020 iram
2856 965 3071 1021 futurae
3106 966 3594 1020 animadversionis
3638 981 3673 1018 a
3724 981 3827 1034 po-

2226 1060 2383 1129 pulo;
2432 1059 2523 1129 qui
2553 1073 2651 1128 per
2689 1059 2787 1113 Dei
2833 1058 3062 1127 gratiam
3101 1056 3236 1111 ﬁunt
3279 1058 3491 1112 divinae
3523 1056 3830 1111 voluntatis

2228 1150 2450 1215 indices,
2469 1149 2825 1205 ecclesiarum
2840 1147 3039 1203 Christi
3057 1154 3178 1216 post
3193 1146 3465 1216 apostolos
3478 1144 3823 1203 fundatores.

2227 1240 2409 1297 ﬁdeles
2430 1241 2609 1313 populi
2634 1242 2818 1306 duces,
2844 1240 3092 1295 veritatis
3113 1240 3440 1301 adsertorcs,
3471 1253 3681 1307 pravae
3707 1238 3828 1291 doc.-

2228 1333 2369 1387 trine
2398 1334 2600 1397 hostes,
2636 1333 2888 1387 omnibus
2914 1332 3071 1388 bonis
3105 1331 3386 1393 amabiles,
3424 1339 3478 1383 et
3514 1330 3661 1384 male
3723 1330 3824 1384 sibi

2227 1425 2461 1480 consciis
2485 1425 2648 1479 etiam
2671 1425 2791 1494 ipso
2805 1424 2925 1478 visu
2950 1422 3241 1487 terribiles,
3273 1421 3511 1476 vindices
3532 1436 3825 1490 oppresso—

2228 1532 2367 1582 rum,
2395 1524 2578 1585 patres
2605 1516 2661 1571 in
2687 1517 2791 1571 ﬁde
2841 1515 3106 1571 catholica
3139 1524 3601 1585 regeneratorum,
3639 1515 3821 1583 prediv

2227 1614 2441 1661 catores
2469 1607 2783 1663 caelestium
2818 1607 3223 1676 praemiorum,
3260 1605 3503 1675 exempla
3522 1606 3820 1667 bonorum,

2228 1684 2549 1754 documenta
2571 1698 2851 1763 virtutum,
2882 1707 2938 1752 et
2980 1695 3152 1753 forma
3182 1696 3455 1763 ﬁdelium;
3505 1698 3607 1766 ipsi
3655 1699 3825 1751 decus

2228 1791 2489 1847 ecclesiae
2508 1791 2560 1845 in
2584 1791 2778 1861 quibus
2794 1791 3025 1861 amplius
3046 1790 3219 1861 fulget
3235 1790 3463 1856 eclesia;
3495 1790 3597 1859 ipsi
3615 1790 3825 1844 colum-

536 1894 812 1961 peccaudo
863 1893 964 1947 sibi
1012 1892 1211 1947 iratum
1260 1892 1519 1959 fecerant,
1583 1895 1741 1962 digna
1797 1894 2126 1963 penitentiae
2158 1890 2202 1949 B
2230 1899 2331 1938 nae
2353 1882 2711 1947 ﬁrmissimae,
2742 1884 2939 1953 quibus
2967 1884 3019 1938 in
3045 1883 3263 1938 Christo
3290 1883 3524 1937 fundatis
3570 1884 3824 1938 innititur

536 1982 906 2037 satisfactione
932 1990 987 2039 et
1013 1982 1432 2037 elemosinarum
1456 1983 1743 2051 largitione
1768 1985 1869 2039 sibi
1897 1984 2127 2053 placabi-

534 2077 642 2132 lem
676 2076 855 2131 facerc
890 2085 1219 2146 satagerent,
1246 2093 1345 2133 nec
1368 2094 1475 2133 non
1508 2088 1561 2133 et
1585 2095 1682 2148 pro
1704 2079 1813 2134 vita
1853 2080 2127 2149 piissimo-

534 2186 655 2224 rum
680 2170 896 2239 Deoque
912 2169 1223 2224 amabilium
1252 2171 1660 2238 imperatorum,
1689 2173 1976 2241 coniugum
1998 2187 2127 2242 pro-

535 2245 777 2330 liumqnc
803 2276 992 2315 eorum
1038 2260 1425 2325 iucolomitate,
1460 2262 1780 2332 imperiique
1828 2263 1932 2318 sibi
1975 2280 2125 2318 com-

535 2352 687 2406 missi
718 2353 1018 2407 stabilitate
1039 2393 1051 2415 ,
1085 2351 1180 2407 Del
1209 2352 1510 2408 inmensam
1537 2355 1968 2410 miscricordiam
2016 2372 2128 2411 cer-

532 2442 656 2496 nuis
676 2442 928 2511 precibus
972 2440 1345 2511 implorarent.
1389 2441 1519 2496 Post
1577 2443 1709 2498 haec
1754 2445 1928 2498 visum
1970 2446 2127 2501 nobis

534 2532 636 2586 fuit
674 2549 738 2587 ca
789 2532 1027 2601 capitula
1066 2533 1154 2587 hic
1216 2533 1454 2588 inserere
1492 2549 1631 2603 quae
1668 2536 1682 2564 ¹
1717 2534 1915 2589 domno
1956 2537 2126 2604 impe-

536 2625 702 2679 ratori
736 2625 1015 2694 petitionis
1049 2626 1222 2695 gratia
1248 2626 1713 2694 pernecessarium
1737 2627 2009 2682 offerenda
2047 2629 2128 2682 iu-

536 2716 861 2771 dicavimus.

1180 2806 1472 2862 PETITIO.

648 2960 661 2974 .
688 2919 931 2976 Petimus
984 2933 1008 2961 α
1058 2921 1337 2978 humiliter
1382 2932 1619 2979 vestram
1648 2925 2041 2987 excellentiam,
2069 2936 2126 2983 ut

534 3026 632 3081 per
661 3026 758 3065 vos
785 3009 878 3064 filii
906 3019 957 3065 et
992 3026 1249 3080 proceres
1295 3013 1459 3066 vestri
1520 3028 1735 3076 nomen,
1777 3024 2120 3083 potestatem,

535 3101 775 3169 vigorem
798 3107 851 3155 ct.
867 3101 1184 3170 dignitatem
1202 3102 1593 3157 sacerdotalem
1618 3115 1964 3174 cognoscant,
1983 3107 2125 3175 quod

534 3208 601 3248 ex
636 3192 817 3247 verbis
847 3193 1060 3249 Domini
1091 3192 1246 3250 facile
1287 3195 1604 3265 intellegere
1655 3198 1893 3266 possitis,
1928 3200 2124 3269 quibus

533 3289 693 3342 beato
715 3286 877 3342 Petro
898 3285 1053 3342 cuius
1080 3289 1253 3343 vicem
1282 3289 1485 3359 indigni
1516 3290 1754 3359 gerimus
1775 3291 1851 3345 ait
1890 3308 1905 3347 :
1949 3292 2127 3358 Quod-

536 3395 756 3451 cumque
821 3378 1062 3450 ligareris
1121 3396 1276 3449 super
1314 3389 1527 3443 terram,
1592 3390 1747 3435 erant
1800 3382 1961 3453 ligata
1999 3385 2129 3439 etin

538 3468 718 3535 caelo,
760 3480 807 3522 et
830 3469 1193 3540 quodcumque
1230 3468 1444 3524 solveris
1505 3489 1661 3541 super
1711 3483 1925 3539 terram,
1976 3485 2127 3529 erunt

534 3558 709 3613 solum
733 3570 779 3613 et
806 3561 859 3612 in
884 3560 1047 3613 caelo.
1077 3561 1140 3613 Et
1166 3559 1294 3614 alibi
1318 3562 1597 3630 discipulis
1617 3563 1940 3632 generaliter
1962 3565 2126 3620 dicit:

533 3647 763 3718 Accipite
794 3647 1050 3717 Spiritum
1097 3660 1374 3711 sanctum;
1414 3668 1639 3720 quorum
1670 3655 1972 3709 remiseritis
2008 3672 2127 3726 pec-

535 3744 654 3789 cata
699 3737 1027 3790 remittemur
1064 3739 1084 3768 ⁸
1124 3740 1238 3805 eis,
1290 3752 1338 3792 et
1395 3757 1618 3811 quorum
1678 3745 1996 3801 retinueritis
2042 3764 2126 3801 re-

538 3834 683 3880 tenta
715 3835 857 3880 sunt.

604 3912 658 3967 2.
700 3914 886 3971 Illudb
924 3917 1088 3971 etiam
1136 3920 1203 3973 ad
1256 3921 1560 3990 exemplum
1615 3923 1978 3979 reducendum
2021 3935 2123 3993 est,

531 4007 674 4074 quod
704 4007 757 4061 in
778 4008 1147 4065 ecclesiastica
1174 4011 1405 4067 historia
1423 4012 1808 4070 Constantinus
1830 4016 2128 4086 imperator

530 4096 802 4167 episcopis
823 4099 899 4153 ait
930 4114 944 4153 :
977 4120 993 4151 ‹
1018 4102 1160 4157 Deus
1183 4103 1358 4173 inquit
1380 4104 1666 4160 constituit
1682 4121 1777 4161 vos
1791 4108 2147 4175 sacerdotes,

530 4192 585 4239 et
615 4195 939 4254 potestatem
962 4192 1117 4247 vobis
1138 4192 1285 4248 dedit
1309 4195 1374 4249 de
1405 4196 1560 4250 nobis
1585 4211 1800 4266 quoque
1826 4197 2119 4264 iudicandi,

530 4282 586 4329 et
609 4276 730 4332 ideo
756 4292 855 4332 nos
879 4294 910 4332 a
938 4281 1092 4335 vobis
1113 4290 1261 4337 recte
1308 4284 1641 4350 iudicamur;
1688 4301 1785 4340 vos
1810 4296 1989 4341 autem
2016 4303 2122 4341 non

528 4366 758 4432 potestis
787 4368 855 4421 ab
882 4369 1191 4426 hominibus
1217 4362 1461 4435 iudicari,
1491 4383 1713 4442 propter
1735 4377 1880 4443 quod
1909 4376 2005 4430 Dei
2034 4391 2125 4431 so-

531 4454 638 4509 lius
687 4455 830 4509 inter
856 4472 954 4512 vos
999 4469 1282 4528 expectate
1313 4462 1560 4517 iuditium
1580 4502 1594 4527 ,
1646 4470 1705 4516 ut
1738 4472 1917 4519 vestra
1948 4466 2122 4537 iurgia

2229 1974 2406 2029 omnis
2440 1974 2727 2028 multitudo
2776 1973 3143 2037 credentium;
3180 1974 3284 2043 ipsi
3341 1974 3532 2028 ianuae
3584 1975 3824 2029 civitatis

2227 2072 2500 2129 aeternae,
2524 2078 2622 2133 per
2648 2079 2783 2133 quos
2822 2064 3131 2134 omnes‘qui
3165 2065 3394 2119 credunt
3438 2065 3821 2133 ingrediuntur

2228 2155 2297 2211 ad
2330 2156 2640 2223 Christum;
2669 2158 2771 2227 ipsi
2796 2158 3057 2213 ianitores
3083 2158 3280 2227 quibus
3306 2157 3484 2213 claves
3507 2156 3674 2214 datae
3699 2168 3820 2213 sunt

2226 2247 2379 2318 regni
2394 2246 2631 2303 celorum
2651 2265 2664 2313 ;
2690 2248 2791 2319 ipsi
2808 2248 2973 2301 etiam
2989 2248 3390 2317 dispensatores
3406 2248 3592 2318 regiae
3607 2249 3814 2312 domus,

2227 2356 2459 2410 quorum
2479 2342 2704 2395 arbitrio
2731 2341 2786 2394 in
2810 2340 2932 2395 aula
2956 2342 3098 2409 regis
3121 2341 3327 2396 aeterni
3351 2341 3673 2396 dividuntur
3697 2356 3813 2410 gra-

2228 2434 2328 2487 dus
2355 2440 2410 2488 et
2442 2432 2617 2488 ofﬁcia
2659 2433 3016 2501 singulorum.
3049 2454 3068 2486 ›
3111 2434 3263 2489 Licet
3314 2433 3458 2488 enim
3507 2443 3817 2490 sanctorum

2226 2525 2701 2593 predecedentium
2726 2527 3071 2580 sacerdotum
3096 2526 3205 2579 vita
3233 2534 3289 2581 et
3316 2526 3526 2580 meritis
3550 2526 3710 2597 longe
3729 2528 3816 2582 in-

2228 2614 2454 2671 feriores
2475 2616 2667 2682 simus,
2692 2616 2747 2671 id
2781 2626 2963 2671 tamen
2992 2632 3207 2671 sacrum
3263 2616 3625 2672 ministerium
3672 2619 3818 2687 quod

2227 2707 2432 2776 indigni
2459 2708 2814 2778 suscepimus,
2839 2724 2947 2763 non
2970 2708 3195 2763 minoris
3220 2709 3553 2764 auctoritatis
3564 2718 3618 2764 et
3642 2711 3819 2781 digni-

2229 2799 2355 2853 tatis
2380 2799 2565 2854 existit
2596 2800 2635 2863 ⁵,
2662 2809 2716 2855 ct
2748 2815 3075 2871 quamquam
3110 2810 3262 2856 tanto
3286 2803 3573 2857 ministerio
3593 2803 3810 2872 indigni

2226 2892 2414 2957 simus,
2439 2902 2661 2963 propter
2684 2893 2835 2948 illum
2863 2903 3043 2969 tamen
3073 2895 3229 2950 cuius
3273 2896 3629 2951 ministerium
3666 2898 3818 2966 geri-

2225 2999 2366 3049 mus,
2396 2985 2449 3039 in
2473 2986 2629 3040 nobis
2656 3002 2763 3042 non
2794 2987 3287 3056 contempncndum
3311 2996 3417 3041 est.

2295 3098 2349 3151 5.
2378 3096 2513 3151 Illud
2533 3096 2560 3135 ά
2586 3098 2747 3151 etiam
2777 3098 3084 3168 specialiter
3103 3098 3470 3153 necessarium
3490 3108 3672 3152 vestre
3693 3113 3813 3154 suc-

2229 3202 2418 3259 gerere
2437 3188 2628 3257 pietati
2657 3189 2928 3254 duximus,
2950 3197 3011 3243 ut
3037 3188 3224 3245 ﬁdeles
3247 3190 3413 3244 vestri
3439 3204 3538 3259 per
3585 3206 3683 3244 vos
3720 3190 3814 3245 ad-

2231 3290 2555 3338 moneantur
2579 3289 2634 3338 et
2658 3282 3027 3349 instruantur,
3073 3283 3329 3352 quatinus
3354 3283 3573 3351 quando
3619 3282 3819 3353 aliquid

2228 3375 2386 3431 nobis
2407 3382 2588 3430 vestra
2613 3375 2881 3431 celsitudo
2913 3375 2980 3431 de
3002 3385 3190 3431 nostra
3219 3377 3584 3441 correctione,
3617 3378 3700 3431 vel
3728 3393 3817 3432 ve-

2229 3476 2339 3522 stra
2380 3484 2480 3523 nec
2504 3484 2615 3524 non
2638 3475 2691 3523 et
2715 3468 2931 3524 illorum
2954 3468 3156 3535 salute,
3189 3469 3536 3523 tractandum
3564 3471 3817 3524 commit-

2228 3559 2313 3621 tit,
2341 3566 2530 3613 utnon
2552 3574 2652 3628 per
2674 3558 2891 3614 inanem
2919 3567 2974 3613 et
3010 3558 3200 3614 falsam
3228 3558 3595 3629 suspitionem
3629 3568 3817 3613 contra

2228 3667 2328 3707 nos
2346 3653 2659 3707 scandalum
2690 3662 2933 3718 sumant,
2964 3662 3019 3708 et
3047 3655 3165 3710 sine
3189 3669 3353 3709 causa
3386 3654 3442 3708 in
3487 3670 3589 3711 nos
3637 3657 3817 3710 detra-

2228 3743 2406 3797 hendo
2434 3743 2603 3798 Deum
2627 3743 2919 3809 offendant,
2948 3753 3003 3798 et
3039 3746 3184 3801 unde
3207 3745 3311 3800 sibi
3340 3745 3571 3800 salutem
3602 3761 3820 3815 sperare

2227 3842 2283 3889 et
2311 3834 2596 3905 adquirere
2621 3836 2935 3900 debuerant,
2966 3837 3181 3907 culpam
3216 3837 3521 3895 incurrant.
3551 3838 3695 3905 Quia
3723 3855 3820 3894 nos

2228 3925 2394 3979 nichil
2422 3925 2568 3980 aliud
2593 3942 2857 3996 quaerere
2882 3936 2976 3982 aut
3009 3937 3246 3984 tractare
3288 3930 3687 3996 desideramus,
3719 3947 3818 3987 nec

2227 4018 2399 4072 nostri
2420 4016 2578 4074 ofﬁcii
2609 4027 2692 4074 est
2714 4028 2773 4074 ut
2797 4019 3076 4083 faciamus,
3123 4023 3231 4076 nisi
3273 4023 3419 4092 quod
3452 4021 3520 4076 ad
3568 4032 3821 4080 nostrum

2226 4109 2469 4164 debitum
2496 4110 2861 4166 ministerium
2888 4122 2943 4166 et
2969 4113 3035 4167 ad
3058 4114 3270 4169 illorum
3297 4114 3526 4169 salutem
3558 4100 3820 4184 pertinet.

2226 4201 2293 4254 Et
2321 4201 2440 4256 ideo
2462 4216 2571 4256 non
2596 4201 2858 4257 debemus
2904 4212 3031 4258 ante
3061 4211 3275 4274 tempus
3312 4218 3412 4273 per
3456 4207 3821 4274 suspitionem

2224 4293 2474 4357 iudicari,
2501 4293 2595 4349 sed
2618 4294 2899 4363 pacienter
2933 4296 3228 4364 expectari,
3256 4297 3428 4351 donec
3454 4296 3571 4365 ipsa
3618 4298 3825 4353 veritas

2226 4383 2570 4438 manifestum
2596 4384 2777 4449 faciat,
2818 4393 3003 4439 utrum
3025 4387 3198 4457 magis
3227 4387 3481 4441 audiendi
3521 4403 3593 4441 an
3637 4389 3823 4458 inpro-

2224 4474 2387 4528 bandi
2414 4474 2603 4528 simus.
2637 4474 2746 4529 Nos
2784 4475 2951 4540 enim,
2980 4477 3026 4531 si
3056 4474 3195 4531 forte
3241 4477 3503 4541 evenerit,
3528 4484 3587 4530 ut
3616 4476 3829 4547 aliquid

531 4560 906 4617 quaecumque
931 4558 1075 4616 sum:
1108 4552 1174 4606 ad
1199 4552 1330 4608 ΠΙυά
1356 4552 1596 4608 ἀίνὶῐιυιῐι
1621 4567 1966 4612 reservemur
1995 4574 2121 4613 exa-
2152 4605 2200 4663 υ
2226 4565 2477 4621 sinistrae
2498 4567 2767 4637 opinionis
2791 4567 2858 4622 de
2885 4570 3040 4624 nobis
3061 4568 3203 4622 fama
3225 4571 3508 4639 sparserit,
3531 4571 3647 4626 Deo
3666 4572 3829 4627 nobis

531 4656 652 4663 ..οιΑ-
710 4641 816 4663 ΪΤΑΑ
846 4643 1036 4663 -n-_-2__-
1095 4645 1241 4663 ..-ιο-
1278 4661 1289 4663 _
1324 4647 1390 4663 n,
1418 4662 1423 4663 γ
1478 4647 1492 4663 1
1536 4647 1569 4663 ,⁸
1688 4648 1722 4663 ,ο
1784 4649 1822 4663 Ιχ
1863 4649 1874 4661 ο
1962 4659 1972 4663 -
2419 4658 2437 4663 _
2822 4659 2831 4663 -
2899 4659 2908 4663 -
3100 4661 3114 4663 _

531 4656 676 4695 men.
710 4641 819 4696 Vos
841 4643 1060 4707 etenim,
1093 4645 1248 4700 nobis
1271 4661 1300 4699 a
1324 4647 1435 4701 Deo
1461 4647 1592 4712 dati,
1623 4648 1755 4702 estis
1783 4649 1896 4715 Dei,
1926 4659 1980 4705 et
1997 4668 2122 4707 con.

529 4733 753 4789 veniens
776 4751 884 4790 non
908 4746 991 4791 est
1016 4746 1077 4792 ut
1104 4739 1264 4794 homo
1290 4740 1488 4797 iudicet
1526 4743 1657 4797 deos
1676 4784 1690 4808 ,
1720 4744 1813 4799 sed
1836 4743 1925 4799 ille
1975 4746 2123 4802 solus

528 4826 594 4880 de
617 4842 726 4896 quo
750 4830 1010 4898 scriptum
1046 4839 1129 4885 est
1155 4831 1215 4888 a:
1252 4832 1391 4887 Deus
1427 4836 1566 4889 stetit
1602 4836 1658 4889 in
1695 4853 1960 4908 synagoga
1997 4839 2122 4893 deo-

527 4934 665 4985 rum,
690 4923 745 4974 in
781 4922 950 4975 medio
988 4932 1161 4977 autem
1194 4924 1335 4978 Deus
1363 4925 1636 4981 diiudicat.
1671 4947 1689 4979 ι
1726 4928 1833 4984 Sed
1858 4940 1879 4968 ο
1905 4938 1958 4984 et
1990 4930 2120 4987 illud

527 5008 594 5061 ad
623 5010 941 5064 memuriam
972 5013 1334 5067 reducendum
1359 5023 1462 5080 est,
1490 5017 1724 5086 qualiter
1752 5018 1944 5075 beatus
1986 5020 2120 5076 Pro-

527 5114 653 5167 sper
671 5102 725 5154 in
752 5102 891 5158 libro
912 5120 1073 5173 quem
1116 5107 1181 5161 de
1206 5109 1622 5178 contemplativa
1663 5120 1716 5166 et
1763 5114 1963 5168 actuali
2006 5115 2116 5170 vita

526 5189 734 5256 scribit,
773 5192 986 5249 laudem
1014 5197 1354 5252 sacerdotum
1403 5201 1860 5270 conprehenderit
1888 5221 1901 5260 :
1935 5224 1952 5254 ι
1981 5206 2117 5276 Ipsis

526 5279 671 5335 enim
698 5281 873 5354 inquit
908 5286 961 5343 id
1007 5296 1091 5344 est
1124 5292 1495 5348 sacerdotibus
1537 5294 1754 5364 proprie
1810 5298 1947 5352 auTir
1963 5317 2114 5355 arum

2224 4674 2383 4728 opem
2412 4658 2619 4714 ferente
2639 4659 3000 4728 equanimiter
3041 4661 3275 4716 tolerare
3317 4669 3373 4715 et
3422 4677 3722 4731 possumus
3774 4671 3830 4718 et

2223 4751 2501 4807 debemus.
2530 4750 2634 4820 Ipsi
2667 4767 2794 4809 vero
2818 4752 2975 4822 culpa
3002 4753 3255 4809 inmunes
3273 4768 3395 4809 esse
3424 4770 3534 4809 non
3562 4766 3824 4824 possunt,

2224 4845 2348 4899 dum
2377 4852 2595 4913 patrum
2622 4852 2677 4898 et
2721 4844 2951 4898 fratrum
2982 4846 3341 4901 intentionem
3378 4847 3497 4902 sine
3532 4863 3706 4903 causa
3738 4865 3829 4904 re-

2222 4935 2559 5003 prehendere
2613 4950 2720 4989 non
2772 4945 3052 5003 metuunt;
3092 4938 3348 5007 quoniam
3388 4939 3493 4993 hoc
3529 4954 3831 5010 sumopere

2222 5028 2576 5083 laborandum
2608 5035 2693 5082 est
2713 5029 2871 5084 nobis
2898 5037 2953 5083 et
2980 5030 3153 5093 vobis,
3184 5039 3243 5083 ut
3270 5044 3487 5099 semper
3515 5031 3665 5085 inter
3698 5046 3834 5102 pas-

2223 5126 2370 5173 tores
2391 5119 2712 5174 eclesiarum
2733 5127 2788 5173 et
2808 5133 3024 5190 gregem
3054 5119 3259 5176 Christi
3294 5135 3401 5191 pax
3439 5131 3495 5178 et
3525 5124 3831 5180 concordia

2220 5210 2657 5279 unanimitasque
2679 5220 2945 5265 servetur.
2971 5210 3084 5267 Nisi
3109 5213 3252 5269 enim
3282 5215 3569 5269 caritatem
3597 5224 3659 5270 et
3694 5231 3833 5271 con-

2222 5302 2461 5359 cordiam
2492 5304 2547 5357 in
2584 5304 2817 5358 invicem
2842 5305 3163 5372 habuerint,
3195 5306 3363 5361 Deum
3408 5310 3553 5364 sicut
3598 5315 3833 5378 oportet

1748 5431 2144 5493 VARIANTES
2183 5438 2586 5495 LECTIONES.

538 5586 548 5597 θ
602 5513 616 5542 ¹
644 5528 801 5581 quem
828 5532 874 5568 ε.
952 5519 972 5547 ¹
1001 5520 1318 5576 remitentur
1344 5539 1391 5576 c.
1453 5524 1473 5555 ³
1500 5530 1650 5580 est...
1684 5536 1767 5583 est
1791 5530 1977 5583 desunt
1998 5530 2052 5584 in
2079 5532 2274 5586 codice.
2352 5540 2384 5563 ν
2407 5533 2551 5602 quod
2571 5532 2814 5601 placatus
2834 5533 2952 5587 cod.
3016 5536 3036 5568 ⁵
3058 5536 3343 5595 existimus
3368 5557 3415 5593 ς.

2052 5658 2283 5715 NOT/E.

600 5766 625 5827 fl
668 5753 848 5827 μω,
874 5757 923 5823 8,
958 5772 1010 5827 p.
1038 5757 1195 5812 1661.

601 5823 628 5863 δ
668 5825 800 5881 ibid.

2294 5783 2317 5845 ἦ
2358 5773 2443 5845 tu,
2486 5776 2547 5839 9,
2588 5791 2640 5845 p.
2682 5778 2839 5831 lGGl.

2296 5843 2320 5882 α
2363 5844 2445 5909 nr
2491 5843 2851 5917 togp.1662.
