3992 6344
118 387 231 443 615

453 387 682 445 CODEX
719 385 1238 445 DIPLOMATICUS.
1264 417 1332 427 —
1353 383 1672 443 LUDOVICI
1710 383 1730 438 Ι
1765 382 1853 438 ΕΤ
1891 382 2214 438 LOTIIARII
2243 381 2795 440 CAPITULARIA.—
2810 383 2912 437 AN.
2954 381 3079 439 829.

3295 377 3403 436 624

112 499 424 572 propitium
453 500 650 556 habere
678 517 784 556 non
833 507 1130 554 merentur.
1163 498 1519 568 Quapropter,
1571 495 1712 550 sicut

1822 513 1960 567 sario
2000 513 2249 568 duximus
2291 515 2680 584 expectendum
2719 513 2760 579 ⁸,
2807 520 2867 568 ιιι
2901 513 3210 569 sacerdotes
3247 521 3303 570 et
3329 511 3406 569 lc-

109 592 455 661 premissum
479 601 579 654 est,
611 607 735 646 eum
759 591 870 646 Deo
899 591 1197 660 inspirante
1230 598 1410 644 vestra
1440 589 1615 659 pietas
1651 588 1716 642 de

115 683 532 739 aecelesiastica
551 691 608 738 et
633 683 905 739 communi
922 682 1156 737 utilitate
1177 681 1376 751 aliquid
1397 680 1552 735 nobis
1577 687 1718 734 trac-

115 785 240 830 tare
267 774 558 845 praecipit,
589 790 698 828 non
741 781 826 829 est
857 773 1016 827 nobis
1045 772 1126 827 fas
1149 771 1390 835 mentiri,
1441 771 1566 840 quia
1615 769 1717 824 ali-

114 869 344 939 quando
366 868 651 923 veritatem
681 867 800 922 sine
823 867 973 936 gravi
1013 866 1254 936 periculo
1295 866 1362 920 ad
1391 873 1601 934 tempus
1624 879 1714 918 re-

119 963 294 1018 ticere
313 1001 329 1027 ,
359 975 655 1030 numquam
686 968 866 1014 tamen
892 958 1206 1027 interrogati
1233 957 1296 1012 de
1325 957 1441 1025 ipsa
1465 955 1712 1018 veritate,

116 1055 240 1110 sine
282 1052 441 1122 gravi
472 1050 789 1108 discrimine
833 1065 1122 1120 possumus
1169 1049 1406 1104 mentiri.
1458 1047 1564 1102 Sed
1589 1047 1714 1116 quia

115 1147 329 1202 veritas
344 1159 474 1214 sepe
492 1144 676 1199 odium
703 1151 945 1214 generat,
973 1149 1027 1195 et
1051 1157 1230 1196 sermo
1255 1141 1347 1194 Dei
1371 1137 1715 1194 adversarius

115 1252 145 1290 a
169 1236 409 1290 Domino
432 1234 634 1289 nostris
656 1233 965 1288 carnalibus
989 1231 1352 1300 voluptatibus
1368 1229 1712 1292 describitur,

117 1338 304 1382 tamen
340 1335 397 1382 et
421 1329 480 1383 in
515 1326 602 1380 via
629 1326 682 1380 id
707 1334 791 1380 est
821 1325 875 1379 in
890 1321 1128 1394 presenti
1144 1324 1254 1376 vita
1267 1321 1714 1378 consentiendum

113 1430 216 1484 est,
256 1430 319 1476 ut
353 1423 368 1452 ¹
400 1420 851 1492 quotiescumque
884 1415 1200 1486 interrogati
1224 1414 1507 1468 veritatem
1536 1410 1715 1482 profe-

115 1512 308 1574 rimus,
340 1527 666 1582 quamquam
701 1509 940 1564 nonnulli
977 1507 1179 1562 inﬁrmi
1214 1507 1330 1562 sine
1368 1521 1531 1560 causa
1558 1519 1714 1560 scan-

113 1603 446 1666 dalizentur,
472 1601 632 1656 nobis
675 1607 856 1654 tamen
885 1598 1331 1654 consentiendum
1369 1604 1452 1650 est
1493 1601 1716 1665 propter

114 1694 290 1765 ipsam
320 1693 634 1748 veritatem.
689 1688 826 1744 Nam
874 1703 1000 1758 sepe
1044 1687 1258 1758 quando
1285 1687 1441 1742 vobis
1472 1685 1716 1757 suggeri—

113 1801 266 1849 mus,
296 1791 364 1838 ut
389 1783 576 1838 ﬁdeles
599 1781 803 1852 quique
843 1794 933 1833 res
960 1777 1316 1834 aeclesiarum
1362 1775 1452 1844 pie
1502 1783 1556 1829 et
1589 1789 1712 1828 cum

1816 603 1958 657 vitae
1982 610 2036 658 et
2055 603 2328 673 sequentis
2355 603 2560 658 ordinis
2587 602 2788 668 clerici,
2817 604 2909 672 qui
2949 602 3003 656 in
3031 603 3258 658 diversis
3301 603 3405 658 im-

1813 697 1947 767 perii
1977 697 2139 752 vestri
2163 697 2404 766 partibus
2431 696 2767 765 meximeque
2800 694 2856 749 in
2881 693 3066 748 Italiae
3095 695 3406 764 regionibus

1813 786 1940 857 fuga
1967 785 2101 856 lapsi
2124 793 2266 850 sunt,
2292 792 2472 840 vestra
2500 785 2818 840 auctoritate
2855 799 2951 853 per
2978 783 3170 838 missos
3199 793 3408 840 vestros

1815 877 2098 946 diligenter
2141 877 2550 946 perquirantur,
2603 874 2735 930 etin
2761 875 3124 944 praesentiam
3167 884 3403 929 vestram

1815 967 2000 1024 venire
2026 968 2416 1038 conpellantur,
2447 974 2502 1022 et
2538 983 2634 1037 per
2655 974 2892 1020 vestram
2919 965 3260 1020 clementiam
3286 965 3405 1019 uni-

1815 1059 2009 1128 cuique
2035 1058 2297 1114 ecclesiae
2317 1073 2348 1110 a
2382 1073 2489 1128 qua
2518 1071 2615 1125 per
2649 1055 3035 1110 contumatiam
3069 1053 3400 1118 defecerunt,

1815 1150 2184 1204 restituantur.

1886 1241 1938 1296 6.
1976 1242 2110 1297 Illud
2155 1241 2181 1280 ά
2235 1254 2448 1312 quoque
2495 1238 2875 1293 nichilominus
2927 1252 2957 1291 a
2983 1245 3161 1292 vestra
3204 1236 3407 1306 pietate

1815 1337 2090 1408 supliciter
2110 1335 2428 1407 ﬂagitamus,
2454 1343 2514 1388 ut
2535 1333 2784 1389 monachi
2805 1340 2857 1388 et
2877 1333 3159 1402 presbitcri
3181 1348 3279 1387 nec
3301 1349 3408 1392 non

1815 1437 1868 1482 et
1893 1427 2073 1482 clerici
2099 1426 2191 1496 qui
2228 1425 2524 1496 postposita
2571 1425 2830 1480 canonica
2856 1424 3176 1478 auctoritate
3203 1424 3408 1492 passim

1813 1517 2074 1586 palatium
2111 1519 2339 1582 adeunt,
2376 1525 2430 1572 et
2463 1516 2657 1571 vestris
2692 1516 2862 1571 sacris
2900 1515 3124 1571 auribus
3166 1516 3409 1584 inportu-

1815 1608 2093 1663 nissimam
2133 1608 2434 1664 molestiam
2477 1607 2733 1672 inferunt,
2781 1615 2963 1662 vestra
3010 1607 3330 1662 auctoritate
3356 1614 3410 1662 et.

1814 1707 2080 1770 potestate
2111 1701 2516 1766 deterreantur,
2562 1716 2663 1756 nec
2701 1701 2806 1755 hoc
2843 1701 3020 1755 facere
3061 1706 3405 1770 presumant;

1815 1795 2072 1864 quoniam
2097 1795 2149 1848 in
2174 1795 2544 1850 huiuscemodi
2582 1794 2726 1851 facto
2753 1802 2808 1850 et
2835 1796 2986 1867 vigor
3011 1795 3412 1851 ecclesiasticus

115 1876 424 1931 reverentia
447 1881 504 1928 et
529 1873 726 1928 timore
749 1871 845 1925 Dei
869 1876 1120 1933 tractent,
1153 1878 1208 1923 et
1229 1874 1562 1939 cognoscant
1590 1866 1711 1922 illas

1822 1885 2228 1954 contempnitur,
2255 1893 2309 1940 et
2332 1886 2518 1957 religio
2544 1866 2908 1942 sacerdotalis
2927 1895 2981 1942 et
3007 1885 3274 1956 professio
3298 1903 3412 1942 mo-

115 1967 226 2023 Deo
257 1981 383 2022 esse
411 1967 643 2028 dicatas,
671 1962 929 2034 quatinus
957 1962 1039 2017 sic
1066 1961 1302 2016 habeant
1337 1959 1404 2016 de
1441 1958 1548 2013 illis
1576 1965 1712 2014 tem-

111 2059 353 2130 poralem
375 2056 704 2128 profectum,
733 2064 793 2109 ut
819 2071 927 2110 non
949 2069 1048 2124 per
1073 2053 1436 2123 ignorantiam
1455 2059 1510 2106 et
1530 2051 1714 2124 negle-

111 2154 352 2224 gentiam
376 2159 662 2206 aeternum
685 2148 972 2218 paciantur
996 2147 1402 2209 detrimentum,
1441 2145 1715 2214 suspican-

114 2255 202 2300 tur
235 2241 510 2308 nonnulli,
543 2241 687 2311 quod
708 2255 810 2295 nos
832 2253 999 2294 causa
1045 2237 1356 2308 cupiditatis
1398 2237 1578 2306 potius
1610 2237 1715 2292 hoc

114 2341 473 2395 admonemus
511 2349 674 2405 quam
703 2347 868 2389 causa
898 2331 1088 2387 salutis
1106 2371 1120 2396 ,
1171 2345 1295 2385 cum
1321 2345 1421 2386 nos
1446 2329 1715 2385 veraciter

112 2434 272 2490 nullis
301 2434 470 2488 rebus
504 2429 608 2485 sibi
633 2426 863 2483 conlatis
885 2433 1136 2496 optemus
1159 2439 1254 2480 eos
1275 2421 1586 2492 exspoliari,
1619 2420 1714 2476 sed

115 2525 287 2596 magis
328 2538 524 2578 eorum
572 2518 851 2576 communi
880 2517 1041 2574 saluti
1076 2515 1383 2572 consultum
1417 2515 1708 2584 praebere,

113 2619 238 2688 quia
263 2633 376 2671 non
418 2628 602 2669 rerum
626 2653 642 2677 ,
683 2619 743 2665 ut
789 2609 949 2664 multi
1000 2608 1355 2669 arbitrantur,
1421 2605 1715 2659 ambitione

111 2711 202 2766 sed
219 2709 534 2763 animarum
557 2703 744 2775 potius
784 2701 1119 2757 delectamur
1149 2698 1466 2760 salvatione,
1527 2695 1716 2750 adten-

115 2804 312 2858 dentes
334 2797 468 2854 illud
489 2793 718 2867 apostoli
736 2811 748 2848 :
773 2793 896 2847 Non
915 2793 1053 2847 enim
1076 2800 1244 2846 vestra
1263 2806 1479 2860 quaero,
1494 2787 1584 2842 sed
1606 2804 1710 2842 vos.

181 2892 240 2945 4.
284 2890 426 2946 Cum
455 2901 480 2928 α
512 2887 648 2943 sacri
677 2899 916 2942 canones
957 2883 1042 2940 bis
1071 2883 1125 2937 in
1155 2897 1297 2936 anno
1322 2880 1546 2936 concilia
1575 2880 1717 2935 cele-

111 2984 273 3040 brari
315 2983 564 3044 iubeant,
593 2979 725 3034 illud
754 2977 952 3033 obnixe
991 2981 1228 3030 vestram
1271 2973 1525 3042 pietatem
1556 2971 1714 3040 depo—

120 3078 354 3137 scimus,
387 3082 444 3127 ut
473 3073 640 3127 saltim
663 3071 746 3126 vel
775 3069 942 3125 semel
967 3068 1021 3122 in
1055 3082 1196 3121 anno
1222 3065 1445 3120 libertas
1465 3063 1714 3132 oportuni

117 3169 392 3239 temporis
422 3166 753 3229 concedatur,
789 3178 896 3234 quo
923 3162 1060 3217 haec
1085 3161 1163 3241 ad
1184 3161 1448 3215 honorem
1479 3157 1572 3212 Dei
1594 3173 1714 3212 san-

1815 1975 2060 2032 nasticha
2089 1978 2107 2007 ⁷
2135 1977 2255 2032 vilis
2280 1976 2526 2033 edicitur.

1815 2095 1825 2126 ε
1886 2067 1938 2120 7.
1978 2067 2111 2123 Illud
2141 2080 2163 2107 ε
2192 2068 2356 2123 etiam
2399 2070 2421 2101 ⁸
2449 2069 2644 2124 obnixe
2679 2078 2918 2124 vestram
2961 2079 3205 2126 sanctam
3233 2067 3412 2142 piissi—

1815 2174 2066 2229 mamque
2091 2161 2427 2216 devotionem
2442 2161 2752 2232 suppliciter
2766 2166 3032 2218 monendo
3047 2165 3408 2232 deposcimus,

1815 2257 1874 2304 ut
1895 2250 1963 2305 ob
1985 2266 2224 2306 amorem
2247 2260 2298 2306 et
2321 2251 2580 2308 honorem
2602 2253 2695 2308 Dei
2716 2260 2769 2308 et
2787 2253 3000 2309 animae
3023 2263 3235 2309 vestrae
3258 2254 3407 2309 salu-

1816 2350 1924 2400 tem
1949 2359 2155 2399 morem
2180 2352 2463 2414 paternum
2487 2352 2795 2414 sequentes,
2815 2345 3079 2414 quasdam
3108 2345 3264 2400 sedes
3295 2345 3410 2415 epi-

1815 2434 2058 2506 scopales
2097 2452 2234 2506 quae
2285 2437 2446 2491 rebus
2473 2437 2704 2506 propriis
2728 2437 2978 2490 viduatae
3019 2436 3185 2490 immo
3213 2433 3408 2490 annul—

1815 2528 1958 2583 latae
1981 2545 2101 2584 esse
2125 2529 2390 2592 videntur,
2418 2530 2542 2584 dum
2559 2536 2770 2598 tempus
2795 2529 3008 2584 habetis
3043 2536 3098 2583 et
3124 2529 3406 2598 oportuni-

1816 2629 1899 2675 tas
1943 2635 2002 2676 se
2022 2621 2317 2690 prebuerit,
2348 2623 2414 2678 de
2445 2637 2635 2676 earum
2665 2621 3032 2677 sublevatione
3072 2629 3126 2676 et
3159 2620 3408 2676 consola-

1816 2711 1962 2766 tione
1988 2712 2252 2782 cogitetis,
2275 2727 2544 2767 mcmores
2571 2728 2783 2782 semper
2810 2713 3080 2782 quomodo
3107 2713 3414 2784 progenito-

1815 2817 1904 2856 res
1920 2802 2083 2856 vestri
2100 2802 2468 2858 huiuscemodi
2485 2801 2742 2872 piissimis
2764 2802 2956 2857 studiis
2978 2801 3168 2856 intenti
3190 2801 3412 2858 fuerint.

1885 2891 1938 2946 8.
1977 2889 2083 2946 Sed
2120 2891 2137 2929 ί
2169 2902 2222 2946 et
2244 2891 2373 2946 illud
2417 2882 2455 2946 θ’
2485 2899 2667 2946 vestra
2701 2892 3068 2947 misericordi:
3105 2891 3222 2946 ﬁeri
3256 2893 3417 2962 depo-

1815 2981 2033 3045 scimus,
2066 2990 2123 3036 ut
2152 2983 2204 3036 in
2233 2983 2466 3052 quadam
2489 2982 2510 3013 °
2534 2990 2684 3052 parte
2707 2983 3028 3052 parrochiae
3047 2981 3278 3053 Alitgari
3296 2983 3336 3013 ¹⁰
3361 2990 3416 3036 et

1815 3074 2114 3146 Rantgarii,
2146 3076 2236 3131 ubi
2264 3077 2631 3146 turpissimam
2666 3085 2720 3130 et
2748 3074 3194 3130 nefandissimam
3217 3083 3270 3130 ct
3296 3076 3413 3144 ipso

1815 3168 1958 3224 dictu
1978 3168 2387 3224 foetidissimam
2411 3186 2523 3224 rem
2545 3169 2843 3238 perpetrari
2862 3169 2899 3198 “
2917 3167 3238 3234 audivimus,
3265 3167 3414 3222 missi

112 3273 235 3316 ctae
283 3259 386 3314 Dei
426 3256 645 3313 ecclesia
704 3255 1106 3323 multorumque
1155 3233 1546 3308 correctionem
1583 3265 1713 3304 con-

1822 3259 1982 3314 vestri
2005 3259 2191 3314 tideles
2210 3260 2464 3325 existant,
2489 3259 2582 3330 qui
2607 3275 2702 3329 per
2724 3265 3048 3328 potestatem
3076 3257 3412 3328 imperialem

111 3360 376 3424 gruenter
400 3351 758 3418 decenterquc
780 3347 896 3402 ﬁeri
925 3345 1132 3416 possint
1158 3346 1200 3399 ¹.
1227 3344 1494 3412 Quoniam
1519 3343 1564 3398 si
1580 3342 1717 3398 haec

112 3441 282 3496 semel
309 3449 370 3494 ut
390 3439 594 3494 dictum
624 3445 706 3494 est
744 3437 800 3491 in
825 3452 968 3490 anno
997 3451 1096 3506 per
1126 3449 1566 3505 unamquamque
1591 3448 1718 3503 pro-

114 3534 352 3588 vinciam
377 3531 652 3587 celebrata
682 3528 902 3594 fuerint,
933 3535 988 3583 et
1007 3529 1181 3582 honor
1212 3525 1613 3582 ecclesiasticus
1633 3525 1718 3581 ius

115 3625 323 3681 ordinis
350 3623 437 3678 sui
465 3619 760 3687 obtinebit,
791 3628 846 3675 et
883 3619 1197 3690 inpudentia
1248 3619 1588 3688 quorundam
1625 3633 1718 3672 su-

111 3718 411 3790 perborum
437 3715 788 3778 clericorum,
828 3713 921 3783 qui
965 3710 1170 3782 passim
1206 3709 1407 3780 quique
1436 3709 1457 3742 ³
1485 3709 1720 3764 auctori-

115 3817 226 3864 tate
265 3807 534 3864 canonica
580 3805 820 3869 calcata,
871 3803 1095 3858 auribus
1138 3801 1506 3872 imperialibus
1546 3801 1718 3856 mole-

115 3901 278 3956 etiam
321 3900 344 3929 ⁸
381 3899 632 3969 ingerere
656 3911 766 3952 non
795 3897 1114 3959 cessabunt,
1146 3901 1202 3949 et
1237 3893 1514 3962 inpunitas
1542 3892 1720 3948 diver-

115 4007 303 4048 sorum
331 3989 682 4061 ﬂagitiorum,
706 3988 884 4043 locum
913 3985 1247 4042 delitiscendi
1269 3999 1431 4054 quem
1459 3999 1603 4039 nunc
1621 3984 1720 4038 ha-

113 4088 208 4142 bet
231 4099 344 4140 non
369 4082 613 4146 habebit,
642 4089 697 4136 et
725 4079 830 4134 alia
859 4078 1058 4146 multa,
1083 4092 1223 4148 quae
1264 4077 1528 4132 hactenus
1561 4091 1720 4131 secus

113 4194 283 4250 quam
311 4175 684 4232 ecclesiastica
717 4174 874 4230 docet
903 4171 1148 4228 doctrina
1188 4171 1546 4234 incesserunt,
1579 4169 1722 4226 ordi-

116 4286 244 4326 nem
283 4283 448 4324 suum
477 4265 708 4322 Domino
745 4265 1039 4320 auxiliante
1080 4263 1360 4318 tenebunt.
1409 4260 1720 4317 Similiterb

113 4361 283 4417 etiam
310 4357 514 4414 obnixe
541 4365 596 4413 et
623 4356 935 4428 suppliciter
963 4362 1179 4410 vestrae
1207 4353 1512 4410 celsitudini
1537 4368 1723 4425 sugge-

115 4455 314 4519 rimus,
329 4460 389 4507 ut
411 4467 618 4507 morem
637 4461 926 4522 paternum
945 4454 1252 4519 sequentes,
1269 4446 1448 4502 saltim
1469 4447 1526 4500 in
1551 4447 1724 4502 tribus

112 4545 628 4618 eongruentissimis
657 4544 680 4576 ⁵
707 4542 919 4614 imperii
944 4541 1112 4598 vestri
1156 4541 1290 4596 locis
1324 4540 1501 4596 scolae
1548 4540 1724 4611 publi-

111 4653 216 4694 cae
241 4653 314 4693 cx
342 4645 522 4694 thra
565 4634 887 4692 auctoritate
915 4633 1066 4698 ﬁant,
1099 4640 1158 4687 ut
1181 4631 1339 4688 labor
1357 4631 1530 4702 patris
1558 4633 1720 4690 vestri

110 4739 168 4786 et
195 4737 386 4786 vester
405 4743 504 4798 per
528 4726 792 4783 incuriam
821 4725 966 4795 quod
1008 4724 1148 4779 absit
1195 4721 1570 4780 labefactando
1611 4739 1720 4780 non

111 4821 399 4890 depereat,
432 4817 688 4888 quoniam
712 4831 781 4872 ex
807 4816 912 4871 hoc
937 4813 1082 4870 facto
1109 4821 1164 4869 et
1185 4828 1382 4886 magna
1411 4814 1637 4881 utilitas,
1667 4823 1723 4870 et

111 4914 298 4969 honor
322 4917 544 4967 sanctae
571 4909 663 4964 Dei
689 4893 966 4972 ecclesiae,
983 4914 1038 4963 et
1060 4907 1216 4964 vobis
1239 4922 1494 4978 magnum
1516 4922 1724 4963 merce-

110 5005 202 5062 dis
233 5002 664 5058 emolumentum
684 5010 739 5057 et
771 5001 1031 5055 memoria
1073 4999 1400 5069 sempiterna
1423 4999 1719 5054 aderescet.

185 5095 247 5150 5.
291 5092 599 5150 Similiterc
636 5092 824 5147 ethoc
863 5091 932 5146 ad
955 5097 1192 5145 vestram
1236 5089 1492 5159 pietatem
1535 5103 1724 5144 neces-

1818 3356 2052 3404 vestram
2081 3349 2242 3404 simul
2270 3366 2396 3404 eum
2433 3365 2622 3405 eorum
2663 3349 2983 3404 auctoritate
3019 3363 3249 3418 quorum
3287 3362 3416 3418 par-

1815 3445 2062 3501 roechiae
2102 3453 2246 3511 sunt,
2276 3446 2418 3501 idem
2462 3446 2664 3501 malum
2694 3447 2762 3501 ab
2805 3445 2895 3501 illo
2921 3444 3043 3500 loco
3086 3443 3416 3516 quantocius

1819 3538 2080 3594 radicitus
2109 3537 2368 3594 evellant.

1890 3630 1944 3684 9.
1984 3629 2184 3684 lterum
2214 3632 2238 3670 ε
2260 3629 2574 3700 subpliciter
2597 3630 2935 3686 admonendo
2972 3637 3189 3686 vestrae
3223 3643 3418 3701 sugge-

1819 3721 1992 3776 rimus
2037 3721 2347 3784 serenitati,
2380 3729 2440 3776 ut
2473 3727 2656 3776 vestro
2696 3721 3069 3776 sollertissimo
3109 3721 3288 3776 studio
3317 3733 3412 3776 ve-

1821 3821 2044 3882 straque
2069 3812 2336 3882 imperiali
2365 3813 2695 3868 auctoritate
2716 3821 2825 3868 tam
2855 3813 3145 3869 temeraria
3167 3812 3419 3868 christia-

1819 3919 2016 3960 norum
2056 3903 2337 3976 sanguinis
2367 3903 2410 3934 ¹²
2437 3901 2628 3959 effusio
2671 3903 2725 3957 in
2759 3919 2926 3974 regno
2954 3910 3136 3959 vestro
3163 3901 3279 3956 ﬁeri
3309 3917 3419 3956 non

1821 3997 2058 4062 sinatur,
2114 4010 2328 4066 semper
2379 3996 2512 4052 illud
2559 3995 2910 4051 adtendentes
2959 3995 3105 4065 quod
3155 3992 3418 4048 Dominus

1821 4095 1945 4159 post
1971 4087 2016 4119 ¹³
2037 4086 2297 4142 diluvium
2317 4085 2450 4141 dixit
2478 4085 2680 4140 famulo
2718 4101 2817 4142 suo
2845 4082 2958 4138 Noe
2984 4101 2998 4138 :
3035 4083 3114 4137 De
3140 4099 3300 4136 manu
3321 4083 3417 4136 Ιιο-

1821 4179 1978 4233 minis
2003 4189 2052 4233 et
2070 4177 2135 4232 de
2155 4193 2316 4231 manu
2349 4176 2448 4231 viri
2470 4186 2517 4230 et
2539 4176 2722 4246 fratris
2757 4177 2867 4230 eius
2900 4175 3161 4245 requiram
3183 4173 3416 4228 animam

1823 4268 2079 4324 hominis:
2111 4262 2422 4339 quicumque
2470 4265 2713 4336 eﬂ'uderit
2755 4265 3044 4318 humanum
3083 4261 3413 4333 sanguinem,

1824 4359 2075 4432 fundatur
2103 4359 2319 4430 sanguis
2345 4356 2522 4423 illius;
2555 4356 2624 4411 ad
2663 4357 2944 4428 imaginem
2979 4355 3168 4426 quippe
3206 4353 3303 4407 Dei
3333 4353 3419 4423 fa-

1826 4461 1940 4506 ctus
1967 4460 2042 4506 est
2073 4451 2249 4506 homo.
2306 4450 2374 4504 Et
2402 4449 2456 4504 in
2500 4449 2662 4520 lege:
2716 4447 2819 4515 Qui
2857 4448 3104 4503 occiderit
3155 4447 3418 4502 hominem

1825 4555 1992 4599 morte
2034 4544 2312 4598 moriatur.
2361 4543 2428 4597 Et
2467 4541 2783 4612 apostolus:
2827 4540 2971 4596 Nam
3013 4541 3272 4612 principes
3315 4556 3422 4594 non

1825 4647 1946 4693 sunt
1973 4636 2147 4691 timori
2172 4635 2291 4691 boni
2317 4634 2487 4706 operis
2513 4633 2604 4694 sed
2629 4633 2756 4688 mali
2771 4651 2790 4700 ;
2821 4634 2896 4688 vis
2918 4641 3094 4686 autem
3121 4631 3421 4686 nontimere

1825 4737 2162 4800 potestatem;
2187 4726 2377 4780 bonum
2405 4725 2512 4796 fac,
2537 4735 2584 4779 et
2614 4725 2827 4780 habebis
2860 4723 3070 4778 laudem
3091 4738 3156 4776 ea:
3178 4719 3290 4784 illo,
3319 4719 3420 4774 Dei

1825 4817 1964 4872 enim
1990 4817 2225 4871 minister
2245 4826 2320 4870 est
2343 4815 2435 4870 tibi
2460 4815 2518 4870 in
2537 4815 2704 4880 bono;
2731 4815 2776 4869 si
2797 4823 2971 4867 autem
2992 4809 3188 4864 malum
3209 4807 3418 4878 feceris,

1826 4908 1982 4973 time;
2030 4925 2134 4962 non
2180 4908 2318 4962 enim
2373 4907 2484 4961 sine
2545 4923 2709 4961 causa
2765 4905 3001 4977 gladium
3053 4910 3266 4974 portat;
3319 4898 3420 4954 Dei

1827 5001 1983 5055 enim'
2008 5001 2246 5055 minister
2297 5009 2372 5054 est
2409 4999 2598 5054 uindex
2642 5001 2698 5054 in
2729 4999 2810 5052 ira
2851 4997 2898 5051 ei
2927 4995 3017 5060 qui
3053 4992 3252 5048 malum
3285 4992 3419 5062 agit.

1831 5090 1909 5145 De
1969 5090 2060 5146 illo
2105 5089 2250 5145 enim
2301 5090 2610 5160 specialiter
2668 5089 2848 5146 divina
2911 5084 3206 5140 auctoritas
3257 5083 3425 5139 dicit:

1350 5225 1748 5284 VARIANTES
1786 5226 2192 5283 LECTIONES.

196 5349 217 5379 ⁸
257 5354 323 5400 ιιι
358 5361 522 5416 usque
557 5351 642 5400 est
665 5344 744 5416 bis
764 5343 982 5414 scripta,
1011 5338 1305 5416 sedattera
1335 5339 1443 5416 uice
1487 5337 1677 5393 deleta.
1753 5341 1772 5371 ¹
1811 5341 1980 5416 possit
2017 5357 2064 5394 ε.

1357 5411 1377 5439 ⁸
1414 5409 1452 5462 i.
1473 5427 1520 5463 e.
1545 5426 1576 5464 a
1603 5417 1782 5466 vestra
1807 5409 2121 5480 pietate“...

1710 5481 1754 5512 ¹²
1791 5483 1932 5536 deest
1973 5499 2020 5536 ε.

113 5429 138 5453 ⁵
180 5412 445 5473 molestia
480 5416 598 5470 cod.
676 5415 698 5445 ⁸
733 5412 1205 5484 congruentissimi
1233 5428 1279 5484 cf.

112 5508 170 5547 ι’.
253 5489 298 5522 ³⁸
339 5486 553 5559 at'ligari
591 5503 639 5541 c.
715 5487 756 5516 “
795 5481 1088 5557 perpetrati
1115 5499 1162 5537 c.
1241 5483 1283 5513 ¹²
1328 5481 1546 5552 sanguis
1573 5498 1620 5536 c.

2229 5341 2250 5372 ³
2287 5357 2378 5412 qui
2415 5340 2631 5412 adiecto
2675 5356 2731 5410 q.
2783 5355 2880 5412 vos:
2915 5335 3139 5412 delenda
3186 5335 3419 5412 ridetur.

2163 5405 2542 5481 expetendum.
2620 5413 2640 5444 '
2680 5405 2774 5465 sic.
2853 5410 2873 5441 ⁸
2914 5409 3023 5464 iam
3046 5424 3096 5463 c.
3185 5405 3207 5438 ’
3246 5407 3423 5478 qna-.la

1653 5592 1886 5650 NOTAS.

195 5702 229 5733 ι
265 5688 360 5752 ιιι,
393 5688 480 5750 ιι,
509 5702 565 5758 ρ.
601 5687 756 5744 H362.

194 5759 230 5803 Β
265 5760 336 5815 L.
371 5775 456 5822 ιιι,
499 5758 586 5812 12.

198 5841 227 5866 θ
267 5829 338 5886 L.
371 5845 456 5894 ιιι,
493 5829 573 5883 15.

192 5899 230 5946 ἀ
266 5899 337 5959 ι.
361 5915 446 5966 ιιι,
483 5898 566 5972 l4.

1917 5699 1940 5729 θ
1979 5688 2040 5743 L.
2076 5705 2164 5752 ιιι,
2194 5687 2310 5754 15η

1917 5760 1936 5799 ΐ
1975 5759 2038 5814 L.
2079 5775 2163 5823 ιιι,
2211 5758 2296 5812 16.

1917 5835 1940 5871 ε
1972 5831 2040 5885 L.
2083 5847 2167 5898 ιιι,
2198 5830 2284 5883 17.
