3992 6344
150 387 258 445 617

440 366 669 442 UODEX
704 369 1224 440 DIPLOMATICUS.
1258 415 1326 425 —
1353 349 1670 443 LUDOYIC]
1709 386 1729 440 ι
1768 385 1855 441 ΕΤ
1892 385 2214 442 LOTHARH
2252 386 2732 446 CAPITULARIA.
2771 419 2840 428 —-
2874 389 2976 444 An.
3018 390 3144 446 8‘29.

3306 392 3410 450 618

146 511 245 559 aut
270 505 342 558 ad
357 501 618 574 invidiam
637 507 732 563 aut
749 501 818 555 ad
845 507 1060 553 caetera
1090 497 1220 574 vitia
1254 497 1569 567 spiritualia,
1605 510 1745 567 quae
1772 503 1822 562 Α
1916 498 1969 554 8.
2012 498 2197 554 Visum
2221 511 2244 539 θ
2267 510 2350 556 est
2371 501 2542 565 nobis,
2572 512 2632 556 ut
2654 503 3022 572 unusquisque
3043 503 3421 574 episcoporum

148 611 218 652 ex
250 569 438 649 radice
475 591 492 622 ¹
525 581 808 664 superbiae
840 590 1127 659 prodeunt,
1156 557 1385 666 labitur.

218 681 275 737 4.
319 676 460 748 Quid
500 690 527 720 ι
571 677 643 733 sit
691 667 1074 733 abrenuntiare
1121 669 1366 741 diabolo,
1411 671 1666 746 operibus
1694 684 1749 732 et

146 771 351 844 ponpis
379 767 516 832 eius,
541 760 694 823 valde
727 758 917 823 omnes
939 765 1127 822 ﬁdeles
1150 757 1474 837 intellegere
1507 774 1742 837 oportet.

147 859 495 934 Quapropter
532 868 755 916 necesse
781 866 884 924 est,
923 865 984 913 ut
1023 850 1431 928 praedicatores
1470 858 1525 913 in
1561 859 1746 914 admo-

149 955 333 1011 nendo
379 955 435 1008 et
460 951 734 1008 auditores
779 950 835 1005 in
863 949 1117 1010 discendo
1144 957 1199 1004 et
1239 963 1402 1019 opere
1451 949 1748 1020 conplenda

149 1049 373 1115 abhinc,
409 1055 470 1102 ut
491 1061 649 1102 suum
675 1059 866 1101 cavere
887 1042 1096 1114 possint
1115 1042 1433 1114 periculum,
1466 1043 1638 1114 magis
1662 1042 1751 1098 ad-

150 1133 380 1196 hibeant
424 1137 680 1194 studium.
735 1135 1134 1192 Abrenuntiare
1175 1133 1341 1205 igitur
1383 1133 1592 1190 diabolo
1636 1141 1746 1198 est,

156 1226 380 1303 penitus
404 1243 530 1284 eum
554 1241 823 1297 respuere,
851 1241 1126 1297 spernere,
1159 1220 1386 1290 reicere,
1434 1225 1594 1295 ‘eique
1618 1217 1750 1280 eon-

153 1312 450 1384 tradiee're,
502 1313 669 1388 staque
693 1316 1128 1387 unumquemque
1167 1318 1236 1372 ab
1261 1331 1326 1374 eo
1347 1304 1607 1381 alienare,
1639 1316 1753 1372 sive

153 1412 307 1468 aliud
330 1411 463 1482 quid
486 1409 630 1480 quod
656 1409 759 1465 hoc
790 1409 956 1464 verbo
988 1408 1044 1464 in
1070 1409 1172 1464 hoc
1207 1403 1367 1464 se'nsu
1395 1404 1619 1486 exprimi
1655 1402 1754 1478 po-

158 1487 290 1559 test.
329 1500 505 1572 Opera
529 1501 646 1557 eius
671 1497 816 1566 sunt,
849 1510 988 1570 Quae
1016 1501 1203 1570 utique
1223 1497 1476 1569 ope'ribus
1505 1497 1753 1554 Salvato-

161 1594 242 1652 ris
277 1593 555 1650 contraria
587 1587 845 1648 existunt.
884 1580 1124 1647 Primum
1161 1583 1443 1662 superbia,
1480 1579 1635 1648 cuius
1667 1590 1758 1647 ille

163 1675 363 1742 auctor
407 1691 519 1751 est,
566 1690 620 1740 et
649 1678 787 1753 quae
805 1698 930 1739 eum
973 1696 1038 1738 ex
1060 1673 1248 1752 angelo
1275 1672 1559 1738 demohem
1592 1673 1752 1750 fecit;

164 1772 310 1849 quae
333 1785 418 1831 est
441 1773 606 1831 etiam
636 1773 849 1830 initium
871 1773 1046 1830 omnis
1078 1772 1308 1844 peccati.
1336 1772 1404 1827 Et
1426 1780 1606 1828 cetera
1627 1771 1758 1827 vitia

1849 588 2013 642 vitam
2069 598 2125 644 et
2184 592 2642 647 conversationem
2703 608 3024 663 morumque
3084 596 3424 655 emendatio-

1848 693 1971 734 nem
2015 693 2198 735 eorum
2228 681 2324 754 qui
2355 683 2578 751 gradum
2621 684 2876 738 amittunt
2905 693 3014 739 tam
3036 701 3134 756 per
3157 701 3216 742 se
3262 703 3426 760 quam

1848 769 2122 825 ministros
2146 771 2371 852 noverit,
2419 785 2620 843 eosque
2653 775 2909 830 canonice
2934 777 3265 846 penitentiae
3297 780 3428 836 sub-

1847 862 1974 917 dere
2007 875 2114 918 non
2149 861 2412 935 neglegat,
2450 865 2599 920 iuxta
2619 868 2762 936 quod
2789 867 2844 922 in
2864 869 3093 926 concilio
3123 869 3427 928 Cesariensi

1848 951 2004 1006 titulo
2032 953 2207 1022 primo
2247 955 2543 1012 scribitur:
2582 973 2600 1008 ‹
2630 955 2902 1014 Presbiter
2936 960 2981 1015 si
3024 977 3249 1018 uxorem
3283 964 3428 1020 acci-

1846 1042 2004 1124 perit,
2035 1043 2103 1098 ab
2122 1043 2310 1100 ordine
2343 1047 2668 1116 deponatur;
2709 1048 2756 1104 si
2777 1065 2907 1106 vero
2939 1050 3238 1109 fornicatus
3264 1053 3434 1110 fuerit

1849 1133 1941 1184 aut
1965 1131 2285 1215 adulterium
2324 1136 2731 1204 perpetraverit,
2765 1137 2995 1216 amplius
3027 1137 3152 1209 pelli
3178 1142 3338 1197 debet
3370 1151 3429 1198 et

1851 1222 1951 1277 sub
1978 1223 2269 1292 penitentia
2307 1227 2494 1296 redigi.
2528 1245 2547 1280 ι
2589 1226 2838 1284 Nonnulli
2863 1230 3007 1286 enim
3030 1232 3232 1291 amisso
3255 1235 3429 1305 gradu

1851 1311 1985 1366 adeo
2015 1309 2108 1367 filii
2132 1313 2296 1368 Belial
2334 1314 2653 1382 efﬁciuntur,
2687 1326 2747 1372 ut
2778 1331 2877 1375 nec
2909 1322 3169 1390 publicis,
3191 1324 3316 1395 quia
3350 1322 3436 1380 fas

1853 1417 1961 1456 non
2004 1409 2103 1466 est,
2153 1419 2253 1460 nec
2277 1405 2570 1472 canonicis,
2601 1402 2823 1478 propter
2857 1413 3193 1480 quorundam
3222 1415 3442 1486 episco--

1853 1493 2046 1563 porum
2071 1494 2352 1578 incuriam,
2386 1495 2594 1567 legibus
2630 1495 3086 1570 constringantur.

1928 1582 1960 1639 9
1999 1583 2040 1637 ⁸.
2083 1584 2271 1641 Visum
2295 1587 2460 1642 etiam
2493 1588 2650 1644 nobis
2681 1587 2784 1645 fuit
2816 1591 2945 1647 illud
2977 1593 3342 1661 inhibendum,
3374 1606 3439 1652 ut

1858 1667 2038 1760 nullus
2069 1674 2496 1748 presbiterorum
2536 1673 2682 1737 solus
2711 1667 2936 1739 missam
2970 1686 3242 1744 celebrare
3283 1703 3444 1759 prae-

1860 1775 2059 1832 sumat,
2095 1765 2222 1839 quia
2247 1769 2325 1824 ita
2350 1785 2451 1826 nec
2483 1772 2645 1827 verba
2676 1774 2878 1829 domini
2905 1775 3220 1847 Salvatoris,
3243 1782 3443 1851 quibus

162 1881 309 1938 quae
355 1879 423 1920 ex
449 1864 631 1923 radice
671 1855 946 1935 prodeunt
973 1863 1276 1934 superbiae.
1317 1862 1519 1934 Pompa
1563 1855 1758 1919 diaboli
1793 1869 1833 1928 Β
1862 1859 2122 1930 m‘ysteria
2157 1852 2399 1931 corporis
2435 1869 2489 1917 et
2512 1864 2792 1934 sanguinis
2814 1865 2896 1920 sui
2925 1867 3201 1937 discipulis
3226 1872 3339 1926 suis
3360 1887 3446 1928 eeo

328 1954 417 2012 est
450 1970 589 2026 quae
613 1950 667 2011 et
695 1953 873 2026 ponpa
898 1955 1104 2022 mundi,
1138 1953 1192 2011 id
1215 1963 1297 2010 est
1318 1954 1564 2021 ambitio,
1611 1969 1761 2010 arro-

168 2040 378 2118 gantia,
402 2039 543 2100 'vaiia
575 2044 768 2114 gloria,
807 2043 1093 2114 omnisque
1123 2043 1409 2100 cuiuslibet
1453 2043 1532 2099 rei
1573 2057 1762 2114 super-

165 2127 355 2191 lluitas
388 2135 445 2190 in
480 2134 733 2190 humanis
773 2135 980 2199 usibus,
1027 2132 1170 2189 unde
1212 2132 1409 2188 crescit
1449 2131 1629 2198 elatio,
1659 2145 1762 2202 que

170 2227 493 2283 multotiens
538 2224 809 2281 honestati
859 2223 996 2281 solet
1038 2223 1255 2289 ascribi,
1292 2232 1347 2279 et
1370 2231 1549 2279 cetera
1573 2221 1762 2279 huius-

170 2320 318 2375 'modi
343 2333 485 2390 quae
508 2317 574 2372 de
597 2315 743 2373 fonte
790 2315 1078 2386 superbiae
1117 2315 1410 2386 procedere
1444 2310 1760 2370 noscuntur.

173 2411 320 2466 Haec
364 2418 421 2466 et
465 2408 553 2465 his
587 2407 783 2464 similia
827 2416 953 2463 sunt
994 2421 1133 2478 quae
1181 2398 1554 2476 unuSquisque
1593 2404 1766 2460 fidelis

171 2500 419 2572 tempore
438 2491 781 2570 baptismatis
803 2513 833 2553 a
855 2513 914 2554 se
935 2491 1156 2564 reieCit,
1180 2492 1508 2568 Christoque
1537 2510 1595 2552 se
1618 2511 1766 2551 man-

170 2575 394 2664 cipa‘vit,
419 2597 750 2662 pactumque
783 2604 908 2646 cum
929 2589 1041 2645 Deo
1068 2585 1226 2656 fecit,
1263 2604 1332 2644 ne
1351 2583 1567 2659 penitus
1601 2587 1670 2643 ad
1704 2601 1767 2643 ea

172 2687 374 2756 quibus
412 2679 819 2739 abrenuntiavit
859 2682 1059 2738 rediret
1099 2683 1150 2749 ’;
1188 2697 1377 2737 verum
1412 2680 1457 2736 si
1492 2679 1612 2735 iura
1667 2678 1772 2736 hu-

171 2794 366 2836 manae
391 2777 659 2849 pactionis
689 2775 919 2831 ﬁrmiter
950 2783 1364 2838 conservantur,
1397 2771 1557 2828 iixius
1589 2780 1771 2827 tamen

172 2880 344 2942 atque
371 2868 666 2925 ferventius
689 2868 806 2922 iura
841 2860 976 2922 tanti
1008 2865 1154 2936 pacti
1191 2878 1473 2936 quaecum
1497 2863 1608 2919 Deo
1630 2861 1774 2942 facta

177 2957 335 3025 sunt,
363 2959 740 3015 inviolabiliter
763 2966 891 3015 sunt
924 2957 1283 3014 observanda.

262 3049 321 3105 5‘.
358 3042 508 3104 Inter
527 3049 556 3089 δ
579 3065 670 3104 nos
685 3049 804 3121 pari
834 3063 1102 3105 consensu
1126 3046 1494 3110 decrevimus,
1524 3052 1585 3098 ut
1607 3057 1774 3098 unus-

1861 1949 2112 2006 lebranda
2140 1952 2495 2018 contradidit,
2534 1969 2634 2009 nec
2675 1954 2904 2024 apostoli
2933 1953 3086 2013 Pauli
3122 1959 3444 2018 documenta

1838 2040 2154 2108 .deciarant,
2181 2043 2283 2099 nec
2316 2045 2477 2100 etiam
2505 2041 2560 2100 in
2592 2044 2722 2115 ipsis
2741 2046 2953 2103 actibus
2971 2049 3358 2118 apostolorum,
3394 2052 3443 2108 si

1862 2125 2185 2187 enucleatim
2211 2133 2230 2164 ⁶
2267 2135 2532 2205 legantur,
2576 2137 2649 2191 ita
2678 2135 2794 2192 ﬁeri
2823 2139 3016 2194 debere
3042 2139 3150 2196 ullo
3182 2142 3340 2197 modo
3366 2141 3445 2199 in-

1863 2219 2094 2278 venitur.
2163 2223 2312 2280 Unde
2368 2223 2766 2284 cenveniendus
2818 2224 2982 2286 immo
3032 2231 3444 2304 interrogandus

1865 2314 2020 2369 nobis
2044 2314 2260 2369 videtur
2293 2316 2600 2374 huiusmodi
2651 2314 2892 2389 corporis
2935 2329 2989 2376 et
3033 2323 3311 2392 sanguinis
3339 2325 3440 2381 Do-

1865 2404 1999 2459 mini
2027 2395 2296 2461 solitarius
2322 2417 2698 2475 consecrator,
2724 2409 2919 2480 quibus
2961 2411 3125 2468 dicit:
3181 2412 3442 2470 Dominus

1868 2495 2169 2551 vobiscum?
2197 2497 2374 2552 Etiam
2404 2513 2512 2570 quo
2548 2487 2624 2554 illi
2654 2501 3045 2570 respondetur:
3088 2511 3137 2556 et
3171 2519 3289 2556 cum
3320 2501 3448 2575 Spi-

1870 2587 1974 2641 ritu
1995 2589 2124 2643 tuo?
2155 2588 2251 2644 Vel
2293 2604 2389 2659 pro
2430 2591 2626 2660 quibus
2663 2591 3014 2662 supplicando
3047 2591 3273 2648 Domino
3305 2593 3449 2649 inter

1871 2678 2053 2735 Cetera
2082 2695 2094 2733 :
2132 2676 2391 2736 Memento
2415 2676 2664 2748 Domine,
2692 2691 2741 2737 et
2772 2681 3002 2737 omnium
3035 2683 3453 2739 circumadstan-

1871 2772 2032 2838 tium,
2075 2788 2198 2840 cum
2245 2773 2425 2829 nullus
2455 2771 2784 2840 circumstet,
2845 2771 2992 2831 dicit.
3035 2773 3183 2840 Quae
3213 2789 3447 2850 consue-

1873 2867 2003 2922 tudo
2035 2866 2162 2938 quia
2183 2855 2507 2937 apostolicae
2531 2875 2584 2924 et
2609 2856 3008 2924 ecclesiasticae
3027 2866 3339 2923 auctoritati
3366 2880 3453 2921 re-

1874 2957 2134 3028 fragatur,
2159 2967 2214 3015 et
2239 2953 2386 3015 tanto
2410 2942 2651 3015 misterio
2676 2957 2943 3030 quandam
2973 2959 3452 3016 deh‘onorationem

1875 3049 2115 3120 irrogare
2147 3050 2378 3116 videtur,
2409 3053 2662 3108 omnibus
2705 3052 2759 3106 in
2801 3064 3087 3127 commune
3131 3053 3305 3108 visum
3345 3057 3452 3117 est,

186 3142 429 3214 quisque
453 3141 816 3211 episcoporum
841 3141 895 3197 in
919 3139 1080 3196 scolis
1103 3133 1375 3222 habendis
1411 3127 1443 3222 ‘7
1465 3147 1520 3192 et
1539 3137 1607 3192 ad
1628 3127 1776 3222 utili-
1808 3211 1845 3222 Α
1876 3148 1937 3196 ιιι
1966 3133 2215 3212 deinceps
2244 3141 2613 3198 huiuscemodi
2644 3158 2774 3202 usus
2805 3143 3128 3222 inhibeatur.

180 3211 358 3297 tatem
408 3233 696 3290 aecclesiae
745 3227 1008 3289 militibus
1058 3211 1261 3288 Christi
1305 3219 1691 3302 praeparandis
1722 3229 1776 3284 et
1802 3211 1847 3271 Ο

177 3324 508 3390 educandis,
543 3323 740 3381 abhinc
783 3317 959 3380 maius
993 3323 1231 3380 studium
1271 3321 1585 3388 adhiberet;
1636 3328 1689 3376 et
1720 3320 1777 3375 in

177 3419 287 3474 hoc
346 3411 776 3488 uniuscuiusque
817 3415 1058 3473 studium
1107 3413 1356 3471 volumus
1399 3413 1658 3483 probare,
1718 3420 1778 3466 ut

178 3503 402 3578 quando
429 3507 497 3562 ad
530 3501 862 3578 provinciale
905 3506 1282 3576 episcoporum
1328 3503 1617 3560 concilium
1647 3519 1780 3560 ven-

180 3611 300 3658 tum
337 3595 534 3668 fuerit,
581 3603 952 3676 unusquisque
985 3611 1259 3659 rectorum
1303 3600 1618 3659 scolasticos
1650 3618 1778 3661 suos

176 3703 365 3758 eidem
400 3699 633 3756 concilio
664 3699 854 3754 adesse
875 3697 1057 3764 faciat,
1093 3697 1348 3767 quatinus
1377 3704 1437 3775 et
1470 3696 1666 3753 ceteris
1691 3713 1780 3753 ec-

178 3792 373 3849 clesiis
397 3792 516 3846 noti
539 3791 682 3858 sint,
715 3798 771 3846 et
806 3789 828 3820 ‘
863 3789 1053 3846 sollers
1086 3789 1326 3846 studium
1359 3789 1504 3845 circa
1538 3789 1778 3844 divinum

176 3884 394 3942 aulth
428 3883 682 3939 omnibus
718 3879 1064 3937 manifestum
1093 3880 1205 3964 fiat».
1400 3951 1406 3961 .
1601 3955 1607 3964 θ

181 4022 190 4029 .
254 3977 310 4034 6.
357 3976 434 4034 Ut
460 3987 482 4016 ο
511 3973 750 4052 episcopi
782 3974 1000 4032 nonnisi
1046 3958 1210 4029 ieiuni
1256 3968 1354 4044 per
1397 3958 1779 4044 inpositionem

175 4084 450 4127 manuum
488 4067 750 4140 Spiritum
794 4074 1042 4122 sanctum
1080 4066 1317 4132 tradant,
1353 4063 1594 4134 exceptis
1630 4062 1781 4118 inﬁr-

173 4163 292 4220 mis
318 4169 377 4218 et
397 4170 574 4218 morte
596 4160 1008 4231 periclitatibus.
1035 4155 1188 4216 Sicut
1209 4168 1391 4216 autem
1415 4161 1622 4216 duobus
1645 4167 1782 4214 tem-

173 4253 434 4324 poribus,
465 4253 668 4322 pascha
690 4251 937 4308 videlicet
961 4259 1015 4308 et
1038 4260 1404 4322 pentecostcn,
1431 4250 1776 4320 baptismum,

173 4342 264 4398 ita
288 4331 460 4399 etiam
494 4342 837 4398 traditionem
873 4343 1047 4399 sancti
1074 4341 1308 4412 Spiritus
1330 4356 1363 4397 a
1388 4339 1581 4396 ieiunis
1602 4339 1779 4411 ponti-

173 4434 389 4491 ﬁcibus
411 4433 665 4489 convenit
699 4433 993 4491 celebrare.

261 4524 318 4577 7.
363 4523 438 4580 Ut
458 4522 485 4563 ἀ
506 4522 812 4595 presbiteri,
849 4525 990 4603 sicut
1021 4525 1285 4582 hactenus
1316 4522 1522 4580 factum
1559 4531 1661 4586 est,
1695 4523 1778 4576 in-

172 4615 432 4673 discrete
460 4629 559 4684 per
579 4614 789 4672 diversa
813 4631 922 4672 non
947 4616 1250 4682 mittantur,
1281 4629 1384 4672 nec
1408 4616 1476 4670 ab
1508 4614 1775 4684 episcopis

173 4721 295 4762 nec
335 4705 407 4762 ab
439 4705 560 4762 aliis
599 4705 823 4784 prelatis
867 4721 968 4764 nec
995 4707 1164 4784 etiam
1194 4723 1226 4764 a
1250 4708 1419 4774 laicis,
1445 4722 1515 4764 ne
1556 4705 1783 4778 propter

173 4799 387 4851 eorum
421 4781 806 4854 abstinentiam
835 4806 889 4852 et
916 4781 1218 4854 animarum
1258 4798 1496 4870 pericula
1531 4808 1584 4856 et
1607 4798 1784 4876 eale—

174 4888 436 4954 siarum,
487 4886 544 4945 in
571 4889 768 4961 quibus
807 4889 1086 4947 constituti
1125 4901 1286 4966 sunt,
1316 4891 1664 4962 neglegantur
1697 4889 1782 4970 of-

177 4979 343 5036 ficia.

1952 3224 2039 3287 10-.
2082 3231 2220 3302 Sepe
2242 3240 2474 3304 namque
2504 3233 2557 3288 in
2591 3233 2710 3288 aliis
2741 3233 2983 3289 conciliis
3012 3244 3067 3289 et
3088 3243 3231 3287 nunc
3273 3232 3326 3286 in
3357 3247 3456 3288 no-

1881 3323 2008 3380 stris
2043 3303 2403 3383 cdnventibus
2443 3315 2795 3380 constitutum
2839 3331 2949 3389 cst,
2995 3333 3053 3379 ut
3097 3331 3458 3394 unaquaeque

1879 3412 2096 3480 eclesia,
2130 3412 2176 3468 si
2204 3411 2432 3469 facultas
2461 3413 2724 3484 suppetit,
2773 3414 3050 3484 proprium
3093 3413 3455 3483 presbitcrum

1881 3505 2077 3560 habeat
2108 3503 2153 3571 ',
2192 3510 2246 3558 et
2273 3504 2643 3576 unusquisque
2696 3504 2964 3574 presbiter
2996 3519 3105 3578 una
3139 3511 3350 3557 tantum
3384 3502 3457 3558 sit

1879 3601 2166 3652 contentus
2201 3592 2418 3650 eclesia.

1951 3686 2038 3741 11.
2077 3686 2224 3742 Inter
2253 3685 2270 3725 ί
2298 3681 2512 3743 caetera
2544 3681 2671 3744 vero
2693 3686 3076 3744 admonitionis
3102 3695 3319 3744 nostrae
3344 3686 3460 3744 olli-

1880 3777 1962 3834 cia
1988 3776 2120 3832 satis
2161 3777 2291 3833 illud
2331 3778 2489 3834 nobis
2528 3779 2895 3835 necessarium
2943 3779 3117 3834 visum
3149 3787 3251 3844 est,
3287 3787 3463 3850 utpo-

1879 3869 2021 3940 pulis
2053 3869 2299 3926 ﬁdelibus
2328 3870 2640 3928 terribiliter
2679 3872 3050 3938 denuntietur,
3089 3879 3149 3928 ut
3180 3873 3320 3928 diem
3361 3874 3461 3930 do-

1880 3951 2170 4029 minicum,
2209 3965 2264 4022 in
2291 3980 2399 4035 quo
2433 3975 2622 4022 auctor
2657 3967 2797 4022 vitae
2825 3965 3120 4020 resurrexit
3155 3979 3186 4018 a
3212 3965 3460 4029 mortuis,

1881 4043 2266 4114 honorabiliter
2285 4043 2483 4114 colant:
2513 4051 2648 4114 Nam
2668 4059 2714 4114 si
2737 4059 2929 4130 pagani
2961 4059 3029 4114 ob
3059 4059 3376 4115 memoriam
3409 4066 3468 4112 et

1879 4150 2237 4206 reverentiam
2262 4151 2482 4206 deorum
2505 4156 2724 4205 suorum
2745 4150 2858 4205 dies
2878 4149 3054 4204 colere
3074 4157 3129 4203 et
3149 4147 3295 4203 ludei
3312 4161 3468 4203 more

1879 4227 2084 4295 carnali
2138 4239 2427 4312 sabbatum
2488 4223 2776 4294 carnaliter
2829 4240 3120 4295 observare
3173 4245 3465 4312 satagunt,

1879 4334 2082 4401 quanto
2103 4331 2278 4404 magis
2316 4311 2643 4387 Christianae
2683 4331 2960 4403 religionis
3009 4331 3222 4388 devotio
3261 4331 3330 4386 ob
3353 4343 3467 4387 me-

1877 4423 2110 4496 moriam
2140 4423 2407 4479 dominice
2431 4424 2841 4480 resurrectionis
2872 4427 3102 4482 eundem
3127 4424 3269 4481 diem
3294 4437 3464 4480 vene-

1881 4513 2122 4570 rabiliter
2144 4516 2309 4585 atque
2332 4512 2720 4594 honorabiliter
2743 4516 2920 4572 colere
2946 4517 3123 4573 debet.
3143 4515 3293 4570 Multi
3320 4529 3469 4568 nam-

1885 4625 1990 4679 que
2015 4616 2326 4665 nostrorum
2370 4609 2508 4676 visu,
2537 4609 2690 4664 multi
2721 4611 2886 4664 etiam
2932 4608 3268 4679 quorundam
3293 4603 3468 4659 relatu

1888 4699 2204 4765 didicimus,
2231 4708 2492 4771 quosdam
2528 4702 2582 4756 in
2624 4700 2726 4757 hac
2759 4702 2846 4757 die
2876 4714 3041 4770 opera
3076 4696 3276 4768 ruralia
3309 4708 3468 4749 exer-

1889 4798 2100 4856 centes,
2138 4789 2770 4861 fulmineintcremptos,
2807 4791 3065 4861 quosdam
3097 4795 3309 4842 artuum
3335 4798 3468 4838 con-

1891 4884 2157 4939 tractione
2226 4884 2547 4948 “multatos,
2605 4883 2866 4953 quosdam
2913 4882 3078 4937 etiam
3124 4875 3319 4956 visibili
3346 4874 3471 4943 igne

1893 4977 2222 5045 absumptos,
2269 4975 2475 5050 subitos
2517 4975 2569 5030 in
2614 4975 2850 5031 cinerem
2902 4971 3164 5030 resolutos
3209 4963 3472 5038 pcnaliter

1412 5135 1498 5190 VA
1507 5131 1802 5189 RIANTES
1834 5131 2236 5190 LECTIONES.

191 5323 204 5334 ,
272 5267 289 5298 ί
333 5263 454 5319 cod.
478 5265 768 5322 extradice.

180 5339 210 5372 ⁸
235 5335 536 5394 eucleatim
561 5351 609 5391 ο.
685 5338 704 5369 ⁷
725 5336 866 5392 deest
889 5353 936 5392 c.
1009 5336 1032 5368 ⁸
1056 5337 1468 5398 oontratcitione
1483 5353 1528 5390 ε.

904 5265 1220 5323 redirediret
1265 5265 1312 5319 ιλ.
1390 5265 1411 5297 ⁸
1448 5280 1494 5320 s.-
1531 5265 1585 5320 h.
1614 5264 1670 5320 in
1707 5261 1818 5317 loco
1866 5279 2005 5318 raso.
2084 5264 2106 5295 δ
2133 5263 2271 5318 deest
2302 5264 2357 5318 in
2383 5280 2429 5318 ε.
2509 5264 2530 5294 ³
2568 5276 2813 5318 numerus
2841 5261 2924 5316 hic
2955 5261 3149 5318 excidit
3193 5261 3248 5316 in
3273 5261 3474 5316 codice.

1732 5457 1959 5523 NOTAE.

273 5621 307 5652 ι
345 5606 413 5663 L.
440 5624 483 5675 ι,
522 5606 608 5662 ιο.
1717 5571 1721 5574 ’
1980 5600 2007 5641 ά
2051 5601 2113 5656 L.
2151 5616 2233 5662 ιιι,
2263 5601 2318 5655 4.

275 5680 308 5721 δ
347 5677 414 5724 1.-
445 5693 485 5724 ι-
511 5677 601 5724 ἕως
1979 5683 2002 5724 ι
2041 5672 2104 5724 L.
2143 5687 2179 5724 ι.
2214 5671 2305 5724 55.

275 5680 308 5721 δ
346 5677 414 5735 ι..
445 5672 601 5744 1,30.
1979 5683 2002 5724 ν
2041 5672 2104 5727 ι..
2143 5687 2179 5733 ι,
2214 5672 2305 5725 55.

274 5758 302 5791 ο
345 5748 463 5806 Ι...ι
515 5750 606 5806 53.
1981 5741 2000 5783 τ
2041 5741 2126 5798 Cf.
2166 5758 2250 5808 In,
2279 5742 2331 5796 5.-

625 5903 896 5971 νισι-λοι..
937 5888 1184 5968 XCVII.

3021 5901 3098 5962 20
