3992 6344
594 392 700 451 M9

1426 391 1483 447 Β.
1524 387 1773 447 CAliOLI
1812 391 2027 448 HAGNI
2063 391 2214 448 UPP.
2256 391 2436 448 PARS
2472 392 2512 448 l.
2554 394 2796 452 SECTIO
2834 396 3067 453 PRIMA.

3756 404 3849 461 ϐω

592 507 932 566 occubuisse.
958 496 1189 563 Proinde
1212 516 1434 563 necesse
1456 516 1557 573 est,
1582 517 1641 562 ut
1669 507 1900 577 primum
1926 508 2168 563 sacerdo—
2195 514 2242 570 Α
2271 508 2551 564 cessitates
2575 511 2907 580 obponentes
2933 513 3174 568 residere
3193 513 3555 582 delectantur,
3582 515 3654 570 de
3665 518 3849 588 quibus

586 610 678 657 tes
701 614 858 671 reges
881 606 934 654 et
953 597 1224 670 principes
1257 600 1546 667 cunctique
1587 598 1771 653 ﬁdeles
1794 597 1921 654 huic
1946 598 2049 653 diei
2076 599 2173 653 ob-
2273 599 2328 653 ln
2354 599 2476 655 aliis
2504 601 2857 663 conventibus
2878 617 3063 658 coram
3108 606 3400 660 serenitate
3423 616 3604 660 vestra
3636 608 3741 663 iam
3764 610 3849 666 du-

587 692 951 750 servationem
976 697 1138 760 atque
1156 685 1511 744 reverentiam
1534 690 1876 745 devotissime
1898 689 2168 746 exibeant.

584 800 590 804 ·
663 783 751 837 i2.
792 781 926 837 Illud
947 792 975 821 υ
1000 777 1166 840 etiam
1193 789 1519 851 quamquam
1554 795 1680 850 sepe
1702 781 2033 836 admonitum
2076 782 2168 848 sit,

588 872 747 929 nobis
771 872 967 928 “enim
991 863 1365 927 inculcandum
1388 870 1705 941 populisque
1745 872 2170 927 denuntiandum

586 970 933 1031 summopere
953 961 1129 1016 visum
1154 960 1273 1027 fuit;
1301 968 1367 1015 ut
1389 961 1677 1017 missarum
1702 960 2093 1018 celebrationes
2114 962 2169 1018 in

587 1056 720 1114 locis
747 1055 1224 1128 incongruentibus
1257 1053 1374 1109 fieri
1413 1053 1632 1109 omnino
1671 1068 1781 1109 non
1820 1054 2076 1121 debeant;
2113 1062 2169 1111 et

585 1163 808 1207 necesse
848 1157 954 1217 est,
988 1156 1050 1203 ut
1090 1146 1461 1217 unusquimue
1501 1145 1873 1217 episcoporum
1916 1146 2170 1202 huiusce-

584 1241 731 1296 modi
774 1229 1119 1296 temerariam
1167 1236 1609 1293 ebnsuetudlnem
1657 1252 1689 1291 a
1712 1237 2034 1308 parroechia
2069 1251 2166 1293 sua

581 1331 834 1401 poenitus
873 1338 1139 1386 amoveat.
1179 1329 1245 1384 Et
1266 1330 1311 1385 si
1342 1328 1464 1399 quis
1489 1329 1913 1400 presbiterorum
1946 1329 2163 1395 abhinc,

582 1429 809 1493 excepto
837 1421 1052 1493 quando
1074 1420 1269 1475 itinere
1290 1419 1473 1490 pergit
1500 1426 1557 1473 et
1584 1418 1734 1473 locus
1758 1410 2014 1473 basilieae
2039 1432 2164 1486 pro-

581 1516 670 1573 cul
696 1523 780 1571 est
800 1524 857 1570 et
880 1514 935 1570 id
956 1514 1009 1568 in
1034 1513 1294 1568 altaribus
1320 1512 1388 1567 ab
1406 1511 1661 1582 episcopo
1685 1510 2017 1565 consecratis
2046 1509 2163 1564 fieri

579 1607 878 1665 necessitas
916 1604 1186 1677 conpellit,
1220 1616 1289 1660 ne
1320 1602 1553 1675 populus
1574 1604 1667 1659 Dei
1713 1603 1830 1659 sine
1872 1604 2164 1680 missarum

571 1699 942 1755 celebratione
974 1709 1029 1753 et
1052 1697 1298 1767 corporis
1321 1705 1375 1751 et
1399 1696 1676 1767 sanguinis
1697 1696 1951 1751 dominici
1974 1700 2164 1767 perce-

573 1791 763 1863 ptione
787 1795 1083 1854 remaneat,
1109 1788 1396 1843 missarum
1428 1785 1818 1842 celebrationes
1838 1786 1892 1840 in
1911 1785 2164 1841 huiusce-

2270 692 2399 748 dum
2426 694 2741 750 ventilatum
2768 703 2823 751 et
2848 695 3127 750 definitum
3152 704 3236 751 est
3256 737 3273 763 ,
3313 697 3507 753 maiori
3547 698 3846 771 sollertique

2270 782 2448 839 studio
2469 785 2830 841 admonendas
2866 794 2921 840 et
2954 787 3295 844 instruendas
3339 789 3407 843 ab
3434 788 3708 860 episcopis
3745 802 3844 848 sta-

2264 873 2510 942 tuimus;
2539 877 2792 946 quatinus
2817 891 2947 933 suae
2970 877 3131 934 saluti
3156 879 3460 947 consulant,
3481 896 3586 938 nec
3614 876 3695 937 sic
3721 883 3844 939 indi-

2269 973 2445 1022 screte
2468 966 2697 1023 vivendo
2735 978 2796 1025 et
2822 969 3033 1041 propria
3063 969 3332 1041 noxiaque
3364 970 3622 1028 libertate
3660 974 3843 1030 utendo

2268 1068 2324 1116 et
2349 1075 2446 1132 per
2471 1060 2681 1117 diversa
2707 1062 2949 1133 vagando
2969 1061 3269 1132 periculum
3295 1063 3604 1127 animarum
3635 1080 3839 1122 suarum

2267 1151 2578 1219 incurrant;
2611 1164 2823 1223 semper
2848 1153 2979 1207 illud
3004 1152 3357 1223 apostolicum
3395 1162 3524 1208 ante
3548 1155 3742 1211 oculos
3760 1154 3841 1210 ha-

2265 1243 2456 1299 bentes
2494 1242 2637 1313 qllod
2685 1239 2919 1301 dicitur:
2973 1242 3146 1299 Vidua
3182 1258 3317 1313 quae
3362 1246 3419 1299 in
3445 1244 3659 1300 deliciis
3697 1247 3717 1277 τ
3757 1255 3836 1311 at,

2266 1333 2433 1389 vivens
2454 1343 2662 1401 mortua
2690 1344 2786 1389 est.

2258 1418 2267 1429 ’
2337 1418 2425 1480 18.
2468 1424 2541 1482 Ut
2576 1425 2860 1482 Binlicitus
2902 1424 3156 1481 accessus
3198 1421 3525 1482 feminarum
3574 1426 3648 1482 ad
3688 1428 3836 1484 altare

2265 1525 2372 1571 n‘bn
2401 1513 2515 1595 hat,
2554 1516 2729 1572 modis
2766 1516 3019 1572 omnibus
3053 1516 3405 1584 inhibuimus,
3448 1518 3577 1589 quia
3618 1535 3834 1589 quorun-

2265 1610 2388 1665 dam
2417 1607 2589 1664 relatu
2618 1609 2931 1675 didicimus,
2950 1609 3010 1665 in
3041 1608 3363 1679 quibusdam
3386 1611 3699 1680 provinciis
3721 1629 3832 1668 con-

2263 1708 2348 1755 tra
2368 1700 2545 1772 legem
2570 1701 2806 1757 divinam
2830 1702 3252 1772 canonicamque
3274 1699 3679 1758 institutionem
3705 1702 3832 1761 femi-

2262 1806 2363 1847 nas
2391 1791 2596 1871 sanctis
2620 1790 2883 1847 altaribus
2926 1803 2987 1846 se
3025 1790 3170 1846 ultro
3212 1792 3484 1862 ingerere,
3534 1796 3831 1866 sacrataque

576 1885 722 1942 modi
747 1884 965 1941 inlicitis
980 1883 1114 1940 locis
1132 1894 1253 1954 post
1273 1891 1355 1940 tot
1373 1891 1658 1954 tantasque
1677 1883 2069 1954 prohibitiones
2090 1879 2164 1936 fa-
2193 1864 2238 1925 Β
2265 1897 2391 1939 vasa
2419 1868 2741 1954 inpudenter
2783 1883 3119 1956 cbntinge're,
3165 1893 3221 1940 et
3258 1886 3577 1941 indumenta
3605 1864 3829 1944 sacer-dt.

574 1976 1150 2047 cereadtemptaverit,
1171 1975 1390 2047 dignum
1412 1984 1516 2041 est,
1538 1984 1600 2030 ut
1622 1976 1822 2047 graius
1842 1973 1924 2029 sui
1941 1960 2163 2044 pericu-

571 2071 685 2128 lum
696 2068 1147 2149 incurrat.Satius
1160 2068 1324 2140 igitur
1335 2076 1419 2123 est
1431 2069 1651 2124 missam
1666 2084 1772 2123 non
1787 2066 1982 2132 audiri,
1996 2079 2161 2136 quam

570 2162 693 2219 eam
736 2162 829 2218 ubi
864 2177 973 2217 non
1002 2160 1128 2216 licet
1159 2175 1260 2217 nec
1288 2168 1518 2231 oportet,
1551 2158 1813 2217 celebrari
1843 2167 1937 2214 aut
1961 2157 2156 2231 audiri.

570 2262 575 2269 ‘
643 2254 732 2310 i5.
774 2252 911 2320 Quia
932 2251 964 2293 ι)
986 2267 1116 2324 ergo
1140 2251 1284 2323 quod
1321 2267 1447 2322 sepe
1471 2253 1528 2307 in
1550 2251 1749 2307 vestris
1774 2250 2019 2307 conciliis
2038 2263 2162 2320 pro-

568 2344 800 2403 hibitum
844 2344 862 2376 ¹
905 2351 1017 2409 est,
1068 2342 1258 2400 viduas
1303 2342 1623 2399 inconsultis
1669 2340 1938 2412 episcopis
1990 2328 2159 2397 velari

568 2452 678 2492 non
700 2435 918 2500 debere,
944 2442 1000 2491 et
1024 2436 1250 2490 eandem
1292 2434 1734 2490 constitutionem
1766 2447 1797 2487 a
1835 2430 2158 2502 quibusdam

565 2524 929 2601 praevaricari
957 2542 1102 2582 nunc
1128 2525 1499 2597 cognovimus,
1526 2539 1751 2595 prorsus
1767 2528 1837 2579 ne
1862 2510 2155 2593 deinceps'

567 2617 722 2673 ﬁeret
783 2615 1193 2682 intertiximus;
1238 2624 1294 2670 et
1338 2615 1385 2670 si
1423 2614 1691 2687 quispiam
1731 2613 2157 2684 presbiteroruﬂt

565 2703 821 2779 deinceps
859 2709 1021 2764 huius
1059 2707 1465 2765 constitutionis
1491 2707 1513 2739 ³
1554 2704 1945 2779 contumaciter
1982 2711 2157 2760 trans-

564 2792 780 2871 gressor
802 2798 1062 2865 extiterit,
1102 2798 1309 2854 scilicet
1347 2806 1408 2853 ut
1430 2796 1670 2869 aliquam
1709 2797 1930 2852 viduam
1962 2797 2155 2852 incon-

564 2882 707 2945 Sulto
736 2889 987 2961 episcopo
1022 2889 1200 2946 velare
1224 2896 1557 2960 praesumat,
1587 2887 1785 2951 gradus
1825 2888 1909 2945 sui
1934 2889 2152 2960 pericu-

563 2977 673 3033 lum
703 2979 964 3034 incurrat.
1120 2972 1137 2983 ’

568 3081 573 3095 ·
635 3069 723 3124 14.
766 3062 1032 3125 Similiter
1050 3079 1072 3109 ε
1099 3077 1154 3126 et
1179 3071 1245 3125 de
1265 3068 1462 3140 puellis
1489 3070 1787 3143 virginibus
1822 3084 1852 3125 a
1881 3070 2150 3142 presbite-

560 3159 636 3216 ris
682 3175 791 3216 non
839 3161 1082 3219 velandis
1117 3160 1479 3228 inhibuimus;
1529 3161 1587 3216 in
1626 3177 1732 3232 qua
1781 3176 1842 3217 re
1887 3163 2149 3218 hactenus

560 3250 759 3307 inultos
805 3251 1231 3322 presbiterorum
1273 3252 1475 3322 partim
1519 3252 1822 3322 ignorantia
1849 3251 1921 3333 ⁵,.
1947 3254 2148 3324 partim

559 3341 867 3397 temeritate
891 3341 1185 3411 deliquisse
1221 3341 1696 3412 deprehendimus.

580 3508 587 3509 ί
633 3429 719 3486 i5.
759 3431 1221 3502 Deprehendimus
1239 3430 1265 3472 ἀ
1290 3432 1455 3487 etiam
1475 3440 1531 3488 et
1551 3433 1714 3488 aliam
1736 3433 2148 3505 neglegentiam,

558 3521 703 3590 quod
741 3521 1007 3591 quaedam
1047 3522 1282 3578 feminae
1329 3523 1450 3579 sine
1497 3528 1765 3580 consensu
1808 3527 2151 3582 sacerdotum

559 3614 735 3669 velum
762 3614 864 3669 sibi
894 3614 1108 3670 incaute
1145 3615 1437 3684 inponant;
1469 3615 1615 3686 quod
1642 3615 1895 3672 similiter
1917 3633 1987 3674 ne
2006 3618 2149 3674 ulte-

560 3703 674 3759 rius
709 3702 865 3759 iieret
890 3703 1241 3760 inhibuimus.

560 3796 565 3801 ‘
615 3793 716 3849 ⁸16.
757 3792 1122 3851 Nihilominus
1153 3806 1177 3835 θ
1201 3795 1365 3851 etiam
1393 3796 1449 3851 in
1474 3795 1796 3867 quibusdam
1827 3797 1961 3857 locis
1992 3798 2151 3857 iuoli-

560 3889 674 3938 tum
705 3883 1010 3941 invenimus
1053 3901 1215 3942 usum
1244 3885 1505 3942 stultitiae
1543 3887 1760 3958 plenum
1809 3897 1865 3945 et
1891 3891 2150 3947 ecclesia-

558 3978 726 4033 sticae
755 3977 1066 4034 auctoritati
1093 3979 1446 4054 contrarium,
1478 3993 1545 4036 eo
1565 3979 1708 4049 quod
1730 3982 1985 4038 videlicet
2013 3999 2149 4039 non-

556 4065 736 4124 nullae
759 4068 1066 4126 abbatissae
1089 4079 1146 4126 et
1180 4070 1391 4142 aliquae
1438 4083 1503 4125 ex
1535 4071 2042 4130 sanctimonialibus
2070 4075 2150 4130 vi-

557 4158 679 4214 duis
696 4168 749 4214 et
779 4159 975 4230 puellis
1001 4160 1304 4233 virginibus
1326 4168 1517 4217 contra
1544 4161 1629 4217 fas
1651 4161 1828 4217 velum
1853 4163 2111 4232 inponere
2125 4164 2147 4195 ⁸

556 4261 905 4321 presumant;
972 4262 1028 4307 et
1086 4253 1211 4310 ideo
1252 4254 1544 4310 nonnullae
1582 4253 1764 4310 taliter
1818 4254 1840 4287 ⁸
1891 4255 2100 4311 velatae
2128 4297 2144 4323 ,

558 4348 748 4415 putant
783 4358 844 4401 se
870 4344 1097 4401 liberius
1144 4345 1258 4401 suis
1303 4345 1612 4401 carnalibus
1657 4345 1940 4403 desideriis
1987 4361 2148 4417 posse

558 4440 770 4501 vacare,
797 4443 853 4489 et
871 4449 1000 4491 suas
1024 4435 1332 4491 voluntates
1368 4436 1607 4505 explere.
1659 4435 1997 4506 Quapropter
2033 4446 2146 4493 sta-

557 4525 781 4594 tuimus,
805 4534 867 4582 ut
892 4527 938 4582 si
965 4525 1238 4582 abbatissa
1272 4534 1365 4581 aut
1400 4526 1676 4596 quaelibet
1714 4527 2145 4585 sanctimonialis

556 4625 677 4688 post
689 4616 830 4673 hanc
846 4615 1213 4673 definitionem
1230 4617 1286 4673 in
1302 4625 1507 4672 tantam
1526 4617 1796 4673 audatiam
1814 4620 2138 4689 proruperit,

553 4718 614 4765 ut
629 4718 723 4765 aut
735 4708 952 4765 viduam
976 4715 1070 4763 aut
1081 4707 1315 4779 puellam
1327 4708 1592 4779 virginem
1608 4707 1787 4764 velare
1798 4724 2141 4780 presumpse—

554 4801 644 4868 rit,
662 4801 863 4859 iudicio
882 4802 1142 4859 canonico
1155 4815 1324 4873 usque
1337 4800 1406 4856 ad
1419 4800 1840 4857 satisfactionem
1856 4802 2137 4859 subdatur.

627 4893 716 4950 17.
756 4894 834 4952 De
862 4893 885 4936 ί
920 4895 1190 4952 nobilibus
1214 4892 1431 4948 feminis
1463 4906 1602 4965 quae
1637 4891 1854 4947 amissis
1894 4892 2029 4949 viris
2054 4908 2140 4949 re-

555 4993 716 5057 pente
737 4987 1007 5057 velantur,
1035 4993 1093 5043 et
1136 4986 1193 5042 in
1224 4982 1460 5056 propriis
1485 4982 1735 5038 domibus
1767 4980 2008 5040 diversas
2045 4998 2140 5041 tie-

2260 1973 2390 2029 talia
2415 1975 2735 2045 presbiteris
2756 1974 3157 2041 administrare,
3194 1985 3249 2030 et
3271 1976 3416 2047 quod
3450 1977 3541 2032 his
3562 1980 3737 2051 magis
3761 1980 3827 2035 in;

2253 2060 2545 2145 decentius
2581 2064 2925 2135 ineptiusque
2953 2072 3036 2121 est
3077 2070 3132 2119 et
3181 2081 3378 2136 corpus
3427 2073 3486 2119 et
3527 2067 3826 2138 sanguinem

2258 2153 2473 2210 Domini
2497 2154 2520 2187 '
2556 2154 2771 2225 populis
2809 2156 3104 2232 porrigi?!“
3143 2164 3198 2211 et
3229 2154 3334 2210 alia
3367 2152 3510 2228 quae
3547 2159 3669 2229 ipso
3705 2159 3827 2215 dicto

2259 2246 2437 2314 turpia
2479 2253 2606 2301 sunt
2641 2258 2923 2313 exercere;
2975 2246 3308 2301 inhibuimus
3350 2261 3421 2302 ne
3456 2249 3688 2304 ulterius
3731 2248 3824 2305 ﬁeri

2254 2337 2619 2408 presumatur.
2648 2336 2801 2406 Quod
2832 2347 3013 2394 autem
3056 2338 3312 2414 mulieres
3346 2340 3553 2412 ingredi
3590 2341 3656 2394 ad
3678 2342 3825 2395 altam

2254 2441 2367 2481 non
2387 2427 2648 2494 debeant,
2678 2428 2734 2483 in
2759 2428 2989 2484 concilio
3032 2426 3410 2495 Calcidonensi
3454 2430 3592 2487 etin
3618 2430 3826 2487 decretis

2257 2511 2457 2570 Gelasii
2483 2531 2653 2587 papae
2681 2516 2973 2572 invenitur.

2328 2603 2418 2659 i9:
2457 2603 2595 2672 Quia
2620 2606 2647 2645 ιι
2673 2604 2836 2660 etiam
2863 2599 3244 2676 comperimus,
3269 2607 3532 2676 quosdam
3555 2608 3823 2664 canonicos

2252 2696 2311 2750 δι
2334 2695 2629 2750 monachos
2668 2697 2970 2766 postposito
3008 2697 3284 2768 religionis
3326 2712 3457 2753 suae
3490 2698 3683 2770 pudore
3719 2713 3826 2756 mt-

2254 2787 2493 2841 nasteria
2530 2780 2552 2818 ⁹
2586 2788 3077 2844 sanetimonialium
3119 2798 3231 2844 tam
3263 2792 3636 2846 monacbarum
3664 2805 3824 2860 quam

2253 2878 2635 2934 canonicarum
2664 2880 2706 2912 ¹⁶
2734 2880 3038 2937 inconsulto
3079 2881 3334 2951 episcopo
3380 2887 3482 2938 suo
3505 2882 3823 2953 impudenter

2252 2979 2417 3043 atque
2451 2972 2825 3035 inreverentur
2850 2971 3032 3038 adire,
3069 2973 3162 3044 qui
3207 2975 3505 3031 obtendere
3541 2975 3731 3043 solent,
3776 2990 3825 3032 se

2251 3080 2359 3119 non
2394 3065 2465 3121 ob
2491 3062 2636 3119 aliud
2678 3064 2807 3120 illuc
2842 3065 3130 3132 accedere;
3165 3066 3271 3122 nisi
3301 3073 3395 3121 aut
3424 3068 3823 3139 propinquitatis

2253 3161 2347 3210 aut
2376 3153 2757 3209 iamiliaritatis
2775 3164 2868 3209 aut
2901 3163 3050 3211 certe
3070 3155 3255 3212 nescio
3276 3157 3431 3213 cuius
3452 3158 3823 3216 conlocutionis

2251 3246 2456 3317 gratia;
2494 3246 2640 3316 quod
2662 3243 2867 3302 factum
2896 3247 3022 3317 quia
3048 3261 3149 3303 nec
3171 3248 3432 3305 canonico
3457 3264 3561 3305 nec
3588 3250 3627 3281 ¹¹
3655 3265 3822 3305 mona-

2252 3340 2389 3396 stico
2416 3339 2666 3410 congruit
2686 3340 2985 3409 proposito,
3031 3356 3256 3411 prorsus
3297 3341 3691 3409 interdicimus,
3738 3343 3823 3398 nisi

2250 3433 2391 3488 forte
2414 3446 2577 3487 causa
2600 3430 2985 3501 predicationis
3015 3440 3109 3486 aut
3128 3440 3275 3487 certe
3303 3431 3636 3489 inevitabilis
3660 3444 3824 3490 neces”-

2251 3525 2388 3581 sitas
2412 3524 2468 3579 id
2490 3520 2670 3578 facere
2696 3523 2912 3593 coegit;
2952 3530 3008 3578 et
3045 3523 3150 3579 hoc
3193 3522 3502 3579 nullatenus
3534 3525 3655 3580 sine
3682 3527 3824 3581 lim

2249 3618 2328 3673 tia
2353 3615 2591 3688 episcopi
2615 3645 2632 3680 ,-
2668 3622 2761 3668 aut
2787 3615 2935 3670 illius
2964 3612 3055 3685 qui
3083 3613 3201 3670 vice
3229 3613 3373 3669 illius
3423 3613 3689 3685 fungitur,
3722 3614 3820 3670 ﬁeri

2249 3714 2645 3780 praesumetur.
2663 3705 2817 3774 Quod
2836 3706 2883 3761 si
2896 3720 3077 3761 sermo
3092 3705 3479 3775 predicationis
3498 3702 3769 3762 faciendus
3786 3705 3820 3737 ι’

2249 3808 2352 3869 est,
2402 3809 2457 3856 et
2501 3802 2605 3858 hoc
2649 3815 2887 3871 congruo
2934 3800 2990 3855 in
3030 3800 3151 3855 loco
3189 3812 3372 3855 coram
3412 3801 3673 3857 omnibus
3724 3800 3820 3855 ﬁat.

2250 3892 2310 3948 Si
2337 3907 2465 3948 vero
2491 3892 2921 3962 conloquendum
2962 3906 3086 3947 cum
3117 3890 3296 3960 aliqua
3344 3889 3823 3946 sanctimonialium

2248 3985 2391 4039 ratio
2417 3983 2742 4054 expostulat,
2771 3982 2827 4038 id
2848 3996 2957 4037 non
2979 3981 3143 4036 aliubi
3170 3980 3276 4036 nisi
3303 3980 3608 4036 constituto
3639 3981 3684 4012 “
3702 3979 3823 4043 loco;

2242 4076 2304 4131 id
2326 4083 2411 4131 est
2453 4076 2506 4130 in
2534 4073 2821 4139 auditorio,
2853 4073 2953 4128 sub
2979 4071 3290 4127 teStimonio
3337 4071 3583 4125 virorum
3624 4069 3825 4141 religio-

2244 4172 2432 4224 sorum
2459 4175 2513 4222 et
2540 4165 2863 4221 feminarum
2890 4161 3004 4218 iiat.
3052 4160 3280 4229 Quando
3309 4174 3439 4217 vero
3477 4175 3512 4215 a
3541 4156 3825 4216 sacerdoti-

2246 4260 2349 4316 bus
2374 4261 2428 4315 in
2458 4256 2801 4313 monasteriis
2823 4254 3156 4326 puellaribus
3192 4253 3481 4308 missarum
3511 4250 3825 4308 celebratio-

2248 4366 2345 4407 nes
2373 4351 2650 4407 faciendae
2675 4355 2818 4413 sunt,
2858 4363 2980 4403 cum
3002 4346 3266 4401 ministris
3285 4344 3389 4400 sibi
3413 4343 3694 4415 deputatis
3714 4342 3828 4399 illuc

2247 4441 2646 4512 ingrediantur;
2674 4439 2873 4511 quibus
2913 4435 3318 4506 rite'pcractis,
3362 4451 3469 4490 non
3501 4434 3571 4489 ad
3600 4444 3827 4490 secretas

2248 4531 2651 4589 eonlocutiones
2690 4528 3180 4584 sanctimonialium
3219 4541 3279 4582 se
3318 4526 3431 4582 ullo
3464 4527 3632 4582 modo
3661 4527 3830 4581 diver-

2250 4631 2387 4690 tant,
2414 4624 2507 4678 sed
2531 4635 2653 4678 cum
2678 4620 2945 4676 ministris
2967 4620 3080 4675 suis
3107 4616 3253 4675 illico
3270 4620 3642 4692 egrediantur.
3670 4616 3829 4674 Porro

2240 4708 2295 4770 si
2325 4712 2694 4769 sacerdotibus
2716 4709 3154 4766 sanctimoniales
3184 4716 3407 4779 peccata
3447 4723 3545 4763 sua
3588 4705 3829 4764 conﬁteri

2244 4803 2535 4870 voluerint,
2566 4802 2621 4858 id
2643 4817 2750 4857 non
2779 4801 2883 4856 nisi
2926 4800 2980 4855 in
3019 4799 3280 4856 aecclesia
3321 4814 3505 4856 coram
3541 4808 3739 4854 sancto
3760 4796 3831 4851 ai-

2248 4896 2374 4962 tari,
2398 4894 2734 4951 adstantibus
2756 4892 2898 4949 haud
2919 4892 3107 4963 procul
3135 4893 3385 4959 testibus,
3413 4890 3638 4946 faciant.
3667 4890 3728 4946 Si
3749 4904 3833 4944 au-

2248 4993 2359 5043 tem
2402 4985 2692 5042 infirmitas
2731 4984 3059 5056 prepedierit
3080 5023 3097 5050 ,
3145 4992 3205 5040 ut
3242 4984 3298 5040 in
3336 4983 3601 5040 acwlesia
3646 4983 3831 5040 eadem

1769 5136 2160 5197 VARIANTES
2188 5138 2589 5197 LECTIONES.

636 5248 946 5328 ‘probitum
974 5275 1025 5312 ea
1125 5246 1147 5287 ‘
1170 5256 1384 5328 deieeps
1409 5269 1457 5307 Ca
1502 5323 1514 5328 _
1569 5246 1591 5283 ⁸
1626 5250 2044 5328 euastitutioncs
2073 5271 2123 5308 c.-

559 5323 739 5383 ciis'c.
814 5330 837 5361 ⁸
874 5329 1013 5383 deest
1043 5344 1090 5382 c.
1164 5327 1186 5358 ⁹
1226 5323 1552 5382 monasteria
1580 5337 1628 5375 c.

2230 5252 2254 5285 ⁵
2290 5252 2555 5324 ignoratia
2591 5267 2638 5306 ο.

1757 5322 1798 5354 ³ο
1837 5324 1955 5378 coda
1999 5321 2389 5380 monachorum
2441 5339 2499 5392 (ιι
2547 5321 2864 5378 canicarum
2916 5338 3058 5378 corr.
3091 5321 3517 5379 .eanoniconttn.

3284 5251 3308 5283 ⁸
3341 5250 3501 5307 aliter
3523 5267 3571 5306 ι.
3652 5254 3677 5286 ⁷
3718 5254 3837 5309 dili-

2736 5252 2759 5284 ³
2795 5252 3114 5322 inponerere
3140 5267 3189 5304 c.
3284 5252 3308 5333 ξ
3341 5252 3501 5307 aliter
3523 5267 3571 5306 ι.
3596 5324 3641 5355 υ

3684 5339 3741 5381 C.
3778 5342 3833 5380 II.

559 5398 745 5453 desunt
765 5414 815 5453 c.
892 5399 934 5430 ¹²
968 5396 1468 5469 ρι’θιιὶοιιιίσηίε..ι..
1515 5394 1902 5467 predicationis
1927 5395 2113 5451 desunt
2152 5411 2199 5449 ο.
2229 5394 2534 5481 faciendum
2568 5410 2617 5447 ει
2694 5393 2737 5425 ³³
2768 5400 3019 5450 censtuto
3043 5409 3094 5449 ο.

2082 5506 2312 5566 NOTAE.
2857 5531 2886 5557 ,ι
