  <div class='ocr_page' id='page_1' title='image "/cluster/home/n/w/nwhite01/storage/ocr_20150623/97/hvd.32044015466766/330.png"; bbox 0 0 3992 6344; ppageno 0'>
   <div class='ocr_carea' id='block_1_1' title="bbox 168 424 269 491">
    <p class='ocr_par' dir='ltr' id='par_1_1' title="bbox 168 424 269 491">
     <span class='ocr_line' id='line_1_1' title="bbox 168 424 269 491; baseline -0.079 0"><span class='ocrx_word' id='word_1_1' title='bbox 168 424 269 491; x_wconf 65' lang='grc' dir='ltr'><strong>εει</strong></span> 
     </span>
    </p>
   </div>
   <div class='ocr_carea' id='block_1_2' title="bbox 458 411 3153 529">
    <p class='ocr_par' dir='ltr' id='par_1_2' title="bbox 458 411 3153 529">
     <span class='ocr_line' id='line_1_2' title="bbox 458 411 3153 529; baseline -0.003 -40"><span class='ocrx_word' id='word_1_2' title='bbox 458 412 693 489; x_wconf 71' lang='lat' dir='ltr'><strong>Cobsx</strong></span> <span class='ocrx_word' id='word_1_3' title='bbox 731 411 1253 529; x_wconf 60' lang='lat' dir='ltr'><strong>bipmmrtcbs.</strong></span> <span class='ocrx_word' id='word_1_4' title='bbox 1284 464 1354 473; x_wconf 91' lang='grc'><strong>-</strong></span> <span class='ocrx_word' id='word_1_5' title='bbox 1378 430 1698 489; x_wconf 76' lang='lat' dir='ltr'><strong>Luuovtm</strong></span> <span class='ocrx_word' id='word_1_6' title='bbox 1734 431 1754 486; x_wconf 86' lang='grc' dir='ltr'>ι</span> <span class='ocrx_word' id='word_1_7' title='bbox 1794 429 1882 485; x_wconf 74' lang='grc' dir='ltr'><strong>ΕΤ</strong></span> <span class='ocrx_word' id='word_1_8' title='bbox 1918 428 2242 486; x_wconf 61' lang='grc' dir='ltr'><strong>ιοτιιΑιιιι</strong></span> <span class='ocrx_word' id='word_1_9' title='bbox 2278 427 2760 486; x_wconf 75' lang='lat' dir='ltr'><strong>CAPITULARIA.</strong></span> <span class='ocrx_word' id='word_1_10' title='bbox 2802 430 2993 484; x_wconf 67' lang='lat' dir='ltr'><strong>—As.</strong></span> <span class='ocrx_word' id='word_1_11' title='bbox 3029 428 3153 486; x_wconf 76' lang='lat'><strong>829.</strong></span> 
     </span>
    </p>
   </div>
   <div class='ocr_carea' id='block_1_3' title="bbox 3335 424 3441 487">
    <p class='ocr_par' dir='ltr' id='par_1_3' title="bbox 3335 424 3441 487">
     <span class='ocr_line' id='line_1_3' title="bbox 3335 424 3441 487; baseline 0 -5"><span class='ocrx_word' id='word_1_12' title='bbox 3335 424 3441 487; x_wconf 62' lang='lat'><strong>623</strong></span> 
     </span>
    </p>
   </div>
   <div class='ocr_carea' id='block_1_4' title="bbox 162 545 3495 622">
    <p class='ocr_par' dir='ltr' id='par_1_4' title="bbox 162 545 3495 622">
     <span class='ocr_line' id='line_1_4' title="bbox 162 545 3495 622; baseline -0.002 -17"><span class='ocrx_word' id='word_1_13' title='bbox 162 546 449 605; x_wconf 72' lang='lat' dir='ltr'><strong>confessio</strong></span> <span class='ocrx_word' id='word_1_14' title='bbox 492 545 609 601; x_wconf 80' lang='lat' dir='ltr'><strong>ﬁeri</strong></span> <span class='ocrx_word' id='word_1_15' title='bbox 651 552 902 616; x_wconf 76' lang='lat' dir='ltr'><strong>nequeat,</strong></span> <span class='ocrx_word' id='word_1_16' title='bbox 954 555 1011 601; x_wconf 87' lang='lat' dir='ltr'><strong>et</strong></span> <span class='ocrx_word' id='word_1_17' title='bbox 1054 561 1395 619; x_wconf 88' lang='lat' dir='ltr'><strong>quacumque</strong></span> <span class='ocrx_word' id='word_1_18' title='bbox 1439 548 1569 603; x_wconf 87' lang='lat' dir='ltr'><strong>libet</strong></span> <span class='ocrx_word' id='word_1_19' title='bbox 1601 548 1763 604; x_wconf 91' lang='lat' dir='ltr'><strong>domo</strong></span> <span class='ocrx_word' id='word_1_20' title='bbox 1789 552 1839 611; x_wconf 78' lang='grc' dir='ltr'><strong>Α</strong></span> <span class='ocrx_word' id='word_1_21' title='bbox 1865 555 2275 617; x_wconf 87' lang='lat' dir='ltr'><strong>ceterarumque</strong></span> <span class='ocrx_word' id='word_1_22' title='bbox 2308 547 2607 617; x_wconf 80' lang='lat' dir='ltr'><strong>specierum</strong></span> <span class='ocrx_word' id='word_1_23' title='bbox 2634 562 2831 602; x_wconf 89' lang='lat' dir='ltr'><strong>usurae</strong></span> <span class='ocrx_word' id='word_1_24' title='bbox 2851 547 3013 617; x_wconf 76' lang='lat' dir='ltr'><strong>exigi,</strong></span> <span class='ocrx_word' id='word_1_25' title='bbox 3041 547 3156 602; x_wconf 86' lang='lat' dir='ltr'><strong>slve</strong></span> <span class='ocrx_word' id='word_1_26' title='bbox 3178 554 3240 603; x_wconf 95' lang='lat' dir='ltr'><strong>ut</strong></span> <span class='ocrx_word' id='word_1_27' title='bbox 3264 545 3448 617; x_wconf 82' lang='lat' dir='ltr'><strong>appel-</strong></span> <span class='ocrx_word' id='word_1_28' title='bbox 3482 608 3495 622; x_wconf 44' lang='lat'><strong>,</strong></span> 
     </span>
    </p>
   </div>
   <div class='ocr_carea' id='block_1_5' title="bbox 164 638 1762 709">
    <p class='ocr_par' dir='ltr' id='par_1_5' title="bbox 164 638 1762 709">
     <span class='ocr_line' id='line_1_5' title="bbox 164 638 1762 709; baseline 0 -15"><span class='ocrx_word' id='word_1_29' title='bbox 164 638 421 694; x_wconf 76' lang='lat' dir='ltr'><strong>facienda</strong></span> <span class='ocrx_word' id='word_1_30' title='bbox 442 647 546 704; x_wconf 88' lang='lat' dir='ltr'><strong>est,</strong></span> <span class='ocrx_word' id='word_1_31' title='bbox 572 653 681 692; x_wconf 92' lang='lat' dir='ltr'><strong>non</strong></span> <span class='ocrx_word' id='word_1_32' title='bbox 711 638 813 692; x_wconf 90' lang='lat' dir='ltr'><strong>nisi</strong></span> <span class='ocrx_word' id='word_1_33' title='bbox 849 639 1079 694; x_wconf 90' lang='lat' dir='ltr'><strong>testibus</strong></span> <span class='ocrx_word' id='word_1_34' title='bbox 1115 639 1369 696; x_wconf 73' lang='lat' dir='ltr'><strong>similiter</strong></span> <span class='ocrx_word' id='word_1_35' title='bbox 1410 638 1552 696; x_wconf 95' lang='lat' dir='ltr'><strong>haud</strong></span> <span class='ocrx_word' id='word_1_36' title='bbox 1572 639 1762 709; x_wconf 86' lang='lat' dir='ltr'><strong>procul</strong></span> 
     </span>
    </p>
   </div>
   <div class='ocr_carea' id='block_1_6' title="bbox 162 726 1764 800">
    <p class='ocr_par' dir='ltr' id='par_1_6' title="bbox 162 726 1764 800">
     <span class='ocr_line' id='line_1_6' title="bbox 162 726 1764 800; baseline 0.002 -17"><span class='ocrx_word' id='word_1_37' title='bbox 162 727 521 783; x_wconf 79' lang='lat' dir='ltr'><strong>adstantibus</strong></span> <span class='ocrx_word' id='word_1_38' title='bbox 566 726 678 782; x_wconf 82' lang='lat' dir='ltr'><strong>ﬁat.</strong></span> <span class='ocrx_word' id='word_1_39' title='bbox 740 726 1060 785; x_wconf 82' lang='lat' dir='ltr'><strong>Nulloi&#39;nodo</strong></span> <span class='ocrx_word' id='word_1_40' title='bbox 1107 730 1304 800; x_wconf 85' lang='lat' dir='ltr'><strong>quippe</strong></span> <span class='ocrx_word' id='word_1_41' title='bbox 1349 727 1562 785; x_wconf 82' lang='lat' dir='ltr'><strong>videtur</strong></span> <span class='ocrx_word' id='word_1_42' title='bbox 1607 731 1764 787; x_wconf 80' lang='lat' dir='ltr'><strong>nobis</strong></span> 
     </span>
    </p>
   </div>
   <div class='ocr_carea' id='block_1_7' title="bbox 160 808 1762 888">
    <p class='ocr_par' dir='ltr' id='par_1_7' title="bbox 160 808 1762 888">
     <span class='ocr_line' id='line_1_7' title="bbox 160 808 1762 888; baseline 0.002 -14"><span class='ocrx_word' id='word_1_43' title='bbox 160 818 486 883; x_wconf 75' lang='lat' dir='ltr'><strong>convenire,</strong></span> <span class='ocrx_word' id='word_1_44' title='bbox 514 826 575 872; x_wconf 86' lang='lat' dir='ltr'><strong>ut</strong></span> <span class='ocrx_word' id='word_1_45' title='bbox 595 819 894 878; x_wconf 81' lang='lat' dir='ltr'><strong>monachus</strong></span> <span class='ocrx_word' id='word_1_46' title='bbox 917 808 1108 875; x_wconf 81' lang='lat' dir='ltr'><strong>relicto</strong></span> <span class='ocrx_word' id='word_1_47' title='bbox 1167 822 1497 876; x_wconf 80' lang='lat' dir='ltr'><strong>monasterio</strong></span> <span class='ocrx_word' id='word_1_48' title='bbox 1519 836 1636 888; x_wconf 78' lang='lat' dir='ltr'><strong>suo;</strong></span> <span class='ocrx_word' id='word_1_49' title='bbox 1676 820 1762 877; x_wconf 84' lang='lat' dir='ltr'><strong>id-</strong></span> 
     </span>
    </p>
   </div>
   <div class='ocr_carea' id='block_1_8' title="bbox 160 908 1761 979">
    <p class='ocr_par' dir='ltr' id='par_1_8' title="bbox 160 908 1761 979">
     <span class='ocr_line' id='line_1_8' title="bbox 160 908 1761 979; baseline 0.002 -13"><span class='ocrx_word' id='word_1_50' title='bbox 160 910 321 966; x_wconf 84' lang='lat' dir='ltr'><strong>circo</strong></span> <span class='ocrx_word' id='word_1_51' title='bbox 347 910 835 967; x_wconf 83' lang='lat' dir='ltr'><strong>sanctimonialium</strong></span> <span class='ocrx_word' id='word_1_52' title='bbox 858 908 1188 968; x_wconf 86' lang='lat' dir='ltr'><strong>monasteria</strong></span> <span class='ocrx_word' id='word_1_53' title='bbox 1210 912 1386 979; x_wconf 81' lang='lat' dir='ltr'><strong>adeat,</strong></span> <span class='ocrx_word' id='word_1_54' title='bbox 1415 923 1474 969; x_wconf 93' lang='lat' dir='ltr'><strong>ut</strong></span> <span class='ocrx_word' id='word_1_55' title='bbox 1495 914 1761 971; x_wconf 76' lang='lat' dir='ltr'><strong>conﬁten-</strong></span> 
     </span>
    </p>
   </div>
   <div class='ocr_carea' id='block_1_9' title="bbox 161 994 1613 1076">
    <p class='ocr_par' dir='ltr' id='par_1_9' title="bbox 161 994 1613 1076">
     <span class='ocr_line' id='line_1_9' title="bbox 161 994 1613 1076; baseline 0.001 -19"><span class='ocrx_word' id='word_1_56' title='bbox 161 999 320 1057; x_wconf 71' lang='lat' dir='ltr'><strong>tibus</strong></span> <span class='ocrx_word' id='word_1_57' title='bbox 338 1010 563 1071; x_wconf 82' lang='lat' dir='ltr'><strong>peccata</strong></span> <span class='ocrx_word' id='word_1_58' title='bbox 588 1016 685 1056; x_wconf 87' lang='lat' dir='ltr'><strong>sua</strong></span> <span class='ocrx_word' id='word_1_59' title='bbox 718 994 939 1075; x_wconf 77' lang='lat' dir='ltr'><strong>modum</strong></span> <span class='ocrx_word' id='word_1_60' title='bbox 962 996 1328 1075; x_wconf 61' lang='lat' dir='ltr'><strong>poenitentiae</strong></span> <span class='ocrx_word' id='word_1_61' title='bbox 1353 1004 1613 1076; x_wconf 81' lang='lat' dir='ltr'><strong>imponat.</strong></span> 
     </span>
    </p>
   </div>
   <div class='ocr_carea' id='block_1_10' title="bbox 235 1094 1764 1171">
    <p class='ocr_par' dir='ltr' id='par_1_10' title="bbox 235 1094 1764 1171">
     <span class='ocr_line' id='line_1_10' title="bbox 235 1094 1764 1171; baseline 0.005 -22"><span class='ocrx_word' id='word_1_62' title='bbox 235 1094 334 1149; x_wconf 75' lang='lat'><strong>20.</strong></span> <span class='ocrx_word' id='word_1_63' title='bbox 363 1096 381 1126; x_wconf 75' lang='grc' dir='ltr'>ί</span> <span class='ocrx_word' id='word_1_64' title='bbox 402 1094 541 1162; x_wconf 84' lang='lat' dir='ltr'><strong>Quia</strong></span> <span class='ocrx_word' id='word_1_65' title='bbox 561 1107 587 1135; x_wconf 81' lang='grc' dir='ltr'>ι</span> <span class='ocrx_word' id='word_1_66' title='bbox 606 1110 735 1166; x_wconf 83' lang='lat' dir='ltr'><strong>ergo</strong></span> <span class='ocrx_word' id='word_1_67' title='bbox 762 1095 816 1171; x_wconf 88' lang='lat' dir='ltr'><strong>in</strong></span> <span class='ocrx_word' id='word_1_68' title='bbox 837 1096 1170 1152; x_wconf 85' lang='lat' dir='ltr'><strong>multimodis</strong></span> <span class='ocrx_word' id='word_1_69' title='bbox 1194 1109 1481 1153; x_wconf 88' lang='lat' dir='ltr'><strong>usurarum</strong></span> <span class='ocrx_word' id='word_1_70' title='bbox 1506 1094 1764 1157; x_wconf 73' lang='lat' dir='ltr'><strong>adiuven-</strong></span> 
     </span>
    </p>
   </div>
   <div class='ocr_carea' id='block_1_11' title="bbox 161 1176 1764 1265">
    <p class='ocr_par' dir='ltr' id='par_1_11' title="bbox 161 1176 1764 1265">
     <span class='ocr_line' id='line_1_11' title="bbox 161 1176 1764 1265; baseline 0.002 -22"><span class='ocrx_word' id='word_1_71' title='bbox 161 1176 415 1244; x_wconf 67' lang='lat' dir='ltr'><strong>tionibus</strong></span> <span class='ocrx_word' id='word_1_72' title='bbox 436 1186 697 1258; x_wconf 79' lang='lat' dir='ltr'><strong>quosdam</strong></span> <span class='ocrx_word' id='word_1_73' title='bbox 736 1187 965 1265; x_wconf 77' lang='lat' dir='ltr'><strong>clericos</strong></span> <span class='ocrx_word' id='word_1_74' title='bbox 1014 1196 1071 1244; x_wconf 91' lang='lat' dir='ltr'><strong>et</strong></span> <span class='ocrx_word' id='word_1_75' title='bbox 1106 1178 1274 1246; x_wconf 80' lang='lat' dir='ltr'><strong>laicos</strong></span> <span class='ocrx_word' id='word_1_76' title='bbox 1315 1190 1514 1246; x_wconf 88' lang='lat' dir='ltr'><strong>oblitos</strong></span> <span class='ocrx_word' id='word_1_77' title='bbox 1539 1205 1764 1262; x_wconf 89' lang='lat' dir='ltr'><strong>praece-</strong></span> 
     </span>
    </p>
   </div>
   <div class='ocr_carea' id='block_1_12' title="bbox 161 1270 1759 1349">
    <p class='ocr_par' dir='ltr' id='par_1_12' title="bbox 161 1270 1759 1349">
     <span class='ocr_line' id='line_1_12' title="bbox 161 1270 1759 1349; baseline 0.002 -16"><span class='ocrx_word' id='word_1_78' title='bbox 398 1274 704 1332; x_wconf 75' lang='lat' dir='ltr'><strong>dominicae</strong></span> <span class='ocrx_word' id='word_1_79' title='bbox 743 1292 850 1348; x_wconf 90' lang='lat' dir='ltr'><strong>qua</strong></span> <span class='ocrx_word' id='word_1_80' title='bbox 889 1276 1120 1333; x_wconf 72' lang='lat' dir='ltr'><strong>dicitur&#39;:</strong></span> <span class='ocrx_word' id='word_1_81' title='bbox 1160 1281 1435 1349; x_wconf 79' lang='lat' dir='ltr'><strong>pecuniam</strong></span> <span class='ocrx_word' id='word_1_82' title='bbox 1482 1289 1628 1335; x_wconf 82' lang='lat' dir='ltr'><strong>tuam</strong></span> <span class='ocrx_word' id='word_1_83' title='bbox 1652 1277 1759 1336; x_wconf 75' lang='lat' dir='ltr'><strong>non</strong></span> 
     </span>
    </p>
   </div>
   <div class='ocr_carea' id='block_1_13' title="bbox 158 1348 1761 1441">
    <p class='ocr_par' dir='ltr' id='par_1_13' title="bbox 158 1348 1761 1441">
     <span class='ocr_line' id='line_1_13' title="bbox 158 1348 1761 1441; baseline 0 -16"><span class='ocrx_word' id='word_1_84' title='bbox 158 1348 322 1425; x_wconf 61' lang='lat' dir='ltr'><strong>dabis</strong></span> <span class='ocrx_word' id='word_1_85' title='bbox 346 1369 418 1423; x_wconf 80' lang='lat' dir='ltr'><strong>ad</strong></span> <span class='ocrx_word' id='word_1_86' title='bbox 447 1385 663 1423; x_wconf 78' lang='lat' dir='ltr'><strong>usuram</strong></span> <span class='ocrx_word' id='word_1_87' title='bbox 706 1378 756 1423; x_wconf 91' lang='lat' dir='ltr'><strong>et</strong></span> <span class='ocrx_word' id='word_1_88' title='bbox 782 1368 997 1439; x_wconf 78' lang='lat' dir='ltr'><strong>frugum</strong></span> <span class='ocrx_word' id='word_1_89' title='bbox 1038 1348 1614 1441; x_wconf 78' lang='lat' dir='ltr'><strong>superhabundantiam</strong></span> <span class='ocrx_word' id='word_1_90' title='bbox 1656 1387 1761 1425; x_wconf 81' lang='lat' dir='ltr'><strong>non</strong></span> 
     </span>
    </p>
   </div>
   <div class='ocr_carea' id='block_1_14' title="bbox 159 1459 1762 1533">
    <p class='ocr_par' dir='ltr' id='par_1_14' title="bbox 159 1459 1762 1533">
     <span class='ocr_line' id='line_1_14' title="bbox 159 1459 1762 1533; baseline 0 -16"><span class='ocrx_word' id='word_1_91' title='bbox 159 1463 347 1533; x_wconf 66' lang='lat' dir='ltr'><strong>exiges</strong></span> <span class='ocrx_word' id='word_1_92' title='bbox 373 1462 431 1526; x_wconf 79' lang='lat'><strong>&#39;;</strong></span> <span class='ocrx_word' id='word_1_93' title='bbox 459 1476 554 1532; x_wconf 83' lang='lat' dir='ltr'><strong>ego</strong></span> <span class='ocrx_word' id='word_1_94' title='bbox 596 1459 839 1515; x_wconf 80' lang='lat' dir='ltr'><strong>dominus</strong></span> <span class='ocrx_word' id='word_1_95' title='bbox 883 1459 1025 1515; x_wconf 88' lang='lat' dir='ltr'><strong>Deus</strong></span> <span class='ocrx_word' id='word_1_96' title='bbox 1051 1471 1251 1527; x_wconf 79' lang='lat' dir='ltr'><strong>vester,</strong></span> <span class='ocrx_word' id='word_1_97' title='bbox 1304 1462 1361 1516; x_wconf 91' lang='lat' dir='ltr'><strong>in</strong></span> <span class='ocrx_word' id='word_1_98' title='bbox 1391 1470 1599 1517; x_wconf 86' lang='lat' dir='ltr'><strong>tantum</strong></span> <span class='ocrx_word' id='word_1_99' title='bbox 1645 1471 1762 1517; x_wconf 90' lang='lat' dir='ltr'><strong>tur-</strong></span> 
     </span>
    </p>
   </div>
   <div class='ocr_carea' id='block_1_15' title="bbox 160 1535 1762 1624">
    <p class='ocr_par' dir='ltr' id='par_1_15' title="bbox 160 1535 1762 1624">
     <span class='ocr_line' id='line_1_15' title="bbox 160 1535 1762 1624; baseline -0.001 -15"><span class='ocrx_word' id='word_1_100' title='bbox 160 1552 382 1624; x_wconf 79' lang='lat' dir='ltr'><strong>pissimi</strong></span> <span class='ocrx_word' id='word_1_101' title='bbox 408 1551 545 1607; x_wconf 82' lang='lat' dir='ltr'><strong>lucri</strong></span> <span class='ocrx_word' id='word_1_102' title='bbox 570 1550 747 1606; x_wconf 90' lang='lat' dir='ltr'><strong>labem</strong></span> <span class='ocrx_word' id='word_1_103' title='bbox 773 1550 1044 1607; x_wconf 81' lang='lat' dir='ltr'><strong>exarsisse</strong></span> <span class='ocrx_word' id='word_1_104' title='bbox 1090 1552 1464 1623; x_wconf 71' lang='lat' dir='ltr'><strong>cognovimus;</strong></span> <span class='ocrx_word' id='word_1_105' title='bbox 1496 1550 1556 1607; x_wconf 80' lang='lat' dir='ltr'><strong>ut</strong></span> <span class='ocrx_word' id='word_1_106' title='bbox 1578 1535 1762 1608; x_wconf 57' lang='lat' dir='ltr'><strong>multi;</strong></span> 
     </span>
    </p>
   </div>
   <div class='ocr_carea' id='block_1_16' title="bbox 158 1638 1760 1726">
    <p class='ocr_par' dir='ltr' id='par_1_16' title="bbox 158 1638 1760 1726">
     <span class='ocr_line' id='line_1_16' title="bbox 158 1638 1760 1726; baseline 0 -25"><span class='ocrx_word' id='word_1_107' title='bbox 158 1644 402 1715; x_wconf 83' lang='lat' dir='ltr'><strong>plicibns</strong></span> <span class='ocrx_word' id='word_1_108' title='bbox 442 1652 609 1713; x_wconf 87' lang='lat' dir='ltr'><strong>atque</strong></span> <span class='ocrx_word' id='word_1_109' title='bbox 654 1642 1288 1726; x_wconf 42' lang='lat' dir='ltr'><strong>innumeris&#39;usuraruni</strong></span> <span class='ocrx_word' id='word_1_110' title='bbox 1342 1639 1629 1715; x_wconf 60' lang='lat' dir='ltr'><strong>generibus</strong></span> <span class='ocrx_word' id='word_1_111' title='bbox 1662 1638 1760 1701; x_wconf 68' lang='lat' dir='ltr'><strong>Sua</strong></span> 
     </span>
    </p>
   </div>
   <div class='ocr_carea' id='block_1_17' title="bbox 159 1728 1760 1810">
    <p class='ocr_par' dir='ltr' id='par_1_17' title="bbox 159 1728 1760 1810">
     <span class='ocr_line' id='line_1_17' title="bbox 159 1728 1760 1810; baseline 0 -19"><span class='ocrx_word' id='word_1_112' title='bbox 159 1734 554 1791; x_wconf 68' lang='lat' dir='ltr'><strong>adinventione</strong></span> <span class='ocrx_word' id='word_1_113' title='bbox 567 1741 622 1789; x_wconf 92' lang='lat' dir='ltr'><strong>et</strong></span> <span class='ocrx_word' id='word_1_114' title='bbox 640 1728 936 1803; x_wconf 72' lang='lat' dir='ltr'><strong>cupiditate</strong></span> <span class='ocrx_word' id='word_1_115' title='bbox 958 1730 1207 1803; x_wconf 80' lang='lat' dir='ltr'><strong>repertis,</strong></span> <span class='ocrx_word' id='word_1_116' title='bbox 1223 1749 1485 1810; x_wconf 83' lang='lat' dir='ltr'><strong>pauperes</strong></span> <span class='ocrx_word' id='word_1_117' title='bbox 1500 1734 1760 1806; x_wconf 80' lang='lat' dir='ltr'><strong>adﬂigant</strong></span> 
     </span>
    </p>
   </div>
   <div class='ocr_carea' id='block_1_18' title="bbox 157 1820 1757 1894">
    <p class='ocr_par' dir='ltr' id='par_1_18' title="bbox 157 1820 1757 1894">
     <span class='ocr_line' id='line_1_18' title="bbox 157 1820 1757 1894; baseline 0.001 -15"><span class='ocrx_word' id='word_1_118' title='bbox 157 1820 482 1894; x_wconf 73' lang='lat' dir='ltr'><strong>bbprimant</strong></span> <span class='ocrx_word' id='word_1_119' title='bbox 506 1831 563 1879; x_wconf 91' lang='lat' dir='ltr'><strong>et</strong></span> <span class='ocrx_word' id='word_1_120' title='bbox 586 1823 928 1889; x_wconf 65' lang='lat' dir='ltr'><strong>exhauriant,</strong></span> <span class='ocrx_word' id='word_1_121' title='bbox 947 1825 1082 1880; x_wconf 90' lang='lat' dir='ltr'><strong>adeo</strong></span> <span class='ocrx_word' id='word_1_122' title='bbox 1095 1833 1157 1878; x_wconf 91' lang='lat' dir='ltr'><strong>ut</strong></span> <span class='ocrx_word' id='word_1_123' title='bbox 1181 1822 1337 1879; x_wconf 88' lang='lat' dir='ltr'><strong>multi</strong></span> <span class='ocrx_word' id='word_1_124' title='bbox 1362 1824 1502 1880; x_wconf 75' lang='lat' dir='ltr'><strong>fame</strong></span> <span class='ocrx_word' id='word_1_125' title='bbox 1522 1824 1757 1883; x_wconf 80' lang='lat' dir='ltr'><strong>confecti</strong></span> 
     </span>
    </p>
   </div>
   <div class='ocr_carea' id='block_1_19' title="bbox 1861 633 3444 707">
    <p class='ocr_par' dir='ltr' id='par_1_19' title="bbox 1861 633 3444 707">
     <span class='ocr_line' id='line_1_19' title="bbox 1861 633 3444 707; baseline -0.001 -15"><span class='ocrx_word' id='word_1_126' title='bbox 1861 637 1936 692; x_wconf 91' lang='lat' dir='ltr'><strong>lat</strong></span> <span class='ocrx_word' id='word_1_127' title='bbox 1958 652 2138 693; x_wconf 88' lang='lat' dir='ltr'><strong>sermo</strong></span> <span class='ocrx_word' id='word_1_128' title='bbox 2180 638 2392 693; x_wconf 85' lang='lat' dir='ltr'><strong>divinus</strong></span> <span class='ocrx_word' id='word_1_129' title='bbox 2438 637 3032 707; x_wconf 86' lang='lat' dir='ltr'><strong>superhabundantiae;</strong></span> <span class='ocrx_word' id='word_1_130' title='bbox 3093 635 3244 690; x_wconf 81' lang='lat' dir='ltr'><strong>verbi</strong></span> <span class='ocrx_word' id='word_1_131' title='bbox 3268 633 3444 706; x_wconf 85' lang='lat' dir='ltr'><strong>gratia</strong></span> 
     </span>
    </p>
   </div>
   <div class='ocr_carea' id='block_1_20' title="bbox 1861 726 3444 798">
    <p class='ocr_par' dir='ltr' id='par_1_20' title="bbox 1861 726 3444 798">
     <span class='ocr_line' id='line_1_20' title="bbox 1861 726 3444 798; baseline -0.001 -15"><span class='ocrx_word' id='word_1_132' title='bbox 1861 737 1922 783; x_wconf 94' lang='lat' dir='ltr'><strong>ut</strong></span> <span class='ocrx_word' id='word_1_133' title='bbox 1944 728 2139 784; x_wconf 82' lang='lat' dir='ltr'><strong>hiemis</strong></span> <span class='ocrx_word' id='word_1_134' title='bbox 2164 737 2410 798; x_wconf 88' lang='lat' dir='ltr'><strong>tempore</strong></span> <span class='ocrx_word' id='word_1_135' title='bbox 2435 729 2625 783; x_wconf 90' lang='lat' dir='ltr'><strong>demus</strong></span> <span class='ocrx_word' id='word_1_136' title='bbox 2649 727 2836 783; x_wconf 82' lang='lat' dir='ltr'><strong>decem</strong></span> <span class='ocrx_word' id='word_1_137' title='bbox 2865 727 3076 782; x_wconf 79' lang='lat' dir='ltr'><strong>modios</strong></span> <span class='ocrx_word' id='word_1_138' title='bbox 3111 726 3247 781; x_wconf 86' lang='lat' dir='ltr'><strong>etin</strong></span> <span class='ocrx_word' id='word_1_139' title='bbox 3265 736 3444 782; x_wconf 83' lang='lat' dir='ltr'><strong>messe</strong></span> 
     </span>
    </p>
   </div>
   <div class='ocr_carea' id='block_1_21' title="bbox 1862 816 3447 891">
    <p class='ocr_par' dir='ltr' id='par_1_21' title="bbox 1862 816 3447 891">
     <span class='ocr_line' id='line_1_21' title="bbox 1862 816 3447 891; baseline -0.002 -15"><span class='ocrx_word' id='word_1_140' title='bbox 1862 816 2184 891; x_wconf 83' lang='lat' dir='ltr'><strong>recipiamus</strong></span> <span class='ocrx_word' id='word_1_141' title='bbox 2211 819 2540 889; x_wconf 83' lang='lat' dir='ltr'><strong>quindecim,</strong></span> <span class='ocrx_word' id='word_1_142' title='bbox 2581 819 2686 874; x_wconf 90' lang='lat' dir='ltr'><strong>hoc</strong></span> <span class='ocrx_word' id='word_1_143' title='bbox 2706 825 2791 873; x_wconf 88' lang='lat' dir='ltr'><strong>est</strong></span> <span class='ocrx_word' id='word_1_144' title='bbox 2821 817 3054 887; x_wconf 86' lang='lat' dir='ltr'><strong>amplius</strong></span> <span class='ocrx_word' id='word_1_145' title='bbox 3090 825 3303 887; x_wconf 81' lang='lat' dir='ltr'><strong>partem</strong></span> <span class='ocrx_word' id='word_1_146' title='bbox 3330 832 3447 873; x_wconf 82' lang='lat' dir='ltr'><strong>me-</strong></span> 
     </span>
    </p>
   </div>
   <div class='ocr_carea' id='block_1_22' title="bbox 1861 904 3448 981">
    <p class='ocr_par' dir='ltr' id='par_1_22' title="bbox 1861 904 3448 981">
     <span class='ocr_line' id='line_1_22' title="bbox 1861 904 3448 981; baseline 0 -14"><span class='ocrx_word' id='word_1_147' title='bbox 1861 912 2005 967; x_wconf 88' lang='lat' dir='ltr'><strong>diam</strong></span> <span class='ocrx_word' id='word_1_148' title='bbox 2023 929 2037 975; x_wconf 90' lang='lat'><strong>;</strong></span> <span class='ocrx_word' id='word_1_149' title='bbox 2057 910 2150 981; x_wconf 92' lang='lat' dir='ltr'><strong>qui</strong></span> <span class='ocrx_word' id='word_1_150' title='bbox 2164 904 2518 965; x_wconf 83' lang='lat' dir='ltr'><strong>iustissimum</strong></span> <span class='ocrx_word' id='word_1_151' title='bbox 2532 924 2591 964; x_wconf 90' lang='lat' dir='ltr'><strong>se</strong></span> <span class='ocrx_word' id='word_1_152' title='bbox 2611 909 2902 979; x_wconf 86' lang='lat' dir='ltr'><strong>putaverit,</strong></span> <span class='ocrx_word' id='word_1_153' title='bbox 2915 916 3163 978; x_wconf 84' lang='lat' dir='ltr'><strong>quartam</strong></span> <span class='ocrx_word' id='word_1_154' title='bbox 3174 907 3296 980; x_wconf 88' lang='lat' dir='ltr'><strong>plus</strong></span> <span class='ocrx_word' id='word_1_155' title='bbox 3308 911 3448 967; x_wconf 79' lang='lat' dir='ltr'><strong>acci-</strong></span> 
     </span>
    </p>
   </div>
   <div class='ocr_carea' id='block_1_23' title="bbox 1858 998 3446 1079">
    <p class='ocr_par' dir='ltr' id='par_1_23' title="bbox 1858 998 3446 1079">
     <span class='ocr_line' id='line_1_23' title="bbox 1858 998 3446 1079; baseline -0.001 -20"><span class='ocrx_word' id='word_1_156' title='bbox 1858 998 1971 1075; x_wconf 73' lang='lat' dir='ltr'><strong>piet</strong></span> <span class='ocrx_word' id='word_1_157' title='bbox 1991 998 2315 1074; x_wconf 81' lang='lat' dir='ltr'><strong>portionem.</strong></span> <span class='ocrx_word' id='word_1_158' title='bbox 2332 1002 2399 1057; x_wconf 89' lang='lat' dir='ltr'><strong>Et</strong></span> <span class='ocrx_word' id='word_1_159' title='bbox 2419 1003 2595 1058; x_wconf 84' lang='lat' dir='ltr'><strong>solent</strong></span> <span class='ocrx_word' id='word_1_160' title='bbox 2620 1000 2984 1079; x_wconf 65' lang='lat' dir='ltr'><strong>argumentari</strong></span> <span class='ocrx_word' id='word_1_161' title='bbox 3008 1007 3067 1055; x_wconf 92' lang='lat' dir='ltr'><strong>et</strong></span> <span class='ocrx_word' id='word_1_162' title='bbox 3086 1000 3265 1056; x_wconf 87' lang='lat' dir='ltr'><strong>dicere</strong></span> <span class='ocrx_word' id='word_1_163' title='bbox 3280 1016 3296 1056; x_wconf 91' lang='lat'><strong>:</strong></span> <span class='ocrx_word' id='word_1_164' title='bbox 3312 1002 3446 1058; x_wconf 85' lang='lat' dir='ltr'><strong>Dedi</strong></span> 
     </span>
    </p>
   </div>
   <div class='ocr_carea' id='block_1_24' title="bbox 1860 1080 3447 1163">
    <p class='ocr_par' dir='ltr' id='par_1_24' title="bbox 1860 1080 3447 1163">
     <span class='ocr_line' id='line_1_24' title="bbox 1860 1080 3447 1163; baseline 0 -14"><span class='ocrx_word' id='word_1_165' title='bbox 1860 1110 2026 1149; x_wconf 91' lang='lat' dir='ltr'><strong>unum</strong></span> <span class='ocrx_word' id='word_1_166' title='bbox 2051 1086 2287 1151; x_wconf 80' lang='lat' dir='ltr'><strong>modiiim</strong></span> <span class='ocrx_word' id='word_1_167' title='bbox 2315 1092 2407 1163; x_wconf 88' lang='lat' dir='ltr'><strong>qui</strong></span> <span class='ocrx_word' id='word_1_168' title='bbox 2442 1100 2592 1148; x_wconf 86' lang='lat' dir='ltr'><strong>satus</strong></span> <span class='ocrx_word' id='word_1_169' title='bbox 2617 1080 2747 1147; x_wconf 79' lang='lat' dir='ltr'><strong>iecit</strong></span> <span class='ocrx_word' id='word_1_170' title='bbox 2790 1091 2976 1147; x_wconf 87' lang='lat' dir='ltr'><strong>decem</strong></span> <span class='ocrx_word' id='word_1_171' title='bbox 3010 1092 3241 1158; x_wconf 86' lang='lat' dir='ltr'><strong>modios,</strong></span> <span class='ocrx_word' id='word_1_172' title='bbox 3265 1108 3447 1149; x_wconf 85' lang='lat' dir='ltr'><strong>nonne</strong></span> 
     </span>
    </p>
   </div>
   <div class='ocr_carea' id='block_1_25' title="bbox 1861 1177 3445 1254">
    <p class='ocr_par' dir='ltr' id='par_1_25' title="bbox 1861 1177 3445 1254">
     <span class='ocr_line' id='line_1_25' title="bbox 1861 1177 3445 1254; baseline -0.001 -15"><span class='ocrx_word' id='word_1_173' title='bbox 1861 1184 2061 1239; x_wconf 88' lang='lat' dir='ltr'><strong>iustum</strong></span> <span class='ocrx_word' id='word_1_174' title='bbox 2088 1192 2172 1239; x_wconf 89' lang='lat' dir='ltr'><strong>est</strong></span> <span class='ocrx_word' id='word_1_175' title='bbox 2190 1177 2251 1238; x_wconf 86' lang='lat' dir='ltr'><strong>ut</strong></span> <span class='ocrx_word' id='word_1_176' title='bbox 2271 1183 2506 1254; x_wconf 86' lang='lat' dir='ltr'><strong>medium</strong></span> <span class='ocrx_word' id='word_1_177' title='bbox 2524 1177 2768 1238; x_wconf 71' lang='lat' dir='ltr'><strong>modium</strong></span> <span class='ocrx_word' id='word_1_178' title='bbox 2786 1182 2854 1236; x_wconf 88' lang='lat' dir='ltr'><strong>de</strong></span> <span class='ocrx_word' id='word_1_179' title='bbox 2879 1196 3001 1236; x_wconf 88' lang='lat' dir='ltr'><strong>meo</strong></span> <span class='ocrx_word' id='word_1_180' title='bbox 3021 1181 3142 1250; x_wconf 89' lang='lat' dir='ltr'><strong>plus</strong></span> <span class='ocrx_word' id='word_1_181' title='bbox 3156 1182 3445 1252; x_wconf 87' lang='lat' dir='ltr'><strong>accipiam,</strong></span> 
     </span>
    </p>
   </div>
   <div class='ocr_carea' id='block_1_26' title="bbox 1860 1272 3444 1330">
    <p class='ocr_par' dir='ltr' id='par_1_26' title="bbox 1860 1272 3444 1330">
     <span class='ocr_line' id='line_1_26' title="bbox 1860 1272 3444 1330; baseline 0 -1"><span class='ocrx_word' id='word_1_182' title='bbox 1860 1288 1984 1329; x_wconf 89' lang='lat' dir='ltr'><strong>cum</strong></span> <span class='ocrx_word' id='word_1_183' title='bbox 2011 1273 2103 1330; x_wconf 91' lang='lat' dir='ltr'><strong>ille</strong></span> <span class='ocrx_word' id='word_1_184' title='bbox 2122 1274 2241 1329; x_wconf 81' lang='lat' dir='ltr'><strong>mea</strong></span> <span class='ocrx_word' id='word_1_185' title='bbox 2279 1273 2530 1329; x_wconf 85' lang='lat' dir='ltr'><strong>libertate</strong></span> <span class='ocrx_word' id='word_1_186' title='bbox 2570 1288 2766 1328; x_wconf 82' lang='lat' dir='ltr'><strong>novem</strong></span> <span class='ocrx_word' id='word_1_187' title='bbox 2809 1280 2865 1328; x_wconf 88' lang='lat' dir='ltr'><strong>et</strong></span> <span class='ocrx_word' id='word_1_188' title='bbox 2896 1273 3060 1327; x_wconf 88' lang='lat' dir='ltr'><strong>semis</strong></span> <span class='ocrx_word' id='word_1_189' title='bbox 3094 1272 3161 1328; x_wconf 89' lang='lat' dir='ltr'><strong>de</strong></span> <span class='ocrx_word' id='word_1_190' title='bbox 3193 1288 3317 1329; x_wconf 88' lang='lat' dir='ltr'><strong>meo</strong></span> <span class='ocrx_word' id='word_1_191' title='bbox 3344 1273 3444 1329; x_wconf 78' lang='lat' dir='ltr'><strong>lia—</strong></span> 
     </span>
    </p>
   </div>
   <div class='ocr_carea' id='block_1_27' title="bbox 1860 1362 3449 1443">
    <p class='ocr_par' dir='ltr' id='par_1_27' title="bbox 1860 1362 3449 1443">
     <span class='ocr_line' id='line_1_27' title="bbox 1860 1362 3449 1443; baseline 0 -24"><span class='ocrx_word' id='word_1_192' title='bbox 1860 1365 2026 1443; x_wconf 84' lang='lat' dir='ltr'><strong>beat?</strong></span> <span class='ocrx_word' id='word_1_193' title='bbox 2064 1364 2243 1420; x_wconf 78' lang='lat' dir='ltr'><strong>Nolite</strong></span> <span class='ocrx_word' id='word_1_194' title='bbox 2267 1381 2446 1418; x_wconf 85' lang='lat' dir='ltr'><strong>errare</strong></span> <span class='ocrx_word' id='word_1_195' title='bbox 2478 1362 2666 1435; x_wconf 90' lang='lat' dir='ltr'><strong>inquid</strong></span> <span class='ocrx_word' id='word_1_196' title='bbox 2692 1363 2967 1433; x_wconf 86' lang='lat' dir='ltr'><strong>apostolus</strong></span> <span class='ocrx_word' id='word_1_197' title='bbox 2991 1362 3131 1418; x_wconf 87' lang='lat' dir='ltr'><strong>Deus</strong></span> <span class='ocrx_word' id='word_1_198' title='bbox 3171 1380 3277 1419; x_wconf 86' lang='lat' dir='ltr'><strong>non</strong></span> <span class='ocrx_word' id='word_1_199' title='bbox 3315 1364 3449 1419; x_wconf 81' lang='lat' dir='ltr'><strong>inri-</strong></span> 
     </span>
    </p>
   </div>
   <div class='ocr_carea' id='block_1_28' title="bbox 1856 1448 3447 1526">
    <p class='ocr_par' dir='ltr' id='par_1_28' title="bbox 1856 1448 3447 1526">
     <span class='ocr_line' id='line_1_28' title="bbox 1856 1448 3447 1526; baseline 0.001 -16"><span class='ocrx_word' id='word_1_200' title='bbox 1856 1448 2029 1511; x_wconf 72' lang='lat' dir='ltr'><strong>detur;</strong></span> <span class='ocrx_word' id='word_1_201' title='bbox 2068 1455 2410 1526; x_wconf 84' lang='lat' dir='ltr'><strong>Respondeat</strong></span> <span class='ocrx_word' id='word_1_202' title='bbox 2446 1455 2605 1510; x_wconf 90' lang='lat' dir='ltr'><strong>nobis</strong></span> <span class='ocrx_word' id='word_1_203' title='bbox 2643 1454 2880 1510; x_wconf 81' lang='lat' dir='ltr'><strong>breviter</strong></span> <span class='ocrx_word' id='word_1_204' title='bbox 2925 1454 3198 1511; x_wconf 82' lang='lat' dir='ltr'><strong>fenerator</strong></span> <span class='ocrx_word' id='word_1_205' title='bbox 3229 1457 3447 1521; x_wconf 83' lang='lat' dir='ltr'><strong>miseri-</strong></span> 
     </span>
    </p>
   </div>
   <div class='ocr_carea' id='block_1_29' title="bbox 1859 1544 3449 1614">
    <p class='ocr_par' dir='ltr' id='par_1_29' title="bbox 1859 1544 3449 1614">
     <span class='ocr_line' id='line_1_29' title="bbox 1859 1544 3449 1614; baseline 0 -10"><span class='ocrx_word' id='word_1_206' title='bbox 1859 1563 2001 1612; x_wconf 86' lang='lat' dir='ltr'><strong>cors,</strong></span> <span class='ocrx_word' id='word_1_207' title='bbox 2049 1556 2233 1604; x_wconf 90' lang='lat' dir='ltr'><strong>utrum</strong></span> <span class='ocrx_word' id='word_1_208' title='bbox 2274 1547 2498 1606; x_wconf 88' lang='lat' dir='ltr'><strong>babenti</strong></span> <span class='ocrx_word' id='word_1_209' title='bbox 2542 1544 2770 1614; x_wconf 76' lang='lat' dir='ltr'><strong>dederit,</strong></span> <span class='ocrx_word' id='word_1_210' title='bbox 2798 1563 2867 1602; x_wconf 89' lang='lat' dir='ltr'><strong>an</strong></span> <span class='ocrx_word' id='word_1_211' title='bbox 2895 1548 3303 1605; x_wconf 86' lang='lat' dir='ltr'><strong>nonhabenti?</strong></span> <span class='ocrx_word' id='word_1_212' title='bbox 3338 1549 3449 1604; x_wconf 82' lang='lat' dir='ltr'><strong>Ha-</strong></span> 
     </span>
    </p>
   </div>
   <div class='ocr_carea' id='block_1_30' title="bbox 1859 1638 3448 1710">
    <p class='ocr_par' dir='ltr' id='par_1_30' title="bbox 1859 1638 3448 1710">
     <span class='ocr_line' id='line_1_30' title="bbox 1859 1638 3448 1710; baseline 0 -14"><span class='ocrx_word' id='word_1_213' title='bbox 1859 1639 2007 1696; x_wconf 86' lang='lat' dir='ltr'><strong>benti</strong></span> <span class='ocrx_word' id='word_1_214' title='bbox 2032 1638 2220 1710; x_wconf 87' lang='lat' dir='ltr'><strong>utique</strong></span> <span class='ocrx_word' id='word_1_215' title='bbox 2244 1640 2372 1696; x_wconf 87' lang='lat' dir='ltr'><strong>dare</strong></span> <span class='ocrx_word' id='word_1_216' title='bbox 2397 1654 2505 1694; x_wconf 91' lang='lat' dir='ltr'><strong>non</strong></span> <span class='ocrx_word' id='word_1_217' title='bbox 2534 1639 2824 1705; x_wconf 68' lang='lat' dir='ltr'><strong>debuerat;</strong></span> <span class='ocrx_word' id='word_1_218' title='bbox 2855 1639 2950 1694; x_wconf 89' lang='lat' dir='ltr'><strong>sed</strong></span> <span class='ocrx_word' id='word_1_219' title='bbox 2976 1639 3123 1694; x_wconf 88' lang='lat' dir='ltr'><strong>dedit</strong></span> <span class='ocrx_word' id='word_1_220' title='bbox 3147 1639 3299 1707; x_wconf 89' lang='lat' dir='ltr'><strong>quasi</strong></span> <span class='ocrx_word' id='word_1_221' title='bbox 3335 1653 3448 1696; x_wconf 87' lang='lat' dir='ltr'><strong>non</strong></span> 
     </span>
    </p>
   </div>
   <div class='ocr_carea' id='block_1_31' title="bbox 1860 1727 3453 1800">
    <p class='ocr_par' dir='ltr' id='par_1_31' title="bbox 1860 1727 3453 1800">
     <span class='ocr_line' id='line_1_31' title="bbox 1860 1727 3453 1800; baseline 0.001 -17"><span class='ocrx_word' id='word_1_222' title='bbox 1860 1727 2115 1795; x_wconf 89' lang='lat' dir='ltr'><strong>habenti;</strong></span> <span class='ocrx_word' id='word_1_223' title='bbox 2148 1743 2277 1800; x_wconf 84' lang='lat' dir='ltr'><strong>ergo</strong></span> <span class='ocrx_word' id='word_1_224' title='bbox 2299 1742 2466 1799; x_wconf 89' lang='lat' dir='ltr'><strong>quare</strong></span> <span class='ocrx_word' id='word_1_225' title='bbox 2493 1727 2616 1798; x_wconf 92' lang='lat' dir='ltr'><strong>plus</strong></span> <span class='ocrx_word' id='word_1_226' title='bbox 2659 1728 2860 1798; x_wconf 81' lang='lat' dir='ltr'><strong>exigit?</strong></span> <span class='ocrx_word' id='word_1_227' title='bbox 2889 1727 3046 1797; x_wconf 85' lang='lat' dir='ltr'><strong>quasi</strong></span> <span class='ocrx_word' id='word_1_228' title='bbox 3087 1729 3157 1783; x_wconf 90' lang='lat' dir='ltr'><strong>ab</strong></span> <span class='ocrx_word' id='word_1_229' title='bbox 3179 1727 3453 1785; x_wconf 69' lang='lat' dir='ltr'><strong>habente?</strong></span> 
     </span>
    </p>
   </div>
   <div class='ocr_carea' id='block_1_32' title="bbox 1860 1817 3453 1891">
    <p class='ocr_par' dir='ltr' id='par_1_32' title="bbox 1860 1817 3453 1891">
     <span class='ocr_line' id='line_1_32' title="bbox 1860 1817 3453 1891; baseline 0.001 -16"><span class='ocrx_word' id='word_1_230' title='bbox 1860 1818 1964 1875; x_wconf 86' lang='lat' dir='ltr'><strong>Alii</strong></span> <span class='ocrx_word' id='word_1_231' title='bbox 1989 1822 2090 1891; x_wconf 85' lang='lat' dir='ltr'><strong>pro</strong></span> <span class='ocrx_word' id='word_1_232' title='bbox 2118 1821 2348 1890; x_wconf 88' lang='lat' dir='ltr'><strong>pecunia</strong></span> <span class='ocrx_word' id='word_1_233' title='bbox 2373 1817 2617 1877; x_wconf 82' lang='lat' dir='ltr'><strong>fenerata</strong></span> <span class='ocrx_word' id='word_1_234' title='bbox 2655 1818 2834 1876; x_wconf 89' lang='lat' dir='ltr'><strong>solent</strong></span> <span class='ocrx_word' id='word_1_235' title='bbox 2854 1818 3175 1874; x_wconf 85' lang='lat' dir='ltr'><strong>munuscula</strong></span> <span class='ocrx_word' id='word_1_236' title='bbox 3202 1818 3453 1889; x_wconf 77' lang='lat' dir='ltr'><strong>accipere</strong></span> 
     </span>
    </p>
   </div>
   <div class='ocr_carea' id='block_1_33' title="bbox 160 1900 3450 1985">
    <p class='ocr_par' dir='ltr' id='par_1_33' title="bbox 160 1900 3450 1985">
     <span class='ocr_line' id='line_1_33' title="bbox 160 1900 3450 1985; baseline -0.001 -16"><span class='ocrx_word' id='word_1_237' title='bbox 160 1912 411 1985; x_wconf 60' lang='lat' dir='ltr'><strong>pereant,</strong></span> <span class='ocrx_word' id='word_1_238' title='bbox 446 1912 609 1977; x_wconf 79' lang='lat' dir='ltr'><strong>multi</strong></span> <span class='ocrx_word' id='word_1_239' title='bbox 628 1913 794 1967; x_wconf 90' lang='lat' dir='ltr'><strong>etiam</strong></span> <span class='ocrx_word' id='word_1_240' title='bbox 836 1913 1073 1984; x_wconf 85' lang='lat' dir='ltr'><strong>propriis</strong></span> <span class='ocrx_word' id='word_1_241' title='bbox 1106 1913 1378 1970; x_wconf 81' lang='lat' dir='ltr'><strong>derelictis</strong></span> <span class='ocrx_word' id='word_1_242' title='bbox 1417 1914 1622 1971; x_wconf 86' lang='lat' dir='ltr'><strong>alienas</strong></span> <span class='ocrx_word' id='word_1_243' title='bbox 1648 1924 1759 1971; x_wconf 88' lang='lat' dir='ltr'><strong>ter-</strong></span> <span class='ocrx_word' id='word_1_244' title='bbox 1787 1900 1834 1962; x_wconf 87' lang='lat' dir='ltr'><strong>B</strong></span> <span class='ocrx_word' id='word_1_245' title='bbox 1865 1912 2061 1968; x_wconf 63' lang='grc' dir='ltr'><strong>(ἤνειςί</strong></span> <span class='ocrx_word' id='word_1_246' title='bbox 2092 1911 2324 1982; x_wconf 73' lang='lat' dir='ltr'><strong>generis;</strong></span> <span class='ocrx_word' id='word_1_247' title='bbox 2355 1918 2410 1966; x_wconf 92' lang='lat' dir='ltr'><strong>et</strong></span> <span class='ocrx_word' id='word_1_248' title='bbox 2432 1925 2538 1967; x_wconf 89' lang='lat' dir='ltr'><strong>non</strong></span> <span class='ocrx_word' id='word_1_249' title='bbox 2573 1910 2889 1982; x_wconf 85' lang='lat' dir='ltr'><strong>intellegunt</strong></span> <span class='ocrx_word' id='word_1_250' title='bbox 2926 1925 3148 1965; x_wconf 90' lang='lat' dir='ltr'><strong>usuram</strong></span> <span class='ocrx_word' id='word_1_251' title='bbox 3184 1909 3450 1980; x_wconf 85' lang='lat' dir='ltr'><strong>appellari</strong></span> 
     </span>
    </p>
   </div>
   <div class='ocr_carea' id='block_1_34' title="bbox 161 2000 1760 2074">
    <p class='ocr_par' dir='ltr' id='par_1_34' title="bbox 161 2000 1760 2074">
     <span class='ocr_line' id='line_1_34' title="bbox 161 2000 1760 2074; baseline -0.001 -14"><span class='ocrx_word' id='word_1_252' title='bbox 161 2019 256 2060; x_wconf 84' lang='lat' dir='ltr'><strong>ras</strong></span> <span class='ocrx_word' id='word_1_253' title='bbox 288 2003 313 2035; x_wconf 84' lang='grc'>³</span> <span class='ocrx_word' id='word_1_254' title='bbox 344 2009 631 2072; x_wconf 72' lang='lat' dir='ltr'><strong>expetant;</strong></span> <span class='ocrx_word' id='word_1_255' title='bbox 660 2002 717 2056; x_wconf 88' lang='lat' dir='ltr'><strong>in</strong></span> <span class='ocrx_word' id='word_1_256' title='bbox 743 2001 1174 2074; x_wconf 85' lang='lat' dir='ltr'><strong>quibuscumque</strong></span> <span class='ocrx_word' id='word_1_257' title='bbox 1200 2000 1334 2058; x_wconf 88' lang='lat' dir='ltr'><strong>locis</strong></span> <span class='ocrx_word' id='word_1_258' title='bbox 1366 2002 1503 2059; x_wconf 86' lang='lat' dir='ltr'><strong>haec</strong></span> <span class='ocrx_word' id='word_1_259' title='bbox 1541 2003 1658 2058; x_wconf 74' lang='lat' dir='ltr'><strong>fieri</strong></span> <span class='ocrx_word' id='word_1_260' title='bbox 1684 2003 1760 2059; x_wconf 88' lang='lat' dir='ltr'><strong>di-</strong></span> 
     </span>
    </p>
   </div>
   <div class='ocr_carea' id='block_1_35' title="bbox 160 2091 1756 2165">
    <p class='ocr_par' dir='ltr' id='par_1_35' title="bbox 160 2091 1756 2165">
     <span class='ocr_line' id='line_1_35' title="bbox 160 2091 1756 2165; baseline -0.001 -14"><span class='ocrx_word' id='word_1_261' title='bbox 160 2094 418 2156; x_wconf 63' lang='lat' dir='ltr'><strong>ieimus,</strong></span> <span class='ocrx_word' id='word_1_262' title='bbox 450 2106 519 2147; x_wconf 87' lang='lat' dir='ltr'><strong>ne</strong></span> <span class='ocrx_word' id='word_1_263' title='bbox 551 2091 782 2147; x_wconf 90' lang='lat' dir='ltr'><strong>ulterius</strong></span> <span class='ocrx_word' id='word_1_264' title='bbox 818 2091 973 2146; x_wconf 80' lang='lat' dir='ltr'><strong>ﬁeret</strong></span> <span class='ocrx_word' id='word_1_265' title='bbox 1012 2107 1135 2147; x_wconf 89' lang='lat' dir='ltr'><strong>cum</strong></span> <span class='ocrx_word' id='word_1_266' title='bbox 1178 2091 1383 2165; x_wconf 78' lang='lat' dir='ltr'><strong>ingenti</strong></span> <span class='ocrx_word' id='word_1_267' title='bbox 1426 2092 1448 2125; x_wconf 72' lang='grc' dir='ltr'>δ</span> <span class='ocrx_word' id='word_1_268' title='bbox 1487 2102 1756 2165; x_wconf 64' lang='lat' dir='ltr'><strong>protestal-</strong></span> 
     </span>
    </p>
   </div>
   <div class='ocr_carea' id='block_1_36' title="bbox 162 2182 1757 2261">
    <p class='ocr_par' dir='ltr' id='par_1_36' title="bbox 162 2182 1757 2261">
     <span class='ocr_line' id='line_1_36' title="bbox 162 2182 1757 2261; baseline 0.003 -23"><span class='ocrx_word' id='word_1_269' title='bbox 162 2186 315 2243; x_wconf 70' lang='lat' dir='ltr'><strong>tione</strong></span> <span class='ocrx_word' id='word_1_270' title='bbox 365 2184 545 2261; x_wconf 77' lang='lat' dir='ltr'><strong>modis</strong></span> <span class='ocrx_word' id='word_1_271' title='bbox 575 2182 827 2261; x_wconf 78' lang='lat' dir='ltr'><strong>omnibus</strong></span> <span class='ocrx_word' id='word_1_272' title='bbox 858 2182 1209 2249; x_wconf 88' lang='lat' dir='ltr'><strong>inbibuimus,</strong></span> <span class='ocrx_word' id='word_1_273' title='bbox 1256 2185 1598 2241; x_wconf 83' lang='lat' dir='ltr'><strong>attendentes</strong></span> <span class='ocrx_word' id='word_1_274' title='bbox 1626 2183 1757 2243; x_wconf 85' lang='lat' dir='ltr'><strong>illud</strong></span> 
     </span>
    </p>
   </div>
   <div class='ocr_carea' id='block_1_37' title="bbox 160 2265 1753 2357">
    <p class='ocr_par' dir='ltr' id='par_1_37' title="bbox 160 2265 1753 2357">
     <span class='ocr_line' id='line_1_37' title="bbox 160 2265 1753 2357; baseline -0.001 -23"><span class='ocrx_word' id='word_1_275' title='bbox 160 2278 311 2350; x_wconf 65' lang='lat' dir='ltr'><strong>quos</strong></span> <span class='ocrx_word' id='word_1_276' title='bbox 335 2277 397 2334; x_wconf 73' lang='lat' dir='ltr'><strong>in</strong></span> <span class='ocrx_word' id='word_1_277' title='bbox 413 2265 554 2334; x_wconf 59' lang='grc' dir='ltr'><strong>ιβιδ</strong></span> <span class='ocrx_word' id='word_1_278' title='bbox 575 2275 748 2331; x_wconf 78' lang='lat' dir='ltr'><strong>Exodi</strong></span> <span class='ocrx_word' id='word_1_279' title='bbox 773 2267 1033 2357; x_wconf 82' lang='lat' dir='ltr'><strong>Dominus</strong></span> <span class='ocrx_word' id='word_1_280' title='bbox 1074 2270 1175 2346; x_wconf 74' lang='lat' dir='ltr'><strong>&quot;per</strong></span> <span class='ocrx_word' id='word_1_281' title='bbox 1204 2274 1544 2347; x_wconf 75' lang='lat' dir='ltr'><strong>legislatures</strong></span> <span class='ocrx_word' id='word_1_282' title='bbox 1585 2277 1753 2333; x_wconf 88' lang='lat' dir='ltr'><strong>dicit:</strong></span> 
     </span>
    </p>
   </div>
   <div class='ocr_carea' id='block_1_38' title="bbox 164 2358 1757 2442">
    <p class='ocr_par' dir='ltr' id='par_1_38' title="bbox 164 2358 1757 2442">
     <span class='ocr_line' id='line_1_38' title="bbox 164 2358 1757 2442; baseline -0.001 -15"><span class='ocrx_word' id='word_1_283' title='bbox 164 2359 224 2427; x_wconf 68' lang='lat' dir='ltr'><strong>Si</strong></span> <span class='ocrx_word' id='word_1_284' title='bbox 249 2370 535 2442; x_wconf 58' lang='lat' dir='ltr'><strong>pecuniam</strong></span> <span class='ocrx_word' id='word_1_285' title='bbox 577 2377 726 2423; x_wconf 77' lang='lat' dir='ltr'><strong>tuam</strong></span> <span class='ocrx_word' id='word_1_286' title='bbox 767 2358 972 2423; x_wconf 75' lang='lat' dir='ltr'><strong>dederis</strong></span> <span class='ocrx_word' id='word_1_287' title='bbox 1012 2368 1206 2440; x_wconf 88' lang='lat' dir='ltr'><strong>populo</strong></span> <span class='ocrx_word' id='word_1_288' title='bbox 1248 2374 1361 2424; x_wconf 75' lang='lat' dir='ltr'><strong>meo</strong></span> <span class='ocrx_word' id='word_1_289' title='bbox 1400 2370 1618 2442; x_wconf 82' lang='lat' dir='ltr'><strong>pauperi</strong></span> <span class='ocrx_word' id='word_1_290' title='bbox 1665 2371 1757 2442; x_wconf 86' lang='lat' dir='ltr'><strong>qui</strong></span> 
     </span>
    </p>
   </div>
   <div class='ocr_carea' id='block_1_39' title="bbox 161 2458 1758 2530">
    <p class='ocr_par' dir='ltr' id='par_1_39' title="bbox 161 2458 1758 2530">
     <span class='ocr_line' id='line_1_39' title="bbox 161 2458 1758 2530; baseline 0 -15"><span class='ocrx_word' id='word_1_291' title='bbox 161 2461 364 2515; x_wconf 65' lang='lat' dir='ltr'><strong>habitat</strong></span> <span class='ocrx_word' id='word_1_292' title='bbox 388 2470 587 2525; x_wconf 55' lang='lat' dir='ltr'><strong>tecum,</strong></span> <span class='ocrx_word' id='word_1_293' title='bbox 605 2458 717 2514; x_wconf 63' lang='lat' dir='ltr'><strong>ian</strong></span> <span class='ocrx_word' id='word_1_294' title='bbox 741 2475 893 2530; x_wconf 78' lang='lat' dir='ltr'><strong>urges</strong></span> <span class='ocrx_word' id='word_1_295' title='bbox 918 2475 1036 2513; x_wconf 82' lang='lat' dir='ltr'><strong>eum</strong></span> <span class='ocrx_word' id='word_1_296' title='bbox 1064 2459 1217 2530; x_wconf 84' lang='lat' dir='ltr'><strong>quasi</strong></span> <span class='ocrx_word' id='word_1_297' title='bbox 1247 2469 1479 2524; x_wconf 73' lang='lat' dir='ltr'><strong>exactor,</strong></span> <span class='ocrx_word' id='word_1_298' title='bbox 1514 2477 1609 2515; x_wconf 85' lang='lat' dir='ltr'><strong>nec</strong></span> <span class='ocrx_word' id='word_1_299' title='bbox 1632 2479 1758 2517; x_wconf 88' lang='lat' dir='ltr'><strong>usu-</strong></span> 
     </span>
    </p>
   </div>
   <div class='ocr_carea' id='block_1_40' title="bbox 162 2544 1754 2622">
    <p class='ocr_par' dir='ltr' id='par_1_40' title="bbox 162 2544 1754 2622">
     <span class='ocr_line' id='line_1_40' title="bbox 162 2544 1754 2622; baseline 0.001 -17"><span class='ocrx_word' id='word_1_300' title='bbox 162 2544 235 2605; x_wconf 61' lang='lat' dir='ltr'><strong>t‘is</strong></span> <span class='ocrx_word' id='word_1_301' title='bbox 259 2546 543 2622; x_wconf 64' lang='lat' dir='ltr'><strong>obprimes.</strong></span> <span class='ocrx_word' id='word_1_302' title='bbox 586 2548 645 2605; x_wconf 82' lang='lat' dir='ltr'><strong>In</strong></span> <span class='ocrx_word' id='word_1_303' title='bbox 680 2549 821 2607; x_wconf 72' lang='lat' dir='ltr'><strong>libro</strong></span> <span class='ocrx_word' id='word_1_304' title='bbox 854 2562 1069 2619; x_wconf 86' lang='lat' dir='ltr'><strong>quoque</strong></span> <span class='ocrx_word' id='word_1_305' title='bbox 1094 2549 1318 2605; x_wconf 84' lang='lat' dir='ltr'><strong>Levitici</strong></span> <span class='ocrx_word' id='word_1_306' title='bbox 1351 2566 1366 2603; x_wconf 89' lang='lat'><strong>:</strong></span> <span class='ocrx_word' id='word_1_307' title='bbox 1411 2548 1472 2605; x_wconf 87' lang='lat' dir='ltr'><strong>Si</strong></span> <span class='ocrx_word' id='word_1_308' title='bbox 1506 2560 1754 2607; x_wconf 77' lang='lat' dir='ltr'><strong>attenua-</strong></span> 
     </span>
    </p>
   </div>
   <div class='ocr_carea' id='block_1_41' title="bbox 160 2638 1758 2715">
    <p class='ocr_par' dir='ltr' id='par_1_41' title="bbox 160 2638 1758 2715">
     <span class='ocr_line' id='line_1_41' title="bbox 160 2638 1758 2715; baseline 0.002 -19"><span class='ocrx_word' id='word_1_309' title='bbox 160 2638 247 2696; x_wconf 67' lang='lat' dir='ltr'><strong>tis</strong></span> <span class='ocrx_word' id='word_1_310' title='bbox 272 2642 295 2673; x_wconf 85' lang='lat'><strong>&#39;</strong></span> <span class='ocrx_word' id='word_1_311' title='bbox 331 2640 512 2711; x_wconf 71' lang='lat' dir='ltr'><strong>fuerat</strong></span> <span class='ocrx_word' id='word_1_312' title='bbox 541 2640 713 2710; x_wconf 89' lang='lat' dir='ltr'><strong>frater</strong></span> <span class='ocrx_word' id='word_1_313' title='bbox 743 2650 867 2696; x_wconf 74' lang='lat' dir='ltr'><strong>tuus</strong></span> <span class='ocrx_word' id='word_1_314' title='bbox 899 2649 951 2694; x_wconf 91' lang='lat' dir='ltr'><strong>et</strong></span> <span class='ocrx_word' id='word_1_315' title='bbox 972 2638 1200 2709; x_wconf 70' lang='lat' dir='ltr'><strong>inﬁrmis</strong></span> <span class='ocrx_word' id='word_1_316' title='bbox 1224 2657 1416 2706; x_wconf 84' lang='lat' dir='ltr'><strong>manu,</strong></span> <span class='ocrx_word' id='word_1_317' title='bbox 1444 2653 1494 2696; x_wconf 88' lang='lat' dir='ltr'><strong>et</strong></span> <span class='ocrx_word' id='word_1_318' title='bbox 1517 2660 1758 2715; x_wconf 84' lang='lat' dir='ltr'><strong>suscepe-</strong></span> 
     </span>
    </p>
   </div>
   <div class='ocr_carea' id='block_1_42' title="bbox 165 2726 1752 2803">
    <p class='ocr_par' dir='ltr' id='par_1_42' title="bbox 165 2726 1752 2803">
     <span class='ocr_line' id='line_1_42' title="bbox 165 2726 1752 2803; baseline 0.003 -18"><span class='ocrx_word' id='word_1_319' title='bbox 165 2733 236 2786; x_wconf 86' lang='lat' dir='ltr'><strong>ris</strong></span> <span class='ocrx_word' id='word_1_320' title='bbox 259 2747 378 2786; x_wconf 77' lang='lat' dir='ltr'><strong>eum</strong></span> <span class='ocrx_word' id='word_1_321' title='bbox 400 2732 559 2802; x_wconf 72' lang='lat' dir='ltr'><strong>quasi</strong></span> <span class='ocrx_word' id='word_1_322' title='bbox 592 2730 849 2785; x_wconf 72' lang='lat' dir='ltr'><strong>advenam</strong></span> <span class='ocrx_word' id='word_1_323' title='bbox 869 2740 920 2785; x_wconf 86' lang='lat' dir='ltr'><strong>et</strong></span> <span class='ocrx_word' id='word_1_324' title='bbox 940 2726 1271 2803; x_wconf 68' lang='lat' dir='ltr'><strong>peregrinum</strong></span> <span class='ocrx_word' id='word_1_325' title='bbox 1295 2740 1343 2785; x_wconf 81' lang='lat' dir='ltr'><strong>et</strong></span> <span class='ocrx_word' id='word_1_326' title='bbox 1360 2732 1543 2787; x_wconf 75' lang='lat' dir='ltr'><strong>vixerit</strong></span> <span class='ocrx_word' id='word_1_327' title='bbox 1563 2744 1752 2801; x_wconf 70' lang='lat' dir='ltr'><strong>tecum,</strong></span> 
     </span>
    </p>
   </div>
   <div class='ocr_carea' id='block_1_43' title="bbox 162 2814 1757 2896">
    <p class='ocr_par' dir='ltr' id='par_1_43' title="bbox 162 2814 1757 2896">
     <span class='ocr_line' id='line_1_43' title="bbox 162 2814 1757 2896; baseline 0.003 -19"><span class='ocrx_word' id='word_1_328' title='bbox 162 2822 516 2893; x_wconf 63' lang='lat' dir='ltr'><strong>donaccipias</strong></span> <span class='ocrx_word' id='word_1_329' title='bbox 541 2821 693 2896; x_wconf 79' lang='lat' dir='ltr'><strong>ab_eo</strong></span> <span class='ocrx_word' id='word_1_330' title='bbox 720 2836 969 2889; x_wconf 83' lang='lat' dir='ltr'><strong>usuram,</strong></span> <span class='ocrx_word' id='word_1_331' title='bbox 1009 2838 1104 2877; x_wconf 83' lang='lat' dir='ltr'><strong>nec</strong></span> <span class='ocrx_word' id='word_1_332' title='bbox 1129 2821 1356 2894; x_wconf 79' lang='lat' dir='ltr'><strong>amplius</strong></span> <span class='ocrx_word' id='word_1_333' title='bbox 1400 2840 1559 2896; x_wconf 79' lang='lat' dir='ltr'><strong>quam</strong></span> <span class='ocrx_word' id='word_1_334' title='bbox 1607 2814 1757 2882; x_wconf 82' lang='lat' dir='ltr'><strong>dedi-’-</strong></span> 
     </span>
    </p>
   </div>
   <div class='ocr_carea' id='block_1_44' title="bbox 162 2890 1753 2988">
    <p class='ocr_par' dir='ltr' id='par_1_44' title="bbox 162 2890 1753 2988">
     <span class='ocr_line' id='line_1_44' title="bbox 162 2890 1753 2988; baseline 0.001 -20"><span class='ocrx_word' id='word_1_335' title='bbox 162 2913 257 2968; x_wconf 65' lang='grc' dir='ltr'><strong>αἱ.</strong></span> <span class='ocrx_word' id='word_1_336' title='bbox 296 2890 447 2967; x_wconf 64' lang='lat' dir='ltr'><strong>Time</strong></span> <span class='ocrx_word' id='word_1_337' title='bbox 482 2890 648 2967; x_wconf 62' lang='lat' dir='ltr'><strong>Deum</strong></span> <span class='ocrx_word' id='word_1_338' title='bbox 688 2922 868 2980; x_wconf 81' lang='lat' dir='ltr'><strong>tuum,</strong></span> <span class='ocrx_word' id='word_1_339' title='bbox 904 2922 962 2968; x_wconf 81' lang='lat' dir='ltr'><strong>ut</strong></span> <span class='ocrx_word' id='word_1_340' title='bbox 1007 2914 1172 2970; x_wconf 71' lang='lat' dir='ltr'><strong>vim</strong></span> <span class='ocrx_word' id='word_1_341' title='bbox 1214 2890 1377 2988; x_wconf 76' lang='lat' dir='ltr'><strong>possit</strong></span> <span class='ocrx_word' id='word_1_342' title='bbox 1411 2890 1595 2986; x_wconf 33' lang='lat' dir='ltr'><strong>&#39;frater</strong></span> <span class='ocrx_word' id='word_1_343' title='bbox 1631 2929 1753 2972; x_wconf 83' lang='lat' dir='ltr'><strong>tuus</strong></span> 
     </span>
    </p>
   </div>
   <div class='ocr_carea' id='block_1_45' title="bbox 170 2996 1753 3076">
    <p class='ocr_par' dir='ltr' id='par_1_45' title="bbox 170 2996 1753 3076">
     <span class='ocr_line' id='line_1_45' title="bbox 170 2996 1753 3076; baseline 0.004 -21"><span class='ocrx_word' id='word_1_344' title='bbox 170 3003 315 3072; x_wconf 66' lang='grc' dir='ltr'><strong>ὀρυά</strong></span> <span class='ocrx_word' id='word_1_345' title='bbox 354 3011 426 3055; x_wconf 87' lang='lat' dir='ltr'><strong>te.</strong></span> <span class='ocrx_word' id='word_1_346' title='bbox 461 3002 530 3056; x_wconf 80' lang='lat' dir='ltr'><strong>Et</strong></span> <span class='ocrx_word' id='word_1_347' title='bbox 553 3003 608 3056; x_wconf 89' lang='lat' dir='ltr'><strong>in</strong></span> <span class='ocrx_word' id='word_1_348' title='bbox 629 3001 767 3059; x_wconf 85' lang='lat' dir='ltr'><strong>libro</strong></span> <span class='ocrx_word' id='word_1_349' title='bbox 794 3002 1246 3061; x_wconf 76' lang='lat' dir='ltr'><strong>Deuteronomiit</strong></span> <span class='ocrx_word' id='word_1_350' title='bbox 1304 2996 1367 3062; x_wconf 77' lang='lat' dir='ltr'><strong>Si</strong></span> <span class='ocrx_word' id='word_1_351' title='bbox 1408 3014 1547 3059; x_wconf 82' lang='lat' dir='ltr'><strong>unus</strong></span> <span class='ocrx_word' id='word_1_352' title='bbox 1578 3006 1753 3076; x_wconf 86' lang='lat' dir='ltr'><strong>inquit</strong></span> 
     </span>
    </p>
   </div>
   <div class='ocr_carea' id='block_1_46' title="bbox 172 3086 1751 3168">
    <p class='ocr_par' dir='ltr' id='par_1_46' title="bbox 172 3086 1751 3168">
     <span class='ocr_line' id='line_1_46' title="bbox 172 3086 1751 3168; baseline 0.004 -21"><span class='ocrx_word' id='word_1_353' title='bbox 172 3086 242 3147; x_wconf 59' lang='lat' dir='ltr'><strong>Ie</strong></span> <span class='ocrx_word' id='word_1_354' title='bbox 268 3092 526 3163; x_wconf 79' lang='lat' dir='ltr'><strong>fratribus</strong></span> <span class='ocrx_word' id='word_1_355' title='bbox 563 3095 660 3149; x_wconf 79' lang='lat' dir='ltr'><strong>tuis</strong></span> <span class='ocrx_word' id='word_1_356' title='bbox 693 3095 784 3165; x_wconf 85' lang='lat' dir='ltr'><strong>qui</strong></span> <span class='ocrx_word' id='word_1_357' title='bbox 809 3105 1085 3150; x_wconf 74' lang='lat' dir='ltr'><strong>morantur</strong></span> <span class='ocrx_word' id='word_1_358' title='bbox 1119 3092 1263 3151; x_wconf 67' lang='lat' dir='ltr'><strong>intra</strong></span> <span class='ocrx_word' id='word_1_359' title='bbox 1301 3108 1479 3168; x_wconf 85' lang='lat' dir='ltr'><strong>portas</strong></span> <span class='ocrx_word' id='word_1_360' title='bbox 1524 3099 1751 3155; x_wconf 79' lang='lat' dir='ltr'><strong>civitatis</strong></span> 
     </span>
    </p>
   </div>
   <div class='ocr_carea' id='block_1_47' title="bbox 169 3186 1750 3257">
    <p class='ocr_par' dir='ltr' id='par_1_47' title="bbox 169 3186 1750 3257">
     <span class='ocr_line' id='line_1_47' title="bbox 169 3186 1750 3257; baseline 0.004 -18"><span class='ocrx_word' id='word_1_361' title='bbox 169 3193 295 3239; x_wconf 78' lang='lat' dir='ltr'><strong>tuae</strong></span> <span class='ocrx_word' id='word_1_362' title='bbox 338 3186 397 3240; x_wconf 81' lang='lat' dir='ltr'><strong>in</strong></span> <span class='ocrx_word' id='word_1_363' title='bbox 438 3195 580 3240; x_wconf 84' lang='lat' dir='ltr'><strong>terra</strong></span> <span class='ocrx_word' id='word_1_364' title='bbox 617 3203 774 3257; x_wconf 83' lang='lat' dir='ltr'><strong>quam</strong></span> <span class='ocrx_word' id='word_1_365' title='bbox 818 3187 1063 3242; x_wconf 70' lang='lat' dir='ltr'><strong>dominus</strong></span> <span class='ocrx_word' id='word_1_366' title='bbox 1095 3187 1234 3242; x_wconf 86' lang='lat' dir='ltr'><strong>Deus</strong></span> <span class='ocrx_word' id='word_1_367' title='bbox 1276 3196 1399 3244; x_wconf 83' lang='lat' dir='ltr'><strong>tuus</strong></span> <span class='ocrx_word' id='word_1_368' title='bbox 1423 3190 1645 3244; x_wconf 71' lang='lat' dir='ltr'><strong>daturus</strong></span> <span class='ocrx_word' id='word_1_369' title='bbox 1673 3199 1750 3246; x_wconf 88' lang='lat' dir='ltr'><strong>est</strong></span> 
     </span>
    </p>
   </div>
   <div class='ocr_carea' id='block_1_48' title="bbox 1860 1996 3451 2073">
    <p class='ocr_par' dir='ltr' id='par_1_48' title="bbox 1860 1996 3451 2073">
     <span class='ocr_line' id='line_1_48' title="bbox 1860 1996 3451 2073; baseline 0.001 -15"><span class='ocrx_word' id='word_1_370' title='bbox 1860 2001 1917 2059; x_wconf 83' lang='lat' dir='ltr'><strong>et</strong></span> <span class='ocrx_word' id='word_1_371' title='bbox 1940 2003 2528 2073; x_wconf 80' lang='lat' dir='ltr'><strong>superhabundantiam</strong></span> <span class='ocrx_word' id='word_1_372' title='bbox 2581 2002 2839 2073; x_wconf 90' lang='lat' dir='ltr'><strong>quicquid</strong></span> <span class='ocrx_word' id='word_1_373' title='bbox 2887 1996 3017 2057; x_wconf 79' lang='lat' dir='ltr'><strong>illud</strong></span> <span class='ocrx_word' id='word_1_374' title='bbox 3045 2009 3157 2067; x_wconf 85' lang='lat' dir='ltr'><strong>est,</strong></span> <span class='ocrx_word' id='word_1_375' title='bbox 3202 2003 3246 2058; x_wconf 87' lang='lat' dir='ltr'><strong>si</strong></span> <span class='ocrx_word' id='word_1_376' title='bbox 3284 2003 3358 2057; x_wconf 90' lang='lat' dir='ltr'><strong>ab</strong></span> <span class='ocrx_word' id='word_1_377' title='bbox 3383 2016 3451 2060; x_wconf 85' lang='lat' dir='ltr'><strong>eo</strong></span> 
     </span>
    </p>
   </div>
   <div class='ocr_carea' id='block_1_49' title="bbox 1859 2093 3450 2164">
    <p class='ocr_par' dir='ltr' id='par_1_49' title="bbox 1859 2093 3450 2164">
     <span class='ocr_line' id='line_1_49' title="bbox 1859 2093 3450 2164; baseline 0 -16"><span class='ocrx_word' id='word_1_378' title='bbox 1859 2095 2005 2164; x_wconf 68' lang='lat' dir='ltr'><strong>quod</strong></span> <span class='ocrx_word' id='word_1_379' title='bbox 2029 2093 2275 2149; x_wconf 86' lang='lat' dir='ltr'><strong>dederint</strong></span> <span class='ocrx_word' id='word_1_380' title='bbox 2320 2093 2342 2124; x_wconf 82' lang='lat'><strong>’</strong></span> <span class='ocrx_word' id='word_1_381' title='bbox 2374 2093 2495 2164; x_wconf 84' lang='lat' dir='ltr'><strong>plus</strong></span> <span class='ocrx_word' id='word_1_382' title='bbox 2538 2093 2868 2163; x_wconf 78' lang='lat' dir='ltr'><strong>acceperint.</strong></span> <span class='ocrx_word' id='word_1_383' title='bbox 2902 2110 2922 2144; x_wconf 84' lang='grc'><strong>›</strong></span> <span class='ocrx_word' id='word_1_384' title='bbox 2965 2093 3040 2147; x_wconf 90' lang='lat' dir='ltr'><strong>Dc</strong></span> <span class='ocrx_word' id='word_1_385' title='bbox 3072 2102 3450 2148; x_wconf 83' lang='lat' dir='ltr'><strong>mensurarum</strong></span> 
     </span>
    </p>
   </div>
   <div class='ocr_carea' id='block_1_50' title="bbox 1858 2178 3450 2255">
    <p class='ocr_par' dir='ltr' id='par_1_50' title="bbox 1858 2178 3450 2255">
     <span class='ocr_line' id='line_1_50' title="bbox 1858 2178 3450 2255; baseline 0.001 -17"><span class='ocrx_word' id='word_1_386' title='bbox 1858 2197 2092 2254; x_wconf 89' lang='lat' dir='ltr'><strong>namque</strong></span> <span class='ocrx_word' id='word_1_387' title='bbox 2113 2184 2499 2255; x_wconf 86' lang='lat' dir='ltr'><strong>inaequalitate</strong></span> <span class='ocrx_word' id='word_1_388' title='bbox 2539 2193 2595 2239; x_wconf 87' lang='lat' dir='ltr'><strong>et</strong></span> <span class='ocrx_word' id='word_1_389' title='bbox 2631 2184 2827 2239; x_wconf 80' lang='lat' dir='ltr'><strong>modiis</strong></span> <span class='ocrx_word' id='word_1_390' title='bbox 2869 2184 3085 2246; x_wconf 79' lang='lat' dir='ltr'><strong>iniustis</strong></span> <span class='ocrx_word' id='word_1_391' title='bbox 3127 2192 3183 2238; x_wconf 92' lang='lat' dir='ltr'><strong>et</strong></span> <span class='ocrx_word' id='word_1_392' title='bbox 3206 2178 3450 2240; x_wconf 83' lang='lat' dir='ltr'><strong>sestariis</strong></span> 
     </span>
    </p>
   </div>
   <div class='ocr_carea' id='block_1_51' title="bbox 1857 2272 3449 2344">
    <p class='ocr_par' dir='ltr' id='par_1_51' title="bbox 1857 2272 3449 2344">
     <span class='ocr_line' id='line_1_51' title="bbox 1857 2272 3449 2344; baseline 0.003 -17"><span class='ocrx_word' id='word_1_393' title='bbox 1857 2286 1996 2344; x_wconf 83' lang='lat' dir='ltr'><strong>quae</strong></span> <span class='ocrx_word' id='word_1_394' title='bbox 2018 2272 2230 2329; x_wconf 89' lang='lat' dir='ltr'><strong>Domini</strong></span> <span class='ocrx_word' id='word_1_395' title='bbox 2255 2273 2372 2344; x_wconf 85' lang='lat' dir='ltr'><strong>lege</strong></span> <span class='ocrx_word' id='word_1_396' title='bbox 2393 2274 2593 2329; x_wconf 86' lang='lat' dir='ltr'><strong>habere</strong></span> <span class='ocrx_word' id='word_1_397' title='bbox 2612 2273 2986 2344; x_wconf 89' lang='lat' dir='ltr'><strong>prohibentur,</strong></span> <span class='ocrx_word' id='word_1_398' title='bbox 3013 2272 3244 2344; x_wconf 84' lang='lat' dir='ltr'><strong>qualiter</strong></span> <span class='ocrx_word' id='word_1_399' title='bbox 3267 2288 3357 2329; x_wconf 89' lang='lat' dir='ltr'><strong>res</strong></span> <span class='ocrx_word' id='word_1_400' title='bbox 3376 2273 3449 2331; x_wconf 87' lang='lat' dir='ltr'><strong>ad</strong></span> 
     </span>
    </p>
   </div>
   <div class='ocr_carea' id='block_1_52' title="bbox 1857 2359 3446 2433">
    <p class='ocr_par' dir='ltr' id='par_1_52' title="bbox 1857 2359 3446 2433">
     <span class='ocr_line' id='line_1_52' title="bbox 1857 2359 3446 2433; baseline -0.002 -14"><span class='ocrx_word' id='word_1_401' title='bbox 1857 2366 2059 2419; x_wconf 83' lang='lat' dir='ltr'><strong>certam</strong></span> <span class='ocrx_word' id='word_1_402' title='bbox 2086 2359 2479 2418; x_wconf 83' lang='lat' dir='ltr'><strong>cdrrectionem</strong></span> <span class='ocrx_word' id='word_1_403' title='bbox 2518 2363 2742 2432; x_wconf 85' lang='lat' dir='ltr'><strong>perduci</strong></span> <span class='ocrx_word' id='word_1_404' title='bbox 2771 2363 2965 2431; x_wconf 88' lang='lat' dir='ltr'><strong>possit,</strong></span> <span class='ocrx_word' id='word_1_405' title='bbox 3014 2379 3123 2418; x_wconf 91' lang='lat' dir='ltr'><strong>non</strong></span> <span class='ocrx_word' id='word_1_406' title='bbox 3163 2362 3297 2416; x_wconf 87' lang='lat' dir='ltr'><strong>satis</strong></span> <span class='ocrx_word' id='word_1_407' title='bbox 3320 2377 3446 2433; x_wconf 83' lang='lat' dir='ltr'><strong>per-</strong></span> 
     </span>
    </p>
   </div>
   <div class='ocr_carea' id='block_1_53' title="bbox 1856 2452 3445 2533">
    <p class='ocr_par' dir='ltr' id='par_1_53' title="bbox 1856 2452 3445 2533">
     <span class='ocr_line' id='line_1_53' title="bbox 1856 2452 3445 2533; baseline 0.001 -25"><span class='ocrx_word' id='word_1_408' title='bbox 1856 2454 2042 2524; x_wconf 90' lang='lat' dir='ltr'><strong>spicue</strong></span> <span class='ocrx_word' id='word_1_409' title='bbox 2069 2454 2227 2510; x_wconf 88' lang='lat' dir='ltr'><strong>nobis</strong></span> <span class='ocrx_word' id='word_1_410' title='bbox 2269 2461 2438 2523; x_wconf 74' lang='lat' dir='ltr'><strong>patet,</strong></span> <span class='ocrx_word' id='word_1_411' title='bbox 2489 2468 2555 2508; x_wconf 89' lang='lat' dir='ltr'><strong>eo</strong></span> <span class='ocrx_word' id='word_1_412' title='bbox 2589 2454 2733 2533; x_wconf 90' lang='lat' dir='ltr'><strong>quod</strong></span> <span class='ocrx_word' id='word_1_413' title='bbox 2777 2453 2832 2507; x_wconf 87' lang='lat' dir='ltr'><strong>in</strong></span> <span class='ocrx_word' id='word_1_414' title='bbox 2869 2452 3100 2533; x_wconf 87' lang='lat' dir='ltr'><strong>dive_rsis</strong></span> <span class='ocrx_word' id='word_1_415' title='bbox 3151 2452 3445 2523; x_wconf 85' lang='lat' dir='ltr'><strong>provinciis</strong></span> 
     </span>
    </p>
   </div>
   <div class='ocr_carea' id='block_1_54' title="bbox 1857 2524 3445 2613">
    <p class='ocr_par' dir='ltr' id='par_1_54' title="bbox 1857 2524 3445 2613">
     <span class='ocr_line' id='line_1_54' title="bbox 1857 2524 3445 2613; baseline 0.001 -15"><span class='ocrx_word' id='word_1_416' title='bbox 1857 2543 2070 2599; x_wconf 84' lang='lat' dir='ltr'><strong>diverse</strong></span> <span class='ocrx_word' id='word_1_417' title='bbox 2103 2543 2173 2598; x_wconf 89' lang='lat' dir='ltr'><strong>ab</strong></span> <span class='ocrx_word' id='word_1_418' title='bbox 2191 2543 2440 2599; x_wconf 84' lang='lat' dir='ltr'><strong>omnibus</strong></span> <span class='ocrx_word' id='word_1_419' title='bbox 2473 2557 2645 2613; x_wconf 88' lang='lat' dir='ltr'><strong>poene</strong></span> <span class='ocrx_word' id='word_1_420' title='bbox 2686 2528 2732 2574; x_wconf 65' lang='grc' dir='ltr'><strong>ίο</strong></span> <span class='ocrx_word' id='word_1_421' title='bbox 2765 2524 3100 2609; x_wconf 60' lang='lat' dir='ltr'><strong>habeanlur;</strong></span> <span class='ocrx_word' id='word_1_422' title='bbox 3132 2544 3236 2599; x_wconf 85' lang='lat' dir='ltr'><strong>hoc</strong></span> <span class='ocrx_word' id='word_1_423' title='bbox 3262 2552 3445 2599; x_wconf 80' lang='lat' dir='ltr'><strong>tamen</strong></span> 
     </span>
    </p>
   </div>
   <div class='ocr_carea' id='block_1_55' title="bbox 1855 2634 3445 2704">
    <p class='ocr_par' dir='ltr' id='par_1_55' title="bbox 1855 2634 3445 2704">
     <span class='ocr_line' id='line_1_55' title="bbox 1855 2634 3445 2704; baseline 0 -15"><span class='ocrx_word' id='word_1_424' title='bbox 1855 2635 2032 2689; x_wconf 75' lang='lat' dir='ltr'><strong>nodis</strong></span> <span class='ocrx_word' id='word_1_425' title='bbox 2079 2635 2330 2689; x_wconf 80' lang='lat' dir='ltr'><strong>omnibus</strong></span> <span class='ocrx_word' id='word_1_426' title='bbox 2371 2641 2621 2704; x_wconf 86' lang='lat' dir='ltr'><strong>oplamus</strong></span> <span class='ocrx_word' id='word_1_427' title='bbox 2664 2642 2719 2688; x_wconf 83' lang='lat' dir='ltr'><strong>et</strong></span> <span class='ocrx_word' id='word_1_428' title='bbox 2752 2635 3124 2699; x_wconf 88' lang='lat' dir='ltr'><strong>admonemus,</strong></span> <span class='ocrx_word' id='word_1_429' title='bbox 3176 2643 3237 2688; x_wconf 92' lang='lat' dir='ltr'><strong>ut</strong></span> <span class='ocrx_word' id='word_1_430' title='bbox 3261 2634 3445 2689; x_wconf 68' lang='lat' dir='ltr'><strong>saltim</strong></span> 
     </span>
    </p>
   </div>
   <div class='ocr_carea' id='block_1_56' title="bbox 1854 2723 3448 2793">
    <p class='ocr_par' dir='ltr' id='par_1_56' title="bbox 1854 2723 3448 2793">
     <span class='ocr_line' id='line_1_56' title="bbox 1854 2723 3448 2793; baseline 0.001 -14"><span class='ocrx_word' id='word_1_431' title='bbox 1854 2723 2037 2779; x_wconf 89' lang='lat' dir='ltr'><strong>nullus</strong></span> <span class='ocrx_word' id='word_1_432' title='bbox 2062 2724 2303 2793; x_wconf 89' lang='lat' dir='ltr'><strong>duplices</strong></span> <span class='ocrx_word' id='word_1_433' title='bbox 2324 2738 2608 2779; x_wconf 88' lang='lat' dir='ltr'><strong>mensuras</strong></span> <span class='ocrx_word' id='word_1_434' title='bbox 2644 2724 2699 2779; x_wconf 91' lang='lat' dir='ltr'><strong>in</strong></span> <span class='ocrx_word' id='word_1_435' title='bbox 2727 2739 2824 2779; x_wconf 89' lang='lat' dir='ltr'><strong>sua</strong></span> <span class='ocrx_word' id='word_1_436' title='bbox 2854 2724 3218 2779; x_wconf 77' lang='lat' dir='ltr'><strong>dominatione</strong></span> <span class='ocrx_word' id='word_1_437' title='bbox 3239 2732 3334 2778; x_wconf 89' lang='lat' dir='ltr'><strong>aut</strong></span> <span class='ocrx_word' id='word_1_438' title='bbox 3354 2725 3448 2780; x_wconf 87' lang='lat' dir='ltr'><strong>ha-</strong></span> 
     </span>
    </p>
   </div>
   <div class='ocr_carea' id='block_1_57' title="bbox 1854 2814 3446 2886">
    <p class='ocr_par' dir='ltr' id='par_1_57' title="bbox 1854 2814 3446 2886">
     <span class='ocr_line' id='line_1_57' title="bbox 1854 2814 3446 2886; baseline -0.001 -14"><span class='ocrx_word' id='word_1_439' title='bbox 1854 2815 1986 2872; x_wconf 87' lang='lat' dir='ltr'><strong>beat</strong></span> <span class='ocrx_word' id='word_1_440' title='bbox 2007 2822 2102 2871; x_wconf 90' lang='lat' dir='ltr'><strong>aut</strong></span> <span class='ocrx_word' id='word_1_441' title='bbox 2130 2815 2319 2870; x_wconf 89' lang='lat' dir='ltr'><strong>haberi</strong></span> <span class='ocrx_word' id='word_1_442' title='bbox 2344 2816 2659 2886; x_wconf 83' lang='lat' dir='ltr'><strong>permittat;</strong></span> <span class='ocrx_word' id='word_1_443' title='bbox 2701 2815 2958 2885; x_wconf 91' lang='lat' dir='ltr'><strong>quoniam</strong></span> <span class='ocrx_word' id='word_1_444' title='bbox 3008 2814 3113 2870; x_wconf 89' lang='lat' dir='ltr'><strong>bac</strong></span> <span class='ocrx_word' id='word_1_445' title='bbox 3157 2815 3446 2871; x_wconf 70' lang='lat' dir='ltr'><strong>oceaa&#39;one</strong></span> 
     </span>
    </p>
   </div>
   <div class='ocr_carea' id='block_1_58' title="bbox 1854 2904 3451 2977">
    <p class='ocr_par' dir='ltr' id='par_1_58' title="bbox 1854 2904 3451 2977">
     <span class='ocr_line' id='line_1_58' title="bbox 1854 2904 3451 2977; baseline 0.001 -18"><span class='ocrx_word' id='word_1_446' title='bbox 1854 2905 2056 2961; x_wconf 84' lang='lat' dir='ltr'><strong>multos</strong></span> <span class='ocrx_word' id='word_1_447' title='bbox 2099 2919 2366 2975; x_wconf 86' lang='lat' dir='ltr'><strong>pauperes</strong></span> <span class='ocrx_word' id='word_1_448' title='bbox 2399 2904 2577 2976; x_wconf 82' lang='lat' dir='ltr'><strong>adﬂigi</strong></span> <span class='ocrx_word' id='word_1_449' title='bbox 2624 2905 2678 2960; x_wconf 86' lang='lat' dir='ltr'><strong>in</strong></span> <span class='ocrx_word' id='word_1_450' title='bbox 2704 2906 2978 2976; x_wconf 82' lang='lat' dir='ltr'><strong>plerisque</strong></span> <span class='ocrx_word' id='word_1_451' title='bbox 3009 2905 3147 2962; x_wconf 91' lang='lat' dir='ltr'><strong>locis</strong></span> <span class='ocrx_word' id='word_1_452' title='bbox 3189 2905 3451 2977; x_wconf 50' lang='lat' dir='ltr'><strong>cognovi;</strong></span> 
     </span>
    </p>
   </div>
   <div class='ocr_carea' id='block_1_59' title="bbox 1853 2993 3445 3065">
    <p class='ocr_par' dir='ltr' id='par_1_59' title="bbox 1853 2993 3445 3065">
     <span class='ocr_line' id='line_1_59' title="bbox 1853 2993 3445 3065; baseline 0.001 -16"><span class='ocrx_word' id='word_1_453' title='bbox 1853 3005 1976 3050; x_wconf 77' lang='lat' dir='ltr'><strong>mus</strong></span> <span class='ocrx_word' id='word_1_454' title='bbox 1999 2993 2050 3049; x_wconf 69' lang='grc' dir='ltr'><strong>ι).</strong></span> <span class='ocrx_word' id='word_1_455' title='bbox 2101 2994 2241 3050; x_wconf 90' lang='lat' dir='ltr'><strong>Sunt</strong></span> <span class='ocrx_word' id='word_1_456' title='bbox 2280 3010 2413 3050; x_wconf 88' lang='lat' dir='ltr'><strong>sane</strong></span> <span class='ocrx_word' id='word_1_457' title='bbox 2456 2995 2790 3050; x_wconf 85' lang='lat' dir='ltr'><strong>diversorum</strong></span> <span class='ocrx_word' id='word_1_458' title='bbox 2831 2995 3095 3051; x_wconf 76' lang='lat' dir='ltr'><strong>malorum</strong></span> <span class='ocrx_word' id='word_1_459' title='bbox 3138 3003 3445 3065; x_wconf 84' lang='lat' dir='ltr'><strong>patratsres</strong></span> 
     </span>
    </p>
   </div>
   <div class='ocr_carea' id='block_1_60' title="bbox 1853 3084 3443 3157">
    <p class='ocr_par' dir='ltr' id='par_1_60' title="bbox 1853 3084 3443 3157">
     <span class='ocr_line' id='line_1_60' title="bbox 1853 3084 3443 3157; baseline 0.002 -17"><span class='ocrx_word' id='word_1_460' title='bbox 1853 3099 1990 3155; x_wconf 90' lang='lat' dir='ltr'><strong>quos</strong></span> <span class='ocrx_word' id='word_1_461' title='bbox 2016 3091 2071 3140; x_wconf 87' lang='lat' dir='ltr'><strong>et</strong></span> <span class='ocrx_word' id='word_1_462' title='bbox 2096 3084 2179 3141; x_wconf 76' lang='lat' dir='ltr'><strong>lex</strong></span> <span class='ocrx_word' id='word_1_463' title='bbox 2206 3086 2386 3142; x_wconf 85' lang='lat' dir='ltr'><strong>divina</strong></span> <span class='ocrx_word' id='word_1_464' title='bbox 2409 3086 2680 3157; x_wconf 85' lang='lat' dir='ltr'><strong>improbat</strong></span> <span class='ocrx_word' id='word_1_465' title='bbox 2723 3088 2782 3141; x_wconf 79' lang='lat' dir='ltr'><strong>e&#39;t</strong></span> <span class='ocrx_word' id='word_1_466' title='bbox 2802 3088 3156 3152; x_wconf 87' lang='lat' dir='ltr'><strong>condemnat,</strong></span> <span class='ocrx_word' id='word_1_467' title='bbox 3185 3101 3286 3154; x_wconf 88' lang='lat' dir='ltr'><strong>pro</strong></span> <span class='ocrx_word' id='word_1_468' title='bbox 3310 3098 3443 3157; x_wconf 86' lang='lat' dir='ltr'><strong>quo-</strong></span> 
     </span>
    </p>
   </div>
   <div class='ocr_carea' id='block_1_61' title="bbox 1853 3177 3441 3250">
    <p class='ocr_par' dir='ltr' id='par_1_61' title="bbox 1853 3177 3441 3250">
     <span class='ocr_line' id='line_1_61' title="bbox 1853 3177 3441 3250; baseline 0.002 -18"><span class='ocrx_word' id='word_1_469' title='bbox 1853 3193 1993 3247; x_wconf 19' lang='lat' dir='ltr'><strong>rum,</strong></span> <span class='ocrx_word' id='word_1_470' title='bbox 2021 3178 2186 3233; x_wconf 90' lang='lat' dir='ltr'><strong>etiam</strong></span> <span class='ocrx_word' id='word_1_471' title='bbox 2234 3178 2461 3233; x_wconf 84' lang='lat' dir='ltr'><strong>diversis</strong></span> <span class='ocrx_word' id='word_1_472' title='bbox 2492 3178 2787 3234; x_wconf 74' lang='lat' dir='ltr'><strong>sceleribus</strong></span> <span class='ocrx_word' id='word_1_473' title='bbox 2834 3186 2891 3232; x_wconf 89' lang='lat' dir='ltr'><strong>et</strong></span> <span class='ocrx_word' id='word_1_474' title='bbox 2935 3177 3154 3248; x_wconf 79' lang='lat' dir='ltr'><strong>ﬂagitiis</strong></span> <span class='ocrx_word' id='word_1_475' title='bbox 3207 3181 3441 3250; x_wconf 74' lang='lat' dir='ltr'><strong>populus</strong></span> 
     </span>
    </p>
   </div>
   <div class='ocr_carea' id='block_1_62' title="bbox 161 3250 1753 3349">
    <p class='ocr_par' dir='ltr' id='par_1_62' title="bbox 161 3250 1748 3349">
     <span class='ocr_line' id='line_1_62' title="bbox 161 3250 1748 3349; baseline 0.003 -18"><span class='ocrx_word' id='word_1_476' title='bbox 306 3276 383 3331; x_wconf 85' lang='lat' dir='ltr'><strong>ad</strong></span> <span class='ocrx_word' id='word_1_477' title='bbox 399 3250 759 3349; x_wconf 79' lang='lat' dir='ltr'><strong>paupertatem</strong></span> <span class='ocrx_word' id='word_1_478' title='bbox 784 3280 1010 3345; x_wconf 72' lang='lat' dir='ltr'><strong>venerit,</strong></span> <span class='ocrx_word' id='word_1_479' title='bbox 1041 3296 1146 3335; x_wconf 86' lang='lat' dir='ltr'><strong>non</strong></span> <span class='ocrx_word' id='word_1_480' title='bbox 1168 3279 1451 3336; x_wconf 80' lang='lat' dir='ltr'><strong>obdurabis</strong></span> <span class='ocrx_word' id='word_1_481' title='bbox 1486 3290 1578 3336; x_wconf 72' lang='lat' dir='ltr'><strong>cur</strong></span> <span class='ocrx_word' id='word_1_482' title='bbox 1600 3292 1748 3337; x_wconf 83' lang='lat' dir='ltr'><strong>tuum</strong></span> 
     </span>
    </p>
   </div>
   <div class='ocr_carea' id='block_1_63' title="bbox 1853 3250 3442 3349">
    <p class='ocr_par' dir='ltr' id='par_1_63' title="bbox 1853 3267 3442 3340">
     <span class='ocr_line' id='line_1_63' title="bbox 1853 3267 3442 3340; baseline 0.004 -18"><span class='ocrx_word' id='word_1_483' title='bbox 1853 3267 1996 3325; x_wconf 81' lang='lat' dir='ltr'><strong>fame</strong></span> <span class='ocrx_word' id='word_1_484' title='bbox 2017 3277 2076 3324; x_wconf 88' lang='lat' dir='ltr'><strong>et</strong></span> <span class='ocrx_word' id='word_1_485' title='bbox 2100 3268 2410 3339; x_wconf 81' lang='lat' dir='ltr'><strong>pestilentia</strong></span> <span class='ocrx_word' id='word_1_486' title='bbox 2434 3268 2751 3340; x_wconf 80' lang='lat' dir='ltr'><strong>ﬂagellatur,</strong></span> <span class='ocrx_word' id='word_1_487' title='bbox 2780 3278 2836 3325; x_wconf 89' lang='lat' dir='ltr'><strong>et</strong></span> <span class='ocrx_word' id='word_1_488' title='bbox 2853 3270 3116 3327; x_wconf 88' lang='lat' dir='ltr'><strong>ecclesiae</strong></span> <span class='ocrx_word' id='word_1_489' title='bbox 3152 3279 3332 3329; x_wconf 66' lang='lat' dir='ltr'><strong>statim</strong></span> <span class='ocrx_word' id='word_1_490' title='bbox 3355 3271 3442 3327; x_wconf 77' lang='lat' dir='ltr'><strong>in-</strong></span> 
     </span>
    </p>
   </div>
   <div class='ocr_carea' id='block_1_64' title="bbox 160 3369 1751 3443">
    <p class='ocr_par' dir='ltr' id='par_1_64' title="bbox 160 3369 1751 3443">
     <span class='ocr_line' id='line_1_64' title="bbox 160 3369 1751 3443; baseline 0.004 -22"><span class='ocrx_word' id='word_1_491' title='bbox 160 3380 254 3421; x_wconf 81' lang='lat' dir='ltr'><strong>nec</strong></span> <span class='ocrx_word' id='word_1_492' title='bbox 272 3369 552 3424; x_wconf 66' lang='lat' dir='ltr'><strong>contrahes</strong></span> <span class='ocrx_word' id='word_1_493' title='bbox 574 3370 810 3435; x_wconf 70' lang='lat' dir='ltr'><strong>manum,</strong></span> <span class='ocrx_word' id='word_1_494' title='bbox 845 3370 938 3425; x_wconf 87' lang='lat' dir='ltr'><strong>sed</strong></span> <span class='ocrx_word' id='word_1_495' title='bbox 959 3371 1163 3442; x_wconf 67' lang='lat' dir='ltr'><strong>aperies’</strong></span> <span class='ocrx_word' id='word_1_496' title='bbox 1185 3387 1299 3425; x_wconf 80' lang='lat' dir='ltr'><strong>eam</strong></span> <span class='ocrx_word' id='word_1_497' title='bbox 1318 3374 1556 3443; x_wconf 79' lang='lat' dir='ltr'><strong>pauperi,</strong></span> <span class='ocrx_word' id='word_1_498' title='bbox 1584 3383 1634 3428; x_wconf 88' lang='lat' dir='ltr'><strong>et</strong></span> <span class='ocrx_word' id='word_1_499' title='bbox 1658 3373 1751 3428; x_wconf 80' lang='lat' dir='ltr'><strong>da-</strong></span> 
     </span>
    </p>
   </div>
   <div class='ocr_carea' id='block_1_65' title="bbox 158 3454 1748 3531">
    <p class='ocr_par' dir='ltr' id='par_1_65' title="bbox 158 3454 1748 3531">
     <span class='ocr_line' id='line_1_65' title="bbox 158 3454 1748 3531; baseline 0.006 -22"><span class='ocrx_word' id='word_1_500' title='bbox 158 3454 239 3510; x_wconf 72' lang='lat' dir='ltr'><strong>bis</strong></span> <span class='ocrx_word' id='word_1_501' title='bbox 257 3465 446 3511; x_wconf 76' lang='lat' dir='ltr'><strong>mutuo</strong></span> <span class='ocrx_word' id='word_1_502' title='bbox 468 3468 573 3528; x_wconf 69' lang='lat' dir='ltr'><strong>quo</strong></span> <span class='ocrx_word' id='word_1_503' title='bbox 607 3468 727 3512; x_wconf 78' lang='lat' dir='ltr'><strong>cum</strong></span> <span class='ocrx_word' id='word_1_504' title='bbox 752 3458 985 3530; x_wconf 79' lang='lat' dir='ltr'><strong>indigere</strong></span> <span class='ocrx_word' id='word_1_505' title='bbox 1031 3462 1375 3531; x_wconf 74' lang='lat' dir='ltr'><strong>perspexeris;</strong></span> <span class='ocrx_word' id='word_1_506' title='bbox 1415 3461 1549 3517; x_wconf 90' lang='lat' dir='ltr'><strong>ltem</strong></span> <span class='ocrx_word' id='word_1_507' title='bbox 1572 3463 1625 3517; x_wconf 91' lang='lat' dir='ltr'><strong>in</strong></span> <span class='ocrx_word' id='word_1_508' title='bbox 1650 3464 1748 3519; x_wconf 65' lang='lat' dir='ltr'><strong>bo-</strong></span> 
     </span>
    </p>
   </div>
   <div class='ocr_carea' id='block_1_66' title="bbox 157 3545 1745 3623">
    <p class='ocr_par' dir='ltr' id='par_1_66' title="bbox 157 3545 1745 3623">
     <span class='ocr_line' id='line_1_66' title="bbox 157 3545 1745 3623; baseline 0.004 -22"><span class='ocrx_word' id='word_1_509' title='bbox 157 3546 279 3601; x_wconf 66' lang='grc' dir='ltr'>ω</span> <span class='ocrx_word' id='word_1_510' title='bbox 301 3562 321 3603; x_wconf 91' lang='lat'><strong>:</strong></span> <span class='ocrx_word' id='word_1_511' title='bbox 358 3545 501 3602; x_wconf 74' lang='lat' dir='ltr'><strong>Care</strong></span> <span class='ocrx_word' id='word_1_512' title='bbox 520 3564 590 3602; x_wconf 83' lang='lat' dir='ltr'><strong>ne</strong></span> <span class='ocrx_word' id='word_1_513' title='bbox 631 3547 768 3618; x_wconf 89' lang='lat' dir='ltr'><strong>forte</strong></span> <span class='ocrx_word' id='word_1_514' title='bbox 808 3549 1060 3619; x_wconf 85' lang='lat' dir='ltr'><strong>surripiat</strong></span> <span class='ocrx_word' id='word_1_515' title='bbox 1105 3550 1127 3581; x_wconf 80' lang='grc'>⁸</span> <span class='ocrx_word' id='word_1_516' title='bbox 1152 3550 1247 3604; x_wconf 84' lang='lat' dir='ltr'><strong>tibi</strong></span> <span class='ocrx_word' id='word_1_517' title='bbox 1276 3551 1440 3622; x_wconf 84' lang='lat' dir='ltr'><strong>impia</strong></span> <span class='ocrx_word' id='word_1_518' title='bbox 1477 3552 1745 3623; x_wconf 69' lang='lat' dir='ltr'><strong>cogitatio;</strong></span> 
     </span>
    </p>
   </div>
   <div class='ocr_carea' id='block_1_67' title="bbox 153 3637 1750 3712">
    <p class='ocr_par' dir='ltr' id='par_1_67' title="bbox 153 3637 1750 3712">
     <span class='ocr_line' id='line_1_67' title="bbox 153 3637 1750 3712; baseline 0.004 -20"><span class='ocrx_word' id='word_1_519' title='bbox 153 3646 206 3692; x_wconf 80' lang='lat' dir='ltr'><strong>et</strong></span> <span class='ocrx_word' id='word_1_520' title='bbox 228 3637 380 3693; x_wconf 82' lang='lat' dir='ltr'><strong>dicas</strong></span> <span class='ocrx_word' id='word_1_521' title='bbox 401 3638 460 3693; x_wconf 80' lang='lat' dir='ltr'><strong>its</strong></span> <span class='ocrx_word' id='word_1_522' title='bbox 482 3638 644 3694; x_wconf 84' lang='lat' dir='ltr'><strong>corde</strong></span> <span class='ocrx_word' id='word_1_523' title='bbox 676 3648 770 3694; x_wconf 84' lang='lat' dir='ltr'><strong>tuo</strong></span> <span class='ocrx_word' id='word_1_524' title='bbox 790 3655 810 3694; x_wconf 87' lang='lat'><strong><em>:</em></strong></span> <span class='ocrx_word' id='word_1_525' title='bbox 839 3659 858 3691; x_wconf 77' lang='grc' dir='ltr'>ι</span> <span class='ocrx_word' id='word_1_526' title='bbox 881 3638 1263 3712; x_wconf 78' lang='lat' dir='ltr'><strong>adprOpinquat</strong></span> <span class='ocrx_word' id='word_1_527' title='bbox 1298 3642 1548 3711; x_wconf 82' lang='lat' dir='ltr'><strong>septimus</strong></span> <span class='ocrx_word' id='word_1_528' title='bbox 1578 3659 1750 3699; x_wconf 84' lang='lat' dir='ltr'><strong>annus</strong></span> 
     </span>
    </p>
   </div>
   <div class='ocr_carea' id='block_1_68' title="bbox 154 3730 1750 3805">
    <p class='ocr_par' dir='ltr' id='par_1_68' title="bbox 154 3730 1750 3805">
     <span class='ocr_line' id='line_1_68' title="bbox 154 3730 1750 3805; baseline 0.004 -21"><span class='ocrx_word' id='word_1_529' title='bbox 154 3730 483 3786; x_wconf 74' lang='lat' dir='ltr'><strong>ranissictiis</strong></span> <span class='ocrx_word' id='word_1_530' title='bbox 504 3744 550 3797; x_wconf 65' lang='grc' dir='ltr'><strong>ι,</strong></span> <span class='ocrx_word' id='word_1_531' title='bbox 574 3741 626 3786; x_wconf 91' lang='lat' dir='ltr'><strong>et</strong></span> <span class='ocrx_word' id='word_1_532' title='bbox 651 3741 855 3788; x_wconf 73' lang='lat' dir='ltr'><strong>avenas</strong></span> <span class='ocrx_word' id='word_1_533' title='bbox 885 3732 1095 3788; x_wconf 84' lang='lat' dir='ltr'><strong>occulas</strong></span> <span class='ocrx_word' id='word_1_534' title='bbox 1115 3743 1232 3789; x_wconf 89' lang='lat' dir='ltr'><strong>tuos</strong></span> <span class='ocrx_word' id='word_1_535' title='bbox 1267 3749 1301 3788; x_wconf 90' lang='lat' dir='ltr'><strong>a</strong></span> <span class='ocrx_word' id='word_1_536' title='bbox 1323 3744 1550 3805; x_wconf 71' lang='lat' dir='ltr'><strong>paupeTe</strong></span> <span class='ocrx_word' id='word_1_537' title='bbox 1585 3734 1750 3805; x_wconf 85' lang='lat' dir='ltr'><strong>fratre</strong></span> 
     </span>
    </p>
   </div>
   <div class='ocr_carea' id='block_1_69' title="bbox 155 3820 1744 3897">
    <p class='ocr_par' dir='ltr' id='par_1_69' title="bbox 155 3820 1744 3897">
     <span class='ocr_line' id='line_1_69' title="bbox 155 3820 1744 3897; baseline 0.003 -19"><span class='ocrx_word' id='word_1_538' title='bbox 155 3820 267 3889; x_wconf 74' lang='lat' dir='ltr'><strong>tuo,</strong></span> <span class='ocrx_word' id='word_1_539' title='bbox 296 3823 486 3880; x_wconf 87' lang='lat' dir='ltr'><strong>nolens</strong></span> <span class='ocrx_word' id='word_1_540' title='bbox 509 3826 560 3880; x_wconf 87' lang='lat' dir='ltr'><strong>ei</strong></span> <span class='ocrx_word' id='word_1_541' title='bbox 584 3821 727 3897; x_wconf 61' lang='lat' dir='ltr'><strong>qdod</strong></span> <span class='ocrx_word' id='word_1_542' title='bbox 748 3826 978 3897; x_wconf 82' lang='lat' dir='ltr'><strong>postulat</strong></span> <span class='ocrx_word' id='word_1_543' title='bbox 1012 3822 1195 3883; x_wconf 71' lang='lat' dir='ltr'><strong>mutuo</strong></span> <span class='ocrx_word' id='word_1_544' title='bbox 1221 3827 1585 3891; x_wconf 73' lang='lat' dir='ltr'><strong>contmodare,</strong></span> <span class='ocrx_word' id='word_1_545' title='bbox 1622 3834 1687 3882; x_wconf 82' lang='lat' dir='ltr'><strong>ne</strong></span> <span class='ocrx_word' id='word_1_546' title='bbox 1723 3826 1744 3858; x_wconf 88' lang='lat'><strong>&#39;</strong></span> 
     </span>
    </p>
   </div>
   <div class='ocr_carea' id='block_1_70' title="bbox 152 3913 1745 3987">
    <p class='ocr_par' dir='ltr' id='par_1_70' title="bbox 152 3913 1745 3987">
     <span class='ocr_line' id='line_1_70' title="bbox 152 3913 1745 3987; baseline 0.001 -20"><span class='ocrx_word' id='word_1_547' title='bbox 152 3913 347 3968; x_wconf 71' lang='lat' dir='ltr'><strong>e&#39;amet</strong></span> <span class='ocrx_word' id='word_1_548' title='bbox 375 3923 562 3969; x_wconf 84' lang='lat' dir='ltr'><strong>contra</strong></span> <span class='ocrx_word' id='word_1_549' title='bbox 597 3925 649 3968; x_wconf 88' lang='lat' dir='ltr'><strong>te</strong></span> <span class='ocrx_word' id='word_1_550' title='bbox 671 3914 741 3969; x_wconf 89' lang='lat' dir='ltr'><strong>ad</strong></span> <span class='ocrx_word' id='word_1_551' title='bbox 770 3914 1051 3971; x_wconf 83' lang='lat' dir='ltr'><strong>Dominum</strong></span> <span class='ocrx_word' id='word_1_552' title='bbox 1075 3926 1123 3972; x_wconf 90' lang='lat' dir='ltr'><strong>et</strong></span> <span class='ocrx_word' id='word_1_553' title='bbox 1149 3916 1241 3986; x_wconf 82' lang='lat' dir='ltr'><strong>fiet</strong></span> <span class='ocrx_word' id='word_1_554' title='bbox 1257 3915 1350 3971; x_wconf 86' lang='lat' dir='ltr'><strong>tibi</strong></span> <span class='ocrx_word' id='word_1_555' title='bbox 1379 3916 1436 3970; x_wconf 90' lang='lat' dir='ltr'><strong>in</strong></span> <span class='ocrx_word' id='word_1_556' title='bbox 1457 3924 1745 3987; x_wconf 75' lang='lat' dir='ltr'><strong>peccatum;</strong></span> 
     </span>
    </p>
   </div>
   <div class='ocr_carea' id='block_1_71' title="bbox 153 3994 1751 4079">
    <p class='ocr_par' dir='ltr' id='par_1_71' title="bbox 153 3994 1751 4079">
     <span class='ocr_line' id='line_1_71' title="bbox 153 3994 1751 4079; baseline 0.001 -20"><span class='ocrx_word' id='word_1_557' title='bbox 153 3994 266 4059; x_wconf 68' lang='lat' dir='ltr'><strong>Sed</strong></span> <span class='ocrx_word' id='word_1_558' title='bbox 298 4003 476 4070; x_wconf 86' lang='lat' dir='ltr'><strong>dabis,</strong></span> <span class='ocrx_word' id='word_1_559' title='bbox 510 4022 604 4060; x_wconf 79' lang='lat' dir='ltr'><strong>nec</strong></span> <span class='ocrx_word' id='word_1_560' title='bbox 638 4022 759 4078; x_wconf 80' lang='lat' dir='ltr'><strong>ages</strong></span> <span class='ocrx_word' id='word_1_561' title='bbox 783 4006 1050 4079; x_wconf 68' lang='lat' dir='ltr'><strong>quippiam</strong></span> <span class='ocrx_word' id='word_1_562' title='bbox 1086 3994 1276 4062; x_wconf 78' lang='lat' dir='ltr'><strong>callide</strong></span> <span class='ocrx_word' id='word_1_563' title='bbox 1309 4008 1368 4062; x_wconf 86' lang='lat' dir='ltr'><strong>in</strong></span> <span class='ocrx_word' id='word_1_564' title='bbox 1394 4007 1507 4062; x_wconf 85' lang='lat' dir='ltr'><strong>eius</strong></span> <span class='ocrx_word' id='word_1_565' title='bbox 1529 4006 1751 4061; x_wconf 78' lang='lat' dir='ltr'><strong>necessi-</strong></span> 
     </span>
    </p>
   </div>
   <div class='ocr_carea' id='block_1_72' title="bbox 150 4094 1748 4164">
    <p class='ocr_par' dir='ltr' id='par_1_72' title="bbox 150 4094 1748 4164">
     <span class='ocr_line' id='line_1_72' title="bbox 150 4094 1748 4164; baseline 0.003 -15"><span class='ocrx_word' id='word_1_566' title='bbox 150 4094 358 4150; x_wconf 75' lang='lat' dir='ltr'><strong>tatibus</strong></span> <span class='ocrx_word' id='word_1_567' title='bbox 391 4094 757 4164; x_wconf 71' lang='lat' dir='ltr'><strong>sublevandis,</strong></span> <span class='ocrx_word' id='word_1_568' title='bbox 807 4106 865 4152; x_wconf 83' lang='lat' dir='ltr'><strong>ut</strong></span> <span class='ocrx_word' id='word_1_569' title='bbox 900 4096 1169 4154; x_wconf 80' lang='lat' dir='ltr'><strong>benedicat</strong></span> <span class='ocrx_word' id='word_1_570' title='bbox 1199 4099 1293 4153; x_wconf 86' lang='lat' dir='ltr'><strong>tibi</strong></span> <span class='ocrx_word' id='word_1_571' title='bbox 1327 4098 1571 4153; x_wconf 85' lang='lat' dir='ltr'><strong>dominus</strong></span> <span class='ocrx_word' id='word_1_572' title='bbox 1603 4097 1748 4153; x_wconf 85' lang='lat' dir='ltr'><strong>Deus</strong></span> 
     </span>
    </p>
   </div>
   <div class='ocr_carea' id='block_1_73' title="bbox 147 4184 1746 4260">
    <p class='ocr_par' dir='ltr' id='par_1_73' title="bbox 147 4184 1746 4260">
     <span class='ocr_line' id='line_1_73' title="bbox 147 4184 1746 4260; baseline 0.003 -22"><span class='ocrx_word' id='word_1_573' title='bbox 147 4188 280 4240; x_wconf 68' lang='lat' dir='ltr'><strong>tuus</strong></span> <span class='ocrx_word' id='word_1_574' title='bbox 323 4184 381 4240; x_wconf 84' lang='lat' dir='ltr'><strong>in</strong></span> <span class='ocrx_word' id='word_1_575' title='bbox 405 4186 548 4241; x_wconf 66' lang='lat' dir='ltr'><strong>omni</strong></span> <span class='ocrx_word' id='word_1_576' title='bbox 572 4186 800 4259; x_wconf 75' lang='lat' dir='ltr'><strong>tenipore</strong></span> <span class='ocrx_word' id='word_1_577' title='bbox 843 4197 893 4243; x_wconf 88' lang='lat' dir='ltr'><strong>et</strong></span> <span class='ocrx_word' id='word_1_578' title='bbox 932 4188 989 4244; x_wconf 87' lang='lat' dir='ltr'><strong>in</strong></span> <span class='ocrx_word' id='word_1_579' title='bbox 1028 4190 1229 4244; x_wconf 83' lang='lat' dir='ltr'><strong>cunctis</strong></span> <span class='ocrx_word' id='word_1_580' title='bbox 1260 4189 1331 4245; x_wconf 87' lang='lat' dir='ltr'><strong>ad</strong></span> <span class='ocrx_word' id='word_1_581' title='bbox 1362 4205 1495 4260; x_wconf 81' lang='lat' dir='ltr'><strong>quae</strong></span> <span class='ocrx_word' id='word_1_582' title='bbox 1532 4198 1746 4243; x_wconf 81' lang='lat' dir='ltr'><strong>manum</strong></span> 
     </span>
    </p>
   </div>
   <div class='ocr_carea' id='block_1_74' title="bbox 148 4276 1748 4359">
    <p class='ocr_par' dir='ltr' id='par_1_74' title="bbox 148 4276 1748 4359">
     <span class='ocr_line' id='line_1_74' title="bbox 148 4276 1748 4359; baseline 0.004 -29"><span class='ocrx_word' id='word_1_583' title='bbox 418 4276 587 4333; x_wconf 79' lang='lat' dir='ltr'><strong>Amos</strong></span> <span class='ocrx_word' id='word_1_584' title='bbox 618 4279 919 4359; x_wconf 80' lang='lat' dir='ltr'><strong>propheta:</strong></span> <span class='ocrx_word' id='word_1_585' title='bbox 956 4280 1148 4335; x_wconf 74' lang='lat' dir='ltr'><strong>Audite</strong></span> <span class='ocrx_word' id='word_1_586' title='bbox 1196 4281 1323 4346; x_wconf 81' lang='lat' dir='ltr'><strong>hoc,</strong></span> <span class='ocrx_word' id='word_1_587' title='bbox 1356 4281 1446 4352; x_wconf 84' lang='lat' dir='ltr'><strong>qui</strong></span> <span class='ocrx_word' id='word_1_588' title='bbox 1481 4282 1748 4336; x_wconf 74' lang='lat' dir='ltr'><strong>conteritis</strong></span> 
     </span>
    </p>
   </div>
   <div class='ocr_carea' id='block_1_75' title="bbox 145 4364 1747 4441">
    <p class='ocr_par' dir='ltr' id='par_1_75' title="bbox 145 4364 1747 4441">
     <span class='ocr_line' id='line_1_75' title="bbox 145 4364 1747 4441; baseline 0.004 -23"><span class='ocrx_word' id='word_1_589' title='bbox 145 4380 441 4437; x_wconf 73' lang='lat' dir='ltr'><strong>pauperem</strong></span> <span class='ocrx_word' id='word_1_590' title='bbox 464 4376 514 4421; x_wconf 90' lang='lat' dir='ltr'><strong>et</strong></span> <span class='ocrx_word' id='word_1_591' title='bbox 534 4367 755 4438; x_wconf 67' lang='lat' dir='ltr'><strong>deﬁcere</strong></span> <span class='ocrx_word' id='word_1_592' title='bbox 784 4368 980 4440; x_wconf 86' lang='lat' dir='ltr'><strong>facitis.</strong></span> <span class='ocrx_word' id='word_1_593' title='bbox 1020 4369 1166 4441; x_wconf 63' lang='grc' dir='ltr'><strong>Εενθό</strong></span> <span class='ocrx_word' id='word_1_594' title='bbox 1192 4380 1370 4426; x_wconf 83' lang='lat' dir='ltr'><strong>nostra</strong></span> <span class='ocrx_word' id='word_1_595' title='bbox 1398 4371 1473 4425; x_wconf 80' lang='lat' dir='ltr'><strong>est</strong></span> <span class='ocrx_word' id='word_1_596' title='bbox 1496 4365 1639 4425; x_wconf 60' lang='lat' dir='ltr'><strong>teri‘a</strong></span> <span class='ocrx_word' id='word_1_597' title='bbox 1664 4364 1747 4425; x_wconf 84' lang='lat' dir='ltr'><strong>di—</strong></span> 
     </span>
    </p>
   </div>
   <div class='ocr_carea' id='block_1_76' title="bbox 145 4456 1748 4526">
    <p class='ocr_par' dir='ltr' id='par_1_76' title="bbox 145 4456 1748 4526">
     <span class='ocr_line' id='line_1_76' title="bbox 145 4456 1748 4526; baseline 0.003 -17"><span class='ocrx_word' id='word_1_598' title='bbox 145 4463 351 4519; x_wconf 78' lang='lat' dir='ltr'><strong>centes,</strong></span> <span class='ocrx_word' id='word_1_599' title='bbox 378 4456 592 4526; x_wconf 81' lang='lat' dir='ltr'><strong>quando</strong></span> <span class='ocrx_word' id='word_1_600' title='bbox 616 4457 859 4513; x_wconf 80' lang='lat' dir='ltr'><strong>transibit</strong></span> <span class='ocrx_word' id='word_1_601' title='bbox 886 4458 1088 4522; x_wconf 84' lang='lat' dir='ltr'><strong>messis,</strong></span> <span class='ocrx_word' id='word_1_602' title='bbox 1116 4468 1165 4513; x_wconf 90' lang='lat' dir='ltr'><strong>et</strong></span> <span class='ocrx_word' id='word_1_603' title='bbox 1186 4459 1597 4514; x_wconf 79' lang='lat' dir='ltr'><strong>venundabimus</strong></span> <span class='ocrx_word' id='word_1_604' title='bbox 1611 4460 1748 4514; x_wconf 85' lang='lat' dir='ltr'><strong>nter-</strong></span> 
     </span>
    </p>
   </div>
   <div class='ocr_carea' id='block_1_77' title="bbox 142 4544 1747 4619">
    <p class='ocr_par' dir='ltr' id='par_1_77' title="bbox 142 4544 1747 4619">
     <span class='ocr_line' id='line_1_77' title="bbox 142 4544 1747 4619; baseline 0.004 -21"><span class='ocrx_word' id='word_1_605' title='bbox 142 4558 240 4598; x_wconf 70' lang='lat' dir='ltr'><strong>ea</strong></span> <span class='ocrx_word' id='word_1_606' title='bbox 266 4553 318 4598; x_wconf 84' lang='lat' dir='ltr'><strong>et</strong></span> <span class='ocrx_word' id='word_1_607' title='bbox 339 4544 636 4613; x_wconf 83' lang='lat' dir='ltr'><strong>sabbatum,</strong></span> <span class='ocrx_word' id='word_1_608' title='bbox 677 4556 729 4601; x_wconf 90' lang='lat' dir='ltr'><strong>et</strong></span> <span class='ocrx_word' id='word_1_609' title='bbox 760 4549 1054 4619; x_wconf 66' lang='lat' dir='ltr'><strong>aperiemus</strong></span> <span class='ocrx_word' id='word_1_610' title='bbox 1090 4547 1441 4618; x_wconf 87' lang='lat' dir='ltr'><strong>frumentum,</strong></span> <span class='ocrx_word' id='word_1_611' title='bbox 1482 4557 1539 4602; x_wconf 85' lang='lat' dir='ltr'><strong>ut</strong></span> <span class='ocrx_word' id='word_1_612' title='bbox 1589 4549 1747 4604; x_wconf 85' lang='lat' dir='ltr'><strong>inmi-</strong></span> 
     </span>
    </p>
   </div>
   <div class='ocr_carea' id='block_1_78' title="bbox 1851 3362 3439 3435">
    <p class='ocr_par' dir='ltr' id='par_1_78' title="bbox 1851 3362 3439 3435">
     <span class='ocr_line' id='line_1_78' title="bbox 1851 3362 3439 3435; baseline 0.003 -18"><span class='ocrx_word' id='word_1_613' title='bbox 1851 3362 2118 3428; x_wconf 79' lang='lat' dir='ltr'><strong>lirmatur,</strong></span> <span class='ocrx_word' id='word_1_614' title='bbox 2155 3372 2211 3418; x_wconf 92' lang='lat' dir='ltr'><strong>et</strong></span> <span class='ocrx_word' id='word_1_615' title='bbox 2256 3374 2479 3434; x_wconf 84' lang='lat' dir='ltr'><strong>regnum</strong></span> <span class='ocrx_word' id='word_1_616' title='bbox 2524 3363 2881 3434; x_wconf 89' lang='lat' dir='ltr'><strong>periclitatur.</strong></span> <span class='ocrx_word' id='word_1_617' title='bbox 2922 3363 3122 3419; x_wconf 73' lang='lat' dir='ltr'><strong>contra</strong></span> <span class='ocrx_word' id='word_1_618' title='bbox 3167 3380 3304 3435; x_wconf 85' lang='lat' dir='ltr'><strong>quos</strong></span> <span class='ocrx_word' id='word_1_619' title='bbox 3335 3378 3439 3421; x_wconf 87' lang='lat' dir='ltr'><strong>nos</strong></span> 
     </span>
    </p>
   </div>
   <div class='ocr_carea' id='block_1_79' title="bbox 1848 3448 3442 3525">
    <p class='ocr_par' dir='ltr' id='par_1_79' title="bbox 1848 3448 3442 3525">
     <span class='ocr_line' id='line_1_79' title="bbox 1848 3448 3442 3525; baseline 0.002 -16"><span class='ocrx_word' id='word_1_620' title='bbox 1848 3468 2039 3509; x_wconf 76' lang='lat' dir='ltr'><strong>eortlm</strong></span> <span class='ocrx_word' id='word_1_621' title='bbox 2071 3448 2332 3509; x_wconf 85' lang='lat' dir='ltr'><strong>malitiam</strong></span> <span class='ocrx_word' id='word_1_622' title='bbox 2370 3462 2755 3525; x_wconf 67' lang='lat' dir='ltr'><strong>exagerantes;</strong></span> <span class='ocrx_word' id='word_1_623' title='bbox 2798 3458 3122 3524; x_wconf 79' lang='lat' dir='ltr'><strong>quamquam</strong></span> <span class='ocrx_word' id='word_1_624' title='bbox 3169 3455 3223 3509; x_wconf 91' lang='lat' dir='ltr'><strong>in</strong></span> <span class='ocrx_word' id='word_1_625' title='bbox 3265 3454 3442 3513; x_wconf 78' lang='lat' dir='ltr'><strong>sacris</strong></span> 
     </span>
    </p>
   </div>
   <div class='ocr_carea' id='block_1_80' title="bbox 1849 3543 3440 3617">
    <p class='ocr_par' dir='ltr' id='par_1_80' title="bbox 1849 3543 3440 3617">
     <span class='ocr_line' id='line_1_80' title="bbox 1849 3543 3440 3617; baseline 0.003 -19"><span class='ocrx_word' id='word_1_626' title='bbox 1849 3543 2080 3614; x_wconf 88' lang='lat' dir='ltr'><strong>eloquiis</strong></span> <span class='ocrx_word' id='word_1_627' title='bbox 2104 3545 2239 3600; x_wconf 89' lang='lat' dir='ltr'><strong>satis</strong></span> <span class='ocrx_word' id='word_1_628' title='bbox 2262 3545 2372 3600; x_wconf 91' lang='lat' dir='ltr'><strong>sint</strong></span> <span class='ocrx_word' id='word_1_629' title='bbox 2395 3553 2670 3612; x_wconf 81' lang='lat' dir='ltr'><strong>execrata,</strong></span> <span class='ocrx_word' id='word_1_630' title='bbox 2716 3560 2815 3600; x_wconf 90' lang='lat' dir='ltr'><strong>nos</strong></span> <span class='ocrx_word' id='word_1_631' title='bbox 2834 3546 3203 3600; x_wconf 81' lang='lat' dir='ltr'><strong>necessarium</strong></span> <span class='ocrx_word' id='word_1_632' title='bbox 3224 3545 3440 3617; x_wconf 77' lang='lat' dir='ltr'><strong>praevi-</strong></span> 
     </span>
    </p>
   </div>
   <div class='ocr_carea' id='block_1_81' title="bbox 1851 3634 3442 3701">
    <p class='ocr_par' dir='ltr' id='par_1_81' title="bbox 1851 3634 3442 3701">
     <span class='ocr_line' id='line_1_81' title="bbox 1851 3634 3442 3701; baseline 0.003 -12"><span class='ocrx_word' id='word_1_633' title='bbox 1851 3634 2054 3701; x_wconf 88' lang='lat' dir='ltr'><strong>dimus,</strong></span> <span class='ocrx_word' id='word_1_634' title='bbox 2098 3635 2292 3691; x_wconf 91' lang='lat' dir='ltr'><strong>iterum</strong></span> <span class='ocrx_word' id='word_1_635' title='bbox 2339 3644 2525 3691; x_wconf 88' lang='lat' dir='ltr'><strong>nostra</strong></span> <span class='ocrx_word' id='word_1_636' title='bbox 2566 3635 2935 3693; x_wconf 80' lang='lat' dir='ltr'><strong>admonitione</strong></span> <span class='ocrx_word' id='word_1_637' title='bbox 2981 3644 3037 3691; x_wconf 89' lang='lat' dir='ltr'><strong>et</strong></span> <span class='ocrx_word' id='word_1_638' title='bbox 3061 3636 3442 3693; x_wconf 75' lang='lat' dir='ltr'><strong>exhortatione</strong></span> 
     </span>
    </p>
   </div>
   <div class='ocr_carea' id='block_1_82' title="bbox 1848 3726 3435 3797">
    <p class='ocr_par' dir='ltr' id='par_1_82' title="bbox 1848 3726 3435 3797">
     <span class='ocr_line' id='line_1_82' title="bbox 1848 3726 3435 3797; baseline 0.001 -16"><span class='ocrx_word' id='word_1_639' title='bbox 1848 3727 2158 3796; x_wconf 80' lang='lat' dir='ltr'><strong>praecaveri</strong></span> <span class='ocrx_word' id='word_1_640' title='bbox 2184 3726 2406 3782; x_wconf 88' lang='lat' dir='ltr'><strong>omnino</strong></span> <span class='ocrx_word' id='word_1_641' title='bbox 2442 3736 2713 3797; x_wconf 87' lang='lat' dir='ltr'><strong>oportere.</strong></span> <span class='ocrx_word' id='word_1_642' title='bbox 2765 3726 2921 3782; x_wconf 92' lang='lat' dir='ltr'><strong>Sicut</strong></span> <span class='ocrx_word' id='word_1_643' title='bbox 2942 3734 3073 3781; x_wconf 90' lang='lat' dir='ltr'><strong>sunt</strong></span> <span class='ocrx_word' id='word_1_644' title='bbox 3100 3727 3435 3783; x_wconf 78' lang='lat' dir='ltr'><strong>diversarum</strong></span> 
     </span>
    </p>
   </div>
   <div class='ocr_carea' id='block_1_83' title="bbox 1848 3814 3444 3890">
    <p class='ocr_par' dir='ltr' id='par_1_83' title="bbox 1848 3814 3444 3890">
     <span class='ocr_line' id='line_1_83' title="bbox 1848 3814 3444 3890; baseline 0.001 -16"><span class='ocrx_word' id='word_1_645' title='bbox 1848 3820 2204 3890; x_wconf 86' lang='lat' dir='ltr'><strong>pollutionum</strong></span> <span class='ocrx_word' id='word_1_646' title='bbox 2233 3828 2558 3890; x_wconf 88' lang='lat' dir='ltr'><strong>patratores,</strong></span> <span class='ocrx_word' id='word_1_647' title='bbox 2606 3834 2744 3889; x_wconf 88' lang='lat' dir='ltr'><strong>quos</strong></span> <span class='ocrx_word' id='word_1_648' title='bbox 2768 3814 2892 3876; x_wconf 76' lang='lat' dir='ltr'><strong>cutii</strong></span> <span class='ocrx_word' id='word_1_649' title='bbox 2918 3818 3174 3874; x_wconf 87' lang='lat' dir='ltr'><strong>masculis</strong></span> <span class='ocrx_word' id='word_1_650' title='bbox 3203 3826 3259 3873; x_wconf 90' lang='lat' dir='ltr'><strong>et</strong></span> <span class='ocrx_word' id='word_1_651' title='bbox 3278 3834 3444 3888; x_wconf 85' lang='lat' dir='ltr'><strong>peco-</strong></span> 
     </span>
    </p>
   </div>
   <div class='ocr_carea' id='block_1_84' title="bbox 1849 3909 3440 3979">
    <p class='ocr_par' dir='ltr' id='par_1_84' title="bbox 1849 3909 3440 3979">
     <span class='ocr_line' id='line_1_84' title="bbox 1849 3909 3440 3979; baseline 0.001 -15"><span class='ocrx_word' id='word_1_652' title='bbox 1849 3910 2005 3966; x_wconf 90' lang='lat' dir='ltr'><strong>ribus</strong></span> <span class='ocrx_word' id='word_1_653' title='bbox 2033 3910 2276 3965; x_wconf 90' lang='lat' dir='ltr'><strong>nonnulli</strong></span> <span class='ocrx_word' id='word_1_654' title='bbox 2317 3911 2703 3966; x_wconf 84' lang='lat' dir='ltr'><strong>diversissimis</strong></span> <span class='ocrx_word' id='word_1_655' title='bbox 2739 3910 2914 3965; x_wconf 88' lang='lat' dir='ltr'><strong>modis</strong></span> <span class='ocrx_word' id='word_1_656' title='bbox 2941 3909 3265 3975; x_wconf 87' lang='lat' dir='ltr'><strong>admittunt,</strong></span> <span class='ocrx_word' id='word_1_657' title='bbox 3300 3923 3440 3979; x_wconf 83' lang='lat' dir='ltr'><strong>quae</strong></span> 
     </span>
    </p>
   </div>
   <div class='ocr_carea' id='block_1_85' title="bbox 1848 4001 3445 4073">
    <p class='ocr_par' dir='ltr' id='par_1_85' title="bbox 1848 4001 3445 4073">
     <span class='ocr_line' id='line_1_85' title="bbox 1848 4001 3445 4073; baseline 0.001 -17"><span class='ocrx_word' id='word_1_658' title='bbox 1848 4001 2306 4073; x_wconf 83' lang='lat' dir='ltr'><strong>inconparabilem</strong></span> <span class='ocrx_word' id='word_1_659' title='bbox 2358 4002 2693 4058; x_wconf 77' lang='lat' dir='ltr'><strong>dulceJlnem</strong></span> <span class='ocrx_word' id='word_1_660' title='bbox 2753 4001 2983 4071; x_wconf 83' lang='lat' dir='ltr'><strong>piissimi</strong></span> <span class='ocrx_word' id='word_1_661' title='bbox 3036 4001 3309 4056; x_wconf 80' lang='lat' dir='ltr'><strong>Creatoris</strong></span> <span class='ocrx_word' id='word_1_662' title='bbox 3368 4003 3445 4058; x_wconf 84' lang='lat' dir='ltr'><strong>ad</strong></span> 
     </span>
    </p>
   </div>
   <div class='ocr_carea' id='block_1_86' title="bbox 1847 4090 3434 4163">
    <p class='ocr_par' dir='ltr' id='par_1_86' title="bbox 1847 4090 3434 4163">
     <span class='ocr_line' id='line_1_86' title="bbox 1847 4090 3434 4163; baseline -0.001 -16"><span class='ocrx_word' id='word_1_663' title='bbox 1847 4093 2260 4147; x_wconf 87' lang='lat' dir='ltr'><strong>amaritudinem</strong></span> <span class='ocrx_word' id='word_1_664' title='bbox 2280 4090 2655 4162; x_wconf 77' lang='lat' dir='ltr'><strong>provocantes,</strong></span> <span class='ocrx_word' id='word_1_665' title='bbox 2682 4101 2835 4147; x_wconf 88' lang='lat' dir='ltr'><strong>tanto</strong></span> <span class='ocrx_word' id='word_1_666' title='bbox 2856 4092 3072 4163; x_wconf 78' lang='lat' dir='ltr'><strong>gravius</strong></span> <span class='ocrx_word' id='word_1_667' title='bbox 3094 4092 3434 4161; x_wconf 88' lang='lat' dir='ltr'><strong>delinquunt,</strong></span> 
     </span>
    </p>
   </div>
   <div class='ocr_carea' id='block_1_87' title="bbox 1846 4176 3437 4256">
    <p class='ocr_par' dir='ltr' id='par_1_87' title="bbox 1846 4176 3437 4256">
     <span class='ocr_line' id='line_1_87' title="bbox 1846 4176 3437 4256; baseline 0 -15"><span class='ocrx_word' id='word_1_668' title='bbox 1846 4191 2050 4256; x_wconf 85' lang='lat' dir='ltr'><strong>quanto</strong></span> <span class='ocrx_word' id='word_1_669' title='bbox 2084 4181 2272 4241; x_wconf 75' lang='lat' dir='ltr'><strong>contra</strong></span> <span class='ocrx_word' id='word_1_670' title='bbox 2300 4194 2546 4240; x_wconf 89' lang='lat' dir='ltr'><strong>naturam</strong></span> <span class='ocrx_word' id='word_1_671' title='bbox 2568 4185 2812 4255; x_wconf 77' lang='lat' dir='ltr'><strong>peccant.</strong></span> <span class='ocrx_word' id='word_1_672' title='bbox 2843 4176 2949 4239; x_wconf 83' lang='lat' dir='ltr'><strong>Pro</strong></span> <span class='ocrx_word' id='word_1_673' title='bbox 2975 4199 3084 4255; x_wconf 90' lang='lat' dir='ltr'><strong>quo</strong></span> <span class='ocrx_word' id='word_1_674' title='bbox 3106 4184 3276 4239; x_wconf 87' lang='lat' dir='ltr'><strong>etiam</strong></span> <span class='ocrx_word' id='word_1_675' title='bbox 3318 4196 3437 4241; x_wconf 83' lang='lat' dir='ltr'><strong>sco-</strong></span> 
     </span>
    </p>
   </div>
   <div class='ocr_carea' id='block_1_88' title="bbox 1846 4274 3437 4350">
    <p class='ocr_par' dir='ltr' id='par_1_88' title="bbox 1846 4274 3437 4350">
     <span class='ocr_line' id='line_1_88' title="bbox 1846 4274 3437 4350; baseline 0.001 -19"><span class='ocrx_word' id='word_1_676' title='bbox 1846 4276 1959 4334; x_wconf 87' lang='lat' dir='ltr'><strong>lere</strong></span> <span class='ocrx_word' id='word_1_677' title='bbox 1985 4278 2108 4350; x_wconf 82' lang='lat' dir='ltr'><strong>igne</strong></span> <span class='ocrx_word' id='word_1_678' title='bbox 2131 4276 2349 4333; x_wconf 89' lang='lat' dir='ltr'><strong>caelesti</strong></span> <span class='ocrx_word' id='word_1_679' title='bbox 2380 4275 2740 4348; x_wconf 83' lang='lat' dir='ltr'><strong>conﬂagratae</strong></span> <span class='ocrx_word' id='word_1_680' title='bbox 2774 4274 3078 4345; x_wconf 77' lang='lat' dir='ltr'><strong>infernique</strong></span> <span class='ocrx_word' id='word_1_681' title='bbox 3100 4276 3252 4332; x_wconf 90' lang='lat' dir='ltr'><strong>hiatu</strong></span> <span class='ocrx_word' id='word_1_682' title='bbox 3276 4277 3437 4347; x_wconf 87' lang='lat' dir='ltr'><strong>quin-</strong></span> 
     </span>
    </p>
   </div>
   <div class='ocr_carea' id='block_1_89' title="bbox 1845 4367 3434 4440">
    <p class='ocr_par' dir='ltr' id='par_1_89' title="bbox 1845 4367 3434 4440">
     <span class='ocr_line' id='line_1_89' title="bbox 1845 4367 3434 4440; baseline 0 -17"><span class='ocrx_word' id='word_1_683' title='bbox 1845 4382 1952 4440; x_wconf 90' lang='lat' dir='ltr'><strong>que</strong></span> <span class='ocrx_word' id='word_1_684' title='bbox 1976 4369 2261 4439; x_wconf 88' lang='lat' dir='ltr'><strong>absorptae</strong></span> <span class='ocrx_word' id='word_1_685' title='bbox 2282 4376 2409 4425; x_wconf 88' lang='lat' dir='ltr'><strong>sunt</strong></span> <span class='ocrx_word' id='word_1_686' title='bbox 2429 4368 2695 4435; x_wconf 83' lang='lat' dir='ltr'><strong>civitates;</strong></span> <span class='ocrx_word' id='word_1_687' title='bbox 2722 4382 2826 4424; x_wconf 89' lang='lat' dir='ltr'><strong>nec</strong></span> <span class='ocrx_word' id='word_1_688' title='bbox 2849 4382 2957 4423; x_wconf 88' lang='lat' dir='ltr'><strong>non</strong></span> <span class='ocrx_word' id='word_1_689' title='bbox 2983 4376 3038 4422; x_wconf 88' lang='lat' dir='ltr'><strong>et</strong></span> <span class='ocrx_word' id='word_1_690' title='bbox 3062 4367 3132 4423; x_wconf 68' lang='grc'><strong>40</strong></span> <span class='ocrx_word' id='word_1_691' title='bbox 3149 4376 3203 4422; x_wconf 90' lang='lat' dir='ltr'><strong>et</strong></span> <span class='ocrx_word' id='word_1_692' title='bbox 3227 4382 3293 4424; x_wconf 92' lang='lat' dir='ltr'><strong>eo</strong></span> <span class='ocrx_word' id='word_1_693' title='bbox 3315 4383 3434 4423; x_wconf 90' lang='lat' dir='ltr'><strong>am-</strong></span> 
     </span>
    </p>
   </div>
   <div class='ocr_carea' id='block_1_90' title="bbox 1844 4457 3437 4529">
    <p class='ocr_par' dir='ltr' id='par_1_90' title="bbox 1844 4457 3437 4529">
     <span class='ocr_line' id='line_1_90' title="bbox 1844 4457 3437 4529; baseline 0.001 -17"><span class='ocrx_word' id='word_1_694' title='bbox 1844 4458 1988 4529; x_wconf 87' lang='lat' dir='ltr'><strong>plius</strong></span> <span class='ocrx_word' id='word_1_695' title='bbox 2015 4457 2163 4513; x_wconf 90' lang='lat' dir='ltr'><strong>milia</strong></span> <span class='ocrx_word' id='word_1_696' title='bbox 2188 4458 2374 4528; x_wconf 84' lang='lat' dir='ltr'><strong>stirpis</strong></span> <span class='ocrx_word' id='word_1_697' title='bbox 2402 4458 2681 4514; x_wconf 76' lang='lat' dir='ltr'><strong>Beniamin</strong></span> <span class='ocrx_word' id='word_1_698' title='bbox 2706 4473 2737 4512; x_wconf 90' lang='lat' dir='ltr'><strong>a</strong></span> <span class='ocrx_word' id='word_1_699' title='bbox 2754 4473 3016 4515; x_wconf 89' lang='lat' dir='ltr'><strong>mucrone</strong></span> <span class='ocrx_word' id='word_1_700' title='bbox 3041 4459 3284 4515; x_wconf 84' lang='lat' dir='ltr'><strong>fraterno</strong></span> <span class='ocrx_word' id='word_1_701' title='bbox 3303 4474 3437 4516; x_wconf 90' lang='lat' dir='ltr'><strong>con-</strong></span> 
     </span>
    </p>
   </div>
   <div class='ocr_carea' id='block_1_91' title="bbox 1850 4549 3441 4620">
    <p class='ocr_par' dir='ltr' id='par_1_91' title="bbox 1850 4549 3441 4620">
     <span class='ocr_line' id='line_1_91' title="bbox 1850 4549 3441 4620; baseline -0.002 -16"><span class='ocrx_word' id='word_1_702' title='bbox 1850 4550 1995 4606; x_wconf 81' lang='lat' dir='ltr'><strong>fossa</strong></span> <span class='ocrx_word' id='word_1_703' title='bbox 2029 4559 2177 4605; x_wconf 90' lang='lat' dir='ltr'><strong>sunt.</strong></span> <span class='ocrx_word' id='word_1_704' title='bbox 2215 4549 2361 4604; x_wconf 84' lang='lat' dir='ltr'><strong>Haec</strong></span> <span class='ocrx_word' id='word_1_705' title='bbox 2385 4564 2551 4620; x_wconf 89' lang='lat' dir='ltr'><strong>porro</strong></span> <span class='ocrx_word' id='word_1_706' title='bbox 2571 4550 2771 4605; x_wconf 51' lang='lat' dir='ltr'><strong>iuditia&#39;</strong></span> <span class='ocrx_word' id='word_1_707' title='bbox 2787 4557 2844 4605; x_wconf 89' lang='lat' dir='ltr'><strong>et</strong></span> <span class='ocrx_word' id='word_1_708' title='bbox 2869 4549 3145 4605; x_wconf 86' lang='lat' dir='ltr'><strong>evidentes</strong></span> <span class='ocrx_word' id='word_1_709' title='bbox 3169 4550 3441 4605; x_wconf 85' lang='lat' dir='ltr'><strong>vindictae</strong></span> 
     </span>
    </p>
   </div>
   <div class='ocr_carea' id='block_1_92' title="bbox 144 4618 3433 4714">
    <p class='ocr_par' dir='ltr' id='par_1_92' title="bbox 144 4618 3433 4714">
     <span class='ocr_line' id='line_1_92' title="bbox 144 4618 3433 4714; baseline 0.001 -23"><span class='ocrx_word' id='word_1_710' title='bbox 144 4650 388 4691; x_wconf 55' lang='lat' dir='ltr'><strong>manu</strong></span> <span class='ocrx_word' id='word_1_711' title='bbox 408 4653 708 4694; x_wconf 73' lang='lat' dir='ltr'><strong>mensuram</strong></span> <span class='ocrx_word' id='word_1_712' title='bbox 732 4648 781 4695; x_wconf 86' lang='lat' dir='ltr'><strong>et</strong></span> <span class='ocrx_word' id='word_1_713' title='bbox 796 4618 1092 4712; x_wconf 77' lang='lat' dir='ltr'><strong>augeamus</strong></span> <span class='ocrx_word' id='word_1_714' title='bbox 1112 4640 1301 4696; x_wconf 83' lang='lat' dir='ltr'><strong>siclum</strong></span> <span class='ocrx_word' id='word_1_715' title='bbox 1322 4650 1370 4697; x_wconf 88' lang='lat' dir='ltr'><strong>et</strong></span> <span class='ocrx_word' id='word_1_716' title='bbox 1392 4641 1746 4713; x_wconf 84' lang='lat' dir='ltr'><strong>subponamus</strong></span> <span class='ocrx_word' id='word_1_717' title='bbox 1770 4618 1824 4680; x_wconf 76' lang='lat' dir='ltr'><strong>D</strong></span> <span class='ocrx_word' id='word_1_718' title='bbox 1851 4640 2146 4709; x_wconf 83' lang='lat' dir='ltr'><strong>declarant,</strong></span> <span class='ocrx_word' id='word_1_719' title='bbox 2173 4659 2335 4714; x_wconf 88' lang='lat' dir='ltr'><strong>quam</strong></span> <span class='ocrx_word' id='word_1_720' title='bbox 2361 4618 2679 4699; x_wconf 83' lang='lat' dir='ltr'><strong>detestabile</strong></span> <span class='ocrx_word' id='word_1_721' title='bbox 2708 4651 2770 4698; x_wconf 91' lang='lat' dir='ltr'><strong>et</strong></span> <span class='ocrx_word' id='word_1_722' title='bbox 2801 4642 3107 4699; x_wconf 69' lang='lat' dir='ltr'><strong>execrabile</strong></span> <span class='ocrx_word' id='word_1_723' title='bbox 3135 4641 3277 4711; x_wconf 87' lang='lat' dir='ltr'><strong>apud</strong></span> <span class='ocrx_word' id='word_1_724' title='bbox 3298 4640 3433 4696; x_wconf 60' lang='lat' dir='ltr'><strong>diviv</strong></span> 
     </span>
    </p>
   </div>
   <div class='ocr_carea' id='block_1_93' title="bbox 141 4727 1748 4805">
    <p class='ocr_par' dir='ltr' id='par_1_93' title="bbox 141 4727 1748 4805">
     <span class='ocr_line' id='line_1_93' title="bbox 141 4727 1748 4805; baseline 0.006 -25"><span class='ocrx_word' id='word_1_725' title='bbox 141 4736 385 4782; x_wconf 75' lang='lat' dir='ltr'><strong>etatem</strong></span> <span class='ocrx_word' id='word_1_726' title='bbox 417 4727 652 4797; x_wconf 79' lang='lat' dir='ltr'><strong>dolosas,</strong></span> <span class='ocrx_word' id='word_1_727' title='bbox 680 4741 736 4785; x_wconf 85' lang='lat' dir='ltr'><strong>ut</strong></span> <span class='ocrx_word' id='word_1_728' title='bbox 766 4732 1125 4804; x_wconf 84' lang='lat' dir='ltr'><strong>possideamtts</strong></span> <span class='ocrx_word' id='word_1_729' title='bbox 1148 4733 1206 4787; x_wconf 89' lang='lat' dir='ltr'><strong>in</strong></span> <span class='ocrx_word' id='word_1_730' title='bbox 1234 4736 1450 4804; x_wconf 69' lang='lat' dir='ltr'><strong>argento</strong></span> <span class='ocrx_word' id='word_1_731' title='bbox 1478 4732 1665 4805; x_wconf 80' lang='lat' dir='ltr'><strong>egenos</strong></span> <span class='ocrx_word' id='word_1_732' title='bbox 1698 4744 1748 4790; x_wconf 83' lang='lat' dir='ltr'><strong>et</strong></span> 
     </span>
    </p>
   </div>
   <div class='ocr_carea' id='block_1_94' title="bbox 140 4818 1750 4899">
    <p class='ocr_par' dir='ltr' id='par_1_94' title="bbox 140 4818 1750 4899">
     <span class='ocr_line' id='line_1_94' title="bbox 140 4818 1750 4899; baseline 0.006 -26"><span class='ocrx_word' id='word_1_733' title='bbox 140 4826 414 4891; x_wconf 71' lang='lat' dir='ltr'><strong>pauperes</strong></span> <span class='ocrx_word' id='word_1_734' title='bbox 452 4838 548 4892; x_wconf 84' lang='lat' dir='ltr'><strong>pro</strong></span> <span class='ocrx_word' id='word_1_735' title='bbox 582 4823 959 4891; x_wconf 85' lang='lat' dir='ltr'><strong>calciamentis,</strong></span> <span class='ocrx_word' id='word_1_736' title='bbox 998 4835 1049 4880; x_wconf 90' lang='lat' dir='ltr'><strong>et</strong></span> <span class='ocrx_word' id='word_1_737' title='bbox 1087 4823 1396 4899; x_wconf 68' lang='lat' dir='ltr'><strong>quisquilias</strong></span> <span class='ocrx_word' id='word_1_738' title='bbox 1440 4827 1462 4859; x_wconf 79' lang='grc'>⁸</span> <span class='ocrx_word' id='word_1_739' title='bbox 1499 4818 1750 4898; x_wconf 80' lang='lat' dir='ltr'><strong>frumenti</strong></span> 
     </span>
    </p>
   </div>
   <div class='ocr_carea' id='block_1_95' title="bbox 140 4912 1749 4992">
    <p class='ocr_par' dir='ltr' id='par_1_95' title="bbox 140 4912 1749 4992">
     <span class='ocr_line' id='line_1_95' title="bbox 140 4912 1749 4992; baseline 0.007 -26"><span class='ocrx_word' id='word_1_740' title='bbox 140 4912 532 4971; x_wconf 65' lang='lat' dir='ltr'><strong>madentes;</strong></span> <span class='ocrx_word' id='word_1_741' title='bbox 588 4916 933 4975; x_wconf 68' lang='lat' dir='ltr'><strong>Hiaronimus</strong></span> <span class='ocrx_word' id='word_1_742' title='bbox 976 4920 1033 4974; x_wconf 88' lang='lat' dir='ltr'><strong>in</strong></span> <span class='ocrx_word' id='word_1_743' title='bbox 1073 4920 1411 4992; x_wconf 80' lang='lat' dir='ltr'><strong>expositione</strong></span> <span class='ocrx_word' id='word_1_744' title='bbox 1447 4920 1749 4978; x_wconf 83' lang='lat' dir='ltr'><strong>Ezechielis</strong></span> 
     </span>
    </p>
   </div>
   <div class='ocr_carea' id='block_1_96' title="bbox 139 5002 1749 5082">
    <p class='ocr_par' dir='ltr' id='par_1_96' title="bbox 139 5002 1749 5082">
     <span class='ocr_line' id='line_1_96' title="bbox 139 5002 1749 5082; baseline 0.004 -22"><span class='ocrx_word' id='word_1_745' title='bbox 139 5002 495 5077; x_wconf 61' lang='lat' dir='ltr'><strong>Misene:</strong></span> <span class='ocrx_word' id='word_1_746' title='bbox 530 5027 549 5060; x_wconf 75' lang='grc' dir='ltr'>ι</span> <span class='ocrx_word' id='word_1_747' title='bbox 571 5008 771 5067; x_wconf 77' lang='lat' dir='ltr'><strong>Putant</strong></span> <span class='ocrx_word' id='word_1_748' title='bbox 808 5010 1027 5082; x_wconf 87' lang='lat' dir='ltr'><strong>quidam</strong></span> <span class='ocrx_word' id='word_1_749' title='bbox 1052 5008 1274 5068; x_wconf 74' lang='lat' dir='ltr'><strong>usuram</strong></span> <span class='ocrx_word' id='word_1_750' title='bbox 1312 5020 1523 5069; x_wconf 87' lang='lat' dir='ltr'><strong>tantum</strong></span> <span class='ocrx_word' id='word_1_751' title='bbox 1548 5027 1669 5069; x_wconf 87' lang='lat' dir='ltr'><strong>esse</strong></span> <span class='ocrx_word' id='word_1_752' title='bbox 1693 5013 1749 5068; x_wconf 91' lang='lat' dir='ltr'><strong>iu</strong></span> 
     </span>
    </p>
   </div>
   <div class='ocr_carea' id='block_1_97' title="bbox 140 5095 1744 5173">
    <p class='ocr_par' dir='ltr' id='par_1_97' title="bbox 140 5095 1744 5173">
     <span class='ocr_line' id='line_1_97' title="bbox 140 5095 1744 5173; baseline 0.004 -24"><span class='ocrx_word' id='word_1_753' title='bbox 140 5095 409 5165; x_wconf 85' lang='lat' dir='ltr'><strong>pecunia,</strong></span> <span class='ocrx_word' id='word_1_754' title='bbox 432 5100 579 5168; x_wconf 78' lang='lat' dir='ltr'><strong>quad</strong></span> <span class='ocrx_word' id='word_1_755' title='bbox 612 5101 934 5170; x_wconf 79' lang='lat' dir='ltr'><strong>praevidens</strong></span> <span class='ocrx_word' id='word_1_756' title='bbox 962 5104 1229 5173; x_wconf 88' lang='lat' dir='ltr'><strong>scriptura</strong></span> <span class='ocrx_word' id='word_1_757' title='bbox 1253 5102 1431 5159; x_wconf 89' lang='lat' dir='ltr'><strong>omnis</strong></span> <span class='ocrx_word' id='word_1_758' title='bbox 1464 5103 1543 5158; x_wconf 87' lang='lat' dir='ltr'><strong>rei</strong></span> <span class='ocrx_word' id='word_1_759' title='bbox 1564 5102 1744 5157; x_wconf 82' lang='lat' dir='ltr'><strong>aufert</strong></span> 
     </span>
    </p>
   </div>
   <div class='ocr_carea' id='block_1_98' title="bbox 138 5186 1746 5262">
    <p class='ocr_par' dir='ltr' id='par_1_98' title="bbox 138 5186 1746 5262">
     <span class='ocr_line' id='line_1_98' title="bbox 138 5186 1746 5262; baseline 0.003 -20"><span class='ocrx_word' id='word_1_760' title='bbox 138 5186 764 5256; x_wconf 79' lang='lat' dir='ltr'><strong>superhabundantiam,</strong></span> <span class='ocrx_word' id='word_1_761' title='bbox 810 5200 872 5246; x_wconf 91' lang='lat' dir='ltr'><strong>ut</strong></span> <span class='ocrx_word' id='word_1_762' title='bbox 896 5191 1018 5262; x_wconf 88' lang='lat' dir='ltr'><strong>plus</strong></span> <span class='ocrx_word' id='word_1_763' title='bbox 1049 5204 1157 5247; x_wconf 90' lang='lat' dir='ltr'><strong>non</strong></span> <span class='ocrx_word' id='word_1_764' title='bbox 1205 5192 1436 5262; x_wconf 91' lang='lat' dir='ltr'><strong>recipias</strong></span> <span class='ocrx_word' id='word_1_765' title='bbox 1460 5206 1621 5262; x_wconf 90' lang='lat' dir='ltr'><strong>quam</strong></span> <span class='ocrx_word' id='word_1_766' title='bbox 1654 5192 1746 5247; x_wconf 85' lang='lat' dir='ltr'><strong>de-</strong></span> 
     </span>
    </p>
   </div>
   <div class='ocr_carea' id='block_1_99' title="bbox 140 5277 1748 5353">
    <p class='ocr_par' dir='ltr' id='par_1_99' title="bbox 140 5277 1748 5353">
     <span class='ocr_line' id='line_1_99' title="bbox 140 5277 1748 5353; baseline 0.001 -18"><span class='ocrx_word' id='word_1_767' title='bbox 140 5277 308 5335; x_wconf 65' lang='lat' dir='ltr'><strong>tisti.</strong></span> <span class='ocrx_word' id='word_1_768' title='bbox 341 5278 530 5336; x_wconf 84' lang='lat' dir='ltr'><strong>Solent</strong></span> <span class='ocrx_word' id='word_1_769' title='bbox 553 5280 611 5336; x_wconf 84' lang='lat' dir='ltr'><strong>in</strong></span> <span class='ocrx_word' id='word_1_770' title='bbox 632 5282 779 5353; x_wconf 80' lang='lat' dir='ltr'><strong>agris</strong></span> <span class='ocrx_word' id='word_1_771' title='bbox 802 5281 1059 5339; x_wconf 81' lang='lat' dir='ltr'><strong>frumenti</strong></span> <span class='ocrx_word' id='word_1_772' title='bbox 1089 5290 1145 5338; x_wconf 85' lang='lat' dir='ltr'><strong>et</strong></span> <span class='ocrx_word' id='word_1_773' title='bbox 1164 5282 1303 5338; x_wconf 84' lang='lat' dir='ltr'><strong>milii</strong></span> <span class='ocrx_word' id='word_1_774' title='bbox 1331 5291 1387 5338; x_wconf 88' lang='lat' dir='ltr'><strong>et</strong></span> <span class='ocrx_word' id='word_1_775' title='bbox 1423 5282 1537 5337; x_wconf 78' lang='lat' dir='ltr'><strong>vini</strong></span> <span class='ocrx_word' id='word_1_776' title='bbox 1563 5289 1620 5337; x_wconf 92' lang='lat' dir='ltr'><strong>et</strong></span> <span class='ocrx_word' id='word_1_777' title='bbox 1642 5282 1748 5338; x_wconf 89' lang='lat' dir='ltr'><strong>olei</strong></span> 
     </span>
    </p>
   </div>
   <div class='ocr_carea' id='block_1_100' title="bbox 1849 4729 3432 4793">
    <p class='ocr_par' dir='ltr' id='par_1_100' title="bbox 1849 4729 3432 4793">
     <span class='ocr_line' id='line_1_100' title="bbox 1849 4729 3432 4793; baseline -0.004 0"><span class='ocrx_word' id='word_1_778' title='bbox 1849 4736 1975 4793; x_wconf 82' lang='lat' dir='ltr'><strong>nam</strong></span> <span class='ocrx_word' id='word_1_779' title='bbox 2022 4729 2363 4793; x_wconf 82' lang='lat' dir='ltr'><strong>maiestatem</strong></span> <span class='ocrx_word' id='word_1_780' title='bbox 2398 4737 2503 4792; x_wconf 91' lang='lat' dir='ltr'><strong>hoc</strong></span> <span class='ocrx_word' id='word_1_781' title='bbox 2550 4736 2742 4791; x_wconf 88' lang='lat' dir='ltr'><strong>vitium</strong></span> <span class='ocrx_word' id='word_1_782' title='bbox 2790 4743 2956 4790; x_wconf 86' lang='lat' dir='ltr'><strong>extet.</strong></span> <span class='ocrx_word' id='word_1_783' title='bbox 3009 4734 3210 4788; x_wconf 81' lang='lat' dir='ltr'><strong>Extant</strong></span> <span class='ocrx_word' id='word_1_784' title='bbox 3246 4740 3300 4787; x_wconf 91' lang='lat' dir='ltr'><strong>et</strong></span> <span class='ocrx_word' id='word_1_785' title='bbox 3328 4731 3432 4787; x_wconf 85' lang='lat' dir='ltr'><strong>alia</strong></span> 
     </span>
    </p>
   </div>
   <div class='ocr_carea' id='block_1_101' title="bbox 1848 4824 3424 4899">
    <p class='ocr_par' dir='ltr' id='par_1_101' title="bbox 1848 4824 3424 4899">
     <span class='ocr_line' id='line_1_101' title="bbox 1848 4824 3424 4899; baseline -0.003 -17"><span class='ocrx_word' id='word_1_786' title='bbox 1848 4829 2297 4899; x_wconf 87' lang='lat' dir='ltr'><strong>peruitiosissima</strong></span> <span class='ocrx_word' id='word_1_787' title='bbox 2322 4824 2460 4882; x_wconf 83' lang='lat' dir='ltr'><strong>mala</strong></span> <span class='ocrx_word' id='word_1_788' title='bbox 2498 4841 2636 4897; x_wconf 87' lang='lat' dir='ltr'><strong>quae</strong></span> <span class='ocrx_word' id='word_1_789' title='bbox 2668 4842 2735 4881; x_wconf 83' lang='lat' dir='ltr'><strong>cx</strong></span> <span class='ocrx_word' id='word_1_790' title='bbox 2780 4827 2887 4881; x_wconf 88' lang='lat' dir='ltr'><strong>ritu</strong></span> <span class='ocrx_word' id='word_1_791' title='bbox 2914 4824 3191 4897; x_wconf 82' lang='lat' dir='ltr'><strong>gentilium</strong></span> <span class='ocrx_word' id='word_1_792' title='bbox 3223 4838 3424 4878; x_wconf 84' lang='lat' dir='ltr'><strong>reman-</strong></span> 
     </span>
    </p>
   </div>
   <div class='ocr_carea' id='block_1_102' title="bbox 1849 4915 3431 4988">
    <p class='ocr_par' dir='ltr' id='par_1_102' title="bbox 1849 4915 3431 4988">
     <span class='ocr_line' id='line_1_102' title="bbox 1849 4915 3431 4988; baseline -0.004 -13"><span class='ocrx_word' id='word_1_793' title='bbox 1849 4919 1984 4976; x_wconf 86' lang='lat' dir='ltr'><strong>sisse</strong></span> <span class='ocrx_word' id='word_1_794' title='bbox 2004 4935 2113 4975; x_wconf 91' lang='lat' dir='ltr'><strong>non</strong></span> <span class='ocrx_word' id='word_1_795' title='bbox 2138 4918 2359 4973; x_wconf 86' lang='lat' dir='ltr'><strong>dubium</strong></span> <span class='ocrx_word' id='word_1_796' title='bbox 2382 4926 2486 4982; x_wconf 69' lang='lat' dir='ltr'><strong>est;</strong></span> <span class='ocrx_word' id='word_1_797' title='bbox 2525 4928 2585 4972; x_wconf 87' lang='lat' dir='ltr'><strong>ut</strong></span> <span class='ocrx_word' id='word_1_798' title='bbox 2612 4926 2737 4974; x_wconf 89' lang='lat' dir='ltr'><strong>sunt</strong></span> <span class='ocrx_word' id='word_1_799' title='bbox 2758 4918 2921 4988; x_wconf 83' lang='lat' dir='ltr'><strong>magi,</strong></span> <span class='ocrx_word' id='word_1_800' title='bbox 2952 4915 3128 4981; x_wconf 90' lang='lat' dir='ltr'><strong>arioli,</strong></span> <span class='ocrx_word' id='word_1_801' title='bbox 3169 4915 3431 4985; x_wconf 87' lang='lat' dir='ltr'><strong>sortilegi,</strong></span> 
     </span>
    </p>
   </div>
   <div class='ocr_carea' id='block_1_103' title="bbox 1849 5005 3439 5076">
    <p class='ocr_par' dir='ltr' id='par_1_103' title="bbox 1849 5005 3439 5076">
     <span class='ocr_line' id='line_1_103' title="bbox 1849 5005 3439 5076; baseline -0.004 -10"><span class='ocrx_word' id='word_1_802' title='bbox 1849 5008 2095 5076; x_wconf 55' lang='lat' dir='ltr'><strong>Veneﬁci;</strong></span> <span class='ocrx_word' id='word_1_803' title='bbox 2119 5009 2305 5074; x_wconf 69' lang='lat' dir='ltr'><strong>divini;</strong></span> <span class='ocrx_word' id='word_1_804' title='bbox 2336 5008 2722 5073; x_wconf 85' lang='lat' dir='ltr'><strong>incantatores,</strong></span> <span class='ocrx_word' id='word_1_805' title='bbox 2751 5007 3140 5063; x_wconf 88' lang='lat' dir='ltr'><strong>somniatorum</strong></span> <span class='ocrx_word' id='word_1_806' title='bbox 3164 5005 3439 5061; x_wconf 82' lang='lat' dir='ltr'><strong>coniecto-</strong></span> 
     </span>
    </p>
   </div>
   <div class='ocr_carea' id='block_1_104' title="bbox 1850 5093 3436 5170">
    <p class='ocr_par' dir='ltr' id='par_1_104' title="bbox 1850 5093 3436 5170">
     <span class='ocr_line' id='line_1_104' title="bbox 1850 5093 3436 5170; baseline -0.006 -14"><span class='ocrx_word' id='word_1_807' title='bbox 1850 5114 1973 5167; x_wconf 88' lang='lat' dir='ltr'><strong>res,</strong></span> <span class='ocrx_word' id='word_1_808' title='bbox 2010 5115 2146 5170; x_wconf 89' lang='lat' dir='ltr'><strong>quos</strong></span> <span class='ocrx_word' id='word_1_809' title='bbox 2174 5100 2354 5155; x_wconf 91' lang='lat' dir='ltr'><strong>divina</strong></span> <span class='ocrx_word' id='word_1_810' title='bbox 2400 5099 2485 5154; x_wconf 79' lang='lat' dir='ltr'><strong>lex</strong></span> <span class='ocrx_word' id='word_1_811' title='bbox 2533 5097 3009 5153; x_wconf 87' lang='lat' dir='ltr'><strong>inretractabiliter</strong></span> <span class='ocrx_word' id='word_1_812' title='bbox 3053 5094 3233 5167; x_wconf 90' lang='lat' dir='ltr'><strong>puniri</strong></span> <span class='ocrx_word' id='word_1_813' title='bbox 3267 5093 3436 5150; x_wconf 89' lang='lat' dir='ltr'><strong>iubet.</strong></span> 
     </span>
    </p>
   </div>
   <div class='ocr_carea' id='block_1_105' title="bbox 1850 5185 3438 5263">
    <p class='ocr_par' dir='ltr' id='par_1_105' title="bbox 1850 5185 3438 5263">
     <span class='ocr_line' id='line_1_105' title="bbox 1850 5185 3438 5263; baseline -0.004 -15"><span class='ocrx_word' id='word_1_814' title='bbox 1850 5186 1930 5248; x_wconf 80' lang='lat' dir='ltr'><strong>De</strong></span> <span class='ocrx_word' id='word_1_815' title='bbox 1955 5192 2150 5263; x_wconf 87' lang='lat' dir='ltr'><strong>quibus</strong></span> <span class='ocrx_word' id='word_1_816' title='bbox 2181 5187 2236 5247; x_wconf 80' lang='lat' dir='ltr'><strong>in</strong></span> <span class='ocrx_word' id='word_1_817' title='bbox 2263 5192 2379 5263; x_wconf 88' lang='lat' dir='ltr'><strong>lege</strong></span> <span class='ocrx_word' id='word_1_818' title='bbox 2408 5191 2642 5247; x_wconf 87' lang='lat' dir='ltr'><strong>dicitur:</strong></span> <span class='ocrx_word' id='word_1_819' title='bbox 2693 5190 2871 5245; x_wconf 86' lang='lat' dir='ltr'><strong>anima</strong></span> <span class='ocrx_word' id='word_1_820' title='bbox 2918 5203 3053 5259; x_wconf 85' lang='lat' dir='ltr'><strong>quae</strong></span> <span class='ocrx_word' id='word_1_821' title='bbox 3099 5185 3438 5241; x_wconf 81' lang='lat' dir='ltr'><strong>declinaverit</strong></span> 
     </span>
    </p>
   </div>
   <div class='ocr_carea' id='block_1_106' title="bbox 1854 5277 3429 5357">
    <p class='ocr_par' dir='ltr' id='par_1_106' title="bbox 1854 5277 3429 5357">
     <span class='ocr_line' id='line_1_106' title="bbox 1854 5277 3429 5357; baseline -0.004 -19"><span class='ocrx_word' id='word_1_822' title='bbox 1854 5294 1925 5338; x_wconf 86' lang='lat' dir='ltr'><strong>aa</strong></span> <span class='ocrx_word' id='word_1_823' title='bbox 1950 5294 2130 5355; x_wconf 83' lang='lat' dir='ltr'><strong>magos</strong></span> <span class='ocrx_word' id='word_1_824' title='bbox 2160 5293 2211 5338; x_wconf 85' lang='lat' dir='ltr'><strong>et</strong></span> <span class='ocrx_word' id='word_1_825' title='bbox 2237 5281 2454 5357; x_wconf 73' lang='lat' dir='ltr'><strong>ariolos,</strong></span> <span class='ocrx_word' id='word_1_826' title='bbox 2486 5291 2534 5337; x_wconf 86' lang='lat' dir='ltr'><strong>et</strong></span> <span class='ocrx_word' id='word_1_827' title='bbox 2560 5281 2821 5352; x_wconf 68' lang='lat' dir='ltr'><strong>form&#39;cata</strong></span> <span class='ocrx_word' id='word_1_828' title='bbox 2866 5278 3025 5351; x_wconf 84' lang='lat' dir='ltr'><strong>fuerit</strong></span> <span class='ocrx_word' id='word_1_829' title='bbox 3069 5293 3188 5332; x_wconf 83' lang='lat' dir='ltr'><strong>cum</strong></span> <span class='ocrx_word' id='word_1_830' title='bbox 3208 5277 3304 5343; x_wconf 76' lang='lat' dir='ltr'><strong>eis,</strong></span> <span class='ocrx_word' id='word_1_831' title='bbox 3333 5293 3429 5348; x_wconf 83' lang='lat' dir='ltr'><strong>po-</strong></span> 
     </span>
    </p>
   </div>
   <div class='ocr_carea' id='block_1_107' title="bbox 1412 5397 2244 5477">
    <p class='ocr_par' dir='ltr' id='par_1_107' title="bbox 1412 5397 2244 5477">
     <span class='ocr_line' id='line_1_107' title="bbox 1412 5397 2244 5477; baseline -0.002 0"><span class='ocrx_word' id='word_1_832' title='bbox 1412 5397 1806 5477; x_wconf 71' lang='lat' dir='ltr'><strong>vAnlANTEs</strong></span> <span class='ocrx_word' id='word_1_833' title='bbox 1843 5419 2244 5477; x_wconf 78' lang='lat' dir='ltr'><strong>LECTIONES.</strong></span> 
     </span>
    </p>
   </div>
   <div class='ocr_carea' id='block_1_108' title="bbox 223 5540 3431 5635">
    <p class='ocr_par' dir='ltr' id='par_1_108' title="bbox 223 5540 3431 5635">
     <span class='ocr_line' id='line_1_108' title="bbox 223 5540 3431 5635; baseline 0 -26"><span class='ocrx_word' id='word_1_834' title='bbox 223 5556 241 5589; x_wconf 80' lang='grc'>⁸</span> <span class='ocrx_word' id='word_1_835' title='bbox 287 5548 411 5635; x_wconf 54' lang='grc' dir='ltr'><strong>ξε.</strong></span> <span class='ocrx_word' id='word_1_836' title='bbox 474 5558 508 5635; x_wconf 41' lang='grc' dir='ltr'><strong>’ξ</strong></span> <span class='ocrx_word' id='word_1_837' title='bbox 545 5573 593 5610; x_wconf 69' lang='lat' dir='ltr'><strong>c;</strong></span> <span class='ocrx_word' id='word_1_838' title='bbox 638 5540 896 5635; x_wconf 66' lang='lat' dir='ltr'><strong>exigiest_</strong></span> <span class='ocrx_word' id='word_1_839' title='bbox 936 5562 958 5589; x_wconf 81' lang='grc'><em>³</em></span> <span class='ocrx_word' id='word_1_840' title='bbox 984 5571 1181 5635; x_wconf 58' lang='lat' dir='ltr'><strong>temtas</strong></span> <span class='ocrx_word' id='word_1_841' title='bbox 1206 5575 1254 5611; x_wconf 89' lang='lat' dir='ltr'><strong>c.-</strong></span> <span class='ocrx_word' id='word_1_842' title='bbox 1300 5557 1353 5635; x_wconf 71' lang='lat'><strong>_‘</strong></span> <span class='ocrx_word' id='word_1_843' title='bbox 1378 5558 1535 5635; x_wconf 70' lang='lat' dir='ltr'><strong>genti</strong></span> <span class='ocrx_word' id='word_1_844' title='bbox 1565 5570 1612 5607; x_wconf 72' lang='grc' dir='ltr'><strong>τ.</strong></span> <span class='ocrx_word' id='word_1_845' title='bbox 1708 5552 2058 5635; x_wconf 83' lang='lat' dir='ltr'><strong>atenuatur</strong></span> <span class='ocrx_word' id='word_1_846' title='bbox 2081 5572 2132 5613; x_wconf 90' lang='lat' dir='ltr'><strong>c.</strong></span> <span class='ocrx_word' id='word_1_847' title='bbox 2234 5554 2255 5585; x_wconf 75' lang='grc'>⁸</span> <span class='ocrx_word' id='word_1_848' title='bbox 2295 5553 2562 5626; x_wconf 78' lang='lat' dir='ltr'><strong>siibripiat</strong></span> <span class='ocrx_word' id='word_1_849' title='bbox 2607 5569 2745 5610; x_wconf 88' lang='lat' dir='ltr'><strong>corr.</strong></span> <span class='ocrx_word' id='word_1_850' title='bbox 2786 5552 3069 5625; x_wconf 88' lang='lat' dir='ltr'><strong>surripiat.</strong></span> <span class='ocrx_word' id='word_1_851' title='bbox 3143 5552 3166 5587; x_wconf 85' lang='lat'>&#39;</span> <span class='ocrx_word' id='word_1_852' title='bbox 3238 5564 3342 5611; x_wconf 85' lang='lat' dir='ltr'><strong>nec</strong></span> <span class='ocrx_word' id='word_1_853' title='bbox 3377 5565 3431 5610; x_wconf 83' lang='lat' dir='ltr'><strong>c.</strong></span> 
     </span>
    </p>
   </div>
   <div class='ocr_carea' id='block_1_109' title="bbox 137 5623 2035 5700">
    <p class='ocr_par' dir='ltr' id='par_1_109' title="bbox 137 5623 2035 5700">
     <span class='ocr_line' id='line_1_109' title="bbox 137 5623 2035 5700; baseline 0.002 -19"><span class='ocrx_word' id='word_1_854' title='bbox 137 5623 167 5660; x_wconf 81' lang='grc'><strong><em>⁸</em></strong></span> <span class='ocrx_word' id='word_1_855' title='bbox 208 5626 344 5699; x_wconf 86' lang='lat' dir='ltr'><strong>quis</strong></span> <span class='ocrx_word' id='word_1_856' title='bbox 367 5625 577 5697; x_wconf 87' lang='lat' dir='ltr'><strong>qualias</strong></span> <span class='ocrx_word' id='word_1_857' title='bbox 628 5623 766 5682; x_wconf 72' lang='lat' dir='ltr'><strong>corr:</strong></span> <span class='ocrx_word' id='word_1_858' title='bbox 806 5629 929 5700; x_wconf 87' lang='lat' dir='ltr'><strong>quis</strong></span> <span class='ocrx_word' id='word_1_859' title='bbox 954 5628 1199 5699; x_wconf 70' lang='lat' dir='ltr'><strong>siliquas;</strong></span> <span class='ocrx_word' id='word_1_860' title='bbox 1300 5626 1322 5659; x_wconf 85' lang='lat'><strong>&#39;</strong></span> <span class='ocrx_word' id='word_1_861' title='bbox 1361 5623 1534 5685; x_wconf 74' lang='lat' dir='ltr'><strong>derint</strong></span> <span class='ocrx_word' id='word_1_862' title='bbox 1576 5641 1625 5679; x_wconf 68' lang='grc' dir='ltr'><strong>ει</strong></span> <span class='ocrx_word' id='word_1_863' title='bbox 1705 5624 1747 5655; x_wconf 79' lang='grc'><strong>¹⁹</strong></span> <span class='ocrx_word' id='word_1_864' title='bbox 1786 5624 1959 5695; x_wconf 77' lang='lat' dir='ltr'><strong>poena</strong></span> <span class='ocrx_word' id='word_1_865' title='bbox 1984 5644 2035 5685; x_wconf 87' lang='lat' dir='ltr'><strong>c.</strong></span> 
     </span>
    </p>
   </div>
   <div class='ocr_carea' id='block_1_110' title="bbox 1675 5742 1908 5821">
    <p class='ocr_par' dir='ltr' id='par_1_110' title="bbox 1675 5742 1908 5821">
     <span class='ocr_line' id='line_1_110' title="bbox 1675 5742 1908 5821; baseline 0 -3"><span class='ocrx_word' id='word_1_866' title='bbox 1675 5742 1908 5821; x_wconf 70' lang='lat' dir='ltr'><strong>NOTAE.</strong></span> 
     </span>
    </p>
   </div>
   <div class='ocr_carea' id='block_1_111' title="bbox 222 5860 467 5921">
    <p class='ocr_par' dir='ltr' id='par_1_111' title="bbox 222 5860 467 5921">
     <span class='ocr_line' id='line_1_111' title="bbox 222 5860 467 5921; baseline -0.004 -6"><span class='ocrx_word' id='word_1_867' title='bbox 222 5873 255 5903; x_wconf 74' lang='grc' dir='ltr'>α</span> <span class='ocrx_word' id='word_1_868' title='bbox 298 5860 340 5921; x_wconf 88' lang='lat' dir='ltr'><strong>I,</strong></span> <span class='ocrx_word' id='word_1_869' title='bbox 377 5860 467 5915; x_wconf 77' lang='lat'><strong>55.</strong></span> 
     </span>
    </p>
   </div>
   <div class='ocr_carea' id='block_1_112' title="bbox 222 5926 1872 6002">
    <p class='ocr_par' dir='ltr' id='par_1_112' title="bbox 222 5926 1872 6002">
     <span class='ocr_line' id='line_1_112' title="bbox 222 5926 1872 6002; baseline -0.004 -14"><span class='ocrx_word' id='word_1_870' title='bbox 222 5930 258 5974; x_wconf 77' lang='grc' dir='ltr'>ὶι</span> <span class='ocrx_word' id='word_1_871' title='bbox 296 5931 388 6001; x_wconf 79' lang='grc'><strong>111,</strong></span> <span class='ocrx_word' id='word_1_872' title='bbox 417 5930 484 5997; x_wconf 65' lang='grc'><strong>2,</strong></span> <span class='ocrx_word' id='word_1_873' title='bbox 528 5946 585 6002; x_wconf 90' lang='lat' dir='ltr'><strong>p.</strong></span> <span class='ocrx_word' id='word_1_874' title='bbox 627 5928 783 5987; x_wconf 64' lang='lat'><strong>{658.</strong></span> <span class='ocrx_word' id='word_1_875' title='bbox 825 5929 923 5987; x_wconf 85' lang='lat' dir='ltr'><strong>llic</strong></span> <span class='ocrx_word' id='word_1_876' title='bbox 956 5928 1260 5987; x_wconf 75' lang='lat' dir='ltr'><strong>Addiiionis</strong></span> <span class='ocrx_word' id='word_1_877' title='bbox 1302 5944 1343 5985; x_wconf 80' lang='grc' dir='ltr'><strong><em>ιι</em></strong></span> <span class='ocrx_word' id='word_1_878' title='bbox 1381 5934 1545 5999; x_wconf 86' lang='lat' dir='ltr'><strong>caput</strong></span> <span class='ocrx_word' id='word_1_879' title='bbox 1567 5927 1631 5982; x_wconf 65' lang='lat' dir='ltr'><strong>il</strong></span> <span class='ocrx_word' id='word_1_880' title='bbox 1663 5926 1872 5996; x_wconf 63' lang='lat' dir='ltr'><strong>incipit;</strong></span> 
     </span>
    </p>
   </div>
  </div>
