  <div class='ocr_page' id='page_1' title='image "/cluster/home/n/w/nwhite01/storage/ocr_20150623/97/hvd.32044015466766/331.png"; bbox 0 0 3992 6344; ppageno 0'>
   <div class='ocr_carea' id='block_1_1' title="bbox 563 406 667 462">
    <p class='ocr_par' dir='ltr' id='par_1_1' title="bbox 563 406 667 462">
     <span class='ocr_line' id='line_1_1' title="bbox 563 406 667 462; baseline 0.01 -1"><span class='ocrx_word' id='word_1_1' title='bbox 563 406 667 462; x_wconf 62' lang='grc'><strong>1325</strong></span> 
     </span>
    </p>
   </div>
   <div class='ocr_carea' id='block_1_2' title="bbox 1382 395 3003 456">
    <p class='ocr_par' dir='ltr' id='par_1_2' title="bbox 1382 395 3003 456">
     <span class='ocr_line' id='line_1_2' title="bbox 1382 395 3003 456; baseline -0.001 -2"><span class='ocrx_word' id='word_1_2' title='bbox 1382 401 1442 454; x_wconf 86' lang='grc' dir='ltr'><strong>Β.</strong></span> <span class='ocrx_word' id='word_1_3' title='bbox 1484 399 1730 456; x_wconf 71' lang='grc' dir='ltr'>(ῖΑιιυιι</span> <span class='ocrx_word' id='word_1_4' title='bbox 1768 397 1980 453; x_wconf 75' lang='lat' dir='ltr'><strong>MAGNI</strong></span> <span class='ocrx_word' id='word_1_5' title='bbox 2011 395 2162 454; x_wconf 77' lang='lat' dir='ltr'><strong>OPP.</strong></span> <span class='ocrx_word' id='word_1_6' title='bbox 2203 396 2380 452; x_wconf 76' lang='lat' dir='ltr'><strong>PARS</strong></span> <span class='ocrx_word' id='word_1_7' title='bbox 2415 396 2455 450; x_wconf 84' lang='grc' dir='ltr'><strong>Ι.</strong></span> <span class='ocrx_word' id='word_1_8' title='bbox 2497 397 2736 454; x_wconf 79' lang='lat' dir='ltr'><strong>SBCTIO</strong></span> <span class='ocrx_word' id='word_1_9' title='bbox 2773 398 3003 454; x_wconf 77' lang='lat' dir='ltr'><strong>PRIMA.</strong></span> 
     </span>
    </p>
   </div>
   <div class='ocr_carea' id='block_1_3' title="bbox 3721 402 3827 457">
    <p class='ocr_par' dir='ltr' id='par_1_3' title="bbox 3721 402 3827 457">
     <span class='ocr_line' id='line_1_3' title="bbox 3721 402 3827 457; baseline 0.009 -1"><span class='ocrx_word' id='word_1_10' title='bbox 3721 402 3827 457; x_wconf 60' lang='grc' dir='ltr'><strong>θὶι</strong></span> 
     </span>
    </p>
   </div>
   <div class='ocr_carea' id='block_1_4' title="bbox 565 496 3830 587">
    <p class='ocr_par' dir='ltr' id='par_1_4' title="bbox 565 496 3830 587">
     <span class='ocr_line' id='line_1_4' title="bbox 565 496 3830 587; baseline 0 -14"><span class='ocrx_word' id='word_1_11' title='bbox 565 533 687 573; x_wconf 86' lang='lat' dir='ltr'><strong>nam</strong></span> <span class='ocrx_word' id='word_1_12' title='bbox 712 516 898 587; x_wconf 83' lang='lat' dir='ltr'><strong>{aciem</strong></span> <span class='ocrx_word' id='word_1_13' title='bbox 915 496 1101 567; x_wconf 24' lang='lat' dir='ltr'><strong>inicum</strong></span> <span class='ocrx_word' id='word_1_14' title='bbox 1122 523 1302 566; x_wconf 86' lang='lat' dir='ltr'><strong>contra</strong></span> <span class='ocrx_word' id='word_1_15' title='bbox 1324 529 1460 576; x_wconf 85' lang='lat' dir='ltr'><strong>eam,</strong></span> <span class='ocrx_word' id='word_1_16' title='bbox 1488 521 1536 565; x_wconf 86' lang='lat' dir='ltr'><strong>et</strong></span> <span class='ocrx_word' id='word_1_17' title='bbox 1560 510 1873 578; x_wconf 82' lang='lat' dir='ltr'><strong>inter/icium</strong></span> <span class='ocrx_word' id='word_1_18' title='bbox 1898 508 2046 563; x_wconf 80' lang='lat' dir='ltr'><strong><em>illam</em></strong></span> <span class='ocrx_word' id='word_1_19' title='bbox 2067 509 2133 563; x_wconf 89' lang='lat' dir='ltr'><strong>de</strong></span> <span class='ocrx_word' id='word_1_20' title='bbox 2159 515 2212 575; x_wconf 77' lang='grc' dir='ltr'>Α</span> <span class='ocrx_word' id='word_1_21' title='bbox 2237 511 2538 579; x_wconf 84' lang='lat' dir='ltr'><strong>exemplum</strong></span> <span class='ocrx_word' id='word_1_22' title='bbox 2555 511 2675 565; x_wconf 89' lang='lat' dir='ltr'><strong>aliis</strong></span> <span class='ocrx_word' id='word_1_23' title='bbox 2699 514 2960 580; x_wconf 87' lang='lat' dir='ltr'><strong>praebere</strong></span> <span class='ocrx_word' id='word_1_24' title='bbox 2988 513 3250 578; x_wconf 88' lang='lat' dir='ltr'><strong>volumus,</strong></span> <span class='ocrx_word' id='word_1_25' title='bbox 3279 522 3333 568; x_wconf 89' lang='lat' dir='ltr'><strong>et</strong></span> <span class='ocrx_word' id='word_1_26' title='bbox 3355 513 3604 570; x_wconf 83' lang='lat' dir='ltr'><strong>ﬁdelibus</strong></span> <span class='ocrx_word' id='word_1_27' title='bbox 3627 520 3830 574; x_wconf 75' lang='lat' dir='ltr'><strong>vestris</strong></span> 
     </span>
    </p>
   </div>
   <div class='ocr_carea' id='block_1_5' title="bbox 564 599 3828 677">
    <p class='ocr_par' dir='ltr' id='par_1_5' title="bbox 564 599 3828 677">
     <span class='ocr_line' id='line_1_5' title="bbox 564 599 3828 677; baseline 0 -14"><span class='ocrx_word' id='word_1_28' title='bbox 564 608 731 663; x_wconf 83' lang='lat' dir='ltr'><strong>medio</strong></span> <span class='ocrx_word' id='word_1_29' title='bbox 756 606 931 677; x_wconf 78' lang='lat' dir='ltr'><strong>populi</strong></span> <span class='ocrx_word' id='word_1_30' title='bbox 957 607 1058 660; x_wconf 81' lang='lat' dir='ltr'><strong>sui.</strong></span> <span class='ocrx_word' id='word_1_31' title='bbox 1091 604 1508 672; x_wconf 64' lang='lat' dir='ltr'><strong>Sancti/immitti</strong></span> <span class='ocrx_word' id='word_1_32' title='bbox 1531 611 1579 656; x_wconf 85' lang='lat' dir='ltr'><strong>et</strong></span> <span class='ocrx_word' id='word_1_33' title='bbox 1615 603 1781 656; x_wconf 81' lang='lat' dir='ltr'><strong>dsto‘te</strong></span> <span class='ocrx_word' id='word_1_34' title='bbox 1806 601 1927 674; x_wconf 89' lang='lat' dir='ltr'><strong>(sic)</strong></span> <span class='ocrx_word' id='word_1_35' title='bbox 1948 601 2138 664; x_wconf 78' lang='lat' dir='ltr'><strong>sancti,</strong></span> <span class='ocrx_word' id='word_1_36' title='bbox 2237 599 2513 655; x_wconf 73' lang='lat' dir='ltr'><strong>humiliter</strong></span> <span class='ocrx_word' id='word_1_37' title='bbox 2537 601 2890 667; x_wconf 72' lang='lat' dir='ltr'><strong>innotescere,</strong></span> <span class='ocrx_word' id='word_1_38' title='bbox 2915 611 2970 658; x_wconf 88' lang='lat' dir='ltr'><strong>et</strong></span> <span class='ocrx_word' id='word_1_39' title='bbox 2991 603 3222 658; x_wconf 87' lang='lat' dir='ltr'><strong>ﬁdeliter</strong></span> <span class='ocrx_word' id='word_1_40' title='bbox 3241 606 3559 661; x_wconf 74' lang='lat' dir='ltr'><strong>denuntiare</strong></span> <span class='ocrx_word' id='word_1_41' title='bbox 3583 623 3828 664; x_wconf 85' lang='lat' dir='ltr'><strong>necessa-</strong></span> 
     </span>
    </p>
   </div>
   <div class='ocr_carea' id='block_1_6' title="bbox 561 690 2142 771">
    <p class='ocr_par' dir='ltr' id='par_1_6' title="bbox 561 690 2142 771">
     <span class='ocr_line' id='line_1_6' title="bbox 561 690 2142 771; baseline -0.006 -18"><span class='ocrx_word' id='word_1_42' title='bbox 561 701 686 771; x_wconf 83' lang='lat' dir='ltr'><strong>quia</strong></span> <span class='ocrx_word' id='word_1_43' title='bbox 695 715 788 769; x_wconf 84' lang='lat' dir='ltr'><strong>ego</strong></span> <span class='ocrx_word' id='word_1_44' title='bbox 799 704 1008 751; x_wconf 86' lang='lat' dir='ltr'><strong>sanctus</strong></span> <span class='ocrx_word' id='word_1_45' title='bbox 1021 711 1134 748; x_wconf 87' lang='lat' dir='ltr'><strong>sum</strong></span> <span class='ocrx_word' id='word_1_46' title='bbox 1147 694 1387 749; x_wconf 81' lang='lat' dir='ltr'><strong>dominus</strong></span> <span class='ocrx_word' id='word_1_47' title='bbox 1402 693 1541 747; x_wconf 78' lang='lat' dir='ltr'><strong>Deus</strong></span> <span class='ocrx_word' id='word_1_48' title='bbox 1553 701 1732 747; x_wconf 78' lang='lat' dir='ltr'><strong>vester.</strong></span> <span class='ocrx_word' id='word_1_49' title='bbox 1749 690 2015 746; x_wconf 84' lang='lat' dir='ltr'><strong>Custodite</strong></span> <span class='ocrx_word' id='word_1_50' title='bbox 2025 706 2142 761; x_wconf 86' lang='lat' dir='ltr'><strong>pre-</strong></span> 
     </span>
    </p>
   </div>
   <div class='ocr_carea' id='block_1_7' title="bbox 562 780 2142 860">
    <p class='ocr_par' dir='ltr' id='par_1_7' title="bbox 562 780 2142 860">
     <span class='ocr_line' id='line_1_7' title="bbox 562 780 2142 860; baseline -0.006 -17"><span class='ocrx_word' id='word_1_51' title='bbox 562 799 710 860; x_wconf 80' lang='lat' dir='ltr'><strong>cepta</strong></span> <span class='ocrx_word' id='word_1_52' title='bbox 735 804 850 842; x_wconf 89' lang='lat' dir='ltr'><strong>mea</strong></span> <span class='ocrx_word' id='word_1_53' title='bbox 879 794 926 839; x_wconf 84' lang='lat' dir='ltr'><strong>et</strong></span> <span class='ocrx_word' id='word_1_54' title='bbox 951 786 1108 855; x_wconf 78' lang='lat' dir='ltr'><strong>facite</strong></span> <span class='ocrx_word' id='word_1_55' title='bbox 1133 801 1222 847; x_wconf 90' lang='lat' dir='ltr'><strong>ea,</strong></span> <span class='ocrx_word' id='word_1_56' title='bbox 1258 784 1384 854; x_wconf 85' lang='lat' dir='ltr'><strong>quia</strong></span> <span class='ocrx_word' id='word_1_57' title='bbox 1414 799 1507 853; x_wconf 87' lang='lat' dir='ltr'><strong>ego</strong></span> <span class='ocrx_word' id='word_1_58' title='bbox 1546 782 1800 836; x_wconf 84' lang='lat' dir='ltr'><strong>Dominus</strong></span> <span class='ocrx_word' id='word_1_59' title='bbox 1833 782 1922 851; x_wconf 83' lang='lat' dir='ltr'><strong>qui</strong></span> <span class='ocrx_word' id='word_1_60' title='bbox 1946 780 2142 834; x_wconf 84' lang='lat' dir='ltr'><strong>sancti-</strong></span> 
     </span>
    </p>
   </div>
   <div class='ocr_carea' id='block_1_8' title="bbox 562 870 2138 948">
    <p class='ocr_par' dir='ltr' id='par_1_8' title="bbox 562 870 2138 948">
     <span class='ocr_line' id='line_1_8' title="bbox 562 870 2138 948; baseline -0.005 -16"><span class='ocrx_word' id='word_1_61' title='bbox 562 881 664 948; x_wconf 78' lang='lat' dir='ltr'><strong>fieo</strong></span> <span class='ocrx_word' id='word_1_62' title='bbox 710 895 818 932; x_wconf 83' lang='lat' dir='ltr'><strong>vos.</strong></span> <span class='ocrx_word' id='word_1_63' title='bbox 888 877 958 931; x_wconf 84' lang='lat' dir='ltr'><strong>Et</strong></span> <span class='ocrx_word' id='word_1_64' title='bbox 1008 875 1137 930; x_wconf 91' lang='lat' dir='ltr'><strong>alibi</strong></span> <span class='ocrx_word' id='word_1_65' title='bbox 1185 889 1200 928; x_wconf 93' lang='lat'><strong>:</strong></span> <span class='ocrx_word' id='word_1_66' title='bbox 1251 873 1436 944; x_wconf 75' lang='lat' dir='ltr'><strong>Magos</strong></span> <span class='ocrx_word' id='word_1_67' title='bbox 1474 882 1523 927; x_wconf 86' lang='lat' dir='ltr'><strong>et</strong></span> <span class='ocrx_word' id='word_1_68' title='bbox 1559 873 1752 927; x_wconf 87' lang='lat' dir='ltr'><strong>ariolos</strong></span> <span class='ocrx_word' id='word_1_69' title='bbox 1791 881 1839 926; x_wconf 87' lang='lat' dir='ltr'><strong>et</strong></span> <span class='ocrx_word' id='word_1_70' title='bbox 1874 870 2138 940; x_wconf 80' lang='lat' dir='ltr'><strong>maleﬁcos</strong></span> 
     </span>
    </p>
   </div>
   <div class='ocr_carea' id='block_1_9' title="bbox 562 962 2139 1035">
    <p class='ocr_par' dir='ltr' id='par_1_9' title="bbox 562 962 2139 1035">
     <span class='ocr_line' id='line_1_9' title="bbox 562 962 2139 1035; baseline -0.006 -13"><span class='ocrx_word' id='word_1_71' title='bbox 562 980 733 1022; x_wconf 86' lang='lat' dir='ltr'><strong>terrae</strong></span> <span class='ocrx_word' id='word_1_72' title='bbox 755 968 919 1022; x_wconf 78' lang='lat' dir='ltr'><strong>vivere</strong></span> <span class='ocrx_word' id='word_1_73' title='bbox 947 982 1052 1020; x_wconf 87' lang='lat' dir='ltr'><strong>non</strong></span> <span class='ocrx_word' id='word_1_74' title='bbox 1074 965 1378 1035; x_wconf 87' lang='lat' dir='ltr'><strong>paciamini.</strong></span> <span class='ocrx_word' id='word_1_75' title='bbox 1413 963 1643 1018; x_wconf 90' lang='lat' dir='ltr'><strong>Dubium</strong></span> <span class='ocrx_word' id='word_1_76' title='bbox 1663 962 1872 1017; x_wconf 84' lang='lat' dir='ltr'><strong>etenim</strong></span> <span class='ocrx_word' id='word_1_77' title='bbox 1895 976 2002 1016; x_wconf 91' lang='lat' dir='ltr'><strong>non</strong></span> <span class='ocrx_word' id='word_1_78' title='bbox 2036 971 2139 1026; x_wconf 83' lang='lat' dir='ltr'><strong>est,</strong></span> 
     </span>
    </p>
   </div>
   <div class='ocr_carea' id='block_1_10' title="bbox 563 1054 2144 1125">
    <p class='ocr_par' dir='ltr' id='par_1_10' title="bbox 563 1054 2144 1125">
     <span class='ocr_line' id='line_1_10' title="bbox 563 1054 2144 1125; baseline -0.004 -11"><span class='ocrx_word' id='word_1_79' title='bbox 563 1061 704 1114; x_wconf 82' lang='lat' dir='ltr'><strong>sicut</strong></span> <span class='ocrx_word' id='word_1_80' title='bbox 729 1059 913 1114; x_wconf 91' lang='lat' dir='ltr'><strong>multis</strong></span> <span class='ocrx_word' id='word_1_81' title='bbox 941 1066 1023 1112; x_wconf 88' lang='lat' dir='ltr'><strong>est</strong></span> <span class='ocrx_word' id='word_1_82' title='bbox 1049 1066 1253 1122; x_wconf 89' lang='lat' dir='ltr'><strong>notum,</strong></span> <span class='ocrx_word' id='word_1_83' title='bbox 1281 1056 1424 1125; x_wconf 91' lang='lat' dir='ltr'><strong>quod</strong></span> <span class='ocrx_word' id='word_1_84' title='bbox 1463 1071 1494 1110; x_wconf 91' lang='lat' dir='ltr'><strong>a</strong></span> <span class='ocrx_word' id='word_1_85' title='bbox 1533 1055 1849 1125; x_wconf 87' lang='lat' dir='ltr'><strong>quibusdam</strong></span> <span class='ocrx_word' id='word_1_86' title='bbox 1874 1054 2144 1124; x_wconf 88' lang='lat' dir='ltr'><strong>prestigiis</strong></span> 
     </span>
    </p>
   </div>
   <div class='ocr_carea' id='block_1_11' title="bbox 563 1147 2143 1223">
    <p class='ocr_par' dir='ltr' id='par_1_11' title="bbox 563 1147 2143 1223">
     <span class='ocr_line' id='line_1_11' title="bbox 563 1147 2143 1223; baseline -0.004 -15"><span class='ocrx_word' id='word_1_87' title='bbox 563 1163 725 1223; x_wconf 85' lang='lat' dir='ltr'><strong>atque</strong></span> <span class='ocrx_word' id='word_1_88' title='bbox 769 1151 1046 1207; x_wconf 88' lang='lat' dir='ltr'><strong>diabolicis</strong></span> <span class='ocrx_word' id='word_1_89' title='bbox 1083 1149 1439 1205; x_wconf 86' lang='lat' dir='ltr'><strong>inlusionibus</strong></span> <span class='ocrx_word' id='word_1_90' title='bbox 1476 1149 1546 1202; x_wconf 89' lang='lat' dir='ltr'><strong>ita</strong></span> <span class='ocrx_word' id='word_1_91' title='bbox 1575 1155 1782 1204; x_wconf 85' lang='lat' dir='ltr'><strong>mentes</strong></span> <span class='ocrx_word' id='word_1_92' title='bbox 1807 1147 2143 1216; x_wconf 86' lang='lat' dir='ltr'><strong>quorundam</strong></span> 
     </span>
    </p>
   </div>
   <div class='ocr_carea' id='block_1_12' title="bbox 565 1238 2146 1312">
    <p class='ocr_par' dir='ltr' id='par_1_12' title="bbox 565 1238 2146 1312">
     <span class='ocr_line' id='line_1_12' title="bbox 565 1238 2146 1312; baseline -0.004 -14"><span class='ocrx_word' id='word_1_93' title='bbox 565 1244 807 1298; x_wconf 87' lang='lat' dir='ltr'><strong>inﬁciant</strong></span> <span class='ocrx_word' id='word_1_94' title='bbox 842 1242 1051 1312; x_wconf 84' lang='lat' dir='ltr'><strong>poculis</strong></span> <span class='ocrx_word' id='word_1_95' title='bbox 1097 1240 1397 1304; x_wconf 83' lang='lat' dir='ltr'><strong>amatoriis,</strong></span> <span class='ocrx_word' id='word_1_96' title='bbox 1436 1239 1570 1294; x_wconf 87' lang='lat' dir='ltr'><strong>cibis</strong></span> <span class='ocrx_word' id='word_1_97' title='bbox 1613 1239 1698 1293; x_wconf 93' lang='lat' dir='ltr'><strong>vel</strong></span> <span class='ocrx_word' id='word_1_98' title='bbox 1729 1238 2044 1310; x_wconf 80' lang='lat' dir='ltr'><strong>fylacteriis,</strong></span> <span class='ocrx_word' id='word_1_99' title='bbox 2085 1245 2146 1291; x_wconf 80' lang='lat' dir='ltr'><strong>ut</strong></span> 
     </span>
    </p>
   </div>
   <div class='ocr_carea' id='block_1_13' title="bbox 565 1328 2145 1399">
    <p class='ocr_par' dir='ltr' id='par_1_13' title="bbox 565 1328 2145 1399">
     <span class='ocr_line' id='line_1_13' title="bbox 565 1328 2145 1399; baseline -0.005 -9"><span class='ocrx_word' id='word_1_100' title='bbox 565 1335 620 1389; x_wconf 90' lang='lat' dir='ltr'><strong>in</strong></span> <span class='ocrx_word' id='word_1_101' title='bbox 651 1336 667 1366; x_wconf 76' lang='grc'><strong><em>³</em></strong></span> <span class='ocrx_word' id='word_1_102' title='bbox 713 1333 982 1389; x_wconf 80' lang='lat' dir='ltr'><strong>insaniam</strong></span> <span class='ocrx_word' id='word_1_103' title='bbox 1041 1331 1185 1386; x_wconf 91' lang='lat' dir='ltr'><strong>versi</strong></span> <span class='ocrx_word' id='word_1_104' title='bbox 1234 1346 1264 1384; x_wconf 89' lang='lat' dir='ltr'><strong>a</strong></span> <span class='ocrx_word' id='word_1_105' title='bbox 1314 1330 1582 1399; x_wconf 85' lang='lat' dir='ltr'><strong>plerisque</strong></span> <span class='ocrx_word' id='word_1_106' title='bbox 1631 1330 1968 1392; x_wconf 86' lang='lat' dir='ltr'><strong>iudicentur,</strong></span> <span class='ocrx_word' id='word_1_107' title='bbox 2019 1328 2145 1382; x_wconf 89' lang='lat' dir='ltr'><strong>dum</strong></span> 
     </span>
    </p>
   </div>
   <div class='ocr_carea' id='block_1_14' title="bbox 565 1418 2146 1496">
    <p class='ocr_par' dir='ltr' id='par_1_14' title="bbox 565 1418 2146 1496">
     <span class='ocr_line' id='line_1_14' title="bbox 565 1418 2146 1496; baseline -0.008 -13"><span class='ocrx_word' id='word_1_108' title='bbox 565 1426 812 1496; x_wconf 85' lang='lat' dir='ltr'><strong>proprias</strong></span> <span class='ocrx_word' id='word_1_109' title='bbox 859 1440 968 1480; x_wconf 88' lang='lat' dir='ltr'><strong>non</strong></span> <span class='ocrx_word' id='word_1_110' title='bbox 1020 1423 1260 1481; x_wconf 89' lang='lat' dir='ltr'><strong>sentiunt</strong></span> <span class='ocrx_word' id='word_1_111' title='bbox 1322 1420 1694 1477; x_wconf 77' lang='lat' dir='ltr'><strong>contumelias.</strong></span> <span class='ocrx_word' id='word_1_112' title='bbox 1746 1419 1950 1474; x_wconf 89' lang='lat' dir='ltr'><strong>Ferunt</strong></span> <span class='ocrx_word' id='word_1_113' title='bbox 1999 1418 2146 1474; x_wconf 88' lang='lat' dir='ltr'><strong>enim</strong></span> 
     </span>
    </p>
   </div>
   <div class='ocr_carea' id='block_1_15' title="bbox 565 1497 2146 1582">
    <p class='ocr_par' dir='ltr' id='par_1_15' title="bbox 565 1497 2146 1582">
     <span class='ocr_line' id='line_1_15' title="bbox 565 1497 2146 1582; baseline -0.004 -13"><span class='ocrx_word' id='word_1_114' title='bbox 565 1515 680 1570; x_wconf 87' lang='lat' dir='ltr'><strong>suis</strong></span> <span class='ocrx_word' id='word_1_115' title='bbox 715 1497 1010 1570; x_wconf 83' lang='lat' dir='ltr'><strong>maleﬁciis</strong></span> <span class='ocrx_word' id='word_1_116' title='bbox 1042 1527 1169 1568; x_wconf 87' lang='lat' dir='ltr'><strong>aera</strong></span> <span class='ocrx_word' id='word_1_117' title='bbox 1214 1526 1370 1582; x_wconf 85' lang='lat' dir='ltr'><strong>posse</strong></span> <span class='ocrx_word' id='word_1_118' title='bbox 1393 1511 1737 1576; x_wconf 80' lang='lat' dir='ltr'><strong>conturbare,</strong></span> <span class='ocrx_word' id='word_1_119' title='bbox 1765 1519 1820 1565; x_wconf 88' lang='lat' dir='ltr'><strong>et</strong></span> <span class='ocrx_word' id='word_1_120' title='bbox 1856 1509 2146 1580; x_wconf 84' lang='lat' dir='ltr'><strong>grandines</strong></span> 
     </span>
    </p>
   </div>
   <div class='ocr_carea' id='block_1_16' title="bbox 567 1599 2147 1670">
    <p class='ocr_par' dir='ltr' id='par_1_16' title="bbox 567 1599 2147 1670">
     <span class='ocr_line' id='line_1_16' title="bbox 567 1599 2147 1670; baseline -0.002 -14"><span class='ocrx_word' id='word_1_121' title='bbox 567 1603 858 1668; x_wconf 88' lang='lat' dir='ltr'><strong>inmittere,</strong></span> <span class='ocrx_word' id='word_1_122' title='bbox 911 1601 1090 1656; x_wconf 86' lang='lat' dir='ltr'><strong>futura</strong></span> <span class='ocrx_word' id='word_1_123' title='bbox 1147 1601 1446 1670; x_wconf 90' lang='lat' dir='ltr'><strong>predicere,</strong></span> <span class='ocrx_word' id='word_1_124' title='bbox 1490 1600 1696 1655; x_wconf 85' lang='lat' dir='ltr'><strong>fructus</strong></span> <span class='ocrx_word' id='word_1_125' title='bbox 1726 1607 1780 1655; x_wconf 90' lang='lat' dir='ltr'><strong>et</strong></span> <span class='ocrx_word' id='word_1_126' title='bbox 1807 1599 1892 1654; x_wconf 90' lang='lat' dir='ltr'><strong>lac</strong></span> <span class='ocrx_word' id='word_1_127' title='bbox 1933 1601 2147 1654; x_wconf 89' lang='lat' dir='ltr'><strong>aulerre</strong></span> 
     </span>
    </p>
   </div>
   <div class='ocr_carea' id='block_1_17' title="bbox 569 1689 2141 1762">
    <p class='ocr_par' dir='ltr' id='par_1_17' title="bbox 569 1689 2141 1762">
     <span class='ocr_line' id='line_1_17' title="bbox 569 1689 2141 1762; baseline 0 -16"><span class='ocrx_word' id='word_1_128' title='bbox 569 1692 796 1762; x_wconf 88' lang='lat' dir='ltr'><strong>aliisque</strong></span> <span class='ocrx_word' id='word_1_129' title='bbox 820 1693 970 1756; x_wconf 87' lang='lat' dir='ltr'><strong>dare,</strong></span> <span class='ocrx_word' id='word_1_130' title='bbox 1013 1698 1069 1746; x_wconf 90' lang='lat' dir='ltr'><strong>et</strong></span> <span class='ocrx_word' id='word_1_131' title='bbox 1106 1691 1388 1746; x_wconf 90' lang='lat' dir='ltr'><strong>innumera</strong></span> <span class='ocrx_word' id='word_1_132' title='bbox 1429 1705 1461 1744; x_wconf 89' lang='lat' dir='ltr'><strong>a</strong></span> <span class='ocrx_word' id='word_1_133' title='bbox 1499 1689 1693 1746; x_wconf 80' lang='lat' dir='ltr'><strong>talibus</strong></span> <span class='ocrx_word' id='word_1_134' title='bbox 1723 1689 1838 1745; x_wconf 89' lang='lat' dir='ltr'><strong>ﬁeri</strong></span> <span class='ocrx_word' id='word_1_135' title='bbox 1865 1690 2141 1755; x_wconf 79' lang='lat' dir='ltr'><strong>dicuntur;</strong></span> 
     </span>
    </p>
   </div>
   <div class='ocr_carea' id='block_1_18' title="bbox 567 1780 2142 1854">
    <p class='ocr_par' dir='ltr' id='par_1_18' title="bbox 567 1780 2142 1854">
     <span class='ocr_line' id='line_1_18' title="bbox 567 1780 2142 1854; baseline -0.001 -15"><span class='ocrx_word' id='word_1_136' title='bbox 567 1783 662 1854; x_wconf 85' lang='lat' dir='ltr'><strong>qui</strong></span> <span class='ocrx_word' id='word_1_137' title='bbox 688 1791 747 1836; x_wconf 91' lang='lat' dir='ltr'><strong>ut</strong></span> <span class='ocrx_word' id='word_1_138' title='bbox 781 1781 981 1836; x_wconf 74' lang='lat' dir='ltr'><strong>fuerint</strong></span> <span class='ocrx_word' id='word_1_139' title='bbox 1025 1781 1330 1840; x_wconf 82' lang='lat' dir='ltr'><strong>huiusmodi</strong></span> <span class='ocrx_word' id='word_1_140' title='bbox 1356 1781 1553 1850; x_wconf 86' lang='lat' dir='ltr'><strong>reperti</strong></span> <span class='ocrx_word' id='word_1_141' title='bbox 1582 1781 1704 1846; x_wconf 88' lang='lat' dir='ltr'><strong>viri,</strong></span> <span class='ocrx_word' id='word_1_142' title='bbox 1733 1781 1846 1836; x_wconf 85' lang='lat' dir='ltr'><strong>sive</strong></span> <span class='ocrx_word' id='word_1_143' title='bbox 1891 1780 2142 1848; x_wconf 85' lang='lat' dir='ltr'><strong>feminae,</strong></span> 
     </span>
    </p>
   </div>
   <div class='ocr_carea' id='block_1_19' title="bbox 2240 691 3828 763">
    <p class='ocr_par' dir='ltr' id='par_1_19' title="bbox 2240 691 3828 763">
     <span class='ocr_line' id='line_1_19' title="bbox 2240 691 3828 763; baseline 0.008 -19"><span class='ocrx_word' id='word_1_144' title='bbox 2240 691 2322 745; x_wconf 89' lang='lat' dir='ltr'><strong>rio</strong></span> <span class='ocrx_word' id='word_1_145' title='bbox 2357 691 2678 748; x_wconf 78' lang='lat' dir='ltr'><strong>iudicamus.</strong></span> <span class='ocrx_word' id='word_1_146' title='bbox 2718 691 2823 747; x_wconf 87' lang='lat' dir='ltr'><strong>Sed</strong></span> <span class='ocrx_word' id='word_1_147' title='bbox 2865 703 2920 748; x_wconf 90' lang='lat' dir='ltr'><strong>et</strong></span> <span class='ocrx_word' id='word_1_148' title='bbox 2951 695 3300 763; x_wconf 85' lang='lat' dir='ltr'><strong>parroeehias</strong></span> <span class='ocrx_word' id='word_1_149' title='bbox 3331 704 3541 752; x_wconf 79' lang='lat' dir='ltr'><strong>vestras</strong></span> <span class='ocrx_word' id='word_1_150' title='bbox 3576 697 3599 730; x_wconf 85' lang='grc'><strong><em>⁸</em></strong></span> <span class='ocrx_word' id='word_1_151' title='bbox 3631 714 3828 756; x_wconf 79' lang='lat' dir='ltr'><strong>omnes</strong></span> 
     </span>
    </p>
   </div>
   <div class='ocr_carea' id='block_1_20' title="bbox 2241 786 3828 861">
    <p class='ocr_par' dir='ltr' id='par_1_20' title="bbox 2241 786 3828 861">
     <span class='ocr_line' id='line_1_20' title="bbox 2241 786 3828 861; baseline 0.004 -22"><span class='ocrx_word' id='word_1_152' title='bbox 2241 787 2576 841; x_wconf 88' lang='lat' dir='ltr'><strong>admonendo</strong></span> <span class='ocrx_word' id='word_1_153' title='bbox 2607 786 2875 842; x_wconf 86' lang='lat' dir='ltr'><strong>instruere</strong></span> <span class='ocrx_word' id='word_1_154' title='bbox 2917 789 3183 857; x_wconf 86' lang='lat' dir='ltr'><strong>cupimus,-</strong></span> <span class='ocrx_word' id='word_1_155' title='bbox 3212 804 3281 844; x_wconf 91' lang='lat' dir='ltr'><strong>ne</strong></span> <span class='ocrx_word' id='word_1_156' title='bbox 3315 791 3464 860; x_wconf 87' lang='lat' dir='ltr'><strong>quod</strong></span> <span class='ocrx_word' id='word_1_157' title='bbox 3501 792 3683 856; x_wconf 86' lang='lat' dir='ltr'><strong>absit,</strong></span> <span class='ocrx_word' id='word_1_158' title='bbox 3735 807 3828 861; x_wconf 87' lang='lat' dir='ltr'><strong>per</strong></span> 
     </span>
    </p>
   </div>
   <div class='ocr_carea' id='block_1_21' title="bbox 2239 874 3828 948">
    <p class='ocr_par' dir='ltr' id='par_1_21' title="bbox 2239 874 3828 948">
     <span class='ocr_line' id='line_1_21' title="bbox 2239 874 3828 948; baseline 0.004 -20"><span class='ocrx_word' id='word_1_159' title='bbox 2239 888 2394 929; x_wconf 87' lang='lat' dir='ltr'><strong>suam</strong></span> <span class='ocrx_word' id='word_1_160' title='bbox 2429 874 2786 944; x_wconf 87' lang='lat' dir='ltr'><strong>ignorantiam</strong></span> <span class='ocrx_word' id='word_1_161' title='bbox 2826 882 2876 929; x_wconf 89' lang='lat' dir='ltr'><strong>et</strong></span> <span class='ocrx_word' id='word_1_162' title='bbox 2916 884 3158 931; x_wconf 85' lang='lat' dir='ltr'><strong>nostram</strong></span> <span class='ocrx_word' id='word_1_163' title='bbox 3201 878 3596 948; x_wconf 78' lang='lat' dir='ltr'><strong>neglegentiam</strong></span> <span class='ocrx_word' id='word_1_164' title='bbox 3637 881 3828 935; x_wconf 85' lang='lat' dir='ltr'><strong>huius-</strong></span> 
     </span>
    </p>
   </div>
   <div class='ocr_carea' id='block_1_22' title="bbox 2241 961 3826 1038">
    <p class='ocr_par' dir='ltr' id='par_1_22' title="bbox 2241 961 3826 1038">
     <span class='ocr_line' id='line_1_22' title="bbox 2241 961 3826 1038; baseline 0.004 -21"><span class='ocrx_word' id='word_1_165' title='bbox 2241 963 2447 1018; x_wconf 89' lang='lat' dir='ltr'><strong>cemodi</strong></span> <span class='ocrx_word' id='word_1_166' title='bbox 2467 961 2756 1018; x_wconf 79' lang='lat' dir='ltr'><strong>mortiferis</strong></span> <span class='ocrx_word' id='word_1_167' title='bbox 2776 964 3089 1020; x_wconf 83' lang='lat' dir='ltr'><strong>subiaceant</strong></span> <span class='ocrx_word' id='word_1_168' title='bbox 3103 966 3380 1034; x_wconf 88' lang='lat' dir='ltr'><strong>periculis.</strong></span> <span class='ocrx_word' id='word_1_169' title='bbox 3397 967 3784 1038; x_wconf 84' lang='lat' dir='ltr'><strong>Congessimus</strong></span> <span class='ocrx_word' id='word_1_170' title='bbox 3799 969 3826 1008; x_wconf 73' lang='grc' dir='ltr'>ι’</span> 
     </span>
    </p>
   </div>
   <div class='ocr_carea' id='block_1_23' title="bbox 2241 1055 3826 1124">
    <p class='ocr_par' dir='ltr' id='par_1_23' title="bbox 2241 1055 3826 1124">
     <span class='ocr_line' id='line_1_23' title="bbox 2241 1055 3826 1124; baseline 0.004 -15"><span class='ocrx_word' id='word_1_171' title='bbox 2241 1056 2404 1109; x_wconf 73' lang='lat' dir='ltr'><strong>etiam</strong></span> <span class='ocrx_word' id='word_1_172' title='bbox 2447 1055 2499 1109; x_wconf 91' lang='lat' dir='ltr'><strong>in</strong></span> <span class='ocrx_word' id='word_1_173' title='bbox 2533 1067 2696 1124; x_wconf 88' lang='lat' dir='ltr'><strong>opere</strong></span> <span class='ocrx_word' id='word_1_174' title='bbox 2728 1064 3025 1111; x_wconf 89' lang='lat' dir='ltr'><strong>conventus</strong></span> <span class='ocrx_word' id='word_1_175' title='bbox 3063 1057 3233 1112; x_wconf 87' lang='lat' dir='ltr'><strong>nostri</strong></span> <span class='ocrx_word' id='word_1_176' title='bbox 3277 1059 3534 1114; x_wconf 88' lang='lat' dir='ltr'><strong>nonnulla</strong></span> <span class='ocrx_word' id='word_1_177' title='bbox 3577 1060 3688 1114; x_wconf 86' lang='lat' dir='ltr'><strong>alia</strong></span> <span class='ocrx_word' id='word_1_178' title='bbox 3739 1078 3826 1116; x_wconf 85' lang='lat' dir='ltr'><strong>ca-</strong></span> 
     </span>
    </p>
   </div>
   <div class='ocr_carea' id='block_1_24' title="bbox 2241 1145 3826 1226">
    <p class='ocr_par' dir='ltr' id='par_1_24' title="bbox 2241 1145 3826 1226">
     <span class='ocr_line' id='line_1_24' title="bbox 2241 1145 3826 1226; baseline 0.005 -28"><span class='ocrx_word' id='word_1_179' title='bbox 2241 1145 2408 1214; x_wconf 87' lang='lat' dir='ltr'><strong>pitula</strong></span> <span class='ocrx_word' id='word_1_180' title='bbox 2457 1147 2524 1199; x_wconf 91' lang='lat' dir='ltr'><strong>ad</strong></span> <span class='ocrx_word' id='word_1_181' title='bbox 2575 1145 2839 1200; x_wconf 85' lang='lat' dir='ltr'><strong>laicorum</strong></span> <span class='ocrx_word' id='word_1_182' title='bbox 2883 1147 3119 1202; x_wconf 90' lang='lat' dir='ltr'><strong>ﬁdelium</strong></span> <span class='ocrx_word' id='word_1_183' title='bbox 3164 1150 3597 1226; x_wconf 75' lang='lat' dir='ltr'><strong>observationem</strong></span> <span class='ocrx_word' id='word_1_184' title='bbox 3639 1159 3704 1204; x_wconf 85' lang='lat' dir='ltr'><strong>et</strong></span> <span class='ocrx_word' id='word_1_185' title='bbox 3748 1167 3826 1206; x_wconf 73' lang='lat' dir='ltr'><strong>sa-‘</strong></span> 
     </span>
    </p>
   </div>
   <div class='ocr_carea' id='block_1_25' title="bbox 2241 1234 3818 1311">
    <p class='ocr_par' dir='ltr' id='par_1_25' title="bbox 2241 1234 3818 1311">
     <span class='ocr_line' id='line_1_25' title="bbox 2241 1234 3818 1311; baseline 0.005 -23"><span class='ocrx_word' id='word_1_186' title='bbox 2241 1234 2409 1289; x_wconf 91' lang='lat' dir='ltr'><strong>lutem</strong></span> <span class='ocrx_word' id='word_1_187' title='bbox 2445 1236 2788 1304; x_wconf 84' lang='lat' dir='ltr'><strong>pertinentia,</strong></span> <span class='ocrx_word' id='word_1_188' title='bbox 2831 1251 3060 1306; x_wconf 91' lang='lat' dir='ltr'><strong>quorum</strong></span> <span class='ocrx_word' id='word_1_189' title='bbox 3099 1238 3187 1294; x_wconf 86' lang='lat' dir='ltr'><strong>hic</strong></span> <span class='ocrx_word' id='word_1_190' title='bbox 3225 1240 3296 1294; x_wconf 92' lang='lat' dir='ltr'><strong>ob</strong></span> <span class='ocrx_word' id='word_1_191' title='bbox 3329 1240 3550 1294; x_wconf 89' lang='lat' dir='ltr'><strong>nimiam</strong></span> <span class='ocrx_word' id='word_1_192' title='bbox 3593 1242 3818 1311; x_wconf 83' lang='lat' dir='ltr'><strong>prolixi-</strong></span> 
     </span>
    </p>
   </div>
   <div class='ocr_carea' id='block_1_26' title="bbox 2245 1327 3826 1403">
    <p class='ocr_par' dir='ltr' id='par_1_26' title="bbox 2245 1327 3826 1403">
     <span class='ocr_line' id='line_1_26' title="bbox 2245 1327 3826 1403; baseline 0.005 -23"><span class='ocrx_word' id='word_1_193' title='bbox 2245 1335 2409 1381; x_wconf 88' lang='lat' dir='ltr'><strong>tatem</strong></span> <span class='ocrx_word' id='word_1_194' title='bbox 2463 1327 2790 1382; x_wconf 89' lang='lat' dir='ltr'><strong>mentionem</strong></span> <span class='ocrx_word' id='word_1_195' title='bbox 2832 1335 3043 1382; x_wconf 89' lang='lat' dir='ltr'><strong>tantum</strong></span> <span class='ocrx_word' id='word_1_196' title='bbox 3101 1328 3360 1394; x_wconf 79' lang='lat' dir='ltr'><strong>facimus,</strong></span> <span class='ocrx_word' id='word_1_197' title='bbox 3421 1331 3626 1386; x_wconf 86' lang='lat' dir='ltr'><strong>scilicet</strong></span> <span class='ocrx_word' id='word_1_198' title='bbox 3689 1335 3826 1403; x_wconf 86' lang='lat' dir='ltr'><strong>quod</strong></span> 
     </span>
    </p>
   </div>
   <div class='ocr_carea' id='block_1_27' title="bbox 2241 1417 3823 1486">
    <p class='ocr_par' dir='ltr' id='par_1_27' title="bbox 2241 1417 3823 1486">
     <span class='ocr_line' id='line_1_27' title="bbox 2241 1417 3823 1486; baseline 0.002 -15"><span class='ocrx_word' id='word_1_199' title='bbox 2241 1431 2402 1472; x_wconf 89' lang='lat' dir='ltr'><strong>nosse</strong></span> <span class='ocrx_word' id='word_1_200' title='bbox 2437 1431 2531 1472; x_wconf 89' lang='lat' dir='ltr'><strong>eos</strong></span> <span class='ocrx_word' id='word_1_201' title='bbox 2564 1424 2810 1486; x_wconf 87' lang='lat' dir='ltr'><strong>oporteat</strong></span> <span class='ocrx_word' id='word_1_202' title='bbox 2840 1417 3150 1486; x_wconf 78' lang='lat' dir='ltr'><strong>coniugium</strong></span> <span class='ocrx_word' id='word_1_203' title='bbox 3190 1433 3220 1470; x_wconf 89' lang='lat' dir='ltr'><strong>a</strong></span> <span class='ocrx_word' id='word_1_204' title='bbox 3262 1419 3372 1474; x_wconf 90' lang='lat' dir='ltr'><strong>Deo</strong></span> <span class='ocrx_word' id='word_1_205' title='bbox 3402 1434 3520 1474; x_wconf 87' lang='lat' dir='ltr'><strong>esse</strong></span> <span class='ocrx_word' id='word_1_206' title='bbox 3562 1422 3823 1474; x_wconf 85' lang='lat' dir='ltr'><strong>constitu-</strong></span> 
     </span>
    </p>
   </div>
   <div class='ocr_carea' id='block_1_28' title="bbox 2245 1507 3824 1580">
    <p class='ocr_par' dir='ltr' id='par_1_28' title="bbox 2245 1507 3824 1580">
     <span class='ocr_line' id='line_1_28' title="bbox 2245 1507 3824 1580; baseline 0.003 -18"><span class='ocrx_word' id='word_1_207' title='bbox 2245 1516 2380 1573; x_wconf 83' lang='lat' dir='ltr'><strong>tum,</strong></span> <span class='ocrx_word' id='word_1_208' title='bbox 2424 1515 2477 1561; x_wconf 92' lang='lat' dir='ltr'><strong>et</strong></span> <span class='ocrx_word' id='word_1_209' title='bbox 2512 1510 2655 1577; x_wconf 91' lang='lat' dir='ltr'><strong>quod</strong></span> <span class='ocrx_word' id='word_1_210' title='bbox 2686 1523 2794 1562; x_wconf 92' lang='lat' dir='ltr'><strong>non</strong></span> <span class='ocrx_word' id='word_1_211' title='bbox 2833 1508 2902 1562; x_wconf 86' lang='lat' dir='ltr'><strong>sit</strong></span> <span class='ocrx_word' id='word_1_212' title='bbox 2926 1523 3089 1563; x_wconf 85' lang='lat' dir='ltr'><strong>causa</strong></span> <span class='ocrx_word' id='word_1_213' title='bbox 3117 1507 3366 1564; x_wconf 80' lang='lat' dir='ltr'><strong>luxuriae</strong></span> <span class='ocrx_word' id='word_1_214' title='bbox 3403 1511 3498 1565; x_wconf 88' lang='lat' dir='ltr'><strong>sed</strong></span> <span class='ocrx_word' id='word_1_215' title='bbox 3530 1527 3708 1566; x_wconf 86' lang='lat' dir='ltr'><strong>causa</strong></span> <span class='ocrx_word' id='word_1_216' title='bbox 3738 1528 3824 1580; x_wconf 90' lang='lat' dir='ltr'><strong>po-</strong></span> 
     </span>
    </p>
   </div>
   <div class='ocr_carea' id='block_1_29' title="bbox 2245 1595 3823 1669">
    <p class='ocr_par' dir='ltr' id='par_1_29' title="bbox 2245 1595 3823 1669">
     <span class='ocr_line' id='line_1_29' title="bbox 2245 1595 3823 1669; baseline 0.003 -19"><span class='ocrx_word' id='word_1_217' title='bbox 2245 1597 2351 1651; x_wconf 87' lang='lat' dir='ltr'><strong>tius</strong></span> <span class='ocrx_word' id='word_1_218' title='bbox 2388 1595 2620 1651; x_wconf 90' lang='lat' dir='ltr'><strong>ﬁliorum</strong></span> <span class='ocrx_word' id='word_1_219' title='bbox 2657 1598 3036 1666; x_wconf 89' lang='lat' dir='ltr'><strong>appetendum.</strong></span> <span class='ocrx_word' id='word_1_220' title='bbox 3090 1597 3157 1652; x_wconf 83' lang='lat' dir='ltr'><strong>Et</strong></span> <span class='ocrx_word' id='word_1_221' title='bbox 3212 1607 3269 1652; x_wconf 91' lang='lat' dir='ltr'><strong>ut</strong></span> <span class='ocrx_word' id='word_1_222' title='bbox 3312 1599 3600 1669; x_wconf 79' lang='lat' dir='ltr'><strong>virginitas</strong></span> <span class='ocrx_word' id='word_1_223' title='bbox 3626 1638 3648 1668; x_wconf 88' lang='lat'><strong>,</strong></span> <span class='ocrx_word' id='word_1_224' title='bbox 3697 1603 3823 1656; x_wconf 86' lang='lat' dir='ltr'><strong>sicut</strong></span> 
     </span>
    </p>
   </div>
   <div class='ocr_carea' id='block_1_30' title="bbox 2246 1680 3824 1759">
    <p class='ocr_par' dir='ltr' id='par_1_30' title="bbox 2246 1680 3824 1759">
     <span class='ocr_line' id='line_1_30' title="bbox 2246 1680 3824 1759; baseline 0.001 -15"><span class='ocrx_word' id='word_1_225' title='bbox 2246 1689 2496 1744; x_wconf 88' lang='lat' dir='ltr'><strong>doctores</strong></span> <span class='ocrx_word' id='word_1_226' title='bbox 2529 1687 2700 1742; x_wconf 89' lang='lat' dir='ltr'><strong>nostri</strong></span> <span class='ocrx_word' id='word_1_227' title='bbox 2729 1688 2966 1753; x_wconf 77' lang='lat' dir='ltr'><strong>tradunt,</strong></span> <span class='ocrx_word' id='word_1_228' title='bbox 3002 1680 3173 1757; x_wconf 77' lang='lat' dir='ltr'><strong>usque</strong></span> <span class='ocrx_word' id='word_1_229' title='bbox 3211 1691 3280 1743; x_wconf 90' lang='lat' dir='ltr'><strong>ad</strong></span> <span class='ocrx_word' id='word_1_230' title='bbox 3331 1690 3547 1759; x_wconf 88' lang='lat' dir='ltr'><strong>nuptias</strong></span> <span class='ocrx_word' id='word_1_231' title='bbox 3593 1693 3675 1746; x_wconf 87' lang='lat' dir='ltr'><strong>sit</strong></span> <span class='ocrx_word' id='word_1_232' title='bbox 3715 1707 3824 1746; x_wconf 78' lang='lat' dir='ltr'><strong>cas-</strong></span> 
     </span>
    </p>
   </div>
   <div class='ocr_carea' id='block_1_31' title="bbox 2244 1778 3823 1852">
    <p class='ocr_par' dir='ltr' id='par_1_31' title="bbox 2244 1778 3823 1852">
     <span class='ocr_line' id='line_1_31' title="bbox 2244 1778 3823 1852; baseline 0.001 -18"><span class='ocrx_word' id='word_1_233' title='bbox 2244 1779 2516 1844; x_wconf 87' lang='lat' dir='ltr'><strong>todienda,</strong></span> <span class='ocrx_word' id='word_1_234' title='bbox 2564 1785 2620 1833; x_wconf 91' lang='lat' dir='ltr'><strong>et</strong></span> <span class='ocrx_word' id='word_1_235' title='bbox 2651 1793 2850 1833; x_wconf 86' lang='lat' dir='ltr'><strong>uxores</strong></span> <span class='ocrx_word' id='word_1_236' title='bbox 2881 1778 3138 1833; x_wconf 82' lang='lat' dir='ltr'><strong>habentes</strong></span> <span class='ocrx_word' id='word_1_237' title='bbox 3169 1793 3344 1848; x_wconf 90' lang='lat' dir='ltr'><strong>neque</strong></span> <span class='ocrx_word' id='word_1_238' title='bbox 3379 1779 3614 1851; x_wconf 83' lang='lat' dir='ltr'><strong>pelicem</strong></span> <span class='ocrx_word' id='word_1_239' title='bbox 3663 1796 3823 1852; x_wconf 80' lang='lat' dir='ltr'><strong>neque</strong></span> 
     </span>
    </p>
   </div>
   <div class='ocr_carea' id='block_1_32' title="bbox 571 1865 3824 1943">
    <p class='ocr_par' dir='ltr' id='par_1_32' title="bbox 571 1865 3824 1943">
     <span class='ocr_line' id='line_1_32' title="bbox 571 1865 3824 1943; baseline -0.002 -15"><span class='ocrx_word' id='word_1_240' title='bbox 571 1875 624 1928; x_wconf 90' lang='lat' dir='ltr'><strong>in</strong></span> <span class='ocrx_word' id='word_1_241' title='bbox 662 1881 872 1928; x_wconf 89' lang='lat' dir='ltr'><strong>tantum</strong></span> <span class='ocrx_word' id='word_1_242' title='bbox 901 1871 1179 1942; x_wconf 88' lang='lat' dir='ltr'><strong>disciplina</strong></span> <span class='ocrx_word' id='word_1_243' title='bbox 1205 1880 1260 1925; x_wconf 90' lang='lat' dir='ltr'><strong>et</strong></span> <span class='ocrx_word' id='word_1_244' title='bbox 1281 1872 1464 1942; x_wconf 82' lang='lat' dir='ltr'><strong>vigore</strong></span> <span class='ocrx_word' id='word_1_245' title='bbox 1492 1871 1749 1941; x_wconf 87' lang='lat' dir='ltr'><strong>principis</strong></span> <span class='ocrx_word' id='word_1_246' title='bbox 1776 1871 1954 1926; x_wconf 89' lang='lat' dir='ltr'><strong>acrius</strong></span> <span class='ocrx_word' id='word_1_247' title='bbox 1977 1873 2148 1927; x_wconf 85' lang='lat' dir='ltr'><strong>corri-</strong></span> <span class='ocrx_word' id='word_1_248' title='bbox 2185 1867 2222 1925; x_wconf 82' lang='grc' dir='ltr'><strong>Β</strong></span> <span class='ocrx_word' id='word_1_249' title='bbox 2251 1868 2606 1925; x_wconf 88' lang='lat' dir='ltr'><strong>concubinam</strong></span> <span class='ocrx_word' id='word_1_250' title='bbox 2638 1867 2838 1922; x_wconf 83' lang='lat' dir='ltr'><strong>habere</strong></span> <span class='ocrx_word' id='word_1_251' title='bbox 2879 1867 3127 1922; x_wconf 85' lang='lat' dir='ltr'><strong>debeant.</strong></span> <span class='ocrx_word' id='word_1_252' title='bbox 3165 1865 3445 1943; x_wconf 82' lang='lat' dir='ltr'><strong>Quomodo</strong></span> <span class='ocrx_word' id='word_1_253' title='bbox 3484 1869 3536 1921; x_wconf 91' lang='lat' dir='ltr'><strong>in</strong></span> <span class='ocrx_word' id='word_1_254' title='bbox 3584 1871 3824 1924; x_wconf 81' lang='lat' dir='ltr'><strong>castitate</strong></span> 
     </span>
    </p>
   </div>
   <div class='ocr_carea' id='block_1_33' title="bbox 571 1960 2148 2031">
    <p class='ocr_par' dir='ltr' id='par_1_33' title="bbox 571 1960 2148 2031">
     <span class='ocr_line' id='line_1_33' title="bbox 571 1960 2148 2031; baseline 0.004 -15"><span class='ocrx_word' id='word_1_255' title='bbox 571 1963 730 2031; x_wconf 86' lang='lat' dir='ltr'><strong>gendi</strong></span> <span class='ocrx_word' id='word_1_256' title='bbox 774 1963 794 1993; x_wconf 82' lang='lat'>&#39;</span> <span class='ocrx_word' id='word_1_257' title='bbox 821 1970 965 2026; x_wconf 86' lang='lat' dir='ltr'><strong>sunt,</strong></span> <span class='ocrx_word' id='word_1_258' title='bbox 994 1964 1048 2016; x_wconf 92' lang='lat' dir='ltr'><strong>in</strong></span> <span class='ocrx_word' id='word_1_259' title='bbox 1082 1969 1342 2030; x_wconf 89' lang='lat' dir='ltr'><strong>quantum</strong></span> <span class='ocrx_word' id='word_1_260' title='bbox 1381 1960 1717 2018; x_wconf 78' lang='lat' dir='ltr'><strong>manifestius</strong></span> <span class='ocrx_word' id='word_1_261' title='bbox 1751 1978 1886 2018; x_wconf 90' lang='lat' dir='ltr'><strong>ausu</strong></span> <span class='ocrx_word' id='word_1_262' title='bbox 1917 1963 2148 2022; x_wconf 75' lang='lat' dir='ltr'><strong>nefando</strong></span> 
     </span>
    </p>
   </div>
   <div class='ocr_carea' id='block_1_34' title="bbox 569 2053 2151 2113">
    <p class='ocr_par' dir='ltr' id='par_1_34' title="bbox 569 2053 2151 2113">
     <span class='ocr_line' id='line_1_34' title="bbox 569 2053 2151 2113; baseline 0.003 -5"><span class='ocrx_word' id='word_1_263' title='bbox 569 2063 626 2108; x_wconf 89' lang='lat' dir='ltr'><strong>et</strong></span> <span class='ocrx_word' id='word_1_264' title='bbox 661 2053 948 2109; x_wconf 88' lang='lat' dir='ltr'><strong>temerario</strong></span> <span class='ocrx_word' id='word_1_265' title='bbox 979 2053 1185 2109; x_wconf 80' lang='lat' dir='ltr'><strong>servire</strong></span> <span class='ocrx_word' id='word_1_266' title='bbox 1224 2053 1440 2110; x_wconf 82' lang='lat' dir='ltr'><strong>diabolo</strong></span> <span class='ocrx_word' id='word_1_267' title='bbox 1486 2069 1593 2110; x_wconf 93' lang='lat' dir='ltr'><strong>non</strong></span> <span class='ocrx_word' id='word_1_268' title='bbox 1647 2062 1910 2111; x_wconf 90' lang='lat' dir='ltr'><strong>metuunt.</strong></span> <span class='ocrx_word' id='word_1_269' title='bbox 1948 2057 2024 2113; x_wconf 90' lang='lat' dir='ltr'><strong>De</strong></span> <span class='ocrx_word' id='word_1_270' title='bbox 2061 2058 2151 2113; x_wconf 82' lang='lat' dir='ltr'><strong>his</strong></span> 
     </span>
    </p>
   </div>
   <div class='ocr_carea' id='block_1_35' title="bbox 572 2144 2151 2218">
    <p class='ocr_par' dir='ltr' id='par_1_35' title="bbox 572 2144 2151 2218">
     <span class='ocr_line' id='line_1_35' title="bbox 572 2144 2151 2218; baseline 0.001 -16"><span class='ocrx_word' id='word_1_271' title='bbox 572 2162 789 2217; x_wconf 89' lang='lat' dir='ltr'><strong>quoque</strong></span> <span class='ocrx_word' id='word_1_272' title='bbox 813 2147 867 2200; x_wconf 90' lang='lat' dir='ltr'><strong>in</strong></span> <span class='ocrx_word' id='word_1_273' title='bbox 912 2145 1140 2201; x_wconf 91' lang='lat' dir='ltr'><strong>concilio</strong></span> <span class='ocrx_word' id='word_1_274' title='bbox 1169 2144 1482 2201; x_wconf 83' lang='lat' dir='ltr'><strong>Auciritano</strong></span> <span class='ocrx_word' id='word_1_275' title='bbox 1509 2145 1662 2202; x_wconf 91' lang='lat' dir='ltr'><strong>titulo</strong></span> <span class='ocrx_word' id='word_1_276' title='bbox 1686 2146 1758 2202; x_wconf 72' lang='grc'><strong>25</strong></span> <span class='ocrx_word' id='word_1_277' title='bbox 1785 2147 1859 2201; x_wconf 90' lang='lat' dir='ltr'><strong>ita</strong></span> <span class='ocrx_word' id='word_1_278' title='bbox 1889 2149 2151 2218; x_wconf 86' lang='lat' dir='ltr'><strong>scripturn</strong></span> 
     </span>
    </p>
   </div>
   <div class='ocr_carea' id='block_1_36' title="bbox 569 2234 2151 2308">
    <p class='ocr_par' dir='ltr' id='par_1_36' title="bbox 569 2234 2151 2308">
     <span class='ocr_line' id='line_1_36' title="bbox 569 2234 2151 2308; baseline 0.001 -18"><span class='ocrx_word' id='word_1_279' title='bbox 569 2243 691 2291; x_wconf 90' lang='lat' dir='ltr'><strong>est:</strong></span> <span class='ocrx_word' id='word_1_280' title='bbox 731 2253 750 2287; x_wconf 81' lang='grc' dir='ltr'><strong>ι</strong></span> <span class='ocrx_word' id='word_1_281' title='bbox 785 2234 886 2302; x_wconf 86' lang='lat' dir='ltr'><strong>Qui</strong></span> <span class='ocrx_word' id='word_1_282' title='bbox 927 2234 1282 2290; x_wconf 82' lang='lat' dir='ltr'><strong>divinationes</strong></span> <span class='ocrx_word' id='word_1_283' title='bbox 1323 2242 1581 2304; x_wconf 86' lang='lat' dir='ltr'><strong>expetunt</strong></span> <span class='ocrx_word' id='word_1_284' title='bbox 1607 2244 1660 2292; x_wconf 91' lang='lat' dir='ltr'><strong>et</strong></span> <span class='ocrx_word' id='word_1_285' title='bbox 1680 2253 1846 2308; x_wconf 54' lang='lat' dir='ltr'><strong>.more</strong></span> <span class='ocrx_word' id='word_1_286' title='bbox 1875 2239 2151 2306; x_wconf 76' lang='lat' dir='ltr'><strong>gentilium</strong></span> 
     </span>
    </p>
   </div>
   <div class='ocr_carea' id='block_1_37' title="bbox 571 2327 2152 2398">
    <p class='ocr_par' dir='ltr' id='par_1_37' title="bbox 571 2327 2152 2398">
     <span class='ocr_line' id='line_1_37' title="bbox 571 2327 2152 2398; baseline 0.003 -15"><span class='ocrx_word' id='word_1_287' title='bbox 571 2329 971 2398; x_wconf 88' lang='lat' dir='ltr'><strong>subsequuntur</strong></span> <span class='ocrx_word' id='word_1_288' title='bbox 996 2327 1037 2393; x_wconf 88' lang='grc'><strong>⁸,</strong></span> <span class='ocrx_word' id='word_1_289' title='bbox 1065 2335 1156 2381; x_wconf 90' lang='lat' dir='ltr'><strong>aut</strong></span> <span class='ocrx_word' id='word_1_290' title='bbox 1189 2327 1246 2381; x_wconf 89' lang='lat' dir='ltr'><strong>in</strong></span> <span class='ocrx_word' id='word_1_291' title='bbox 1285 2328 1474 2383; x_wconf 86' lang='lat' dir='ltr'><strong>domos</strong></span> <span class='ocrx_word' id='word_1_292' title='bbox 1497 2344 1623 2384; x_wconf 90' lang='lat' dir='ltr'><strong>suas</strong></span> <span class='ocrx_word' id='word_1_293' title='bbox 1651 2329 2020 2387; x_wconf 87' lang='lat' dir='ltr'><strong>huiuscemodi</strong></span> <span class='ocrx_word' id='word_1_294' title='bbox 2057 2332 2152 2388; x_wconf 81' lang='lat' dir='ltr'><strong>ho-</strong></span> 
     </span>
    </p>
   </div>
   <div class='ocr_carea' id='block_1_38' title="bbox 571 2419 2153 2490">
    <p class='ocr_par' dir='ltr' id='par_1_38' title="bbox 571 2419 2153 2490">
     <span class='ocr_line' id='line_1_38' title="bbox 571 2419 2153 2490; baseline 0.003 -16"><span class='ocrx_word' id='word_1_295' title='bbox 571 2421 746 2475; x_wconf 88' lang='lat' dir='ltr'><strong>mines</strong></span> <span class='ocrx_word' id='word_1_296' title='bbox 789 2419 1133 2474; x_wconf 87' lang='lat' dir='ltr'><strong>introducunt</strong></span> <span class='ocrx_word' id='word_1_297' title='bbox 1167 2419 1483 2489; x_wconf 77' lang='lat' dir='ltr'><strong>exquirendi</strong></span> <span class='ocrx_word' id='word_1_298' title='bbox 1523 2420 1723 2490; x_wconf 89' lang='lat' dir='ltr'><strong>aliquid</strong></span> <span class='ocrx_word' id='word_1_299' title='bbox 1765 2430 1881 2476; x_wconf 87' lang='lat' dir='ltr'><strong>arte</strong></span> <span class='ocrx_word' id='word_1_300' title='bbox 1911 2423 2153 2480; x_wconf 86' lang='lat' dir='ltr'><strong>maleﬁca</strong></span> 
     </span>
    </p>
   </div>
   <div class='ocr_carea' id='block_1_39' title="bbox 571 2513 2156 2583">
    <p class='ocr_par' dir='ltr' id='par_1_39' title="bbox 571 2513 2156 2583">
     <span class='ocr_line' id='line_1_39' title="bbox 571 2513 2156 2583; baseline 0 -15"><span class='ocrx_word' id='word_1_301' title='bbox 571 2522 666 2568; x_wconf 90' lang='lat' dir='ltr'><strong>aut</strong></span> <span class='ocrx_word' id='word_1_302' title='bbox 688 2513 936 2583; x_wconf 85' lang='lat' dir='ltr'><strong>expiandi</strong></span> <span class='ocrx_word' id='word_1_303' title='bbox 973 2527 1156 2578; x_wconf 87' lang='lat' dir='ltr'><strong>causa,</strong></span> <span class='ocrx_word' id='word_1_304' title='bbox 1201 2513 1302 2568; x_wconf 88' lang='lat' dir='ltr'><strong>sub</strong></span> <span class='ocrx_word' id='word_1_305' title='bbox 1337 2513 1521 2583; x_wconf 84' lang='lat' dir='ltr'><strong>regula</strong></span> <span class='ocrx_word' id='word_1_306' title='bbox 1555 2514 1906 2583; x_wconf 87' lang='lat' dir='ltr'><strong>quinquennii</strong></span> <span class='ocrx_word' id='word_1_307' title='bbox 1946 2515 2156 2570; x_wconf 87' lang='lat' dir='ltr'><strong>iaceant</strong></span> 
     </span>
    </p>
   </div>
   <div class='ocr_carea' id='block_1_40' title="bbox 571 2602 2158 2674">
    <p class='ocr_par' dir='ltr' id='par_1_40' title="bbox 571 2602 2158 2674">
     <span class='ocr_line' id='line_1_40' title="bbox 571 2602 2158 2674; baseline -0.001 -15"><span class='ocrx_word' id='word_1_308' title='bbox 571 2605 868 2659; x_wconf 88' lang='lat' dir='ltr'><strong>secundum</strong></span> <span class='ocrx_word' id='word_1_309' title='bbox 909 2605 1107 2674; x_wconf 87' lang='lat' dir='ltr'><strong>gradus</strong></span> <span class='ocrx_word' id='word_1_310' title='bbox 1155 2603 1522 2671; x_wconf 89' lang='lat' dir='ltr'><strong>poenitentiae</strong></span> <span class='ocrx_word' id='word_1_311' title='bbox 1558 2602 1826 2660; x_wconf 88' lang='lat' dir='ltr'><strong>deﬁnitos.</strong></span> <span class='ocrx_word' id='word_1_312' title='bbox 1859 2621 1879 2655; x_wconf 75' lang='grc' dir='ltr'><strong>ι</strong></span> <span class='ocrx_word' id='word_1_313' title='bbox 1933 2603 2158 2674; x_wconf 88' lang='lat' dir='ltr'><strong>Oportet</strong></span> 
     </span>
    </p>
   </div>
   <div class='ocr_carea' id='block_1_41' title="bbox 569 2691 2158 2761">
    <p class='ocr_par' dir='ltr' id='par_1_41' title="bbox 569 2691 2158 2761">
     <span class='ocr_line' id='line_1_41' title="bbox 569 2691 2158 2761; baseline 0.002 -14"><span class='ocrx_word' id='word_1_314' title='bbox 569 2693 717 2747; x_wconf 91' lang='lat' dir='ltr'><strong>enim</strong></span> <span class='ocrx_word' id='word_1_315' title='bbox 733 2692 929 2761; x_wconf 75' lang='lat' dir='ltr'><strong>haecin</strong></span> <span class='ocrx_word' id='word_1_316' title='bbox 947 2692 1216 2756; x_wconf 89' lang='lat' dir='ltr'><strong>omnibus,</strong></span> <span class='ocrx_word' id='word_1_317' title='bbox 1235 2699 1288 2745; x_wconf 89' lang='lat' dir='ltr'><strong>et</strong></span> <span class='ocrx_word' id='word_1_318' title='bbox 1307 2692 1541 2746; x_wconf 77' lang='lat' dir='ltr'><strong>maxime</strong></span> <span class='ocrx_word' id='word_1_319' title='bbox 1553 2693 1608 2746; x_wconf 91' lang='lat' dir='ltr'><strong>in</strong></span> <span class='ocrx_word' id='word_1_320' title='bbox 1625 2691 1708 2747; x_wconf 89' lang='lat' dir='ltr'><strong>his</strong></span> <span class='ocrx_word' id='word_1_321' title='bbox 1724 2692 1876 2759; x_wconf 90' lang='lat' dir='ltr'><strong>locis,</strong></span> <span class='ocrx_word' id='word_1_322' title='bbox 1903 2694 1996 2749; x_wconf 90' lang='lat' dir='ltr'><strong>ubi</strong></span> <span class='ocrx_word' id='word_1_323' title='bbox 2014 2693 2158 2750; x_wconf 89' lang='lat' dir='ltr'><strong>licite</strong></span> 
     </span>
    </p>
   </div>
   <div class='ocr_carea' id='block_1_42' title="bbox 571 2780 2158 2851">
    <p class='ocr_par' dir='ltr' id='par_1_42' title="bbox 571 2780 2158 2851">
     <span class='ocr_line' id='line_1_42' title="bbox 571 2780 2158 2851; baseline 0.001 -15"><span class='ocrx_word' id='word_1_324' title='bbox 571 2789 630 2836; x_wconf 91' lang='lat' dir='ltr'><strong>et</strong></span> <span class='ocrx_word' id='word_1_325' title='bbox 649 2781 847 2851; x_wconf 87' lang='lat' dir='ltr'><strong>inpune</strong></span> <span class='ocrx_word' id='word_1_326' title='bbox 872 2780 1026 2835; x_wconf 89' lang='lat' dir='ltr'><strong>multi</strong></span> <span class='ocrx_word' id='word_1_327' title='bbox 1045 2796 1102 2836; x_wconf 90' lang='lat' dir='ltr'><strong>se</strong></span> <span class='ocrx_word' id='word_1_328' title='bbox 1123 2795 1282 2850; x_wconf 87' lang='lat' dir='ltr'><strong>posse</strong></span> <span class='ocrx_word' id='word_1_329' title='bbox 1306 2782 1408 2836; x_wconf 90' lang='lat' dir='ltr'><strong>hoc</strong></span> <span class='ocrx_word' id='word_1_330' title='bbox 1432 2791 1742 2851; x_wconf 89' lang='lat' dir='ltr'><strong>perpetrare</strong></span> <span class='ocrx_word' id='word_1_331' title='bbox 1763 2783 2070 2849; x_wconf 89' lang='lat' dir='ltr'><strong>conﬁdunt,</strong></span> <span class='ocrx_word' id='word_1_332' title='bbox 2099 2792 2158 2838; x_wconf 90' lang='lat' dir='ltr'><strong>ut</strong></span> 
     </span>
    </p>
   </div>
   <div class='ocr_carea' id='block_1_43' title="bbox 571 2871 2158 2942">
    <p class='ocr_par' dir='ltr' id='par_1_43' title="bbox 571 2871 2158 2942">
     <span class='ocr_line' id='line_1_43' title="bbox 571 2871 2158 2942; baseline 0.003 -16"><span class='ocrx_word' id='word_1_333' title='bbox 571 2871 866 2927; x_wconf 86' lang='lat' dir='ltr'><strong>studiosius</strong></span> <span class='ocrx_word' id='word_1_334' title='bbox 918 2879 972 2927; x_wconf 92' lang='lat' dir='ltr'><strong>et</strong></span> <span class='ocrx_word' id='word_1_335' title='bbox 1016 2872 1324 2942; x_wconf 87' lang='lat' dir='ltr'><strong>diligentius</strong></span> <span class='ocrx_word' id='word_1_336' title='bbox 1377 2873 1768 2928; x_wconf 89' lang='lat' dir='ltr'><strong>admoneantur</strong></span> <span class='ocrx_word' id='word_1_337' title='bbox 1814 2883 1869 2928; x_wconf 91' lang='lat' dir='ltr'><strong>et</strong></span> <span class='ocrx_word' id='word_1_338' title='bbox 1918 2874 2158 2930; x_wconf 89' lang='lat' dir='ltr'><strong>severius</strong></span> 
     </span>
    </p>
   </div>
   <div class='ocr_carea' id='block_1_44' title="bbox 573 2963 2158 3035">
    <p class='ocr_par' dir='ltr' id='par_1_44' title="bbox 573 2963 2158 3035">
     <span class='ocr_line' id='line_1_44' title="bbox 573 2963 2158 3035; baseline 0 -15"><span class='ocrx_word' id='word_1_339' title='bbox 573 2965 934 3034; x_wconf 79' lang='lat' dir='ltr'><strong>corrigantur.</strong></span> <span class='ocrx_word' id='word_1_340' title='bbox 974 2963 1169 3018; x_wconf 60' lang='lat' dir='ltr'><strong>Sunt:Illl</strong></span> <span class='ocrx_word' id='word_1_341' title='bbox 1225 2971 1279 3020; x_wconf 89' lang='lat' dir='ltr'><strong>et</strong></span> <span class='ocrx_word' id='word_1_342' title='bbox 1327 2963 1433 3018; x_wconf 89' lang='lat' dir='ltr'><strong>alia</strong></span> <span class='ocrx_word' id='word_1_343' title='bbox 1481 2965 1794 3020; x_wconf 87' lang='lat' dir='ltr'><strong>detestanda</strong></span> <span class='ocrx_word' id='word_1_344' title='bbox 1833 2965 1983 3031; x_wconf 86' lang='lat' dir='ltr'><strong>vitia,</strong></span> <span class='ocrx_word' id='word_1_345' title='bbox 2019 2979 2158 3035; x_wconf 90' lang='lat' dir='ltr'><strong>quae</strong></span> 
     </span>
    </p>
   </div>
   <div class='ocr_carea' id='block_1_45' title="bbox 571 3055 2154 3127">
    <p class='ocr_par' dir='ltr' id='par_1_45' title="bbox 571 3055 2154 3127">
     <span class='ocr_line' id='line_1_45' title="bbox 571 3055 2154 3127; baseline 0.002 -17"><span class='ocrx_word' id='word_1_346' title='bbox 571 3056 649 3110; x_wconf 87' lang='lat' dir='ltr'><strong>ita</strong></span> <span class='ocrx_word' id='word_1_347' title='bbox 673 3056 938 3110; x_wconf 82' lang='lat' dir='ltr'><strong>habentur</strong></span> <span class='ocrx_word' id='word_1_348' title='bbox 964 3055 1120 3125; x_wconf 88' lang='lat' dir='ltr'><strong>quasi</strong></span> <span class='ocrx_word' id='word_1_349' title='bbox 1157 3055 1475 3110; x_wconf 88' lang='lat' dir='ltr'><strong>naturaliter</strong></span> <span class='ocrx_word' id='word_1_350' title='bbox 1503 3055 1557 3110; x_wconf 91' lang='lat' dir='ltr'><strong>in</strong></span> <span class='ocrx_word' id='word_1_351' title='bbox 1604 3071 1706 3110; x_wconf 91' lang='lat' dir='ltr'><strong>usu</strong></span> <span class='ocrx_word' id='word_1_352' title='bbox 1750 3055 1794 3121; x_wconf 67' lang='grc'><strong>⁸,</strong></span> <span class='ocrx_word' id='word_1_353' title='bbox 1832 3068 1891 3111; x_wconf 87' lang='grc' dir='ltr'><strong>ιιι</strong></span> <span class='ocrx_word' id='word_1_354' title='bbox 1925 3073 1988 3111; x_wconf 90' lang='lat' dir='ltr'><strong>ea</strong></span> <span class='ocrx_word' id='word_1_355' title='bbox 2030 3072 2154 3127; x_wconf 84' lang='lat' dir='ltr'><strong>pcr-</strong></span> 
     </span>
    </p>
   </div>
   <div class='ocr_carea' id='block_1_46' title="bbox 571 3146 2157 3217">
    <p class='ocr_par' dir='ltr' id='par_1_46' title="bbox 571 3146 2157 3217">
     <span class='ocr_line' id='line_1_46' title="bbox 571 3146 2157 3217; baseline 0.001 -15"><span class='ocrx_word' id='word_1_356' title='bbox 571 3153 864 3217; x_wconf 85' lang='lat' dir='ltr'><strong>pctrantes,</strong></span> <span class='ocrx_word' id='word_1_357' title='bbox 895 3146 1080 3216; x_wconf 87' lang='lat' dir='ltr'><strong>quanti</strong></span> <span class='ocrx_word' id='word_1_358' title='bbox 1110 3146 1217 3201; x_wconf 89' lang='lat' dir='ltr'><strong>sint</strong></span> <span class='ocrx_word' id='word_1_359' title='bbox 1243 3146 1504 3212; x_wconf 89' lang='lat' dir='ltr'><strong>criminis,</strong></span> <span class='ocrx_word' id='word_1_360' title='bbox 1535 3162 1642 3201; x_wconf 92' lang='lat' dir='ltr'><strong>non</strong></span> <span class='ocrx_word' id='word_1_361' title='bbox 1678 3147 1982 3201; x_wconf 87' lang='lat' dir='ltr'><strong>advertant.</strong></span> <span class='ocrx_word' id='word_1_362' title='bbox 2007 3147 2157 3203; x_wconf 90' lang='lat' dir='ltr'><strong>Sicut</strong></span> 
     </span>
    </p>
   </div>
   <div class='ocr_carea' id='block_1_47' title="bbox 572 3208 2228 3306">
    <p class='ocr_par' dir='ltr' id='par_1_47' title="bbox 572 3208 2228 3306">
     <span class='ocr_line' id='line_1_47' title="bbox 572 3208 2228 3306; baseline 0.002 -15"><span class='ocrx_word' id='word_1_363' title='bbox 572 3208 700 3291; x_wconf 74' lang='lat' dir='ltr'><strong>sunt</strong></span> <span class='ocrx_word' id='word_1_364' title='bbox 716 3213 790 3291; x_wconf 85' lang='lat' dir='ltr'><strong>ea</strong></span> <span class='ocrx_word' id='word_1_365' title='bbox 816 3208 953 3305; x_wconf 72' lang='lat' dir='ltr'><strong>quae</strong></span> <span class='ocrx_word' id='word_1_366' title='bbox 978 3235 1252 3304; x_wconf 90' lang='lat' dir='ltr'><strong>apostolus</strong></span> <span class='ocrx_word' id='word_1_367' title='bbox 1283 3244 1468 3306; x_wconf 83' lang='lat' dir='ltr'><strong>aperte</strong></span> <span class='ocrx_word' id='word_1_368' title='bbox 1488 3208 1790 3302; x_wconf 81' lang='lat' dir='ltr'><strong>enumerat,</strong></span> <span class='ocrx_word' id='word_1_369' title='bbox 1816 3237 1869 3292; x_wconf 88' lang='lat' dir='ltr'><strong>id</strong></span> <span class='ocrx_word' id='word_1_370' title='bbox 1893 3247 1974 3292; x_wconf 91' lang='lat' dir='ltr'><strong>est</strong></span> <span class='ocrx_word' id='word_1_371' title='bbox 1993 3239 2160 3295; x_wconf 58' lang='lat' dir='ltr'><strong>ebrieo</strong></span> <span class='ocrx_word' id='word_1_372' title='bbox 2185 3208 2228 3270; x_wconf 53' lang='grc' dir='ltr'><strong>(δ</strong></span> 
     </span>
    </p>
   </div>
   <div class='ocr_carea' id='block_1_48' title="bbox 573 3325 2156 3394">
    <p class='ocr_par' dir='ltr' id='par_1_48' title="bbox 573 3325 2156 3394">
     <span class='ocr_line' id='line_1_48' title="bbox 573 3325 2156 3394; baseline 0.001 -14"><span class='ocrx_word' id='word_1_373' title='bbox 573 3333 732 3391; x_wconf 90' lang='lat' dir='ltr'><strong>tates,</strong></span> <span class='ocrx_word' id='word_1_374' title='bbox 790 3326 1284 3389; x_wconf 86' lang='lat' dir='ltr'><strong>commessationes,</strong></span> <span class='ocrx_word' id='word_1_375' title='bbox 1342 3325 1743 3392; x_wconf 71' lang='lat' dir='ltr'><strong>contentiones,</strong></span> <span class='ocrx_word' id='word_1_376' title='bbox 1798 3327 1931 3390; x_wconf 88' lang='lat' dir='ltr'><strong>irae,</strong></span> <span class='ocrx_word' id='word_1_377' title='bbox 1985 3328 2156 3394; x_wconf 80' lang='lat' dir='ltr'><strong>rixae,</strong></span> 
     </span>
    </p>
   </div>
   <div class='ocr_carea' id='block_1_49' title="bbox 573 3415 2154 3480">
    <p class='ocr_par' dir='ltr' id='par_1_49' title="bbox 573 3415 2154 3480">
     <span class='ocr_line' id='line_1_49' title="bbox 573 3415 2154 3480; baseline 0 -8"><span class='ocrx_word' id='word_1_378' title='bbox 573 3417 966 3480; x_wconf 88' lang='lat' dir='ltr'><strong>dissensiones,</strong></span> <span class='ocrx_word' id='word_1_379' title='bbox 1033 3415 1422 3480; x_wconf 88' lang='lat' dir='ltr'><strong>detractiones,</strong></span> <span class='ocrx_word' id='word_1_380' title='bbox 1486 3415 1748 3479; x_wconf 86' lang='lat' dir='ltr'><strong>invidiae,</strong></span> <span class='ocrx_word' id='word_1_381' title='bbox 1816 3416 2154 3480; x_wconf 88' lang='lat' dir='ltr'><strong>inimicitiae,</strong></span> 
     </span>
    </p>
   </div>
   <div class='ocr_carea' id='block_1_50' title="bbox 573 3506 2159 3577">
    <p class='ocr_par' dir='ltr' id='par_1_50' title="bbox 573 3506 2159 3577">
     <span class='ocr_line' id='line_1_50' title="bbox 573 3506 2159 3577; baseline 0 -15"><span class='ocrx_word' id='word_1_382' title='bbox 573 3522 715 3577; x_wconf 87' lang='lat' dir='ltr'><strong>quae</strong></span> <span class='ocrx_word' id='word_1_383' title='bbox 751 3507 998 3562; x_wconf 86' lang='lat' dir='ltr'><strong>homines</strong></span> <span class='ocrx_word' id='word_1_384' title='bbox 1032 3506 1180 3560; x_wconf 82' lang='lat' dir='ltr'><strong>iuxta</strong></span> <span class='ocrx_word' id='word_1_385' title='bbox 1217 3508 1446 3562; x_wconf 88' lang='lat' dir='ltr'><strong>eundem</strong></span> <span class='ocrx_word' id='word_1_386' title='bbox 1474 3506 1774 3576; x_wconf 85' lang='lat' dir='ltr'><strong>apostolum</strong></span> <span class='ocrx_word' id='word_1_387' title='bbox 1808 3522 1840 3561; x_wconf 88' lang='lat' dir='ltr'><strong>a</strong></span> <span class='ocrx_word' id='word_1_388' title='bbox 1873 3523 2038 3576; x_wconf 85' lang='lat' dir='ltr'><strong>regno</strong></span> <span class='ocrx_word' id='word_1_389' title='bbox 2063 3507 2159 3562; x_wconf 89' lang='lat' dir='ltr'><strong>Dei</strong></span> 
     </span>
    </p>
   </div>
   <div class='ocr_carea' id='block_1_51' title="bbox 572 3597 2162 3668">
    <p class='ocr_par' dir='ltr' id='par_1_51' title="bbox 572 3597 2162 3668">
     <span class='ocr_line' id='line_1_51' title="bbox 572 3597 2162 3668; baseline -0.001 -14"><span class='ocrx_word' id='word_1_390' title='bbox 572 3598 883 3661; x_wconf 87' lang='lat' dir='ltr'><strong>excludunt,</strong></span> <span class='ocrx_word' id='word_1_391' title='bbox 929 3598 1004 3651; x_wconf 83' lang='lat' dir='ltr'><strong>ita</strong></span> <span class='ocrx_word' id='word_1_392' title='bbox 1042 3597 1294 3666; x_wconf 86' lang='lat' dir='ltr'><strong>inquiens</strong></span> <span class='ocrx_word' id='word_1_393' title='bbox 1334 3613 1350 3650; x_wconf 81' lang='grc' dir='ltr'><strong>ι</strong></span> <span class='ocrx_word' id='word_1_394' title='bbox 1399 3597 1502 3662; x_wconf 83' lang='lat' dir='ltr'><strong>Qui</strong></span> <span class='ocrx_word' id='word_1_395' title='bbox 1540 3599 1675 3652; x_wconf 85' lang='lat' dir='ltr'><strong>enim</strong></span> <span class='ocrx_word' id='word_1_396' title='bbox 1703 3597 1834 3652; x_wconf 84' lang='lat' dir='ltr'><strong>talia</strong></span> <span class='ocrx_word' id='word_1_397' title='bbox 1875 3609 2034 3668; x_wconf 82' lang='lat' dir='ltr'><strong>agunt</strong></span> <span class='ocrx_word' id='word_1_398' title='bbox 2081 3615 2162 3653; x_wconf 90' lang='lat' dir='ltr'><strong>re-</strong></span> 
     </span>
    </p>
   </div>
   <div class='ocr_carea' id='block_1_52' title="bbox 575 3690 2160 3762">
    <p class='ocr_par' dir='ltr' id='par_1_52' title="bbox 575 3690 2160 3762">
     <span class='ocr_line' id='line_1_52' title="bbox 575 3690 2160 3762; baseline -0.001 -16"><span class='ocrx_word' id='word_1_399' title='bbox 575 3709 738 3762; x_wconf 84' lang='lat' dir='ltr'><strong>gnum</strong></span> <span class='ocrx_word' id='word_1_400' title='bbox 767 3691 862 3745; x_wconf 88' lang='lat' dir='ltr'><strong>Dei</strong></span> <span class='ocrx_word' id='word_1_401' title='bbox 889 3707 993 3746; x_wconf 88' lang='lat' dir='ltr'><strong>non</strong></span> <span class='ocrx_word' id='word_1_402' title='bbox 1015 3700 1382 3745; x_wconf 67' lang='lat' dir='ltr'><strong>consecuntur.</strong></span> <span class='ocrx_word' id='word_1_403' title='bbox 1410 3690 1467 3744; x_wconf 89' lang='lat' dir='ltr'><strong>In</strong></span> <span class='ocrx_word' id='word_1_404' title='bbox 1501 3699 1706 3745; x_wconf 87' lang='lat' dir='ltr'><strong>tantum</strong></span> <span class='ocrx_word' id='word_1_405' title='bbox 1736 3691 1880 3746; x_wconf 86' lang='lat' dir='ltr'><strong>enim</strong></span> <span class='ocrx_word' id='word_1_406' title='bbox 1915 3707 1977 3746; x_wconf 88' lang='lat' dir='ltr'><strong>ea</strong></span> <span class='ocrx_word' id='word_1_407' title='bbox 2006 3691 2160 3760; x_wconf 79' lang='lat' dir='ltr'><strong>inpu-</strong></span> 
     </span>
    </p>
   </div>
   <div class='ocr_carea' id='block_1_53' title="bbox 575 3779 2160 3853">
    <p class='ocr_par' dir='ltr' id='par_1_53' title="bbox 575 3779 2160 3853">
     <span class='ocr_line' id='line_1_53' title="bbox 575 3779 2160 3853; baseline -0.001 -17"><span class='ocrx_word' id='word_1_408' title='bbox 575 3783 766 3853; x_wconf 82' lang='lat' dir='ltr'><strong>denter</strong></span> <span class='ocrx_word' id='word_1_409' title='bbox 791 3789 846 3836; x_wconf 90' lang='lat' dir='ltr'><strong>et</strong></span> <span class='ocrx_word' id='word_1_410' title='bbox 871 3780 1096 3835; x_wconf 89' lang='lat' dir='ltr'><strong>ﬁdenter</strong></span> <span class='ocrx_word' id='word_1_411' title='bbox 1133 3781 1351 3853; x_wconf 88' lang='lat' dir='ltr'><strong>quidam</strong></span> <span class='ocrx_word' id='word_1_412' title='bbox 1392 3781 1754 3846; x_wconf 80' lang='lat' dir='ltr'><strong>committunt,</strong></span> <span class='ocrx_word' id='word_1_413' title='bbox 1782 3788 1842 3833; x_wconf 91' lang='lat' dir='ltr'><strong>ut</strong></span> <span class='ocrx_word' id='word_1_414' title='bbox 1867 3780 2060 3835; x_wconf 89' lang='lat' dir='ltr'><strong>merito</strong></span> <span class='ocrx_word' id='word_1_415' title='bbox 2093 3779 2160 3835; x_wconf 90' lang='lat' dir='ltr'><strong>de</strong></span> 
     </span>
    </p>
   </div>
   <div class='ocr_carea' id='block_1_54' title="bbox 573 3867 2158 3942">
    <p class='ocr_par' dir='ltr' id='par_1_54' title="bbox 573 3867 2158 3942">
     <span class='ocr_line' id='line_1_54' title="bbox 573 3867 2158 3942; baseline -0.005 -14"><span class='ocrx_word' id='word_1_416' title='bbox 573 3874 680 3930; x_wconf 88' lang='lat' dir='ltr'><strong>illis</strong></span> <span class='ocrx_word' id='word_1_417' title='bbox 704 3873 810 3929; x_wconf 89' lang='lat' dir='ltr'><strong>dici</strong></span> <span class='ocrx_word' id='word_1_418' title='bbox 831 3872 1041 3942; x_wconf 85' lang='lat' dir='ltr'><strong>possit:</strong></span> <span class='ocrx_word' id='word_1_419' title='bbox 1075 3871 1329 3926; x_wconf 85' lang='lat' dir='ltr'><strong>Letantur</strong></span> <span class='ocrx_word' id='word_1_420' title='bbox 1363 3887 1480 3924; x_wconf 84' lang='lat' dir='ltr'><strong>eum</strong></span> <span class='ocrx_word' id='word_1_421' title='bbox 1511 3869 1886 3940; x_wconf 75' lang='lat' dir='ltr'><strong>malefecerint,</strong></span> <span class='ocrx_word' id='word_1_422' title='bbox 1933 3877 1980 3923; x_wconf 90' lang='lat' dir='ltr'><strong>et</strong></span> <span class='ocrx_word' id='word_1_423' title='bbox 2007 3867 2158 3924; x_wconf 71' lang='lat' dir='ltr'><strong>exul-</strong></span> 
     </span>
    </p>
   </div>
   <div class='ocr_carea' id='block_1_55' title="bbox 574 3960 2156 4034">
    <p class='ocr_par' dir='ltr' id='par_1_55' title="bbox 574 3960 2156 4034">
     <span class='ocr_line' id='line_1_55' title="bbox 574 3960 2156 4034; baseline -0.004 -14"><span class='ocrx_word' id='word_1_424' title='bbox 574 3974 688 4020; x_wconf 85' lang='lat' dir='ltr'><strong>tant</strong></span> <span class='ocrx_word' id='word_1_425' title='bbox 711 3966 768 4019; x_wconf 90' lang='lat' dir='ltr'><strong>in</strong></span> <span class='ocrx_word' id='word_1_426' title='bbox 794 3964 943 4018; x_wconf 81' lang='lat' dir='ltr'><strong>rebus</strong></span> <span class='ocrx_word' id='word_1_427' title='bbox 968 3963 1223 4034; x_wconf 77' lang='lat' dir='ltr'><strong>pessimis.</strong></span> <span class='ocrx_word' id='word_1_428' title='bbox 1259 3963 1411 4017; x_wconf 91' lang='lat' dir='ltr'><strong>Unde</strong></span> <span class='ocrx_word' id='word_1_429' title='bbox 1436 3969 1666 4031; x_wconf 88' lang='lat' dir='ltr'><strong>oportet,</strong></span> <span class='ocrx_word' id='word_1_430' title='bbox 1697 3971 1756 4016; x_wconf 91' lang='lat' dir='ltr'><strong>ut</strong></span> <span class='ocrx_word' id='word_1_431' title='bbox 1781 3975 1970 4016; x_wconf 88' lang='lat' dir='ltr'><strong>omnes</strong></span> <span class='ocrx_word' id='word_1_432' title='bbox 2009 3960 2156 4016; x_wconf 58' lang='lat' dir='ltr'><strong>chris</strong></span> 
     </span>
    </p>
   </div>
   <div class='ocr_carea' id='block_1_56' title="bbox 574 4052 2158 4122">
    <p class='ocr_par' dir='ltr' id='par_1_56' title="bbox 574 4052 2158 4122">
     <span class='ocr_line' id='line_1_56' title="bbox 574 4052 2158 4122; baseline -0.004 -8"><span class='ocrx_word' id='word_1_433' title='bbox 574 4057 734 4114; x_wconf 87' lang='lat' dir='ltr'><strong>stiani</strong></span> <span class='ocrx_word' id='word_1_434' title='bbox 762 4057 896 4110; x_wconf 84' lang='lat' dir='ltr'><strong>haec</strong></span> <span class='ocrx_word' id='word_1_435' title='bbox 940 4063 994 4110; x_wconf 91' lang='lat' dir='ltr'><strong>et</strong></span> <span class='ocrx_word' id='word_1_436' title='bbox 1023 4054 1289 4110; x_wconf 88' lang='lat' dir='ltr'><strong>subtiliter</strong></span> <span class='ocrx_word' id='word_1_437' title='bbox 1317 4053 1629 4122; x_wconf 82' lang='lat' dir='ltr'><strong>intellegant</strong></span> <span class='ocrx_word' id='word_1_438' title='bbox 1671 4061 1723 4108; x_wconf 90' lang='lat' dir='ltr'><strong>et</strong></span> <span class='ocrx_word' id='word_1_439' title='bbox 1768 4052 2158 4108; x_wconf 85' lang='lat' dir='ltr'><strong>studiosissime</strong></span> 
     </span>
    </p>
   </div>
   <div class='ocr_carea' id='block_1_57' title="bbox 574 4143 2158 4214">
    <p class='ocr_par' dir='ltr' id='par_1_57' title="bbox 574 4143 2158 4214">
     <span class='ocr_line' id='line_1_57' title="bbox 574 4143 2158 4214; baseline -0.002 -13"><span class='ocrx_word' id='word_1_440' title='bbox 574 4153 836 4210; x_wconf 89' lang='lat' dir='ltr'><strong>caveant,</strong></span> <span class='ocrx_word' id='word_1_441' title='bbox 892 4158 960 4198; x_wconf 92' lang='lat' dir='ltr'><strong>ne</strong></span> <span class='ocrx_word' id='word_1_442' title='bbox 999 4159 1064 4198; x_wconf 91' lang='lat' dir='ltr'><strong>ea</strong></span> <span class='ocrx_word' id='word_1_443' title='bbox 1115 4149 1524 4214; x_wconf 84' lang='lat' dir='ltr'><strong>perpetrantes,</strong></span> <span class='ocrx_word' id='word_1_444' title='bbox 1576 4150 1630 4197; x_wconf 90' lang='lat' dir='ltr'><strong>et</strong></span> <span class='ocrx_word' id='word_1_445' title='bbox 1683 4143 1788 4196; x_wconf 86' lang='lat' dir='ltr'><strong>alia</strong></span> <span class='ocrx_word' id='word_1_446' title='bbox 1835 4145 1974 4198; x_wconf 88' lang='lat' dir='ltr'><strong>bona</strong></span> <span class='ocrx_word' id='word_1_447' title='bbox 2020 4157 2158 4213; x_wconf 88' lang='lat' dir='ltr'><strong>quae</strong></span> 
     </span>
    </p>
   </div>
   <div class='ocr_carea' id='block_1_58' title="bbox 572 4230 2160 4303">
    <p class='ocr_par' dir='ltr' id='par_1_58' title="bbox 572 4230 2160 4303">
     <span class='ocr_line' id='line_1_58' title="bbox 572 4230 2160 4303; baseline -0.001 -17"><span class='ocrx_word' id='word_1_448' title='bbox 572 4240 743 4303; x_wconf 85' lang='lat' dir='ltr'><strong>agunt</strong></span> <span class='ocrx_word' id='word_1_449' title='bbox 770 4233 1020 4300; x_wconf 87' lang='lat' dir='ltr'><strong>perdant,</strong></span> <span class='ocrx_word' id='word_1_450' title='bbox 1065 4239 1119 4285; x_wconf 88' lang='lat' dir='ltr'><strong>et</strong></span> <span class='ocrx_word' id='word_1_451' title='bbox 1143 4237 1363 4299; x_wconf 81' lang='lat' dir='ltr'><strong>propter</strong></span> <span class='ocrx_word' id='word_1_452' title='bbox 1403 4231 1537 4285; x_wconf 87' lang='lat' dir='ltr'><strong>haec</strong></span> <span class='ocrx_word' id='word_1_453' title='bbox 1565 4244 1596 4283; x_wconf 91' lang='lat' dir='ltr'><strong>a</strong></span> <span class='ocrx_word' id='word_1_454' title='bbox 1623 4245 1790 4301; x_wconf 78' lang='lat' dir='ltr'><strong>regno</strong></span> <span class='ocrx_word' id='word_1_455' title='bbox 1820 4231 1915 4285; x_wconf 85' lang='lat' dir='ltr'><strong>Dei</strong></span> <span class='ocrx_word' id='word_1_456' title='bbox 1946 4245 2004 4285; x_wconf 88' lang='lat' dir='ltr'><strong>se</strong></span> <span class='ocrx_word' id='word_1_457' title='bbox 2031 4230 2160 4284; x_wconf 53' lang='lat' dir='ltr'><strong>alios</strong></span> 
     </span>
    </p>
   </div>
   <div class='ocr_carea' id='block_1_59' title="bbox 573 4309 2158 4390">
    <p class='ocr_par' dir='ltr' id='par_1_59' title="bbox 573 4309 2158 4390">
     <span class='ocr_line' id='line_1_59' title="bbox 573 4309 2158 4390; baseline 0.001 -15"><span class='ocrx_word' id='word_1_458' title='bbox 573 4336 675 4375; x_wconf 86' lang='lat' dir='ltr'><strong>nos</strong></span> <span class='ocrx_word' id='word_1_459' title='bbox 699 4309 920 4374; x_wconf 69' lang='lat' dir='ltr'><strong>iaciant.</strong></span> <span class='ocrx_word' id='word_1_460' title='bbox 952 4319 1214 4374; x_wconf 88' lang='lat' dir='ltr'><strong>Similiter</strong></span> <span class='ocrx_word' id='word_1_461' title='bbox 1239 4320 1402 4374; x_wconf 89' lang='lat' dir='ltr'><strong>etiam</strong></span> <span class='ocrx_word' id='word_1_462' title='bbox 1433 4321 1499 4374; x_wconf 92' lang='lat' dir='ltr'><strong>de</strong></span> <span class='ocrx_word' id='word_1_463' title='bbox 1541 4320 1712 4374; x_wconf 88' lang='lat' dir='ltr'><strong>otioso</strong></span> <span class='ocrx_word' id='word_1_464' title='bbox 1743 4335 1990 4375; x_wconf 88' lang='lat' dir='ltr'><strong>sermone</strong></span> <span class='ocrx_word' id='word_1_465' title='bbox 2009 4361 2024 4386; x_wconf 93' lang='lat'><strong>,</strong></span> <span class='ocrx_word' id='word_1_466' title='bbox 2061 4336 2158 4390; x_wconf 90' lang='lat' dir='ltr'><strong>pro</strong></span> 
     </span>
    </p>
   </div>
   <div class='ocr_carea' id='block_1_60' title="bbox 573 4413 2158 4482">
    <p class='ocr_par' dir='ltr' id='par_1_60' title="bbox 573 4413 2158 4482">
     <span class='ocr_line' id='line_1_60' title="bbox 573 4413 2158 4482; baseline 0.002 -15"><span class='ocrx_word' id='word_1_467' title='bbox 573 4429 684 4482; x_wconf 82' lang='lat' dir='ltr'><strong>quo</strong></span> <span class='ocrx_word' id='word_1_468' title='bbox 711 4413 859 4466; x_wconf 82' lang='lat' dir='ltr'><strong>iuxta</strong></span> <span class='ocrx_word' id='word_1_469' title='bbox 904 4414 1117 4468; x_wconf 92' lang='lat' dir='ltr'><strong>Domini</strong></span> <span class='ocrx_word' id='word_1_470' title='bbox 1147 4429 1334 4468; x_wconf 89' lang='lat' dir='ltr'><strong>vocem</strong></span> <span class='ocrx_word' id='word_1_471' title='bbox 1381 4431 1556 4468; x_wconf 88' lang='lat' dir='ltr'><strong>omnes</strong></span> <span class='ocrx_word' id='word_1_472' title='bbox 1603 4414 1858 4470; x_wconf 84' lang='lat' dir='ltr'><strong>reddituri</strong></span> <span class='ocrx_word' id='word_1_473' title='bbox 1893 4433 2072 4470; x_wconf 86' lang='lat' dir='ltr'><strong>sumus</strong></span> <span class='ocrx_word' id='word_1_474' title='bbox 2103 4417 2158 4470; x_wconf 84' lang='lat' dir='ltr'><strong>in</strong></span> 
     </span>
    </p>
   </div>
   <div class='ocr_carea' id='block_1_61' title="bbox 574 4503 2160 4575">
    <p class='ocr_par' dir='ltr' id='par_1_61' title="bbox 574 4503 2160 4575">
     <span class='ocr_line' id='line_1_61' title="bbox 574 4503 2160 4575; baseline 0.003 -19"><span class='ocrx_word' id='word_1_475' title='bbox 574 4504 659 4557; x_wconf 86' lang='lat' dir='ltr'><strong>die</strong></span> <span class='ocrx_word' id='word_1_476' title='bbox 702 4503 878 4556; x_wconf 85' lang='lat' dir='ltr'><strong>iuditii</strong></span> <span class='ocrx_word' id='word_1_477' title='bbox 921 4504 1195 4570; x_wconf 86' lang='lat' dir='ltr'><strong>rationem,</strong></span> <span class='ocrx_word' id='word_1_478' title='bbox 1223 4504 1288 4558; x_wconf 91' lang='lat' dir='ltr'><strong>de</strong></span> <span class='ocrx_word' id='word_1_479' title='bbox 1329 4505 1624 4559; x_wconf 87' lang='lat' dir='ltr'><strong>scurilitate</strong></span> <span class='ocrx_word' id='word_1_480' title='bbox 1661 4513 1713 4559; x_wconf 89' lang='lat' dir='ltr'><strong>et</strong></span> <span class='ocrx_word' id='word_1_481' title='bbox 1753 4505 2081 4575; x_wconf 89' lang='lat' dir='ltr'><strong>stultiloquio</strong></span> <span class='ocrx_word' id='word_1_482' title='bbox 2107 4515 2160 4562; x_wconf 91' lang='lat' dir='ltr'><strong>et</strong></span> 
     </span>
    </p>
   </div>
   <div class='ocr_carea' id='block_1_62' title="bbox 2249 1959 3823 2028">
    <p class='ocr_par' dir='ltr' id='par_1_62' title="bbox 2249 1959 3823 2028">
     <span class='ocr_line' id='line_1_62' title="bbox 2249 1959 3823 2028; baseline -0.001 -12"><span class='ocrx_word' id='word_1_483' title='bbox 2249 1975 2446 2016; x_wconf 83' lang='lat' dir='ltr'><strong>uxores</strong></span> <span class='ocrx_word' id='word_1_484' title='bbox 2488 1975 2616 2014; x_wconf 88' lang='lat' dir='ltr'><strong>suas</strong></span> <span class='ocrx_word' id='word_1_485' title='bbox 2643 1959 2883 2028; x_wconf 89' lang='lat' dir='ltr'><strong>diligere,</strong></span> <span class='ocrx_word' id='word_1_486' title='bbox 2909 1959 3096 2027; x_wconf 87' lang='lat' dir='ltr'><strong>eisque</strong></span> <span class='ocrx_word' id='word_1_487' title='bbox 3123 1966 3308 2028; x_wconf 84' lang='lat' dir='ltr'><strong>utpote</strong></span> <span class='ocrx_word' id='word_1_488' title='bbox 3331 1960 3487 2028; x_wconf 85' lang='lat' dir='ltr'><strong>quasi</strong></span> <span class='ocrx_word' id='word_1_489' title='bbox 3514 1960 3823 2015; x_wconf 54' lang='lat' dir='ltr'><strong>inﬁrmiori.</strong></span> 
     </span>
    </p>
   </div>
   <div class='ocr_carea' id='block_1_63' title="bbox 2249 2050 3823 2120">
    <p class='ocr_par' dir='ltr' id='par_1_63' title="bbox 2249 2050 3823 2120">
     <span class='ocr_line' id='line_1_63' title="bbox 2249 2050 3823 2120; baseline -0.001 -12"><span class='ocrx_word' id='word_1_490' title='bbox 2249 2053 2351 2108; x_wconf 88' lang='lat' dir='ltr'><strong>bus</strong></span> <span class='ocrx_word' id='word_1_491' title='bbox 2386 2053 2645 2107; x_wconf 87' lang='lat' dir='ltr'><strong>honorem</strong></span> <span class='ocrx_word' id='word_1_492' title='bbox 2679 2052 2918 2107; x_wconf 83' lang='lat' dir='ltr'><strong>debitum</strong></span> <span class='ocrx_word' id='word_1_493' title='bbox 2975 2050 3204 2106; x_wconf 85' lang='lat' dir='ltr'><strong>debeant</strong></span> <span class='ocrx_word' id='word_1_494' title='bbox 3244 2051 3551 2120; x_wconf 87' lang='lat' dir='ltr'><strong>inpendere.</strong></span> <span class='ocrx_word' id='word_1_495' title='bbox 3587 2051 3660 2105; x_wconf 86' lang='lat' dir='ltr'><strong>Et</strong></span> <span class='ocrx_word' id='word_1_496' title='bbox 3694 2052 3823 2120; x_wconf 87' lang='lat' dir='ltr'><strong>quod</strong></span> 
     </span>
    </p>
   </div>
   <div class='ocr_carea' id='block_1_64' title="bbox 2251 2143 3822 2214">
    <p class='ocr_par' dir='ltr' id='par_1_64' title="bbox 2251 2143 3822 2214">
     <span class='ocr_line' id='line_1_64' title="bbox 2251 2143 3822 2214; baseline -0.003 -12"><span class='ocrx_word' id='word_1_497' title='bbox 2251 2146 2561 2202; x_wconf 72' lang='lat' dir='ltr'><strong>commixtio</strong></span> <span class='ocrx_word' id='word_1_498' title='bbox 2599 2143 2830 2200; x_wconf 88' lang='lat' dir='ltr'><strong>carnalis</strong></span> <span class='ocrx_word' id='word_1_499' title='bbox 2859 2144 2879 2173; x_wconf 73' lang='grc' dir='ltr'><strong>θ</strong></span> <span class='ocrx_word' id='word_1_500' title='bbox 2905 2157 3030 2198; x_wconf 90' lang='lat' dir='ltr'><strong>cum</strong></span> <span class='ocrx_word' id='word_1_501' title='bbox 3072 2144 3332 2198; x_wconf 85' lang='lat' dir='ltr'><strong>uxoribus</strong></span> <span class='ocrx_word' id='word_1_502' title='bbox 3373 2143 3549 2214; x_wconf 83' lang='lat' dir='ltr'><strong>gratia</strong></span> <span class='ocrx_word' id='word_1_503' title='bbox 3593 2143 3714 2197; x_wconf 88' lang='lat' dir='ltr'><strong>ﬁeri</strong></span> <span class='ocrx_word' id='word_1_504' title='bbox 3740 2145 3822 2198; x_wconf 87' lang='lat' dir='ltr'><strong>de-</strong></span> 
     </span>
    </p>
   </div>
   <div class='ocr_carea' id='block_1_65' title="bbox 2250 2233 3819 2306">
    <p class='ocr_par' dir='ltr' id='par_1_65' title="bbox 2250 2233 3819 2306">
     <span class='ocr_line' id='line_1_65' title="bbox 2250 2233 3819 2306; baseline -0.005 -12"><span class='ocrx_word' id='word_1_505' title='bbox 2250 2239 2377 2294; x_wconf 90' lang='lat' dir='ltr'><strong>beat</strong></span> <span class='ocrx_word' id='word_1_506' title='bbox 2405 2237 2586 2306; x_wconf 88' lang='lat' dir='ltr'><strong>prolis,</strong></span> <span class='ocrx_word' id='word_1_507' title='bbox 2627 2251 2733 2292; x_wconf 91' lang='lat' dir='ltr'><strong>non</strong></span> <span class='ocrx_word' id='word_1_508' title='bbox 2775 2234 3081 2304; x_wconf 87' lang='lat' dir='ltr'><strong>voluptatis,</strong></span> <span class='ocrx_word' id='word_1_509' title='bbox 3118 2242 3172 2288; x_wconf 93' lang='lat' dir='ltr'><strong>et</strong></span> <span class='ocrx_word' id='word_1_510' title='bbox 3196 2234 3428 2303; x_wconf 82' lang='lat' dir='ltr'><strong>qualiter</strong></span> <span class='ocrx_word' id='word_1_511' title='bbox 3461 2247 3491 2286; x_wconf 91' lang='lat' dir='ltr'><strong>a</strong></span> <span class='ocrx_word' id='word_1_512' title='bbox 3526 2233 3678 2288; x_wconf 90' lang='lat' dir='ltr'><strong>coitu</strong></span> <span class='ocrx_word' id='word_1_513' title='bbox 3704 2247 3819 2303; x_wconf 87' lang='lat' dir='ltr'><strong>pre-</strong></span> 
     </span>
    </p>
   </div>
   <div class='ocr_carea' id='block_1_66' title="bbox 2253 2325 3821 2400">
    <p class='ocr_par' dir='ltr' id='par_1_66' title="bbox 2253 2325 3821 2400">
     <span class='ocr_line' id='line_1_66' title="bbox 2253 2325 3821 2400; baseline -0.001 -17"><span class='ocrx_word' id='word_1_514' title='bbox 2253 2329 2531 2400; x_wconf 87' lang='lat' dir='ltr'><strong>gnantium</strong></span> <span class='ocrx_word' id='word_1_515' title='bbox 2573 2342 2802 2382; x_wconf 85' lang='lat' dir='ltr'><strong>uxorum</strong></span> <span class='ocrx_word' id='word_1_516' title='bbox 2854 2327 2986 2381; x_wconf 88' lang='lat' dir='ltr'><strong>viris</strong></span> <span class='ocrx_word' id='word_1_517' title='bbox 3031 2326 3408 2381; x_wconf 88' lang='lat' dir='ltr'><strong>abstinendum</strong></span> <span class='ocrx_word' id='word_1_518' title='bbox 3456 2325 3544 2389; x_wconf 78' lang='lat' dir='ltr'><strong>sit,</strong></span> <span class='ocrx_word' id='word_1_519' title='bbox 3598 2333 3656 2381; x_wconf 88' lang='lat' dir='ltr'><strong>et</strong></span> <span class='ocrx_word' id='word_1_520' title='bbox 3692 2325 3821 2394; x_wconf 86' lang='lat' dir='ltr'><strong>quod</strong></span> 
     </span>
    </p>
   </div>
   <div class='ocr_carea' id='block_1_67' title="bbox 2253 2419 3822 2486">
    <p class='ocr_par' dir='ltr' id='par_1_67' title="bbox 2253 2419 3822 2486">
     <span class='ocr_line' id='line_1_67' title="bbox 2253 2419 3822 2486; baseline -0.004 -8"><span class='ocrx_word' id='word_1_521' title='bbox 2253 2424 2358 2478; x_wconf 89' lang='lat' dir='ltr'><strong>nisi</strong></span> <span class='ocrx_word' id='word_1_522' title='bbox 2379 2438 2540 2478; x_wconf 90' lang='lat' dir='ltr'><strong>causa</strong></span> <span class='ocrx_word' id='word_1_523' title='bbox 2557 2421 2945 2486; x_wconf 83' lang='lat' dir='ltr'><strong>fornicationis,</strong></span> <span class='ocrx_word' id='word_1_524' title='bbox 2971 2430 3030 2475; x_wconf 93' lang='lat' dir='ltr'><strong>ut</strong></span> <span class='ocrx_word' id='word_1_525' title='bbox 3055 2420 3318 2475; x_wconf 90' lang='lat' dir='ltr'><strong>Dominus</strong></span> <span class='ocrx_word' id='word_1_526' title='bbox 3341 2419 3436 2485; x_wconf 87' lang='lat' dir='ltr'><strong>ait,</strong></span> <span class='ocrx_word' id='word_1_527' title='bbox 3466 2434 3574 2473; x_wconf 82' lang='lat' dir='ltr'><strong>non</strong></span> <span class='ocrx_word' id='word_1_528' title='bbox 3603 2419 3678 2475; x_wconf 81' lang='lat' dir='ltr'><strong>sit</strong></span> <span class='ocrx_word' id='word_1_529' title='bbox 3698 2422 3822 2473; x_wconf 64' lang='lat' dir='ltr'><strong>uxor&quot;</strong></span> 
     </span>
    </p>
   </div>
   <div class='ocr_carea' id='block_1_68' title="bbox 2257 2511 3821 2582">
    <p class='ocr_par' dir='ltr' id='par_1_68' title="bbox 2257 2511 3821 2582">
     <span class='ocr_line' id='line_1_68' title="bbox 2257 2511 3821 2582; baseline -0.003 -12"><span class='ocrx_word' id='word_1_530' title='bbox 2257 2516 2591 2580; x_wconf 86' lang='lat' dir='ltr'><strong>dimittenda,</strong></span> <span class='ocrx_word' id='word_1_531' title='bbox 2620 2515 2715 2569; x_wconf 87' lang='lat' dir='ltr'><strong>sed</strong></span> <span class='ocrx_word' id='word_1_532' title='bbox 2757 2515 2937 2582; x_wconf 90' lang='lat' dir='ltr'><strong>potius</strong></span> <span class='ocrx_word' id='word_1_533' title='bbox 2982 2513 3316 2576; x_wconf 86' lang='lat' dir='ltr'><strong>sustinenda,</strong></span> <span class='ocrx_word' id='word_1_534' title='bbox 3363 2520 3417 2568; x_wconf 87' lang='lat' dir='ltr'><strong>et</strong></span> <span class='ocrx_word' id='word_1_535' title='bbox 3463 2513 3607 2582; x_wconf 88' lang='lat' dir='ltr'><strong>quod</strong></span> <span class='ocrx_word' id='word_1_536' title='bbox 3641 2513 3696 2567; x_wconf 86' lang='lat' dir='ltr'><strong>hi</strong></span> <span class='ocrx_word' id='word_1_537' title='bbox 3737 2511 3821 2581; x_wconf 89' lang='lat' dir='ltr'><strong>qui</strong></span> 
     </span>
    </p>
   </div>
   <div class='ocr_carea' id='block_1_69' title="bbox 2256 2601 3820 2666">
    <p class='ocr_par' dir='ltr' id='par_1_69' title="bbox 2256 2601 3820 2666">
     <span class='ocr_line' id='line_1_69' title="bbox 2256 2601 3820 2666; baseline -0.002 -5"><span class='ocrx_word' id='word_1_538' title='bbox 2256 2621 2418 2661; x_wconf 90' lang='lat' dir='ltr'><strong>causa</strong></span> <span class='ocrx_word' id='word_1_539' title='bbox 2444 2604 2816 2659; x_wconf 80' lang='lat' dir='ltr'><strong>fornicationis</strong></span> <span class='ocrx_word' id='word_1_540' title='bbox 2859 2603 3094 2659; x_wconf 84' lang='lat' dir='ltr'><strong>dimissis</strong></span> <span class='ocrx_word' id='word_1_541' title='bbox 3138 2602 3400 2657; x_wconf 77' lang='lat' dir='ltr'><strong>uxoribus</strong></span> <span class='ocrx_word' id='word_1_542' title='bbox 3447 2601 3580 2656; x_wconf 85' lang='lat' dir='ltr'><strong>alias</strong></span> <span class='ocrx_word' id='word_1_543' title='bbox 3607 2603 3820 2666; x_wconf 68' lang='lat' dir='ltr'><strong>ducunt;</strong></span> 
     </span>
    </p>
   </div>
   <div class='ocr_carea' id='block_1_70' title="bbox 2258 2689 3820 2752">
    <p class='ocr_par' dir='ltr' id='par_1_70' title="bbox 2258 2689 3820 2752">
     <span class='ocr_line' id='line_1_70' title="bbox 2258 2689 3820 2752; baseline -0.006 0"><span class='ocrx_word' id='word_1_544' title='bbox 2258 2696 2470 2752; x_wconf 90' lang='lat' dir='ltr'><strong>Domini</strong></span> <span class='ocrx_word' id='word_1_545' title='bbox 2500 2694 2762 2750; x_wconf 84' lang='lat' dir='ltr'><strong>sententia</strong></span> <span class='ocrx_word' id='word_1_546' title='bbox 2803 2693 3032 2749; x_wconf 86' lang='lat' dir='ltr'><strong>adulteri</strong></span> <span class='ocrx_word' id='word_1_547' title='bbox 3059 2706 3178 2748; x_wconf 85' lang='lat' dir='ltr'><strong>esse</strong></span> <span class='ocrx_word' id='word_1_548' title='bbox 3212 2699 3487 2748; x_wconf 72' lang='lat' dir='ltr'><strong>notentur.-</strong></span> <span class='ocrx_word' id='word_1_549' title='bbox 3513 2690 3634 2745; x_wconf 86' lang='lat' dir='ltr'><strong>Sive</strong></span> <span class='ocrx_word' id='word_1_550' title='bbox 3658 2689 3820 2746; x_wconf 84' lang='lat' dir='ltr'><strong>etiam</strong></span> 
     </span>
    </p>
   </div>
   <div class='ocr_carea' id='block_1_71' title="bbox 2258 2778 3817 2858">
    <p class='ocr_par' dir='ltr' id='par_1_71' title="bbox 2258 2778 3817 2858">
     <span class='ocr_line' id='line_1_71' title="bbox 2258 2778 3817 2858; baseline -0.003 -16"><span class='ocrx_word' id='word_1_551' title='bbox 2258 2787 2488 2858; x_wconf 88' lang='lat' dir='ltr'><strong>qualiter</strong></span> <span class='ocrx_word' id='word_1_552' title='bbox 2513 2787 2718 2841; x_wconf 89' lang='lat' dir='ltr'><strong>incesta</strong></span> <span class='ocrx_word' id='word_1_553' title='bbox 2747 2801 2777 2839; x_wconf 89' lang='lat' dir='ltr'><strong>a</strong></span> <span class='ocrx_word' id='word_1_554' title='bbox 2807 2785 3124 2840; x_wconf 79' lang='lat' dir='ltr'><strong>Christianis</strong></span> <span class='ocrx_word' id='word_1_555' title='bbox 3153 2784 3394 2841; x_wconf 82' lang='lat' dir='ltr'><strong>cavenda</strong></span> <span class='ocrx_word' id='word_1_556' title='bbox 3437 2783 3560 2847; x_wconf 70' lang='lat' dir='ltr'><strong>sint,</strong></span> <span class='ocrx_word' id='word_1_557' title='bbox 3586 2789 3641 2836; x_wconf 82' lang='lat' dir='ltr'><strong>et</strong></span> <span class='ocrx_word' id='word_1_558' title='bbox 3671 2778 3817 2851; x_wconf 83' lang='lat' dir='ltr'><strong>quod</strong></span> 
     </span>
    </p>
   </div>
   <div class='ocr_carea' id='block_1_72' title="bbox 2257 2860 3889 2945">
    <p class='ocr_par' dir='ltr' id='par_1_72' title="bbox 2257 2860 3889 2945">
     <span class='ocr_line' id='line_1_72' title="bbox 2257 2860 3889 2945; baseline -0.007 -13"><span class='ocrx_word' id='word_1_559' title='bbox 2257 2877 2375 2934; x_wconf 89' lang='lat' dir='ltr'><strong>loca</strong></span> <span class='ocrx_word' id='word_1_560' title='bbox 2401 2878 2511 2932; x_wconf 90' lang='lat' dir='ltr'><strong>Deo</strong></span> <span class='ocrx_word' id='word_1_561' title='bbox 2541 2877 2715 2931; x_wconf 89' lang='lat' dir='ltr'><strong>dicata</strong></span> <span class='ocrx_word' id='word_1_562' title='bbox 2751 2874 3085 2945; x_wconf 80' lang='lat' dir='ltr'><strong>frequentius</strong></span> <span class='ocrx_word' id='word_1_563' title='bbox 3131 2860 3486 2941; x_wconf 62' lang='lat' dir='ltr'><strong>devotiusilue</strong></span> <span class='ocrx_word' id='word_1_564' title='bbox 3510 2885 3540 2923; x_wconf 90' lang='lat' dir='ltr'><strong>a</strong></span> <span class='ocrx_word' id='word_1_565' title='bbox 3573 2868 3820 2924; x_wconf 77' lang='lat' dir='ltr'><strong>ﬁdelibus</strong></span> <span class='ocrx_word' id='word_1_566' title='bbox 3881 2889 3889 2895; x_wconf 68' lang='grc' dir='ltr'><em>ο</em></span> 
     </span>
    </p>
   </div>
   <div class='ocr_carea' id='block_1_73' title="bbox 2259 2959 3821 3033">
    <p class='ocr_par' dir='ltr' id='par_1_73' title="bbox 2259 2959 3821 3033">
     <span class='ocr_line' id='line_1_73' title="bbox 2259 2959 3821 3033; baseline -0.006 -9"><span class='ocrx_word' id='word_1_567' title='bbox 2259 2970 2326 3024; x_wconf 89' lang='lat' dir='ltr'><strong>ad</strong></span> <span class='ocrx_word' id='word_1_568' title='bbox 2377 2969 2544 3022; x_wconf 87' lang='lat' dir='ltr'><strong>Deum</strong></span> <span class='ocrx_word' id='word_1_569' title='bbox 2589 2967 2919 3021; x_wconf 88' lang='lat' dir='ltr'><strong>exorandum</strong></span> <span class='ocrx_word' id='word_1_570' title='bbox 2959 2964 3168 3033; x_wconf 89' lang='lat' dir='ltr'><strong>sibique</strong></span> <span class='ocrx_word' id='word_1_571' title='bbox 3207 2963 3474 3033; x_wconf 88' lang='lat' dir='ltr'><strong>propitius</strong></span> <span class='ocrx_word' id='word_1_572' title='bbox 3528 2959 3821 3015; x_wconf 79' lang='lat' dir='ltr'><strong>iaciendum</strong></span> 
     </span>
    </p>
   </div>
   <div class='ocr_carea' id='block_1_74' title="bbox 2259 3041 3821 3125">
    <p class='ocr_par' dir='ltr' id='par_1_74' title="bbox 2259 3041 3821 3125">
     <span class='ocr_line' id='line_1_74' title="bbox 2259 3041 3821 3125; baseline -0.008 -11"><span class='ocrx_word' id='word_1_573' title='bbox 2259 3059 2366 3115; x_wconf 90' lang='lat' dir='ltr'><strong>sint</strong></span> <span class='ocrx_word' id='word_1_574' title='bbox 2395 3058 2656 3112; x_wconf 88' lang='lat' dir='ltr'><strong>adeunda.</strong></span> <span class='ocrx_word' id='word_1_575' title='bbox 2687 3057 2755 3111; x_wconf 89' lang='lat' dir='ltr'><strong>Et</strong></span> <span class='ocrx_word' id='word_1_576' title='bbox 2799 3057 2944 3125; x_wconf 87' lang='lat' dir='ltr'><strong>quod</strong></span> <span class='ocrx_word' id='word_1_577' title='bbox 2972 3056 3028 3110; x_wconf 93' lang='lat' dir='ltr'><strong>in</strong></span> <span class='ocrx_word' id='word_1_578' title='bbox 3077 3041 3314 3110; x_wconf 81' lang='lat' dir='ltr'><strong>basilicis</strong></span> <span class='ocrx_word' id='word_1_579' title='bbox 3347 3055 3458 3109; x_wconf 90' lang='lat' dir='ltr'><strong>Deo</strong></span> <span class='ocrx_word' id='word_1_580' title='bbox 3495 3052 3699 3109; x_wconf 75' lang='lat' dir='ltr'><strong>dicatis.</strong></span> <span class='ocrx_word' id='word_1_581' title='bbox 3723 3065 3821 3104; x_wconf 83' lang='lat' dir='ltr'><strong>non</strong></span> 
     </span>
    </p>
   </div>
   <div class='ocr_carea' id='block_1_75' title="bbox 2260 3143 3820 3218">
    <p class='ocr_par' dir='ltr' id='par_1_75' title="bbox 2260 3143 3820 3218">
     <span class='ocr_line' id='line_1_75' title="bbox 2260 3143 3820 3218; baseline -0.007 -12"><span class='ocrx_word' id='word_1_582' title='bbox 2260 3151 2329 3206; x_wconf 91' lang='lat' dir='ltr'><strong>sit</strong></span> <span class='ocrx_word' id='word_1_583' title='bbox 2357 3149 2548 3206; x_wconf 80' lang='lat' dir='ltr'><strong>fabulis</strong></span> <span class='ocrx_word' id='word_1_584' title='bbox 2574 3148 2761 3204; x_wconf 89' lang='lat' dir='ltr'><strong>otiosis</strong></span> <span class='ocrx_word' id='word_1_585' title='bbox 2785 3149 3135 3218; x_wconf 86' lang='lat' dir='ltr'><strong>turpibusque</strong></span> <span class='ocrx_word' id='word_1_586' title='bbox 3159 3155 3213 3201; x_wconf 90' lang='lat' dir='ltr'><strong>et</strong></span> <span class='ocrx_word' id='word_1_587' title='bbox 3239 3145 3489 3202; x_wconf 90' lang='lat' dir='ltr'><strong>obscenis</strong></span> <span class='ocrx_word' id='word_1_588' title='bbox 3519 3143 3820 3200; x_wconf 84' lang='lat' dir='ltr'><strong>sermotina—</strong></span> 
     </span>
    </p>
   </div>
   <div class='ocr_carea' id='block_1_76' title="bbox 2264 3233 3820 3309">
    <p class='ocr_par' dir='ltr' id='par_1_76' title="bbox 2264 3233 3820 3309">
     <span class='ocr_line' id='line_1_76' title="bbox 2264 3233 3820 3309; baseline -0.008 -12"><span class='ocrx_word' id='word_1_589' title='bbox 2264 3243 2496 3298; x_wconf 91' lang='lat' dir='ltr'><strong>tionibus</strong></span> <span class='ocrx_word' id='word_1_590' title='bbox 2528 3241 2844 3304; x_wconf 88' lang='lat' dir='ltr'><strong>vacandum,</strong></span> <span class='ocrx_word' id='word_1_591' title='bbox 2887 3247 2942 3293; x_wconf 91' lang='lat' dir='ltr'><strong>et</strong></span> <span class='ocrx_word' id='word_1_592' title='bbox 2987 3238 3197 3309; x_wconf 83' lang='lat' dir='ltr'><strong>negotia</strong></span> <span class='ocrx_word' id='word_1_593' title='bbox 3227 3236 3495 3292; x_wconf 88' lang='lat' dir='ltr'><strong>secularia</strong></span> <span class='ocrx_word' id='word_1_594' title='bbox 3535 3235 3556 3266; x_wconf 80' lang='grc'><strong>⁷</strong></span> <span class='ocrx_word' id='word_1_595' title='bbox 3599 3233 3820 3304; x_wconf 66' lang='lat' dir='ltr'><strong>publica-~</strong></span> 
     </span>
    </p>
   </div>
   <div class='ocr_carea' id='block_1_77' title="bbox 2258 3325 3822 3404">
    <p class='ocr_par' dir='ltr' id='par_1_77' title="bbox 2258 3325 3822 3404">
     <span class='ocr_line' id='line_1_77' title="bbox 2258 3325 3822 3404; baseline -0.006 -17"><span class='ocrx_word' id='word_1_596' title='bbox 2258 3349 2362 3404; x_wconf 88' lang='lat' dir='ltr'><strong>que</strong></span> <span class='ocrx_word' id='word_1_597' title='bbox 2396 3333 2590 3403; x_wconf 88' lang='lat' dir='ltr'><strong>placita</strong></span> <span class='ocrx_word' id='word_1_598' title='bbox 2635 3333 2901 3396; x_wconf 89' lang='lat' dir='ltr'><strong>habenda,</strong></span> <span class='ocrx_word' id='word_1_599' title='bbox 2949 3339 3004 3386; x_wconf 90' lang='lat' dir='ltr'><strong>et</strong></span> <span class='ocrx_word' id='word_1_600' title='bbox 3026 3331 3168 3399; x_wconf 90' lang='lat' dir='ltr'><strong>quod</strong></span> <span class='ocrx_word' id='word_1_601' title='bbox 3198 3330 3289 3399; x_wconf 90' lang='lat' dir='ltr'><strong>qui</strong></span> <span class='ocrx_word' id='word_1_602' title='bbox 3327 3330 3464 3383; x_wconf 85' lang='lat' dir='ltr'><strong>haec</strong></span> <span class='ocrx_word' id='word_1_603' title='bbox 3505 3327 3561 3382; x_wconf 88' lang='lat' dir='ltr'><strong>in</strong></span> <span class='ocrx_word' id='word_1_604' title='bbox 3597 3325 3822 3382; x_wconf 83' lang='lat' dir='ltr'><strong>ecclesiis</strong></span> 
     </span>
    </p>
   </div>
   <div class='ocr_carea' id='block_1_78' title="bbox 2257 3415 3823 3493">
    <p class='ocr_par' dir='ltr' id='par_1_78' title="bbox 2257 3415 3823 3493">
     <span class='ocr_line' id='line_1_78' title="bbox 2257 3415 3823 3493; baseline -0.006 -15"><span class='ocrx_word' id='word_1_605' title='bbox 2257 3424 2354 3479; x_wconf 89' lang='lat' dir='ltr'><strong>Dei</strong></span> <span class='ocrx_word' id='word_1_606' title='bbox 2393 3422 2608 3485; x_wconf 67' lang='lat' dir='ltr'><strong>faciunt</strong></span> <span class='ocrx_word' id='word_1_607' title='bbox 2658 3423 2865 3476; x_wconf 85' lang='lat' dir='ltr'><strong>maiora</strong></span> <span class='ocrx_word' id='word_1_608' title='bbox 2923 3422 3026 3476; x_wconf 87' lang='lat' dir='ltr'><strong>sibi</strong></span> <span class='ocrx_word' id='word_1_609' title='bbox 3075 3427 3296 3490; x_wconf 82' lang='lat' dir='ltr'><strong>peccata</strong></span> <span class='ocrx_word' id='word_1_610' title='bbox 3342 3417 3708 3493; x_wconf 72' lang='lat' dir='ltr'><strong>acuunulent.</strong></span> <span class='ocrx_word' id='word_1_611' title='bbox 3757 3415 3823 3469; x_wconf 84' lang='lat' dir='ltr'><strong>De</strong></span> 
     </span>
    </p>
   </div>
   <div class='ocr_carea' id='block_1_79' title="bbox 2256 3511 3823 3580">
    <p class='ocr_par' dir='ltr' id='par_1_79' title="bbox 2256 3511 3823 3580">
     <span class='ocr_line' id='line_1_79' title="bbox 2256 3511 3823 3580; baseline -0.006 -9"><span class='ocrx_word' id='word_1_612' title='bbox 2256 3517 2399 3571; x_wconf 89' lang='lat' dir='ltr'><strong>iusto</strong></span> <span class='ocrx_word' id='word_1_613' title='bbox 2428 3515 2616 3570; x_wconf 87' lang='lat' dir='ltr'><strong>iuditio</strong></span> <span class='ocrx_word' id='word_1_614' title='bbox 2659 3514 2965 3577; x_wconf 86' lang='lat' dir='ltr'><strong>iudicando,</strong></span> <span class='ocrx_word' id='word_1_615' title='bbox 2994 3521 3048 3568; x_wconf 92' lang='lat' dir='ltr'><strong>et</strong></span> <span class='ocrx_word' id='word_1_616' title='bbox 3082 3526 3368 3567; x_wconf 88' lang='lat' dir='ltr'><strong>munerum</strong></span> <span class='ocrx_word' id='word_1_617' title='bbox 3403 3511 3718 3580; x_wconf 83' lang='lat' dir='ltr'><strong>acceptione</strong></span> <span class='ocrx_word' id='word_1_618' title='bbox 3747 3522 3823 3562; x_wconf 79' lang='lat' dir='ltr'><strong>ca-</strong></span> 
     </span>
    </p>
   </div>
   <div class='ocr_carea' id='block_1_80' title="bbox 2256 3599 3826 3662">
    <p class='ocr_par' dir='ltr' id='par_1_80' title="bbox 2256 3599 3826 3662">
     <span class='ocr_line' id='line_1_80' title="bbox 2256 3599 3826 3662; baseline -0.004 -2"><span class='ocrx_word' id='word_1_619' title='bbox 2256 3608 2449 3662; x_wconf 86' lang='lat' dir='ltr'><strong>venda.-</strong></span> <span class='ocrx_word' id='word_1_620' title='bbox 2499 3606 2576 3660; x_wconf 90' lang='lat' dir='ltr'><strong>De</strong></span> <span class='ocrx_word' id='word_1_621' title='bbox 2627 3605 2764 3660; x_wconf 80' lang='lat' dir='ltr'><strong>falso</strong></span> <span class='ocrx_word' id='word_1_622' title='bbox 2813 3604 3122 3660; x_wconf 88' lang='lat' dir='ltr'><strong>testimonio</strong></span> <span class='ocrx_word' id='word_1_623' title='bbox 3165 3602 3386 3656; x_wconf 90' lang='lat' dir='ltr'><strong>vitando</strong></span> <span class='ocrx_word' id='word_1_624' title='bbox 3420 3608 3474 3656; x_wconf 91' lang='lat' dir='ltr'><strong>et</strong></span> <span class='ocrx_word' id='word_1_625' title='bbox 3508 3599 3826 3656; x_wconf 84' lang='lat' dir='ltr'><strong>detractione</strong></span> 
     </span>
    </p>
   </div>
   <div class='ocr_carea' id='block_1_81' title="bbox 2259 3687 3818 3760">
    <p class='ocr_par' dir='ltr' id='par_1_81' title="bbox 2259 3687 3818 3760">
     <span class='ocr_line' id='line_1_81' title="bbox 2259 3687 3818 3760; baseline -0.004 -12"><span class='ocrx_word' id='word_1_626' title='bbox 2259 3695 2498 3758; x_wconf 85' lang='lat' dir='ltr'><strong>vitanda,</strong></span> <span class='ocrx_word' id='word_1_627' title='bbox 2537 3708 2640 3749; x_wconf 90' lang='lat' dir='ltr'><strong>nec</strong></span> <span class='ocrx_word' id='word_1_628' title='bbox 2659 3709 2764 3749; x_wconf 92' lang='lat' dir='ltr'><strong>non</strong></span> <span class='ocrx_word' id='word_1_629' title='bbox 2783 3702 2839 3748; x_wconf 90' lang='lat' dir='ltr'><strong>et</strong></span> <span class='ocrx_word' id='word_1_630' title='bbox 2873 3694 2938 3748; x_wconf 86' lang='lat' dir='ltr'><strong>de</strong></span> <span class='ocrx_word' id='word_1_631' title='bbox 2967 3692 3196 3747; x_wconf 89' lang='lat' dir='ltr'><strong>caeteris</strong></span> <span class='ocrx_word' id='word_1_632' title='bbox 3221 3705 3358 3760; x_wconf 90' lang='lat' dir='ltr'><strong>quae</strong></span> <span class='ocrx_word' id='word_1_633' title='bbox 3385 3702 3708 3744; x_wconf 88' lang='lat' dir='ltr'><strong>enumerare</strong></span> <span class='ocrx_word' id='word_1_634' title='bbox 3728 3687 3818 3742; x_wconf 87' lang='lat' dir='ltr'><strong>lon-</strong></span> 
     </span>
    </p>
   </div>
   <div class='ocr_carea' id='block_1_82' title="bbox 2259 3780 3823 3856">
    <p class='ocr_par' dir='ltr' id='par_1_82' title="bbox 2259 3780 3823 3856">
     <span class='ocr_line' id='line_1_82' title="bbox 2259 3780 3823 3856; baseline -0.004 -17"><span class='ocrx_word' id='word_1_635' title='bbox 2259 3800 2386 3856; x_wconf 83' lang='lat' dir='ltr'><strong>gum</strong></span> <span class='ocrx_word' id='word_1_636' title='bbox 2412 3793 2514 3840; x_wconf 75' lang='lat' dir='ltr'><strong>est.</strong></span> <span class='ocrx_word' id='word_1_637' title='bbox 2544 3783 2684 3838; x_wconf 89' lang='lat' dir='ltr'><strong>Sunt</strong></span> <span class='ocrx_word' id='word_1_638' title='bbox 2717 3783 2882 3838; x_wconf 87' lang='lat' dir='ltr'><strong>etiam</strong></span> <span class='ocrx_word' id='word_1_639' title='bbox 2927 3783 3030 3836; x_wconf 87' lang='lat' dir='ltr'><strong>alia</strong></span> <span class='ocrx_word' id='word_1_640' title='bbox 3073 3782 3227 3852; x_wconf 74' lang='lat' dir='ltr'><strong>pluia</strong></span> <span class='ocrx_word' id='word_1_641' title='bbox 3261 3780 3462 3850; x_wconf 84' lang='lat' dir='ltr'><strong>ﬂagitia</strong></span> <span class='ocrx_word' id='word_1_642' title='bbox 3493 3791 3823 3849; x_wconf 83' lang='lat' dir='ltr'><strong>pernecessa-</strong></span> 
     </span>
    </p>
   </div>
   <div class='ocr_carea' id='block_1_83' title="bbox 2259 3873 3827 3946">
    <p class='ocr_par' dir='ltr' id='par_1_83' title="bbox 2259 3873 3827 3946">
     <span class='ocr_line' id='line_1_83' title="bbox 2259 3873 3827 3946; baseline -0.006 -14"><span class='ocrx_word' id='word_1_643' title='bbox 2259 3879 2398 3932; x_wconf 89' lang='lat' dir='ltr'><strong>rium</strong></span> <span class='ocrx_word' id='word_1_644' title='bbox 2437 3877 2781 3946; x_wconf 76' lang='lat' dir='ltr'><strong>corrigenda,</strong></span> <span class='ocrx_word' id='word_1_645' title='bbox 2831 3891 2971 3945; x_wconf 86' lang='lat' dir='ltr'><strong>quae</strong></span> <span class='ocrx_word' id='word_1_646' title='bbox 3018 3891 3118 3930; x_wconf 91' lang='lat' dir='ltr'><strong>nos</strong></span> <span class='ocrx_word' id='word_1_647' title='bbox 3167 3875 3288 3930; x_wconf 80' lang='lat' dir='ltr'><strong>ideo</strong></span> <span class='ocrx_word' id='word_1_648' title='bbox 3335 3874 3424 3928; x_wconf 87' lang='lat' dir='ltr'><strong>hic</strong></span> <span class='ocrx_word' id='word_1_649' title='bbox 3458 3873 3706 3928; x_wconf 78' lang='lat' dir='ltr'><strong>inserere</strong></span> <span class='ocrx_word' id='word_1_650' title='bbox 3735 3883 3827 3924; x_wconf 87' lang='lat' dir='ltr'><strong>non</strong></span> 
     </span>
    </p>
   </div>
   <div class='ocr_carea' id='block_1_84' title="bbox 2259 3959 3830 4035">
    <p class='ocr_par' dir='ltr' id='par_1_84' title="bbox 2259 3959 3830 4035">
     <span class='ocr_line' id='line_1_84' title="bbox 2259 3959 3830 4035; baseline -0.005 -13"><span class='ocrx_word' id='word_1_651' title='bbox 2259 3967 2624 4023; x_wconf 87' lang='lat' dir='ltr'><strong>necessarium</strong></span> <span class='ocrx_word' id='word_1_652' title='bbox 2677 3967 2946 4030; x_wconf 87' lang='lat' dir='ltr'><strong>duximus,</strong></span> <span class='ocrx_word' id='word_1_653' title='bbox 3005 3967 3260 4035; x_wconf 87' lang='lat' dir='ltr'><strong>quoniam</strong></span> <span class='ocrx_word' id='word_1_654' title='bbox 3308 3965 3440 4020; x_wconf 86' lang='lat' dir='ltr'><strong>satis</strong></span> <span class='ocrx_word' id='word_1_655' title='bbox 3473 3963 3756 4019; x_wconf 85' lang='lat' dir='ltr'><strong>evidenter</strong></span> <span class='ocrx_word' id='word_1_656' title='bbox 3784 3959 3830 4014; x_wconf 78' lang='lat' dir='ltr'><strong>in</strong></span> 
     </span>
    </p>
   </div>
   <div class='ocr_carea' id='block_1_85' title="bbox 2259 4053 3830 4126">
    <p class='ocr_par' dir='ltr' id='par_1_85' title="bbox 2259 4053 3830 4126">
     <span class='ocr_line' id='line_1_85' title="bbox 2259 4053 3830 4126; baseline -0.004 -16"><span class='ocrx_word' id='word_1_657' title='bbox 2259 4057 2455 4112; x_wconf 88' lang='lat' dir='ltr'><strong>vestris</strong></span> <span class='ocrx_word' id='word_1_658' title='bbox 2481 4056 2732 4125; x_wconf 85' lang='lat' dir='ltr'><strong>capitulis</strong></span> <span class='ocrx_word' id='word_1_659' title='bbox 2755 4071 2818 4110; x_wconf 90' lang='lat' dir='ltr'><strong>ea</strong></span> <span class='ocrx_word' id='word_1_660' title='bbox 2851 4057 3236 4126; x_wconf 88' lang='lat' dir='ltr'><strong>comprehensa</strong></span> <span class='ocrx_word' id='word_1_661' title='bbox 3267 4069 3389 4110; x_wconf 89' lang='lat' dir='ltr'><strong>esse</strong></span> <span class='ocrx_word' id='word_1_662' title='bbox 3433 4053 3670 4118; x_wconf 69' lang='lat' dir='ltr'><strong>scimus,</strong></span> <span class='ocrx_word' id='word_1_663' title='bbox 3709 4064 3830 4120; x_wconf 77' lang='lat' dir='ltr'><strong>quae</strong></span> 
     </span>
    </p>
   </div>
   <div class='ocr_carea' id='block_1_86' title="bbox 2259 4146 3824 4216">
    <p class='ocr_par' dir='ltr' id='par_1_86' title="bbox 2259 4146 3824 4216">
     <span class='ocr_line' id='line_1_86' title="bbox 2259 4146 3824 4216; baseline -0.002 -14"><span class='ocrx_word' id='word_1_664' title='bbox 2259 4163 2356 4204; x_wconf 87' lang='lat' dir='ltr'><strong>vos</strong></span> <span class='ocrx_word' id='word_1_665' title='bbox 2390 4155 2569 4203; x_wconf 89' lang='lat' dir='ltr'><strong>vestra</strong></span> <span class='ocrx_word' id='word_1_666' title='bbox 2601 4147 2922 4203; x_wconf 87' lang='lat' dir='ltr'><strong>auctoritate</strong></span> <span class='ocrx_word' id='word_1_667' title='bbox 2951 4156 3004 4201; x_wconf 88' lang='lat' dir='ltr'><strong>et</strong></span> <span class='ocrx_word' id='word_1_668' title='bbox 3029 4146 3266 4206; x_wconf 89' lang='lat' dir='ltr'><strong>ﬁdelium</strong></span> <span class='ocrx_word' id='word_1_669' title='bbox 3295 4147 3550 4203; x_wconf 86' lang='lat' dir='ltr'><strong>consultu</strong></span> <span class='ocrx_word' id='word_1_670' title='bbox 3573 4161 3680 4216; x_wconf 84' lang='lat' dir='ltr'><strong>per</strong></span> <span class='ocrx_word' id='word_1_671' title='bbox 3706 4153 3824 4200; x_wconf 84' lang='lat' dir='ltr'><strong>stre-</strong></span> 
     </span>
    </p>
   </div>
   <div class='ocr_carea' id='block_1_87' title="bbox 2259 4239 3774 4311">
    <p class='ocr_par' dir='ltr' id='par_1_87' title="bbox 2259 4239 3774 4311">
     <span class='ocr_line' id='line_1_87' title="bbox 2259 4239 3774 4311; baseline -0.004 -15"><span class='ocrx_word' id='word_1_672' title='bbox 2259 4256 2398 4297; x_wconf 90' lang='lat' dir='ltr'><strong>nuos</strong></span> <span class='ocrx_word' id='word_1_673' title='bbox 2427 4240 2622 4296; x_wconf 90' lang='lat' dir='ltr'><strong>missos</strong></span> <span class='ocrx_word' id='word_1_674' title='bbox 2657 4249 2867 4296; x_wconf 88' lang='lat' dir='ltr'><strong>vestros</strong></span> <span class='ocrx_word' id='word_1_675' title='bbox 2897 4241 3216 4311; x_wconf 82' lang='lat' dir='ltr'><strong>corrigenda</strong></span> <span class='ocrx_word' id='word_1_676' title='bbox 3243 4254 3363 4296; x_wconf 85' lang='lat' dir='ltr'><strong>esse</strong></span> <span class='ocrx_word' id='word_1_677' title='bbox 3391 4239 3774 4296; x_wconf 85' lang='lat' dir='ltr'><strong>consuevistis.</strong></span> 
     </span>
    </p>
   </div>
   <div class='ocr_carea' id='block_1_88' title="bbox 2666 4325 3422 4388">
    <p class='ocr_par' dir='ltr' id='par_1_88' title="bbox 2666 4325 3422 4388">
     <span class='ocr_line' id='line_1_88' title="bbox 2666 4325 3422 4388; baseline -0.003 0"><span class='ocrx_word' id='word_1_678' title='bbox 2666 4334 2755 4388; x_wconf 83' lang='lat' dir='ltr'><strong>DE</strong></span> <span class='ocrx_word' id='word_1_679' title='bbox 2790 4331 3109 4388; x_wconf 74' lang='lat' dir='ltr'><strong>PERSONA</strong></span> <span class='ocrx_word' id='word_1_680' title='bbox 3146 4325 3422 4388; x_wconf 80' lang='lat' dir='ltr'><strong>REGALI.</strong></span> 
     </span>
    </p>
   </div>
   <div class='ocr_carea' id='block_1_89' title="bbox 2331 4421 3835 4480">
    <p class='ocr_par' dir='ltr' id='par_1_89' title="bbox 2331 4421 3835 4480">
     <span class='ocr_line' id='line_1_89' title="bbox 2331 4421 3835 4480; baseline -0.004 -2"><span class='ocrx_word' id='word_1_681' title='bbox 2331 4423 2464 4478; x_wconf 87' lang='lat' dir='ltr'><strong>Item</strong></span> <span class='ocrx_word' id='word_1_682' title='bbox 2490 4423 2612 4478; x_wconf 87' lang='lat' dir='ltr'><strong>alia.</strong></span> <span class='ocrx_word' id='word_1_683' title='bbox 2642 4423 2788 4480; x_wconf 83' lang='lat' dir='ltr'><strong>Haec</strong></span> <span class='ocrx_word' id='word_1_684' title='bbox 2815 4435 2836 4462; x_wconf 81' lang='grc' dir='ltr'><strong>ο</strong></span> <span class='ocrx_word' id='word_1_685' title='bbox 2872 4440 2971 4479; x_wconf 91' lang='lat' dir='ltr'><strong>nos</strong></span> <span class='ocrx_word' id='word_1_686' title='bbox 3003 4424 3190 4479; x_wconf 91' lang='lat' dir='ltr'><strong>ﬁdeles</strong></span> <span class='ocrx_word' id='word_1_687' title='bbox 3215 4431 3272 4478; x_wconf 89' lang='lat' dir='ltr'><strong>et</strong></span> <span class='ocrx_word' id='word_1_688' title='bbox 3294 4422 3634 4479; x_wconf 86' lang='lat' dir='ltr'><strong>devotissimi</strong></span> <span class='ocrx_word' id='word_1_689' title='bbox 3666 4421 3835 4478; x_wconf 76' lang='lat' dir='ltr'><strong>famuli</strong></span> 
     </span>
    </p>
   </div>
   <div class='ocr_carea' id='block_1_90' title="bbox 2261 4512 3836 4584">
    <p class='ocr_par' dir='ltr' id='par_1_90' title="bbox 2261 4512 3836 4584">
     <span class='ocr_line' id='line_1_90' title="bbox 2261 4512 3836 4584; baseline -0.003 -16"><span class='ocrx_word' id='word_1_690' title='bbox 2261 4522 2315 4568; x_wconf 88' lang='lat' dir='ltr'><strong>et</strong></span> <span class='ocrx_word' id='word_1_691' title='bbox 2347 4523 2593 4570; x_wconf 88' lang='lat' dir='ltr'><strong>oratores</strong></span> <span class='ocrx_word' id='word_1_692' title='bbox 2638 4516 2803 4572; x_wconf 85' lang='lat' dir='ltr'><strong>vestri</strong></span> <span class='ocrx_word' id='word_1_693' title='bbox 2855 4515 3005 4569; x_wconf 85' lang='lat' dir='ltr'><strong>iuxta</strong></span> <span class='ocrx_word' id='word_1_694' title='bbox 3057 4515 3382 4584; x_wconf 87' lang='lat' dir='ltr'><strong>parvitatem</strong></span> <span class='ocrx_word' id='word_1_695' title='bbox 3428 4529 3626 4569; x_wconf 89' lang='lat' dir='ltr'><strong>sensus</strong></span> <span class='ocrx_word' id='word_1_696' title='bbox 3681 4512 3836 4567; x_wconf 88' lang='lat' dir='ltr'><strong>nostri</strong></span> 
     </span>
    </p>
   </div>
   <div class='ocr_carea' id='block_1_91' title="bbox 577 4581 3838 4677">
    <p class='ocr_par' dir='ltr' id='par_1_91' title="bbox 577 4581 3838 4677">
     <span class='ocr_line' id='line_1_91' title="bbox 577 4581 3838 4677; baseline 0 -27"><span class='ocrx_word' id='word_1_697' title='bbox 577 4593 1075 4659; x_wconf 88' lang='lat' dir='ltr'><strong>maledictionibus;</strong></span> <span class='ocrx_word' id='word_1_698' title='bbox 1115 4593 1371 4662; x_wconf 89' lang='lat' dir='ltr'><strong>quoniam</strong></span> <span class='ocrx_word' id='word_1_699' title='bbox 1409 4595 1556 4648; x_wconf 80' lang='lat' dir='ltr'><strong>iuxta</strong></span> <span class='ocrx_word' id='word_1_700' title='bbox 1591 4595 1892 4664; x_wconf 86' lang='lat' dir='ltr'><strong>apostolum</strong></span> <span class='ocrx_word' id='word_1_701' title='bbox 1938 4595 2156 4650; x_wconf 85' lang='lat' dir='ltr'><strong>maledi-</strong></span> <span class='ocrx_word' id='word_1_702' title='bbox 2191 4581 2238 4641; x_wconf 83' lang='lat' dir='ltr'><strong>D</strong></span> <span class='ocrx_word' id='word_1_703' title='bbox 2261 4615 2420 4676; x_wconf 65' lang='lat' dir='ltr'><strong>prout,</strong></span> <span class='ocrx_word' id='word_1_704' title='bbox 2447 4608 2684 4662; x_wconf 67' lang='lat' dir='ltr'><strong>brevitas</strong></span> <span class='ocrx_word' id='word_1_705' title='bbox 2710 4608 2968 4677; x_wconf 61' lang='lat' dir='ltr'><strong>temporis</strong></span> <span class='ocrx_word' id='word_1_706' title='bbox 2994 4581 3256 4676; x_wconf 38' lang='lat' dir='ltr'><strong>pag-misit,</strong></span> <span class='ocrx_word' id='word_1_707' title='bbox 3283 4607 3578 4660; x_wconf 76' lang='lat' dir='ltr'><strong>secundum</strong></span> <span class='ocrx_word' id='word_1_708' title='bbox 3602 4614 3838 4660; x_wconf 63' lang='lat' dir='ltr'><strong>sanciam</strong></span> 
     </span>
    </p>
   </div>
   <div class='ocr_carea' id='block_1_92' title="bbox 575 4681 2156 4754">
    <p class='ocr_par' dir='ltr' id='par_1_92' title="bbox 575 4681 2156 4754">
     <span class='ocr_line' id='line_1_92' title="bbox 575 4681 2156 4754; baseline 0.001 -15"><span class='ocrx_word' id='word_1_709' title='bbox 575 4691 746 4739; x_wconf 83' lang='lat' dir='ltr'><strong>centes</strong></span> <span class='ocrx_word' id='word_1_710' title='bbox 772 4698 987 4752; x_wconf 82' lang='lat' dir='ltr'><strong>regnum</strong></span> <span class='ocrx_word' id='word_1_711' title='bbox 1013 4681 1110 4736; x_wconf 84' lang='lat' dir='ltr'><strong>Dei</strong></span> <span class='ocrx_word' id='word_1_712' title='bbox 1137 4699 1242 4736; x_wconf 87' lang='lat' dir='ltr'><strong>non</strong></span> <span class='ocrx_word' id='word_1_713' title='bbox 1259 4683 1626 4754; x_wconf 84' lang='lat' dir='ltr'><strong>possidebunt;</strong></span> <span class='ocrx_word' id='word_1_714' title='bbox 1664 4685 1729 4739; x_wconf 88' lang='lat' dir='ltr'><strong>de</strong></span> <span class='ocrx_word' id='word_1_715' title='bbox 1773 4686 2060 4752; x_wconf 87' lang='lat' dir='ltr'><strong>mendatio,</strong></span> <span class='ocrx_word' id='word_1_716' title='bbox 2091 4687 2156 4741; x_wconf 91' lang='lat' dir='ltr'><strong>de</strong></span> 
     </span>
    </p>
   </div>
   <div class='ocr_carea' id='block_1_93' title="bbox 573 4773 2159 4846">
    <p class='ocr_par' dir='ltr' id='par_1_93' title="bbox 573 4773 2159 4846">
     <span class='ocr_line' id='line_1_93' title="bbox 573 4773 2159 4846; baseline 0.001 -15"><span class='ocrx_word' id='word_1_717' title='bbox 573 4773 898 4846; x_wconf 85' lang='lat' dir='ltr'><strong>periculoso,</strong></span> <span class='ocrx_word' id='word_1_718' title='bbox 928 4773 1107 4837; x_wconf 77' lang='lat' dir='ltr'><strong>noxio,</strong></span> <span class='ocrx_word' id='word_1_719' title='bbox 1145 4775 1468 4844; x_wconf 88' lang='lat' dir='ltr'><strong>assiduoque</strong></span> <span class='ocrx_word' id='word_1_720' title='bbox 1515 4776 1834 4842; x_wconf 88' lang='lat' dir='ltr'><strong>iuramento,</strong></span> <span class='ocrx_word' id='word_1_721' title='bbox 1873 4786 1926 4832; x_wconf 91' lang='lat' dir='ltr'><strong>et</strong></span> <span class='ocrx_word' id='word_1_722' title='bbox 1971 4779 2159 4834; x_wconf 90' lang='lat' dir='ltr'><strong>obsce-</strong></span> 
     </span>
    </p>
   </div>
   <div class='ocr_carea' id='block_1_94' title="bbox 576 4867 2160 4938">
    <p class='ocr_par' dir='ltr' id='par_1_94' title="bbox 576 4867 2160 4938">
     <span class='ocr_line' id='line_1_94' title="bbox 576 4867 2160 4938; baseline 0.001 -13"><span class='ocrx_word' id='word_1_723' title='bbox 576 4871 661 4926; x_wconf 87' lang='lat' dir='ltr'><strong>uis</strong></span> <span class='ocrx_word' id='word_1_724' title='bbox 693 4869 1042 4938; x_wconf 87' lang='lat' dir='ltr'><strong>turpibusque</strong></span> <span class='ocrx_word' id='word_1_725' title='bbox 1066 4867 1311 4932; x_wconf 88' lang='lat' dir='ltr'><strong>canticis,</strong></span> <span class='ocrx_word' id='word_1_726' title='bbox 1340 4869 1590 4924; x_wconf 91' lang='lat' dir='ltr'><strong>omnibus</strong></span> <span class='ocrx_word' id='word_1_727' title='bbox 1621 4870 1926 4926; x_wconf 85' lang='lat' dir='ltr'><strong>christianis</strong></span> <span class='ocrx_word' id='word_1_728' title='bbox 1953 4871 2160 4926; x_wconf 86' lang='lat' dir='ltr'><strong>intelle-</strong></span> 
     </span>
    </p>
   </div>
   <div class='ocr_carea' id='block_1_95' title="bbox 578 4961 2159 5030">
    <p class='ocr_par' dir='ltr' id='par_1_95' title="bbox 578 4961 2159 5030">
     <span class='ocr_line' id='line_1_95' title="bbox 578 4961 2159 5030; baseline 0.003 -16"><span class='ocrx_word' id='word_1_729' title='bbox 578 4962 811 5029; x_wconf 89' lang='lat' dir='ltr'><strong>gendum</strong></span> <span class='ocrx_word' id='word_1_730' title='bbox 850 4968 905 5015; x_wconf 90' lang='lat' dir='ltr'><strong>et</strong></span> <span class='ocrx_word' id='word_1_731' title='bbox 929 4961 1324 5015; x_wconf 86' lang='lat' dir='ltr'><strong>observandum</strong></span> <span class='ocrx_word' id='word_1_732' title='bbox 1358 4968 1459 5025; x_wconf 88' lang='lat' dir='ltr'><strong>est,</strong></span> <span class='ocrx_word' id='word_1_733' title='bbox 1506 4969 1564 5016; x_wconf 87' lang='lat' dir='ltr'><strong>ut</strong></span> <span class='ocrx_word' id='word_1_734' title='bbox 1594 4976 1932 5030; x_wconf 89' lang='lat' dir='ltr'><strong>summopere</strong></span> <span class='ocrx_word' id='word_1_735' title='bbox 1974 4963 2042 5018; x_wconf 92' lang='lat' dir='ltr'><strong>ab</strong></span> <span class='ocrx_word' id='word_1_736' title='bbox 2076 4964 2159 5018; x_wconf 90' lang='lat' dir='ltr'><strong>his</strong></span> 
     </span>
    </p>
   </div>
   <div class='ocr_carea' id='block_1_96' title="bbox 576 5050 2162 5122">
    <p class='ocr_par' dir='ltr' id='par_1_96' title="bbox 576 5050 2162 5122">
     <span class='ocr_line' id='line_1_96' title="bbox 576 5050 2162 5122; baseline 0.001 -16"><span class='ocrx_word' id='word_1_737' title='bbox 576 5067 636 5107; x_wconf 78' lang='lat' dir='ltr'><strong>se</strong></span> <span class='ocrx_word' id='word_1_738' title='bbox 661 5059 908 5116; x_wconf 81' lang='lat' dir='ltr'><strong>caveant,</strong></span> <span class='ocrx_word' id='word_1_739' title='bbox 938 5066 1005 5104; x_wconf 90' lang='lat' dir='ltr'><strong>ne</strong></span> <span class='ocrx_word' id='word_1_740' title='bbox 1032 5050 1115 5105; x_wconf 88' lang='lat' dir='ltr'><strong>bis</strong></span> <span class='ocrx_word' id='word_1_741' title='bbox 1136 5051 1412 5106; x_wconf 85' lang='lat' dir='ltr'><strong>studentes</strong></span> <span class='ocrx_word' id='word_1_742' title='bbox 1437 5067 1532 5121; x_wconf 89' lang='lat' dir='ltr'><strong>per</strong></span> <span class='ocrx_word' id='word_1_743' title='bbox 1575 5051 1972 5122; x_wconf 83' lang='lat' dir='ltr'><strong>neglegentiam</strong></span> <span class='ocrx_word' id='word_1_744' title='bbox 1996 5055 2162 5108; x_wconf 78' lang='lat' dir='ltr'><strong>detri-</strong></span> 
     </span>
    </p>
   </div>
   <div class='ocr_carea' id='block_1_97' title="bbox 579 5140 2162 5213">
    <p class='ocr_par' dir='ltr' id='par_1_97' title="bbox 579 5140 2162 5213">
     <span class='ocr_line' id='line_1_97' title="bbox 579 5140 2162 5213; baseline 0.001 -17"><span class='ocrx_word' id='word_1_745' title='bbox 579 5150 822 5196; x_wconf 89' lang='lat' dir='ltr'><strong>mentum</strong></span> <span class='ocrx_word' id='word_1_746' title='bbox 869 5157 1089 5197; x_wconf 88' lang='lat' dir='ltr'><strong>suarum</strong></span> <span class='ocrx_word' id='word_1_747' title='bbox 1130 5140 1416 5210; x_wconf 86' lang='lat' dir='ltr'><strong>paciantur</strong></span> <span class='ocrx_word' id='word_1_748' title='bbox 1441 5142 1766 5196; x_wconf 86' lang='lat' dir='ltr'><strong>animarum.</strong></span> <span class='ocrx_word' id='word_1_749' title='bbox 1808 5142 1953 5198; x_wconf 82' lang='lat' dir='ltr'><strong>llaec</strong></span> <span class='ocrx_word' id='word_1_750' title='bbox 1997 5143 2162 5213; x_wconf 82' lang='lat' dir='ltr'><strong>igitur</strong></span> 
     </span>
    </p>
   </div>
   <div class='ocr_carea' id='block_1_98' title="bbox 580 5237 2162 5307">
    <p class='ocr_par' dir='ltr' id='par_1_98' title="bbox 580 5237 2162 5307">
     <span class='ocr_line' id='line_1_98' title="bbox 580 5237 2162 5307; baseline 0.003 -17"><span class='ocrx_word' id='word_1_751' title='bbox 580 5251 720 5306; x_wconf 87' lang='lat' dir='ltr'><strong>quae</strong></span> <span class='ocrx_word' id='word_1_752' title='bbox 765 5237 1002 5294; x_wconf 88' lang='lat' dir='ltr'><strong>breviter</strong></span> <span class='ocrx_word' id='word_1_753' title='bbox 1037 5237 1334 5307; x_wconf 88' lang='lat' dir='ltr'><strong>praemissa</strong></span> <span class='ocrx_word' id='word_1_754' title='bbox 1393 5243 1538 5302; x_wconf 90' lang='lat' dir='ltr'><strong>sunt,</strong></span> <span class='ocrx_word' id='word_1_755' title='bbox 1583 5237 1821 5306; x_wconf 88' lang='lat' dir='ltr'><strong>primum</strong></span> <span class='ocrx_word' id='word_1_756' title='bbox 1875 5238 2162 5294; x_wconf 88' lang='lat' dir='ltr'><strong>adiuvante</strong></span> 
     </span>
    </p>
   </div>
   <div class='ocr_carea' id='block_1_99' title="bbox 583 5315 2164 5402">
    <p class='ocr_par' dir='ltr' id='par_1_99' title="bbox 583 5315 2164 5402">
     <span class='ocr_line' id='line_1_99' title="bbox 583 5315 2164 5402; baseline 0.004 -19"><span class='ocrx_word' id='word_1_757' title='bbox 583 5327 762 5385; x_wconf 86' lang='lat' dir='ltr'><strong>divina</strong></span> <span class='ocrx_word' id='word_1_758' title='bbox 801 5331 973 5400; x_wconf 87' lang='lat' dir='ltr'><strong>gratia</strong></span> <span class='ocrx_word' id='word_1_759' title='bbox 1014 5347 1046 5386; x_wconf 91' lang='lat' dir='ltr'><strong>a</strong></span> <span class='ocrx_word' id='word_1_760' title='bbox 1073 5331 1474 5402; x_wconf 86' lang='lat' dir='ltr'><strong>nobismetipsis</strong></span> <span class='ocrx_word' id='word_1_761' title='bbox 1497 5315 1821 5398; x_wconf 89' lang='lat' dir='ltr'><strong>abdicando,</strong></span> <span class='ocrx_word' id='word_1_762' title='bbox 1853 5332 2084 5388; x_wconf 81' lang='lat' dir='ltr'><strong>formam</strong></span> <span class='ocrx_word' id='word_1_763' title='bbox 2107 5343 2164 5390; x_wconf 90' lang='lat' dir='ltr'><strong>et</strong></span> 
     </span>
    </p>
   </div>
   <div class='ocr_carea' id='block_1_100' title="bbox 2261 4696 3836 4766">
    <p class='ocr_par' dir='ltr' id='par_1_100' title="bbox 2261 4696 3836 4766">
     <span class='ocr_line' id='line_1_100' title="bbox 2261 4696 3836 4766; baseline -0.001 -16"><span class='ocrx_word' id='word_1_764' title='bbox 2261 4697 2655 4751; x_wconf 89' lang='lat' dir='ltr'><strong>ordinationem</strong></span> <span class='ocrx_word' id='word_1_765' title='bbox 2703 4707 2960 4762; x_wconf 87' lang='lat' dir='ltr'><strong>vestram,</strong></span> <span class='ocrx_word' id='word_1_766' title='bbox 2995 4699 3061 4753; x_wconf 90' lang='lat' dir='ltr'><strong>de</strong></span> <span class='ocrx_word' id='word_1_767' title='bbox 3113 4697 3198 4752; x_wconf 88' lang='lat' dir='ltr'><strong>his</strong></span> <span class='ocrx_word' id='word_1_768' title='bbox 3231 4711 3369 4766; x_wconf 89' lang='lat' dir='ltr'><strong>quae</strong></span> <span class='ocrx_word' id='word_1_769' title='bbox 3401 4696 3471 4751; x_wconf 82' lang='lat' dir='ltr'><strong>ad</strong></span> <span class='ocrx_word' id='word_1_770' title='bbox 3508 4703 3759 4751; x_wconf 85' lang='lat' dir='ltr'><strong>nostram</strong></span> <span class='ocrx_word' id='word_1_771' title='bbox 3795 4701 3836 4748; x_wconf 80' lang='lat' dir='ltr'><strong>el</strong></span> 
     </span>
    </p>
   </div>
   <div class='ocr_carea' id='block_1_101' title="bbox 2261 4789 3839 4858">
    <p class='ocr_par' dir='ltr' id='par_1_101' title="bbox 2261 4789 3839 4858">
     <span class='ocr_line' id='line_1_101' title="bbox 2261 4789 3839 4858; baseline 0 -18"><span class='ocrx_word' id='word_1_772' title='bbox 2261 4789 2600 4842; x_wconf 85' lang='lat' dir='ltr'><strong>sacerdotum</strong></span> <span class='ocrx_word' id='word_1_773' title='bbox 2628 4789 3100 4858; x_wconf 82' lang='lat' dir='ltr'><strong>subiectorumque</strong></span> <span class='ocrx_word' id='word_1_774' title='bbox 3123 4797 3434 4844; x_wconf 89' lang='lat' dir='ltr'><strong>nostrorum</strong></span> <span class='ocrx_word' id='word_1_775' title='bbox 3455 4790 3839 4844; x_wconf 80' lang='lat' dir='ltr'><strong>correctionem</strong></span> 
     </span>
    </p>
   </div>
   <div class='ocr_carea' id='block_1_102' title="bbox 2261 4881 3840 4952">
    <p class='ocr_par' dir='ltr' id='par_1_102' title="bbox 2261 4881 3840 4952">
     <span class='ocr_line' id='line_1_102' title="bbox 2261 4881 3840 4952; baseline 0.001 -20"><span class='ocrx_word' id='word_1_776' title='bbox 2261 4887 2316 4932; x_wconf 90' lang='lat' dir='ltr'><strong>et</strong></span> <span class='ocrx_word' id='word_1_777' title='bbox 2345 4881 2773 4936; x_wconf 87' lang='lat' dir='ltr'><strong>emendationem</strong></span> <span class='ocrx_word' id='word_1_778' title='bbox 2808 4883 3080 4950; x_wconf 88' lang='lat' dir='ltr'><strong>pertinere</strong></span> <span class='ocrx_word' id='word_1_779' title='bbox 3110 4882 3642 4952; x_wconf 73' lang='lat' dir='ltr'><strong>perspeximus,-nec</strong></span> <span class='ocrx_word' id='word_1_780' title='bbox 3659 4897 3766 4936; x_wconf 87' lang='lat' dir='ltr'><strong>non</strong></span> <span class='ocrx_word' id='word_1_781' title='bbox 3796 4885 3840 4933; x_wconf 84' lang='lat' dir='ltr'><strong>et</strong></span> 
     </span>
    </p>
   </div>
   <div class='ocr_carea' id='block_1_103' title="bbox 2265 4971 3820 5042">
    <p class='ocr_par' dir='ltr' id='par_1_103' title="bbox 2265 4971 3820 5042">
     <span class='ocr_line' id='line_1_103' title="bbox 2265 4971 3820 5042; baseline 0.002 -18"><span class='ocrx_word' id='word_1_782' title='bbox 2265 4971 2443 5026; x_wconf 89' lang='lat' dir='ltr'><strong>dehis</strong></span> <span class='ocrx_word' id='word_1_783' title='bbox 2470 4987 2607 5040; x_wconf 90' lang='lat' dir='ltr'><strong>quae</strong></span> <span class='ocrx_word' id='word_1_784' title='bbox 2648 4974 2860 5042; x_wconf 87' lang='lat' dir='ltr'><strong>populis</strong></span> <span class='ocrx_word' id='word_1_785' title='bbox 2895 4975 3201 5030; x_wconf 86' lang='lat' dir='ltr'><strong>necessario</strong></span> <span class='ocrx_word' id='word_1_786' title='bbox 3251 4975 3626 5030; x_wconf 87' lang='lat' dir='ltr'><strong>adnuntianda</strong></span> <span class='ocrx_word' id='word_1_787' title='bbox 3653 4983 3712 5028; x_wconf 90' lang='lat' dir='ltr'><strong>et</strong></span> <span class='ocrx_word' id='word_1_788' title='bbox 3755 4973 3820 5027; x_wconf 85' lang='lat' dir='ltr'><strong>ad</strong></span> 
     </span>
    </p>
   </div>
   <div class='ocr_carea' id='block_1_104' title="bbox 2267 5063 3828 5138">
    <p class='ocr_par' dir='ltr' id='par_1_104' title="bbox 2267 5063 3828 5138">
     <span class='ocr_line' id='line_1_104' title="bbox 2267 5063 3828 5138; baseline 0.001 -21"><span class='ocrx_word' id='word_1_789' title='bbox 2267 5063 2533 5118; x_wconf 86' lang='lat' dir='ltr'><strong>mouenda</strong></span> <span class='ocrx_word' id='word_1_790' title='bbox 2561 5067 2946 5133; x_wconf 88' lang='lat' dir='ltr'><strong>praevidimus,</strong></span> <span class='ocrx_word' id='word_1_791' title='bbox 2980 5069 3111 5124; x_wconf 89' lang='lat' dir='ltr'><strong>illud</strong></span> <span class='ocrx_word' id='word_1_792' title='bbox 3138 5069 3304 5123; x_wconf 88' lang='lat' dir='ltr'><strong>etiam</strong></span> <span class='ocrx_word' id='word_1_793' title='bbox 3334 5067 3475 5138; x_wconf 86' lang='lat' dir='ltr'><strong>quod</strong></span> <span class='ocrx_word' id='word_1_794' title='bbox 3504 5078 3727 5124; x_wconf 83' lang='lat' dir='ltr'><strong>vestrae</strong></span> <span class='ocrx_word' id='word_1_795' title='bbox 3745 5067 3828 5136; x_wconf 86' lang='lat' dir='ltr'><strong>pie</strong></span> 
     </span>
    </p>
   </div>
   <div class='ocr_carea' id='block_1_105' title="bbox 2268 5154 3843 5228">
    <p class='ocr_par' dir='ltr' id='par_1_105' title="bbox 2268 5154 3843 5228">
     <span class='ocr_line' id='line_1_105' title="bbox 2268 5154 3843 5228; baseline 0.001 -20"><span class='ocrx_word' id='word_1_796' title='bbox 2268 5154 2365 5208; x_wconf 89' lang='lat' dir='ltr'><strong>tati</strong></span> <span class='ocrx_word' id='word_1_797' title='bbox 2409 5156 2803 5224; x_wconf 86' lang='lat' dir='ltr'><strong>deposcendum</strong></span> <span class='ocrx_word' id='word_1_798' title='bbox 2846 5159 3221 5214; x_wconf 82' lang='lat' dir='ltr'><strong>tantummodo</strong></span> <span class='ocrx_word' id='word_1_799' title='bbox 3253 5157 3638 5225; x_wconf 81' lang='lat' dir='ltr'><strong>indicavimus,</strong></span> <span class='ocrx_word' id='word_1_800' title='bbox 3685 5171 3843 5228; x_wconf 73' lang='lat' dir='ltr'><strong>pauca</strong></span> 
     </span>
    </p>
   </div>
   <div class='ocr_carea' id='block_1_106' title="bbox 2269 5243 3828 5320">
    <p class='ocr_par' dir='ltr' id='par_1_106' title="bbox 2269 5243 3828 5320">
     <span class='ocr_line' id='line_1_106' title="bbox 2269 5243 3828 5320; baseline 0.003 -23"><span class='ocrx_word' id='word_1_801' title='bbox 2269 5243 2337 5297; x_wconf 90' lang='lat' dir='ltr'><strong>de</strong></span> <span class='ocrx_word' id='word_1_802' title='bbox 2367 5245 2550 5300; x_wconf 89' lang='lat' dir='ltr'><strong>multis</strong></span> <span class='ocrx_word' id='word_1_803' title='bbox 2575 5262 2714 5316; x_wconf 88' lang='lat' dir='ltr'><strong>quae</strong></span> <span class='ocrx_word' id='word_1_804' title='bbox 2737 5248 2794 5301; x_wconf 90' lang='lat' dir='ltr'><strong>in</strong></span> <span class='ocrx_word' id='word_1_805' title='bbox 2819 5249 3020 5304; x_wconf 87' lang='lat' dir='ltr'><strong>nostris</strong></span> <span class='ocrx_word' id='word_1_806' title='bbox 3044 5251 3404 5306; x_wconf 83' lang='lat' dir='ltr'><strong>conventibus</strong></span> <span class='ocrx_word' id='word_1_807' title='bbox 3430 5258 3584 5320; x_wconf 84' lang='lat' dir='ltr'><strong>gesta</strong></span> <span class='ocrx_word' id='word_1_808' title='bbox 3610 5258 3828 5304; x_wconf 82' lang='lat' dir='ltr'><strong>suntex</strong></span> 
     </span>
    </p>
   </div>
   <div class='ocr_carea' id='block_1_107' title="bbox 2269 5340 3831 5413">
    <p class='ocr_par' dir='ltr' id='par_1_107' title="bbox 2269 5340 3831 5413">
     <span class='ocr_line' id='line_1_107' title="bbox 2269 5340 3831 5413; baseline 0.003 -21"><span class='ocrx_word' id='word_1_809' title='bbox 2269 5346 2571 5405; x_wconf 88' lang='lat' dir='ltr'><strong>cerpcntes,</strong></span> <span class='ocrx_word' id='word_1_810' title='bbox 2619 5341 2672 5394; x_wconf 91' lang='lat' dir='ltr'><strong>in</strong></span> <span class='ocrx_word' id='word_1_811' title='bbox 2702 5355 2869 5394; x_wconf 89' lang='lat' dir='ltr'><strong>unum</strong></span> <span class='ocrx_word' id='word_1_812' title='bbox 2919 5341 3211 5413; x_wconf 78' lang='lat' dir='ltr'><strong>redigenda</strong></span> <span class='ocrx_word' id='word_1_813' title='bbox 3251 5341 3495 5399; x_wconf 88' lang='lat' dir='ltr'><strong>succinte</strong></span> <span class='ocrx_word' id='word_1_814' title='bbox 3542 5349 3598 5397; x_wconf 89' lang='lat' dir='ltr'><strong>et</strong></span> <span class='ocrx_word' id='word_1_815' title='bbox 3637 5340 3831 5399; x_wconf 65' lang='lat' dir='ltr'><strong>ordini</strong></span> 
     </span>
    </p>
   </div>
   <div class='ocr_carea' id='block_1_108' title="bbox 1791 5445 2617 5507">
    <p class='ocr_par' dir='ltr' id='par_1_108' title="bbox 1791 5445 2617 5507">
     <span class='ocr_line' id='line_1_108' title="bbox 1791 5445 2617 5507; baseline 0.005 -5"><span class='ocrx_word' id='word_1_816' title='bbox 1791 5445 2181 5504; x_wconf 75' lang='lat' dir='ltr'><strong>VARIANTES</strong></span> <span class='ocrx_word' id='word_1_817' title='bbox 2216 5449 2617 5507; x_wconf 79' lang='lat' dir='ltr'><strong>LECTIONES.</strong></span> 
     </span>
    </p>
   </div>
   <div class='ocr_carea' id='block_1_109' title="bbox 655 5541 3384 5626">
    <p class='ocr_par' dir='ltr' id='par_1_109' title="bbox 655 5541 3384 5626">
     <span class='ocr_line' id='line_1_109' title="bbox 655 5541 3384 5626; baseline 0.006 -16"><span class='ocrx_word' id='word_1_818' title='bbox 655 5556 673 5589; x_wconf 81' lang='grc'>³</span> <span class='ocrx_word' id='word_1_819' title='bbox 698 5555 859 5611; x_wconf 85' lang='lat' dir='ltr'><strong>deest.</strong></span> <span class='ocrx_word' id='word_1_820' title='bbox 933 5541 1259 5614; x_wconf 38' lang='lat' dir='ltr'><strong>{con-ruendi</strong></span> <span class='ocrx_word' id='word_1_821' title='bbox 1282 5577 1328 5613; x_wconf 88' lang='lat' dir='ltr'><strong>c.</strong></span> <span class='ocrx_word' id='word_1_822' title='bbox 1441 5553 1463 5592; x_wconf 75' lang='grc'>³</span> <span class='ocrx_word' id='word_1_823' title='bbox 1497 5560 1862 5618; x_wconf 79' lang='lat' dir='ltr'><strong>subsemmtur</strong></span> <span class='ocrx_word' id='word_1_824' title='bbox 1883 5580 1930 5618; x_wconf 83' lang='grc' dir='ltr'><strong>ε.</strong></span> <span class='ocrx_word' id='word_1_825' title='bbox 2004 5562 2024 5594; x_wconf 75' lang='grc'>⁸</span> <span class='ocrx_word' id='word_1_826' title='bbox 2047 5580 2202 5620; x_wconf 85' lang='lat' dir='ltr'><strong>usum</strong></span> <span class='ocrx_word' id='word_1_827' title='bbox 2233 5581 2281 5618; x_wconf 89' lang='lat' dir='ltr'><strong>c.</strong></span> <span class='ocrx_word' id='word_1_828' title='bbox 2359 5566 2478 5621; x_wconf 68' lang='lat' dir='ltr'><strong>“sic.</strong></span> <span class='ocrx_word' id='word_1_829' title='bbox 2554 5566 2575 5597; x_wconf 79' lang='grc'><strong>⁸</strong></span> <span class='ocrx_word' id='word_1_830' title='bbox 2600 5561 2907 5624; x_wconf 76' lang='lat' dir='ltr'><strong>carnalibUs&#39;</strong></span> <span class='ocrx_word' id='word_1_831' title='bbox 2922 5587 2969 5624; x_wconf 89' lang='lat' dir='ltr'><strong>c.</strong></span> <span class='ocrx_word' id='word_1_832' title='bbox 3032 5571 3308 5626; x_wconf 85' lang='lat' dir='ltr'><strong>&#39;seculara</strong></span> <span class='ocrx_word' id='word_1_833' title='bbox 3336 5589 3384 5626; x_wconf 86' lang='lat' dir='ltr'><strong>c.</strong></span> 
     </span>
    </p>
   </div>
   <div class='ocr_carea' id='block_1_110' title="bbox 2116 5676 2345 5734">
    <p class='ocr_par' dir='ltr' id='par_1_110' title="bbox 2116 5676 2345 5734">
     <span class='ocr_line' id='line_1_110' title="bbox 2116 5676 2345 5734; baseline 0.004 -3"><span class='ocrx_word' id='word_1_834' title='bbox 2116 5676 2345 5734; x_wconf 77' lang='lat' dir='ltr'><strong>NOT/E.</strong></span> 
     </span>
    </p>
   </div>
   <div class='ocr_carea' id='block_1_111' title="bbox 653 5761 1785 5836">
    <p class='ocr_par' dir='ltr' id='par_1_111' title="bbox 653 5761 1785 5836">
     <span class='ocr_line' id='line_1_111' title="bbox 653 5761 1785 5836; baseline 0.004 -18"><span class='ocrx_word' id='word_1_835' title='bbox 653 5778 678 5836; x_wconf 58' lang='lat' dir='ltr'><strong>tl</strong></span> <span class='ocrx_word' id='word_1_836' title='bbox 706 5761 804 5836; x_wconf 71' lang='lat' dir='ltr'><strong>Hic</strong></span> <span class='ocrx_word' id='word_1_837' title='bbox 834 5765 888 5820; x_wconf 89' lang='lat' dir='ltr'><strong>in</strong></span> <span class='ocrx_word' id='word_1_838' title='bbox 914 5764 1199 5820; x_wconf 77' lang='lat' dir='ltr'><strong>Additione</strong></span> <span class='ocrx_word' id='word_1_839' title='bbox 1218 5781 1284 5836; x_wconf 88' lang='grc' dir='ltr'>ιι,</span> <span class='ocrx_word' id='word_1_840' title='bbox 1309 5781 1428 5834; x_wconf 89' lang='lat' dir='ltr'><strong>cap.</strong></span> <span class='ocrx_word' id='word_1_841' title='bbox 1460 5766 1549 5832; x_wconf 72' lang='grc'><strong>22,</strong></span> <span class='ocrx_word' id='word_1_842' title='bbox 1583 5767 1785 5836; x_wconf 86' lang='lat' dir='ltr'><strong>incipit.</strong></span> 
     </span>
    </p>
   </div>
   <div class='ocr_carea' id='block_1_112' title="bbox 655 5835 1674 5908">
    <p class='ocr_par' dir='ltr' id='par_1_112' title="bbox 655 5835 1674 5908">
     <span class='ocr_line' id='line_1_112' title="bbox 655 5835 1674 5908; baseline -0.001 -17"><span class='ocrx_word' id='word_1_843' title='bbox 655 5835 683 5876; x_wconf 68' lang='grc' dir='ltr'>δ</span> <span class='ocrx_word' id='word_1_844' title='bbox 711 5835 808 5893; x_wconf 88' lang='lat' dir='ltr'><strong>llic</strong></span> <span class='ocrx_word' id='word_1_845' title='bbox 837 5836 1021 5908; x_wconf 84' lang='lat' dir='ltr'><strong>incipit</strong></span> <span class='ocrx_word' id='word_1_846' title='bbox 1047 5835 1350 5892; x_wconf 82' lang='lat' dir='ltr'><strong>Additionis</strong></span> <span class='ocrx_word' id='word_1_847' title='bbox 1378 5852 1414 5890; x_wconf 89' lang='grc' dir='ltr'><strong>ιι</strong></span> <span class='ocrx_word' id='word_1_848' title='bbox 1443 5852 1560 5908; x_wconf 82' lang='lat' dir='ltr'><strong>cap.</strong></span> <span class='ocrx_word' id='word_1_849' title='bbox 1585 5837 1674 5890; x_wconf 76' lang='lat'><strong>25.</strong></span> 
     </span>
    </p>
   </div>
   <div class='ocr_carea' id='block_1_113' title="bbox 2332 5772 3412 5848">
    <p class='ocr_par' dir='ltr' id='par_1_113' title="bbox 2332 5772 3412 5848">
     <span class='ocr_line' id='line_1_113' title="bbox 2332 5772 3412 5848; baseline 0.003 -21"><span class='ocrx_word' id='word_1_850' title='bbox 2332 5784 2353 5812; x_wconf 73' lang='grc' dir='ltr'><em>ε</em></span> <span class='ocrx_word' id='word_1_851' title='bbox 2379 5772 2497 5829; x_wconf 86' lang='lat' dir='ltr'><strong>Lib.</strong></span> <span class='ocrx_word' id='word_1_852' title='bbox 2529 5791 2610 5840; x_wconf 86' lang='grc' dir='ltr'>ιιι,</span> <span class='ocrx_word' id='word_1_853' title='bbox 2641 5788 2704 5830; x_wconf 84' lang='lat' dir='ltr'><strong>ex</strong></span> <span class='ocrx_word' id='word_1_854' title='bbox 2730 5776 2974 5848; x_wconf 85' lang='lat' dir='ltr'><strong>epistola,</strong></span> <span class='ocrx_word' id='word_1_855' title='bbox 3007 5792 3060 5848; x_wconf 90' lang='lat' dir='ltr'><strong>p.</strong></span> <span class='ocrx_word' id='word_1_856' title='bbox 3091 5777 3247 5844; x_wconf 72' lang='lat'><strong>1656,</strong></span> <span class='ocrx_word' id='word_1_857' title='bbox 3275 5777 3412 5834; x_wconf 89' lang='lat' dir='ltr'><strong>med.</strong></span> 
     </span>
    </p>
   </div>
  </div>
