  <div class='ocr_page' id='page_1' title='image "/cluster/home/n/w/nwhite01/storage/ocr_20150623/97/hvd.32044015466766/332.png"; bbox 0 0 3992 6344; ppageno 0'>
   <div class='ocr_carea' id='block_1_1' title="bbox 181 315 293 380">
    <p class='ocr_par' dir='ltr' id='par_1_1' title="bbox 181 315 293 380">
     <span class='ocr_line' id='line_1_1' title="bbox 181 315 293 380; baseline 0 0"><span class='ocrx_word' id='word_1_1' title='bbox 181 315 293 380; x_wconf 72' lang='grc'><strong>625</strong></span> 
     </span>
    </p>
   </div>
   <div class='ocr_carea' id='block_1_2' title="bbox 470 274 3154 373">
    <p class='ocr_par' dir='ltr' id='par_1_2' title="bbox 470 274 3154 373">
     <span class='ocr_line' id='line_1_2' title="bbox 470 274 3154 373; baseline -0.007 -8"><span class='ocrx_word' id='word_1_2' title='bbox 470 306 698 365; x_wconf 64' lang='lat' dir='ltr'><strong>conss</strong></span> <span class='ocrx_word' id='word_1_3' title='bbox 737 301 1255 373; x_wconf 68' lang='lat' dir='ltr'><strong>DiPLOMAfIICUS.</strong></span> <span class='ocrx_word' id='word_1_4' title='bbox 1287 331 1356 342; x_wconf 87' lang='lat'><strong>-</strong></span> <span class='ocrx_word' id='word_1_5' title='bbox 1384 297 1703 368; x_wconf 69' lang='lat' dir='ltr'><strong>L-UDOYICI</strong></span> <span class='ocrx_word' id='word_1_6' title='bbox 1742 299 1765 352; x_wconf 83' lang='grc' dir='ltr'>ι.</span> <span class='ocrx_word' id='word_1_7' title='bbox 1800 299 1886 352; x_wconf 87' lang='lat' dir='ltr'>ET</span> <span class='ocrx_word' id='word_1_8' title='bbox 1926 297 2245 354; x_wconf 61' lang='grc' dir='ltr'><strong>ωτι-ΜΠ</strong></span> <span class='ocrx_word' id='word_1_9' title='bbox 2281 295 2762 362; x_wconf 72' lang='lat' dir='ltr'><strong>CAPITULARIA.</strong></span> <span class='ocrx_word' id='word_1_10' title='bbox 2794 326 2859 335; x_wconf 87' lang='grc'><strong><em>-</em></strong></span> <span class='ocrx_word' id='word_1_11' title='bbox 2889 292 2990 349; x_wconf 70' lang='lat' dir='ltr'><strong>Ax.</strong></span> <span class='ocrx_word' id='word_1_12' title='bbox 3031 274 3154 350; x_wconf 69' lang='lat' dir='ltr'><strong>sesi.</strong></span> 
     </span>
    </p>
   </div>
   <div class='ocr_carea' id='block_1_3' title="bbox 3343 297 3449 352">
    <p class='ocr_par' dir='ltr' id='par_1_3' title="bbox 3343 297 3449 352">
     <span class='ocr_line' id='line_1_3' title="bbox 3343 297 3449 352; baseline 0.019 -2"><span class='ocrx_word' id='word_1_13' title='bbox 3343 297 3449 352; x_wconf 72' lang='lat'><strong>6‘26</strong></span> 
     </span>
    </p>
   </div>
   <div class='ocr_carea' id='block_1_4' title="bbox 185 403 3446 490">
    <p class='ocr_par' dir='ltr' id='par_1_4' title="bbox 185 403 3446 490">
     <span class='ocr_line' id='line_1_4' title="bbox 185 403 3446 490; baseline -0.007 -8"><span class='ocrx_word' id='word_1_14' title='bbox 185 429 283 482; x_wconf 88' lang='lat' dir='ltr'><strong>tim</strong></span> <span class='ocrx_word' id='word_1_15' title='bbox 311 422 708 490; x_wconf 83' lang='lat' dir='ltr'><strong>adnotavimus.</strong></span> <span class='ocrx_word' id='word_1_16' title='bbox 743 417 848 474; x_wconf 85' lang='lat' dir='ltr'><strong>Sed</strong></span> <span class='ocrx_word' id='word_1_17' title='bbox 879 431 1202 488; x_wconf 87' lang='lat' dir='ltr'><strong>quamquam</strong></span> <span class='ocrx_word' id='word_1_18' title='bbox 1238 413 1426 470; x_wconf 84' lang='lat' dir='ltr'><strong>ordine</strong></span> <span class='ocrx_word' id='word_1_19' title='bbox 1455 419 1768 482; x_wconf 87' lang='lat' dir='ltr'><strong>prcpostero</strong></span> <span class='ocrx_word' id='word_1_20' title='bbox 1803 418 1838 471; x_wconf 77' lang='grc' dir='ltr'><strong>Α</strong></span> <span class='ocrx_word' id='word_1_21' title='bbox 1872 403 2164 479; x_wconf 81' lang='lat' dir='ltr'><strong>potestates</strong></span> <span class='ocrx_word' id='word_1_22' title='bbox 2187 409 2520 464; x_wconf 88' lang='lat' dir='ltr'><strong>necessariae</strong></span> <span class='ocrx_word' id='word_1_23' title='bbox 2548 424 2652 463; x_wconf 94' lang='lat' dir='ltr'><strong>non</strong></span> <span class='ocrx_word' id='word_1_24' title='bbox 2699 414 2902 471; x_wconf 90' lang='lat' dir='ltr'><strong>essent,</strong></span> <span class='ocrx_word' id='word_1_25' title='bbox 2935 407 3038 460; x_wconf 89' lang='lat' dir='ltr'><strong>nisi</strong></span> <span class='ocrx_word' id='word_1_26' title='bbox 3067 415 3126 460; x_wconf 92' lang='lat' dir='ltr'><strong>ut</strong></span> <span class='ocrx_word' id='word_1_27' title='bbox 3153 405 3294 474; x_wconf 86' lang='lat' dir='ltr'><strong>quod</strong></span> <span class='ocrx_word' id='word_1_28' title='bbox 3341 423 3446 462; x_wconf 91' lang='lat' dir='ltr'><strong>non</strong></span> 
     </span>
    </p>
   </div>
   <div class='ocr_carea' id='block_1_5' title="bbox 187 501 1774 584">
    <p class='ocr_par' dir='ltr' id='par_1_5' title="bbox 187 501 1774 584">
     <span class='ocr_line' id='line_1_5' title="bbox 187 501 1774 584; baseline -0.011 -13"><span class='ocrx_word' id='word_1_29' title='bbox 187 519 254 573; x_wconf 88' lang='lat' dir='ltr'><strong>de</strong></span> <span class='ocrx_word' id='word_1_30' title='bbox 283 517 372 569; x_wconf 86' lang='lat' dir='ltr'><strong>bis</strong></span> <span class='ocrx_word' id='word_1_31' title='bbox 401 528 539 584; x_wconf 90' lang='lat' dir='ltr'><strong>quae</strong></span> <span class='ocrx_word' id='word_1_32' title='bbox 561 510 828 581; x_wconf 87' lang='lat' dir='ltr'><strong>premissa</strong></span> <span class='ocrx_word' id='word_1_33' title='bbox 856 507 872 538; x_wconf 76' lang='grc'>⁸</span> <span class='ocrx_word' id='word_1_34' title='bbox 913 514 1040 573; x_wconf 85' lang='lat' dir='ltr'><strong>sunt</strong></span> <span class='ocrx_word' id='word_1_35' title='bbox 1068 513 1246 570; x_wconf 86' lang='lat' dir='ltr'><strong>vestro</strong></span> <span class='ocrx_word' id='word_1_36' title='bbox 1272 503 1649 571; x_wconf 78' lang='lat' dir='ltr'><strong>ardentissimo</strong></span> <span class='ocrx_word' id='word_1_37' title='bbox 1683 501 1774 555; x_wconf 90' lang='lat' dir='ltr'><strong>de-</strong></span> 
     </span>
    </p>
   </div>
   <div class='ocr_carea' id='block_1_6' title="bbox 181 593 1772 674">
    <p class='ocr_par' dir='ltr' id='par_1_6' title="bbox 181 593 1772 674">
     <span class='ocr_line' id='line_1_6' title="bbox 181 593 1772 674; baseline -0.012 -11"><span class='ocrx_word' id='word_1_38' title='bbox 181 607 394 664; x_wconf 77' lang='lat' dir='ltr'><strong>siderio</strong></span> <span class='ocrx_word' id='word_1_39' title='bbox 440 603 592 674; x_wconf 91' lang='lat' dir='ltr'><strong>prius</strong></span> <span class='ocrx_word' id='word_1_40' title='bbox 637 598 951 657; x_wconf 69' lang='lat' dir='ltr'><strong>satisfacere</strong></span> <span class='ocrx_word' id='word_1_41' title='bbox 1006 596 1354 666; x_wconf 80' lang='lat' dir='ltr'><strong>elegerimus,</strong></span> <span class='ocrx_word' id='word_1_42' title='bbox 1411 593 1540 660; x_wconf 80' lang='lat' dir='ltr'><strong>illud</strong></span> <span class='ocrx_word' id='word_1_43' title='bbox 1592 599 1772 645; x_wconf 89' lang='lat' dir='ltr'><strong>tamen</strong></span> 
     </span>
    </p>
   </div>
   <div class='ocr_carea' id='block_1_7' title="bbox 180 684 1772 774">
    <p class='ocr_par' dir='ltr' id='par_1_7' title="bbox 180 684 1772 774">
     <span class='ocr_line' id='line_1_7' title="bbox 180 684 1772 774; baseline -0.013 -20"><span class='ocrx_word' id='word_1_44' title='bbox 180 699 333 774; x_wconf 86' lang='lat' dir='ltr'><strong>quod</strong></span> <span class='ocrx_word' id='word_1_45' title='bbox 359 698 414 752; x_wconf 92' lang='lat' dir='ltr'><strong>in</strong></span> <span class='ocrx_word' id='word_1_46' title='bbox 442 695 617 765; x_wconf 89' lang='lat' dir='ltr'><strong>capite</strong></span> <span class='ocrx_word' id='word_1_47' title='bbox 640 693 790 763; x_wconf 89' lang='lat' dir='ltr'><strong>prius</strong></span> <span class='ocrx_word' id='word_1_48' title='bbox 812 688 1117 760; x_wconf 89' lang='lat' dir='ltr'><strong>ponendum</strong></span> <span class='ocrx_word' id='word_1_49' title='bbox 1143 687 1318 742; x_wconf 82' lang='lat' dir='ltr'><strong>fuerat</strong></span> <span class='ocrx_word' id='word_1_50' title='bbox 1343 693 1397 741; x_wconf 91' lang='lat' dir='ltr'><strong>et</strong></span> <span class='ocrx_word' id='word_1_51' title='bbox 1432 684 1500 740; x_wconf 91' lang='lat' dir='ltr'><strong>ad</strong></span> <span class='ocrx_word' id='word_1_52' title='bbox 1536 691 1772 738; x_wconf 75' lang='lat' dir='ltr'><strong>vestram</strong></span> 
     </span>
    </p>
   </div>
   <div class='ocr_carea' id='block_1_8' title="bbox 180 774 1772 861">
    <p class='ocr_par' dir='ltr' id='par_1_8' title="bbox 180 774 1772 861">
     <span class='ocr_line' id='line_1_8' title="bbox 180 774 1772 861; baseline -0.012 -15"><span class='ocrx_word' id='word_1_53' title='bbox 180 779 499 861; x_wconf 81' lang='lat' dir='ltr'><strong>specialiter</strong></span> <span class='ocrx_word' id='word_1_54' title='bbox 521 787 806 857; x_wconf 78' lang='lat' dir='ltr'><strong>personam</strong></span> <span class='ocrx_word' id='word_1_55' title='bbox 832 779 1298 847; x_wconf 77' lang='lat' dir='ltr'><strong>ministeriumque</strong></span> <span class='ocrx_word' id='word_1_56' title='bbox 1321 776 1589 847; x_wconf 85' lang='lat' dir='ltr'><strong>pertinere</strong></span> <span class='ocrx_word' id='word_1_57' title='bbox 1632 774 1652 804; x_wconf 83' lang='lat'>&#39;</span> <span class='ocrx_word' id='word_1_58' title='bbox 1679 787 1772 829; x_wconf 85' lang='lat' dir='ltr'><strong>co-</strong></span> 
     </span>
    </p>
   </div>
   <div class='ocr_carea' id='block_1_9' title="bbox 180 864 1772 948">
    <p class='ocr_par' dir='ltr' id='par_1_9' title="bbox 180 864 1772 948">
     <span class='ocr_line' id='line_1_9' title="bbox 180 864 1772 948; baseline -0.012 -12"><span class='ocrx_word' id='word_1_59' title='bbox 180 880 496 948; x_wconf 78' lang='lat' dir='ltr'><strong>gnovimus,</strong></span> <span class='ocrx_word' id='word_1_60' title='bbox 543 873 846 930; x_wconf 82' lang='lat' dir='ltr'><strong>nullatenus</strong></span> <span class='ocrx_word' id='word_1_61' title='bbox 889 868 1146 939; x_wconf 83' lang='lat' dir='ltr'><strong>oblivioni</strong></span> <span class='ocrx_word' id='word_1_62' title='bbox 1174 867 1510 928; x_wconf 85' lang='lat' dir='ltr'><strong>tradidimus,</strong></span> <span class='ocrx_word' id='word_1_63' title='bbox 1542 864 1636 919; x_wconf 91' lang='lat' dir='ltr'><strong>scd</strong></span> <span class='ocrx_word' id='word_1_64' title='bbox 1678 878 1772 932; x_wconf 91' lang='lat' dir='ltr'><strong>po-</strong></span> 
     </span>
    </p>
   </div>
   <div class='ocr_carea' id='block_1_10' title="bbox 182 952 1772 1040">
    <p class='ocr_par' dir='ltr' id='par_1_10' title="bbox 182 952 1772 1040">
     <span class='ocr_line' id='line_1_10' title="bbox 182 952 1772 1040; baseline -0.011 -15"><span class='ocrx_word' id='word_1_65' title='bbox 182 952 298 1030; x_wconf 84' lang='lat' dir='ltr'><strong>tius</strong></span> <span class='ocrx_word' id='word_1_66' title='bbox 348 975 560 1022; x_wconf 79' lang='lat' dir='ltr'><strong>vestrae</strong></span> <span class='ocrx_word' id='word_1_67' title='bbox 589 963 747 1029; x_wconf 83' lang='lat' dir='ltr'><strong>saluti</strong></span> <span class='ocrx_word' id='word_1_68' title='bbox 793 959 1202 1040; x_wconf 77' lang='lat' dir='ltr'><strong>prospicientes,</strong></span> <span class='ocrx_word' id='word_1_69' title='bbox 1252 955 1506 1012; x_wconf 89' lang='lat' dir='ltr'><strong>nonnulla</strong></span> <span class='ocrx_word' id='word_1_70' title='bbox 1537 953 1772 1023; x_wconf 88' lang='lat' dir='ltr'><strong>capitula</strong></span> 
     </span>
    </p>
   </div>
   <div class='ocr_carea' id='block_1_11' title="bbox 180 1044 1774 1121">
    <p class='ocr_par' dir='ltr' id='par_1_11' title="bbox 180 1044 1774 1121">
     <span class='ocr_line' id='line_1_11' title="bbox 180 1044 1774 1121; baseline -0.011 -6"><span class='ocrx_word' id='word_1_71' title='bbox 180 1054 758 1118; x_wconf 82' lang='lat' dir='ltr'><strong>necessaria-ﬁdeliter</strong></span> <span class='ocrx_word' id='word_1_72' title='bbox 803 1049 1120 1121; x_wconf 81' lang='lat' dir='ltr'><strong>collegimus</strong></span> <span class='ocrx_word' id='word_1_73' title='bbox 1160 1056 1215 1103; x_wconf 91' lang='lat' dir='ltr'><strong>et</strong></span> <span class='ocrx_word' id='word_1_74' title='bbox 1238 1047 1390 1102; x_wconf 84' lang='lat' dir='ltr'><strong>vobis</strong></span> <span class='ocrx_word' id='word_1_75' title='bbox 1435 1044 1774 1100; x_wconf 81' lang='lat' dir='ltr'><strong>familiariter</strong></span> 
     </span>
    </p>
   </div>
   <div class='ocr_carea' id='block_1_12' title="bbox 180 1139 1775 1229">
    <p class='ocr_par' dir='ltr' id='par_1_12' title="bbox 180 1139 1775 1229">
     <span class='ocr_line' id='line_1_12' title="bbox 180 1139 1775 1229; baseline -0.011 -22"><span class='ocrx_word' id='word_1_76' title='bbox 180 1147 575 1214; x_wconf 80' lang='lat' dir='ltr'><strong>admonitionis</strong></span> <span class='ocrx_word' id='word_1_77' title='bbox 599 1146 769 1229; x_wconf 85' lang='lat' dir='ltr'><strong>gratia</strong></span> <span class='ocrx_word' id='word_1_78' title='bbox 797 1142 1120 1214; x_wconf 83' lang='lat' dir='ltr'><strong>porrigenda</strong></span> <span class='ocrx_word' id='word_1_79' title='bbox 1151 1139 1481 1200; x_wconf 87' lang='lat' dir='ltr'><strong>devovimus,</strong></span> <span class='ocrx_word' id='word_1_80' title='bbox 1508 1145 1568 1192; x_wconf 92' lang='lat' dir='ltr'><strong>ut</strong></span> <span class='ocrx_word' id='word_1_81' title='bbox 1591 1143 1775 1205; x_wconf 90' lang='lat' dir='ltr'><strong>aperte</strong></span> 
     </span>
    </p>
   </div>
   <div class='ocr_carea' id='block_1_13' title="bbox 180 1229 1775 1310">
    <p class='ocr_par' dir='ltr' id='par_1_13' title="bbox 180 1229 1775 1310">
     <span class='ocr_line' id='line_1_13' title="bbox 180 1229 1775 1310; baseline -0.009 -15"><span class='ocrx_word' id='word_1_82' title='bbox 180 1249 350 1310; x_wconf 85' lang='lat' dir='ltr'><strong>atque</strong></span> <span class='ocrx_word' id='word_1_83' title='bbox 375 1229 626 1307; x_wconf 77' lang='lat' dir='ltr'><strong>distincte</strong></span> <span class='ocrx_word' id='word_1_84' title='bbox 660 1234 995 1305; x_wconf 89' lang='lat' dir='ltr'><strong>inspiciendo</strong></span> <span class='ocrx_word' id='word_1_85' title='bbox 1037 1231 1263 1303; x_wconf 89' lang='lat' dir='ltr'><strong>legendo</strong></span> <span class='ocrx_word' id='word_1_86' title='bbox 1291 1239 1346 1284; x_wconf 91' lang='lat' dir='ltr'><strong>et</strong></span> <span class='ocrx_word' id='word_1_87' title='bbox 1369 1229 1653 1293; x_wconf 85' lang='lat' dir='ltr'><strong>audiendo,</strong></span> <span class='ocrx_word' id='word_1_88' title='bbox 1690 1241 1775 1281; x_wconf 85' lang='lat' dir='ltr'><strong>ve-</strong></span> 
     </span>
    </p>
   </div>
   <div class='ocr_carea' id='block_1_14' title="bbox 177 1318 1776 1398">
    <p class='ocr_par' dir='ltr' id='par_1_14' title="bbox 177 1318 1776 1398">
     <span class='ocr_line' id='line_1_14' title="bbox 177 1318 1776 1398; baseline -0.007 -16"><span class='ocrx_word' id='word_1_89' title='bbox 177 1338 298 1390; x_wconf 79' lang='lat' dir='ltr'><strong>stra</strong></span> <span class='ocrx_word' id='word_1_90' title='bbox 328 1341 661 1398; x_wconf 77' lang='lat' dir='ltr'><strong>cognoscere</strong></span> <span class='ocrx_word' id='word_1_91' title='bbox 679 1325 854 1396; x_wconf 85' lang='lat' dir='ltr'><strong>possit</strong></span> <span class='ocrx_word' id='word_1_92' title='bbox 876 1322 1135 1387; x_wconf 83' lang='lat' dir='ltr'><strong>sollertia,</strong></span> <span class='ocrx_word' id='word_1_93' title='bbox 1161 1321 1227 1376; x_wconf 90' lang='lat' dir='ltr'><strong>de</strong></span> <span class='ocrx_word' id='word_1_94' title='bbox 1246 1321 1440 1390; x_wconf 86' lang='lat' dir='ltr'><strong>quibus</strong></span> <span class='ocrx_word' id='word_1_95' title='bbox 1460 1328 1514 1373; x_wconf 91' lang='lat' dir='ltr'><strong>et</strong></span> <span class='ocrx_word' id='word_1_96' title='bbox 1537 1335 1635 1388; x_wconf 91' lang='lat' dir='ltr'><strong>pro</strong></span> <span class='ocrx_word' id='word_1_97' title='bbox 1657 1318 1776 1387; x_wconf 92' lang='lat' dir='ltr'><strong>qui-</strong></span> 
     </span>
    </p>
   </div>
   <div class='ocr_carea' id='block_1_15' title="bbox 180 1408 1776 1483">
    <p class='ocr_par' dir='ltr' id='par_1_15' title="bbox 180 1408 1776 1483">
     <span class='ocr_line' id='line_1_15' title="bbox 180 1408 1776 1483; baseline -0.006 -11"><span class='ocrx_word' id='word_1_98' title='bbox 180 1419 286 1473; x_wconf 88' lang='lat' dir='ltr'><strong>bus</strong></span> <span class='ocrx_word' id='word_1_99' title='bbox 326 1419 382 1472; x_wconf 93' lang='lat' dir='ltr'><strong>in</strong></span> <span class='ocrx_word' id='word_1_100' title='bbox 412 1416 726 1475; x_wconf 86' lang='lat' dir='ltr'><strong>memoratis</strong></span> <span class='ocrx_word' id='word_1_101' title='bbox 754 1413 1105 1471; x_wconf 82' lang='lat' dir='ltr'><strong>conventibus</strong></span> <span class='ocrx_word' id='word_1_102' title='bbox 1131 1411 1340 1483; x_wconf 79' lang='lat' dir='ltr'><strong>nostris</strong></span> <span class='ocrx_word' id='word_1_103' title='bbox 1367 1409 1660 1464; x_wconf 90' lang='lat' dir='ltr'><strong>secundum</strong></span> <span class='ocrx_word' id='word_1_104' title='bbox 1703 1408 1776 1463; x_wconf 46' lang='lat' dir='ltr'><strong>vis</strong></span> 
     </span>
    </p>
   </div>
   <div class='ocr_carea' id='block_1_16' title="bbox 182 1501 1665 1579">
    <p class='ocr_par' dir='ltr' id='par_1_16' title="bbox 182 1501 1665 1579">
     <span class='ocr_line' id='line_1_16' title="bbox 182 1501 1665 1579; baseline -0.007 -15"><span class='ocrx_word' id='word_1_105' title='bbox 182 1510 328 1564; x_wconf 85' lang='lat' dir='ltr'><strong>rium</strong></span> <span class='ocrx_word' id='word_1_106' title='bbox 357 1506 1091 1579; x_wconf 80' lang='lat' dir='ltr'><strong>possibilitatem’nostrarum</strong></span> <span class='ocrx_word' id='word_1_107' title='bbox 1123 1503 1350 1558; x_wconf 80' lang='lat' dir='ltr'><strong>ﬁdeliter</strong></span> <span class='ocrx_word' id='word_1_108' title='bbox 1379 1501 1665 1572; x_wconf 80' lang='lat' dir='ltr'><strong>egerimus.</strong></span> 
     </span>
    </p>
   </div>
   <div class='ocr_carea' id='block_1_17' title="bbox 253 1593 1774 1668">
    <p class='ocr_par' dir='ltr' id='par_1_17' title="bbox 253 1593 1774 1668">
     <span class='ocr_line' id='line_1_17' title="bbox 253 1593 1774 1668; baseline -0.007 -14"><span class='ocrx_word' id='word_1_109' title='bbox 253 1603 307 1654; x_wconf 74' lang='lat' dir='ltr'><strong>‘l.</strong></span> <span class='ocrx_word' id='word_1_110' title='bbox 347 1599 416 1656; x_wconf 87' lang='lat' dir='ltr'><strong>Ut</strong></span> <span class='ocrx_word' id='word_1_111' title='bbox 440 1612 466 1640; x_wconf 76' lang='grc' dir='ltr'>ι</span> <span class='ocrx_word' id='word_1_112' title='bbox 497 1598 626 1668; x_wconf 88' lang='lat' dir='ltr'><strong>quid</strong></span> <span class='ocrx_word' id='word_1_113' title='bbox 653 1613 751 1653; x_wconf 82' lang='lat' dir='ltr'><strong>rex</strong></span> <span class='ocrx_word' id='word_1_114' title='bbox 781 1597 955 1653; x_wconf 86' lang='lat' dir='ltr'><strong>dictus</strong></span> <span class='ocrx_word' id='word_1_115' title='bbox 984 1596 1072 1660; x_wconf 89' lang='lat' dir='ltr'><strong>sit,</strong></span> <span class='ocrx_word' id='word_1_116' title='bbox 1110 1594 1366 1649; x_wconf 86' lang='lat' dir='ltr'><strong>Ysidorus</strong></span> <span class='ocrx_word' id='word_1_117' title='bbox 1393 1593 1446 1647; x_wconf 90' lang='lat' dir='ltr'><strong>in</strong></span> <span class='ocrx_word' id='word_1_118' title='bbox 1475 1593 1612 1646; x_wconf 91' lang='lat' dir='ltr'><strong>libro</strong></span> <span class='ocrx_word' id='word_1_119' title='bbox 1647 1606 1774 1647; x_wconf 91' lang='lat' dir='ltr'><strong>scn-</strong></span> 
     </span>
    </p>
   </div>
   <div class='ocr_carea' id='block_1_18' title="bbox 179 1680 1774 1760">
    <p class='ocr_par' dir='ltr' id='par_1_18' title="bbox 179 1680 1774 1760">
     <span class='ocr_line' id='line_1_18' title="bbox 179 1680 1774 1760; baseline -0.007 -15"><span class='ocrx_word' id='word_1_120' title='bbox 179 1691 480 1760; x_wconf 73' lang='lat' dir='ltr'><strong>teptiarum</strong></span> <span class='ocrx_word' id='word_1_121' title='bbox 508 1689 718 1743; x_wconf 89' lang='lat' dir='ltr'><strong>scribit.</strong></span> <span class='ocrx_word' id='word_1_122' title='bbox 758 1705 776 1738; x_wconf 74' lang='grc' dir='ltr'>ι</span> <span class='ocrx_word' id='word_1_123' title='bbox 811 1685 926 1741; x_wconf 80' lang='lat' dir='ltr'><strong>Rex</strong></span> <span class='ocrx_word' id='word_1_124' title='bbox 956 1685 1112 1756; x_wconf 9' lang='lat' dir='ltr'><strong>enim,</strong></span> <span class='ocrx_word' id='word_1_125' title='bbox 1133 1683 1308 1753; x_wconf 76' lang='lat' dir='ltr'><strong>inquit</strong></span> <span class='ocrx_word' id='word_1_126' title='bbox 1334 1699 1366 1738; x_wconf 89' lang='lat' dir='ltr'><strong>a</strong></span> <span class='ocrx_word' id='word_1_127' title='bbox 1390 1690 1537 1738; x_wconf 90' lang='lat' dir='ltr'><strong>recte</strong></span> <span class='ocrx_word' id='word_1_128' title='bbox 1566 1680 1774 1752; x_wconf 89' lang='lat' dir='ltr'><strong>agendo</strong></span> 
     </span>
    </p>
   </div>
   <div class='ocr_carea' id='block_1_19' title="bbox 1875 495 3447 571">
    <p class='ocr_par' dir='ltr' id='par_1_19' title="bbox 1875 495 3447 571">
     <span class='ocr_line' id='line_1_19' title="bbox 1875 495 3447 571; baseline -0.001 -19"><span class='ocrx_word' id='word_1_129' title='bbox 1875 497 2144 567; x_wconf 76' lang='lat' dir='ltr'><strong>praevalet</strong></span> <span class='ocrx_word' id='word_1_130' title='bbox 2190 499 2439 554; x_wconf 87' lang='lat' dir='ltr'><strong>sacerdos</strong></span> <span class='ocrx_word' id='word_1_131' title='bbox 2469 497 2678 552; x_wconf 90' lang='lat' dir='ltr'><strong>eliicere</strong></span> <span class='ocrx_word' id='word_1_132' title='bbox 2698 511 2794 571; x_wconf 85' lang='lat' dir='ltr'><strong>per</strong></span> <span class='ocrx_word' id='word_1_133' title='bbox 2819 495 3095 561; x_wconf 85' lang='lat' dir='ltr'><strong>doctrinae</strong></span> <span class='ocrx_word' id='word_1_134' title='bbox 3122 510 3447 563; x_wconf 84' lang='lat' dir='ltr'><strong>sermonem,</strong></span> 
     </span>
    </p>
   </div>
   <div class='ocr_carea' id='block_1_20' title="bbox 1873 587 3451 660">
    <p class='ocr_par' dir='ltr' id='par_1_20' title="bbox 1873 587 3451 660">
     <span class='ocr_line' id='line_1_20' title="bbox 1873 587 3451 660; baseline -0.003 -14"><span class='ocrx_word' id='word_1_135' title='bbox 1873 599 2112 660; x_wconf 76' lang='lat' dir='ltr'><strong>potestas</strong></span> <span class='ocrx_word' id='word_1_136' title='bbox 2136 591 2239 646; x_wconf 87' lang='lat' dir='ltr'><strong>hoc</strong></span> <span class='ocrx_word' id='word_1_137' title='bbox 2267 591 2490 659; x_wconf 91' lang='lat' dir='ltr'><strong>imperet</strong></span> <span class='ocrx_word' id='word_1_138' title='bbox 2512 605 2607 659; x_wconf 88' lang='lat' dir='ltr'><strong>per</strong></span> <span class='ocrx_word' id='word_1_139' title='bbox 2641 589 2959 659; x_wconf 86' lang='lat' dir='ltr'><strong>disciplinae</strong></span> <span class='ocrx_word' id='word_1_140' title='bbox 2983 597 3266 642; x_wconf 89' lang='lat' dir='ltr'><strong>terrorem.</strong></span> <span class='ocrx_word' id='word_1_141' title='bbox 3301 587 3451 642; x_wconf 59' lang='lat' dir='ltr'><strong>nSa—</strong></span> 
     </span>
    </p>
   </div>
   <div class='ocr_carea' id='block_1_21' title="bbox 1874 669 3450 751">
    <p class='ocr_par' dir='ltr' id='par_1_21' title="bbox 1874 669 3450 751">
     <span class='ocr_line' id='line_1_21' title="bbox 1874 669 3450 751; baseline -0.001 -18"><span class='ocrx_word' id='word_1_142' title='bbox 1874 681 2053 736; x_wconf 90' lang='lat' dir='ltr'><strong>iomon</strong></span> <span class='ocrx_word' id='word_1_143' title='bbox 2096 682 2152 736; x_wconf 92' lang='lat' dir='ltr'><strong>in</strong></span> <span class='ocrx_word' id='word_1_144' title='bbox 2176 681 2511 751; x_wconf 81' lang='lat' dir='ltr'><strong>proverbiis:</strong></span> <span class='ocrx_word' id='word_1_145' title='bbox 2547 669 2909 734; x_wconf 79' lang='lat' dir='ltr'><strong>Misericordia</strong></span> <span class='ocrx_word' id='word_1_146' title='bbox 2955 688 3016 734; x_wconf 82' lang='lat' dir='ltr'><strong>et</strong></span> <span class='ocrx_word' id='word_1_147' title='bbox 3045 679 3232 736; x_wconf 79' lang='lat' dir='ltr'><strong>veritas</strong></span> <span class='ocrx_word' id='word_1_148' title='bbox 3273 687 3450 732; x_wconf 76' lang='lat' dir='ltr'><strong>custo-</strong></span> 
     </span>
    </p>
   </div>
   <div class='ocr_carea' id='block_1_22' title="bbox 1873 769 3446 844">
    <p class='ocr_par' dir='ltr' id='par_1_22' title="bbox 1873 769 3446 844">
     <span class='ocr_line' id='line_1_22' title="bbox 1873 769 3446 844; baseline -0.004 -16"><span class='ocrx_word' id='word_1_149' title='bbox 1873 773 2024 828; x_wconf 87' lang='lat' dir='ltr'><strong>diunt</strong></span> <span class='ocrx_word' id='word_1_150' title='bbox 2050 789 2239 844; x_wconf 84' lang='lat' dir='ltr'><strong>regem,</strong></span> <span class='ocrx_word' id='word_1_151' title='bbox 2266 781 2316 827; x_wconf 86' lang='lat' dir='ltr'><strong>et</strong></span> <span class='ocrx_word' id='word_1_152' title='bbox 2341 771 2617 826; x_wconf 83' lang='lat' dir='ltr'><strong>roboratur</strong></span> <span class='ocrx_word' id='word_1_153' title='bbox 2637 770 2908 826; x_wconf 86' lang='lat' dir='ltr'><strong>clementia</strong></span> <span class='ocrx_word' id='word_1_154' title='bbox 2935 771 3154 824; x_wconf 80' lang='lat' dir='ltr'><strong>thronus</strong></span> <span class='ocrx_word' id='word_1_155' title='bbox 3180 770 3312 824; x_wconf 88' lang='lat' dir='ltr'><strong>eius.</strong></span> <span class='ocrx_word' id='word_1_156' title='bbox 3340 769 3446 822; x_wconf 68' lang='lat' dir='ltr'><strong>lle-</strong></span> 
     </span>
    </p>
   </div>
   <div class='ocr_carea' id='block_1_23' title="bbox 1873 862 3446 936">
    <p class='ocr_par' dir='ltr' id='par_1_23' title="bbox 1873 862 3446 936">
     <span class='ocr_line' id='line_1_23' title="bbox 1873 862 3446 936; baseline -0.001 -18"><span class='ocrx_word' id='word_1_157' title='bbox 1873 865 1991 936; x_wconf 83' lang='lat' dir='ltr'><strong>gale</strong></span> <span class='ocrx_word' id='word_1_158' title='bbox 2029 864 2050 896; x_wconf 85' lang='grc'>⁶</span> <span class='ocrx_word' id='word_1_159' title='bbox 2073 864 2099 905; x_wconf 75' lang='grc' dir='ltr'><strong><em>ἀ</em></strong></span> <span class='ocrx_word' id='word_1_160' title='bbox 2130 879 2360 935; x_wconf 89' lang='lat' dir='ltr'><strong>namque</strong></span> <span class='ocrx_word' id='word_1_161' title='bbox 2383 864 2740 918; x_wconf 89' lang='lat' dir='ltr'><strong>ministerium</strong></span> <span class='ocrx_word' id='word_1_162' title='bbox 2767 862 3068 933; x_wconf 86' lang='lat' dir='ltr'><strong>specialiter</strong></span> <span class='ocrx_word' id='word_1_163' title='bbox 3089 872 3170 918; x_wconf 91' lang='lat' dir='ltr'><strong>est</strong></span> <span class='ocrx_word' id='word_1_164' title='bbox 3191 863 3446 932; x_wconf 90' lang='lat' dir='ltr'><strong>populum</strong></span> 
     </span>
    </p>
   </div>
   <div class='ocr_carea' id='block_1_24' title="bbox 1875 935 3450 1024">
    <p class='ocr_par' dir='ltr' id='par_1_24' title="bbox 1875 935 3450 1024">
     <span class='ocr_line' id='line_1_24' title="bbox 1875 935 3450 1024; baseline 0.001 -17"><span class='ocrx_word' id='word_1_165' title='bbox 1875 935 1969 1008; x_wconf 86' lang='lat' dir='ltr'><strong>Dei</strong></span> <span class='ocrx_word' id='word_1_166' title='bbox 2004 935 2303 1024; x_wconf 73' lang='lat' dir='ltr'><strong>gubernare</strong></span> <span class='ocrx_word' id='word_1_167' title='bbox 2329 961 2382 1009; x_wconf 89' lang='lat' dir='ltr'><strong>et</strong></span> <span class='ocrx_word' id='word_1_168' title='bbox 2407 965 2592 1024; x_wconf 85' lang='lat' dir='ltr'><strong>regere</strong></span> <span class='ocrx_word' id='word_1_169' title='bbox 2622 967 2744 1008; x_wconf 91' lang='lat' dir='ltr'><strong>cum</strong></span> <span class='ocrx_word' id='word_1_170' title='bbox 2787 939 3025 1022; x_wconf 81' lang='lat' dir='ltr'><strong>equitate</strong></span> <span class='ocrx_word' id='word_1_171' title='bbox 3051 959 3105 1008; x_wconf 90' lang='lat' dir='ltr'><strong>et</strong></span> <span class='ocrx_word' id='word_1_172' title='bbox 3140 953 3366 1016; x_wconf 90' lang='lat' dir='ltr'><strong>iustitia,</strong></span> <span class='ocrx_word' id='word_1_173' title='bbox 3395 964 3450 1008; x_wconf 89' lang='lat' dir='ltr'><strong>et</strong></span> 
     </span>
    </p>
   </div>
   <div class='ocr_carea' id='block_1_25' title="bbox 1873 1041 3448 1113">
    <p class='ocr_par' dir='ltr' id='par_1_25' title="bbox 1873 1041 3448 1113">
     <span class='ocr_line' id='line_1_25' title="bbox 1873 1041 3448 1113; baseline -0.002 -16"><span class='ocrx_word' id='word_1_174' title='bbox 1873 1051 1934 1097; x_wconf 92' lang='lat' dir='ltr'><strong>ut</strong></span> <span class='ocrx_word' id='word_1_175' title='bbox 1958 1059 2142 1113; x_wconf 90' lang='lat' dir='ltr'><strong>pacem</strong></span> <span class='ocrx_word' id='word_1_176' title='bbox 2185 1051 2243 1099; x_wconf 88' lang='lat' dir='ltr'><strong>et-</strong></span> <span class='ocrx_word' id='word_1_177' title='bbox 2262 1044 2604 1099; x_wconf 84' lang='lat' dir='ltr'><strong>concordiam</strong></span> <span class='ocrx_word' id='word_1_178' title='bbox 2633 1042 2867 1097; x_wconf 86' lang='lat' dir='ltr'><strong>habeant</strong></span> <span class='ocrx_word' id='word_1_179' title='bbox 2901 1041 3136 1096; x_wconf 83' lang='lat' dir='ltr'><strong>studere.</strong></span> <span class='ocrx_word' id='word_1_180' title='bbox 3169 1041 3285 1111; x_wconf 86' lang='lat' dir='ltr'><strong>ipse</strong></span> <span class='ocrx_word' id='word_1_181' title='bbox 3306 1041 3448 1094; x_wconf 89' lang='lat' dir='ltr'><strong>enim</strong></span> 
     </span>
    </p>
   </div>
   <div class='ocr_carea' id='block_1_26' title="bbox 1873 1115 3450 1205">
    <p class='ocr_par' dir='ltr' id='par_1_26' title="bbox 1873 1115 3450 1205">
     <span class='ocr_line' id='line_1_26' title="bbox 1873 1115 3450 1205; baseline -0.003 -16"><span class='ocrx_word' id='word_1_182' title='bbox 1873 1135 2032 1190; x_wconf 89' lang='lat' dir='ltr'><strong>debet</strong></span> <span class='ocrx_word' id='word_1_183' title='bbox 2053 1135 2229 1205; x_wconf 90' lang='lat' dir='ltr'><strong>primo</strong></span> <span class='ocrx_word' id='word_1_184' title='bbox 2256 1134 2508 1190; x_wconf 82' lang='lat' dir='ltr'><strong>defensor</strong></span> <span class='ocrx_word' id='word_1_185' title='bbox 2527 1148 2646 1188; x_wconf 88' lang='lat' dir='ltr'><strong>esse</strong></span> <span class='ocrx_word' id='word_1_186' title='bbox 2670 1115 3042 1197; x_wconf 57' lang='lat' dir='ltr'><strong>ecclesiarum,</strong></span> <span class='ocrx_word' id='word_1_187' title='bbox 3089 1139 3146 1186; x_wconf 92' lang='lat' dir='ltr'><strong>et</strong></span> <span class='ocrx_word' id='word_1_188' title='bbox 3170 1146 3450 1187; x_wconf 84' lang='lat' dir='ltr'><strong>servorum</strong></span> 
     </span>
    </p>
   </div>
   <div class='ocr_carea' id='block_1_27' title="bbox 1875 1223 3452 1294">
    <p class='ocr_par' dir='ltr' id='par_1_27' title="bbox 1875 1223 3452 1294">
     <span class='ocr_line' id='line_1_27' title="bbox 1875 1223 3452 1294; baseline -0.003 -14"><span class='ocrx_word' id='word_1_189' title='bbox 1875 1225 1990 1290; x_wconf 90' lang='lat' dir='ltr'><strong>Dei,</strong></span> <span class='ocrx_word' id='word_1_190' title='bbox 2038 1225 2359 1291; x_wconf 60' lang='lat' dir='ltr'><strong>viduarum,</strong></span> <span class='ocrx_word' id='word_1_191' title='bbox 2394 1223 2745 1289; x_wconf 50' lang='lat' dir='ltr'><strong>orl‘anorum,</strong></span> <span class='ocrx_word' id='word_1_192' title='bbox 2768 1231 3210 1293; x_wconf 85' lang='lat' dir='ltr'><strong>cacterorumque</strong></span> <span class='ocrx_word' id='word_1_193' title='bbox 3250 1223 3452 1294; x_wconf 85' lang='lat' dir='ltr'><strong>paupe-</strong></span> 
     </span>
    </p>
   </div>
   <div class='ocr_carea' id='block_1_28' title="bbox 1874 1312 3449 1382">
    <p class='ocr_par' dir='ltr' id='par_1_28' title="bbox 1874 1312 3449 1382">
     <span class='ocr_line' id='line_1_28' title="bbox 1874 1312 3449 1382; baseline -0.004 -11"><span class='ocrx_word' id='word_1_194' title='bbox 1874 1332 2014 1382; x_wconf 87' lang='lat' dir='ltr'><strong>rum,</strong></span> <span class='ocrx_word' id='word_1_195' title='bbox 2061 1331 2159 1372; x_wconf 91' lang='lat' dir='ltr'><strong>nec</strong></span> <span class='ocrx_word' id='word_1_196' title='bbox 2193 1331 2299 1371; x_wconf 89' lang='lat' dir='ltr'><strong>non</strong></span> <span class='ocrx_word' id='word_1_197' title='bbox 2342 1323 2400 1371; x_wconf 83' lang='lat' dir='ltr'><strong>et</strong></span> <span class='ocrx_word' id='word_1_198' title='bbox 2417 1315 2657 1370; x_wconf 84' lang='lat' dir='ltr'><strong>omnium</strong></span> <span class='ocrx_word' id='word_1_199' title='bbox 2694 1313 3068 1382; x_wconf 86' lang='lat' dir='ltr'><strong>indigentium.</strong></span> <span class='ocrx_word' id='word_1_200' title='bbox 3097 1312 3270 1382; x_wconf 88' lang='lat' dir='ltr'><strong>ipsius</strong></span> <span class='ocrx_word' id='word_1_201' title='bbox 3305 1312 3449 1367; x_wconf 88' lang='lat' dir='ltr'><strong>enim</strong></span> 
     </span>
    </p>
   </div>
   <div class='ocr_carea' id='block_1_29' title="bbox 1876 1401 3454 1473">
    <p class='ocr_par' dir='ltr' id='par_1_29' title="bbox 1876 1401 3454 1473">
     <span class='ocr_line' id='line_1_29' title="bbox 1876 1401 3454 1473; baseline -0.002 -13"><span class='ocrx_word' id='word_1_202' title='bbox 1876 1414 2052 1460; x_wconf 84' lang='lat' dir='ltr'><strong>terror</strong></span> <span class='ocrx_word' id='word_1_203' title='bbox 2077 1415 2144 1461; x_wconf 44' lang='lat' dir='ltr'><strong>etv</strong></span> <span class='ocrx_word' id='word_1_204' title='bbox 2157 1405 2393 1460; x_wconf 89' lang='lat' dir='ltr'><strong>studium</strong></span> <span class='ocrx_word' id='word_1_205' title='bbox 2423 1401 2796 1460; x_wconf 87' lang='lat' dir='ltr'><strong>huiuscemodi</strong></span> <span class='ocrx_word' id='word_1_206' title='bbox 2823 1403 2877 1458; x_wconf 93' lang='lat' dir='ltr'><strong>in</strong></span> <span class='ocrx_word' id='word_1_207' title='bbox 2909 1411 3168 1472; x_wconf 90' lang='lat' dir='ltr'><strong>quantum</strong></span> <span class='ocrx_word' id='word_1_208' title='bbox 3197 1402 3454 1473; x_wconf 81' lang='lat' dir='ltr'><strong>possibile</strong></span> 
     </span>
    </p>
   </div>
   <div class='ocr_carea' id='block_1_30' title="bbox 1875 1494 3454 1564">
    <p class='ocr_par' dir='ltr' id='par_1_30' title="bbox 1875 1494 3454 1564">
     <span class='ocr_line' id='line_1_30' title="bbox 1875 1494 3454 1564; baseline -0.001 -15"><span class='ocrx_word' id='word_1_209' title='bbox 1875 1505 1961 1552; x_wconf 91' lang='lat' dir='ltr'><strong>est</strong></span> <span class='ocrx_word' id='word_1_210' title='bbox 1983 1510 2102 1551; x_wconf 90' lang='lat' dir='ltr'><strong>esse</strong></span> <span class='ocrx_word' id='word_1_211' title='bbox 2126 1496 2302 1561; x_wconf 91' lang='lat' dir='ltr'><strong>debet,</strong></span> <span class='ocrx_word' id='word_1_212' title='bbox 2343 1495 2521 1564; x_wconf 88' lang='lat' dir='ltr'><strong>primo</strong></span> <span class='ocrx_word' id='word_1_213' title='bbox 2555 1504 2614 1550; x_wconf 93' lang='lat' dir='ltr'><strong>ut</strong></span> <span class='ocrx_word' id='word_1_214' title='bbox 2640 1494 2785 1549; x_wconf 91' lang='lat' dir='ltr'><strong>nulla</strong></span> <span class='ocrx_word' id='word_1_215' title='bbox 2813 1495 3077 1549; x_wconf 90' lang='lat' dir='ltr'><strong>iniustitia</strong></span> <span class='ocrx_word' id='word_1_216' title='bbox 3106 1494 3220 1560; x_wconf 85' lang='lat' dir='ltr'><strong>iiat,</strong></span> <span class='ocrx_word' id='word_1_217' title='bbox 3262 1494 3454 1550; x_wconf 88' lang='lat' dir='ltr'><strong>deinde</strong></span> 
     </span>
    </p>
   </div>
   <div class='ocr_carea' id='block_1_31' title="bbox 1876 1584 3449 1655">
    <p class='ocr_par' dir='ltr' id='par_1_31' title="bbox 1876 1584 3449 1655">
     <span class='ocr_line' id='line_1_31' title="bbox 1876 1584 3449 1655; baseline -0.002 -15"><span class='ocrx_word' id='word_1_218' title='bbox 1876 1586 1922 1641; x_wconf 89' lang='lat' dir='ltr'><strong>si</strong></span> <span class='ocrx_word' id='word_1_219' title='bbox 1948 1586 2188 1642; x_wconf 84' lang='lat' dir='ltr'><strong>evenerit</strong></span> <span class='ocrx_word' id='word_1_220' title='bbox 2224 1594 2286 1640; x_wconf 89' lang='lat' dir='ltr'><strong>ut</strong></span> <span class='ocrx_word' id='word_1_221' title='bbox 2326 1584 2472 1640; x_wconf 92' lang='lat' dir='ltr'><strong>nullo</strong></span> <span class='ocrx_word' id='word_1_222' title='bbox 2506 1588 2664 1641; x_wconf 90' lang='lat' dir='ltr'><strong>modo</strong></span> <span class='ocrx_word' id='word_1_223' title='bbox 2686 1601 2806 1640; x_wconf 89' lang='lat' dir='ltr'><strong>eam</strong></span> <span class='ocrx_word' id='word_1_224' title='bbox 2829 1585 3126 1640; x_wconf 86' lang='lat' dir='ltr'><strong>subsistere</strong></span> <span class='ocrx_word' id='word_1_225' title='bbox 3149 1585 3449 1655; x_wconf 89' lang='lat' dir='ltr'><strong>permittat,</strong></span> 
     </span>
    </p>
   </div>
   <div class='ocr_carea' id='block_1_32' title="bbox 1877 1674 3453 1749">
    <p class='ocr_par' dir='ltr' id='par_1_32' title="bbox 1877 1674 3453 1749">
     <span class='ocr_line' id='line_1_32' title="bbox 1877 1674 3453 1749; baseline -0.003 -17"><span class='ocrx_word' id='word_1_226' title='bbox 1877 1693 1978 1734; x_wconf 91' lang='lat' dir='ltr'><strong>nec</strong></span> <span class='ocrx_word' id='word_1_227' title='bbox 2017 1693 2168 1749; x_wconf 90' lang='lat' dir='ltr'><strong>spem</strong></span> <span class='ocrx_word' id='word_1_228' title='bbox 2221 1677 2566 1734; x_wconf 88' lang='lat' dir='ltr'><strong>delitescendi</strong></span> <span class='ocrx_word' id='word_1_229' title='bbox 2608 1677 2722 1732; x_wconf 82' lang='lat' dir='ltr'><strong>sive</strong></span> <span class='ocrx_word' id='word_1_230' title='bbox 2767 1676 3042 1731; x_wconf 86' lang='lat' dir='ltr'><strong>audatiam</strong></span> <span class='ocrx_word' id='word_1_231' title='bbox 3087 1675 3228 1730; x_wconf 89' lang='lat' dir='ltr'><strong>male</strong></span> <span class='ocrx_word' id='word_1_232' title='bbox 3262 1674 3453 1743; x_wconf 81' lang='lat' dir='ltr'><strong>agendi</strong></span> 
     </span>
    </p>
   </div>
   <div class='ocr_carea' id='block_1_33' title="bbox 179 1768 3455 1849">
    <p class='ocr_par' dir='ltr' id='par_1_33' title="bbox 179 1768 3455 1849">
     <span class='ocr_line' id='line_1_33' title="bbox 179 1768 3455 1849; baseline -0.003 -15"><span class='ocrx_word' id='word_1_233' title='bbox 179 1789 431 1845; x_wconf 77' lang='lat' dir='ltr'><strong>vocatur,</strong></span> <span class='ocrx_word' id='word_1_234' title='bbox 464 1780 509 1835; x_wconf 91' lang='lat' dir='ltr'><strong>si</strong></span> <span class='ocrx_word' id='word_1_235' title='bbox 533 1781 676 1834; x_wconf 90' lang='lat' dir='ltr'><strong>enim</strong></span> <span class='ocrx_word' id='word_1_236' title='bbox 703 1779 788 1849; x_wconf 91' lang='lat' dir='ltr'><strong>pie</strong></span> <span class='ocrx_word' id='word_1_237' title='bbox 808 1787 862 1834; x_wconf 94' lang='lat' dir='ltr'><strong>et</strong></span> <span class='ocrx_word' id='word_1_238' title='bbox 885 1779 1026 1833; x_wconf 86' lang='lat' dir='ltr'><strong>iuste</strong></span> <span class='ocrx_word' id='word_1_239' title='bbox 1061 1786 1116 1833; x_wconf 92' lang='lat' dir='ltr'><strong>et</strong></span> <span class='ocrx_word' id='word_1_240' title='bbox 1140 1773 1565 1838; x_wconf 83' lang='lat' dir='ltr'><strong>misericorditer</strong></span> <span class='ocrx_word' id='word_1_241' title='bbox 1606 1771 1763 1840; x_wconf 89' lang='lat' dir='ltr'><strong>regit,</strong></span> <span class='ocrx_word' id='word_1_242' title='bbox 1800 1768 1846 1827; x_wconf 88' lang='lat' dir='ltr'><strong>B</strong></span> <span class='ocrx_word' id='word_1_243' title='bbox 1875 1775 2123 1845; x_wconf 92' lang='lat' dir='ltr'><strong>cuiquam</strong></span> <span class='ocrx_word' id='word_1_244' title='bbox 2152 1774 2439 1844; x_wconf 90' lang='lat' dir='ltr'><strong>relinquat.</strong></span> <span class='ocrx_word' id='word_1_245' title='bbox 2471 1771 2578 1828; x_wconf 87' lang='lat' dir='ltr'><strong>Sed</strong></span> <span class='ocrx_word' id='word_1_246' title='bbox 2604 1771 2779 1827; x_wconf 88' lang='lat' dir='ltr'><strong>sciant</strong></span> <span class='ocrx_word' id='word_1_247' title='bbox 2797 1786 3004 1835; x_wconf 83' lang='lat' dir='ltr'><strong>omnes,</strong></span> <span class='ocrx_word' id='word_1_248' title='bbox 3037 1770 3291 1840; x_wconf 91' lang='lat' dir='ltr'><strong>quoniam</strong></span> <span class='ocrx_word' id='word_1_249' title='bbox 3317 1768 3364 1824; x_wconf 91' lang='lat' dir='ltr'><strong>si</strong></span> <span class='ocrx_word' id='word_1_250' title='bbox 3386 1769 3455 1823; x_wconf 89' lang='lat' dir='ltr'><strong>ad</strong></span> 
     </span>
    </p>
   </div>
   <div class='ocr_carea' id='block_1_34' title="bbox 178 1859 1766 1940">
    <p class='ocr_par' dir='ltr' id='par_1_34' title="bbox 178 1859 1766 1940">
     <span class='ocr_line' id='line_1_34' title="bbox 178 1859 1766 1940; baseline -0.008 -13"><span class='ocrx_word' id='word_1_251' title='bbox 178 1871 380 1926; x_wconf 87' lang='lat' dir='ltr'><strong>merito</strong></span> <span class='ocrx_word' id='word_1_252' title='bbox 416 1885 509 1924; x_wconf 75' lang='lat' dir='ltr'><strong>rex</strong></span> <span class='ocrx_word' id='word_1_253' title='bbox 539 1868 872 1940; x_wconf 14' lang='lat' dir='ltr'><strong>appellatur.&quot;</strong></span> <span class='ocrx_word' id='word_1_254' title='bbox 888 1865 948 1922; x_wconf 87' lang='lat' dir='ltr'><strong>Si</strong></span> <span class='ocrx_word' id='word_1_255' title='bbox 975 1867 1063 1921; x_wconf 88' lang='lat' dir='ltr'><strong>his</strong></span> <span class='ocrx_word' id='word_1_256' title='bbox 1104 1865 1360 1930; x_wconf 91' lang='lat' dir='ltr'><strong>caruerit,</strong></span> <span class='ocrx_word' id='word_1_257' title='bbox 1389 1878 1496 1918; x_wconf 92' lang='lat' dir='ltr'><strong>non</strong></span> <span class='ocrx_word' id='word_1_258' title='bbox 1536 1876 1633 1916; x_wconf 83' lang='lat' dir='ltr'><strong>rex</strong></span> <span class='ocrx_word' id='word_1_259' title='bbox 1673 1859 1766 1916; x_wconf 83' lang='lat' dir='ltr'><strong>Sed</strong></span> 
     </span>
    </p>
   </div>
   <div class='ocr_carea' id='block_1_35' title="bbox 181 1951 1766 2031">
    <p class='ocr_par' dir='ltr' id='par_1_35' title="bbox 181 1951 1766 2031">
     <span class='ocr_line' id='line_1_35' title="bbox 181 1951 1766 2031; baseline -0.005 -18"><span class='ocrx_word' id='word_1_260' title='bbox 181 1968 452 2030; x_wconf 80' lang='lat' dir='ltr'><strong>tyrannus</strong></span> <span class='ocrx_word' id='word_1_261' title='bbox 482 1965 584 2011; x_wconf 88' lang='lat' dir='ltr'><strong>est.</strong></span> <span class='ocrx_word' id='word_1_262' title='bbox 621 1976 640 2010; x_wconf 73' lang='grc' dir='ltr'><strong><em>ι</em></strong></span> <span class='ocrx_word' id='word_1_263' title='bbox 674 1955 895 2026; x_wconf 84' lang='lat' dir='ltr'><strong>Antiqui</strong></span> <span class='ocrx_word' id='word_1_264' title='bbox 926 1962 1141 2031; x_wconf 11' lang='lat' dir='ltr'><strong>autem,”</strong></span> <span class='ocrx_word' id='word_1_265' title='bbox 1173 1962 1234 2008; x_wconf 93' lang='lat' dir='ltr'><strong>ut</strong></span> <span class='ocrx_word' id='word_1_266' title='bbox 1267 1954 1408 2010; x_wconf 91' lang='lat' dir='ltr'><strong>idem</strong></span> <span class='ocrx_word' id='word_1_267' title='bbox 1435 1952 1673 2007; x_wconf 89' lang='lat' dir='ltr'><strong>lsidorus</strong></span> <span class='ocrx_word' id='word_1_268' title='bbox 1711 1951 1766 2005; x_wconf 92' lang='lat' dir='ltr'><strong>in</strong></span> 
     </span>
    </p>
   </div>
   <div class='ocr_carea' id='block_1_36' title="bbox 180 2045 1767 2129">
    <p class='ocr_par' dir='ltr' id='par_1_36' title="bbox 180 2045 1767 2129">
     <span class='ocr_line' id='line_1_36' title="bbox 180 2045 1767 2129; baseline -0.004 -26"><span class='ocrx_word' id='word_1_269' title='bbox 180 2049 322 2103; x_wconf 79' lang='lat' dir='ltr'><strong>libro</strong></span> <span class='ocrx_word' id='word_1_270' title='bbox 355 2045 828 2129; x_wconf 81' lang='lat' dir='ltr'><strong>ethimoiogiarum</strong></span> <span class='ocrx_word' id='word_1_271' title='bbox 855 2045 1062 2111; x_wconf 86' lang='lat' dir='ltr'><strong>scribit,</strong></span> <span class='ocrx_word' id='word_1_272' title='bbox 1093 2059 1282 2100; x_wconf 90' lang='lat' dir='ltr'><strong>omnes</strong></span> <span class='ocrx_word' id='word_1_273' title='bbox 1325 2057 1481 2114; x_wconf 87' lang='lat' dir='ltr'><strong>reges</strong></span> <span class='ocrx_word' id='word_1_274' title='bbox 1507 2051 1767 2126; x_wconf 69' lang='lat' dir='ltr'><strong>tyrannos</strong></span> 
     </span>
    </p>
   </div>
   <div class='ocr_carea' id='block_1_37' title="bbox 178 2133 1769 2208">
    <p class='ocr_par' dir='ltr' id='par_1_37' title="bbox 178 2133 1769 2208">
     <span class='ocr_line' id='line_1_37' title="bbox 178 2133 1769 2208; baseline -0.003 -19"><span class='ocrx_word' id='word_1_275' title='bbox 178 2137 473 2191; x_wconf 86' lang='lat' dir='ltr'><strong>vocabant.</strong></span> <span class='ocrx_word' id='word_1_276' title='bbox 503 2134 609 2191; x_wconf 86' lang='lat' dir='ltr'><strong>Sed</strong></span> <span class='ocrx_word' id='word_1_277' title='bbox 645 2144 832 2206; x_wconf 87' lang='lat' dir='ltr'><strong>postea</strong></span> <span class='ocrx_word' id='word_1_278' title='bbox 863 2137 952 2208; x_wconf 83' lang='lat' dir='ltr'><strong>pie</strong></span> <span class='ocrx_word' id='word_1_279' title='bbox 982 2143 1036 2192; x_wconf 90' lang='lat' dir='ltr'><strong>et</strong></span> <span class='ocrx_word' id='word_1_280' title='bbox 1065 2134 1488 2191; x_wconf 85' lang='lat' dir='ltr'><strong>misericorditer</strong></span> <span class='ocrx_word' id='word_1_281' title='bbox 1532 2133 1769 2204; x_wconf 85' lang='lat' dir='ltr'><strong>regenti-</strong></span> 
     </span>
    </p>
   </div>
   <div class='ocr_carea' id='block_1_38' title="bbox 180 2225 1767 2298">
    <p class='ocr_par' dir='ltr' id='par_1_38' title="bbox 180 2225 1767 2298">
     <span class='ocr_line' id='line_1_38' title="bbox 180 2225 1767 2298; baseline 0 -18"><span class='ocrx_word' id='word_1_282' title='bbox 180 2227 280 2282; x_wconf 88' lang='lat' dir='ltr'><strong>bus</strong></span> <span class='ocrx_word' id='word_1_283' title='bbox 309 2227 458 2298; x_wconf 87' lang='lat' dir='ltr'><strong>rcgis</strong></span> <span class='ocrx_word' id='word_1_284' title='bbox 483 2241 681 2282; x_wconf 83' lang='lat' dir='ltr'><strong>nomen</strong></span> <span class='ocrx_word' id='word_1_285' title='bbox 715 2227 940 2296; x_wconf 84' lang='lat' dir='ltr'><strong>adeptis,</strong></span> <span class='ocrx_word' id='word_1_286' title='bbox 969 2227 1130 2297; x_wconf 90' lang='lat' dir='ltr'><strong>impie</strong></span> <span class='ocrx_word' id='word_1_287' title='bbox 1157 2241 1303 2292; x_wconf 90' lang='lat' dir='ltr'><strong>vero,</strong></span> <span class='ocrx_word' id='word_1_288' title='bbox 1333 2225 1767 2296; x_wconf 77' lang='lat' dir='ltr'><strong>iniuste,crude-</strong></span> 
     </span>
    </p>
   </div>
   <div class='ocr_carea' id='block_1_39' title="bbox 181 2316 1766 2394">
    <p class='ocr_par' dir='ltr' id='par_1_39' title="bbox 181 2316 1766 2394">
     <span class='ocr_line' id='line_1_39' title="bbox 181 2316 1766 2394; baseline 0.001 -26"><span class='ocrx_word' id='word_1_289' title='bbox 181 2316 413 2385; x_wconf 82' lang='lat' dir='ltr'><strong>[iterque</strong></span> <span class='ocrx_word' id='word_1_290' title='bbox 461 2316 910 2394; x_wconf 84' lang='lat' dir='ltr'><strong>principantibus,</strong></span> <span class='ocrx_word' id='word_1_291' title='bbox 943 2332 1051 2372; x_wconf 91' lang='lat' dir='ltr'><strong>non</strong></span> <span class='ocrx_word' id='word_1_292' title='bbox 1080 2317 1222 2387; x_wconf 88' lang='lat' dir='ltr'><strong>regis</strong></span> <span class='ocrx_word' id='word_1_293' title='bbox 1265 2317 1333 2371; x_wconf 90' lang='lat' dir='ltr'><strong>ad</strong></span> <span class='ocrx_word' id='word_1_294' title='bbox 1368 2317 1396 2356; x_wconf 70' lang='grc' dir='ltr'><strong>ιι</strong></span> <span class='ocrx_word' id='word_1_295' title='bbox 1428 2317 1766 2388; x_wconf 86' lang='lat' dir='ltr'><strong>tyrannicum</strong></span> 
     </span>
    </p>
   </div>
   <div class='ocr_carea' id='block_1_40' title="bbox 181 2407 1770 2479">
    <p class='ocr_par' dir='ltr' id='par_1_40' title="bbox 181 2407 1770 2479">
     <span class='ocr_line' id='line_1_40' title="bbox 181 2407 1770 2479; baseline -0.001 -18"><span class='ocrx_word' id='word_1_296' title='bbox 181 2415 422 2477; x_wconf 86' lang='lat' dir='ltr'><strong>aptatum</strong></span> <span class='ocrx_word' id='word_1_297' title='bbox 471 2414 555 2463; x_wconf 90' lang='lat' dir='ltr'><strong>est</strong></span> <span class='ocrx_word' id='word_1_298' title='bbox 594 2423 814 2479; x_wconf 79' lang='lat' dir='ltr'><strong>nomen.</strong></span> <span class='ocrx_word' id='word_1_299' title='bbox 858 2407 1011 2464; x_wconf 90' lang='lat' dir='ltr'><strong>Unde</strong></span> <span class='ocrx_word' id='word_1_300' title='bbox 1049 2414 1104 2464; x_wconf 89' lang='lat' dir='ltr'><strong>et</strong></span> <span class='ocrx_word' id='word_1_301' title='bbox 1142 2409 1334 2463; x_wconf 87' lang='lat' dir='ltr'><strong>beatus</strong></span> <span class='ocrx_word' id='word_1_302' title='bbox 1366 2407 1658 2476; x_wconf 79' lang='lat' dir='ltr'><strong>Gregorius</strong></span> <span class='ocrx_word' id='word_1_303' title='bbox 1695 2408 1770 2462; x_wconf 88' lang='lat' dir='ltr'><strong>ait</strong></span> 
     </span>
    </p>
   </div>
   <div class='ocr_carea' id='block_1_41' title="bbox 181 2499 1769 2570">
    <p class='ocr_par' dir='ltr' id='par_1_41' title="bbox 181 2499 1769 2570">
     <span class='ocr_line' id='line_1_41' title="bbox 181 2499 1769 2570; baseline 0 -16"><span class='ocrx_word' id='word_1_304' title='bbox 181 2500 235 2554; x_wconf 84' lang='lat' dir='ltr'><strong>in</strong></span> <span class='ocrx_word' id='word_1_305' title='bbox 261 2499 561 2561; x_wconf 83' lang='lat' dir='ltr'><strong>moralibus</strong></span> <span class='ocrx_word' id='word_1_306' title='bbox 606 2517 638 2570; x_wconf 69' lang='lat'><strong>:~</strong></span> <span class='ocrx_word' id='word_1_307' title='bbox 659 2518 677 2550; x_wconf 76' lang='grc' dir='ltr'>ι</span> <span class='ocrx_word' id='word_1_308' title='bbox 711 2499 868 2554; x_wconf 82' lang='lat' dir='ltr'><strong>Viros</strong></span> <span class='ocrx_word' id='word_1_309' title='bbox 896 2514 1128 2570; x_wconf 88' lang='lat' dir='ltr'><strong>namque</strong></span> <span class='ocrx_word' id='word_1_310' title='bbox 1152 2508 1370 2556; x_wconf 89' lang='lat' dir='ltr'><strong>sanctos</strong></span> <span class='ocrx_word' id='word_1_311' title='bbox 1413 2499 1638 2570; x_wconf 89' lang='lat' dir='ltr'><strong>proinde</strong></span> <span class='ocrx_word' id='word_1_312' title='bbox 1680 2514 1769 2554; x_wconf 87' lang='lat' dir='ltr'><strong>re-</strong></span> 
     </span>
    </p>
   </div>
   <div class='ocr_carea' id='block_1_42' title="bbox 179 2587 1771 2661">
    <p class='ocr_par' dir='ltr' id='par_1_42' title="bbox 179 2587 1771 2661">
     <span class='ocr_line' id='line_1_42' title="bbox 179 2587 1771 2661; baseline -0.002 -16"><span class='ocrx_word' id='word_1_313' title='bbox 179 2605 271 2661; x_wconf 80' lang='lat' dir='ltr'><strong>ges</strong></span> <span class='ocrx_word' id='word_1_314' title='bbox 295 2589 566 2644; x_wconf 85' lang='lat' dir='ltr'><strong>vocari-in</strong></span> <span class='ocrx_word' id='word_1_315' title='bbox 601 2588 774 2644; x_wconf 90' lang='lat' dir='ltr'><strong>sacris</strong></span> <span class='ocrx_word' id='word_1_316' title='bbox 800 2588 912 2644; x_wconf 89' lang='lat' dir='ltr'><strong>suis</strong></span> <span class='ocrx_word' id='word_1_317' title='bbox 937 2589 1164 2659; x_wconf 85' lang='lat' dir='ltr'><strong>eloquiis</strong></span> <span class='ocrx_word' id='word_1_318' title='bbox 1187 2588 1506 2654; x_wconf 87' lang='lat' dir='ltr'><strong>didicimus,</strong></span> <span class='ocrx_word' id='word_1_319' title='bbox 1538 2601 1603 2645; x_wconf 90' lang='lat' dir='ltr'><strong>eo</strong></span> <span class='ocrx_word' id='word_1_320' title='bbox 1627 2587 1771 2657; x_wconf 93' lang='lat' dir='ltr'><strong>quod</strong></span> 
     </span>
    </p>
   </div>
   <div class='ocr_carea' id='block_1_43' title="bbox 181 2676 1772 2751">
    <p class='ocr_par' dir='ltr' id='par_1_43' title="bbox 181 2676 1772 2751">
     <span class='ocr_line' id='line_1_43' title="bbox 181 2676 1772 2751; baseline -0.001 -16"><span class='ocrx_word' id='word_1_321' title='bbox 181 2676 328 2736; x_wconf 84' lang='lat' dir='ltr'><strong>recte</strong></span> <span class='ocrx_word' id='word_1_322' title='bbox 356 2688 527 2751; x_wconf 87' lang='lat' dir='ltr'><strong>agunt</strong></span> <span class='ocrx_word' id='word_1_323' title='bbox 552 2694 850 2748; x_wconf 88' lang='lat' dir='ltr'><strong>sensusque</strong></span> <span class='ocrx_word' id='word_1_324' title='bbox 878 2681 1125 2749; x_wconf 90' lang='lat' dir='ltr'><strong>proprios</strong></span> <span class='ocrx_word' id='word_1_325' title='bbox 1150 2681 1286 2736; x_wconf 88' lang='lat' dir='ltr'><strong>bene</strong></span> <span class='ocrx_word' id='word_1_326' title='bbox 1312 2688 1500 2750; x_wconf 87' lang='lat' dir='ltr'><strong>regant</strong></span> <span class='ocrx_word' id='word_1_327' title='bbox 1517 2686 1615 2750; x_wconf 90' lang='lat' dir='ltr'><strong>,_ct</strong></span> <span class='ocrx_word' id='word_1_328' title='bbox 1655 2693 1772 2734; x_wconf 79' lang='lat' dir='ltr'><strong>mo—</strong></span> 
     </span>
    </p>
   </div>
   <div class='ocr_carea' id='block_1_44' title="bbox 181 2773 1772 2842">
    <p class='ocr_par' dir='ltr' id='par_1_44' title="bbox 181 2773 1772 2842">
     <span class='ocr_line' id='line_1_44' title="bbox 181 2773 1772 2842; baseline -0.003 -11"><span class='ocrx_word' id='word_1_329' title='bbox 181 2783 269 2831; x_wconf 84' lang='lat' dir='ltr'><strong>tus</strong></span> <span class='ocrx_word' id='word_1_330' title='bbox 317 2774 637 2831; x_wconf 74' lang='lat' dir='ltr'><strong>resistentes</strong></span> <span class='ocrx_word' id='word_1_331' title='bbox 675 2773 777 2828; x_wconf 89' lang='lat' dir='ltr'><strong>sibi</strong></span> <span class='ocrx_word' id='word_1_332' title='bbox 826 2773 1133 2829; x_wconf 87' lang='lat' dir='ltr'><strong>rationabili</strong></span> <span class='ocrx_word' id='word_1_333' title='bbox 1181 2773 1511 2829; x_wconf 87' lang='lat' dir='ltr'><strong>discretione</strong></span> <span class='ocrx_word' id='word_1_334' title='bbox 1557 2787 1772 2842; x_wconf 83' lang='lat' dir='ltr'><strong>compo-</strong></span> 
     </span>
    </p>
   </div>
   <div class='ocr_carea' id='block_1_45' title="bbox 180 2863 1770 2935">
    <p class='ocr_par' dir='ltr' id='par_1_45' title="bbox 180 2863 1770 2935">
     <span class='ocr_line' id='line_1_45' title="bbox 180 2863 1770 2935; baseline -0.002 -15"><span class='ocrx_word' id='word_1_335' title='bbox 180 2872 340 2920; x_wconf 88' lang='lat' dir='ltr'><strong>nant.</strong></span> <span class='ocrx_word' id='word_1_336' title='bbox 375 2885 394 2916; x_wconf 73' lang='grc' dir='ltr'>ι</span> <span class='ocrx_word' id='word_1_337' title='bbox 421 2864 588 2919; x_wconf 74' lang='lat' dir='ltr'><strong>Recte</strong></span> <span class='ocrx_word' id='word_1_338' title='bbox 622 2863 785 2934; x_wconf 82' lang='lat' dir='ltr'><strong>igitur</strong></span> <span class='ocrx_word' id='word_1_339' title='bbox 813 2864 889 2918; x_wconf 91' lang='lat' dir='ltr'><strong>illi</strong></span> <span class='ocrx_word' id='word_1_340' title='bbox 927 2879 1084 2935; x_wconf 87' lang='lat' dir='ltr'><strong>reges</strong></span> <span class='ocrx_word' id='word_1_341' title='bbox 1114 2871 1394 2930; x_wconf 83' lang='lat' dir='ltr'><strong>vocantur,</strong></span> <span class='ocrx_word' id='word_1_342' title='bbox 1431 2863 1522 2934; x_wconf 89' lang='lat' dir='ltr'><strong>qui</strong></span> <span class='ocrx_word' id='word_1_343' title='bbox 1551 2871 1658 2918; x_wconf 89' lang='lat' dir='ltr'><strong>tam</strong></span> <span class='ocrx_word' id='word_1_344' title='bbox 1685 2878 1770 2918; x_wconf 85' lang='lat' dir='ltr'><strong>se-</strong></span> 
     </span>
    </p>
   </div>
   <div class='ocr_carea' id='block_1_46' title="bbox 188 2953 1774 3024">
    <p class='ocr_par' dir='ltr' id='par_1_46' title="bbox 188 2953 1774 3024">
     <span class='ocr_line' id='line_1_46' title="bbox 188 2953 1774 3024; baseline 0 -15"><span class='ocrx_word' id='word_1_345' title='bbox 188 2955 463 3024; x_wconf 86' lang='lat' dir='ltr'><strong>metipsos</strong></span> <span class='ocrx_word' id='word_1_346' title='bbox 489 2970 642 3024; x_wconf 88' lang='lat' dir='ltr'><strong>quam</strong></span> <span class='ocrx_word' id='word_1_347' title='bbox 666 2954 938 3010; x_wconf 88' lang='lat' dir='ltr'><strong>subiectos</strong></span> <span class='ocrx_word' id='word_1_348' title='bbox 961 2956 1099 3010; x_wconf 90' lang='lat' dir='ltr'><strong>bene</strong></span> <span class='ocrx_word' id='word_1_349' title='bbox 1123 2955 1357 3024; x_wconf 87' lang='lat' dir='ltr'><strong>gerendo</strong></span> <span class='ocrx_word' id='word_1_350' title='bbox 1374 2953 1662 3024; x_wconf 78' lang='lat' dir='ltr'><strong>paciﬁcare</strong></span> <span class='ocrx_word' id='word_1_351' title='bbox 1682 2969 1774 3009; x_wconf 85' lang='lat' dir='ltr'><strong>no-</strong></span> 
     </span>
    </p>
   </div>
   <div class='ocr_carea' id='block_1_47' title="bbox 190 3044 1768 3114">
    <p class='ocr_par' dir='ltr' id='par_1_47' title="bbox 190 3044 1768 3114">
     <span class='ocr_line' id='line_1_47' title="bbox 190 3044 1768 3114; baseline -0.001 -15"><span class='ocrx_word' id='word_1_352' title='bbox 190 3053 413 3100; x_wconf 84' lang='lat' dir='ltr'><strong>verunt.</strong></span> <span class='ocrx_word' id='word_1_353' title='bbox 441 3044 510 3099; x_wconf 81' lang='lat' dir='ltr'><strong>At</strong></span> <span class='ocrx_word' id='word_1_354' title='bbox 536 3055 556 3084; x_wconf 74' lang='grc' dir='ltr'><strong>ε</strong></span> <span class='ocrx_word' id='word_1_355' title='bbox 587 3046 708 3114; x_wconf 91' lang='lat' dir='ltr'><strong>quid</strong></span> <span class='ocrx_word' id='word_1_356' title='bbox 744 3047 909 3100; x_wconf 87' lang='lat' dir='ltr'><strong>etiam</strong></span> <span class='ocrx_word' id='word_1_357' title='bbox 959 3045 1281 3101; x_wconf 90' lang='lat' dir='ltr'><strong>constitutus</strong></span> <span class='ocrx_word' id='word_1_358' title='bbox 1314 3045 1335 3076; x_wconf 84' lang='grc'><strong><em>⁸</em></strong></span> <span class='ocrx_word' id='word_1_359' title='bbox 1361 3045 1432 3100; x_wconf 87' lang='lat' dir='ltr'><strong>sit</strong></span> <span class='ocrx_word' id='word_1_360' title='bbox 1458 3044 1768 3114; x_wconf 90' lang='lat' dir='ltr'><strong>imperator,</strong></span> 
     </span>
    </p>
   </div>
   <div class='ocr_carea' id='block_1_48' title="bbox 188 3121 1845 3219">
    <p class='ocr_par' dir='ltr' id='par_1_48' title="bbox 188 3121 1845 3219">
     <span class='ocr_line' id='line_1_48' title="bbox 188 3121 1845 3219; baseline -0.003 -30"><span class='ocrx_word' id='word_1_361' title='bbox 188 3133 512 3205; x_wconf 83' lang='lat' dir='ltr'><strong>Fulgentius</strong></span> <span class='ocrx_word' id='word_1_362' title='bbox 557 3134 609 3188; x_wconf 93' lang='lat' dir='ltr'><strong>in</strong></span> <span class='ocrx_word' id='word_1_363' title='bbox 635 3134 770 3190; x_wconf 90' lang='lat' dir='ltr'><strong>libro</strong></span> <span class='ocrx_word' id='word_1_364' title='bbox 821 3135 887 3190; x_wconf 88' lang='lat' dir='ltr'><strong>de</strong></span> <span class='ocrx_word' id='word_1_365' title='bbox 930 3135 1156 3190; x_wconf 79' lang='lat' dir='ltr'><strong>veritate</strong></span> <span class='ocrx_word' id='word_1_366' title='bbox 1199 3135 1673 3206; x_wconf 84' lang='lat' dir='ltr'><strong>predestinationis</strong></span> <span class='ocrx_word' id='word_1_367' title='bbox 1704 3133 1772 3219; x_wconf 41' lang='lat' dir='ltr'><strong>‘et</strong></span> <span class='ocrx_word' id='word_1_368' title='bbox 1798 3121 1845 3184; x_wconf 88' lang='lat' dir='ltr'><strong><em>C</em></strong></span> 
     </span>
    </p>
   </div>
   <div class='ocr_carea' id='block_1_49' title="bbox 183 3227 1776 3300">
    <p class='ocr_par' dir='ltr' id='par_1_49' title="bbox 183 3227 1776 3300">
     <span class='ocr_line' id='line_1_49' title="bbox 183 3227 1776 3300; baseline -0.001 -17"><span class='ocrx_word' id='word_1_369' title='bbox 183 3231 398 3299; x_wconf 82' lang='lat' dir='ltr'><strong>gratiae</strong></span> <span class='ocrx_word' id='word_1_370' title='bbox 435 3229 656 3285; x_wconf 86' lang='lat' dir='ltr'><strong>scribit:</strong></span> <span class='ocrx_word' id='word_1_371' title='bbox 701 3247 719 3280; x_wconf 81' lang='grc' dir='ltr'>ι</span> <span class='ocrx_word' id='word_1_372' title='bbox 749 3227 1211 3286; x_wconf 86' lang='lat' dir='ltr'><strong>Clementissimus</strong></span> <span class='ocrx_word' id='word_1_373' title='bbox 1246 3243 1458 3300; x_wconf 84' lang='lat' dir='ltr'><strong>quoque</strong></span> <span class='ocrx_word' id='word_1_374' title='bbox 1483 3229 1776 3299; x_wconf 90' lang='lat' dir='ltr'><strong>imperator</strong></span> 
     </span>
    </p>
   </div>
   <div class='ocr_carea' id='block_1_50' title="bbox 179 3317 1776 3390">
    <p class='ocr_par' dir='ltr' id='par_1_50' title="bbox 179 3317 1776 3390">
     <span class='ocr_line' id='line_1_50' title="bbox 179 3317 1776 3390; baseline -0.003 -14"><span class='ocrx_word' id='word_1_375' title='bbox 179 3336 295 3376; x_wconf 89' lang='lat' dir='ltr'><strong>non</strong></span> <span class='ocrx_word' id='word_1_376' title='bbox 324 3318 447 3374; x_wconf 88' lang='lat' dir='ltr'><strong>ideo</strong></span> <span class='ocrx_word' id='word_1_377' title='bbox 494 3328 576 3374; x_wconf 89' lang='lat' dir='ltr'><strong>est</strong></span> <span class='ocrx_word' id='word_1_378' title='bbox 627 3335 724 3375; x_wconf 84' lang='lat' dir='ltr'><strong>vas</strong></span> <span class='ocrx_word' id='word_1_379' title='bbox 750 3319 1154 3374; x_wconf 83' lang='lat' dir='ltr'><strong>misericordiae</strong></span> <span class='ocrx_word' id='word_1_380' title='bbox 1184 3329 1528 3390; x_wconf 87' lang='lat' dir='ltr'><strong>preparatum</strong></span> <span class='ocrx_word' id='word_1_381' title='bbox 1567 3319 1624 3374; x_wconf 87' lang='lat' dir='ltr'><strong>in</strong></span> <span class='ocrx_word' id='word_1_382' title='bbox 1663 3317 1776 3389; x_wconf 86' lang='lat' dir='ltr'><strong>glo-</strong></span> 
     </span>
    </p>
   </div>
   <div class='ocr_carea' id='block_1_51' title="bbox 179 3410 1774 3484">
    <p class='ocr_par' dir='ltr' id='par_1_51' title="bbox 179 3410 1774 3484">
     <span class='ocr_line' id='line_1_51' title="bbox 179 3410 1774 3484; baseline -0.002 -15"><span class='ocrx_word' id='word_1_383' title='bbox 179 3414 285 3479; x_wconf 83' lang='lat' dir='ltr'><strong>ria,</strong></span> <span class='ocrx_word' id='word_1_384' title='bbox 323 3413 454 3483; x_wconf 89' lang='lat' dir='ltr'><strong>quia</strong></span> <span class='ocrx_word' id='word_1_385' title='bbox 481 3413 688 3484; x_wconf 84' lang='lat' dir='ltr'><strong>apicem</strong></span> <span class='ocrx_word' id='word_1_386' title='bbox 716 3413 917 3468; x_wconf 84' lang='lat' dir='ltr'><strong>terreni</strong></span> <span class='ocrx_word' id='word_1_387' title='bbox 960 3413 1297 3483; x_wconf 86' lang='lat' dir='ltr'><strong>principatus</strong></span> <span class='ocrx_word' id='word_1_388' title='bbox 1338 3413 1564 3482; x_wconf 88' lang='lat' dir='ltr'><strong>accepit,</strong></span> <span class='ocrx_word' id='word_1_389' title='bbox 1605 3412 1700 3467; x_wconf 89' lang='lat' dir='ltr'><strong>sed</strong></span> <span class='ocrx_word' id='word_1_390' title='bbox 1727 3410 1774 3466; x_wconf 90' lang='lat' dir='ltr'><strong>si</strong></span> 
     </span>
    </p>
   </div>
   <div class='ocr_carea' id='block_1_52' title="bbox 181 3501 1776 3572">
    <p class='ocr_par' dir='ltr' id='par_1_52' title="bbox 181 3501 1776 3572">
     <span class='ocr_line' id='line_1_52' title="bbox 181 3501 1776 3572; baseline -0.001 -15"><span class='ocrx_word' id='word_1_391' title='bbox 181 3501 457 3572; x_wconf 86' lang='lat' dir='ltr'><strong>imperiali</strong></span> <span class='ocrx_word' id='word_1_392' title='bbox 504 3501 744 3558; x_wconf 90' lang='lat' dir='ltr'><strong>culmine</strong></span> <span class='ocrx_word' id='word_1_393' title='bbox 790 3509 937 3557; x_wconf 87' lang='lat' dir='ltr'><strong>recta</strong></span> <span class='ocrx_word' id='word_1_394' title='bbox 981 3501 1086 3558; x_wconf 85' lang='lat' dir='ltr'><strong>lide</strong></span> <span class='ocrx_word' id='word_1_395' title='bbox 1129 3502 1293 3567; x_wconf 83' lang='lat' dir='ltr'><strong>vivat,</strong></span> <span class='ocrx_word' id='word_1_396' title='bbox 1333 3508 1388 3556; x_wconf 93' lang='lat' dir='ltr'><strong>et</strong></span> <span class='ocrx_word' id='word_1_397' title='bbox 1429 3517 1556 3556; x_wconf 85' lang='lat' dir='ltr'><strong>vera</strong></span> <span class='ocrx_word' id='word_1_398' title='bbox 1596 3501 1776 3558; x_wconf 87' lang='lat' dir='ltr'><strong>cordis</strong></span> 
     </span>
    </p>
   </div>
   <div class='ocr_carea' id='block_1_53' title="bbox 179 3592 1776 3664">
    <p class='ocr_par' dir='ltr' id='par_1_53' title="bbox 179 3592 1776 3664">
     <span class='ocr_line' id='line_1_53' title="bbox 179 3592 1776 3664; baseline 0.001 -17"><span class='ocrx_word' id='word_1_399' title='bbox 179 3592 494 3648; x_wconf 83' lang='lat' dir='ltr'><strong>humilitate</strong></span> <span class='ocrx_word' id='word_1_400' title='bbox 540 3593 805 3663; x_wconf 88' lang='lat' dir='ltr'><strong>preditus,</strong></span> <span class='ocrx_word' id='word_1_401' title='bbox 851 3592 1065 3649; x_wconf 90' lang='lat' dir='ltr'><strong>culmen</strong></span> <span class='ocrx_word' id='word_1_402' title='bbox 1112 3593 1293 3663; x_wconf 83' lang='lat' dir='ltr'><strong>regiae</strong></span> <span class='ocrx_word' id='word_1_403' title='bbox 1333 3592 1612 3664; x_wconf 83' lang='lat' dir='ltr'><strong>dignitatis</strong></span> <span class='ocrx_word' id='word_1_404' title='bbox 1651 3608 1776 3648; x_wconf 90' lang='lat' dir='ltr'><strong>san-</strong></span> 
     </span>
    </p>
   </div>
   <div class='ocr_carea' id='block_1_54' title="bbox 179 3685 1776 3757">
    <p class='ocr_par' dir='ltr' id='par_1_54' title="bbox 179 3685 1776 3757">
     <span class='ocr_line' id='line_1_54' title="bbox 179 3685 1776 3757; baseline -0.003 -15"><span class='ocrx_word' id='word_1_405' title='bbox 179 3694 305 3742; x_wconf 83' lang='lat' dir='ltr'><strong>ctae</strong></span> <span class='ocrx_word' id='word_1_406' title='bbox 345 3685 596 3756; x_wconf 83' lang='lat' dir='ltr'><strong>religioni</strong></span> <span class='ocrx_word' id='word_1_407' title='bbox 630 3686 887 3752; x_wconf 90' lang='lat' dir='ltr'><strong>subiciat;</strong></span> <span class='ocrx_word' id='word_1_408' title='bbox 939 3685 985 3741; x_wconf 88' lang='lat' dir='ltr'><strong>si</strong></span> <span class='ocrx_word' id='word_1_409' title='bbox 1035 3687 1210 3757; x_wconf 89' lang='lat' dir='ltr'><strong>magis</strong></span> <span class='ocrx_word' id='word_1_410' title='bbox 1237 3686 1292 3740; x_wconf 93' lang='lat' dir='ltr'><strong>in</strong></span> <span class='ocrx_word' id='word_1_411' title='bbox 1335 3686 1530 3742; x_wconf 89' lang='lat' dir='ltr'><strong>timore</strong></span> <span class='ocrx_word' id='word_1_412' title='bbox 1569 3685 1776 3740; x_wconf 79' lang='lat' dir='ltr'><strong>servire</strong></span> 
     </span>
    </p>
   </div>
   <div class='ocr_carea' id='block_1_55' title="bbox 185 3777 1774 3848">
    <p class='ocr_par' dir='ltr' id='par_1_55' title="bbox 185 3777 1774 3848">
     <span class='ocr_line' id='line_1_55' title="bbox 185 3777 1774 3848; baseline -0.002 -15"><span class='ocrx_word' id='word_1_413' title='bbox 185 3777 321 3843; x_wconf 86' lang='lat' dir='ltr'><strong>Deo,</strong></span> <span class='ocrx_word' id='word_1_414' title='bbox 358 3793 526 3847; x_wconf 89' lang='lat' dir='ltr'><strong>quam</strong></span> <span class='ocrx_word' id='word_1_415' title='bbox 567 3777 626 3832; x_wconf 90' lang='lat' dir='ltr'><strong>in</strong></span> <span class='ocrx_word' id='word_1_416' title='bbox 682 3777 877 3833; x_wconf 86' lang='lat' dir='ltr'><strong>timore</strong></span> <span class='ocrx_word' id='word_1_417' title='bbox 919 3777 1186 3834; x_wconf 87' lang='lat' dir='ltr'><strong>dominari</strong></span> <span class='ocrx_word' id='word_1_418' title='bbox 1229 3777 1426 3848; x_wconf 89' lang='lat' dir='ltr'><strong>populo</strong></span> <span class='ocrx_word' id='word_1_419' title='bbox 1457 3777 1774 3842; x_wconf 89' lang='lat' dir='ltr'><strong>delectetur,</strong></span> 
     </span>
    </p>
   </div>
   <div class='ocr_carea' id='block_1_56' title="bbox 182 3867 1777 3940">
    <p class='ocr_par' dir='ltr' id='par_1_56' title="bbox 182 3867 1777 3940">
     <span class='ocr_line' id='line_1_56' title="bbox 182 3867 1777 3940; baseline 0.001 -18"><span class='ocrx_word' id='word_1_420' title='bbox 182 3869 228 3922; x_wconf 82' lang='lat' dir='ltr'><strong>si</strong></span> <span class='ocrx_word' id='word_1_421' title='bbox 257 3869 312 3922; x_wconf 90' lang='lat' dir='ltr'><strong>in</strong></span> <span class='ocrx_word' id='word_1_422' title='bbox 341 3883 408 3924; x_wconf 91' lang='lat' dir='ltr'><strong>eo</strong></span> <span class='ocrx_word' id='word_1_423' title='bbox 437 3867 634 3924; x_wconf 88' lang='lat' dir='ltr'><strong>leuitas</strong></span> <span class='ocrx_word' id='word_1_424' title='bbox 673 3868 1006 3924; x_wconf 89' lang='lat' dir='ltr'><strong>iracundiam</strong></span> <span class='ocrx_word' id='word_1_425' title='bbox 1033 3868 1262 3940; x_wconf 79' lang='lat' dir='ltr'><strong>mitiget,</strong></span> <span class='ocrx_word' id='word_1_426' title='bbox 1290 3876 1447 3926; x_wconf 89' lang='lat' dir='ltr'><strong>ornet</strong></span> <span class='ocrx_word' id='word_1_427' title='bbox 1471 3868 1777 3938; x_wconf 78' lang='lat' dir='ltr'><strong>benignitas</strong></span> 
     </span>
    </p>
   </div>
   <div class='ocr_carea' id='block_1_57' title="bbox 181 3957 1776 4030">
    <p class='ocr_par' dir='ltr' id='par_1_57' title="bbox 181 3957 1776 4030">
     <span class='ocr_line' id='line_1_57' title="bbox 181 3957 1776 4030; baseline 0.002 -19"><span class='ocrx_word' id='word_1_428' title='bbox 181 3965 540 4026; x_wconf 82' lang='lat' dir='ltr'><strong>potestatem,</strong></span> <span class='ocrx_word' id='word_1_429' title='bbox 581 3959 712 4014; x_wconf 90' lang='lat' dir='ltr'><strong>sise</strong></span> <span class='ocrx_word' id='word_1_430' title='bbox 753 3960 926 4030; x_wconf 87' lang='lat' dir='ltr'><strong>magis</strong></span> <span class='ocrx_word' id='word_1_431' title='bbox 959 3957 1288 4028; x_wconf 88' lang='lat' dir='ltr'><strong>diligendum</strong></span> <span class='ocrx_word' id='word_1_432' title='bbox 1330 3973 1493 4029; x_wconf 89' lang='lat' dir='ltr'><strong>quam</strong></span> <span class='ocrx_word' id='word_1_433' title='bbox 1527 3966 1776 4014; x_wconf 83' lang='lat' dir='ltr'><strong>metuen-</strong></span> 
     </span>
    </p>
   </div>
   <div class='ocr_carea' id='block_1_58' title="bbox 183 4048 1774 4117">
    <p class='ocr_par' dir='ltr' id='par_1_58' title="bbox 183 4048 1774 4117">
     <span class='ocr_line' id='line_1_58' title="bbox 183 4048 1774 4117; baseline 0.001 -15"><span class='ocrx_word' id='word_1_434' title='bbox 183 4048 317 4102; x_wconf 88' lang='lat' dir='ltr'><strong>dum</strong></span> <span class='ocrx_word' id='word_1_435' title='bbox 345 4050 559 4104; x_wconf 87' lang='lat' dir='ltr'><strong>cunctis</strong></span> <span class='ocrx_word' id='word_1_436' title='bbox 578 4050 810 4116; x_wconf 79' lang='lat' dir='ltr'><strong>exibeat,</strong></span> <span class='ocrx_word' id='word_1_437' title='bbox 841 4050 888 4106; x_wconf 93' lang='lat' dir='ltr'><strong>si</strong></span> <span class='ocrx_word' id='word_1_438' title='bbox 913 4049 1171 4110; x_wconf 86' lang='lat' dir='ltr'><strong>subiectis</strong></span> <span class='ocrx_word' id='word_1_439' title='bbox 1195 4049 1486 4105; x_wconf 90' lang='lat' dir='ltr'><strong>salubriter</strong></span> <span class='ocrx_word' id='word_1_440' title='bbox 1507 4049 1774 4117; x_wconf 91' lang='lat' dir='ltr'><strong>consulat,</strong></span> 
     </span>
    </p>
   </div>
   <div class='ocr_carea' id='block_1_59' title="bbox 179 4138 1778 4197">
    <p class='ocr_par' dir='ltr' id='par_1_59' title="bbox 179 4138 1778 4197">
     <span class='ocr_line' id='line_1_59' title="bbox 179 4138 1778 4197; baseline 0.003 -5"><span class='ocrx_word' id='word_1_441' title='bbox 179 4138 230 4192; x_wconf 77' lang='lat' dir='ltr'><strong>si</strong></span> <span class='ocrx_word' id='word_1_442' title='bbox 258 4139 530 4196; x_wconf 84' lang='lat' dir='ltr'><strong>iustitiam</strong></span> <span class='ocrx_word' id='word_1_443' title='bbox 572 4140 652 4197; x_wconf 92' lang='lat' dir='ltr'><strong>sic</strong></span> <span class='ocrx_word' id='word_1_444' title='bbox 677 4148 857 4196; x_wconf 87' lang='lat' dir='ltr'><strong>teneat</strong></span> <span class='ocrx_word' id='word_1_445' title='bbox 900 4150 962 4197; x_wconf 90' lang='lat' dir='ltr'><strong>ut</strong></span> <span class='ocrx_word' id='word_1_446' title='bbox 998 4141 1426 4197; x_wconf 89' lang='lat' dir='ltr'><strong>misericordiam</strong></span> <span class='ocrx_word' id='word_1_447' title='bbox 1467 4156 1576 4196; x_wconf 91' lang='lat' dir='ltr'><strong>non</strong></span> <span class='ocrx_word' id='word_1_448' title='bbox 1617 4141 1778 4196; x_wconf 87' lang='lat' dir='ltr'><strong>relin-</strong></span> 
     </span>
    </p>
   </div>
   <div class='ocr_carea' id='block_1_60' title="bbox 180 4227 1778 4303">
    <p class='ocr_par' dir='ltr' id='par_1_60' title="bbox 180 4227 1778 4303">
     <span class='ocr_line' id='line_1_60' title="bbox 180 4227 1778 4303; baseline 0.001 -21"><span class='ocrx_word' id='word_1_449' title='bbox 180 4239 344 4298; x_wconf 89' lang='lat' dir='ltr'><strong>quat,</strong></span> <span class='ocrx_word' id='word_1_450' title='bbox 390 4228 440 4303; x_wconf 83' lang='lat' dir='ltr'><strong>si</strong></span> <span class='ocrx_word' id='word_1_451' title='bbox 481 4243 578 4299; x_wconf 89' lang='lat' dir='ltr'><strong>pre</strong></span> <span class='ocrx_word' id='word_1_452' title='bbox 615 4230 867 4288; x_wconf 88' lang='lat' dir='ltr'><strong>omnibus</strong></span> <span class='ocrx_word' id='word_1_453' title='bbox 891 4231 965 4286; x_wconf 86' lang='lat' dir='ltr'><strong>ita</strong></span> <span class='ocrx_word' id='word_1_454' title='bbox 1001 4245 1061 4287; x_wconf 90' lang='lat' dir='ltr'><strong>se</strong></span> <span class='ocrx_word' id='word_1_455' title='bbox 1089 4238 1276 4287; x_wconf 89' lang='lat' dir='ltr'><strong>sancte</strong></span> <span class='ocrx_word' id='word_1_456' title='bbox 1299 4230 1490 4285; x_wconf 89' lang='lat' dir='ltr'><strong>matris</strong></span> <span class='ocrx_word' id='word_1_457' title='bbox 1516 4227 1778 4285; x_wconf 88' lang='lat' dir='ltr'><strong>ecclesiae</strong></span> 
     </span>
    </p>
   </div>
   <div class='ocr_carea' id='block_1_61' title="bbox 181 4320 1778 4404">
    <p class='ocr_par' dir='ltr' id='par_1_61' title="bbox 181 4320 1778 4404">
     <span class='ocr_line' id='line_1_61' title="bbox 181 4320 1778 4404; baseline 0 -28"><span class='ocrx_word' id='word_1_458' title='bbox 181 4320 497 4404; x_wconf 75' lang='lat' dir='ltr'><strong>catholicae</strong></span> <span class='ocrx_word' id='word_1_459' title='bbox 525 4321 833 4377; x_wconf 88' lang='lat' dir='ltr'><strong>meminerit</strong></span> <span class='ocrx_word' id='word_1_460' title='bbox 861 4321 1052 4389; x_wconf 86' lang='lat' dir='ltr'><strong>ﬁlium,</strong></span> <span class='ocrx_word' id='word_1_461' title='bbox 1078 4331 1139 4377; x_wconf 90' lang='lat' dir='ltr'><strong>ut</strong></span> <span class='ocrx_word' id='word_1_462' title='bbox 1158 4322 1276 4378; x_wconf 89' lang='lat' dir='ltr'><strong>eius</strong></span> <span class='ocrx_word' id='word_1_463' title='bbox 1297 4322 1420 4392; x_wconf 88' lang='lat' dir='ltr'><strong>paci</strong></span> <span class='ocrx_word' id='word_1_464' title='bbox 1443 4331 1605 4394; x_wconf 90' lang='lat' dir='ltr'><strong>atque</strong></span> <span class='ocrx_word' id='word_1_465' title='bbox 1629 4330 1778 4379; x_wconf 87' lang='lat' dir='ltr'><strong>tran-</strong></span> 
     </span>
    </p>
   </div>
   <div class='ocr_carea' id='block_1_62' title="bbox 177 4408 1773 4482">
    <p class='ocr_par' dir='ltr' id='par_1_62' title="bbox 177 4408 1773 4482">
     <span class='ocr_line' id='line_1_62' title="bbox 177 4408 1773 4482; baseline 0.007 -21"><span class='ocrx_word' id='word_1_466' title='bbox 177 4408 448 4477; x_wconf 86' lang='lat' dir='ltr'><strong>quillitati</strong></span> <span class='ocrx_word' id='word_1_467' title='bbox 472 4423 568 4479; x_wconf 88' lang='lat' dir='ltr'><strong>per</strong></span> <span class='ocrx_word' id='word_1_468' title='bbox 600 4410 909 4466; x_wconf 90' lang='lat' dir='ltr'><strong>universum</strong></span> <span class='ocrx_word' id='word_1_469' title='bbox 937 4412 1196 4467; x_wconf 90' lang='lat' dir='ltr'><strong>mundum</strong></span> <span class='ocrx_word' id='word_1_470' title='bbox 1221 4413 1478 4482; x_wconf 88' lang='lat' dir='ltr'><strong>prodesse</strong></span> <span class='ocrx_word' id='word_1_471' title='bbox 1499 4428 1657 4468; x_wconf 91' lang='lat' dir='ltr'><strong>suum</strong></span> <span class='ocrx_word' id='word_1_472' title='bbox 1694 4411 1773 4472; x_wconf 80' lang='lat' dir='ltr'><strong>fa.-</strong></span> 
     </span>
    </p>
   </div>
   <div class='ocr_carea' id='block_1_63' title="bbox 1867 1859 3471 1937">
    <p class='ocr_par' dir='ltr' id='par_1_63' title="bbox 1867 1859 3471 1937">
     <span class='ocr_line' id='line_1_63' title="bbox 1867 1859 3471 1937; baseline -0.005 -16"><span class='ocrx_word' id='word_1_473' title='bbox 1867 1867 2038 1937; x_wconf 90' lang='lat' dir='ltr'><strong>ipsius</strong></span> <span class='ocrx_word' id='word_1_474' title='bbox 2061 1865 2311 1921; x_wconf 90' lang='lat' dir='ltr'><strong>notitiam</strong></span> <span class='ocrx_word' id='word_1_475' title='bbox 2335 1863 2644 1934; x_wconf 88' lang='lat' dir='ltr'><strong>pervenerit</strong></span> <span class='ocrx_word' id='word_1_476' title='bbox 2667 1862 2938 1934; x_wconf 87' lang='lat' dir='ltr'><strong>quippiam</strong></span> <span class='ocrx_word' id='word_1_477' title='bbox 2970 1861 3098 1916; x_wconf 90' lang='lat' dir='ltr'><strong>mali</strong></span> <span class='ocrx_word' id='word_1_478' title='bbox 3123 1861 3267 1931; x_wconf 90' lang='lat' dir='ltr'><strong>quod</strong></span> <span class='ocrx_word' id='word_1_479' title='bbox 3282 1859 3471 1927; x_wconf 31' lang='lat' dir='ltr'><strong>admi-,</strong></span> 
     </span>
    </p>
   </div>
   <div class='ocr_carea' id='block_1_64' title="bbox 1866 1951 3450 2024">
    <p class='ocr_par' dir='ltr' id='par_1_64' title="bbox 1866 1951 3450 2024">
     <span class='ocr_line' id='line_1_64' title="bbox 1866 1951 3450 2024; baseline -0.003 -14"><span class='ocrx_word' id='word_1_480' title='bbox 1866 1955 2056 2022; x_wconf 89' lang='lat' dir='ltr'><strong>scrint,</strong></span> <span class='ocrx_word' id='word_1_481' title='bbox 2086 1969 2426 2024; x_wconf 88' lang='lat' dir='ltr'><strong>nequaquam</strong></span> <span class='ocrx_word' id='word_1_482' title='bbox 2448 1953 2808 2009; x_wconf 90' lang='lat' dir='ltr'><strong>incorrectum</strong></span> <span class='ocrx_word' id='word_1_483' title='bbox 2837 1961 2930 2008; x_wconf 89' lang='lat' dir='ltr'><strong>aut</strong></span> <span class='ocrx_word' id='word_1_484' title='bbox 2954 1951 3185 2007; x_wconf 91' lang='lat' dir='ltr'><strong>inultum</strong></span> <span class='ocrx_word' id='word_1_485' title='bbox 3209 1966 3450 2008; x_wconf 83' lang='lat' dir='ltr'><strong>remane-</strong></span> 
     </span>
    </p>
   </div>
   <div class='ocr_carea' id='block_1_65' title="bbox 1865 2042 3450 2114">
    <p class='ocr_par' dir='ltr' id='par_1_65' title="bbox 1865 2042 3450 2114">
     <span class='ocr_line' id='line_1_65' title="bbox 1865 2042 3450 2114; baseline -0.004 -13"><span class='ocrx_word' id='word_1_486' title='bbox 1865 2046 1965 2110; x_wconf 87' lang='lat' dir='ltr'><strong>bit,</strong></span> <span class='ocrx_word' id='word_1_487' title='bbox 1994 2047 2088 2102; x_wconf 89' lang='lat' dir='ltr'><strong>sed</strong></span> <span class='ocrx_word' id='word_1_488' title='bbox 2115 2046 2264 2100; x_wconf 82' lang='lat' dir='ltr'><strong>iuxta</strong></span> <span class='ocrx_word' id='word_1_489' title='bbox 2290 2044 2418 2100; x_wconf 82' lang='lat' dir='ltr'><strong>facti</strong></span> <span class='ocrx_word' id='word_1_490' title='bbox 2442 2044 2761 2114; x_wconf 90' lang='lat' dir='ltr'><strong>qualitatem</strong></span> <span class='ocrx_word' id='word_1_491' title='bbox 2784 2043 2890 2098; x_wconf 90' lang='lat' dir='ltr'><strong>erit</strong></span> <span class='ocrx_word' id='word_1_492' title='bbox 2913 2043 3105 2098; x_wconf 90' lang='lat' dir='ltr'><strong>modus</strong></span> <span class='ocrx_word' id='word_1_493' title='bbox 3131 2042 3305 2096; x_wconf 90' lang='lat' dir='ltr'><strong>iustae</strong></span> <span class='ocrx_word' id='word_1_494' title='bbox 3328 2057 3450 2096; x_wconf 88' lang='lat' dir='ltr'><strong>cor-</strong></span> 
     </span>
    </p>
   </div>
   <div class='ocr_carea' id='block_1_66' title="bbox 1868 2129 3446 2204">
    <p class='ocr_par' dir='ltr' id='par_1_66' title="bbox 1868 2129 3446 2204">
     <span class='ocr_line' id='line_1_66' title="bbox 1868 2129 3446 2204; baseline -0.005 -13"><span class='ocrx_word' id='word_1_495' title='bbox 1868 2136 2142 2193; x_wconf 88' lang='lat' dir='ltr'><strong>rectionis.</strong></span> <span class='ocrx_word' id='word_1_496' title='bbox 2175 2134 2329 2191; x_wconf 87' lang='lat' dir='ltr'><strong>Unde</strong></span> <span class='ocrx_word' id='word_1_497' title='bbox 2358 2142 2588 2204; x_wconf 88' lang='lat' dir='ltr'><strong>oportet,</strong></span> <span class='ocrx_word' id='word_1_498' title='bbox 2621 2141 2682 2188; x_wconf 92' lang='lat' dir='ltr'><strong>ut</strong></span> <span class='ocrx_word' id='word_1_499' title='bbox 2723 2134 2839 2203; x_wconf 88' lang='lat' dir='ltr'><strong>ipse</strong></span> <span class='ocrx_word' id='word_1_500' title='bbox 2879 2132 2973 2203; x_wconf 94' lang='lat' dir='ltr'><strong>qui</strong></span> <span class='ocrx_word' id='word_1_501' title='bbox 3002 2132 3164 2187; x_wconf 82' lang='lat' dir='ltr'><strong>iudex</strong></span> <span class='ocrx_word' id='word_1_502' title='bbox 3193 2138 3276 2187; x_wconf 87' lang='lat' dir='ltr'><strong>est</strong></span> <span class='ocrx_word' id='word_1_503' title='bbox 3301 2129 3446 2184; x_wconf 91' lang='lat' dir='ltr'><strong>iudi-</strong></span> 
     </span>
    </p>
   </div>
   <div class='ocr_carea' id='block_1_67' title="bbox 1866 2223 3452 2302">
    <p class='ocr_par' dir='ltr' id='par_1_67' title="bbox 1866 2223 3452 2302">
     <span class='ocr_line' id='line_1_67' title="bbox 1866 2223 3452 2302; baseline -0.006 -14"><span class='ocrx_word' id='word_1_504' title='bbox 1866 2247 2008 2299; x_wconf 92' lang='lat' dir='ltr'><strong>cum,</strong></span> <span class='ocrx_word' id='word_1_505' title='bbox 2038 2245 2258 2287; x_wconf 89' lang='lat' dir='ltr'><strong>causam</strong></span> <span class='ocrx_word' id='word_1_506' title='bbox 2290 2244 2585 2302; x_wconf 88' lang='lat' dir='ltr'><strong>pauperum</strong></span> <span class='ocrx_word' id='word_1_507' title='bbox 2611 2228 2680 2284; x_wconf 82' lang='lat' dir='ltr'><strong>ad</strong></span> <span class='ocrx_word' id='word_1_508' title='bbox 2705 2243 2763 2284; x_wconf 88' lang='lat' dir='ltr'><strong>se</strong></span> <span class='ocrx_word' id='word_1_509' title='bbox 2798 2226 3005 2298; x_wconf 81' lang='lat' dir='ltr'><strong>ingredi</strong></span> <span class='ocrx_word' id='word_1_510' title='bbox 3027 2227 3047 2264; x_wconf 69' lang='grc'><strong>⁷</strong></span> <span class='ocrx_word' id='word_1_511' title='bbox 3076 2225 3258 2290; x_wconf 78' lang='lat' dir='ltr'><strong>faciat,</strong></span> <span class='ocrx_word' id='word_1_512' title='bbox 3293 2232 3348 2279; x_wconf 91' lang='lat' dir='ltr'><strong>ct</strong></span> <span class='ocrx_word' id='word_1_513' title='bbox 3369 2223 3452 2278; x_wconf 88' lang='lat' dir='ltr'><strong>di-</strong></span> 
     </span>
    </p>
   </div>
   <div class='ocr_carea' id='block_1_68' title="bbox 1866 2314 3446 2397">
    <p class='ocr_par' dir='ltr' id='par_1_68' title="bbox 1866 2314 3446 2397">
     <span class='ocr_line' id='line_1_68' title="bbox 1866 2314 3446 2397; baseline -0.009 -16"><span class='ocrx_word' id='word_1_514' title='bbox 1866 2326 2098 2397; x_wconf 87' lang='lat' dir='ltr'><strong>ligenter</strong></span> <span class='ocrx_word' id='word_1_515' title='bbox 2121 2324 2377 2394; x_wconf 90' lang='lat' dir='ltr'><strong>inquirat,</strong></span> <span class='ocrx_word' id='word_1_516' title='bbox 2409 2337 2478 2379; x_wconf 91' lang='lat' dir='ltr'><strong>ne</strong></span> <span class='ocrx_word' id='word_1_517' title='bbox 2505 2320 2645 2381; x_wconf 74' lang='lat' dir='ltr'><strong>forte</strong></span> <span class='ocrx_word' id='word_1_518' title='bbox 2667 2320 2833 2390; x_wconf 88' lang='lat' dir='ltr'><strong>aliqui</strong></span> <span class='ocrx_word' id='word_1_519' title='bbox 2863 2319 2955 2388; x_wconf 91' lang='lat' dir='ltr'><strong>qui</strong></span> <span class='ocrx_word' id='word_1_520' title='bbox 2977 2318 3046 2373; x_wconf 90' lang='lat' dir='ltr'><strong>ab</strong></span> <span class='ocrx_word' id='word_1_521' title='bbox 3071 2332 3137 2374; x_wconf 92' lang='lat' dir='ltr'><strong>eo</strong></span> <span class='ocrx_word' id='word_1_522' title='bbox 3160 2314 3446 2373; x_wconf 84' lang='lat' dir='ltr'><strong>constituti</strong></span> 
     </span>
    </p>
   </div>
   <div class='ocr_carea' id='block_1_69' title="bbox 1869 2408 3450 2486">
    <p class='ocr_par' dir='ltr' id='par_1_69' title="bbox 1869 2408 3450 2486">
     <span class='ocr_line' id='line_1_69' title="bbox 1869 2408 3450 2486; baseline -0.008 -13"><span class='ocrx_word' id='word_1_523' title='bbox 1869 2427 1996 2474; x_wconf 91' lang='lat' dir='ltr'><strong>sunt</strong></span> <span class='ocrx_word' id='word_1_524' title='bbox 2039 2425 2094 2473; x_wconf 92' lang='lat' dir='ltr'><strong>et</strong></span> <span class='ocrx_word' id='word_1_525' title='bbox 2122 2417 2295 2472; x_wconf 89' lang='lat' dir='ltr'><strong>vicem</strong></span> <span class='ocrx_word' id='word_1_526' title='bbox 2317 2417 2434 2470; x_wconf 92' lang='lat' dir='ltr'><strong>eius</strong></span> <span class='ocrx_word' id='word_1_527' title='bbox 2471 2427 2632 2486; x_wconf 87' lang='lat' dir='ltr'><strong>agere</strong></span> <span class='ocrx_word' id='word_1_528' title='bbox 2678 2413 2873 2469; x_wconf 89' lang='lat' dir='ltr'><strong>debent</strong></span> <span class='ocrx_word' id='word_1_529' title='bbox 2905 2411 2960 2465; x_wconf 90' lang='lat' dir='ltr'><strong>in</strong></span> <span class='ocrx_word' id='word_1_530' title='bbox 3000 2409 3218 2480; x_wconf 91' lang='lat' dir='ltr'><strong>populo,</strong></span> <span class='ocrx_word' id='word_1_531' title='bbox 3249 2408 3450 2463; x_wconf 89' lang='lat' dir='ltr'><strong>iniuste</strong></span> 
     </span>
    </p>
   </div>
   <div class='ocr_carea' id='block_1_70' title="bbox 1870 2497 3451 2578">
    <p class='ocr_par' dir='ltr' id='par_1_70' title="bbox 1870 2497 3451 2578">
     <span class='ocr_line' id='line_1_70' title="bbox 1870 2497 3451 2578; baseline -0.009 -15"><span class='ocrx_word' id='word_1_532' title='bbox 1870 2516 1964 2564; x_wconf 91' lang='lat' dir='ltr'><strong>aut</strong></span> <span class='ocrx_word' id='word_1_533' title='bbox 1997 2506 2343 2578; x_wconf 84' lang='lat' dir='ltr'><strong>neglegenter</strong></span> <span class='ocrx_word' id='word_1_534' title='bbox 2366 2518 2634 2578; x_wconf 85' lang='lat' dir='ltr'><strong>pauperes</strong></span> <span class='ocrx_word' id='word_1_535' title='bbox 2657 2501 3035 2573; x_wconf 89' lang='lat' dir='ltr'><strong>oppressiones</strong></span> <span class='ocrx_word' id='word_1_536' title='bbox 3067 2499 3179 2569; x_wconf 82' lang='lat' dir='ltr'><strong>pati</strong></span> <span class='ocrx_word' id='word_1_537' title='bbox 3223 2497 3451 2569; x_wconf 88' lang='lat' dir='ltr'><strong>permit-</strong></span> 
     </span>
    </p>
   </div>
   <div class='ocr_carea' id='block_1_71' title="bbox 1871 2581 3454 2662">
    <p class='ocr_par' dir='ltr' id='par_1_71' title="bbox 1871 2581 3454 2662">
     <span class='ocr_line' id='line_1_71' title="bbox 1871 2581 3454 2662; baseline -0.009 -8"><span class='ocrx_word' id='word_1_538' title='bbox 1871 2605 2009 2654; x_wconf 91' lang='lat' dir='ltr'><strong>tant.</strong></span> <span class='ocrx_word' id='word_1_539' title='bbox 2039 2594 2191 2652; x_wconf 90' lang='lat' dir='ltr'><strong>Scire</strong></span> <span class='ocrx_word' id='word_1_540' title='bbox 2219 2603 2402 2650; x_wconf 89' lang='lat' dir='ltr'><strong>autem</strong></span> <span class='ocrx_word' id='word_1_541' title='bbox 2436 2581 2873 2662; x_wconf 89' lang='lat' dir='ltr'><strong>unumquemque</strong></span> <span class='ocrx_word' id='word_1_542' title='bbox 2899 2588 3186 2645; x_wconf 89' lang='lat' dir='ltr'><strong>cuiuslibet</strong></span> <span class='ocrx_word' id='word_1_543' title='bbox 3213 2587 3284 2642; x_wconf 89' lang='lat' dir='ltr'><strong>sit</strong></span> <span class='ocrx_word' id='word_1_544' title='bbox 3308 2585 3454 2642; x_wconf 88' lang='lat' dir='ltr'><strong>ordi-</strong></span> 
     </span>
    </p>
   </div>
   <div class='ocr_carea' id='block_1_72' title="bbox 1872 2679 3455 2761">
    <p class='ocr_par' dir='ltr' id='par_1_72' title="bbox 1872 2679 3455 2761">
     <span class='ocr_line' id='line_1_72' title="bbox 1872 2679 3455 2761; baseline -0.009 -14"><span class='ocrx_word' id='word_1_545' title='bbox 1872 2692 1957 2747; x_wconf 91' lang='lat' dir='ltr'><strong>nis</strong></span> <span class='ocrx_word' id='word_1_546' title='bbox 1989 2697 2222 2761; x_wconf 88' lang='lat' dir='ltr'><strong>oportet,</strong></span> <span class='ocrx_word' id='word_1_547' title='bbox 2267 2687 2394 2758; x_wconf 83' lang='lat' dir='ltr'><strong>quia</strong></span> <span class='ocrx_word' id='word_1_548' title='bbox 2427 2686 2474 2742; x_wconf 90' lang='lat' dir='ltr'><strong>si</strong></span> <span class='ocrx_word' id='word_1_549' title='bbox 2515 2686 2581 2742; x_wconf 90' lang='lat' dir='ltr'><strong>de</strong></span> <span class='ocrx_word' id='word_1_550' title='bbox 2621 2684 2804 2742; x_wconf 91' lang='lat' dir='ltr'><strong>ocioso</strong></span> <span class='ocrx_word' id='word_1_551' title='bbox 2837 2696 3086 2738; x_wconf 90' lang='lat' dir='ltr'><strong>sermone</strong></span> <span class='ocrx_word' id='word_1_552' title='bbox 3130 2680 3242 2734; x_wconf 91' lang='lat' dir='ltr'><strong>Deo</strong></span> <span class='ocrx_word' id='word_1_553' title='bbox 3289 2679 3455 2733; x_wconf 86' lang='lat' dir='ltr'><strong>ratio-</strong></span> 
     </span>
    </p>
   </div>
   <div class='ocr_carea' id='block_1_73' title="bbox 1873 2771 3454 2846">
    <p class='ocr_par' dir='ltr' id='par_1_73' title="bbox 1873 2771 3454 2846">
     <span class='ocr_line' id='line_1_73' title="bbox 1873 2771 3454 2846; baseline -0.01 -6"><span class='ocrx_word' id='word_1_554' title='bbox 1873 2800 1993 2840; x_wconf 86' lang='lat' dir='ltr'><strong>nem</strong></span> <span class='ocrx_word' id='word_1_555' title='bbox 2020 2781 2326 2839; x_wconf 87' lang='lat' dir='ltr'><strong>redditurus</strong></span> <span class='ocrx_word' id='word_1_556' title='bbox 2356 2786 2456 2844; x_wconf 90' lang='lat' dir='ltr'><strong>est,</strong></span> <span class='ocrx_word' id='word_1_557' title='bbox 2484 2777 2653 2833; x_wconf 88' lang='lat' dir='ltr'><strong>multo</strong></span> <span class='ocrx_word' id='word_1_558' title='bbox 2691 2776 2864 2846; x_wconf 91' lang='lat' dir='ltr'><strong>magis</strong></span> <span class='ocrx_word' id='word_1_559' title='bbox 2905 2775 2971 2830; x_wconf 88' lang='lat' dir='ltr'><strong>de</strong></span> <span class='ocrx_word' id='word_1_560' title='bbox 3005 2771 3308 2828; x_wconf 89' lang='lat' dir='ltr'><strong>ministerio</strong></span> <span class='ocrx_word' id='word_1_561' title='bbox 3349 2771 3454 2825; x_wconf 91' lang='lat' dir='ltr'><strong>sibi</strong></span> 
     </span>
    </p>
   </div>
   <div class='ocr_carea' id='block_1_74' title="bbox 1874 2863 3452 2934">
    <p class='ocr_par' dir='ltr' id='par_1_74' title="bbox 1874 2863 3452 2934">
     <span class='ocr_line' id='line_1_74' title="bbox 1874 2863 3452 2934; baseline -0.01 -3"><span class='ocrx_word' id='word_1_562' title='bbox 1874 2875 2130 2931; x_wconf 76' lang='lat' dir='ltr'><strong>divinitus</strong></span> <span class='ocrx_word' id='word_1_563' title='bbox 2154 2873 2464 2929; x_wconf 89' lang='lat' dir='ltr'><strong>commisso.</strong></span> <span class='ocrx_word' id='word_1_564' title='bbox 2493 2869 2646 2926; x_wconf 87' lang='lat' dir='ltr'><strong>Unde</strong></span> <span class='ocrx_word' id='word_1_565' title='bbox 2674 2869 2866 2924; x_wconf 84' lang='lat' dir='ltr'><strong>beatus</strong></span> <span class='ocrx_word' id='word_1_566' title='bbox 2909 2866 3002 2922; x_wconf 86' lang='lat' dir='ltr'><strong>lob</strong></span> <span class='ocrx_word' id='word_1_567' title='bbox 3049 2883 3063 2920; x_wconf 90' lang='lat'>:</span> <span class='ocrx_word' id='word_1_568' title='bbox 3099 2863 3330 2934; x_wconf 83' lang='lat' dir='ltr'><strong>Cumque</strong></span> <span class='ocrx_word' id='word_1_569' title='bbox 3365 2878 3452 2917; x_wconf 86' lang='lat' dir='ltr'><strong>se-</strong></span> 
     </span>
    </p>
   </div>
   <div class='ocr_carea' id='block_1_75' title="bbox 1873 2959 3455 3035">
    <p class='ocr_par' dir='ltr' id='par_1_75' title="bbox 1873 2959 3455 3035">
     <span class='ocr_line' id='line_1_75' title="bbox 1873 2959 3455 3035; baseline -0.008 -15"><span class='ocrx_word' id='word_1_570' title='bbox 1873 2967 2048 3021; x_wconf 78' lang='lat' dir='ltr'><strong>derent</strong></span> <span class='ocrx_word' id='word_1_571' title='bbox 2093 2965 2244 3035; x_wconf 87' lang='lat' dir='ltr'><strong>quasi</strong></span> <span class='ocrx_word' id='word_1_572' title='bbox 2287 2980 2377 3018; x_wconf 74' lang='lat' dir='ltr'><strong>res:</strong></span> <span class='ocrx_word' id='word_1_573' title='bbox 2402 2964 2766 3017; x_wconf 85' lang='lat' dir='ltr'><strong>circumstante</strong></span> <span class='ocrx_word' id='word_1_574' title='bbox 2808 2959 3068 3024; x_wconf 73' lang='lat' dir='ltr'><strong>exercitu,</strong></span> <span class='ocrx_word' id='word_1_575' title='bbox 3095 2973 3240 3012; x_wconf 89' lang='lat' dir='ltr'><strong>eram</strong></span> <span class='ocrx_word' id='word_1_576' title='bbox 3281 2966 3455 3009; x_wconf 87' lang='lat' dir='ltr'><strong>tamen</strong></span> 
     </span>
    </p>
   </div>
   <div class='ocr_carea' id='block_1_76' title="bbox 1874 3045 3452 3116">
    <p class='ocr_par' dir='ltr' id='par_1_76' title="bbox 1874 3045 3452 3116">
     <span class='ocr_line' id='line_1_76' title="bbox 1874 3045 3452 3116; baseline -0.008 -6"><span class='ocrx_word' id='word_1_577' title='bbox 1874 3056 2183 3110; x_wconf 80' lang='lat' dir='ltr'><strong>merentium</strong></span> <span class='ocrx_word' id='word_1_578' title='bbox 2209 3052 2535 3116; x_wconf 76' lang='lat' dir='ltr'><strong>consolator;</strong></span> <span class='ocrx_word' id='word_1_579' title='bbox 2563 3051 2708 3104; x_wconf 83' lang='lat' dir='ltr'><strong>auris</strong></span> <span class='ocrx_word' id='word_1_580' title='bbox 2732 3049 2953 3103; x_wconf 86' lang='lat' dir='ltr'><strong>audiens</strong></span> <span class='ocrx_word' id='word_1_581' title='bbox 2993 3045 3322 3115; x_wconf 86' lang='lat' dir='ltr'><strong>beati/icabat</strong></span> <span class='ocrx_word' id='word_1_582' title='bbox 3351 3061 3452 3107; x_wconf 89' lang='lat' dir='ltr'><strong>me,</strong></span> 
     </span>
    </p>
   </div>
   <div class='ocr_carea' id='block_1_77' title="bbox 1875 3132 3452 3204">
    <p class='ocr_par' dir='ltr' id='par_1_77' title="bbox 1875 3132 3452 3204">
     <span class='ocr_line' id='line_1_77' title="bbox 1875 3132 3452 3204; baseline -0.01 -3"><span class='ocrx_word' id='word_1_583' title='bbox 1875 3155 1923 3201; x_wconf 91' lang='lat' dir='ltr'><strong>et</strong></span> <span class='ocrx_word' id='word_1_584' title='bbox 1949 3144 2158 3200; x_wconf 89' lang='lat' dir='ltr'><strong>occulus</strong></span> <span class='ocrx_word' id='word_1_585' title='bbox 2185 3143 2360 3199; x_wconf 80' lang='lat' dir='ltr'><strong>uidens</strong></span> <span class='ocrx_word' id='word_1_586' title='bbox 2385 3142 2734 3196; x_wconf 87' lang='lat' dir='ltr'><strong>testimonium</strong></span> <span class='ocrx_word' id='word_1_587' title='bbox 2762 3137 3004 3192; x_wconf 84' lang='lat' dir='ltr'><strong>reddebat</strong></span> <span class='ocrx_word' id='word_1_588' title='bbox 3034 3135 3191 3189; x_wconf 79' lang='lat' dir='ltr'><strong>michi</strong></span> <span class='ocrx_word' id='word_1_589' title='bbox 3215 3133 3355 3204; x_wconf 87' lang='lat' dir='ltr'><strong>quod</strong></span> <span class='ocrx_word' id='word_1_590' title='bbox 3383 3132 3452 3185; x_wconf 87' lang='lat' dir='ltr'><strong>li-</strong></span> 
     </span>
    </p>
   </div>
   <div class='ocr_carea' id='block_1_78' title="bbox 1877 3225 3454 3307">
    <p class='ocr_par' dir='ltr' id='par_1_78' title="bbox 1877 3225 3454 3307">
     <span class='ocr_line' id='line_1_78' title="bbox 1877 3225 3454 3307; baseline -0.01 -14"><span class='ocrx_word' id='word_1_591' title='bbox 1877 3239 2134 3293; x_wconf 85' lang='lat' dir='ltr'><strong>berassem</strong></span> <span class='ocrx_word' id='word_1_592' title='bbox 2174 3249 2454 3307; x_wconf 88' lang='lat' dir='ltr'><strong>pauperem</strong></span> <span class='ocrx_word' id='word_1_593' title='bbox 2480 3230 2846 3300; x_wconf 82' lang='lat' dir='ltr'><strong>vociferantem</strong></span> <span class='ocrx_word' id='word_1_594' title='bbox 2867 3238 2914 3282; x_wconf 90' lang='lat' dir='ltr'><strong>et</strong></span> <span class='ocrx_word' id='word_1_595' title='bbox 2943 3226 3199 3298; x_wconf 87' lang='lat' dir='ltr'><strong>pupillum</strong></span> <span class='ocrx_word' id='word_1_596' title='bbox 3235 3225 3320 3279; x_wconf 85' lang='lat' dir='ltr'><strong>cui</strong></span> <span class='ocrx_word' id='word_1_597' title='bbox 3351 3240 3454 3278; x_wconf 88' lang='lat' dir='ltr'><strong>non</strong></span> 
     </span>
    </p>
   </div>
   <div class='ocr_carea' id='block_1_79' title="bbox 1876 3316 3453 3392">
    <p class='ocr_par' dir='ltr' id='par_1_79' title="bbox 1876 3316 3453 3392">
     <span class='ocr_line' id='line_1_79' title="bbox 1876 3316 3453 3392; baseline -0.01 -8"><span class='ocrx_word' id='word_1_598' title='bbox 1876 3337 2006 3384; x_wconf 85' lang='lat' dir='ltr'><strong>esset</strong></span> <span class='ocrx_word' id='word_1_599' title='bbox 2030 3325 2261 3382; x_wconf 83' lang='lat' dir='ltr'><strong>adiutor.</strong></span> <span class='ocrx_word' id='word_1_600' title='bbox 2307 3319 2606 3378; x_wconf 83' lang='lat' dir='ltr'><strong>Benedictio</strong></span> <span class='ocrx_word' id='word_1_601' title='bbox 2629 3321 2872 3392; x_wconf 84' lang='lat' dir='ltr'><strong>pauperis</strong></span> <span class='ocrx_word' id='word_1_602' title='bbox 2902 3335 3057 3390; x_wconf 82' lang='lat' dir='ltr'><strong>super</strong></span> <span class='ocrx_word' id='word_1_603' title='bbox 3077 3334 3158 3372; x_wconf 87' lang='lat' dir='ltr'><strong>me</strong></span> <span class='ocrx_word' id='word_1_604' title='bbox 3199 3316 3453 3378; x_wconf 71' lang='lat' dir='ltr'><strong>veniebat,</strong></span> 
     </span>
    </p>
   </div>
   <div class='ocr_carea' id='block_1_80' title="bbox 1875 3410 3455 3477">
    <p class='ocr_par' dir='ltr' id='par_1_80' title="bbox 1875 3410 3455 3477">
     <span class='ocr_line' id='line_1_80' title="bbox 1875 3410 3455 3477; baseline -0.008 -4"><span class='ocrx_word' id='word_1_605' title='bbox 1875 3428 1922 3473; x_wconf 89' lang='lat' dir='ltr'><strong>et</strong></span> <span class='ocrx_word' id='word_1_606' title='bbox 1947 3433 2037 3472; x_wconf 88' lang='lat' dir='ltr'><strong>cor</strong></span> <span class='ocrx_word' id='word_1_607' title='bbox 2077 3416 2264 3471; x_wconf 78' lang='lat' dir='ltr'><strong>uiduae</strong></span> <span class='ocrx_word' id='word_1_608' title='bbox 2287 3412 2584 3471; x_wconf 82' lang='lat' dir='ltr'><strong>consolatus</strong></span> <span class='ocrx_word' id='word_1_609' title='bbox 2611 3429 2761 3477; x_wconf 84' lang='lat' dir='ltr'><strong>sum;</strong></span> <span class='ocrx_word' id='word_1_610' title='bbox 2784 3412 2984 3466; x_wconf 87' lang='lat' dir='ltr'><strong>iustitia</strong></span> <span class='ocrx_word' id='word_1_611' title='bbox 3007 3410 3220 3465; x_wconf 83' lang='lat' dir='ltr'><strong>indutus</strong></span> <span class='ocrx_word' id='word_1_612' title='bbox 3242 3425 3379 3473; x_wconf 89' lang='lat' dir='ltr'><strong>sum,</strong></span> <span class='ocrx_word' id='word_1_613' title='bbox 3407 3417 3455 3461; x_wconf 89' lang='lat' dir='ltr'><strong>et</strong></span> 
     </span>
    </p>
   </div>
   <div class='ocr_carea' id='block_1_81' title="bbox 1875 3498 3453 3561">
    <p class='ocr_par' dir='ltr' id='par_1_81' title="bbox 1875 3498 3453 3561">
     <span class='ocr_line' id='line_1_81' title="bbox 1875 3498 3453 3561; baseline -0.008 0"><span class='ocrx_word' id='word_1_614' title='bbox 1875 3507 2050 3561; x_wconf 75' lang='lat' dir='ltr'><strong>vestiri</strong></span> <span class='ocrx_word' id='word_1_615' title='bbox 2091 3521 2174 3558; x_wconf 89' lang='lat' dir='ltr'><strong>me</strong></span> <span class='ocrx_word' id='word_1_616' title='bbox 2197 3504 2330 3560; x_wconf 85' lang='lat' dir='ltr'><strong>sicut</strong></span> <span class='ocrx_word' id='word_1_617' title='bbox 2357 3503 2654 3558; x_wconf 84' lang='lat' dir='ltr'><strong>vestimento</strong></span> <span class='ocrx_word' id='word_1_618' title='bbox 2682 3511 2730 3556; x_wconf 90' lang='lat' dir='ltr'><strong>et</strong></span> <span class='ocrx_word' id='word_1_619' title='bbox 2767 3500 3064 3556; x_wconf 84' lang='lat' dir='ltr'><strong>diademate</strong></span> <span class='ocrx_word' id='word_1_620' title='bbox 3087 3498 3275 3554; x_wconf 85' lang='lat' dir='ltr'><strong>iuditio</strong></span> <span class='ocrx_word' id='word_1_621' title='bbox 3317 3513 3453 3551; x_wconf 84' lang='lat' dir='ltr'><strong>meo.</strong></span> 
     </span>
    </p>
   </div>
   <div class='ocr_carea' id='block_1_82' title="bbox 1877 3592 3459 3666">
    <p class='ocr_par' dir='ltr' id='par_1_82' title="bbox 1877 3592 3459 3666">
     <span class='ocr_line' id='line_1_82' title="bbox 1877 3592 3459 3666; baseline -0.006 -13"><span class='ocrx_word' id='word_1_622' title='bbox 1877 3596 2077 3653; x_wconf 80' lang='lat' dir='ltr'><strong>Oculus</strong></span> <span class='ocrx_word' id='word_1_623' title='bbox 2101 3595 2180 3666; x_wconf 82' lang='lat' dir='ltr'><strong>fui</strong></span> <span class='ocrx_word' id='word_1_624' title='bbox 2203 3611 2322 3649; x_wconf 90' lang='lat' dir='ltr'><strong>ceco</strong></span> <span class='ocrx_word' id='word_1_625' title='bbox 2351 3604 2400 3649; x_wconf 90' lang='lat' dir='ltr'><strong>ct</strong></span> <span class='ocrx_word' id='word_1_626' title='bbox 2427 3610 2514 3666; x_wconf 88' lang='lat' dir='ltr'><strong>pes</strong></span> <span class='ocrx_word' id='word_1_627' title='bbox 2553 3592 2771 3658; x_wconf 88' lang='lat' dir='ltr'><strong>claudo;</strong></span> <span class='ocrx_word' id='word_1_628' title='bbox 2800 3601 2951 3664; x_wconf 88' lang='lat' dir='ltr'><strong>pater</strong></span> <span class='ocrx_word' id='word_1_629' title='bbox 2991 3607 3136 3646; x_wconf 88' lang='lat' dir='ltr'><strong>eram</strong></span> <span class='ocrx_word' id='word_1_630' title='bbox 3171 3607 3459 3662; x_wconf 86' lang='lat' dir='ltr'><strong>pauperum</strong></span> 
     </span>
    </p>
   </div>
   <div class='ocr_carea' id='block_1_83' title="bbox 1875 3685 3456 3763">
    <p class='ocr_par' dir='ltr' id='par_1_83' title="bbox 1875 3685 3456 3763">
     <span class='ocr_line' id='line_1_83' title="bbox 1875 3685 3456 3763; baseline -0.004 -19"><span class='ocrx_word' id='word_1_631' title='bbox 1875 3699 1923 3745; x_wconf 89' lang='lat' dir='ltr'><strong>et</strong></span> <span class='ocrx_word' id='word_1_632' title='bbox 1951 3708 2165 3746; x_wconf 89' lang='lat' dir='ltr'><strong>causam</strong></span> <span class='ocrx_word' id='word_1_633' title='bbox 2204 3707 2362 3763; x_wconf 89' lang='lat' dir='ltr'><strong>quam</strong></span> <span class='ocrx_word' id='word_1_634' title='bbox 2405 3689 2694 3744; x_wconf 83' lang='lat' dir='ltr'><strong>nesciebam</strong></span> <span class='ocrx_word' id='word_1_635' title='bbox 2739 3687 3132 3758; x_wconf 85' lang='lat' dir='ltr'><strong>diligentissime</strong></span> <span class='ocrx_word' id='word_1_636' title='bbox 3175 3685 3456 3754; x_wconf 78' lang='lat' dir='ltr'><strong>investiga-</strong></span> 
     </span>
    </p>
   </div>
   <div class='ocr_carea' id='block_1_84' title="bbox 1877 3772 3459 3850">
    <p class='ocr_par' dir='ltr' id='par_1_84' title="bbox 1877 3772 3459 3850">
     <span class='ocr_line' id='line_1_84' title="bbox 1877 3772 3459 3850; baseline -0.004 -15"><span class='ocrx_word' id='word_1_637' title='bbox 1877 3782 2016 3836; x_wconf 89' lang='lat' dir='ltr'><strong>bam.</strong></span> <span class='ocrx_word' id='word_1_638' title='bbox 2049 3780 2390 3836; x_wconf 83' lang='lat' dir='ltr'><strong>Conterebam</strong></span> <span class='ocrx_word' id='word_1_639' title='bbox 2416 3779 2577 3835; x_wconf 87' lang='lat' dir='ltr'><strong>moles</strong></span> <span class='ocrx_word' id='word_1_640' title='bbox 2605 3781 2814 3850; x_wconf 88' lang='lat' dir='ltr'><strong>iniquas</strong></span> <span class='ocrx_word' id='word_1_641' title='bbox 2845 3788 2891 3834; x_wconf 88' lang='lat' dir='ltr'><strong>et</strong></span> <span class='ocrx_word' id='word_1_642' title='bbox 2915 3772 3333 3833; x_wconf 72' lang='lat' dir='ltr'><strong>dentibus‘illius</strong></span> <span class='ocrx_word' id='word_1_643' title='bbox 3369 3792 3459 3830; x_wconf 85' lang='lat' dir='ltr'><strong>au-</strong></span> 
     </span>
    </p>
   </div>
   <div class='ocr_carea' id='block_1_85' title="bbox 1877 3867 3461 3944">
    <p class='ocr_par' dir='ltr' id='par_1_85' title="bbox 1877 3867 3461 3944">
     <span class='ocr_line' id='line_1_85' title="bbox 1877 3867 3461 3944; baseline -0.005 -16"><span class='ocrx_word' id='word_1_644' title='bbox 1877 3873 2106 3944; x_wconf 81' lang='lat' dir='ltr'><strong>ferebam</strong></span> <span class='ocrx_word' id='word_1_645' title='bbox 2132 3873 2402 3944; x_wconf 87' lang='lat' dir='ltr'><strong>praedam.</strong></span> <span class='ocrx_word' id='word_1_646' title='bbox 2431 3871 2546 3928; x_wconf 74' lang='lat' dir='ltr'><strong>Rex</strong></span> <span class='ocrx_word' id='word_1_647' title='bbox 2566 3873 2654 3943; x_wconf 89' lang='lat' dir='ltr'><strong>qui</strong></span> <span class='ocrx_word' id='word_1_648' title='bbox 2677 3871 2817 3927; x_wconf 86' lang='lat' dir='ltr'><strong>sedet</strong></span> <span class='ocrx_word' id='word_1_649' title='bbox 2840 3871 2896 3926; x_wconf 89' lang='lat' dir='ltr'><strong>in</strong></span> <span class='ocrx_word' id='word_1_650' title='bbox 2920 3869 3052 3925; x_wconf 89' lang='lat' dir='ltr'><strong>solio</strong></span> <span class='ocrx_word' id='word_1_651' title='bbox 3095 3869 3272 3923; x_wconf 82' lang='lat' dir='ltr'><strong>iuditii</strong></span> <span class='ocrx_word' id='word_1_652' title='bbox 3300 3867 3461 3922; x_wconf 89' lang='lat' dir='ltr'><strong>dissi-</strong></span> 
     </span>
    </p>
   </div>
   <div class='ocr_carea' id='block_1_86' title="bbox 1875 3959 3455 4034">
    <p class='ocr_par' dir='ltr' id='par_1_86' title="bbox 1875 3959 3455 4034">
     <span class='ocr_line' id='line_1_86' title="bbox 1875 3959 3455 4034; baseline -0.004 -16"><span class='ocrx_word' id='word_1_653' title='bbox 1875 3972 1964 4034; x_wconf 85' lang='lat' dir='ltr'><strong>pat</strong></span> <span class='ocrx_word' id='word_1_654' title='bbox 1986 3980 2137 4019; x_wconf 90' lang='lat' dir='ltr'><strong>omne</strong></span> <span class='ocrx_word' id='word_1_655' title='bbox 2161 3962 2358 4018; x_wconf 90' lang='lat' dir='ltr'><strong>malum</strong></span> <span class='ocrx_word' id='word_1_656' title='bbox 2382 3972 2511 4017; x_wconf 86' lang='lat' dir='ltr'><strong>nutu</strong></span> <span class='ocrx_word' id='word_1_657' title='bbox 2537 3979 2652 4018; x_wconf 88' lang='lat' dir='ltr'><strong>suo.</strong></span> <span class='ocrx_word' id='word_1_658' title='bbox 2681 3962 2814 4017; x_wconf 88' lang='lat' dir='ltr'><strong>ltem</strong></span> <span class='ocrx_word' id='word_1_659' title='bbox 2837 3961 2978 4017; x_wconf 91' lang='lat' dir='ltr'><strong>idem</strong></span> <span class='ocrx_word' id='word_1_660' title='bbox 3000 3960 3054 4014; x_wconf 92' lang='lat' dir='ltr'><strong>in</strong></span> <span class='ocrx_word' id='word_1_661' title='bbox 3081 3959 3218 4014; x_wconf 90' lang='lat' dir='ltr'><strong>libro</strong></span> <span class='ocrx_word' id='word_1_662' title='bbox 3240 3959 3455 4027; x_wconf 86' lang='lat' dir='ltr'><strong>sapien-</strong></span> 
     </span>
    </p>
   </div>
   <div class='ocr_carea' id='block_1_87' title="bbox 1879 4049 3459 4126">
    <p class='ocr_par' dir='ltr' id='par_1_87' title="bbox 1879 4049 3459 4126">
     <span class='ocr_line' id='line_1_87' title="bbox 1879 4049 3459 4126; baseline -0.003 -18"><span class='ocrx_word' id='word_1_663' title='bbox 1879 4055 2016 4110; x_wconf 90' lang='lat' dir='ltr'><strong>tiae:</strong></span> <span class='ocrx_word' id='word_1_664' title='bbox 2040 4053 2256 4126; x_wconf 86' lang='lat' dir='ltr'><strong>Diligite</strong></span> <span class='ocrx_word' id='word_1_665' title='bbox 2277 4054 2533 4108; x_wconf 86' lang='lat' dir='ltr'><strong>iustitiam</strong></span> <span class='ocrx_word' id='word_1_666' title='bbox 2559 4055 2648 4125; x_wconf 87' lang='lat' dir='ltr'><strong>qui</strong></span> <span class='ocrx_word' id='word_1_667' title='bbox 2669 4053 2918 4108; x_wconf 83' lang='lat' dir='ltr'><strong>iudicatis</strong></span> <span class='ocrx_word' id='word_1_668' title='bbox 2946 4061 3162 4116; x_wconf 86' lang='lat' dir='ltr'><strong>terram,</strong></span> <span class='ocrx_word' id='word_1_669' title='bbox 3190 4051 3374 4106; x_wconf 85' lang='lat' dir='ltr'><strong>sentite</strong></span> <span class='ocrx_word' id='word_1_670' title='bbox 3393 4049 3459 4103; x_wconf 89' lang='lat' dir='ltr'><strong>de</strong></span> 
     </span>
    </p>
   </div>
   <div class='ocr_carea' id='block_1_88' title="bbox 1876 4140 3459 4214">
    <p class='ocr_par' dir='ltr' id='par_1_88' title="bbox 1876 4140 3459 4214">
     <span class='ocr_line' id='line_1_88' title="bbox 1876 4140 3459 4214; baseline -0.003 -15"><span class='ocrx_word' id='word_1_671' title='bbox 1876 4144 2102 4199; x_wconf 88' lang='lat' dir='ltr'><strong>Domino</strong></span> <span class='ocrx_word' id='word_1_672' title='bbox 2123 4143 2179 4198; x_wconf 91' lang='lat' dir='ltr'><strong>in</strong></span> <span class='ocrx_word' id='word_1_673' title='bbox 2217 4143 2464 4209; x_wconf 86' lang='lat' dir='ltr'><strong>bonitate,</strong></span> <span class='ocrx_word' id='word_1_674' title='bbox 2489 4153 2536 4198; x_wconf 90' lang='lat' dir='ltr'><strong>et</strong></span> <span class='ocrx_word' id='word_1_675' title='bbox 2561 4144 2618 4198; x_wconf 90' lang='lat' dir='ltr'><strong>in</strong></span> <span class='ocrx_word' id='word_1_676' title='bbox 2651 4142 2984 4214; x_wconf 85' lang='lat' dir='ltr'><strong>simplicitate</strong></span> <span class='ocrx_word' id='word_1_677' title='bbox 3004 4140 3176 4197; x_wconf 87' lang='lat' dir='ltr'><strong>cordis</strong></span> <span class='ocrx_word' id='word_1_678' title='bbox 3222 4141 3459 4212; x_wconf 88' lang='lat' dir='ltr'><strong>quaerite</strong></span> 
     </span>
    </p>
   </div>
   <div class='ocr_carea' id='block_1_89' title="bbox 1876 4229 3461 4311">
    <p class='ocr_par' dir='ltr' id='par_1_89' title="bbox 1876 4229 3461 4311">
     <span class='ocr_line' id='line_1_89' title="bbox 1876 4229 3461 4311; baseline -0.005 -18"><span class='ocrx_word' id='word_1_679' title='bbox 1876 4237 2047 4293; x_wconf 89' lang='lat' dir='ltr'><strong>illum.</strong></span> <span class='ocrx_word' id='word_1_680' title='bbox 2088 4238 2220 4293; x_wconf 88' lang='lat' dir='ltr'><strong>Item</strong></span> <span class='ocrx_word' id='word_1_681' title='bbox 2247 4229 2321 4293; x_wconf 86' lang='lat' dir='ltr'><strong>ibi</strong></span> <span class='ocrx_word' id='word_1_682' title='bbox 2365 4255 2378 4291; x_wconf 88' lang='lat'><strong>:</strong></span> <span class='ocrx_word' id='word_1_683' title='bbox 2411 4236 2600 4291; x_wconf 82' lang='lat' dir='ltr'><strong>Audite</strong></span> <span class='ocrx_word' id='word_1_684' title='bbox 2637 4252 2925 4307; x_wconf 30' lang='lat' dir='ltr'><strong>ergavreges</strong></span> <span class='ocrx_word' id='word_1_685' title='bbox 2957 4245 3003 4290; x_wconf 90' lang='lat' dir='ltr'><strong>et</strong></span> <span class='ocrx_word' id='word_1_686' title='bbox 3030 4233 3328 4306; x_wconf 85' lang='lat' dir='ltr'><strong>intellegite,</strong></span> <span class='ocrx_word' id='word_1_687' title='bbox 3353 4233 3461 4311; x_wconf 83' lang='lat' dir='ltr'><strong>dis-</strong></span> 
     </span>
    </p>
   </div>
   <div class='ocr_carea' id='block_1_90' title="bbox 1876 4325 3459 4399">
    <p class='ocr_par' dir='ltr' id='par_1_90' title="bbox 1876 4325 3459 4399">
     <span class='ocr_line' id='line_1_90' title="bbox 1876 4325 3459 4399; baseline -0.004 -14"><span class='ocrx_word' id='word_1_688' title='bbox 1876 4330 1975 4385; x_wconf 88' lang='lat' dir='ltr'><strong>cite</strong></span> <span class='ocrx_word' id='word_1_689' title='bbox 1999 4330 2198 4385; x_wconf 84' lang='lat' dir='ltr'><strong>iudices</strong></span> <span class='ocrx_word' id='word_1_690' title='bbox 2235 4329 2421 4399; x_wconf 81' lang='lat' dir='ltr'><strong>ﬁnium</strong></span> <span class='ocrx_word' id='word_1_691' title='bbox 2448 4337 2648 4393; x_wconf 85' lang='lat' dir='ltr'><strong>terrae;</strong></span> <span class='ocrx_word' id='word_1_692' title='bbox 2695 4327 2932 4398; x_wconf 87' lang='lat' dir='ltr'><strong>praebete</strong></span> <span class='ocrx_word' id='word_1_693' title='bbox 2960 4343 3113 4381; x_wconf 88' lang='lat' dir='ltr'><strong>aures</strong></span> <span class='ocrx_word' id='word_1_694' title='bbox 3139 4336 3337 4380; x_wconf 80' lang='lat' dir='ltr'><strong>vestras</strong></span> <span class='ocrx_word' id='word_1_695' title='bbox 3369 4325 3459 4395; x_wconf 84' lang='lat' dir='ltr'><strong>qui</strong></span> 
     </span>
    </p>
   </div>
   <div class='ocr_carea' id='block_1_91' title="bbox 1875 4417 3461 4491">
    <p class='ocr_par' dir='ltr' id='par_1_91' title="bbox 1875 4417 3461 4491">
     <span class='ocr_line' id='line_1_91' title="bbox 1875 4417 3461 4491; baseline -0.004 -14"><span class='ocrx_word' id='word_1_696' title='bbox 1875 4423 2151 4477; x_wconf 84' lang='lat' dir='ltr'><strong>continetis</strong></span> <span class='ocrx_word' id='word_1_697' title='bbox 2176 4420 2554 4485; x_wconf 87' lang='lat' dir='ltr'><strong>multitudines,</strong></span> <span class='ocrx_word' id='word_1_698' title='bbox 2591 4431 2640 4478; x_wconf 86' lang='lat' dir='ltr'><strong>et</strong></span> <span class='ocrx_word' id='word_1_699' title='bbox 2672 4419 2887 4491; x_wconf 74' lang='lat' dir='ltr'><strong>placetis</strong></span> <span class='ocrx_word' id='word_1_700' title='bbox 2921 4419 3061 4475; x_wconf 82' lang='lat' dir='ltr'><strong>vobis</strong></span> <span class='ocrx_word' id='word_1_701' title='bbox 3085 4419 3140 4472; x_wconf 87' lang='lat' dir='ltr'><strong>in</strong></span> <span class='ocrx_word' id='word_1_702' title='bbox 3173 4417 3337 4473; x_wconf 89' lang='lat' dir='ltr'><strong>turbis</strong></span> <span class='ocrx_word' id='word_1_703' title='bbox 3368 4433 3461 4471; x_wconf 88' lang='lat' dir='ltr'><strong>na-</strong></span> 
     </span>
    </p>
   </div>
   <div class='ocr_carea' id='block_1_92' title="bbox 175 4497 3460 4582">
    <p class='ocr_par' dir='ltr' id='par_1_92' title="bbox 175 4497 3460 4582">
     <span class='ocr_line' id='line_1_92' title="bbox 175 4497 3460 4582; baseline -0.001 -27"><span class='ocrx_word' id='word_1_704' title='bbox 175 4501 298 4555; x_wconf 81' lang='lat' dir='ltr'><strong>c&#39;iat</strong></span> <span class='ocrx_word' id='word_1_705' title='bbox 336 4501 715 4572; x_wconf 89' lang='lat' dir='ltr'><strong>principatum.</strong></span> <span class='ocrx_word' id='word_1_706' title='bbox 762 4501 931 4573; x_wconf 80' lang='lat' dir='ltr'><strong>Magis</strong></span> <span class='ocrx_word' id='word_1_707' title='bbox 976 4505 1120 4560; x_wconf 89' lang='lat' dir='ltr'><strong>enim</strong></span> <span class='ocrx_word' id='word_1_708' title='bbox 1165 4504 1520 4561; x_wconf 87' lang='lat' dir='ltr'><strong>christianum</strong></span> <span class='ocrx_word' id='word_1_709' title='bbox 1563 4503 1772 4574; x_wconf 85' lang='lat' dir='ltr'><strong>regitur</strong></span> <span class='ocrx_word' id='word_1_710' title='bbox 1801 4497 1849 4558; x_wconf 88' lang='lat' dir='ltr'><strong>D</strong></span> <span class='ocrx_word' id='word_1_711' title='bbox 1873 4512 2094 4576; x_wconf 62' lang='lat' dir='ltr'><strong>sianum,</strong></span> <span class='ocrx_word' id='word_1_712' title='bbox 2118 4512 2370 4582; x_wconf 74' lang='lat' dir='ltr'><strong>quoniam</strong></span> <span class='ocrx_word' id='word_1_713' title='bbox 2397 4511 2525 4565; x_wconf 78' lang='grc' dir='ltr'><em>άατα</em></span> <span class='ocrx_word' id='word_1_714' title='bbox 2557 4509 2951 4576; x_wconf 54' lang='lat' dir='ltr'><strong>cauponam</strong></span> <span class='ocrx_word' id='word_1_715' title='bbox 2991 4519 3216 4580; x_wconf 74' lang='grc' dir='ltr'><strong>ροεεεεαε</strong></span> <span class='ocrx_word' id='word_1_716' title='bbox 3248 4507 3389 4562; x_wconf 62' lang='lat' dir='ltr'><strong>vobis</strong></span> <span class='ocrx_word' id='word_1_717' title='bbox 3411 4523 3460 4578; x_wconf 62' lang='grc' dir='ltr'><strong>σε</strong></span> 
     </span>
    </p>
   </div>
   <div class='ocr_carea' id='block_1_93' title="bbox 175 4589 1767 4665">
    <p class='ocr_par' dir='ltr' id='par_1_93' title="bbox 175 4589 1767 4665">
     <span class='ocr_line' id='line_1_93' title="bbox 175 4589 1767 4665; baseline 0.001 -21"><span class='ocrx_word' id='word_1_718' title='bbox 175 4589 500 4660; x_wconf 85' lang='lat' dir='ltr'><strong>imperium,</strong></span> <span class='ocrx_word' id='word_1_719' title='bbox 540 4591 666 4646; x_wconf 88' lang='lat' dir='ltr'><strong>dum</strong></span> <span class='ocrx_word' id='word_1_720' title='bbox 706 4592 1073 4650; x_wconf 86' lang='lat' dir='ltr'><strong>ecclesiastico</strong></span> <span class='ocrx_word' id='word_1_721' title='bbox 1105 4595 1269 4650; x_wconf 84' lang='lat' dir='ltr'><strong>statui</strong></span> <span class='ocrx_word' id='word_1_722' title='bbox 1295 4609 1392 4665; x_wconf 91' lang='lat' dir='ltr'><strong>per</strong></span> <span class='ocrx_word' id='word_1_723' title='bbox 1415 4609 1632 4661; x_wconf 81' lang='lat' dir='ltr'><strong>omnem</strong></span> <span class='ocrx_word' id='word_1_724' title='bbox 1659 4601 1767 4658; x_wconf 82' lang='lat' dir='ltr'><strong>ter.-</strong></span> 
     </span>
    </p>
   </div>
   <div class='ocr_carea' id='block_1_94' title="bbox 177 4679 1770 4758">
    <p class='ocr_par' dir='ltr' id='par_1_94' title="bbox 177 4679 1770 4758">
     <span class='ocr_line' id='line_1_94' title="bbox 177 4679 1770 4758; baseline 0.003 -24"><span class='ocrx_word' id='word_1_725' title='bbox 177 4694 308 4734; x_wconf 82' lang='lat' dir='ltr'><strong>ram</strong></span> <span class='ocrx_word' id='word_1_726' title='bbox 350 4679 666 4748; x_wconf 83' lang='lat' dir='ltr'><strong>consulitur,</strong></span> <span class='ocrx_word' id='word_1_727' title='bbox 693 4697 855 4752; x_wconf 88' lang='lat' dir='ltr'><strong>quam</strong></span> <span class='ocrx_word' id='word_1_728' title='bbox 885 4699 1008 4738; x_wconf 90' lang='lat' dir='ltr'><strong>cum</strong></span> <span class='ocrx_word' id='word_1_729' title='bbox 1033 4683 1087 4737; x_wconf 94' lang='lat' dir='ltr'><strong>in</strong></span> <span class='ocrx_word' id='word_1_730' title='bbox 1111 4692 1265 4754; x_wconf 85' lang='lat' dir='ltr'><strong>parte</strong></span> <span class='ocrx_word' id='word_1_731' title='bbox 1296 4699 1633 4758; x_wconf 88' lang='lat' dir='ltr'><strong>quacumque</strong></span> <span class='ocrx_word' id='word_1_732' title='bbox 1661 4691 1770 4745; x_wconf 75' lang='lat' dir='ltr'><strong>ter,-</strong></span> 
     </span>
    </p>
   </div>
   <div class='ocr_carea' id='block_1_95' title="bbox 177 4759 1770 4846">
    <p class='ocr_par' dir='ltr' id='par_1_95' title="bbox 177 4759 1770 4846">
     <span class='ocr_line' id='line_1_95' title="bbox 177 4759 1770 4846; baseline 0.003 -20"><span class='ocrx_word' id='word_1_733' title='bbox 177 4784 379 4826; x_wconf 82' lang='lat' dir='ltr'><strong>rarum</strong></span> <span class='ocrx_word' id='word_1_734' title='bbox 401 4786 500 4841; x_wconf 90' lang='lat' dir='ltr'><strong>pro</strong></span> <span class='ocrx_word' id='word_1_735' title='bbox 527 4774 808 4843; x_wconf 86' lang='lat' dir='ltr'><strong>temporali</strong></span> <span class='ocrx_word' id='word_1_736' title='bbox 831 4775 1122 4831; x_wconf 86' lang='lat' dir='ltr'><strong>securitate</strong></span> <span class='ocrx_word' id='word_1_737' title='bbox 1158 4785 1429 4846; x_wconf 82' lang='lat' dir='ltr'><strong>pugnatur</strong></span> <span class='ocrx_word' id='word_1_738' title='bbox 1475 4775 1516 4830; x_wconf 62' lang='grc' dir='ltr'><strong>ι.</strong></span> <span class='ocrx_word' id='word_1_739' title='bbox 1549 4759 1568 4829; x_wconf 67' lang='lat' dir='ltr'><strong>i</strong></span> <span class='ocrx_word' id='word_1_740' title='bbox 1617 4776 1770 4832; x_wconf 89' lang='lat' dir='ltr'><strong>Unde</strong></span> 
     </span>
    </p>
   </div>
   <div class='ocr_carea' id='block_1_96' title="bbox 175 4858 1772 4938">
    <p class='ocr_par' dir='ltr' id='par_1_96' title="bbox 175 4858 1772 4938">
     <span class='ocr_line' id='line_1_96' title="bbox 175 4858 1772 4938; baseline 0.003 -20"><span class='ocrx_word' id='word_1_741' title='bbox 175 4871 242 4918; x_wconf 83' lang='lat' dir='ltr'><strong>et</strong></span> <span class='ocrx_word' id='word_1_742' title='bbox 269 4858 534 4920; x_wconf 83' lang='lat' dir='ltr'><strong>Ysidorus</strong></span> <span class='ocrx_word' id='word_1_743' title='bbox 563 4865 754 4921; x_wconf 85' lang='lat' dir='ltr'><strong>scribit</strong></span> <span class='ocrx_word' id='word_1_744' title='bbox 779 4883 792 4918; x_wconf 89' lang='lat'><strong>:</strong></span> <span class='ocrx_word' id='word_1_745' title='bbox 828 4882 846 4915; x_wconf 76' lang='grc' dir='ltr'>ι</span> <span class='ocrx_word' id='word_1_746' title='bbox 878 4865 1155 4936; x_wconf 86' lang='lat' dir='ltr'><strong>Principes</strong></span> <span class='ocrx_word' id='word_1_747' title='bbox 1185 4883 1416 4938; x_wconf 89' lang='lat' dir='ltr'><strong>namque</strong></span> <span class='ocrx_word' id='word_1_748' title='bbox 1442 4867 1609 4924; x_wconf 90' lang='lat' dir='ltr'><strong>seculi</strong></span> <span class='ocrx_word' id='word_1_749' title='bbox 1638 4883 1772 4923; x_wconf 92' lang='lat' dir='ltr'><strong>non-</strong></span> 
     </span>
    </p>
   </div>
   <div class='ocr_carea' id='block_1_97' title="bbox 174 4953 1772 5029">
    <p class='ocr_par' dir='ltr' id='par_1_97' title="bbox 174 4953 1772 5029">
     <span class='ocr_line' id='line_1_97' title="bbox 174 4953 1772 5029; baseline 0.004 -23"><span class='ocrx_word' id='word_1_750' title='bbox 174 4966 490 5021; x_wconf 85' lang='lat' dir='ltr'><strong>numquam</strong></span> <span class='ocrx_word' id='word_1_751' title='bbox 529 4953 673 5015; x_wconf 88' lang='lat' dir='ltr'><strong>lntra</strong></span> <span class='ocrx_word' id='word_1_752' title='bbox 721 4955 1005 5012; x_wconf 87' lang='lat' dir='ltr'><strong>ecclesiam</strong></span> <span class='ocrx_word' id='word_1_753' title='bbox 1055 4958 1341 5027; x_wconf 81' lang='lat' dir='ltr'><strong>potestatis</strong></span> <span class='ocrx_word' id='word_1_754' title='bbox 1387 4960 1615 5029; x_wconf 90' lang='lat' dir='ltr'><strong>adeptae</strong></span> <span class='ocrx_word' id='word_1_755' title='bbox 1654 4959 1772 5016; x_wconf 93' lang='lat' dir='ltr'><strong>cul-</strong></span> 
     </span>
    </p>
   </div>
   <div class='ocr_carea' id='block_1_98' title="bbox 174 5041 1772 5118">
    <p class='ocr_par' dir='ltr' id='par_1_98' title="bbox 174 5041 1772 5118">
     <span class='ocr_line' id='line_1_98' title="bbox 174 5041 1772 5118; baseline 0.004 -22"><span class='ocrx_word' id='word_1_756' title='bbox 174 5041 342 5099; x_wconf 81' lang='lat' dir='ltr'><strong>mina</strong></span> <span class='ocrx_word' id='word_1_757' title='bbox 371 5050 573 5108; x_wconf 86' lang='lat' dir='ltr'><strong>tenent,</strong></span> <span class='ocrx_word' id='word_1_758' title='bbox 616 5051 676 5099; x_wconf 89' lang='lat' dir='ltr'><strong>ut</strong></span> <span class='ocrx_word' id='word_1_759' title='bbox 699 5059 796 5116; x_wconf 84' lang='lat' dir='ltr'><strong>per</strong></span> <span class='ocrx_word' id='word_1_760' title='bbox 819 5047 1044 5102; x_wconf 88' lang='lat' dir='ltr'><strong>eandem</strong></span> <span class='ocrx_word' id='word_1_761' title='bbox 1084 5055 1408 5116; x_wconf 87' lang='lat' dir='ltr'><strong>potestatem</strong></span> <span class='ocrx_word' id='word_1_762' title='bbox 1434 5047 1772 5118; x_wconf 89' lang='lat' dir='ltr'><strong>disciplinam</strong></span> 
     </span>
    </p>
   </div>
   <div class='ocr_carea' id='block_1_99' title="bbox 173 5133 1774 5205">
    <p class='ocr_par' dir='ltr' id='par_1_99' title="bbox 173 5133 1774 5205">
     <span class='ocr_line' id='line_1_99' title="bbox 173 5133 1774 5205; baseline 0.002 -15"><span class='ocrx_word' id='word_1_763' title='bbox 173 5133 618 5192; x_wconf 85' lang='lat' dir='ltr'><strong>ecclesiasticam</strong></span> <span class='ocrx_word' id='word_1_764' title='bbox 657 5138 922 5205; x_wconf 83' lang='lat' dir='ltr'><strong>muniant.</strong></span> <span class='ocrx_word' id='word_1_765' title='bbox 955 5138 1210 5195; x_wconf 90' lang='lat' dir='ltr'><strong>Ceterum</strong></span> <span class='ocrx_word' id='word_1_766' title='bbox 1250 5139 1393 5195; x_wconf 90' lang='lat' dir='ltr'><strong>intra</strong></span> <span class='ocrx_word' id='word_1_767' title='bbox 1434 5140 1718 5196; x_wconf 84' lang='lat' dir='ltr'><strong>ecclesiam</strong></span> <span class='ocrx_word' id='word_1_768' title='bbox 1753 5141 1774 5171; x_wconf 82' lang='grc'><strong><em>⁵</em></strong></span> 
     </span>
    </p>
   </div>
   <div class='ocr_carea' id='block_1_100' title="bbox 1868 4597 3461 4670">
    <p class='ocr_par' dir='ltr' id='par_1_100' title="bbox 1868 4597 3461 4670">
     <span class='ocr_line' id='line_1_100' title="bbox 1868 4597 3461 4670; baseline -0.006 -14"><span class='ocrx_word' id='word_1_769' title='bbox 1868 4601 2032 4658; x_wconf 77' lang='lat' dir='ltr'><strong>virtus</strong></span> <span class='ocrx_word' id='word_1_770' title='bbox 2057 4601 2122 4656; x_wconf 89' lang='lat' dir='ltr'><strong>ab</strong></span> <span class='ocrx_word' id='word_1_771' title='bbox 2146 4601 2423 4657; x_wconf 90' lang='lat' dir='ltr'><strong>altissimo.</strong></span> <span class='ocrx_word' id='word_1_772' title='bbox 2455 4601 2558 4668; x_wconf 86' lang='lat' dir='ltr'><strong>Qui</strong></span> <span class='ocrx_word' id='word_1_773' title='bbox 2579 4619 2680 4656; x_wconf 90' lang='lat' dir='ltr'><strong>non</strong></span> <span class='ocrx_word' id='word_1_774' title='bbox 2709 4600 3010 4659; x_wconf 85' lang='lat' dir='ltr'><strong>custodistis</strong></span> <span class='ocrx_word' id='word_1_775' title='bbox 3037 4598 3199 4670; x_wconf 83' lang='lat' dir='ltr'><strong>legem</strong></span> <span class='ocrx_word' id='word_1_776' title='bbox 3228 4597 3461 4651; x_wconf 85' lang='lat' dir='ltr'><strong>iustitiae</strong></span> 
     </span>
    </p>
   </div>
   <div class='ocr_carea' id='block_1_101' title="bbox 1870 4686 3461 4763">
    <p class='ocr_par' dir='ltr' id='par_1_101' title="bbox 1870 4686 3461 4763">
     <span class='ocr_line' id='line_1_101' title="bbox 1870 4686 3461 4763; baseline -0.004 -17"><span class='ocrx_word' id='word_1_777' title='bbox 1870 4708 2032 4763; x_wconf 87' lang='lat' dir='ltr'><strong>neque</strong></span> <span class='ocrx_word' id='word_1_778' title='bbox 2053 4693 2338 4748; x_wconf 88' lang='lat' dir='ltr'><strong>secundum</strong></span> <span class='ocrx_word' id='word_1_779' title='bbox 2363 4692 2678 4749; x_wconf 79' lang='lat' dir='ltr'><strong>voluntatem</strong></span> <span class='ocrx_word' id='word_1_780' title='bbox 2713 4693 2811 4747; x_wconf 88' lang='lat' dir='ltr'><strong>Dei</strong></span> <span class='ocrx_word' id='word_1_781' title='bbox 2838 4691 3167 4755; x_wconf 84' lang='lat' dir='ltr'><strong>ambulastis,</strong></span> <span class='ocrx_word' id='word_1_782' title='bbox 3205 4686 3461 4743; x_wconf 80' lang='lat' dir='ltr'><strong>horrende</strong></span> 
     </span>
    </p>
   </div>
   <div class='ocr_carea' id='block_1_102' title="bbox 1870 4778 3456 4854">
    <p class='ocr_par' dir='ltr' id='par_1_102' title="bbox 1870 4778 3456 4854">
     <span class='ocr_line' id='line_1_102' title="bbox 1870 4778 3456 4854; baseline -0.003 -19"><span class='ocrx_word' id='word_1_783' title='bbox 1870 4791 1918 4836; x_wconf 86' lang='lat' dir='ltr'><strong>et</strong></span> <span class='ocrx_word' id='word_1_784' title='bbox 1947 4783 2050 4838; x_wconf 90' lang='lat' dir='ltr'><strong>cito</strong></span> <span class='ocrx_word' id='word_1_785' title='bbox 2093 4782 2361 4854; x_wconf 87' lang='lat' dir='ltr'><strong>apparebit</strong></span> <span class='ocrx_word' id='word_1_786' title='bbox 2403 4784 2545 4838; x_wconf 78' lang='lat' dir='ltr'><strong>vobis</strong></span> <span class='ocrx_word' id='word_1_787' title='bbox 2577 4783 2864 4848; x_wconf 88' lang='lat' dir='ltr'><strong>Dominus,</strong></span> <span class='ocrx_word' id='word_1_788' title='bbox 2909 4783 3156 4853; x_wconf 90' lang='lat' dir='ltr'><strong>quoniam</strong></span> <span class='ocrx_word' id='word_1_789' title='bbox 3207 4778 3456 4834; x_wconf 86' lang='lat' dir='ltr'><strong>iuditium</strong></span> 
     </span>
    </p>
   </div>
   <div class='ocr_carea' id='block_1_103' title="bbox 1873 4867 3458 4944">
    <p class='ocr_par' dir='ltr' id='par_1_103' title="bbox 1873 4867 3458 4944">
     <span class='ocr_line' id='line_1_103' title="bbox 1873 4867 3458 4944; baseline -0.004 -18"><span class='ocrx_word' id='word_1_790' title='bbox 1873 4873 2216 4934; x_wconf 85' lang='lat' dir='ltr'><strong>durissimum</strong></span> <span class='ocrx_word' id='word_1_791' title='bbox 2259 4873 2316 4927; x_wconf 90' lang='lat' dir='ltr'><strong>in</strong></span> <span class='ocrx_word' id='word_1_792' title='bbox 2335 4873 2416 4927; x_wconf 80' lang='lat' dir='ltr'><strong>his</strong></span> <span class='ocrx_word' id='word_1_793' title='bbox 2464 4874 2552 4944; x_wconf 88' lang='lat' dir='ltr'><strong>qui</strong></span> <span class='ocrx_word' id='word_1_794' title='bbox 2601 4882 2849 4944; x_wconf 85' lang='lat' dir='ltr'><strong>praesunt</strong></span> <span class='ocrx_word' id='word_1_795' title='bbox 2895 4872 3010 4940; x_wconf 83' lang='lat' dir='ltr'><strong>ﬁat.</strong></span> <span class='ocrx_word' id='word_1_796' title='bbox 3066 4869 3274 4939; x_wconf 71' lang='lat' dir='ltr'><strong>Exiguo</strong></span> <span class='ocrx_word' id='word_1_797' title='bbox 3318 4867 3458 4922; x_wconf 83' lang='lat' dir='ltr'><strong>enim</strong></span> 
     </span>
    </p>
   </div>
   <div class='ocr_carea' id='block_1_104' title="bbox 1877 4961 3459 5033">
    <p class='ocr_par' dir='ltr' id='par_1_104' title="bbox 1877 4961 3459 5033">
     <span class='ocr_line' id='line_1_104' title="bbox 1877 4961 3459 5033; baseline -0.004 -17"><span class='ocrx_word' id='word_1_798' title='bbox 1877 4961 2180 5023; x_wconf 87' lang='lat' dir='ltr'><strong>conceditur</strong></span> <span class='ocrx_word' id='word_1_799' title='bbox 2225 4962 2604 5025; x_wconf 83' lang='lat' dir='ltr'><strong>misericordia,</strong></span> <span class='ocrx_word' id='word_1_800' title='bbox 2648 4971 2876 5033; x_wconf 83' lang='lat' dir='ltr'><strong>potentes</strong></span> <span class='ocrx_word' id='word_1_801' title='bbox 2907 4961 3045 5015; x_wconf 87' lang='lat' dir='ltr'><strong>enim</strong></span> <span class='ocrx_word' id='word_1_802' title='bbox 3079 4966 3314 5029; x_wconf 87' lang='lat' dir='ltr'><strong>potenter</strong></span> <span class='ocrx_word' id='word_1_803' title='bbox 3349 4963 3459 5009; x_wconf 88' lang='lat' dir='ltr'><strong>tor-</strong></span> 
     </span>
    </p>
   </div>
   <div class='ocr_carea' id='block_1_105' title="bbox 1875 5045 3462 5122">
    <p class='ocr_par' dir='ltr' id='par_1_105' title="bbox 1875 5045 3462 5122">
     <span class='ocr_line' id='line_1_105' title="bbox 1875 5045 3462 5122; baseline -0.005 -16"><span class='ocrx_word' id='word_1_804' title='bbox 1875 5062 2050 5106; x_wconf 88' lang='lat' dir='ltr'><strong>menta</strong></span> <span class='ocrx_word' id='word_1_805' title='bbox 2071 5053 2370 5122; x_wconf 88' lang='lat' dir='ltr'><strong>paciuntur.</strong></span> <span class='ocrx_word' id='word_1_806' title='bbox 2400 5051 2525 5106; x_wconf 87' lang='lat' dir='ltr'><strong>Non</strong></span> <span class='ocrx_word' id='word_1_807' title='bbox 2544 5053 2683 5106; x_wconf 88' lang='lat' dir='ltr'><strong>enim</strong></span> <span class='ocrx_word' id='word_1_808' title='bbox 2708 5050 2972 5106; x_wconf 80' lang='lat' dir='ltr'><strong>subtrahet</strong></span> <span class='ocrx_word' id='word_1_809' title='bbox 2988 5062 3260 5119; x_wconf 87' lang='lat' dir='ltr'><strong>personam</strong></span> <span class='ocrx_word' id='word_1_810' title='bbox 3285 5045 3462 5099; x_wconf 84' lang='lat' dir='ltr'><strong>cuius-</strong></span> 
     </span>
    </p>
   </div>
   <div class='ocr_carea' id='block_1_106' title="bbox 1873 5139 3461 5213">
    <p class='ocr_par' dir='ltr' id='par_1_106' title="bbox 1873 5139 3461 5213">
     <span class='ocr_line' id='line_1_106' title="bbox 1873 5139 3461 5213; baseline -0.016 0"><span class='ocrx_word' id='word_1_811' title='bbox 1873 5160 2032 5213; x_wconf 71' lang='grc' dir='ltr'><strong>(ικαηι</strong></span> <span class='ocrx_word' id='word_1_812' title='bbox 2092 5143 2348 5202; x_wconf 85' lang='lat' dir='ltr'><strong>Dominus</strong></span> <span class='ocrx_word' id='word_1_813' title='bbox 2374 5184 2389 5210; x_wconf 97' lang='lat'><strong>,</strong></span> <span class='ocrx_word' id='word_1_814' title='bbox 2457 5160 2548 5206; x_wconf 81' lang='lat' dir='ltr'><strong>nec</strong></span> <span class='ocrx_word' id='word_1_815' title='bbox 2606 5141 2918 5206; x_wconf 84' lang='lat' dir='ltr'><strong>reverebitur</strong></span> <span class='ocrx_word' id='word_1_816' title='bbox 2980 5139 3287 5208; x_wconf 82' lang='lat' dir='ltr'><strong>cuiusquam</strong></span> <span class='ocrx_word' id='word_1_817' title='bbox 3345 5152 3461 5188; x_wconf 87' lang='lat' dir='ltr'><strong>ma—</strong></span> 
     </span>
    </p>
   </div>
   <div class='ocr_carea' id='block_1_107' title="bbox 1436 5269 2256 5335">
    <p class='ocr_par' dir='ltr' id='par_1_107' title="bbox 1436 5269 2256 5335">
     <span class='ocr_line' id='line_1_107' title="bbox 1436 5269 2256 5335; baseline -0.002 -9"><span class='ocrx_word' id='word_1_818' title='bbox 1436 5269 1835 5326; x_wconf 78' lang='lat' dir='ltr'><strong>VARIANTES.</strong></span> <span class='ocrx_word' id='word_1_819' title='bbox 1852 5269 2256 5335; x_wconf 72' lang='lat' dir='ltr'><strong>LECTIONES.</strong></span> 
     </span>
    </p>
   </div>
   <div class='ocr_carea' id='block_1_108' title="bbox 268 5381 1473 5451">
    <p class='ocr_par' dir='ltr' id='par_1_108' title="bbox 268 5381 1473 5451">
     <span class='ocr_line' id='line_1_108' title="bbox 268 5381 1473 5451; baseline 0.007 -16"><span class='ocrx_word' id='word_1_820' title='bbox 268 5384 286 5414; x_wconf 81' lang='lat'><strong>&#39;</strong></span> <span class='ocrx_word' id='word_1_821' title='bbox 311 5381 577 5451; x_wconf 87' lang='lat' dir='ltr'><strong>promissa</strong></span> <span class='ocrx_word' id='word_1_822' title='bbox 600 5399 646 5435; x_wconf 90' lang='lat' dir='ltr'><strong>c.</strong></span> <span class='ocrx_word' id='word_1_823' title='bbox 723 5384 743 5413; x_wconf 84' lang='lat'>&#39;</span> <span class='ocrx_word' id='word_1_824' title='bbox 771 5384 910 5444; x_wconf 84' lang='lat' dir='ltr'><strong>deest</strong></span> <span class='ocrx_word' id='word_1_825' title='bbox 955 5403 1002 5440; x_wconf 79' lang='grc' dir='ltr'><em>ε.</em></span> <span class='ocrx_word' id='word_1_826' title='bbox 1081 5386 1387 5442; x_wconf 71' lang='grc' dir='ltr'><strong>ἐοηεῐίιυε</strong></span> <span class='ocrx_word' id='word_1_827' title='bbox 1426 5402 1473 5444; x_wconf 80' lang='lat' dir='ltr'><strong>c.</strong></span> 
     </span>
    </p>
   </div>
   <div class='ocr_carea' id='block_1_109' title="bbox 184 5472 789 5530">
    <p class='ocr_par' dir='ltr' id='par_1_109' title="bbox 184 5472 789 5530">
     <span class='ocr_line' id='line_1_109' title="bbox 184 5472 789 5530; baseline -0.002 0"><span class='ocrx_word' id='word_1_828' title='bbox 184 5475 302 5530; x_wconf 76' lang='lat' dir='ltr'><strong>lein</strong></span> <span class='ocrx_word' id='word_1_829' title='bbox 339 5488 387 5526; x_wconf 92' lang='lat' dir='ltr'><strong>c.</strong></span> <span class='ocrx_word' id='word_1_830' title='bbox 507 5472 711 5529; x_wconf 89' lang='lat' dir='ltr'><strong>iucredi</strong></span> <span class='ocrx_word' id='word_1_831' title='bbox 743 5491 789 5529; x_wconf 90' lang='lat' dir='ltr'><strong>c.</strong></span> 
     </span>
    </p>
   </div>
   <div class='ocr_carea' id='block_1_110' title="bbox 1569 5383 2042 5454">
    <p class='ocr_par' dir='ltr' id='par_1_110' title="bbox 1569 5383 2042 5454">
     <span class='ocr_line' id='line_1_110' title="bbox 1569 5383 2042 5454; baseline -0.004 -16"><span class='ocrx_word' id='word_1_832' title='bbox 1569 5383 1591 5415; x_wconf 76' lang='grc'><strong>⁸</strong></span> <span class='ocrx_word' id='word_1_833' title='bbox 1619 5392 1880 5454; x_wconf 88' lang='lat' dir='ltr'><strong>purgatur</strong></span> <span class='ocrx_word' id='word_1_834' title='bbox 1927 5384 2042 5439; x_wconf 91' lang='lat' dir='ltr'><strong>cod.</strong></span> 
     </span>
    </p>
   </div>
   <div class='ocr_carea' id='block_1_111' title="bbox 2135 5379 3456 5455">
    <p class='ocr_par' dir='ltr' id='par_1_111' title="bbox 2135 5379 3456 5455">
     <span class='ocr_line' id='line_1_111' title="bbox 2135 5379 3456 5455; baseline -0.002 -15"><span class='ocrx_word' id='word_1_835' title='bbox 2135 5385 2154 5416; x_wconf 86' lang='lat'>&#39;</span> <span class='ocrx_word' id='word_1_836' title='bbox 2181 5386 2553 5455; x_wconf 73' lang='lat' dir='ltr'><strong>potestatis...</strong></span> <span class='ocrx_word' id='word_1_837' title='bbox 2581 5383 2863 5442; x_wconf 88' lang='lat' dir='ltr'><strong>ecclesiam</strong></span> <span class='ocrx_word' id='word_1_838' title='bbox 2895 5386 3080 5443; x_wconf 79' lang='lat' dir='ltr'><strong>desunt</strong></span> <span class='ocrx_word' id='word_1_839' title='bbox 3127 5397 3176 5439; x_wconf 92' lang='lat' dir='ltr'><strong>c.</strong></span> <span class='ocrx_word' id='word_1_840' title='bbox 3254 5379 3274 5412; x_wconf 79' lang='grc'><strong><em>⁸</em></strong></span> <span class='ocrx_word' id='word_1_841' title='bbox 3307 5395 3456 5453; x_wconf 80' lang='lat' dir='ltr'><strong>rega-</strong></span> 
     </span>
    </p>
   </div>
   <div class='ocr_carea' id='block_1_112' title="bbox 1717 5563 1946 5620">
    <p class='ocr_par' dir='ltr' id='par_1_112' title="bbox 1717 5563 1946 5620">
     <span class='ocr_line' id='line_1_112' title="bbox 1717 5563 1946 5620; baseline -0.009 0"><span class='ocrx_word' id='word_1_842' title='bbox 1717 5563 1922 5620; x_wconf 58' lang='lat' dir='ltr'><strong>NOTAE</strong></span> <span class='ocrx_word' id='word_1_843' title='bbox 1935 5605 1946 5618; x_wconf 94' lang='lat'><strong>.</strong></span> 
     </span>
    </p>
   </div>
   <div class='ocr_carea' id='block_1_113' title="bbox 261 5645 846 5720">
    <p class='ocr_par' dir='ltr' id='par_1_113' title="bbox 261 5645 846 5720">
     <span class='ocr_line' id='line_1_113' title="bbox 261 5645 846 5720; baseline 0.005 -20"><span class='ocrx_word' id='word_1_844' title='bbox 261 5659 291 5720; x_wconf 59' lang='grc' dir='ltr'><strong>ξι</strong></span> <span class='ocrx_word' id='word_1_845' title='bbox 323 5645 406 5720; x_wconf 61' lang='lat' dir='ltr'><strong>(Si.</strong></span> <span class='ocrx_word' id='word_1_846' title='bbox 439 5663 498 5710; x_wconf 81' lang='lat' dir='ltr'><strong>il,</strong></span> <span class='ocrx_word' id='word_1_847' title='bbox 528 5648 576 5712; x_wconf 85' lang='lat' dir='ltr'><strong>l,</strong></span> <span class='ocrx_word' id='word_1_848' title='bbox 609 5665 662 5720; x_wconf 90' lang='lat' dir='ltr'><strong>p.</strong></span> <span class='ocrx_word' id='word_1_849' title='bbox 699 5649 846 5705; x_wconf 77' lang='lat' dir='ltr'><strong>l636.</strong></span> 
     </span>
    </p>
   </div>
   <div class='ocr_carea' id='block_1_114' title="bbox 263 5717 569 5784">
    <p class='ocr_par' dir='ltr' id='par_1_114' title="bbox 263 5717 569 5784">
     <span class='ocr_line' id='line_1_114' title="bbox 263 5717 569 5784; baseline -0.013 -10"><span class='ocrx_word' id='word_1_850' title='bbox 263 5718 294 5757; x_wconf 73' lang='grc' dir='ltr'>δ</span> <span class='ocrx_word' id='word_1_851' title='bbox 325 5717 365 5774; x_wconf 91' lang='lat' dir='ltr'><strong>I.</strong></span> <span class='ocrx_word' id='word_1_852' title='bbox 396 5732 469 5784; x_wconf 88' lang='lat' dir='ltr'><strong>e.,</strong></span> <span class='ocrx_word' id='word_1_853' title='bbox 496 5726 569 5772; x_wconf 89' lang='lat' dir='ltr'><strong>at.</strong></span> 
     </span>
    </p>
   </div>
   <div class='ocr_carea' id='block_1_115' title="bbox 1959 5656 2264 5719">
    <p class='ocr_par' dir='ltr' id='par_1_115' title="bbox 1959 5656 2264 5719">
     <span class='ocr_line' id='line_1_115' title="bbox 1959 5656 2264 5719; baseline 0 -11"><span class='ocrx_word' id='word_1_854' title='bbox 1959 5668 1977 5694; x_wconf 71' lang='grc' dir='ltr'><strong><em>ο</em></strong></span> <span class='ocrx_word' id='word_1_855' title='bbox 2009 5656 2048 5708; x_wconf 91' lang='grc' dir='ltr'><strong>ῐ.</strong></span> <span class='ocrx_word' id='word_1_856' title='bbox 2076 5671 2148 5719; x_wconf 89' lang='lat' dir='ltr'><strong>e.,</strong></span> <span class='ocrx_word' id='word_1_857' title='bbox 2180 5657 2264 5711; x_wconf 92' lang='lat' dir='ltr'><strong>ad.</strong></span> 
     </span>
    </p>
   </div>
   <div class='ocr_carea' id='block_1_116' title="bbox 1960 5726 2447 5796">
    <p class='ocr_par' dir='ltr' id='par_1_116' title="bbox 1960 5726 2447 5796">
     <span class='ocr_line' id='line_1_116' title="bbox 1960 5726 2447 5796; baseline 0 -14"><span class='ocrx_word' id='word_1_858' title='bbox 1960 5727 1982 5764; x_wconf 75' lang='grc' dir='ltr'>ά</span> <span class='ocrx_word' id='word_1_859' title='bbox 2016 5727 2078 5792; x_wconf 83' lang='grc' dir='ltr'><strong>ιι,</strong></span> <span class='ocrx_word' id='word_1_860' title='bbox 2111 5726 2164 5791; x_wconf 80' lang='lat'><strong>2,</strong></span> <span class='ocrx_word' id='word_1_861' title='bbox 2193 5742 2244 5796; x_wconf 74' lang='grc' dir='ltr'><strong>ρ.</strong></span> <span class='ocrx_word' id='word_1_862' title='bbox 2293 5727 2447 5782; x_wconf 79' lang='grc'><strong>1659.</strong></span> 
     </span>
    </p>
   </div>
  </div>
