3992 6344
544 338 648 395 6‘27

1342 326 1404 391 Β.
1446 334 1697 394 CAROLI
1736 336 1950 395 MAGNI
1989 339 2140 395 OPP.
2182 339 2362 412 PARS
2400 343 2440 398 Ι.
2483 342 2726 402 SECTIO
2765 342 2992 425 PRIMA.

3738 347 3867 405 ϐπ

543 457 889 533 gnitudinan.
932 454 1197 524 Quoniam
1242 454 1492 527 pusillum
1538 464 1586 510 et
1626 471 1875 527 magnum
1918 455 2026 526 ipse
2062 455 2137 525 fe—
2165 461 2215 520 Α
2241 455 2350 513 lum
2376 458 2790 531 omnitempore,
2818 458 3064 530 quicquid
3091 468 3265 513 autem
3310 458 3482 513 maius
3510 458 3669 530 fuerit
3712 461 3868 533 refe-

543 550 636 615 cit,
690 556 739 604 et
790 546 1045 619 equaliter
1085 562 1180 617 pro
1232 546 1472 602 omnibus
1516 564 1644 603 cura
1684 557 1760 604 est
1805 546 1904 602 illi.
1936 548 2136 605 Extant

541 648 599 695 et
653 639 758 696 alia
817 638 1100 693 innumera
1158 645 1468 693 sanctarum
1531 638 1925 707 scripturarum
1988 639 2004 669 '
2056 646 2136 697 te-

542 732 799 787 stimonia
841 729 992 802 regio
1018 729 1226 786 nomini
1249 736 1306 785 et
1328 728 1508 789 ollicio
1535 712 1934 795 convenientia,
1974 745 2137 801 super

540 824 740 894 quibus
763 821 1082 893 colligendis
1107 828 1290 878 vestra
1312 830 1502 877 sancta
1533 821 1748 877 devotio
1776 821 1980 877 idcirco
2023 837 2138 876 ma-

539 931 706 988 gnum
752 913 911 977 nobis
951 913 1156 975 ademit
1182 913 1445 981 laborem,
1485 928 1551 970 eo
1576 913 1720 994 quod
1741 913 1924 968 divina
1961 912 2137 984 gratia

460 1022 465 1033 '
544 1009 682 1065 adeo
721 1015 801 1079 tut
848 1007 1110 1064 virtutum
1157 1006 1801 1079 pnerogstivis‘vestrum
1847 1005 2138 1076 repleverit

542 1104 770 1170 aninum
814 1110 868 1159 et
915 1100 1191 1170 ornaverit
1214 1100 1557 1177 dignitatem,
1584 1108 1642 1157 ut
1662 1116 1772 1165 non
1814 1100 1887 1156 sit
1913 1113 2139 1156 necesse

539 1194 917 1257 sacerdotibus
940 1192 1155 1267 Domini
1197 1191 1589 1267 eopiosiuribus
1613 1191 1877 1263 exemplis
1903 1206 1969 1247 ac
1995 1206 2134 1263 qua-

535 1284 672 1341 libet
698 1283 1086 1359 exageratioqe
1109 1290 1347 1338 vestrum
1383 1282 1626 1338 animum
1655 1296 1904 1355 onerare.
1955 1280 2141 1349 Quare.

534 1377 664 1447 quia
689 1377 800 1433 Deo
822 1375 1178 1446 omnipotenti
1198 1375 1405 1451 gratias
1422 1375 1696 1431 uberimas
1719 1390 1783 1431 ac
1805 1373 2135 1445 multiplices

535 1468 840 1534 referimus,
866 1470 959 1540 qui
982 1470 1058 1525 ita
1079 1484 1177 1525 vos
1196 1470 1285 1540 pia
1310 1469 1588 1540 religione,
1605 1476 1796 1526 sancta
1819 1468 2129 1536 devotione,

533 1564 767 1635 benigna
794 1562 1123 1640 humilitate,
1147 1576 1334 1621 amore
1356 1562 1619 1629 iustitiae,
1639 1562 1896 1632 operibus
1923 1561 2135 1618 miseri-

539 1658 776 1721 cordiae,
830 1664 1244 1726 ceterarumque
1287 1662 1604 1733 sanctarum
1653 1656 1916 1711 virtutum
1948 1652 2128 1727 perle-

535 1746 719 1817 ctione
737 1760 837 1817 sua
861 1745 1101 1823 gratuita
1124 1745 1328 1815 pietate
1356 1745 1570 1812 ditavit,
1605 1753 1666 1801 ut
1689 1746 1886 1801 merito
1914 1746 1983 1801 ab
2003 1760 2124 1801 om-

2240 557 2360 603 rant
2386 548 2457 603 ad
2490 558 2560 617 te,
2598 558 2651 604 et.
2684 550 2784 621 ipsi
2811 550 3017 603 minora
3055 548 3416 602 tantummodo
3454 548 3733 619 iudicent;
3784 552 3866 609 le-

2237 639 2449 713 viusque
2473 640 2566 695 tibi
2594 641 2683 719 sit,
2708 641 2903 709 partito
2938 640 2995 708 in
3027 639 3160 695 alios
3199 658 3374 711 onere.
3407 639 3471 697 Si
3497 643 3598 696 hoc
3634 643 3864 715 feceris,

2236 729 2473 797 implebis
2521 733 2798 803 imperium
2846 731 3083 807 Domini,
3107 741 3154 787 et
3186 741 3462 803 praecepta
3489 733 3604 787 eius
3647 737 3865 806 poteris

2237 832 2552 877 sustentare.
2580 822 2733 880 Unde
2759 831 2813 879 et
2864 824 2918 880 in
2954 823 3095 880 libro
3145 823 3551 880 Deutenonomii
3583 843 3597 879 :
3630 825 3863 883 Iudices

2238 916 2427 987 inquid
2448 928 2496 973 et
2520 922 2799 992 magistros
2838 923 3123 978 constitues
3147 924 3204 978 in
3244 923 3491 978 omnibus
3535 925 3712 996 portis
3753 928 3863 981 tuis

2234 1024 2366 1081 quas
2392 1008 2635 1089 dominus
2663 1009 2803 1065 Deus
2847 1019 2970 1083 tuus
3012 1011 3215 1066 dederit
3246 1012 3338 1067 tibi
3362 1030 3456 1084 per
3487 1013 3734 1085 singulas
3763 1025 3861 1069 tn-

2196 1094 2209 1103 ’
2237 1097 2332 1154 ltus
2357 1098 2378 1129 ³
2399 1108 2538 1163 tuas,
2566 1109 2620 1165 ut
2637 1094 2867 1177 iudicent
2888 1100 3144 1173 pupulum
3162 1102 3299 1167 iusto
3319 1103 3529 1172 iuditio,
3556 1123 3650 1159 nec
3669 1105 3735 1158 in
3757 1105 3861 1163 alia

2234 1206 2391 1261 quam
2413 1201 2617 1262 partem
2638 1190 2921 1247 declinent.
2948 1193 3077 1249 Item
3107 1194 3181 1266 ibi
3207 1209 3223 1249 :
3246 1192 3475 1266 Dixique
3497 1197 3639 1251 vobis
3666 1197 3732 1251 in
3764 1196 3856 1253 illo

2234 1266 2483 1351 tempore,
2520 1298 2625 1336 non
2648 1298 2862 1353 possum
2890 1281 3034 1338 solus
3056 1272 3315 1341 sustinere
3346 1302 3452 1352 vos,
3474 1288 3741 1358 quoniam
3764 1288 3858 1343 do-

2234 1371 2409 1426 minus
2437 1369 2575 1426 Deus
2598 1380 2761 1426 vester
2782 1372 3142 1445 multiplicauit
3169 1391 3275 1454 vos,
3302 1383 3351 1447 et
3383 1377 3504 1454 estis
3525 1377 3697 1447 laodie
3720 1381 3855 1434 sicut

2234 1463 2414 1519 stellae
2435 1464 2533 1520 celi
2557 1464 2851 1538 plurimae;
2877 1466 3124 1534 dominus
3144 1447 3287 1525 Deus
3307 1447 3515 1540 patrum
3540 1481 3851 1526 nostrorum

2234 1554 2400 1637 addat
2429 1556 2499 1610 ad
2525 1556 2664 1619 hunc
2694 1574 2975 1637 numerum
3009 1558 3176 1616 multa
3207 1559 3378 1629 milia,
3409 1572 3458 1618 et
3494 1561 3665 1632 faciet
3714 1565 3849 1620 vobis

2232 1648 2369 1703 sicut
2390 1647 2595 1704 locutus
2628 1658 2725 1705 est.
2754 1648 2880 1706 Non
2904 1649 3047 1706 valeo
3065 1650 3212 1728 solus
3246 1662 3415 1709 vestra
3436 1655 3653 1728 negotia
3693 1658 3851 1717 sustio

2234 1754 2356 1798 nere
2376 1748 2424 1793 et
2454 1740 2661 1818 pondus
2685 1749 2734 1795 et
2760 1741 2955 1814 iurgia.
2993 1741 3130 1827 Date
3153 1759 3182 1799 e
3210 1726 3361 1814 vobis
3409 1745 3549 1816 viros
3583 1726 3849 1817 sapientes

534 1836 699 1893 nibus
721 1836 938 1891 amandi
980 1820 1042 1892 et
1078 1836 1326 1892 imitandi
1352 1835 1493 1891 sitis.
1524 1836 1724 1891 Verum
1767 1835 1913 1906 quod
1942 1850 2055 1918 nos
2087 1836 2135 1893 si
2169 1820 2213 1883 Β
2239 1840 2286 1886 ει
2312 1848 2529 1902 gnaroa,
2553 1842 2602 1888 et
2622 1850 2845 1905 quorum
2869 1820 3192 1903 conversatio
3222 1835 3288 1905 sit
3329 1835 3549 1913 probata
3577 1836 3639 1890 in
3686 1837 3847 1891 tribu-

531 1927 673 1983 haec
698 1927 856 1993 vobis
879 1926 1113 2003 caelitus
1134 1927 1395 1982 attributa
1417 1942 1528 1997 non
1567 1925 1823 1997 fuissent,
1848 1941 1974 1981 cum
2011 1933 2141 1981 tem-

531 2018 708 2091 porali
749 2019 990 2091 periculo
1033 2027 1256 2090 propter
1290 2019 1675 2092 auctoritatem
1720 2018 2008 2079 ministerii
2045 2034 2140 2075 no-

533 2111 635 2167 stri
657 2125 753 2167 vos
773 2109 841 2166 ad
856 2125 921 2165 ea
942 2110 1249 2186 peragenda
1268 2110 1585 2189 admonere,
1610 2110 1778 2166 immo
1798 2109 2139 2181 admonendo

540 2201 760 2272 exigere
798 2216 831 2257 a
856 2202 1031 2267 vobis,
1058 2201 1301 2272 quolibet
1341 2202 1502 2258 modo
1532 2194 1922 2270 dabueramus;
1965 2217 2064 2260 vos
2105 2217 2138 2260 e
2172 2252 2175 2255 .

539 2301 731 2366 contra
774 2304 999 2366 propter
1024 2294 1267 2359 divinum
1311 2308 1552 2351 amorem
1580 2302 1636 2350 et
1680 2293 1942 2365 honorem
1985 2295 2136 2365 pium

533 2391 973 2459 oportunumque
1009 2385 1339 2442 adiutorium
1393 2386 1555 2451 nobis~
1599 2383 1742 2439 ferre
1782 2384 2137 2441 devotissime

535 2478 765 2553 curatis,
790 2476 1025 2533 Proinde
1045 2475 1365 2533 humillimis
1390 2476 1646 2547 precibus
1679 2475 1992 2556 specialiter
2012 2475 2132 2556 pie-

529 2567 632 2636 tati
655 2552 838 2625 vestro
861 2568 1223 2638 suggerimus,
1266 2575 1327 2622 ut
1347 2555 1550 2623 bonum
1574 2552 1721 2637 quod
1740 2567 1989 2641 cepistis,
2016 2552 2132 2625 Deo

530 2657 833 2732 opitulante
858 2656 1226 2731 indesinenter
1262 2654 1527 2726 perlicere
1571 2671 1681 2711 non
1708 2656 2034 2725 gravemini,
2074 2664 2131 2717 et

530 2747 587 2813 in
614 2744 977 2822 adimpleqdis
993 2746 1250 2825 operibus
1276 2746 1518 2802 iustitiae
1542 2753 1594 2799 et
1616 2745 1837 2816 pietatis
1860 2762 1927 2803 ac
1967 2747 2131 2819 mise-

529 2835 800 2893 ricordiae
819 2836 1125 2908 nullatenus
1148 2836 1442 2902 deﬁciatis;
1461 2836 1722 2906 quoniam
1745 2851 1852 2892 non
1876 2836 2131 2895 inchoau-

531 2929 678 3007 iihus
720 2929 814 2986 sed
838 2914 1314 3007 perseverantibus
1341 2931 1644 3000 praemium
1683 2938 1943 2987 aeternae
1982 2930 2130 2986 vitae

529 3021 708 3091 datur,
737 3029 793 3078 et
814 3022 965 3077 iuxta
986 3022 1235 3079 veritatis
1259 3037 1448 3099 vocem
1483 3022 1571 3097 qui
1598 3022 2000 3092 perseveraverit
2038 3038 2125 3078 us-

529 3128 631 3196 que
656 3113 713 3168 in
733 3112 919 3193 finem,
942 3112 1026 3168 ltic
1048 3111 1223 3168 salvus
1247 3102 1369 3184 erit.
1508 3116 1514 3122 ’

2241 1919 2336 1977 bus
2373 1924 2572 1979 vestris.
2599 1923 2706 1980 Sed
2732 1924 2788 1979 in
2821 1925 2961 1981 libro
2980 1924 3432 1996 Paralipomenon
3477 1926 3555 1989 ita
3601 1927 3844 1999 legitur:

2240 2011 2627 2087 Constituitque
2671 2032 2764 2072 rea:
2806 2015 3059 2087 Iosophat
3087 2016 3292 2070 iudices
3335 2025 3506 2071 terrae
3552 2018 3618 2072 in
3648 2019 3843 2072 cunctis

2239 2104 2532 2159 civitatibus
2576 2102 2715 2160 Iuda
2740 2107 2956 2160 munitis
2982 2123 3075 2178 per
3101 2105 3313 2177 singula
3353 2104 3492 2173 loca,
3534 2117 3590 2162 et
3644 2109 3845 2178 praeci-

2234 2196 2383 2269 piens
2409 2196 2702 2254 iuditibus:
2741 2196 2919 2252 Videte
2945 2198 3019 2252 ait
3061 2198 3187 2270 quid
3214 2197 3410 2268 facitis,
3438 2215 3543 2253 non
3569 2200 3718 2253 enim
3758 2201 3842 2254 ho-

2235 2289 2393 2359 minis
2434 2290 2684 2345 exercetis
2713 2288 2986 2367 iuditium,
3006 2280 3097 2344 sed
3133 2288 3370 2355 Domini,
3396 2299 3444 2345 et
3472 2290 3840 2363 quodcumque

2234 2382 2609 2453 iudicaveritis,
2633 2382 2690 2437 in
2711 2370 2800 2438 vos
2825 2369 3161 2450 redundabit.
3188 2380 3271 2446 Sit
3293 2382 3452 2436 timor
3490 2380 3715 2437 Domini
3757 2399 3836 2437 vo-

2234 2454 2454 2540 biscum,
2485 2481 2533 2527 et
2551 2463 2670 2542 cum
2696 2471 2972 2544 diligentia
2994 2482 3183 2527 cuncta
3218 2465 3398 2542 facite.
3428 2470 3551 2526 Non
3574 2472 3719 2527 enim
3764 2481 3833 2527 est

2232 2550 2375 2634 apud
2416 2563 2688 2619 dominum
2713 2563 2882 2620 Deum
2910 2574 3136 2631 vestrum
3165 2563 3439 2635 iniquitas,
3468 2580 3560 2618 nec
3580 2580 3831 2634 persona-

2233 2673 2350 2721 rum
2377 2658 2628 2728 acceptio,
2657 2674 2750 2713 nec
2776 2657 2967 2729 cupido
2998 2642 3295 2729 munerum,
3321 2655 3596 2729 Rogamus
3621 2656 3649 2695 δ
3665 2657 3830 2712 etiam

2231 2741 2467 2805 vestram
2506 2750 2764 2821 pietatem
2792 2740 3016 2823 propter
3040 2735 3305 2819 divinam
3327 2747 3752 2810 misericordiam
3804 2747 3827 2779 ⁸

2229 2828 2574 2917 vestramque
2617 2840 2844 2899 salutem
2873 2824 2941 2897 ac
2968 2840 3134 2896 totius
3174 2831 3361 2912 populi
3398 2839 3675 2895 utilitatem
3718 2853 3826 2900 nec

2227 2948 2338 3000 non
2371 2941 2427 2989 et
2466 2933 2621 3011 regni
2647 2934 2911 2991 honorem
2946 2942 3107 3004 atque
3141 2933 3515 2999 stabilitatem,
3541 2940 3604 2988 ut
3645 2941 3826 2989 vestra

2226 3027 2403 3111 pictas
2428 3016 2865 3111 sollertissimam
2890 3026 3229 3111 vigilantiam
3255 3014 3531 3092 adhibeat,
3574 3028 3825 3097 quatinus

2229 3108 2527 3205 consiliarii
2549 3126 2604 3175 et
2632 3106 2915 3199 dignitatis
2937 3106 3152 3205 vestrae
3200 3118 3437 3175 ministri
3472 3118 3826 3190 custodesque

552 3194 559 3205 ἵ
600 3204 656 3280 2.
678 3203 883 3261 lterum
911 3217 937 3247 ιι
961 3205 1230 3270 monendo
1256 3204 1623 3291 magnitudini»
1641 3210 1853 3286 vestrae
1874 3202 2128 3288 supplici-
2153 3194 2201 3258 Ο
2233 3196 2447 3267 animae
2494 3194 2713 3267 vestrae
2752 3216 2808 3267 et
2851 3194 3118 3282 corporis,
3146 3209 3245 3291 qui
3265 3203 3466 3265 debent
3509 3224 3640 3266 esse
3695 3210 3823 3266 intra

529 3304 615 3368 ter
640 3297 998 3372 suggerimus,
1024 3305 1085 3353 ut
1109 3298 1362 3368 deinceps
1384 3292 1443 3353 in
1462 3288 1623 3355 bonis
1632 3297 1939 3368 pastoribus
1952 3302 2126 3352 recto-

530 3390 786 3461 ribusqqe
810 3390 865 3443 in
902 3386 1148 3458 ecclesiis
1174 3387 1271 3459 Dei
1294 3389 1703 3461 constituendis,
1733 3403 1991 3461 magnum
2019 3396 2127 3446 stu-

530 3481 679 3539 dium
729 3488 891 3553 atque
929 3470 1362 3553 sollertissimam
1400 3480 1702 3538 adhibentis
1732 3494 1939 3547 curam.
1987 3478 2126 3547 Quia

528 3572 576 3629 si
604 3571 763 3642 aliter
795 3562 998 3645 factum
1042 3569 1221 3649 fuerit,
1267 3581 1323 3627 et
1357 3572 1492 3628 ordo
1516 3572 1920 3630 ecclesiasticus
1944 3562 1947 3565 ’
1970 3586 2124 3629 suam

528 3676 638 3717 non
666 3660 886 3725 habebit
910 3654 1248 3745 dignitatem,
1277 3670 1334 3719 et
1356 3662 1547 3745 religio
1571 3663 1870 3743 christiana
1896 3663 1955 3733 in
1988 3663 2127 3721 mul-

526 3751 601 3807 tis
634 3736 1011 3810 labefactanda
1038 3752 1268 3825 dampna
1298 3736 1609 3813 detrimenti
1652 3738 1738 3811 sui
1781 3754 2043 3826 pacietur,
2070 3763 2128 3813 et

530 3842 746 3898 animae
770 3848 1002 3908 vestrae,
1030 3845 1305 3915 quodnon
1324 3851 1595 3923 optamus,
1624 3844 1922 3922 periculum
1960 3861 2127 3926 gene-

530 3932 759 3989 rabitur.
1378 3944 1383 3950 ’
1644 3944 1650 3951 ‘

601 4026 655 4083 5.
688 4026 950 4085 Similiter
974 4029 1004 4071 δ
1027 4029 1386 4101 deposcunus,
1420 4038 1481 4088 ut
1515 4030 1571 4105 in
1605 4031 1894 4109 abbatissis
1931 4033 2127 4101 consti-

527 4120 744 4206 tuendis
766 4128 1005 4177 vestrum
1034 4114 1273 4206 caveatis
1299 4123 1628 4205 periculum;
1660 4123 1799 4206 sicut
1820 4116 1975 4181 vobis
1998 4139 2125 4206 sepe

526 4189 614 4266 es't
635 4212 993 4291 admonitum,
1015 4189 1071 4269 et
1090 4189 1188 4291 per
1209 4189 1449 4289 divinam
1475 4189 1855 4291 auctoritatem
1880 4189 2125 4272 crebriils

529 4288 958 4382 manifestarium.
990 4290 995 4299 ’
1103 4288 1110 4302 ’
1318 4294 1321 4301 ’

596 4395 653 4451 4.
693 4394 802 4461 Sed
829 4408 851 4437 ο
883 4405 939 4453 et
965 4397 1068 4455 hoc
1093 4398 1411 4471 obscramus
1448 4400 1492 4477 '_,
1517 4405 1577 4459 ut
1608 4399 1663 4478 in
1687 4400 1948 4472 eligendis
1973 4400 2125 4477 adiu-

527 4485 738 4542 toribus
795 4487 1000 4564 vestris.
1032 4496 1088 4544 et
1148 4488 1478 4565 reipublicae
1531 4490 1796 4545 ministris
1853 4484 1945 4561 qui
2003 4492 2122 4565 vice

525 4587 708 4635 vestra
740 4556 1000 4651 populum
1023 4580 1122 4649 Dei
1149 4556 1335 4652 regere
1359 4590 1415 4638 et
1439 4584 1743 4654 gubernare
1778 4556 1940 4655 atque
1983 4562 2120 4641 iudi—
2150 4556 2197 4614 θ

525 4685 654 4727 care
695 4671 921 4738 debent,
954 4671 1380 4738 sollertissimam
1417 4675 1810 4749 providentiam
1853 4677 2116 4744 habeatis,

525 4774 743 4834 semper
780 4762 909 4820 illud
959 4765 1313 4821 adtendentes
1347 4756 1491 4838 quod
1536 4768 1590 4823 in
1650 4767 1793 4825 libro
1837 4769 2007 4841 Exodi
2052 4772 2120 4827 ad

526 4853 749 4927 Moysen
774 4855 972 4911 dicitur
1000 4874 1014 4910 :
1041 4854 1267 4911 Provide
1290 4856 1474 4928 inquid
1495 4858 1559 4913 de
1586 4846 1730 4914 omni
1753 4860 1965 4932 populo,
1988 4850 2123 4933 elige

524 4948 662 5003 viros
684 4957 916 5020 potentes
949 4957 998 5005 et
1025 4950 1262 5005 timentes
1289 4950 1487 5021 Deum,
1511 4952 1566 5007 in
1594 4953 1781 5037 quibus
1808 4955 1875 5009 sit
1907 4946 2116 5019 veritas,

525 5047 572 5091 ct
596 5038 686 5109 qui
729 5039 933 5094 oderint
976 5040 1273 5107 avaritiam,
1302 5050 1350 5096 et
1380 5043 1637 5097 constitue
1670 5060 1737 5098 ea:
1768 5045 1843 5099 eis
1881 5036 2123 5117 tribunos

526 5136 575 5180 et
602 5131 928 5185 centuriones
951 5139 1001 5186 et
1032 5131 1526 5203 quinquagenarias,
1560 5133 1649 5204 qui
1683 5134 1914 5209 iudicent
1946 5118 2125 5208 ροριι-Δ

2227 3318 2455 3378 regnum
2484 3304 2609 3373 aliis,
2626 3304 2792 3363 decus
2822 3313 2878 3362 et
2897 3306 3159 3363 bonitatis
3185 3305 3496 3378 exemplum
3522 3314 3581 3362 et
3602 3307 3667 3363 in
3687 3317 3823 3367 exte-

2224 3398 2304 3454 ris
2332 3381 2644 3455 nationibus
2665 3399 2841 3456 bonae
2865 3400 3138 3478 opinionis
3171 3399 3605 3468 condimentum,
3638 3402 3825 3461 carita-

2224 3498 2334 3546 tem
2353 3504 2543 3561 paeem
2569 3498 2731 3562 atque
2755 3478 3276 3565 conco‘rdiamdgnni
3296 3493 3715 3552 simulationeet
3728 3494 3825 3552 esi-

2222 3583 2434 3639 liditate
2472 3584 2771 3654 postposita
2809 3585 2879 3640 ad
2917 3584 3151 3641 invicem
3171 3585 3428 3652 habeant,
3450 3595 3513 3642 ut
3534 3589 3823 3644 secum

2227 3674 2324 3737 Dei
2358 3675 2692 3733 voluntatem
2719 3683 2775 3733 et
2819 3684 3057 3732 vestram
3094 3676 3436 3756 honestatem
3476 3686 3650 3749 atque
3674 3680 3824 3736 totis

2225 3766 2378 3838 regni
2412 3765 2715 3851 proiectum
2749 3768 3110 3825 communiter
3135 3756 3433 3836 decertent,
3461 3779 3518 3826 et
3536 3772 3662 3827 veri
3686 3772 3826 3828 vobis

2226 3855 2505 3915 adiutores
2557 3859 2611 3915 in
2672 3854 2926 3931 omnibus
2976 3860 3319 3937 concorditer
3374 3861 3644 3918 existant.
3687 3864 3824 3920 Tunc

2224 3950 2426 4021 etenim
2458 3952 2574 4007 veri
2597 3952 2890 4009 consiliarii
2917 3952 3138 4029 verique
3163 3944 3439 4017 adiutores
3464 3956 3642 4011 vestri
3671 3965 3727 4011 et
3753 3966 3825 4013 to-

2226 4041 2332 4114 tius
2366 4042 2519 4113 regni
2546 4042 2840 4112 salubriter
2871 4032 2996 4101 esse.
3020 4034 3275 4118 peteript,
3305 4044 3352 4099 si
3378 4045 3677 4102 unanimes
3698 4046 3823 4102 exti-

2226 4125 2391 4190 terint
2447 4120 2779 4209 et'invicem
2841 4122 3201 4193 dilectionem
3234 4135 3257 4169 ι
3296 4121 3615 4194 habuerint.
3674 4139 3826 4194 Decet

2224 4227 2443 4305 quippe,
2488 4235 2549 4284 ut
2586 4243 2748 4285 sacra
2796 4229 2991 4289 domus
3022 4238 3204 4295 vestra
3254 4232 3468 4318 cunctis
3515 4234 3825 4304 spedsbiis

2224 4325 2481 4404 appareat
2507 4325 2562 4373 et
2588 4319 2870 4399 imitabilis
2896 4321 3126 4404 existat,
3140 4329 3195 4379 et
3225 4321 3370 4404 fama
3398 4339 3534 4380 suae
3550 4327 3824 4397 opinionis

2223 4397 2338 4473 sive
2358 4410 2494 4467 alios
2524 4397 2738 4483 imperii
2767 4413 2938 4481 vestri
2959 4397 3377 4483 subiectos'sive
3403 4423 3634 4475 exteras
3658 4420 3826 4474 natio-

2223 4517 2322 4557 nes
2370 4504 2833 4569 abundantissime
2872 4505 2894 4539 ⁶
2921 4490 3230 4578 perfundat.
3277 4506 3380 4583 Ubi
3428 4508 3600 4581 igitur
3640 4524 3826 4567 omnes

2223 4590 2590 4649 dissensiones
2622 4588 2678 4650 et
2703 4594 3006 4652 discordiae
3030 4590 3349 4673 diri‘mende,
3379 4605 3438 4653 et
3464 4599 3655 4656 omnis
3678 4599 3825 4656 mali-

2225 4676 2298 4738 tia
2342 4685 2607 4754 imperiali
2646 4687 2968 4746 auctoritate
3004 4695 3089 4748 est
3122 4689 3559 4760 comprimenda,
3601 4706 3822 4749 necesse

2224 4779 2323 4837 est,
2349 4782 2408 4830 ut
2431 4776 2574 4845 quod
2592 4768 2658 4832 in
2684 4777 2808 4865 aliis
2830 4778 3103 4851 corrigere
3127 4779 3391 4848 decernit,
3415 4780 3472 4837 in
3505 4797 3574 4839 eo
3603 4784 3824 4843 minim

2224 4865 2545 4935 reperiatur.

2296 4946 2349 5012 5.
2382 4958 2516 5014 Nam
2558 4970 2582 5001 ο
2621 4961 2807 5019 ethoc
2862 4963 3142 5037 humiliter
3176 4964 3516 5023 obsecrando
3559 4969 3821 5025 arhnone-

2225 5064 2365 5118 mus,
2392 5061 2450 5107 ut
2470 5052 2676 5119 liberos
2696 5063 2906 5112 vestros
2949 5060 3087 5127 quos
3118 5057 3275 5114 vobis
3298 5058 3480 5114 divina
3510 5058 3697 5130 pietas
3721 5059 3824 5116 lar-

2225 5139 2341 5226 gire
2387 5142 2639 5210 voluerit,
2682 5143 2758 5211 in
2799 5137 2995 5210 timore
3035 5146 3130 5211 Dei
3178 5147 3376 5219 iugiter
3426 5148 3823 5221 diligenterque

1762 5262 2154 5329 vitaturus
2191 5254 2594 5340 LEC‘l‘lONES.

588 5390 607 5423 ⁸
629 5406 675 5447 s.
699 5390 758 5447 in
778 5398 822 5446 t.
846 5410 895 5448 c.
969 5395 990 5426 '
1014 5395 1368 5452 obseruamus
1396 5411 1444 5451 c.
1525 5396 1547 5428 ³
1575 5394 1786 5453 tribuas
1811 5412 1859 5453 c.
1889 5397 2247 5459 tribunum.

2322 5402 2346 5432 ⁸
2370 5409 2613 5458 nostram
2639 5419 2688 5458 ε.
2763 5404 2787 5437 ⁸
2816 5404 3129 5464 diletionem
3146 5424 3194 5463 c.
3272 5408 3293 5441 ⁸
3315 5408 3756 5468 abundatissime
3770 5425 3818 5466 ε.

494 5547 545 5567 κ
2046 5490 2277 5595 norm.

602 5657 631 5719 ει
655 5645 720 5719 111
739 5687 755 5713 ,
787 5647 878 5714 22,
900 5662 956 5719 p.
985 5647 1143 5705 1665.

602 5716 881 5784 δ111,ἳ3.

605 5801 625 5828 τ
663 5789 797 5850 ibid.

2293 5653 2439 5721 dIll,
2470 5655 2561 5711 24.

2297 5736 2319 5763 e
2350 5726 2442 5794 Ill,
2471 5726 2561 5782 εδ.

3865 804 3905 835 σ
