3992 6344
199 342 312 400 629
491 337 714 396 CODEX
759 335 1278 394 DiPLOMATiCUS.
1314 368 1384 378 —
1413 334 1731 395 LUDOVICI
1769 335 1790 390 l
1819 334 1916 390 -ΕΤ
1952 335 2276 393 LOTiiARil
2313 336 2795 396 CAPITULARIA.
2834 369 2903 378 —
2931 337 3030 393 AN.
3071 339 3194 394 829.

3376 337 3480 394 630

196 459 486 523 mutilatis,
506 423 664 513 sicuti
691 466 745 512 et
764 456 963 522 facitis,
987 465 1042 511 et
1064 457 1118 511 in
1149 464 1331 514 tuatua
1369 455 1673 512 dilectionis
1699 469 1789 510 ca-
1818 453 1868 512 Α
1894 457 2245 512 ecclesiarum
2292 465 2346 509 et
2388 472 2419 509 a
2474 455 2809 524 principibus
2863 463 2916 509 et
2957 469 2985 508 a
3038 454 3245 524 reliquo
3279 455 3478 524 populo

197 551 368 606 ritate
393 557 450 604 et
473 547 827 603 fraternitatis
867 562 1052 604 amore
1078 556 1240 618 atque
1263 547 1639 611 unanimitatis
1667 561 1796 602 con-

195 640 387 700 cordia
413 638 653 694 vieissim
681 639 999 702 consistant,
1033 639 1216 694 sedula
1241 648 1572 709 paterneque
1611 638 1798 694 admo-

146 739 153 810 l
197 734 410 789 nitione
430 731 730 795 insinuetis,
760 739 814 786 et
835 746 904 786 ne
933 731 1154 786 inlicitis
1178 732 1386 786 actibus
1413 731 1675 788 creatoris
1713 731 1796 786 sui

191 824 473 887 ‘oti'ensam
488 823 784 888 incurrant,
797 823 1020 893 provida
1033 822 1343 892 sollertique
1366 821 1799 892 circumspectio-

198 934 269 974 ne
298 916 656 972 nihilominus
684 915 1000 985 invigiletis,
1041 915 1393 971 adtendentes
1433 916 1649 970 beatum
1670 914 1794 980 iob,

195 1009 357 1064 cuius
378 1006 613 1062 studium
642 1006 724 1060 vir
750 1007 939 1062 beatus
965 1005 1318 1075 Grcgoriusin
1333 1007 1628 1062 moralibus
1647 1006 1800 1061 libris

195 1099 436 1154 scribit:
472 1095 624 1152 Circa
665 1095 804 1165 ﬁlios
849 1097 1163 1151 erudiendos
1213 1096 1334 1151 talis
1361 1097 1550 1162 extitit,
1592 1106 1649 1150 ut
1696 1114 1800 1156 non

193 1187 373 1249 solum
399 1204 487 1242 eos
515 1187 742 1242 exterius
768 1186 993 1258 perfecto
1031 1204 1182 1258 opere
1223 1198 1269 1243 et
1295 1205 1534 1243 sermone
1560 1190 1798 1259 eﬂiceret,

194 1295 379 1334 rerum
434 1279 594 1333 etiam
655 1278 815 1332 corda
869 1279 1122 1348 sacriﬁcii
1183 1279 1446 1336 oblatione
1494 1281 1796 1338 mandaret.

191 1366 487 1423 Adtendite
536 1369 699 1424 etiam
745 1377 800 1424 et
844 1369 1013 1426 David
1052 1371 1408 1427 instruentem
1453 1372 1798 1437 Salomoaem

195 1459 369 1514 lilium
404 1476 582 1525 suum,
612 1461 677 1516 de
698 1476 802 1530 quo
827 1461 879 1516 in
901 1462 1078 1531 primo
1102 1463 1240 1518 libro
1264 1463 1549 1521 Malacliim
1574 1465 1797 1537 legitur:

196 1549 314 1622 Ego
362 1551 538 1622 inquit
569 1551 838 1622 ingredior
868 1553 1004 1607 viam
1055 1555 1326 1610 universae
1353 1565 1523 1610 terrae
1537 1558 1798 1630 {confor—

193 1657 310 1699 tare
327 1654 380 1698 et
411 1654 521 1717 esto
567 1646 649 1714 vit:
667 1646 840 1717 fortis,
873 1656 920 1702 et
958 1647 1172 1704 observa
1195 1659 1252 1704 ut
1273 1651 1539 1706 custodias
1559 1663 1800 1724 precepta

192 1735 398 1789 domini
429 1734 527 1788 Dei
565 1736 661 1800 tui,
689 1744 748 1789 ut
772 1736 1095 1806 ambulesin
1128 1739 1222 1793 viis
1264 1740 1407 1806 eius,
1443 1751 1492 1798 et
1532 1744 1798 1798 custodias

1898 546 2158 601 hactenus
2185 544 2426 615 neglecta
2460 544 2757 608 extiterint,
2803 551 2858 598 et
2907 543 3067 597 aliter
3099 560 3263 614 quam
3298 545 3479 601 divina

1898 634 2196 690 auctoritas
2220 650 2278 689 se
2309 633 2509 688 habeat
2539 632 2593 688 in
2625 633 2709 688 his
2756 648 2851 688 eos
2882 633 3060 704 egisse
3100 643 3157 688 et
3190 647 3352 703 agere
3385 650 3484 688 no-

1897 726 2092 781 vimus.
2136 723 2246 799 Sed
2289 725 2334 780 si
2372 725 2507 781 haec
2551 733 2735 780 nostra
2775 725 3128 780 sacerdotalis
3181 725 3480 782 admonitio

1898 816 2145 874 effectum
2171 817 2279 876 Deo
2321 825 2577 888 operante
2620 833 2716 888 per
2739 827 2980 873 vestrum
3009 819 3212 874 bonum
3240 819 3481 880 studium

1900 909 2097 965 abhinc
2117 909 2434 974 obtinuerit,
2466 909 2736 965 credimus
2761 909 2904 980 quod
2928 909 3095 964 multa
3118 924 3258 981 quae
3282 926 3313 965 a
3345 911 3482 966 mul-

1900 1001 1990 1068 tis,
2018 1001 2356 1071 aliteequam
2384 1001 2562 1064 divina
2598 1001 2890 1058 auctoritas
2910 1016 2969 1056 se
3008 1001 3228 1069 habeat,
3259 1003 3482 1060 dimissa

1899 1102 2044 1160 sunt,
2069 1109 2208 1163 quae
2238 1109 2344 1160 non
2380 1095 2721 1160 tenebantur,
2761 1095 3117 1164 corrigentur.
3152 1094 3291 1149 Nam
3337 1101 3393 1149 et
3420 1093 3487 1148 ll-

1901 1182 1991 1239 iud
2016 1184 2158 1253 quod
2197 1183 2260 1241 in.
2293 1184 2494 1239 eisdem
2538 1183 2792 1252 capitulis
2838 1183 3175 1248 continetur,
3203 1189 3263 1238 ut
3307 1182 3486 1237 mani-

1899 1271 2097 1328 festum
2121 1271 2292 1339 ﬁeret,
2323 1288 2462 1343 quae
2482 1288 2645 1328 causa
2677 1272 2732 1328 id
2754 1270 2992 1327 eli'ecerit
3013 1280 3076 1328 ut
3099 1271 3408 1329 sacerdotes
3431 1279 3488 1328 et

1899 1363 2169 1435 principes
2195 1379 2224 1417 a
2246 1371 2394 1419 recto
2430 1364 2647 1426 tramite
2673 1365 3009 1429 deviassent,
3055 1364 3295 1434 exceptis
3327 1378 3486 1434 prae-

1901 1453 2081 1508 missis
2116 1454 2366 1522 capitulis
2405 1454 2459 1509 in
2508 1454 2705 1523 quibus
2738 1455 2881 1510 sicut
2909 1455 3142 1510 diximus
3172 1454 3342 1510 multa
3384 1471 3484 1510 ne-

1900 1543 2271 1616 glegebantur,
2309 1544 2614 1616 specialiter
2647 1561 2812 1599 unum
2841 1545 3181 1601 obstaculum
3210 1559 3277 1601 es
3314 1547 3488 1601 multo

1901 1645 2143 1706 tempore
2179 1637 2284 1690 iam
2312 1636 2599 1692 inolevisse
2635 1638 3020 1708 cognovimus;
3057 1639 3110 1693 id
3141 1648 3224 1694 est
3268 1639 3398 1715 quia
3432 1649 3489 1695 et

1895 1726 2209 1796 principalis
2247 1735 2508 1796 potestas,
2557 1727 2786 1783 diversis
2830 1729 3209 1785 occasionibus
3256 1730 3492 1786 interve-

193 1826 522 1879 ceremonias
547 1826 658 1880 eius
688 1836 734 1880 et
757 1826 946 1882 iuditia
970 1804 1101 1894 eius,
1118 1839 1165 1884 et
1193 1840 1468 1902 praecepta
1495 1841 1542 1886 et
1572 1835 1799 1888 testimo—
1830 1802 1872 1862 Β
1902 1817 2195 1882 "millibus,
2219 1833 2378 1874 secus
2418 1833 2581 1887 (ιυωη
2614 1821 2912 1875 αυοῑοτίιθε
2941 1820 3121 1876 Omna
3173 1835 3230 1876 δε
3269 1822 3488 1886 habeat.

193 1917 281 1968 nia
301 1957 316 1980 ,
344 1917 482 1970 sicut
501 1917 752 1988 scriptum
775 1930 849 1972 est
872 1920 927 1972 in
949 1917 1057 1990 lege
1083 1920 1276 1991 Moysi,
1303 1931 1350 1976 et
1370 1923 1429 1977 in
1463 1922 1595 1978 libro
1626 1923 1799 1980 Para-

190 2003 516 2076 lipomenon.
565 2005 643 2061 Tu
669 2017 843 2062 autem
874 2008 1127 2065 Salomon
1148 2052 1164 2077 ,
1212 2010 1292 2081 ﬁli
1324 2014 1416 2079 mi,
1475 2014 1604 2068 scito
1627 2015 1796 2069 Deum

190 2098 360 2167 patris
377 2099 485 2162 tui,
513 2106 561 2151 et
602 2100 734 2154 servi
760 2100 806 2152 ei
838 2100 992 2161 corde
1020 2101 1320 2172 perfecteiet
1347 2104 1523 2160 animo
1568 2103 1798 2160 volunta-

192 2187 294 2241 rio.
331 2186 624 2262 Adtendite
673 2189 1099 2260 etiamTobiam
1133 2193 1197 2248 de
1217 2210 1334 2263 quo
1385 2195 1607 2266 legitur,
1655 2197 1797 2266 quod

193 2294 318 2341 cum
368 2279 739 2350 factusesset
797 2281 898 2347 vir,
939 2284 1147 2353 accepit
1199 2301 1422 2340 uxorem
1461 2285 1675 2342 Annam
1729 2304 1796 2344 ex

191 2370 338 2425 tribu
360 2387 484 2436 sua,
523 2381 577 2426 et
608 2373 791 2444 genuit
825 2389 889 2429 ex
918 2390 980 2430 ea
1009 2374 1176 2430 lilium
1215 2392 1413 2432 nomen
1451 2396 1607 2434 sunxn
1644 2381 1797 2450 inpo-

194 2478 330 2520 nens
375 2464 427 2518 ei
439 2481 459 2536 ς
499 2479 660 2534 quem
698 2467 766 2521 ab
806 2465 1028 2536 infantia
1067 2468 1256 2524 timere
1307 2470 1473 2525 Deum
1530 2472 1711 2528 docuit
1743 2479 1797 2528 et

195 2553 477 2610 abstinere
534 2556 603 2610 ab
639 2555 786 2627 omni
838 2564 1079 2634 peccato.
1120 2558 1250 2614 item
1310 2560 1448 2615 idem
1501 2563 1796 2634 adloquens

193 2645 426 2700 eundem
465 2644 635 2716 lilium
663 2661 816 2710 suum
854 2665 865 2700 :
908 2646 1162 2712 Omnibus
1199 2649 1385 2719 inquid
1432 2651 1614 2708 diebus
1662 2654 1796 2710 vitae

194 2747 319 2792 tuae
345 2737 481 2791 habe
512 2735 696 2800 Deum,
722 2738 776 2792 in
807 2749 996 2806 mente,
1025 2750 1072 2793 et
1104 2757 1224 2795 cave
1262 2759 1324 2796 ne
1366 2740 1651 2813 aliquando
1678 2761 1796 2814 pec.-

193 2837 314 2882 sato
356 2831 671 2897 consentias,
725 2840 770 2886 et
796 2833 1187 2901 pretermittas‘
1229 2845 1468 2906 precepta
1494 2836 1591 2890 Dei
1612 2837 1805 2904 nostri.

205 2916 293 2974 Ea:
315 2920 603 2976 substantia
630 2933 721 2977 tua
740 2923 825 2992 fac
845 2924 1205 2995 elimosynam,
1229 2935 1276 2981 et
1311 2926 1418 2980 noli
1455 2940 1688 2982 avertere
1714 2927 1796 2998 fa-

208 3015 347 3064 rtem
377 3020 523 3065 tuam
553 3013 613 3066 ab
647 3013 754 3067 ullo
779 3031 1027 3084 paupere.
1058 3015 1144 3070 Ita
1171 3017 1306 3071 enim
1337 3016 1455 3084 ﬁet,
1487 3027 1541 3071 ut
1570 3035 1661 3074 nec
1688 3037 1719 3072 a
1746 3017 1796 3072 te

208 3110 485 3154 «vertatur
527 3103 677 3173 {acies
715 3103 1253 3176 Dominisﬂuomodo
1280 3109 1531 3177 potueris,
1573 3109 1646 3162 ita
1685 3118 1794 3162 esto

196 3279 282 3350 ﬁli
303 3282 372 3336 ab
398 3284 540 3337 omni
564 3283 910 3358 fornicatione
932 3295 978 3340 et
1004 3277 1176 3356 preter
1197 3304 1411 3341 uxorem
1433 3298 1577 3342 tuam
1604 3307 1798 3360 nequa-

197 3389 359 3444 quam
384 3375 622 3443 paciaris
646 3376 850 3446 crimen
885 3377 1037 3431 scire.
1077 3376 1398 3446 Superbiam,
1428 3397 1714 3451 numquam
1740 3381 1796 3436 in

197 3471 291 3518 tuo
338 3480 497 3520 sensu
549 3475 641 3519 aut
672 3467 729 3520 in
765 3476 855 3520 tuo
894 3467 1050 3522 corde
1097 3468 1362 3523 dominari
1408 3471 1697 3540 permittas.
1731 3470 1799 3526 In

197 3554 314 3624 ipsa
348 3555 733 3618 criminitium
767 3558 984 3626 sumpsit
1041 3559 1210 3612 omnis
1263 3559 1505 3629 perditio.
1539 3559 1604 3614 Et
1658 3561 1798 3616 idem

197 3660 313 3700 non
335 3654 462 3716 post
489 3647 716 3703 multum
744 3667 757 3702 :
789 3649 1079 3716 Consilium
1107 3667 1309 3722 semper
1346 3669 1377 3706 a
1407 3655 1638 3722 sapiente
1683 3671 1800 3724 per-

199 3738 372 3807 quire,
403 3741 552 3811 omni
569 3749 798 3813 tempore
823 3741 1034 3814 benedic
1057 3743 1261 3818 Deohet
1282 3754 1394 3815 pete
1420 3745 1485 3798 ab
1519 3763 1578 3801 eo
1603 3757 1657 3801 ut
1689 3749 1815 3812 vias

202 3840 326 3884 tuas
351 3832 570 3902 dirigat,
595 3842 642 3888 et
666 3835 842 3905 omnia
868 3835 1085 3902 consilia
1108 3846 1200 3889 tua
1231 3837 1286 3889 in
1304 3836 1415 3906 ipso
1437 3848 1796 3906 permaneant.

163 3984 174 3992 .
201 3920 339 3976 item
374 3921 556 3994 idem.
580 3923 772 3978 Audite
801 3942 922 3995 ergo
970 3926 1070 3998 ﬁlii
1114 3927 1215 3990 mei
1247 3928 1266 3957 '
1313 3937 1512 3997 patrem
1551 3939 1808 3999 vestrum,

200 4014 391 4068 servile
429 4011 657 4068 Domino
701 4017 778 4080 in.
811 4015 1057 4082 bonitate,
1097 4027 1146 4072 et
1196 4020 1440 4089 inquirite
1496 4030 1552 4075 ut
1591 4021 1802 4091 faciatis

199 4120 341 4172 quae
365 4112 490 4158 sunt
513 4103 710 4176 placita
753 4105 854 4172 illi,
900 4117 949 4160 et
977 4107 1104 4177 ﬁliis
1127 4111 1308 4163 vestris
1345 4111 1590 4165 mandate
1616 4121 1672 4167 ut
1719 4112 1802 4182 fa-

195 4189 349 4250 ciant
371 4198 602 4262 iustitias
639 4207 688 4254 et
713 4198 1058 4271 elemosynas,
1079 4210 1127 4257 et
1147 4211 1202 4256 ut
1227 4203 1331 4256 sint
1358 4220 1610 4257 memores
1637 4203 1733 4258 Dei
1753 4214 1800 4259 et

203 4287 515 4343 benedicant
538 4292 731 4346 eumin
767 4294 908 4364 omni
925 4295 1252 4368 temporeLin
1278 4297 1490 4352 veritate
1519 4307 1567 4352 et
1603 4298 1659 4358 in
1693 4307 1804 4352 tota

203 4382 401 4436 virtute
427 4400 546 4437 sua.

1821 3151 1870 3216 C

205 3192 526 3257 misericors,
546 3203 595 3248 et
629 3196 988 3268 cetera._item
1027 3195 1187 3274 paulo
1217 3205 1382 3267 post:
1418 3197 1656 3252 Adtende
1701 3198 1794 3252 tibi
1823 3192 1847 3216 ‘

1900 1911 1954 1972 in
1982 1925 2176 1966 causas
2227 1909 2628 1968 ecclesiasticas
2679 1911 3011 1982 prosiluerit,
3044 1921 3099 1968 et
3139 1913 3486 1977 sacerdotes,

1897 2003 2096 2071 partim
2126 2002 2465 2076 neglegentia
2491 2004 2685 2072 partim
2711 2004 3012 2074 ignorantia
3043 2006 3241 2075 partim
3281 2006 3492 2078 cupidi-

1898 2102 2026 2159 tate,
2055 2096 2107 2150 in
2133 2096 2470 2157 secularibus
2503 2098 2735 2167 negotiis
2777 2106 2833 2152 et
2862 2098 3316 2154 sollicitudinibus
3346 2099 3490 2154 ultra

1898 2202 2060 2257 quam
2100 2189 2398 2243 debuerant
2427 2203 2484 2242 se
2521 2189 2922 2257 occupaverint,
2970 2197 3025 2246 et
3063 2190 3163 2245 hac
3205 2191 3494 2246 occasione

1901 2277 2058 2332 aliter
2086 2292 2248 2347 quam
2298 2277 2481 2332 divina
2540 2278 2841 2333 auctoritas
2889 2279 3099 2344 doceat,
3149 2279 3204 2334 in
3261 2289 3493 2348 utraque

1897 2377 2054 2439 parte
2077 2375 2256 2423 actum
2283 2369 2530 2427 extitisse
2559 2369 2778 2424 dubium
2809 2366 2916 2424 non
2945 2375 3047 2423 est.
3075 2368 3182 2424 Sed
3201 2369 3348 2438 quia,
3379 2369 3492 2424 Deo

1885 2459 2208 2524 miserante,
2248 2475 2278 2512 a
2315 2459 2749 2531 progenitoribus
2787 2467 2845 2538 et
2869 2459 3115 2530 genitore
3143 2467 3324 2515 vestro
3358 2468 3414 2514 et
3458 2477 3489 2514 a

1898 2549 2051 2605 vobis
2073 2549 2242 2606 multa
2275 2559 2519 2605 correcta
2554 2549 2984 2621 gratulabantur,
3029 2549 3076 2610 si
3123 2564 3188 2605 ea
3221 2563 3361 2618 quae
3397 2549 3492 2603 ad-

1899 2659 2180 2712 monemus
2206 2658 2524 2713 prosperum
2548 2657 2857 2700 successum
2880 2641 3190 2707 habuerint,
3219 2642 3494 2697 credimus

1897 2736 2042 2805 quod
2061 2735 2128 2790 ad
2150 2735 2499 2805 perfectionis
2535 2742 2736 2789 statum
2759 2742 2942 2790 vestra
2982 2733 3210 2789 intentio
3233 2733 3254 2765 °
3279 2742 3494 2789 nostra—

1897 2818 2004 2896 que
2045 2827 2258 2890 devotio
2292 2828 2404 2882 Deo
2435 2835 2760 2904 cooperante
2799 2827 3086 2896 pervenire
3109 2827 3130 2858 ⁷
3161 2827 3334 2897 possit
3388 2827 3492 2881 Ve-

1898 2935 2017 2974 rum
2045 2928 2228 2974 tamen
2259 2919 2386 2988 quia
2408 2920 2659 2974 novimus
2680 2926 2884 2973 statum
2916 2917 3078 2972 huius
3098 2917 3251 2988 regni
3276 2918 3378 2972 sub
3399 2917 3495 2972 tali

1897 3009 2204 3065 conditione
2228 3017 2282 3064 et
2305 3010 2475 3063 teneri
2496 3019 2552 3064 et
2576 3009 2812 3069 crevisse
2827 3017 2990 3078 atque
3019 3007 3304 3063 dilatatam
3349 3020 3490 3070 esse,

1899 3109 1954 3155 et
1988 3115 2019 3156 a
2051 3100 2487 3170 prudentissimis
2534 3100 2845 3170 sanctisque
2881 3099 3352 3170 prodecessoribus
3396 3115 3493 3154 no-

1899 3191 2046 3256 stris,
2074 3192 2190 3246 sive
2228 3191 2436 3248 scilicet
2479 3193 2548 3246 ab
2606 3192 2874 3264 episcopis
2920 3192 3035 3248 sive
3073 3207 3104 3246 a
3134 3191 3490 3262 principibus,

1899 3285 2041 3340 hanc
2084 3299 2304 3348 causam
2329 3299 2396 3340 ex
2437 3291 2554 3340 toto
2590 3290 2891 3345 correctam
2927 3299 3035 3342 non
3073 3281 3240 3340 fuisse
3267 3291 3495 3355 propter

1901 3379 2036 3445 haec
2053 3390 2192 3446 quae
2220 3391 2319 3432 suo
2351 3383 2594 3454 tempore
2622 3375 2728 3432 dici
2754 3381 3000 3445 possunt,
3051 3382 3106 3433 et
3133 3374 3345 3446 pondus
3379 3383 3492 3432 tan-

1901 3476 1992 3525 tae
2041 3467 2495 3532 considerationis
2528 3467 2814 3538 parvitatis
2841 3474 3026 3524 nostre
3068 3467 3216 3521 vires
3235 3466 3493 3530 excessit,

1899 3559 2156 3630 quoniam
2183 3573 2284 3615 nec
2303 3557 2474 3616 otium
2505 3572 2605 3614 nec
2641 3557 2878 3628 spatium
2900 3556 3159 3634 temporis
3192 3571 3294 3612 nec
3323 3557 3500 3628 pleni-

1900 3651 2144 3708 tudinem
2189 3649 2638 3714 consacerdotum
2693 3655 3024 3714 nostrorum,
3056 3648 3197 3703 sicut
3242 3647 3358 3723 ipsa
3401 3660 3499 3702 ne-

1900 3743 2130 3803 cessitas
2156 3742 2500 3810 exposcebat,
2531 3740 2837 3807 habuimus,
2871 3739 2992 3794 ideo
3034 3739 3170 3794 haec
3194 3753 3496 3810 congruen-

1903 3836 2031 3892 tiori
2058 3842 2114 3889 et
2143 3833 2337 3910 aptiori
2377 3840 2620 3914 tempore
2649 3831 2759 3891 vita
2791 3831 3008 3897 comite,
3037 3830 3082 3884 si
3113 3830 3257 3886 Deus
3284 3830 3360 3886 ita
3401 3845 3499 3885 an-

1902 3928 2102 3991 nuerit,
2133 3915 2415 3980 tractanda
2444 3938 2509 3978 ac
2557 3920 2948 3985 consideranda
2979 3919 3314 3978 distulimus.
3354 3920 3500 3987 Quo-

1902 4019 2048 4073 niam
2107 4025 2290 4072 tantae
2335 4013 2783 4070 considerationis
2819 4010 3081 4084 perfectio
3149 4010 3354 4082 indiget
3411 4025 3498 4064 as-

1903 4123 2066 4166 sensu
2109 4115 2164 4162 et
2211 4106 2482 4160 adiutorio
2509 4104 2838 4178 principum,
2879 4111 2935 4158 et
2961 4101 3310 4156 multitudine
3336 4109 3499 4170 atque

1905 4201 2188 4259 devotione
2214 4215 2315 4255 nec
2343 4214 2450 4253 non
2500 4181 2555 4253 et
2600 4196 2780 4254 studio
2818 4195 3185 4261 sacerdotum,
3235 4202 3291 4249 et
3328 4194 3496 4249 oboe-

1905 4292 2106 4349 dientia
2143 4278 2227 4346 vel
2269 4287 2559 4346 concordia
2613 4285 2816 4358 populi,
2872 4294 2928 4340 et
2964 4284 3329 4356 congruentia.
3369 4282 3496 4349 ioci,

1905 4387 2270 4456 temporisque
2293 4383 2487 4462 spatio.

278 4470 334 4525 6.
378 4470 474 4527 liis
512 4485 538 4514 α
576 4473 829 4529 omnibus
884 4477 1199 4546 praelibatis
1253 4479 1581 4537 notescimus
1625 4480 1800 4549 vobis,
1830 4505 1887 4570 Β
1983 4477 2038 4530 7.
2080 4475 2250 4530 Porro
2290 4476 2318 4515 ι)
2352 4474 2418 4530 de
2443 4472 2737 4570 episcopali
2769 4471 3040 4570 libertate,
3083 4471 3500 4570 quam-DeO-an:

204 4563 356 4634 quod
385 4578 451 4619 ea
490 4579 629 4634 quae
678 4565 733 4619 in
782 4567 1031 4636 capitulis
1065 4569 1262 4626 vestris
1309 4570 1463 4626 nobis
1517 4573 1800 4633 tractanda

205 4653 584 4721 oommisistis,
622 4656 828 4712 scilicet
859 4658 987 4730 quid
1015 4659 1036 4690 ⁸
1082 4674 1112 4713 a
1141 4659 1472 4729 principibus
1497 4671 1553 4717 et
1593 4665 1803 4732 reliquo

203 4745 411 4815 populo
438 4747 519 4801 vel
539 4747 614 4802 ita
635 4756 693 4802 ut
719 4749 898 4804 divina
945 4751 1243 4810 auctoritas
1278 4751 1619 4826 doceat,‘aut
1647 4755 1806 4812 aliter

208 4845 468 4892 teneatur
499 4837 583 4893 vel
617 4840 745 4910 quid
775 4839 796 4870 ⁸
833 4840 955 4895 inde
1006 4857 1074 4897 ex
1105 4850 1256 4911 parte
1313 4852 1408 4898 aut
1456 4861 1524 4900 ex
1561 4848 1677 4902 toto'
1723 4849 1806 4904 di-

207 4927 443 4983 missum
477 4929 549 4984 sit
581 4937 766 4985 utnon
790 4938 1056 4997 teneatur,
1083 4931 1316 4988 fatemur
1337 4935 1466 5003 quia
1503 4935 1557 4990 in
1605 4937 1687 4992 his
1711 4953 1806 4994 ca-

205 5017 403 5087 pitulis
432 5033 534 5087 que
556 5021 805 5089 superius
825 5022 1189 5085 continentur,
1224 5038 1437 5090 necnon,
1460 5025 1514 5078 in
1560 5025 1644 5080 his
1671 5043 1811 5097 quae

207 5113 490 5183 praesenti
537 5130 681 5170 anno
715 5116 988 5170 conscribi
1033 5124 1090 5170 et
1137 5132 1233 5188 per
1261 5117 1458 5172 missos
1503 5128 1712 5175 vestros
1739 5123 1810 5176 ob

1910 4578 2110 4625 nuente
2141 4577 2426 4637 vestroque
2450 4565 2776 4634 adminiculo
2811 4563 3142 4636 sulfragante
3177 4563 3403 4633 adipisci
3430 4564 3497 4618 ad

1909 4661 2004 4716 Dei
2031 4661 2309 4716 servitium
2345 4659 2708 4731 peragendum
2735 4658 2998 4729 cupimus,
3048 4672 3146 4712 suo
3181 4656 3234 4710 in
3259 4664 3502 4726 tempore

1910 4753 2063 4808 vobis
2092 4751 2316 4807 dicenda
2347 4759 2510 4819 atque
2543 4750 2822 4806 vobiscum
2847 4747 3172 4805 conferenda
3208 4747 3502 4802 reservavi-

1913 4861 2055 4911 mus,
2099 4844 2356 4913 quatinus
2379 4842 2452 4895 ita
2479 4842 2570 4907 sit,
2597 4849 2658 4897 ut
2701 4849 2756 4895 et
2781 4838 3142 4908 nosmetipsos
3181 4837 3412 4901 salvare,
3447 4846 3502 4890 et

1913 4936 2112 5007 populo
2173 4934 2330 5001 nobis
2368 4931 2612 4987 subiecto
2651 4931 2856 4986 utiliter
2876 4928 3152 5000 prodesse,
3191 4936 3354 4995 atque
3401 4940 3501 4995 pro

1911 5029 2064 5083 vobis
2107 5034 2162 5082 et
2185 5024 2482 5080 stabilitate
2523 5023 2734 5092 imperii
2769 5021 2934 5076 vestri
2979 5019 3200 5074 liberius
3226 5017 3501 5072 valeamus

1911 5139 2157 5186 exorare,
2193 5129 2247 5177 et
2269 5129 2329 5174 nt
2361 5119 2556 5174 vestris
2579 5117 2851 5186 obsequiis
2877 5124 2931 5172 et
2953 5113 3100 5185 regni
3126 5113 3393 5168 adiutorio
3419 5127 3501 5165 so-

205 5202 348 5256 vitia
395 5205 797 5273 comprimenda
830 5220 929 5275 per
984 5205 1273 5276 imperium
1315 5217 1558 5262 vestrum
1613 5211 1814 5266 direxia
1914 5216 2101 5270 latium
2121 5214 2364 5269 debitum
2390 5210 2613 5266 minime
2648 5207 3020 5271 subtrahatur,
3053 5206 3146 5262 sed
3169 5205 3215 5261 si
3241 5203 3500 5275 possibile

209 5291 318 5346 stis
362 5291 405 5358 ',
443 5292 612 5348 multa
661 5293 1034 5350 demonstrata
1088 5302 1215 5358 sunt
1259 5309 1400 5364 quae
1430 5311 1460 5349 a
1504 5297 1814 5367 pastoribus
1915 5307 2100 5371 fuerit,
2127 5304 2306 5376 potius
2341 5310 2619 5373 augeatur.

1434 5434 1827 5495 VARIANTES
1865 5435 2267 5496 LEGTIONES.

297 5540 314 5569 ¹
364 5542 710 5615 pretermitas
738 5561 784 5600 c.
861 5547 882 5577 ’
918 5543 992 5600 mi
1021 5561 1069 5598 c.
1146 5544 1168 5577 ³
1192 5545 1318 5615 quia
1349 5563 1394 5599 ο.

204 5610 227 5644 ¹¹
260 5611 589 5683 peruincere
610 5630 656 5668 c.

1495 5545 1516 5576 ⁸
1535 5547 1676 5602 deest
1702 5566 1749 5603 c.
1829 5549 1850 5582 '
1870 5566 2172 5609 necnon....
2199 5545 2480 5605 direxistis
2504 5545 2687 5602 desunt
2735 5563 2780 5602 e.

2882 5546 2903 5576 ‘
2941 5555 3011 5602 st.
3036 5554 3326 5620 nostraque
3359 5547 3415 5606 d.
3448 5567 3497 5605 ε.

1753 5751 1986 5812 NOTAE.

235 5841 552 5904 .II-iii.25.

1987 5846 2090 5909 ὶῘΙ
2168 5847 2230 5905 ι’

2120 6078 2162 6128 υ(
