3992 6344
545 306 662 391 est

1374 322 1430 377 Β.
1469 321 1717 379 CAROLI
1754 320 1968 378 MAGNI
2005 319 2153 377 OPP.
2189 319 2371 407 PARS
2404 320 2445 375 l.
2488 317 2730 376 SECT—lO
2766 314 2998 372 PRIMA.

3707 317 3811 374 6'59

1536 547 2060 622 CAPITULABIA
2111 539 2779 631 .WORMATIENSIA.

624 761 929 834 Capitulare
948 757 1343 834 Wormatiense
1372 755 1564 829 triplex
1587 742 2191 834 liotharioimperatorc
2212 758 2474 832 praesente
2514 750 2934 834 promulgatum,
2963 760 3019 808 et
3045 751 3429 834 iirter_ltalic_a_s
3475 755 3624 834 leges

3644 757 3812 815 locum

534 904 536 906 _
564 821 736 906 tfnui't
760 850 791 906 ;_
812 847 979 906 quare
1003 831 1056 883 in
1081 843 1146 906 eo
1173 827 1379 906 edendo
1403 821 1509 906 non
1531 821 1984 906 solumppdi‘curn
2011 821 2293 906 duodecim
2331 836 2491 906 supra
2517 821 2970 906 enumeratorum
3008 823 3104 906 sed
3131 825 3305 906 etiam
3348 821 3808 906 Blanlgenburgici,

563 890 1180 967 Gothani,'Mutinensis,
1211 898 1627 967 Parisiensis,n.
1652 891 2204 967 461§,_Ambrosiani,
2234 890 2553 967 Elorentini,
2601 891 2983 967 L‘ondinensis,
3008 890 3812 967 Vindebonensis,"VeronEnsis

559 972 616 1025 et
637 961 884 1030 Estensis
908 973 1047 1043 apud
1086 961 1437 1027 Muratorium
1467 966 1728 1048 rationem
1751 963 2057 1049 habuimus.
2095 963 2152 1016 ln
2185 961 2334 1016 nullo
2354 975 2540 1016 eorum
2587 961 2882 1045 capitulare
2914 962 3094 1018 missis
3115 963 3300 1030 datum
3325 965 3620 1024 invenitur.

1757 1170 1765 1178 ρ

1709 1097 1922 1178 HAEC
1968 1100 1984 1130 ί
2029 1093 2229 1172 SUNT
2271 1091 2669 1180 caurum

695 1268 864 1323 Quae
895 1266 1104 1322 Αιιρυι
1142 1266 1222 1310 ex
1259 1263 1458 1311 ιηςειε
1487 1245 1509 1284 ⁸
1539 1263 1624 1306 an
1661 1257 1956 1314 acarnan
1988 1253 2167 1302 nom

2233 1218 2307 1295 tu
2339 1248 2765 1295 DBTULERUN‘I‘
2794 1249 2962 1296 anno
2983 1239 3076 1294 lat
3106 1249 3355 1295 mrem!
3387 1250 3620 1295 ποετ-ιιι
3647 1236 3689 1296 ⁸.

942 1377 1285 1448 CAPITULA
1318 1383 1714 1444 GENERALlA

611 1507 684 1561 1.
714 1505 792 1561 Dc
822 1503 908 1559 bis
941 1501 1032 1573 qui
1057 1500 1173 1556 sine
1212 1511 1479 1555 consensu
1508 1494 1744 1566 episcopi
1790 1491 2136 1564 presbyteros

557 1601 613 1656 in
637 1595 882 1654 ecclesiis
912 1593 1026 1650 suis
1053 1591 1408 1656 constituunt,
1443 1588 1528 1655 vel
1557 1589 1623 1643 de
1639 1585 1880 1642 ecclesiis
1912 1582 2134 1648 eiciunt,

525 1724 528 1728 -
555 1701 612 1746 et
633 1690 702 1745 ab
731 1688 984 1758 episcopo
1023 1683 1158 1738 vela
1187 1680 1428 1752 quolibet
1460 1679 1627 1734 misso
1651 1677 1922 1741 dominico
1955 1675 2138 1740 admo-

557 1780 660 1838 niti
683 1777 938 1836 oboedire
955 1775 1251 1840 noluerint,
1280 1782 1340 1828 ut
1367 1773 1604 1841 bannum
1631 1777 1870 1838 nostrum
1905 1767 2137 1832 rewadi—

555 1885 651 1926 are
672 1875 952 1943 cogantur,
975 1873 1029 1935 et
1049 1879 1145 1935 per
1165 1863 1508 1943 ﬁdeiussores
1524 1861 1592 1916 ad
1610 1860 1868 1931 palatium
1889 1866 2136 1914 nostrum

553 1961 745 2018 venire
786 1959 1075 2035 iubeantur
1101 1955 1142 2010 ⁸.
1172 1955 1240 2017 Et
1265 1962 1394 2018 tunc
1418 1967 1517 2019 nos
1550 1952 1923 2014 decernamus,
1951 1957 2133 2004 utrum

529 2051 716 2110 nobis
733 2049 965 2121 placeat,
1000 2057 1062 2104 ut
1096 2054 1190 2104 aut
1219 2047 1371 2103 illum
1399 2045 1642 2111 bannum
1668 2042 1938 2114 persolvat
1978 2041 2022 2116 ⁸,
2043 2047 2137 2096 aut

555 2143 718 2205 aliam
751 2139 1141 2208 harmiscaram
1167 2137 1187 2169 °
1208 2137 1489 2194 sustineat.
1633 2134 1642 2143 “

523 2267 527 2270 -
613 2236 670 2298 9..
710 2235 788 2290 De
829 2232 1075 2290 ccclesiis
1103 2246 1243 2302 quae
1267 2231 1409 2286 inter
1433 2226 1727 2291 coheredes
1753 2225 1962 2290 divisae,
1987 2229 2134 2288 sunt,

553 2326 955 2386 consideratam
979 2326 1003 2381 ἵ
1035 2331 1139 2390 est,
1179 2331 1446 2394 quatenus
1468 2321 1515 2376 si
1535 2317 1832 2377 secundum
1850 2315 2138 2388 providen-

516 2417 519 2419 ’
553 2420 690 2474 tiam
739 2425 796 2486 et
828 2409 1249 2474 admonitionem
1279 2412 1538 2485 episcopi,
1585 2411 1689 2481 ipsi
1707 2409 2002 2466 coheredes
2045 2419 2136 2474 eas

552 2508 826 2581 voluerint
849 2508 880 2565 ⁸,
899 2515 1104 2572 tenere,
1145 2514 1200 2560 et
1243 2505 1515 2560 honorare
1565 2501 1785 2556 faciant.
1825 2499 1922 2564 Sin
1956 2503 2138 2562 autem

553 2598 659 2654 hoc
677 2596 1124 2666 contradixerint,
1148 2602 1210 2650 ut
1239 2594 1294 2649 in
1319 2591 1556 2664 episcopi
1594 2598 1864 2661 potestate
1897 2595 2134 2652 maneat,

553 2699 739 2747 utrum
776 2702 871 2746 eas
900 2689 975 2751 ita
1006 2688 1304 2750 consistere
1322 2685 1620 2756 permittat,
1647 2691 1740 2738 aut
1771 2681 2026 2751 reliquias
2045 2695 2138 2743 ex-

553 2783 686 2840 inde
703 2768 936 2855 aluerat.
971 2782 1041 2838 Et
1063 2781 1156 2838 ubi
1177 2781 1245 2855 ad
1266 2786 1510 2836 nostrum
1533 2775 1855 2839 beneﬁcium
1877 2775 2139 2831 ecclesiae

552 2874 890 2946 pertinentes
930 2874 1008 2929 ita
1037 2873 1240 2933 divisae
1267 2872 1518 2936 inventae
1539 2868 1760 2936 iuerint,
1788 2876 1847 2925 ut
1866 2868 2138 2931 describa-

556 2975 648 3023 tur
687 2967 732 3033 θ,
769 2973 825 3022 et
848 2966 1005 3022 nobis
1035 2965 1396 3022 renuntietur.

623 3081 679 3137 5.
719 3078 799 3134 De
823 3077 1067 3135 ecclesiis
1098 3076 1410 3143 destructis,
1439 3083 1500 3131 ut
1527 3074 1766 3146 episcopi
1800 3081 1855 3128 et
1875 3071 2027 3128 missi
2062 3073 2140 3128 in-

552 3155 901 3243 quisitionem
931 3168 1152 3236 faciant,
1210 3178 1394 3225 utrum
1443 3177 1542 3240 per
1596 3157 1991 3239 neglegentiam
2045 3172 2138 3220 aut

551 3247 1026 3335 inpossibilitatem
1068 3261 1377 3315 destructae
1417 3259 1544 3314 sint.
1587 3258 1655 3313 Et
1679 3258 1770 3312 ubi
1803 3245 2137 3328 neglegentia

553 3352 770 3410 inventa
797 3341 979 3422 fuerit,
1026 3350 1315 3420 episcopali
1360 3351 1682 3406 auctoritate
1713 3351 2002 3405 emendare
2037 3363 2133 3405 co-

552 3450 749 3513 gantur
773 3442 839 3508 ια,
888 3442 982 3513 qui
1026 3447 1146 3496 eam
1181 3449 1487 3497 restaurare
1541 3440 1858 3496 debuerant.
1901 3440 1963 3494 Si
2007 3453 2137 3495 vero

550 3549 650 3604 per
679 3531 1145 3604 inposSibilitatem
1170 3533 1416 3606 contigit,
1441 3540 1613 3607 utaut
1635 3533 1817 3602 plures
1837 3533 1948 3588 sint
1969 3547 2136 3602 quam
2224 3547 2230 3550 '

553 3640 775 3682 necesse
803 3625 894 3692 sit,
918 3634 1012 3680 aut
1031 3625 1253 3681 maioris
1277 3614 1663 3697 magnitudinis
1691 3637 1855 3696 quam
1876 3630 1935 3678 ut
1961 3615 2028 3678 ei
2054 3639 2138 3679 re-

551 3717 655 3771 bus
680 3715 748 3772 ad
787 3730 878 3771 eas
903 3715 1304 3786 pertinentibus
1347 3714 1637 3770 restaurari
1677 3715 1904 3785 possint,
1937 3707 2140 3783 episco-

519 3823 522 3826 λ
552 3821 658 3876 pus
679 3807 900 3862 modum
945 3807 1201 3873 inveniat,
1253 3805 1484 3877 qualiter
1525 3819 1761 3877 congrue
1784 3801 2060 3860 emendari
2084 3811 2138 3858 et

553 3899 854 3980 consistere
888 3898 1118 3980 possint.

624 4009 659 4064 1
685 4010 748 4064 ¹¹.
767 3990 845 4073 De
858 4025 972 4089 uno
989 4023 1179 4088 manso
1201 4006 1268 4063 ad
1288 4007 1573 4064 ecclesiam
1593 4006 1737 4072 dato,
1753 4006 1821 4064 de
1843 4021 1949 4079 quo
1971 4007 2138 4078 aliqui

2160 1374 2208 1435 Α
2235 1367 2484 1425 volumus
2503 1377 2562 1424 ut
2613 1383 2716 1440 per
2765 1369 2961 1426 missos
3007 1380 3225 1444 nostros
3267 1374 3730 1451 constringantur,
3758 1391 3808 1436 ut

2242 1459 2538 1515 secundum
2580 1451 2932 1538 capitularem
2975 1462 3212 1535 priorem
3254 1464 3466 1526 solvant
3502 1468 3666 1525 unius
3697 1475 3805 1527 anni

2240 1565 2441 1606 nonam
2463 1559 2518 1605 et
2544 1550 2811 1606 decimam
2833 1567 2957 1607 cum
2979 1567 3076 1624 sua
3104 1552 3240 1636 lege,
3263 1562 3317 1610 et
3342 1555 3568 1636 insuper
3588 1560 3804 1628 bannum

2239 1650 2506 1697 nostrum.
2547 1642 2615 1698 Et
2643 1641 2748 1698 hoc
2791 1643 2870 1698 cis
2919 1643 3284 1712 denuntietur,
3321 1648 3466 1718 quod
3498 1649 3805 1721 quicumque

2238 1729 2381 1787 hanc
2414 1731 2807 1803 neglegentiam
2841 1733 3137 1802 iteraverit,
3174 1735 3498 1794 beneﬁcium
3524 1742 3667 1806 unde
3691 1743 3805 1797 haec

2238 1833 2380 1874 nona
2429 1828 2484 1875 et
2533 1820 2740 1876 decima
2782 1821 3016 1890 persolvi
3063 1822 3247 1878 debuit
3273 1823 3335 1892 ",
3388 1827 3715 1883 amissurum
3754 1846 3804 1886 se

2238 1911 2394 1989 sciat.
2435 1911 2513 1966 lta
2556 1912 2700 1967 enim
2728 1912 3035 1967 continetur
3071 1913 3124 1967 in
3164 1914 3462 1983 capitulare
3493 1916 3674 1972 bonae

2239 2001 2445 2074 moriae
2464 2003 2723 2075 genitoris
2743 2003 2914 2058 nostri
2938 2003 2989 2058 in
3017 2003 3156 2060 libro
3177 2009 3370 2074 primo,
3401 2023 3521 2078 cap.
3549 2009 3674 2063 157.
3701 2030 3716 2061 ι
3745 2011 3803 2067 Ut

2240 2094 2332 2164 qui
2375 2094 2728 2176 ecclesiarum
2772 2095 3035 2151 beneﬁcia
3079 2097 3299 2164 habent,
3355 2115 3539 2154 nonam
3587 2111 3642 2158 et
3681 2105 3802 2176 deci-

2242 2201 2388 2240 mam
2411 2201 2477 2242 ex
2501 2187 2582 2242 eis
2611 2173 2874 2244 ecclesiae
2896 2189 3050 2245 cuius
3074 2204 3162 2244 res
3202 2198 3348 2256 sunt,
3376 2193 3601 2247 donent.
3643 2193 3705 2248 Et
3725 2173 3802 2264 qui

2242 2280 2352 2335 tale
2365 2279 2683 2336 beneﬁcium
2704 2265 2904 2352 habent
2916 2264 3027 2337 et"
3041 2283 3107 2337 ad
3124 2282 3466 2338 medietatem
3490 2283 3733 2339 laborant
3747 2287 3799 2349 “,

2240 2363 2296 2428 et
2327 2371 2370 2403 ¹⁹
2416 2372 2482 2428 de
2505 2387 2694 2428 eorum
2740 2373 2988 2454 portione
3041 2374 3260 2454 proprio
3289 2372 3334 2404 ¹⁰
3373 2375 3684 2445 presbytero
3725 2375 3802 2431 de-

2240 2466 2416 2546 cimas
2440 2466 2656 2532 donent.
2694 2483 2714 2519 ›
2753 2449 2892 2522 ltem
2932 2465 2988 2521 in
3031 2449 3326 2552 capitulare
3372 2469 3638 2522 nostro'in
3679 2469 3801 2522 Ebro

2240 2560 2499 2625 secundo,
2527 2575 2645 2629 cap.
2680 2559 2746 2614 21
2778 2560 2843 2616 de
2870 2559 3058 2614 eadem
3083 2573 3178 2614 re:
3217 2577 3236 2612 ς
3289 2559 3366 2632 De
3405 2560 3561 2621 nonis
3599 2560 3798 2630 quidem

2240 2660 2296 2710 et
2319 2651 2562 2717 decimis,
2587 2652 2728 2710 unde
2770 2661 2826 2706 et
2852 2652 3065 2730 genitor
3100 2659 3285 2727 noster
3309 2660 3363 2724 et
3391 2667 3490 2726 nos
3513 2651 3800 2730 frequenter

2169 2737 2214 2797 Β
2240 2729 2371 2811 etin
2400 2744 2628 2826 diversis
2649 2744 2863 2825 placitis
2884 2726 2888 2732 ’
2909 2723 3332 2824 admonitionem
3376 2723 3604 2820 iecimus,
3629 2751 3678 2797 et
3702 2759 3796 2812 per

2239 2838 2555 2914 capitularia
2590 2846 2782 2894 nostra
2838 2837 3074 2909 qualiter
3110 2837 3244 2892 haec
3284 2837 3620 2908 observentur
3656 2836 3796 2891 ordi-

2223 2914 2786 3006 navimus,2volumus
2813 2913 2976 2998 atque
3018 2928 3264 2984 iubemus
3285 2935 3344 3006 ut
3372 2926 3440 3000 de
3463 2915 3605 3001 omni
3632 2924 3798 2980 conlao

2236 3000 2450 3086 boratu,
2476 3029 2532 3075 et
2555 3021 2598 3071 υ
2623 3020 2690 3075 de
2727 3000 2852 3090 vino
2889 3027 2945 3073 et
2973 3019 3018 3050 “
3054 3019 3197 3082 teno,
3231 3000 3459 3073 ﬁdeliter
3499 3000 3551 3091 et
3590 3017 3800 3088 plenith

2239 3115 2307 3170 ab
2343 3113 2594 3169 omnibus
2627 3125 2772 3185 nona
2823 3117 2878 3166 et
2909 3109 3114 3164 decima
3151 3109 3512 3178 persolvatur.
3553 3109 3629 3164 De
3651 3109 3798 3162 nutri-

2237 3204 2384 3260 mine
2403 3218 2531 3258 vero
2557 3217 2656 3274 pro
2681 3201 2908 3265 decima,
2939 3200 3078 3260 sicut
3100 3207 3321 3254 actenus
3344 3199 3678 3254 consuetudo
3698 3198 3797 3262 fuit,

2238 3295 2306 3348 al)
2341 3293 2593 3360 omnibus
2628 3293 2967 3347 observetur.
3011 3289 3067 3344 Si
3095 3290 3217 3360 quis
3241 3298 3421 3343 tamen
3444 3290 3798 3360 episcoporum

2237 3383 2401 3437 fuerit
2430 3382 2522 3453 qui
2554 3389 2835 3452 argentum
2867 3395 2968 3449 pro
2996 3381 3102 3436 hoc
3147 3380 3390 3448 accipere
3437 3379 3586 3455 velit,
3625 3380 3678 3435 in
3719 3394 3799 3433 sua

2239 3480 2453 3534 maneat
2482 3460 2769 3541 potestate,
2811 3462 2959 3542 iuxta
2993 3470 3136 3540 quod
3160 3470 3210 3524 ei
3247 3459 3301 3524 et
3329 3468 3406 3526 illi
3443 3471 3537 3540 qui
3571 3470 3675 3544 hoc
3705 3483 3802 3539 pcr-

2238 3563 2448 3618 solvere
2469 3563 2646 3626 debet,
2677 3561 3031 3616 cumvenerit.
3078 3579 3098 3613 ι

2308 3656 2341 3709 6
2363 3655 2430 3708 ’³.
2471 3652 2806 3722 Quicumque
2831 3652 3096 3708 decimam
3125 3653 3390 3709 abstrahit
3412 3651 3481 3708 de
3503 3651 3726 3708 ecclesia
3746 3651 3800 3706 ad

2237 3760 2400 3817 quam
2444 3759 2542 3824 per
2572 3743 2833 3808 iustitiam
2869 3743 2988 3822 dari
3025 3736 3203 3808 debet,
3249 3750 3304 3798 et
3345 3758 3465 3798 eam
3505 3757 3800 3812 praesump-

2238 3837 2375 3892 tiose
2395 3836 2480 3890 vel
2503 3835 2548 3866 ”
2582 3845 2803 3913 propter
2827 3849 3051 3901 munera
3085 3844 3177 3913 aut
3207 3835 3528 3899 amicitiam,
3555 3835 3641 3890 vel
3663 3834 3799 3890 aliam

2237 3927 2534 4000 quamlibet
2544 3927 2904 4006 occasionem,
2917 3926 2989 4005 ad
2997 3925 3218 4006 alteram
3232 3927 3515 4005 ecclesiam
3531 3927 3735 3984 dederit
3745 3927 3801 3988 ",

2238 4035 2271 4074 a
2323 4019 2521 4076 comite
2566 4019 2705 4074 vela
2751 4017 2917 4073 misso
2964 4027 3150 4074 nostro
3172 4017 3547 4096 distringatur,
3586 4026 3651 4072 ut
3683 4017 3803 4072 eius-

551 4099 801 4183 homines
821 4108 1011 4175 contra
1033 4093 1235 4182 statuta
1259 4099 1302 4130 “
1322 4111 1348 4140 α
1375 4099 1481 4155 sibi
1511 4100 1554 4130 ¹³
1582 4100 1864 4155 servitium
1891 4101 2130 4171 exigunt,
2165 4123 2167 4148 ι

2242 4111 2365 4168 dem
2390 4112 2631 4167 decimae
2663 4110 3021 4180 quantitatem
3045 4125 3168 4164 cum
3191 4126 3284 4166 sua
3328 4093 3444 4180 lege
3473 4109 3727 4165 restituat
3748 4107 3801 4158 ".

553 4175 889 4272 quicumque
909 4206 1008 4269 pro
1037 4193 1140 4248 hac
1175 4176 1345 4277 causa
1393 4201 1677 4269 accusatus
1723 4191 1906 4259 fuerit,
1955 4209 2141 4251 comes

554 4281 640 4334 vel
677 4281 827 4336 missi
870 4281 973 4337 hoc
1010 4284 1153 4350 quod
1198 4282 1322 4337 inde
1347 4283 1682 4349 subtractum
1717 4291 1817 4349 est,
1854 4285 2139 4356 presbyte-

559 4370 638 4424 ris
670 4369 726 4433 ¹δλ
749 4385 868 4424 cum
897 4386 994 4450 sua
1023 4370 1139 4450 lege
1174 4372 1461 4427 restituere
1487 4371 1712 4448 faciant.

2308 4205 2362 4258 7.
2415 4204 2494 4260 De
2520 4204 2764 4269 decimis,
2792 4218 2930 4273 quae
2953 4203 2995 4234 ⁸⁷
3017 4203 3247 4273 populus
3273 4193 3404 4256 dare
3427 4217 3534 4264 non
3557 4201 3692 4263 wlt,
3715 4197 3804 4254 nisi

2235 4290 2477 4360 quolibet
2521 4288 2681 4344 modo
2711 4290 2779 4344 ab
2813 4304 2878 4344 eo
2913 4290 3266 4354 redimantur,
3297 4289 3364 4343 ab
3386 4288 3659 4358 episcopis
3698 4299 3806 4356 pro-

2233 4380 2525 4436 hibendum
2550 4387 2633 4435 est
2656 4394 2724 4435 ne
2749 4378 2862 4434 ﬁat.
2890 4379 2957 4433 Et
2989 4380 3034 4434 si
3059 4379 3180 4448 quis
3207 4388 3548 4450 contemptor
3571 4378 3808 4432 inventus

630 4460 665 4514 5
695 4461 758 4514 ¹⁸.
797 4453 872 4515 De
898 4461 982 4516 his
1015 4461 1106 4531 qui
1133 4477 1304 4517 nonas
1338 4454 1393 4517 et
1419 4454 1655 4518 decimas
1683 4463 1788 4518 iam
1814 4479 1911 4534 per
1937 4465 2143 4535 multos
2233 4470 2414 4537 fuerit,
2443 4481 2498 4527 et
2533 4487 2633 4526 nec
2662 4471 2972 4542 episcopum
3019 4487 3121 4527 nec
3163 4473 3416 4527 comitem
3459 4470 3654 4525 audire
3679 4468 3806 4530 velit,

557 4565 749 4638 annos,
774 4559 867 4641 aut
901 4565 963 4606 ex
1000 4558 1151 4620 parte
1193 4549 1287 4607 aut
1312 4567 1378 4608 ex
1425 4561 1559 4619 toto,
1596 4553 1726 4611 dare
1761 4546 2132 4626 neglexerunt,

2235 4563 2281 4619 si
2319 4573 2506 4619 noster
2535 4564 2698 4619 homo
2731 4562 2912 4627 fuerit,
2961 4563 3027 4618 ad
3056 4563 3420 4634 praesentiam
3463 4570 3712 4618 nostram
3733 4573 3808 4612 ve.

1773 4691 2165 4777 VARIANTES
2196 4694 2602 4770 LECTIONES._

631 4829 648 4861 ⁸
676 4845 741 4884 ea:
777 4826 930 4897 codd.
971 4827 1021 4880 1.
1045 4828 1079 4881 ’1
1109 4827 1163 4882 b.
1192 4827 1216 4881 1
1245 4842 1293 4882 c.
1323 4827 1376 4882 2.
1409 4827 1463 4882 5.
1486 4825 1538 4880 5.
1565 4825 1616 4879 6.
1649 4826 1701 4880 7.
1733 4827 1786 4881 8.
1815 4827 1982 4882 9.10.
2017 4826 2171 4882 Galla.
2197 4827 2332 4881 Μαι.
2409 4830 2430 4860 ³
2458 4843 2529 4881 ιη.
2557 4828 2757 4897 nostris
2780 4827 2916 4897 Μαι.
2993 4827 3014 4860 ³
3036 4830 3109 4882 ita
3145 4827 3298 4882 codd.
3327 4843 3546 4897 omnes;
3579 4826 3808 4882 Sirmon-

553 4902 655 4958 dats
680 4901 815 4954 hanc
845 4896 1230 4967 inscriptionem
1256 4897 1498 4951 cxhibet‘:
1535 4897 1678 4951 llaec
1707 4906 1835 4952 sunt
1855 4898 2088 4966 capitula
2117 4913 2255 4966 quae
2279 4891 3000 4968 propter-interrogationem
3047 4898 3354 4967 aliquorum
3373 4895 3674 4968 iiuisSorum
3695 4911 3807 4950 con-

554 4973 790 5027 siderata
814 4975 867 5022 et
893 4969 1094 5037 scripta
1115 4968 1203 5023 Vel
1227 4968 1657 5039 ordinatasunt,
1681 4968 1793 5022 sive
1818 4968 1884 5039 de
1927 4968 2308 5028 ecclesiasticis
2346 4967 2548 5039 causis,
2590 4969 2703 5025 sive
2739 4967 2811 5023 de
2856 4969 3086 5039 caeteris
3131 4983 3271 5036 quae
3317 4967 3386 5022 ad
3425 4967 3809 5039 correctionem

555 5043 824 5104 maiorum
849 5036 1149 5103 hominum,
1178 5045 1232 5093 et
1257 5052 1395 5107 quae
1422 5036 1489 5090 ad
1517 5037 1789 5108 publicum
1820 5038 2078 5108 honorem
2105 5039 2376 5108 pertinent
2401 5055 2414 5104 ;
2457 5036 2592 5107 quae
2619 5039 2718 5108 sub
2743 5039 2914 5092 tribus
2937 5038 3382 5108 distinctionibus
3398 5036 3653 5108 ordinata
3675 5042 3806 5108 sunt.

553 5112 577 5142 ⁸
615 5112 834 5178 iubeant
864 5109 911 5163 l.

553 5180 850 5236 derandum
875 5181 928 5234 5.
959 5179 1010 5234 5.
1040 5179 1190 5234 7-11).

1039 5109 1060 5141 ⁸
1098 5106 1443 5178 persoluam.
1473 5145 1486 5159 .
1515 5145 1528 5159 .
1556 5107 1856 5178 sustineant
1882 5106 1966 5160 BI.
2003 5106 2160 5162 Goth.

1301 5177 1631 5231 “uoluerunt
1661 5177 1711 5230 1.
1786 5177 1806 5207 ³
1829 5178 2208 5233 describantur
2229 5179 2282 5233 5.
2311 5177 2365 5231 5.
2393 5178 2488 5231 rel.
2526 5179 2611 5231 BI.
2636 5185 2695 5232 ut
2715 5179 2805 5232 ubi
2829 5172 3097 5233 scribetur
3124 5176 3278 5233 Goth.
3333 5185 3336 5187 '
3362 5177 3486 5238 “'c,
3515 5177 3570 5231 hi

3595 5108 3618 5138 '
3646 5105 3810 5186 consi-

3607 5192 3701 5246 qut
3728 5188 3812 5229 eas

2260 5102 2287 5138 ’⁸
2323 5097 2671 5162 armiscaram
2715 5108 2801 5161 Bl.
2829 5107 3130 5163 ariscadam
3166 5097 3382 5161 ν.“γή.’
3412 5099 3481 5160 Ε.

555 5251 610 5313 9...
637 5243 692 5305 ’5.
725 5250 873 5303 5-10.
952 5252 994 5297 “.
1019 5251 1115 5308 hoc
1137 5257 1290 5319 caput
1311 5248 1448 5319 deest
1478 5246 1531 5301 in
1554 5246 1708 5319 G_ot_la.
1739 5246 1795 5319 Μ
1799 5256 1875 5300 ut.
1901 5277 1926 5287 -
1947 5247 2122 5319 Codex
2150 5249 2322 5308 Paris.
2347 5247 2486 5319 {613
2509 5257 2555 5302 et
2578 5250 2674 5302 hoc
2698 5257 2745 5302 et
2771 5248 2971 5319 reliquo
3003 5249 3166 5319 huius,
3185 5247 3496 5319 gapitulqris
3523 5248 3574 5300 l.
3605 5243 3808 5319 omittit.

559 5307 603 5352 '5
629 5328 817 5377 contra
838 5306 1102 5375 canonum
1134 5305 1334 5373 statuta
1365 5305 1446 5372 lt).
1561 5317 1604 5348 ¹³
1628 5317 1741 5371 siue
1772 5317 1822 5370 l.

1939 5317 1980 5349 “
2004 5321 2320 5390 presbytero
2340 5318 2445 5390 βλ.
2489 5319 2557 5390 ﬁt“
2589 5319 2686 5390 hoe
2710 5311 2889 5390 ,σαριιὶ
2931 5311 3344 5390 άᾳεειβίρόῑιξ.
3391 5315 3445 5369 Μ
3453 5325 3530 5390 ut.
3556 5387 3569 5390 _
3589 5315 3653 5390 Δι’
3681 5311 3812 5390 unde

555 5391 698 5447 hanc
721 5405 915 5446 nonam
937 5400 993 5446 et
1029 5391 1290 5446 decimam
1316 5385 1624 5457 persolvere
1647 5387 1851 5452 debuit,
1879 5398 1976 5442 etc.
2004 5385 2091 5443 10.
2166 5385 2210 5421 ίτ
2239 5397 2300 5444 ιιι
2336 5389 2390 5442 5.
2417 5388 2566 5443 5ο10.
2600 5392 2608 5399 ’
2646 5387 2687 5418 ⁸⁸
2708 5385 2952 5457 laberent
2988 5389 3043 5442 5.
3075 5386 3227 5442 5-10.
3287 5386 3349 5457 >¹⁹
3380 5395 3440 5438 ιιι
3465 5387 3518 5457 9.
3549 5385 3634 5457 l0.
3676 5385 3820 5457 rigeat

555 5462 610 5516 5.
636 5460 722 5515 Bt.
797 5459 843 5490 '°
862 5461 1000 5515 deest
1027 5461 1078 5513 1.
1155 5462 1197 5491 ’³
1227 5475 1276 5515 c.
1304 5453 1371 5512 de
1389 5473 1601 5530 annona
1623 5466 1678 5511 et
1703 5458 1752 5530 l.
1825 5459 1869 5488 ¹²
1903 5458 1987 5530 uel
2008 5459 2091 5512 BI.
2168 5459 2214 5490 ’³
2234 5460 2330 5513 hoc
2373 5467 2525 5530 caput
2547 5459 2705 5512 deest.
2731 5455 2885 5511 Goth.
2916 5456 3053 5530 Mat.
3131 5459 3176 5488 ”
3203 5455 3412 5530 (ξι-(2.5.
3465 5455 3668 5530 εἶτ-10.-Δ
3693 5453 3738 5483 ⁸³
3757 5456 3806 5530 ᾀε

555 5540 679 5601 post
705 5538 816 5585 tres
839 5532 1174 5601 sacerdotum
1199 5522 1599 5601 castigationes.
1617 5529 2112 5594 excommunicetur
2133 5537 2186 5583 et
2207 5544 2304 5599 per
2327 5519 2577 5585 Comitem
2623 5537 2714 5584 aut
2737 5543 2829 5596 uer
2859 5529 3080 5584 missum
3107 5537 3210 5584 ctc.
3253 5525 3281 5573 ν
3299 5564 3312 5577 .
3348 5525 3451 5580 Vn.
3479 5525 3547 5580 E.
3622 5523 3669 5555 “
3693 5539 3737 5578 ι’.
3763 5519 3810 5582 ω

557 5597 640 5658 est
675 5618 726 5655 γι
764 5601 949 5657 solidis
983 5599 1079 5654 Vn.
1107 5600 1172 5653 E.
1249 5600 1290 5631 '7
1326 5597 1460 5668 quas
1486 5597 1572 5652 ΒΙ.

2083 5687 2309 5743 NOTAE.

641 5773 665 5802 ι
694 5762 792 5827 VI,
827 5775 1007 5830 supra,
1044 5775 1162 5832 cap.
1200 5775 1247 5814 a.
1282 5758 1404 5824 817,
1433 5775 1550 5830 cap.
1600 5759 1674 5813 lO.
