3992 6344
198 395 311 454 653

486 393 717 452 CODEX
755 388 1275 448 DIPLOMATICUS.
1304 419 1378 430 —
1411 385 1729 444 LUDOVICI
1764 385 1781 439 Ι

1892 384 1907 438 r
1945 345 2268 439 Lernan-li
2299 376 2782 436 CAPITULARIA.
2815 404 2884 423 -η
2917 374 3018 430 An.
3061 375 3185 433 829.

3362 373 3465 430 651

197 515 324 568 nite
376 508 750 579 conpellatur;
817 505 981 560 ceteri
1029 517 1156 558 vero
1211 501 1618 571 distringantur,
1669 499 1684 528 ¹
1733 504 1793 551 ιιι
1826 503 1866 560 Α
1895 494 2126 564 capitulo
2163 494 2251 548 56.
2286 512 2305 545 ε
2343 492 2679 561 Quicumque
2701 505 2859 546 suum
2883 491 2928 522 '°
2955 489 3279 546 beneficium
3317 497 3474 546 occa'
3518 473 3532 488 ’

197 604 362 660 imiti
411 600 671 658 ecclesiae
721 597 1044 660 restituant,
1093 595 1186 664 qui
1215 594 1236 624 ⁸
1273 592 1609 649 voluntariae
1655 589 1786 644 dare

193 694 581 764 neﬂexerunt.

266 807 303 861 8
355 804 396 857 ³.
439 801 778 871 Quicumque
809 797 880 874 de
927 797 1088 852 rebus
1128 795 1478 852 ecclesiarum
1539 807 1675 862 quas
1725 791 1782 846 in

189 895 525 952 beneﬁcium
577 893 599 924 ‘
637 893 854 956 habent,
901 888 1324 964 restaurationes
1371 900 1557 941 earum
1605 882 1785 938 facere

189 987 573 1066 neglexerunt,
623 985 773 1039 iuxta
824 982 1176 1052 capitularem
1217 979 1544 1037 anteriorem
1580 975 1638 1031 in
1676 989 1784 1044 quo

189 1078 262 1134 de
286 1078 552 1148 operibus
582 1092 647 1132 ac
668 1076 824 1131 nonis
861 1083 915 1130 et
941 1073 1163 1152 decimis
1201 1070 1552 1128 constitutum
1575 1076 1677 1132 est,
1703 1067 1783 1122 sic

189 1174 261 1240 de
292 1171 402 1225 illis
427 1167 807 1238 adimpleatur,
848 1166 1007 1223 idest
1049 1165 1106 1220 in
1132 1165 1269 1220 libro
1306 1170 1500 1232 quarto
1541 1158 1791 1230 capitulo

188 1245 284 1317 38.
327 1279 346 1313 ι
385 1259 463 1315 De
497 1273 660 1329 opere
681 1266 734 1314 et
775 1257 1169 1330 restauratione
1215 1246 1598 1310 ecclesiarum:
1639 1251 1784 1308 Con-

187 1351 498 1406 sideratum
524 1349 546 1380 ⁵
581 1358 684 1415 est,
723 1356 782 1403 ut
822 1347 889 1403 de
924 1347 1169 1418 frugibus
1193 1353 1371 1406 terrae
1392 1353 1446 1401 et
1466 1342 1782 1398 animalium

185 1442 495 1499 nutrimine
524 1439 918 1512 persolvantur.
958 1421 1034 1494 De
1057 1453 1220 1508 opere
1240 1452 1369 1494 vero
1393 1437 1474 1493 vel
1514 1445 1783 1492 restaura-

187 1537 346 1591 tione
365 1533 720 1590 ecclesiarum
746 1548 927 1589 comes
943 1541 997 1588 et
1017 1532 1300 1601 cpiscopus
1324 1529 1439 1586 sive
1467 1529 1650 1592 abbas,
1672 1543 1781 1582 una

187 1643 319 1683 cum
357 1627 528 1682 misso
548 1633 754 1702 nostro,
795 1639 954 1702 quem
990 1623 1092 1694 ipsi
1129 1622 1230 1678 sibi
1268 1624 1335 1677 ad
1373 1622 1476 1689 hoc
1497 1619 1778 1689 elegerint,

186 1706 688 1792 considerationem
716 1705 936 1788 faciant,
964 1707 1025 1769 ut
1053 1714 1421 1783 unusquisque
1459 1725 1644 1766 eorum
1669 1717 1782 1763 tan-

187 1801 309 1864 tum
339 1807 469 1880 inde
491 1809 722 1885 accipiat
753 1808 774 1839 ⁸
813 1805 881 1862 ad
904 1798 1234 1876 operandam
1260 1812 1314 1859 et
1342 1802 1776 1866 restanrandum,

186 1909 456 1970 quantum
481 1899 595 1968 ipse
620 1897 687 1953 de
712 1898 872 1953 rebus
895 1897 1245 1952 ecclesiarum
1269 1895 1469 1949 habere
1505 1891 1785 1963 cognosci-

187 1998 298 2044 tur.
343 1987 617 2045 Similiter
642 1996 694 2042 et
715 1989 857 2042 vassi
881 1988 1051 2042 nostri
1075 1994 1167 2040 aut
1187 1987 1240 2040 in
1262 1996 1548 2040 commune
1567 1990 1780 2060 tantum

185 2085 370 2155 operis
411 2081 683 2150 accipiant
741 2089 1002 2150 quantum
1040 2095 1223 2135 rerum
1288 2076 1779 2133 ecclesiasticarum

185 2177 414 2240 habent,
455 2172 542 2227 vel
586 2172 956 2241 unusquisque
997 2186 1096 2242 per
1136 2185 1196 2225 se
1232 2169 1380 2224 iuxta
1422 2167 1785 2237 quantitatem

187 2285 351 2340 quam
393 2267 512 2335 ipse
549 2271 716 2319 tenet.
757 2264 865 2318 Aut
902 2265 949 2319 si
974 2265 1116 2318 inter
1145 2277 1236 2318 eos
1259 2259 1574 2317 convenerit
1605 2267 1665 2313 ut
1683 2272 1784 2328 pro

185 2345 352 2430 opere
397 2356 649 2410 faciendo
691 2362 972 2426 argentum
997 2355 1217 2418 donent,
1261 2353 1412 2406 iuxta
1449 2349 1787 2406 aestimatio-

187 2467 310 2508 nem
354 2449 544 2519 operis
565 2448 623 2502 in
649 2455 872 2517 argento
911 2447 1256 2517 persolvant:
1299 2460 1422 2501 cum
1463 2457 1569 2513 quo
1602 2441 1784 2512 pretio

191 2551 368 2597 rector
401 2539 670 2595 ecclesiae
692 2537 761 2592 ad
799 2522 1130 2606 praedictam
1171 2533 1622 2591 restaurationem
1657 2546 1786 2602 ope-

187 2635 359 2706 rarios
395 2633 418 2664 ⁷
467 2631 771 2688 conducere
811 2636 865 2685 et
909 2628 1262 2704 materiamen
1308 2625 1329 2656 "
1369 2640 1548 2687 emere
1589 2623 1778 2694 possit.

189 2724 374 2806 βιῳιί
409 2737 583 2777 nonas
621 2729 675 2776 et
717 2720 953 2776 decimas
997 2709 1126 2774 dare
1177 2716 1491 2788 neglexerit,
1541 2715 1782 2786 primum

190 2813 412 2884 quidem
434 2811 556 2866 illas
577 2827 700 2868 cum
744 2826 840 2866 sua
863 2810 982 2880 lege
1003 2809 1273 2872 restituat,
1312 2808 1534 2877 insuper
1574 2807 1782 2861 etban-

190 2919 324 2959 nnm
365 2910 612 2958 nostrum
655 2901 864 2967 solvat;
905 2911 967 2956 ut
997 2902 1070 2956 ita
1118 2900 1415 2969 castigatus
1457 2905 1665 2963 caveat,
1711 2912 1783 2952 ne

199 2995 423 3064 saepius
451 2994 688 3050 iterando
714 2996 734 3028 '
769 2994 1094 3051 beneficium
1117 2993 1350 3048 amittat.
1409 3008 1429 3043 ι

275 3084 311 3139 9
337 3083 403 3135 ιο.
440 3081 518 3139 De
555 3083 654 3141 illis
678 3085 718 3117 ιι
743 3086 836 3155 qui
863 3099 1022 3155 agros
1050 3082 1403 3138 dominicatos
1431 3081 1471 3110 ¹²
1495 3085 1779 3148 propterea

200 3181 500 3251 neglexerit
541 3177 802 3242 excolere,
846 3184 908 3230 ut
953 3189 1123 3230 nonas
1153 3172 1195 3204 ¹³
1226 3180 1280 3226 et
1324 3171 1563 3231 decimas
1587 3167 1782 3223 exinde

193 3286 302 3326 non
337 3271 384 3302 “
404 3260 696 3341 persolvat,
748 3275 808 3323 et
854 3267 1058 3321 alienas
1105 3272 1281 3325 terras
1303 3263 1370 3318 ad
1426 3259 1777 3318 excolendum

190 3369 413 3436 propter
433 3363 539 3420 hoc
558 3359 776 3432 accipit,
801 3360 1044 3414 volumus
1066 3364 1125 3412 ut
1147 3357 1212 3413 de
1235 3356 1408 3411 tribus
1428 3354 1582 3412 annis
1608 3353 1779 3423 ipsam

191 3464 393 3511 nonam
419 3464 474 3511 et
499 3454 767 3510 decimam
798 3452 844 3484 “
886 3466 1007 3507 cum
1048 3464 1146 3516 sua
1184 3449 1299 3518 lege
1322 3445 1595 3517 persolvat
1624 3445 1687 3498 ¹⁸.
1711 3443 1780 3498 Et

194 3548 239 3600 si
267 3548 394 3617 quis
417 3554 762 3615 contemptor
791 3554 884 3600 aut
903 3542 1117 3598 comitis
1142 3548 1236 3595 aut
1259 3539 1545 3594 missorum
1570 3545 1782 3596 nostro-

190 3655 310 3697 rum
332 3653 557 3714 propter
581 3643 684 3698 hoc
720 3639 1010 3706 exstiterit,
1037 3652 1133 3708 per
1156 3636 1502 3692 ﬁdeiussores
1528 3632 1596 3689 ad
1635 3632 1782 3702 pala-

192 3733 327 3810 tium
355 3734 546 3789 venire
567 3729 937 3801 compellatur.

264 3826 337 3880 10
365 3825 433 3878 ⁸⁷.
478 3824 548 3880 Ut
569 3822 638 3877 de
678 3822 842 3877 rebus
879 3817 1231 3875 ecclesiarum
1275 3828 1414 3884 quae
1453 3813 1521 3868 ab
1559 3811 1638 3867 eis
1681 3825 1779 3882 per

187 3918 422 3988 triginta
469 3927 735 3970 annorum
775 3911 1008 3981 spatium
1049 3908 1167 3964 sine
1200 3906 1307 3962 ulla
1353 3903 1781 3974 interpellatione

187 4023 447 4082 possessa
499 4008 544 4039 “
569 4013 714 4068 sunt,
746 4001 1055 4060 testimonia
1079 4015 1188 4055 non
1224 3998 1569 4066 recipiantur,
1601 3994 1693 4049 sed
1716 4007 1781 4049 eo

189 4103 356 4158 modo
394 4099 794 4161 contineantur,
823 4095 962 4151 sicut
985 4107 1072 4148 res
1110 4091 1178 4147 ad
1218 4089 1412 4146 fiscum
1454 4085 1781 4144 dominicum

189 4193 534 4264 pertinentes
565 4186 837 4245 contineri
858 4184 1056 4241 solent.

213 4295 218 4300 ’
702 4314 832 4362 tm:
871 4313 993 4353 ALIA
1036 4308 1320 4351 currum.

269 4418 297 4473 1
333 4416 401 4469 ⁸1.
443 4415 520 4484 De
542 4412 818 4494 beneficiis
855 4408 1140 4490 destructis
1161 4407 1264 4486 hoc
1294 4405 1612 4460 observetur
1637 4401 1780 4471 quod

192 4509 252 4574 in
274 4505 574 4578 capitulare
596 4504 759 4577 priori
786 4503 1108 4573 continetur,
1143 4498 1195 4575 id
1223 4499 1378 4578 estin
1415 4496 1554 4555 libro
1584 4500 1778 4586 quarto

1886 587 2036 643 sione
2055 586 2254 657 proprii
2270 585 2541 640 desertum
2563 584 2830 647 habuerit,
2854 590 2908 638 et
2942 583 3084 656 intra
3105 583 3306 637 annum
3325 590 3477 653 post-

1887 689 2051 747 quam
2073 676 2125 730 ei
2155 692 2183 729 a
2207 676 2403 731 comite
2425 675 2686 730 velmisso
2707 681 2896 728 nostro
2920 680 3108 728 notum
3139 673 3340 728 factum
3362 673 3473 729 fue-

1884 767 1977 830 rit,
2038 765 2168 820 illud
2212 765 2552 820 emendatum
2590 779 2700 820 non
2741 763 3015 829 habuerit,
3055 763 3228 833 ipsum
3265 762 3474 819 benefi-

1881 856 2028 913 cium
2056 856 2291 923 amittat,
2331 873 2350 907 ι

1955 947 2009 1001 2.
2053 946 2121 1003 Ut
2170 946 2320 1001 missi
2362 946 2534 1002 nostri
2564 946 2890 1015 ubicumque
2915 946 3088 1002 malos
3137 947 3394 1003 scabinos
3426 950 3468 981 “

1885 1039 2162 1095 inveniant
2190 1039 2257 1104 ¹¹,
2291 1038 2514 1104 eiciant,
2563 1046 2617 1093 et
2665 1039 2833 1093 totius
2875 1037 3063 1108 populi
3114 1054 3382 1095 consensu
3415 1041 3470 1095 in

1885 1129 2062 1187 locum
2086 1146 2275 1186 eorum
2309 1131 2483 1186 bonos
2506 1130 2724 1202 eligant.
2774 1130 2842 1186 Et
2889 1146 3014 1186 cum
3055 1130 3213 1186 electi
3244 1129 3469 1197 fuerint,

1886 1222 2066 1279 iurare
2091 1221 2295 1278 faciant
2319 1229 2378 1276 ut
2405 1221 2639 1277 scienter
2663 1220 2709 1258 ⁸³
2746 1221 2945 1286 iniuste
2975 1222 3215 1278 iudicare
3242 1238 3349 1278 non
3372 1223 3471 1278 de-

1885 1315 2067 1369 beant.

1955 1425 1990 1481 5
2020 1423 2085 1478 “.
2129 1423 2199 1481 Ut
2221 1427 2277 1483 in
2317 1427 2463 1482 omni
2502 1425 2762 1483 comitatu
2797 1424 2854 1480 bi
2883 1425 2975 1495 qui
3001 1424 3256 1480 meliores
3298 1432 3354 1482 et
3373 1439 3471 1482 ve-

1883 1514 2114 1570 ratiores
2157 1516 2383 1570 inveniri
2407 1525 2656 1586 possunt,
2691 1516 2960 1585 eligantur
2981 1531 3011 1568 a
3039 1515 3219 1570 missis
3267 1515 3470 1572 nostris

1884 1604 1952 1658 ad
1975 1604 2348 1674 inquisitiones
2370 1606 2642 1662 faciendas
2669 1614 2721 1661 et
2744 1606 2820 1660 rei
2846 1605 3128 1660 veritatem
3151 1606 3468 1672 dicendam;

1883 1703 1939 1751 et
1967 1705 2028 1759 ut
2058 1699 2104 1729 "
2130 1697 2404 1754 adiutores
2439 1699 2696 1753 comitum
2720 1697 2828 1752 sint
2848 1697 2916 1752 ad
2937 1696 2982 1728 "
3011 1697 3246 1752 iustitias
3269 1697 3472 1751 facien-

1889 1786 2006 1847 das.

1960 1898 2014 1953 4.
2057 1900 2317 1965 Volumus
2343 1909 2404 1955 ut
2443 1901 2771 1971 quicumque
2820 1899 2886 1962 de
2911 1900 3147 1956 scablnis
3175 1899 3473 1969 deprehen-

1889 2006 1981 2047 sus
2003 1990 2165 2047 fuerit
2189 2002 2412 2063 propter
2440 2009 2659 2070 munera
2694 2001 2787 2047 aut
2806 2001 3030 2062 propter
3055 1993 3354 2047 amicitiam
3386 1990 3473 2046 vel

1888 2085 2227 2140 inimicitiam
2253 2086 2294 2116 ’⁷
2324 2085 2524 2139 iniuste
2557 2085 2845 2149 iudicasse,
2896 2091 2956 2137 ut
2984 2084 3030 2114 "
3073 2099 3170 2152 per
3195 2083 3474 2138 fideiusso-

1886 2192 1975 2232 res
2017 2177 2215 2232 missus
2243 2175 2308 2229 ad
2336 2176 2698 2246 praesentiam
2743 2184 2986 2230 nostram
3016 2174 3060 2205 ²⁹
3091 2174 3240 2228 illum
3282 2173 3470 2228 venire

1885 2267 2067 2322 faciat.
2110 2268 2183 2321 Dc
2207 2274 2388 2322 cetero
2419 2266 2671 2320 omnibus
2718 2264 2955 2320 scabinis
2986 2263 3350 2324 denuntietur,
3397 2276 3469 2318 ne

1885 2360 2008 2432 quis
2037 2359 2288 2428 deinceps
2313 2358 2476 2413 etiam
2515 2357 2716 2411 iustum
2747 2355 3004 2411 iudicium
3047 2354 3279 2410 vendere
3303 2367 3467 2423 prae-

1884 2463 2083 2511 sumat.
2181 2479 2183 2482 ‘

1954 2566 1987 2622 5
2011 2566 2076 2635 ³⁸³.
2101 2565 2436 2641 Ubicumque
2470 2561 2924 2617 commutationes
2951 2568 3060 2614 tam
3087 2566 3326 2628 tempore
3348 2573 3470 2614 nos-

1883 2668 1969 2735 tro
1995 2670 2263 2733 quamque
2292 2655 2550 2726 genitoris
2574 2654 2616 2684 "
2641 2653 2811 2707 nostri
2845 2651 3115 2721 legitimae
3146 2649 3190 2680 ⁸¹
3214 2658 3269 2704 et
3296 2650 3468 2705 ratio-

1872 2745 2091 2811 nabiles
2121 2757 2281 2817 atque
2333 2745 2495 2800 utiles
2525 2744 2770 2816 ecclesiis
2799 2743 2894 2798 Dei
2944 2741 3120 2796 factae
3165 2748 3310 2804 sunt,
3338 2753 3469 2810 per—

1881 2851 2154 2912 maneant.
2201 2841 2536 2908 Ubicumque
2579 2853 2709 2894 vero
2750 2836 2968 2890 inutiles
3010 2844 3065 2890 et
3097 2832 3471 2889 incommodae

1881 2941 2042 3002 atque
2086 2929 2490 2986 inrationabiles
2534 2925 2709 2988 factae
2755 2934 2902 2992 sunt,
2977 2924 3364 2988 dissolvantur,
3415 2928 3469 2976 et

1880 3008 2108 3101 recipiat
2135 3021 2507 3090 unusquisque
2551 3019 2692 3089 quod
2718 3018 2884 3072 dedit.
2929 3016 3034 3073 Ubi
3079 3031 3208 3072 vero
3255 3020 3466 3068 mortua

1879 3108 2072 3168 manus
2095 3112 2398 3175 interiacet,
2432 3119 2525 3163 aut
2557 3109 2660 3171 alia
2702 3107 2974 3178 quaelibet
3010 3120 3172 3160 causa
3207 3118 3345 3174 quae
3379 3118 3467 3158 ra—

1811 3209 1856 3273 C
1889 3203 2162 3258 tionabilis
2195 3201 2240 3232 ³³
2271 3215 2392 3256 esse
2423 3200 2655 3264 videtur,
2706 3187 2924 3267 inventa
2947 3195 3130 3260 fuerit,
3180 3194 3465 3264 diligenter

1882 3294 2240 3368 describatur,
2274 3301 2327 3368 et
2353 3291 2419 3361 ad
2452 3299 2694 3344 nostram
2725 3289 2973 3343 notitiam
3013 3285 3336 3356 perferatur.

1954 3388 1987 3444 6
2008 3387 2075 3440 “.
2117 3386 2453 3460 Quicumque
2490 3383 2870 3458 comprobatus
2925 3370 3084 3433 fuerit
3115 3378 3182 3432 de
3207 3393 3292 3442 eo,
3321 3375 3466 3446 quod

1881 3481 2117 3536 scienter
2162 3484 2328 3533 testes
2353 3476 2406 3530 in
2456 3474 2752 3545 periurium
2779 3471 3099 3543 induxisset,
3129 3469 3230 3523 sub
3248 3467 3466 3521 ﬁdeius-

1881 3574 2034 3629 sione
2055 3570 2123 3625 ad
2149 3569 2409 3640 piacitum
2437 3568 2482 3598 ³⁵
2508 3574 2752 3620 nostrum
2781 3563 2965 3618 venire
2990 3559 3362 3628 compellatur,
3406 3564 3468 3610 ut

1881 3667 1955 3722 ibi
1983 3681 2106 3722 cum
2143 3665 2390 3719 fidelibus
2415 3661 2618 3716 nostris
2661 3657 3088 3721 consideremus,
3115 3650 3340 3723 quidde
3372 3649 3466 3704 tali

1880 3757 2098 3814 homine
2136 3753 2440 3811 faciendum
2465 3753 2554 3806 sit.

1953 3849 2004 3903 7.
2045 3849 2121 3903 De
2143 3847 2230 3902 bis
2269 3847 2358 3915 qui
2384 3843 2669 3900 discordiis
2695 3849 2750 3896 et
2781 3837 3215 3895 contentionibus
3244 3832 3467 3889 studere

1883 3941 2055 3996 solent
2077 3947 2130 3994 et
2155 3939 2207 3992 in
2233 3951 2366 4006 pace
2390 3935 2571 3989 vivere
2593 3933 2637 3964 “
2661 3931 2870 3994 nolunt,
2893 3936 2947 3982 et
2967 3929 3089 3981 inde
3110 3922 3340 3979 convicti
3358 3919 3466 3974 fue-

1883 4035 2013 4098 rint,
2077 4031 2328 4086 similiter
2375 4027 2623 4084 volumus
2649 4065 2664 4091 ,
2707 4031 2768 4078 ut
2805 4023 2906 4077 sub
2952 4015 3366 4074 ﬁdeiussoribus
3395 4010 3464 4065 ad

1883 4130 2127 4178 nostrum
2163 4118 2423 4189 placitum
2455 4115 2696 4178 veniant,
2750 4120 2812 4165 ut
2841 4109 2913 4164 ibi
2941 4123 3063 4162 cum
3101 4103 3349 4159 ﬁdelibus
3368 4117 3461 4154 no-

1881 4213 2010 4269 stris
2024 4210 2427 4266 consideremus
2448 4205 2578 4275 quid
2601 4203 2668 4257 de
2693 4200 2890 4258 talibus
2926 4193 3235 4250 faciendum
3259 4191 3351 4246 sit.

1865 4324 1868 4326 ‘
1951 4307 1984 4362 8
2015 4305 2080 4356 ³⁷.
2123 4303 2197 4357 De
2224 4300 2380 4356 bonis
2403 4297 2636 4354 denariis
2663 4309 2799 4363 quos
2826 4289 3055 4361 populus
3078 4302 3186 4342 non
3234 4283 3345 4337 vult
3376 4297 3462 4336 re-

1881 4382 2060 4466 cipere
2107 4394 2184 4458 ³⁸,
2229 4390 2478 4446 volumus
2503 4395 2564 4441 ut
2598 4386 2700 4440 hoc
2746 4384 3067 4438 observetur
3108 4386 3164 4431 et
3209 4381 3462 4430 teneatur

1880 4463 2024 4559 quod
2045 4485 2098 4540 in
2125 4483 2305 4555 priore
2329 4477 2626 4550 capitulare
2651 4482 2838 4530 nostro
2873 4470 3228 4533 constitutum
3270 4473 3375 4530 est,
3409 4463 3462 4517 id

1423 4686 1812 4748 VARIANTES
1839 4680 2240 4742 LECTIONES.

273 4863 293 4896 ¹
333 4866 395 4916 ut
423 4856 511 4914 uel
533 4854 690 4912 iniuti
719 4853 804 4909 10.
879 4852 900 4883 ⁸
931 4866 1068 4922 quae
1101 4850 1155 4922 3.
1182 4845 1332 4922 5τ10.
1363 4862 1396 4918 q

192 4905 400 4998 neﬁcio
427 4905 512 4983 ῙΒῙ.
534 4905 1099 4998 ’-ἶ-ἐὸῇἐῖῥθτᾳῆᾁειὴι
1126 4920 1176 4998 1.
1225 4919 1339 4998 inc.
1375 4905 1436 4998 :‘
1462 4914 1738 4998 accipiant
1763 4912 1829 4998 1.Δ
1864 4905 2113 4998 ,ξιᾳρῥςξε
2143 4905 2464 4998 iube-Bis.

1609 5001 1661 5037 η.
1689 4982 1757 5036 Ε.
1781 4990 1829 5035 et
1854 4973 2102 5048 Ritu-pall.
2183 4979 2223 5048 η
2250 4978 2324 5048 ita
2349 4976 2398 5029 1.
2511 4973 2644 5048 6.

189 5046 540 5131 ’δῖ’
563 5046 1016 5121 πίίνέινᾶίάεδαηε
1052 5062 1100 5114 1.
1143 5075 1341 5114 nonam
1361 5071 1481 5131 cum
1515 5052 1816 5131 decima},
1850 5049 1904 5103 4.
1929 5046 1983 5103 8.
2179 5046 2230 5131 “ﬁ
2261 5047 2403 5131 deest
2423 5046 2480 5131 lit:

197 4984 542 5068 avide—caput
562 4996 701 5068 deest
725 4995 780 5068 in
797 4992 951 5068 Goth.
978 4990 1113 5068 Mat.
1141 4990 1204 5042 Α.
1236 4987 1324 5040 Fl.
1365 4986 1425 5039 L.
1462 4984 1524 5037 V.

1401 4844 1504 4899 und
1529 4843 1683 4900 Goth.
1761 4841 1782 4872 ³
1804 4841 1900 4895 hoc
1922 4849 2074 4910 caput
2101 4838 2261 4910 deesi.
2301 4833 2456 4910 Got_h_.
2488 4832 2622 4910 Μιρι.
2649 4833 2714 4887 A.
2741 4829 2829 4910 F
2856 4829 3012 4910 LI.
3051 4827 3148 4910 iin:
3182 4827 3247 4880 E.
3323 4823 3460 4910 flre-

2558 4905 2580 4935 ⁸
2626 4905 2881 4958 materias
2912 4900 2996 4955 BI.
3073 4899 3095 4929 ⁹
3128 4895 3374 4954 itarando
3405 4895 3454 4947 1.

2684 4975 2844 5045 (corr.
2882 4971 2994 5041 illo)
3020 4970 3107 5045 i0.
3301 4967 3342 5045 ‘f
3365 4965 3460 5019 do-

2561 5045 2604 5075 ιδ
2627 5037 2756 5099 et'd.
2804 5037 2987 5095 desunt
3015 5041 3064 5093 ‘l.
3142 5039 3184 5069 ¹⁶
3209 5037 3458 5105 11081⁸κὲ-

193 5103 1115 5209 :ilnltufnpe'rsolua‘n't:accipiunt
1136 5103 1892 5198 'b'éi-Sédeni'niLMiiiaac
1917 5129 2070 5188 caput
2095 5119 2231 5193 dces;
2255 5117 2308 5172 in
2336 5117 2382 5168 i.
2418 5115 2502 5169 16.
2533 5115 2588 5168 7.
2612 5113 2697 5167 BI.
2727 5112 2880 5192 (.‘oih.
2915 5111 2971 5162 Μ
2978 5118 3050 5163 ut.
3078 5109 3141 5161 Α.
3174 5105 3259 5160 FI.
3285 5103 3352 5158 ι.
3395 5103 3455 5157 γ.

207 5214 249 5232 ιι
366 5209 406 5232 ιτ
453 5225 542 5232 __-
576 5208 735 5232 ---ιη
759 5214 932 5232 μου...
975 5209 1302 5232 nmmum...
1338 5199 1390 5232 ς..
1428 5195 1463 5232 q
1513 5195 1546 5232 χ
1594 5193 1627 5232 κ
1676 5191 1709 5232 tt
1753 5191 1804 5232 Re
1830 5192 1879 5232 n,
1940 5191 2036 5232 m~
2082 5189 2196 5232 [nm
2221 5203 2336 5232 mm
2363 5186 2459 5232 hoc
2490 5186 2666 5232 inte-
2743 5183 2784 5213 ³⁸
2809 5191 2880 5232 ua
2911 5183 2964 5232 5.
2992 5180 3042 5232 6.
3122 5179 3164 5209 ¹⁹
3187 5177 3283 5230 hoc
3304 5184 3455 5232 caput

755 5183 1302 5278 55:666‘c6mpuzathr
1337 5199 1390 5250 in
1428 5195 1480 5250 2.
1511 5195 1565 5249 5.
1594 5193 1646 5247 5.
1676 5191 1729 5246 6.
1753 5191 1811 5253 8.~
1830 5192 1882 5246 9.
1940 5183 2039 5255 16;
2081 5189 2196 5242 loco
2221 5189 2336 5241 vero
2363 5186 2459 5239 hoc
2490 5187 2545 5239 in
2574 5186 2592 5238 1
2618 5199 2666 5238 c.
2743 5183 2880 5264 “fit:
2911 5183 2964 5234 5.
2992 5183 3042 5232 6.
3122 5183 3164 5209 "
3187 5183 3283 5230 hoc
3304 5184 3459 5256 caput

194 5287 352 5339 deest
376 5281 433 5334 in
461 5277 548 5332 BL
575 5275 730 5331 Goth.
757 5273 973 5328 ΗΜΛ.
993 5271 1079 5324 Fl.
1107 5270 1168 5324 L.
1194 5267 1256 5322 V.
1294 5265 1412 5339 Vn.
1435 5265 1503 5319 E.
1541 5263 1793 5339 «Paris.
1811 5327 1852 5339 η
1870 5261 1915 5297 ⁸ο
1942 5261 2058 5339 ξι).
2077 5261 2126 5313 1.
2159 5258 2391 5339 ic.b._s.
2412 5255 2505 5339 rei.
2555 5258 2623 5337 .“
2653 5247 3460 5339 ﬂabunii}

575 5314 1094 5400 1365
1222 5314 1583 5411 :"vgs-cicites'
1597 5314 1646 5387 ιῖ
1670 5314 1772 5411 ε.
1811 5327 1877 5411 ιζ.
1947 5317 1993 5362 ’ί
2017 5337 2167 5411 caput
2181 5326 2613 5411 _de_est_in£at:is.
2641 5323 2712 5406 ς16
2721 5324 2818 5411 ᾖ..
2831 5322 2904 5411 ,η
2925 5319 3128 5411 digiti.
3149 5316 3381 5411 fise?!
3390 5314 3456 5411 Ai:

195 5403 391 5473 ἴτ’ὗζί.
415 5420 598 5473 desunt
617 5417 639 5470 1
657 5431 706 5470 c.
725 5415 810 5468 ιο.
827 5412 984 5468 Goth.
1013 5411 1189 5466 Paris.
1209 5408 1366 5463 4615.
1459 5406 1505 5437 ιο
1527 5406 1666 5459 deest
1689 5403 1742 5458 δ.

1832 5401 1877 5432 ¹⁹
1904 5415 1958 5453 n.
1981 5385 2159 5454 veniat
2181 5399 2234 5452 3.
2257 5397 2309 5451 5.
2334 5397 2385 5450 ’1.
2415 5394 2500 5449 Bl.
2524 5395 2698 5448 Paris.
2727 5391 2885 5446 4615.
2965 5390 3008 5422 ⁸⁸
3021 5389 3119 5443 hoc
3141 5394 3294 5458 caput
3318 5385 3458 5458 deest

195 5494 260 5547 in
282 5454 639 5544 ὦ...
657 5454 986 5547 vi;
1007 5454 1192 5536 {nisi};
1217 5454 1452 5548 iegiiime
1474 5454 1947 5548 etnrationabiliter
1971 5470 2143 5548 adque
2165 5467 2368 5548 utiliter
2392 5464 2681 5548 ciesiisnpei
2705 5462 2845 5548 facte
2869 5469 2992 5517 sunt
3013 5454 3464 5548 pertencatﬁibi-

621 5527 882 5609 inutiliter
907 5527 1350 5607 e'tvincommod’cs
1390 5527 1567 5640 adque
1595 5527 1953 5640 1ι-ιιιὶοῐξξιιξὶιξε
1979 5527 2117 5640 ςαοὶῡ
2142 5548 2267 5640 supt
2301 5533 2480 5640 llfarila.
2520 5534 2688 5640 ifilli}
2721 5541 2961 5640 notptralin
3007 5527 3230 5640 iupiit'ig.
3272 5527 3350 5640 Δ³¹

201 5631 221 5640 -
306 5630 341 5640 α.
570 5635 582 5640 -
625 5627 636 5638 ο
748 5627 780 5640 ,ι
870 5623 962 5640 ,l,°l
983 5638 1024 5640 κῃ
1082 5629 1232 5640 ...ηΔ
1263 5618 1394 5640 2----ι2
1423 5632 1472 5640 ..Α
1501 5629 1590 5640 ΑΛ..
1616 5615 1736 5640 ,ιτ-ἔζη
1808 5627 1852 5640 Λ.
1924 5629 1982 5640 ,ιη
2011 5627 2072 5640 nn
2113 5624 2210 5640 anan
2283 5623 2298 5640 ι
2322 5622 2426 5640 lacn
2451 5623 2551 5640 non
2581 5621 2644 5640 111³
2692 5621 2772 5640 nlo
2812 5621 2862 5640 an
2933 5619 3056 5640 09""
3216 5637 3227 5640 _
3319 5637 3329 5640 _
3445 5633 3458 5640 -

622 5595 1857 5688 iiiiéiiliﬁiii’iiéé”;fdiié'iﬁﬁuiés'éécib‘siiénet
1880 5611 2072 5701 'factae
2110 5615 2239 5701 Isunt
2259 5605 2660 5701 ndisspluantut:J
2671 5603 2862 5676 (media
2883 5598 3228 5701 gesuntipiii.
3266 5595 3458 5701 Αἱιξίιο

672 5695 713 5701 --
825 5695 855 5701 -.
982 5690 1016 5701 .-
1138 5689 1182 5701 ..
1223 5699 1231 5701 _
1319 5700 1325 5701 κ
1363 5687 1398 5701 η
1472 5688 1482 5698 .
1616 5687 1627 5701 .
1683 5684 1762 5701 n-~
1802 5682 1836 5701 n
1937 5683 2006 5701 ε..-
2048 5689 2081 5701 ,ι
2199 5687 2236 5701 ,ι
2424 5688 2437 5701 ι.
2467 5686 2611 5701 --.μη
2671 5685 2765 5701 ,ηηι
2791 5673 2845 5701 Σ..
2899 5673 3029 5701 ,n...'.
3131 5691 3144 5701 ι
3385 5681 3399 5701 Ι
3429 5681 3458 5701 n

203 5667 512 5755 ἰῇ
1793 5667 2010 5761 13331.59;
2035 5689 2081 5761 et
2108 5680 2160 5734 5.
2189 5687 2236 5732 et
2259 5678 2312 5732 9.
2460 5686 2611 5761 σαρξὶ
2629 5667 2769 5761 dces!
2791 5673 2845 5726 in
2876 5671 3049 5761 Paris.
3294 5667 3460 5761 ’ς’

207 5751 272 5824 Ῐ.
294 5769 320 5822 1
415 5767 572 5821 Galli.
603 5764 784 5834 reliqui
807 5751 1091 5834 palatium:
1109 5759 1253 5834 ita_ct
1277 5757 1359 5834 ill.
1392 5756 1467 5834 Μ.
1496 5756 1571 5834 Α.
1599 5753 1658 5834 ν.
1696 5753 1790 5834 V33.
1821 5751 1886 5805 Ε.

207 5811 1160 5922 ξὶιᾷκῖἀῖιῖἑῖίόὲὲ’ὥξὶὲῆἦῆὲῖἳὸὲίιέέ
1191 5811 1234 5882 ιθ.
1269 5827 1406 5884 deest
1445 5829 1498 5880 in
1531 5825 1684 5879 cum.
1717 5824 1846 5875 nuc.
1885 5822 2056 5875 Puris.
2085 5811 2241 5874 4615.
2267 5817 2329 5873 Α.
2363 5816 2446 5871 F1.
2477 5815 2538 5869 ι..
2578 5813 2637 5868 γ.
2676 5811 2774 5867 Vn.
2806 5813 2870 5866 E.

1965 5752 2010 5782 ”
2037 5752 2299 5824 in_pac_em_
2315 5747 2506 5824 venire
2631 5754 2694 5824 et_
2705 5759 2896 5824 pacem
2923 5741 3108 5824 nolunt
3134 5739 3218 5792 BI.
3367 5737 3463 5824 ligo

2833 5813 2870 5864 ἶ.
2950 5813 2993 5844 ⁸⁸
3028 5827 3073 5864 r.
3099 5824 3202 5862 non
3228 5805 3343 5860 uult
3376 5803 3459 5862 81.
