3992 6344
155 385 272 442 837

470 388 697 444 CODEX
737 387 1257 444 DIPLOMATICUS.
1287 413 1358 426 ——
1386 381 1704 441 LUDOVICI
1739 380 1760 434 I
1795 379 1884 434 ΕΤ
1915 381 2235 438 LOTllARll
2265 379 2746 437 CAPITULARIA.
2780 409 2849 418 -——
2877 379 2975 438 AN.
3018 378 3141 433 829.

3323 377 3428 432 633

158 499 239 553 tia
273 498 554 555 multetur.
585 498 700 554 Nisi
733 498 875 554 forte
896 508 950 553 et
981 500 1094 568 ipse
1129 507 1321 552 auctor
1341 504 1642 553 commotae
1671 494 1752 548 in-
1779 492 1827 549 Δ
1855 494 2122 556 nentibns,
2155 503 2374 562 excepta
2401 508 2496 548 sua
2521 491 2756 563 legitima
2779 490 3078 546 hereditate
3101 505 3245 560 quae
3265 491 3315 546 ei
3339 505 3438 561 per

158 601 250 647 ter
303 606 402 646 eos
451 592 602 646 rixae
644 600 894 646 inventus
921 591 1130 646 fuerit:
1165 601 1293 646 tunc
1323 589 1573 645 dominus
1614 589 1750 656 eius,

160 684 320 738 iuxta
347 681 492 753 quod
530 682 806 753 wirgildus
847 684 862 714 ¹
896 691 978 738 est
1018 683 1183 748 illius,
1227 684 1295 738 ad
1321 683 1601 738 ecclesiam
1635 696 1757 751 per-

159 771 367 835 solvat,
400 780 495 826 aut
526 785 670 837 eum,
699 773 744 827 si
775 771 1026 837 voluerit,
1061 772 1234 826 eidem
1261 770 1522 827 ecclesiae
1555 769 1753 825 tradat.

160 863 245 921 De
267 862 638 919 ecclesiastico
661 874 715 918 et
731 863 974 936 fiscalino
996 863 1407 919 etbeneliciario
1428 879 1584 919 servo
1606 863 1758 918 volu-

161 971 314 1024 mus,
357 964 419 1012 ut
459 971 558 1024 pro
585 971 690 1009 una
735 958 852 1012 vice
877 953 1156 1024 wirgildus
1185 955 1302 1009 eius
1325 968 1424 1023 pro
1467 968 1532 1008 eo
1562 968 1761 1024 conpo‘

163 1051 354 1105 natur,
382 1043 551 1102 altera
571 1043 688 1097 vice
712 1043 824 1112 ipse
848 1057 1037 1097 servus
1057 1043 1125 1097 ad
1146 1041 1466 1112 supplicium
1494 1033 1756 1118 tradatur,

165 1132 462 1208 Hereditas
493 1141 672 1187 tamen
697 1132 853 1187 liberi
897 1132 1148 1198 hominis,
1177 1133 1269 1203 qui
1299 1141 1518 1204 propter
1543 1133 1650 1187 tale
1682 1131 1762 1187 fa-

167 1225 331 1284 cinus
367 1224 435 1278 ad
478 1233 707 1278 mortem
736 1223 899 1278 fuerit
923 1225 1210 1290 iudicatus,
1240 1215 1610 1296 ad'legitimos
1646 1225 1764 1283 eius

169 1316 192 1348 ⁸
235 1314 474 1369 heredes
512 1315 812 1384 perveniat.
872 1313 932 1374 Si
976 1315 1030 1381 in
1076 1315 1218 1370 atrio
1261 1313 1553 1379 ecclesiae,
1610 1315 1764 1371 cuius

166 1414 333 1475 porta
355 1404 601 1475 reliquiis
618 1414 926 1466 sanctorum
947 1415 1264 1463 consecrata
1285 1415 1388 1472 est,
1431 1407 1767 1472 huiuscemo-

172 1486 227 1555 di
251 1481 609 1566 homicidium
632 1506 1004 1568 perpetratum
1027 1495 1208 1561 fuerit,
1225 1495 1387 1552 simili
1410 1497 1566 1553 modo
1584 1511 1768 1552 emen-

176 1588 342 1644 detur
374 1587 462 1642 vel
483 1595 836 1656 conponatur.
861 1586 919 1642 Si
944 1601 1072 1643 vero
1095 1597 1252 1657 porta
1278 1587 1536 1664 ecclesiae
1558 1603 1665 1642 non
1685 1595 1769 1647 est

177 1688 526 1746 consecrata,
558 1664 622 1733 eo
653 1679 815 1756 modo
839 1687 1175 1754 conponatur
1204 1680 1431 1756 quodin
1461 1681 1601 1746 atrio
1623 1695 1771 1736 com-

178 1771 447 1834 mittitur,
473 1771 614 1826 sicut
643 1771 892 1840 componi
929 1772 1088 1828 debet
1131 1773 1152 1806 ³
1179 1773 1323 1843 quod
1353 1771 1408 1830 in
1431 1773 1772 1831 immunitate

177 1862 390 1937 violata
415 1855 776 1917 committitur
799 1861 840 1915 ι.
873 1880 893 1914 ι

253 1975 310 2029 2.
342 1975 688 2044 Quicumque
709 1985 930 2046 propter
968 1977 1317 2048 cupiditatem
1346 1993 1529 2034 rerum
1562 1986 1772 2049 patrem

185 2074 282 2120 aut
305 2075 572 2133 matrem,
599 2076 693 2121 aut
729 2067 972 2132 fratrem,
1006 2080 1100 2124 aut
1129 2085 1368 2125 sonorem
1406 2068 1446 2137 ⁸,
1489 2075 1768 2139 nepotem,

187 2157 276 2226 vel
301 2157 474 2210 alium
517 2157 878 2238 propinquum
918 2174 1075 2219 suum
1121 2159 1451 2224 interficerit,
1505 2159 1775 2214 hereditas

187 2247 465 2326 interfecti
495 2249 564 2315 ad
589 2249 726 2305 alios
753 2265 878 2306 suos
920 2250 1186 2322 legitimos
1212 2253 1438 2308 heredes
1465 2253 1771 2323 perveniat;

189 2338 564 2427 interfectoris
588 2355 717 2396 vero
739 2341 1014 2399 hereditas
1039 2343 1093 2397 in
1122 2343 1311 2400 iiscum
1338 2344 1632 2416 redigatur,
1660 2345 1779 2426 Ipse

189 2446 320 2496 vero
354 2432 644 2490 ordinante
686 2433 938 2516 episcopo
973 2435 1218 2520 publicae
1250 2437 1613 2512 poenitentiae
1652 2437 1780 2504 sub—

193 2523 378 2583 datur.
886 2527 889 2532 ”

264 2636 300 2691 3
324 2638 345 2669 '
369 2649 417 2692 ι.
449 2637 792 2717 Quicumque
827 2639 1046 2710 propria
1071 2655 1239 2697 uxore
1259 2640 1514 2700 derelicta
1549 2649 1642 2697 aut
1665 2643 1785 2700 sine

191 2743 366 2792 causa,
399 2727 419 2759 ⁷
450 2727 765 2792 interfecta,
792 2729 954 2784 aliam
994 2731 1016 2762 ⁸
1044 2729 1257 2794 duxerit
1288 2730 1332 2797 ’,
1365 2732 1531 2790 armis
1569 2731 1783 2810 deposi-

193 2819 267 2890 tis
295 2820 569 2888 publicam
589 2828 717 2892 agat
749 2823 1154 2890 poenitentiam.
1186 2824 1252 2878 Et
1274 2824 1319 2882 si
1354 2832 1643 2879 contumax
1671 2825 1787 2899 fue-

201 2908 298 2974 rit,
327 2912 812 2979 wmprehendatur
842 2927 872 2967 a
912 2915 1109 2970 comite
1142 2923 1197 2970 et
1226 2914 1371 2970 ferro
1400 2915 1686 2983 vinciatur,
1732 2924 1788 2971 et

207 2997 270 3054 in
295 3002 540 3056 custodia
561 3003 817 3070 mittatur,
845 3002 1020 3062 donec
1053 3019 1141 3064 res
1167 3006 1236 3062 ad
1276 3013 1516 3062 nostram
1539 3007 1786 3067 notitiam

215 3091 534 3148 deducatur.

1855 585 2250 641 successionem
2273 593 2554 654 parentum
2573 599 2792 638 suorum
2815 581 3086 652 legitimae
3098 582 3316 638 evenire
3342 583 3438 638 de-

1856 676 1992 731 buit.
2034 675 2185 743 Quod
2216 675 2259 729 si
2285 676 2404 744 quis
2429 675 2568 729 hanc
2589 683 2828 728 nostram
2864 673 3157 728 iussionem
3197 683 3440 729 contem-

1855 767 2025 838 pserit
2045 766 2128 820 vel
2143 765 2456 834 neglexerit,
2482 766 2621 820 sicut
2647 765 2712 819 de
2735 765 2928 819 ceteris
2953 765 3438 834 contemptordms,

1859 859 1932 915 ita
1959 861 2024 914 de
2055 859 2097 890 ι’
2123 875 2187 914 eo
2207 867 2416 928 agatur.
2446 859 2494 912 ls
2513 874 2642 913 vero
2665 858 2756 926 qui
2781 858 2995 912 easdem
3017 873 3104 912 res
3123 855 3331 926 primus
3359 859 3441 913 in”-

1859 950 1999 1018 vasit
2027 957 2079 1003 et
2111 947 2308 1003 iniuste
2339 947 2597 1012 vendldlt,
2635 962 2735 1002 nec
2759 962 2864 1003 non
2886 955 2939 1001 et
2962 956 3251 1025 emptores,
3281 961 3441 1002 exce¢

1859 1049 1951 1113 pta
1977 1041 2088 1096 sola
2119 1055 2350 1110 persona
2375 1039 2583 1109 parvuli
2608 1039 2674 1106 η,
2710 1039 2854 1108 quod
2886 1038 3254 1095 fraudulenter
3273 1039 3443 1095 admi-

1861 1139 2047 1188 serunt
2086 1131 2226 1186 intra
2266 1130 2500 1200 patriam
2535 1132 2823 1186 emendare
2847 1139 3126 1200 cogantur,
3154 1139 3209 1186 ct
3233 1138 3443 1201 postea,

1863 1223 2003 1278 sicut
2026 1231 2425 1292 contemptores
2451 1221 2708 1278 iussionis
2734 1231 2972 1294 nostrae,
2999 1224 3098 1278 sub
3122 1222 3450 1280 ﬁdeiussori-

1861 1316 1964 1372 bus
1987 1315 2053 1370 ad
2078 1322 2316 1370 nostram
2343 1313 2703 1389 praesentiam
2726 1313 2910 1383 venire
2932 1314 3300 1384 conpellantur
3341 1314 3408 1369 “.

1934 1405 1968 1462 5
1993 1407 2056 1460 ³⁸.
2085 1406 2160 1467 De
2185 1406 2402 1470 vicariis
2433 1413 2487 1460 et
2507 1405 2850 1470 centenariis,
2879 1405 2970 1474 qui
3014 1405 3189 1474 magis
3230 1412 3450 1475 propter

1866 1499 2215 1568 cupiditatem
2242 1514 2403 1568 quam
2448 1506 2670 1583 propter
2709 1498 2971 1552 iustitiam
2999 1495 3300 1552 faciendam
3336 1512 3450 1552 sae-

1866 1590 2088 1662 pissime
2110 1589 2304 1660 placita
2326 1597 2530 1655 tenent,
2555 1598 2610 1645 et
2628 1590 2823 1646 exinde
2841 1588 3096 1659 populum
3117 1589 3278 1650 nimis
3299 1588 3452 1643 adﬂi-

1869 1688 2020 1751 gunt,
2052 1681 2126 1736 ita
2162 1689 2410 1736 teneatur
2450 1681 2591 1742 sicut
2629 1682 2685 1736 in
2717 1681 3012 1751 capitulare
3055 1681 3236 1743 domui
3272 1680 3454 1736 Κειτοιί

1871 1771 2217 1840 imperatoris
2237 1773 2547 1828 continelur
2576 1773 2631 1827 in
2656 1773 2794 1828 libro
2818 1774 2852 1828 5
2878 1773 2921 1810 ⁸⁸
2958 1772 3196 1842 capitulo
3217 1771 3306 1826 ιο.
3337 1789 3355 1822 ι
3390 1771 3458 1827 Ut

1801 1854 1848 1915 Β
1874 1862 2054 1925 nullus
2096 1863 2164 1919 ad
2209 1863 2469 1934 placitum
2513 1864 2824 1934 manniatur
2849 1865 2911 1929 ",
2957 1864 3064 1919 nisi
3103 1865 3194 1934 qui
3240 1880 3458 1920 causam

1873 1968 2028 2009 suam
2055 1953 2286 2022 quaerit,
2314 1961 2407 2008 aut
2428 1953 2474 2010 si
2499 1953 2634 2008 alter
2657 1954 2707 2010 ei
2731 1969 2993 2023 quaerere
3018 1954 3194 2018 debet,
3219 1953 3460 2022 exceptis

1874 2046 2110 2102 scabinis
2123 2054 2348 2116 septem,
2373 2046 2463 2116 qui
2479 2045 2544 2101 ad
2567 2045 2746 2101 omnia
2769 2045 2964 2115 placita
2987 2045 3176 2102 adesse
3197 2045 3412 2100 debent.
3436 2063 3454 2095 ι

1873 2137 2006 2193 Item
2034 2137 2100 2192 de
2127 2137 2314 2192 eadem
2341 2151 2400 2194 re
2424 2137 2478 2190 in
2499 2137 2783 2222 eapitulari
2808 2145 2994 2192 nostro
3021 2137 3063 2168 "'
3097 2137 3236 2191 libro
3283 2135 3337 2201 4,
3372 2150 3462 2189 ca-

1875 2229 2046 2300 pitulo
2072 2229 2160 2284 55.
2201 2247 2220 2282 ι
2249 2229 2326 2284 De
2343 2229 2557 2299 placitis
2583 2229 2847 2299 siquidem
2871 2245 3008 2298 quos
3033 2229 3187 2282 liberi
3216 2227 3462 2282 homines

1876 2325 2164 2380 observare
2190 2323 2404 2388 debent,
2429 2323 2744 2386 constitutio
2767 2321 3026 2390 genitoris
3054 2320 3223 2375 nostri
3248 2319 3463 2389 penitus

1878 2415 2212 2470 observanda
2238 2422 2400 2484 atque
2423 2415 2653 2469 tenenda
2700 2421 2810 2478 est;
2857 2421 2917 2467 ut
2962 2412 3211 2468 videlicet
3238 2412 3290 2464 in
3321 2427 3462 2466 anno

1880 2507 1986 2566 tria
2014 2505 2350 2560 solummodo
2372 2505 2639 2575 generalia
2660 2504 2857 2575 placita
2880 2504 3184 2568 observent,
3210 2511 3264 2558 et
3286 2501 3466 2556 nullus

1881 2612 1976 2654 eos
2004 2596 2233 2678 amplius
2273 2595 2471 2678 placita
2511 2597 2802 2652 observare
2839 2593 3130 2664 conpellat;
3181 2593 3285 2647 nisi
3329 2591 3468 2646 forte

1883 2687 2109 2760 quilibet
2134 2696 2228 2743 aut
2265 2694 2551 2744 accusatus
2590 2687 2753 2752 fuerit
2783 2695 2877 2742 aut
2914 2686 3080 2740 alium
3111 2684 3467 2749 accusaverit,

1885 2788 1978 2836 aut
2007 2780 2074 2835 ad
2103 2779 2468 2835 testimonium
2491 2779 2882 2858 perhibendum
2907 2787 3130 2833 vocatus
3167 2776 3349 2832 fuerit.
3388 2774 3469 2830 Ad

1886 2879 2065 2928 cetera
2087 2886 2215 2925 vero
2240 2885 2378 2941 quae
2401 2870 2696 2926 centenarii
2721 2876 2926 2935 tenent,
2975 2877 3081 2923 non
3124 2867 3262 2921 alius
3287 2866 3473 2920 venire

1887 2964 2154 3027 iubeatur,
2185 2963 2292 3026 nisi
2317 2962 2409 3032 qui
2432 2969 2526 3026 aut
2549 2961 2741 3032 litigat,
2767 2970 2860 3016 aut
2885 2960 3086 3016 iudicat
3117 2959 3180 3027 ",
3207 2965 3300 3013 aut
3322 2958 3473 3012 testi-

1887 3051 2097 3108 ﬁcatur.
2131 3071 2150 3105 ι
2200 3051 2268 3105 Et
2293 3051 2619 3119 quicumque
2647 3049 2809 3105 huius
2851 3048 3254 3110 constitutionis
3295 3055 3474 3101 trans-

1889 3159 2105 3214 gressor
2127 3159 2158 3196 a
2183 3143 2367 3198 missis
2388 3142 2592 3199 nostris
2619 3142 2872 3199 inventus
2898 3140 3079 3206 fuerit,
3110 3141 3347 3196 bannum
3376 3155 3474 3194 no-

278 3205 338 3306 t.
377 3205 710 3306 Quicumque
745 3225 835 3267 res
879 3211 1082 3306 alienas
1118 3213 1338 3306 cuilibet
1375 3213 1579 3306 homini
1604 3214 1788 3306 vendi-
1815 3202 1862 3268 C
1890 3202 2064 3295 ξιτυπι
2090 3235 2384 3306 persolvat.

201 3296 372 3380 derit,
405 3307 458 3352 et
484 3298 595 3368 ipse
617 3299 780 3356 homo
808 3303 1023 3380 easdem
1063 3319 1151 3368 res
1184 3303 1345 3359 alicui
1387 3303 1541 3359 alteri
1583 3305 1790 3360 dederit

197 3388 316 3460 sive
342 3382 640 3472 vendiderit
664 3393 713 3452 ιο.
733 3433 749 3460 ,
779 3401 831 3450 et
857 3394 972 3472 ipse
1013 3395 1104 3464 qui
1131 3381 1257 3450 tunc
1287 3397 1503 3451 easdem
1533 3412 1620 3451 res
1643 3412 1791 3453 com-

197 3488 422 3550 paratas
441 3467 625 3548 habet,
649 3497 748 3555 per
783 3467 982 3540 malum
1011 3485 1288 3563 ingenium
1317 3488 1534 3563 proprio
1559 3486 1668 3542 filio
1695 3496 1790 3544 aut

199 3573 362 3629 alteri
393 3575 615 3630 cuilibet
659 3578 886 3634 necdum
932 3561 1201 3649 legitimos
1231 3595 1404 3653 annos
1426 3561 1646 3635 habenti
1667 3621 1680 3645 ,
1710 3580 1792 3635 iu-

199 3665 386 3719 stitiae
411 3665 680 3722 tollendae
705 3683 868 3723 causa
911 3670 1208 3734 tradiderit,
1237 3652 1484 3730 volumus
1515 3678 1674 3740 atque
1696 3671 1792 3724 fir-

199 3755 366 3829 miter
407 3758 769 3827 praecipimus
797 3767 856 3815 ut
879 3759 925 3816 si
950 3769 1105 3830 pater
1129 3761 1614 3836 eiusdem'parvuli
1643 3762 1792 3833 vixe-

199 3846 274 3900 rit
292 3847 332 3877 “
347 3886 366 3911 ,
393 3847 508 3916 ipse
531 3848 696 3904 intret
717 3850 772 3904 in
794 3865 1011 3906 causam
1039 3851 1300 3907 rationem
1327 3853 1584 3909 reddendi
1605 3869 1704 3924 pro
1726 3855 1792 3916 llr.

198 3936 278 4000 lio
301 3951 425 3992 suo.
452 3937 510 3992 Si
533 3946 716 3994 autem
740 3940 852 4010 ipse
878 3949 1034 4011 pater
1061 3949 1309 4017 mortuus
1335 3951 1435 4012 est,
1464 3953 1592 4000 tunc
1615 3945 1794 4015 legitl-g

199 4043 327 4084 mus
369 4029 487 4084 eius
507 4031 870 4101 propinquus,
898 4033 992 4103 qui
1033 4033 1174 4091 iuste
1198 4034 1249 4089 ei
1286 4042 1431 4089 tutor
1454 4051 1518 4090 ac
1544 4035 1795 4094 defensor

197 4135 326 4176 esse
358 4121 591 4185 videtur,
616 4137 714 4192 pro
742 4123 858 4193 ipso
881 4125 1147 4197 rationem
1173 4125 1396 4181 reddere
1417 4127 1789 4196 compellatur.

201 4211 474 4275 Similiter
498 4219 554 4269 et
593 4212 660 4270 de
688 4213 809 4280 aliis
831 4216 1084 4278 omnibus
1123 4217 1345 4274 iustitiis
1373 4217 1440 4273 ad
1467 4233 1590 4273 eum
1627 4220 1794 4289 perti-

1963 3329 1997 3384 ti
2019 3328 2086 3383 ‘°.
2127 3329 2204 3384 De
2247 3327 2433 3384 liberis
2457 3325 2768 3388 hominibus
2800 3324 2892 3396 qui
2917 3323 3192 3396 proprium
3221 3339 3328 3379 non
3375 3323 3475 3378 ha-

1892 3422 2043 3485 bent,
2075 3421 2170 3475 sed
2205 3419 2260 3474 in
2287 3428 2431 3474 terra
2457 3419 2724 3473 dominica
2747 3417 3007 3482 resident,
3046 3423 3107 3471 ut
3131 3423 3352 3485 propter
3390 3427 3479 3469 res

1897 3510 2118 3566 alterius
2141 3508 2208 3564 ad
2238 3507 2607 3564 testimonium
2632 3523 2741 3563 non
2763 3505 3112 3576 recipiantur.
3139 3504 3481 3560 Cumiurato-

1900 3618 1987 3658 res
2009 3610 2188 3656 tamen
2208 3600 2435 3656 aliorum
2458 3599 2754 3655 liberorum
2780 3599 3060 3653 hominum
3084 3597 3203 3653 ideo
3226 3612 3344 3652 esse
3365 3612 3485 3666 pos-

1900 3703 2045 3759 sunt,
2079 3693 2203 3763 quia
2243 3691 2399 3746 liberi
2439 3698 2584 3746 sunt.
2617 3690 2694 3744 llli
2719 3703 2846 3745 vero
2871 3688 2962 3758 qui
2999 3696 3054 3743 et
3077 3687 3353 3758 proprium
3391 3687 3486 3741 ha-

1897 3786 2046 3849 bent,
2081 3791 2136 3839 ot
2181 3790 2363 3848 tamen
2390 3783 2446 3838 in
2474 3789 2619 3836 terra
2645 3781 2912 3836 dominica
2955 3778 3215 3841 resident,
3264 3785 3486 3847 propter

1899 3877 2004 3958 hoc
2025 3877 2068 3908 ’ί
2093 3892 2198 3932 non
2223 3875 2525 3931 abiciantur
2538 3874 2664 3944 quia
2686 3873 2739 3927 in
2759 3880 2900 3928 terra
2925 3870 3190 3927 dominica
3216 3869 3482 3934 resident;

1900 3967 1994 4025 sed
2016 3973 2234 4037 propter-
2253 3966 2356 4021 hoc
2377 3963 2445 4021 ad
2471 3963 2838 4022 testimonium
2861 3962 3192 4033 recipiantur
3215 3961 3338 4032 quia
3362 3975 3489 4031 pro-

1899 4059 2077 4129 prium
2103 4057 2303 4129 habent
2324 4057 2392 4129 ξ’.

1972 4129 2002 4183 7
2027 4128 2202 4200 ³³..Βε
2230 4127 2388 4182 faidis
2419 4124 2770 4182 cohercendis
2795 4123 2842 4156 “
2865 4125 3184 4182 observetur
3217 4130 3272 4180 et
3301 4129 3488 4176 tenea-

1896 4227 1994 4276 tur
2019 4219 2163 4290 quod
2187 4219 2243 4273 in
2266 4218 2550 4305 capitulari
2593 4224 2780 4274 nostro
2824 4216 2962 4275 libro
2999 4215 3056 4283 4,
3080 4213 3317 4286 capitulo
3344 4211 3416 4267 9.5
3438 4212 3487 4243 “

1426 4326 1818 4386 VARIANTES
1852 4331 2258 4406 LECTIONES.

280 4415 302 4460 ε
326 4415 642 4490 nuerjgeltus
662 4416 713 4471 l.
731 4413 1497 4490 ttuidregildu§_6,_uuirgildus
1519 4417 1674 4480 σοαπ.
1750 4421 1771 4453 ³
1806 4422 1952 4478 illius
1977 4422 2134 4479 Goth.
2211 4423 2233 4456 ³
2258 4422 2398 4476 deest
2425 4421 2479 4489 1.
2547 4419 2569 4453 ⁸
2593 4420 2734 4476 sicut
2759 4419 3068 4476 continetur
3089 4417 3143 4473 in
3172 4417 3311 4474 libro
3333 4432 3490 4490 snpe-

200 4485 562 4564 limis-.104.
586 4487 641 4564 __'
664 4484 1022 4564 γθιηςροιὶῃι
1047 4484 1564 4564 Βιλῖἷοτῇξξιεέυι
1587 4500 1839 4560 nepotem
1880 4492 1938 4548 V.
1983 4493 2080 4549 Vn.
2159 4493 2180 4524 ⁸
2202 4493 2299 4548 hoc
2333 4484 2488 4564 caput
2522 4491 2661 4564 deest
2695 4490 3057 4564 in_Bl._Ea_:tat
3091 4491 3146 4564 in
3169 4490 3322 4564 codd.
3349 4484 3486 4542 Mitt.

201 4560 277 4634 ᾼ.
298 4553 686 4634 ξιε-Ιίηγλζῃ.
712 4556 780 4610 E.
808 4553 1092 4634 iit-zerlegej
1108 4557 1294 4634 Knroli
1310 4557 1399 4634 μ.
1425 4553 1734 4634 (Μυνηεᾶρ.
1752 4563 1898 4634 155).
1970 4566 1991 4599 "
2017 4565 2101 4620 vel
2126 4565 2242 4621 sine
2272 4553 2426 4634 culpa
2447 4563 2572 4617 2.3.
2605 4562 2659 4634 5.
2688 4561 2784 4626 rel,
2860 4561 3152 4634 {aliumL
3209 4561 3488 4634 furorem

202 4627 262 4684 2.
297 4629 352 4682 3.
381 4626 532 4698 5-l0.
563 4695 573 4698 _
611 4627 654 4659 ¹⁰
676 4642 813 4698 s._u.
836 4625 1021 4694 desunt
1045 4625 1205 4698 Galla,
1283 4629 1323 4698 ει
1351 4625 1561 4692 vixerat
1586 4631 1638 4695 1.

1717 4633 1760 4664 ¹⁹
1781 4633 2092 4704 deCogatur.
2120 4636 2179 4691 Si
2207 4649 2337 4691 uero
2365 4633 2416 4688 l.

2497 4634 2540 4666 ³³
2565 4648 2622 4702 p,
2641 4633 2743 4688 hoc
2767 4648 2822 4704 q.
2852 4631 2938 4686 Βι.
2969 4630 3126 4704 Gotlt.
3165 4701 3174 4704 Α
3204 4630 3249 4704 ξι
3271 4630 3486 4704 deest].

206 4699 262 4753 ξε.
285 4699 343 4750 in
386 4697 520 4779 edit.
555 4695 688 4779 lqu.
718 4696 847 4779 Lgb.
877 4713 1159 4779 perperam
1200 4695 1450 4779 scriptun}
1475 4709 1550 4779 est
1577 4701 1880 4779 :_Volumus
1899 4695 1959 4760 ιῖῑ
1979 4708 2206 4779 comites
2231 4695 2958 4779 nostrilicen'tiatnha'beapt
2980 4701 3380 4779 inquisitionem
3406 4697 3488 4779 fg-

204 4782 343 4828 eere
372 4767 440 4821 de
467 4767 706 4832 vicariis,
733 4767 839 4822 etc.
871 4767 1024 4832 Quod
1060 4768 1115 4821 in
1149 4767 1410 4834 nullo'cod

207 4837 255 4889 ἔτ
285 4836 582 4891 banniatur
604 4837 656 4890 1.
685 4837 771 4900 BI,
799 4835 864 4890 G.
897 4836 962 4889 Α.
999 4835 1061 4890 γ.
1101 4834 1195 4891 Vn.
1241 4837 1310 4891 E.
1414 4840 1456 4870 “’
1477 4840 1532 4893 in
1576 4841 1659 4895 BI.
1695 4842 1760 4898 G.

203 4907 359 4964 deest
413 4906 469 4978 in
503 4905 666 4978 rGotlt.
719 4903 867 4960 Μαι.
935 4907 977 4937 ἰ
1007 4906 1108 4978 hoc
1136 4923 1298 4978 usque
1342 4907 1447 4964 hoc
1485 4910 1624 4965 deest
1653 4910 1738 4967 Bl.

921 4766 1024 4820 uad
1060 4768 1115 4821 in
1149 4766 1494 4823 nullo'codice
1519 4771 1760 4827 habetur.
1786 4792 1812 4828 c

1815 4775 2239 4859 ﬂlfuprqupit.
2267 4775 2534 4859 Idlotharii
2563 4792 2614 4859 a:
2811 4774 2937 4859 0.13.
2987 4767 3196 4859 ἤια-ηιξ.

1864 4845 1906 4878 ⁸⁸
1945 4842 2164 4910 iudicat,
2191 4848 2246 4900 in
2283 4846 2381 4899 hac
2426 4861 2544 4900 voce
2574 4844 2763 4898 desinit
2791 4843 2953 4898 codex
2985 4842 3037 4896 6.

3139 4843 3183 4872 ²⁰
3209 4848 3362 4909 caput
3392 4839 3490 4892 hoc

1830 4917 1876 4951 "
1913 4917 1997 4970 hic
2041 4917 2173 4971 codd
2225 4917 2279 4970 2.
2321 4917 2374 4970 5.
2415 4915 2468 4968 5.
2503 4915 2553 4967 '7.
2592 4915 2645 4969 8.
2682 4915 2736 4969 9.
2769 4913 2854 4966 lO.
2893 4923 3045 4984 caput
3069 4911 3316 4984 inserunt
3347 4909 3489 4984 quod

207 4986 357 5058 certe
381 4977 595 5058 minime
620 4977 705 5032 hic
727 4978 966 5058 pertinet,
993 4976 1190 5058 scilicet
1212 4976 1350 5058 inter
1368 4979 1597 5058 capitqu
1622 4999 1754 5058 quae
1778 4985 2006 5058 pro_lege
2029 4986 2270 5058 habenda
2292 4995 2432 5058 sunt,
2466 4985 2555 5058 sed
2581 4986 2718 5058 inter
2751 4976 2980 5058 capituli:
3003 4983 3177 5058 _misgis
3206 4980 3338 5058 dato
3356 4976 3491 5058 ζςίς-

205 5046 444 5174 ἔτιέιῖ
595 5063 648 5117 q.
679 5046 734 5102 υ.
764 5046 927 5114 infra.
995 5047 1050 5078 ⁴³
1076 5057 1230 5117 caput
1265 5049 1362 5103 hoc
1401 5046 1539 5120 deest
1565 5046 1732 5108 in'Bl.

1811 5095 1824 5108 .
1855 5048 2038 5126 ιιτιζι.
2079 5053 2138 5114 γ.
2179 5055 2277 5110 Vn.
2317 5055 2389 5110 E.
2421 5048 2424 5049 ⁷
2463 5055 2510 5090 ⁸⁵
2531 5071 2580 5112 c.
2611 5048 2713 5111 hoc
2747 5048 2866 5110 ob's.
2891 5052 3048 5108 Gotlt.
3077 5049 3214 5107 Mat.
3292 5049 3340 5082 "
3367 5048 3488 5104 XX.

1750 5211 1958 5272 NOTAE

1750 5255 1771 5269 .
1782 5255 1841 5272 ..ι
1856 5255 1878 5270 .
1891 5255 1958 5272 ..ι
1969 5255 1989 5290 .,

292 5310 321 5340 ⁸
349 5296 578 5382 Callia?”
595 5297 752 5382 ίεῑίιξε
771 5299 1072 5382 Ψξιοτίὲιῐη,
1088 5299 1609 5382 ιιψὶεροηεεζνθγίι
1635 5303 1800 5382 Hine-
1825 5313 1877 5373 D
1904 5310 2047 5368 unde
2075 5310 2253 5382 agitur
2274 5325 2436 5366 causa
2459 5309 2700 5382 omnium
2721 5317 2829 5382 tam
2851 5307 3226 5382 episcoporum
3251 5321 3413 5376 quam
3442 5311 3500 5360 et

211 5385 414 5427 marus
438 5371 494 5445 in
523 5369 754 5445 libro_de
782 5371 1026 5445 Divortio
1050 5371 1374 5445 Lothariiet
1400 5371 1718 5445 Thetbergte
1746 5377 1801 5434 in

210 5439 582 5514 responsione
597 5439 680 5514 _a_d
720 5441 1194 5514 interrogationem
1221 5442 1496 5514 quintam,
1523 5439 1797 5514 pag.'509,

211 5505 278 5592 ili
307 5505 580 5590 Editione.
592 5510 861 5592 Sirmondi
891 5530 902 5565 :
927 5505 981 5592 ἲ.
994 5505 1176 5569 Nostri
1194 5505 1368 5592 _eiiam
1386 5505 1502 5592 feri
1520 5505 1806 5592 rAu'gustus

211 5581 330 5650 pia:
352 5581 633 5654 memoria:
649 5581 951 5654 Ludovicus
969 5583 1024 5654 in
1041 5584 1245 5654 synodo
1267 5598 1330 5637 ac
1348 5583 1548 5652 placito
1564 5581 1805 5654 generali

216 5648 371 5719 apud
397 5648 776 5725 Wormatiam,
803 5648 1111 5725 apostolica:
1135 5653 1278 5725 sedis
1308 5648 1365 5725 et
1389 5669 1541 5725 papae
1563 5648 1809 5725 Gregorii

219 5729 574 5800 commeante
597 5721 794 5800 legato,
821 5721 944 5778 cum
969 5723 1090 5778 aliis
1114 5721 1587 5800 plurimis—dehis
1615 5721 1733 5800 quia;
1753 5741 1809 5782 e-

220 5789 437 5869 piseopi
468 5791 523 5844 in
561 5789 782 5869 synodis
817 5789 1170 5869 per‘qttatuor
1215 5795 1328 5869 loca
1361 5794 1442 5848 sui
1479 5789 1688 5869 imperii
1717 5798 1814 5852 ha-

226 5861 362 5931 bitis
410 5864 719 5927 necessario
744 5873 797 5918 et
820 5861 1027 5926 utiliter
1062 5880 1230 5939 nuper
1257 5861 1590 5931 invenerant,
1624 5867 1687 5920 dc
1718 5869 1818 5924 hac

1908 5379 2142 5438 ﬁdelium
2161 5381 2415 5436 laicorum
2439 5381 2578 5436 votis
2592 5379 3052 5442 convenientibus,
3075 5379 3148 5434 ita
3167 5379 3496 5433 decernens:

1915 5470 1937 5508 ι
1964 5450 2300 5520 Quicunque,
2330 5451 2523 5520 inquit,
2547 5450 2760 5520 propria
2784 5464 2952 5504 uxore
2975 5449 3251 5513 derelicta,
3279 5446 3362 5520 vel
3384 5447 3503 5520 sine

1878 5518 1936 5575 ἰ
1970 5521 2129 5602 culpa
2155 5517 2458 5602 interfecta,
2487 5517 2903 5602 aliam'duxerit.
2923 5536 3181 5602 uxorem,
3215 5518 3382 5602 armis
3411 5517 3502 5570 dc-

1919 5610 1938 5644 t
1973 5589 2164 5662 positis
2189 5592 2456 5660 publicam
2481 5599 2603 5661 agat
2625 5591 3019 5660 pmnitentiam.
3049 5591 3116 5644 Et
3139 5589 3185 5644 si
3211 5597 3503 5662 contumax

1920 5681 1940 5715 ι
1974 5658 2152 5724 fuerit,
2185 5658 2668 5731 comprehendatur
2697 5677 2726 5715 a
2755 5661 2972 5723 comite,
3017 5671 3072 5715 et
3119 5661 3264 5715 ferro
3294 5658 3502 5713 vincia-

1923 5751 1941 5785 t
1974 5741 2079 5794 tur,
2101 5741 2155 5786 et
2185 5733 2236 5785 in
2259 5731 2557 5786 custodiam
2585 5732 2832 5786 mittatur
2861 5732 3031 5787 donec
3059 5747 3144 5788 res
3167 5731 3234 5785 ad
3263 5738 3504 5784 nostram

1928 5823 1946 5854 ι
1979 5804 2226 5858 notitiam
2255 5803 2568 5858 deducatur.
2602 5822 2620 5855 ι
2653 5803 2849 5857 Βλιυι.
