3992 6344
569 323 676 393 6.59

1379 331 1439 386 Β.
1475 332 1726 390 CAROLI
1765 333 1978 392 MAGNI
2012 333 2160 390 OPP.
2202 333 2380 403 PARS
2411 334 2451 389 l.
2486 333 2725 392 SECTIO
2763 335 2992 392 PRIMA.

3725 346 3814 403 ϐω

569 440 898 512 continetur.
951 460 968 492 ι
1001 441 1059 498 Si
1104 441 1222 513 quis
1243 440 1418 511 aliqua
1461 444 1780 501 necessitate
1798 451 2024 513 cogente
2044 443 2142 499 bo-
2172 449 2218 506 Α
2250 443 2349 498 bus
2373 442 2438 498 ad
2466 444 2547 498 ius
2571 444 2683 498 ﬁsci
2707 447 2874 499 nostri
2897 443 3288 513 pertinentibus
3313 445 3556 504 facienda
3585 459 3694 515 est,
3721 468 3815 508 non

567 522 850 589 micidium
893 532 1182 596 commisit,
1230 546 1411 588 comes
1458 534 1510 588 in
1558 534 1716 606 cuius.
1739 533 2040 589 ministerio
2063 547 2149 588 res

567 628 875 689 perpetrata
900 632 1003 686 est,
1035 629 1090 675 et
1130 621 1573 690 compositionem
1621 622 1828 676 solvere
1855 630 1906 676 et
1946 623 2149 677 faidam

564 722 664 776 per
685 717 1080 765 sacramentum
1107 711 1392 780 paciiicare
1414 710 1597 768 faciat.
1630 710 1782 778 Quod
1813 712 1858 780 si
1889 726 1996 765 una
2015 727 2148 780 pars

565 800 615 852 ei
642 799 708 853 ad
730 800 1159 856 hoc.consentire
1172 800 1427 867 noluerit,
1450 799 1612 870 idest
1634 809 1726 855 aut
1752 801 1840 856 ille
1863 803 1952 871 qui
1978 803 2145 857 homi-

564 888 766 943 cidium
800 890 1104 956 commisit,
1133 896 1225 944 aut
1251 891 1298 946 is
1330 890 1422 960 qui
1453 891 1880 967 conpositionem
1906 891 2147 960 recipere

563 979 743 1052 debet,
785 981 951 1042 faciat
995 982 1145 1038 illum
1173 984 1266 1052 qui
1306 983 1358 1060 ei
1395 991 1692 1057 contumax.
1715 983 1876 1042 fuerit
1897 986 1964 1041 ad
1993 1001 2147 1054 prae-

563 1074 796 1138 sentiam
818 1083 1058 1150 nostram
1082 1074 1284 1141 venire,
1312 1083 1372 1129 ut
1396 1076 1462 1131 ad
1493 1083 1704 1149 tempus
1731 1091 1853 1151 eum
1884 1077 2026 1145 quod
2051 1093 2147 1132 no-

559 1163 645 1218 bis
665 1163 927 1234 placuerit
947 1165 1002 1232 in
1024 1165 1186 1221 exilio
1209 1166 1504 1239 mittamus,
1534 1165 1706 1223 donec
1728 1167 1802 1222 ibi
1827 1167 2142 1237 castigetur,

559 1262 620 1333 ut
644 1241 829 1333 comiti
865 1271 964 1314 suo
1007 1257 1358 1328 inoboediens
1387 1271 1508 1312 esse
1540 1256 1767 1312 ulterius
1793 1272 1900 1312 non
1927 1259 2137 1323 audeat,

557 1353 613 1402 et
635 1345 1123 1417 maiusldampnum
1154 1345 1277 1401 inde
1310 1362 1418 1402 non
1445 1345 1746 1401 adcrescat.
1780 1366 1799 1399 ι

916 1459 1260 1518 CAPITULA
1306 1460 1528 1517 MlSSlS
1567 1461 1770 1516 DATA.

1008 1587 1138 1628 trsu
1177 1587 1300 1627 sua
1335 1587 1598 1628 CAPITULA
1639 1571 1680 1625 ⁸.

557 1663 568 1674 ’
595 1659 601 1665 ’
629 1664 680 1718 i.
708 1663 973 1720 Volumus
1001 1673 1060 1719 ut
1084 1679 1271 1719 omnes
1305 1665 1325 1696 ¹
1351 1678 1440 1723 res
1475 1663 1871 1720 ecclesiasticae
1896 1677 1962 1720 eo
1984 1665 2143 1720 modo

557 1757 952 1823 contineantur,
983 1757 1124 1812 sicut
1149 1771 1236 1812 res
1276 1755 1347 1810 ad-
1371 1755 1559 1810 iiscum
1593 1764 1840 1810 nostrum
1862 1755 2139 1812 continere

556 1848 751 1912 solent.
781 1863 954 1917 usque
976 1849 1101 1904 dum
1127 1863 1226 1904 nos
1248 1849 1321 1907 ad
1339 1847 1588 1916 generale
1608 1847 1864 1916 placitum
1891 1855 2135 1902 nostrum

553 1953 678 1993 cum
705 1937 949 1993 ﬁdelibus
975 1937 1175 1993 nostris
1207 1937 1586 2002 invenerimus,
1619 1945 1674 1993 et
1693 1938 2139 1994 constituerimus

556 2027 790 2096 qualiter
816 2027 872 2082 in
913 2027 1153 2082 futurum
1182 2028 1248 2083 de
1280 2027 1365 2082 bis
1399 2026 1517 2082 ﬁeri
1543 2028 1752 2083 debeat.

619 2118 674 2172 2.
723 2119 856 2174 item
883 2118 1146 2183 volumus,
1179 2127 1240 2174 ut
1265 2118 1442 2175 omnis
1473 2119 1752 2189 inquisitio
1777 2135 1916 2192 quae
1939 2120 2008 2177 de
2049 2136 2138 2177 re-

623 2254 656 2310 5
681 2254 720 2308 ⁴’.
756 2254 1014 2310 Volumus
1038 2261 1199 2325 atque
1227 2254 1494 2322 iubemus,
1540 2263 1600 2309 ut
1636 2254 1786 2311 missi
1812 2255 1980 2322 nostri
2013 2255 2131 2310 dili-

549 2355 739 2419 genter
770 2347 1066 2416 inquirant,
1107 2346 1290 2416 quanti
1327 2345 1573 2404 homincs
1610 2345 1764 2401 liberi
1803 2347 1857 2417 in
1905 2346 2130 2418 singulis

550 2440 894 2495 comitatibus
922 2447 1172 2495 maneant
1199 2439 1290 2508 qui
1327 2439 1533 2508 possint
1557 2438 1952 2508 expeditionem
1976 2455 2131 2495 exer-

551 2532 766 2589 citalem
789 2547 887 2601 per
913 2547 972 2588 se
995 2532 1194 2597 facere,
1219 2531 1304 2586 vel
1326 2531 1514 2601 quanti
1542 2531 1606 2596 de
1630 2531 1716 2588 bis
1737 2531 1828 2595 qui
1855 2545 1886 2586 a
1925 2531 2132 2593 duobus

547 2623 740 2681 tertius
760 2623 978 2678 adiutus
1006 2631 1060 2678 et
1083 2630 1453 2693 praeparatus,
1477 2629 1530 2678 et
1557 2622 1622 2676 de
1642 2621 1728 2676 his
1755 2621 1846 2690 qui
1890 2635 1922 2676 a
1961 2621 2134 2688 tribus

546 2721 773 2781 quartus
801 2713 1016 2769 adiutus
1038 2721 1092 2770 et
1116 2721 1491 2783 praeparatus,
1534 2721 1589 2771 et
1615 2713 1678 2769 de
1699 2711 1786 2767 his
1805 2712 1950 2781 quia
1973 2721 2132 2781 quat-

549 2811 672 2871 tuor
697 2803 918 2872 quintus
938 2802 1022 2856 vel
1047 2812 1233 2858 sextus
1259 2802 1475 2858 adiutus
1499 2811 1553 2860 et
1574 2808 1926 2873 praeparatus
1951 2800 2018 2854 ad
2047 2816 2134 2856 ex-

545 2893 877 2963 peditionem
903 2894 1247 2951 exercitalem
1275 2893 1487 2964 facere;
1513 2895 1776 2966 nobisque
1795 2907 1893 2967 per
1913 2893 2132 2953 brevem

545 3001 734 3044 eorum
764 3003 1029 3048 summam
1058 2985 1301 3050 deferant
1324 2988 1364 3048 ⁵.

2247 546 2344 601 per
2374 541 2538 589 testes
2566 534 2657 602 qui
2692 534 2952 602 producti.
2979 534 3198 599 fuerint,
3233 537 3327 592 sed
3367 551 3464 606 per
3497 539 3615 594 illos
3640 543 3732 610 qui
3768 544 3814 598 in

2245 638 2312 681 eo
2351 625 2609 682 comitatu
2637 626 2888 682 meliores
2923 635 2978 682 et
2997 627 3302 684 veraciores
3337 645 3458 688 esse
3491 647 3798 702 cognoscun

2247 721 2354 788 tur,
2379 729 2476 784 per
2502 715 2713 772 illorum
2738 717 3106 772 testimonium
3133 719 3415 790 inquisitio
3445 721 3569 788 iiat,
3599 730 3658 779 et
3678 719 3814 781 luxu

2246 804 2390 874 quod
2434 805 2508 859 illi
2557 805 2681 861 inde
2717 806 2738 838 ⁸
2781 807 3054 863 testiﬁcati
3081 808 3302 876 iuerint,
3341 811 3814 882 velcontineantur

2245 895 2330 952 vel
2358 897 2672 971 reddantur...

2317 985 2369 1040 5.
2419 986 2550 1041 item
2595 987 2863 1059 volumus,
2898 996 2960 1055 ut
2985 989 3050 1046 de
3082 991 3247 1058 rebus
3275 1007 3410 1061 quas
3452 1006 3478 1036 ι
3508 993 3814 1052 Mabtfridus

2246 1089 2345 1146 per
2388 1075 2598 1131 diversa
2627 1077 2744 1133 loca
2777 1086 2832 1133 et
2857 1093 2955 1153 per
2975 1079 3216 1152 diversos
3242 1080 3494 1154 homines
3513 1083 3800 1151 adquisivit

2245 1164 2347 1236 ipsi
2373 1167 2466 1236 qui
2492 1167 2709 1222 easdem
2732 1183 2822 1224 res
2844 1169 2894 1224 ei
2918 1169 3180 1225 dederunt
3205 1171 3630 1244 interrogentur,
3655 1175 3702 1229 si
3730 1176 3812 1230 ali-

2243 1256 2366 1325 quis
2403 1271 2589 1313 eorum
2615 1272 2708 1314 eas
2729 1266 2974 1328 repetere
3008 1259 3156 1314 velit.
3191 1259 3259 1314 Et
3287 1262 3615 1333 quicumque
3645 1265 3748 1319 hoc
3767 1281 3813 1319 se

2242 1345 2379 1402 velle
2424 1348 2872 1418 pronuntiaverit,
2903 1351 2970 1406 ad
2995 1353 3244 1424 generale
3277 1354 3541 1423 placitum
3578 1366 3812 1413 nostrum

2244 1441 2428 1498 venire
2451 1443 2714 1512 iubeatur,
2742 1453 2803 1501 ut
2825 1446 2949 1504 inde
2975 1464 3097 1504 cum
3124 1451 3312 1507 eodem
3341 1451 3637 1512 Mabtfrido
3665 1458 3812 1513 ratio-

2243 1546 2367 1588 nem
2393 1534 2592 1590 habere
2611 1536 2803 1605 possit.

2311 1622 2366 1678 ι.
2399 1624 2678 1692 Volumus,
2711 1634 2772 1681 ut
2792 1626 2944 1682 missi
2981 1631 3152 1684 nostri
3177 1645 3276 1700 per
3301 1640 3471 1688 totam
3496 1633 3809 1704 legationem

2244 1727 2394 1786 suam
2417 1713 2592 1784 primo
2613 1715 2855 1771 omnium
2877 1718 3168 1788 inquirant,
3195 1721 3284 1790 qui
3303 1723 3412 1776 sint
3438 1724 3504 1778 de
3526 1724 3711 1778 liberis
3729 1727 3808 1780 bo—

2168 1801 2214 1880 β
2242 1803 2475 1859 minibus
2495 1806 2585 1873 qui
2609 1804 2923 1866 ﬁdelitatem
2946 1811 3356 1883 nobisAnOndum
3379 1816 3707 1883 promissum
3729 1817 3810 1872 ha-

2239 1893 2428 1976 beant,
2461 1901 2515 1949 et
2553 1894 2754 1952 faciant
2789 1897 2911 1954 illos
2943 1914 3060 1953 eam
3094 1903 3410 1975 promittere
3435 1905 3579 1975 sicut
3602 1922 3809 1962 consue-

2237 1984 2367 2040 tudo
2389 1999 2600 2055 semper
2621 1987 2749 2066 fuit;
2776 1997 2830 2043 et
2848 2000 3033 2060 postea
3049 1993 3308 2063 incipiant
3324 1995 3656 2068 legationem
3675 2015 3807 2053 suam

2237 2087 2337 2144 per
2359 2081 2539 2130 cetera
2571 2077 2806 2152 capitula
2829 2094 3107 2152 peragere.

2308 2253 2342 2309 5
2375 2254 2416 2308 ⁸.
2462 2255 2719 2312 Volumus
2743 2265 2904 2328 atque
2932 2257 3196 2329 iubemus,
3237 2269 3294 2316 ut
3317 2248 3470 2316 missi
3503 2263 3678 2318 nostri
3705 2264 3805 2319 dili-

2235 2354 2425 2414 genter
2474 2347 2782 2417 inquirant,
2825 2349 3011 2418 quanti
3042 2350 3195 2406 liberi
3225 2351 3473 2408 homines
3519 2354 3575 2408 in
3603 2355 3806 2422 singulis

2237 2435 2582 2492 comitatibus
2607 2447 2878 2492 maneant.
2903 2437 3042 2496 Hinc
3070 2452 3199 2497 vero
3221 2455 3283 2495 ea
3307 2440 3586 2513 diligentia
3614 2453 3667 2498 et
3690 2443 3805 2499 haec

2239 2525 2377 2581 ratio
2402 2527 2740 2592 examinezur
2763 2542 2862 2602 per
2885 2528 3126 2600 singulas
3161 2516 3435 2596 centenas,
3470 2540 3530 2594 ut
3559 2533 3806 2587 veraciter

2237 2616 2412 2672 s'ciam
2457 2615 2581 2671 illos
2607 2624 2769 2686 atque
2798 2618 3108 2676 describant
3148 2622 3239 2691 qui
3281 2622 3336 2676 in
3365 2623 3708 2679 exercitalem
3731 2625 3804 2678 ire

2233 2709 2459 2777 pOSSunt
2485 2707 2913 2777 expeditionem;
2949 2726 3012 2766 ac
3035 2711 3226 2767 demde
3242 2713 3495 2769 videlicet
3515 2716 3795 2770 secundum

2233 2796 2479 2854 ordinem
2517 2798 2585 2854 de
2630 2799 2716 2854 bis
2741 2800 2832 2870 qui
2857 2816 2964 2870 per.
2984 2817 3044 2857 se
3081 2803 3159 2858 ire
3201 2817 3314 2859 non
3337 2813 3568 2874 possunt,
3604 2813 3660 2859 ut
3692 2805 3794 2860 duo

2233 2887 2453 2942 tertium
2488 2887 2816 2943 adiutorium
2842 2899 3054 2959 parent.
3084 2893 3151 2946 Et
3177 2893 3268 2962 qui
3297 2895 3526 2950 necdum
3561 2896 3712 2950 nobis
3735 2895 3798 2948 ii-

2234 2977 2508 3034 delitatem
2533 2979 2918 3048 promiserunt,
2944 2996 3066 3035 cum
3093 2992 3436 3040 sacramento
3464 2985 3618 3041 nobis
3643 2983 3800 3040 ﬁdeli-

2235 3075 2401 3124 tatem
2432 3069 2748 3139 promittere
2772 3068 2970 3126 faciant
2995 3072 3016 3105 "
3044 3071 3095 3126 ιι.

1765 3200 2158 3265 VARIANTES
2205 3200 2607 3258 LECTIONES.

619 3321 635 3395 ξ
676 3320 856 3395 missis
881 3318 1005 3395 data
1028 3335 1106 3395 _ea:
1133 3318 1285 3395 codd.
1314 3318 1366 3395 i._
1395 3327 1442 3395 e_t
1469 3315 1521 3372 5.
1537 3317 1608 3395 _in
1633 3315 1730 3395 inc.
1757 3315 1966 3395 nonnisi
2009 3331 2158 3395 capp.
2190 3315 2240 3368 1.
2257 3313 2390 3395 ξω.
2436 3313 2714 3395 habentur.
2746 3315 2952 3395 peiuri:
2975 3326 3025 3373 et
3067 3317 3309 3395 incedoL
3349 3319 3437 3376 BI.
3483 3320 3638 3379 Goth.
3673 3322 3794 3395 Mat.

546 3391 805 3445 'dcest5.
883 3389 990 3444 ’de
1020 3391 1071 3442 1.
1143 3387 1454 3442 ‘excodJ.

546 3469 729 3516 mento
753 3460 906 3514 nobis
944 3460 1256 3516 ﬁdelitatem
1284 3459 1600 3526 promittere
1625 3455 1844 3511 faciant.

548 3532 673 3584 dum
699 3530 965 3584 inseritur.
1041 3531 1061 3562 '
1093 3527 1304 3582 faciatis
1326 3528 1409 3583 ed.

1534 3387 1556 3419 '
1581 3386 1725 3457 co_d._
1753 3385 1806 3439 5.
1845 3385 1971 3439 haec
2015 3385 2162 3457 addit
2191 3400 2210 3439 :
2255 3385 2323 3440 Et
2361 3385 2450 3457 qui
2478 3386 2714 3457 nondum
2739 3386 3050 3443 ﬁdelitatem
3076 3385 3600 3457 promisérunt,eum
3629 3385 3797 3449 sacra;

1935 3457 1956 3487 °
1977 3470 2041 3510 ea:
2061 3455 2178 3512 cod.
2203 3457 2255 3513 5.
2275 3467 2322 3511 et
2347 3455 2573 3512 editione
2594 3455 2884 3526 Simondi,
2898 3459 2999 3532 ubi
3020 3455 3134 3531 post
3153 3470 3307 3530 caput
3334 3460 3366 3516 6
3392 3462 3596 3534 legibus
3621 3466 3800 3518 adden-

2073 3635 2304 3695 ΝΟΤΔΕ.

619 3774 645 3805 ι
672 3759 866 3815 Comes
887 3757 1310 3812 Aurelianensis.
1338 3755 1470 3828 Vide
1491 3763 1648 3810 notas
1671 3754 1738 3810 ad
1754 3752 2123 3828 Agebardum,
2152 3751 2199 3815 C
2230 3752 2503 3828 Ceterum,
2534 3753 2580 3809 si
2603 3753 3091 3828 impletisitriginta
3118 3755 3270 3811 annis
3302 3762 3466 3828 terra,
3499 3773 3530 3812 a
3560 3774 3802 3828 quocum-

546 3847 667 3903 pag.
696 3831 782 3908 78__,
818 3830 893 3908 De
913 3829 1098 3908 eodem
1121 3837 1260 3908 puto.
1275 3826 1361 3896 agi
1388 3827 1441 3908 in
1462 3833 1730 3908 praecepto
1753 3824 1996 3908 Lotharii
2028 3824 2129 3878 im-

547 3894 667 3974 ῥεῖ’.
697 3900 841 3974 eriiio
877 3899 1020 3974 inter
1052 3894 1400 3974 probationes
1424 3894 1663 3974 historiae
1691 3894 2127 3974 'i‘renorchiante,

548 3965 671 4043 pag.
707 3969 833 4043 26],
886 3970 977 4024 ubi
1008 3965 1249 4024 vocatur
1279 3984 1298 4022 ο
1344 3965 1634 4023 Matfredus
1661 3965 1746 4020 vir
1787 3965 2013 4020 inluster
2038 3979 2131 4020 co-

550 4041 684 4100 incs.
719 4062 737 4094 ι
765 4041 964 4095 Βλωῑ.

619 4114 646 4153 b
679 4111 971 4180 Sequentia
995 4110 1099 4164 tria
1119 4108 1376 4180 capitula,
1405 4123 1524 4177 qua:
1542 4112 1915 4180 sumptasunt
1955 4121 2022 4180 ex
2064 4103 2129 4160 ll-

544 4186 646 4239 bro
667 4176 845 4252 legum
865 4176 1327 4252 Burgundicarum
1348 4176 1490 4252 etc;
1515 4176 1710 4252 Codice
1732 4176 2124 4252 Theodosiano,

545 4246 816 4320 descripta
838 4266 896 4305 re
935 4246 1180 4305 oriuntur
1210 4250 1266 4304 in
1290 4249 1579 4305 Codieibns
1611 4247 1851 4302 Palatino
1874 4256 1928 4301 et
1953 4246 2126 4302 sancti

547 4321 819 4373 Vincentii
861 4265 1138 4373 hiettensis
1171 4320 1354 4373 statim
1387 4328 1509 4373 post
1552 4319 1830 4373 superiora
1868 4317 2124 4372 Ludovici

547 4317 819 4376 Vincentii
861 4317 1138 4375 Mettensis
1171 4320 1354 4374 statim
1387 4328 1509 4388 post
1552 4319 1830 4388 superiora
1868 4317 2124 4388 Ludovici

543 4391 627 4445 Pii
654 4389 907 4460 capitula.
938 4390 1144 4460 Regina
1165 4405 1294 4460 vero
1315 4387 1480 4460 abbas
1501 4387 1832 4460 Promiensis
1867 4402 1930 4442 ea
1962 4387 2126 4444 refert

542 4477 611 4516 ex
653 4456 1044 4526 capitularibus
1069 4458 1306 4526 ejusdem
1332 4457 1606 4513 Ludovici.
1651 4456 1731 4512 Ob
1762 4471 1882 4512 eam
1906 4472 2124 4514 causam

543 4547 644 4587 nos
677 4527 767 4585 illa
803 4529 892 4585 hic
916 4529 1115 4584 omissa
1140 4529 1426 4591 noluimus,
1459 4537 1571 4581 tum
1593 4527 1756 4582 etiam
1793 4527 1920 4591 quia
1955 4527 2124 4584 multa

542 4602 654 4658 illic
695 4601 906 4657 diversa
941 4607 1068 4669 sunt
1091 4615 1122 4653 a
1149 4599 1379 4669 vulgatis
1408 4597 1748 4669 Editionibus
1783 4596 2002 4669 illarum
2049 4598 2125 4653 le-

579 4688 688 4726 um.
715 4666 1346 4726 BAan.—Contulimus
1375 4684 1438 4724 ea
1463 4683 1584 4722 cum
1609 4666 1738 4721 Cod.
1771 4668 1824 4731 9,
1851 4667 1940 4720 ubi
1963 4682 2119 4736 capp.

567 4737 644 4798 iet
665 4743 700 4796 2
726 4757 821 4812 pro
850 4757 958 4796 uno
977 4739 1451 4812 numeranturqi.
1471 4737 1545 4812 ρο
1565 4737 1898 4812 inscriptione
1927 4746 2124 4812 tempe:

539 4831 678 4868 rum.
708 4807 858 4867 Licet
884 4811 1204 4880 iampridem
1227 4826 1257 4863 a
1280 4810 1434 4865 nobis
1463 4808 1639 4880 fuerat
1657 4807 1964 4880 ordinatum
1989 4807 2049 4862 ut
2073 4809 2120 4863 si

538 4884 660 4953 quis
694 4882 750 4938 in
787 4877 1209 4953 populo—nostro
1241 4877 1756 4953 barbaraenationis
1776 4891 2005 4953 persona
2026 4887 2120 4932 aut

538 4949 595 5009 in
636 4969 693 5009 re
716 4949 811 5008 sua
833 4949 1157 5008 consisteret
1191 4959 1283 5004 aut
1309 4951 1469 5004 alium
1492 4949 1792 5011 invitasset,
1815 4957 1908 5001 aut
1930 4949 1976 5003 si
2014 4957 2121 5002 ter-

539 5040 657 5079 ram
707 5025 776 5079 ad
817 5022 1166 5078 habitandum
1204 5020 1538 5075 voluntarius
1582 5019 2120 5089 deputasset,eaque

2231 3839 2336 3894 que
2359 3825 2521 3880 etiam
2547 3840 2772 3893 pervasa
2789 3825 2967 3880 fuisse
2980 3827 3207 3889 dicatur,
3231 3842 3338 3880 non
3363 3827 3528 3882 fuerit
3543 3825 3796 3894 restituta,

2229 3895 2365 3955 nihil
2391 3895 2494 3968 sibi
2519 3895 2844 3968 reddendum
2864 3911 2982 3968 esse
3007 3905 3313 3968 cognoscat.
3339 3897 3681 3968 Quapropter
3699 3917 3802 3954 om-

2229 3979 2325 4045 nes
2353 3964 2595 4045 comites,
2623 3965 2928 4045 quoties_de
2951 3966 3176 4045 privatis
3201 3968 3379 4045 causis
3399 3964 3685 4045 coiitcoiit:
3700 3970 3802 4045 foe:

2228 4036 2335 4114 rit"
2352 4043 2623 4105 generata,
2647 4035 2965 4114 secundum
2982 4037 3237 4114 ordinem
3250 4037 3384 4114 legis
3414 4037 3433 4111 [
3461 4039 3620 4114 istius
3646 4040 3758 4096 Bal.
3785 4040 3800 4114 ]

2227 4106 2467 4178 indicare
2515 4107 2799 4178 curabunt.
2834 4105 2902 4178 Et
2933 4106 3058 4175 quia
3094 4108 3276 4163 omnia
3310 4105 3376 4162 ad
3415 4105 3656 4178 quietem
3699 4105 3802 4166 oml

2227 4177 2377 4251 nium
2422 4177 2745 4251 pertinentia
2780 4193 2847 4233 ex
2883 4176 3001 4251 lege
3043 4177 3294 4234 convenit
3334 4176 3639 4251 provideri,
3679 4198 3804 4251 quas

2225 4247 2444 4319 omnino
2481 4262 2671 4302 causas
2709 4247 2774 4302 de
2799 4247 3230 4319 iquibuscunque
3271 4247 3436 4304 rebus
3483 4265 3626 4319 quae
3671 4247 3801 4306 intra

2225 4316 2444 4392 triginta
2472 4332 2640 4392 annos
2661 4314 2992 4392 non__fuerint
3017 4314 3309 4392 diflinitae,
3347 4314 3629 4392 nullo—Aeas
3662 4335 3806 4392 post—

2224 4386 2442 4458 modum
2473 4386 2654 4458 licebit
2683 4387 2871 4458 ordine
2895 4389 3220 4444 commoveri
3245 4407 3258 4442 :
3283 4390 3407 4458 quia
3430 4390 3568 4452 satis
3596 4386 3802 4447 unicui-

2263 4473 2328 4512 ue
2344 4455 2422 4537 .ad
2449 4455 2826 4537 requirendum
2849 4465 2904 4512 et
2921 4458 3284 4527 recipiendum
3300 4455 3458 4528 ’quod
3481 4460 3532 4515 ei
3570 4461 3801 4519 debitum

2247 4527 2403 4650 uegit,
2431 4527 2828 4596 suprascriptus
2847 4542 3110 4585 annorum
3129 4527 3387 4601 numerus
3413 4539 3628 4586 constat
3653 4547 3804 4602 posse

2247 4613 2283 4650 ιιι
2330 4612 2492 4650 icere.
3196 4619 3200 4622 ”

2223 4611 2492 4652 sumcere.
3196 4619 3200 4622 ”

2311 4685 2327 4718 ‹
2365 4669 2417 4740 5.
2448 4666 2526 4721 De
2554 4666 2821 4740 inquilinis
2843 4675 2889 4721 et
2918 4666 3133 4723 colonis.
3153 4667 3220 4740 iSi
3249 4670 3371 4740 quis
3394 4670 3654 4726 colonum
3681 4673 3802 4727 alie-

2220 4752 2349 4791 num
2377 4737 2430 4790 in
2454 4751 2512 4792 re
2559 4752 2651 4791 sua
2677 4737 2899 4806 triginta
2937 4753 3106 4793 annos
3151 4737 3416 4805 habuerit,
3467 4757 3531 4796 ac
3576 4744 3624 4798 si
3652 4759 3799 4798 suum

2219 4807 2488 4890 veridicet.
2522 4806 2622 4873 Qui
2646 4808 2691 4862 si
2717 4806 2856 4890 inira
2902 4808 3124 4890 triginta
3145 4824 3316 4890 annos
3340 4810 3600 4890 inventus
3622 4812 3798 4877 fuerit,

2218 4877 2508 4952 a'domino
2541 4877 2839 4952 cum__iiiiis
2894 4877 2998 4933 sibi
3043 4879 3272 4952 debitis,
3305 4889 3385 4952 _et
3435 4883 3590 4952 omni
3648 4898 3802 4952 pecu-

2217 4947 2291 5020 lio
2318 4955 2616 5020 revocetur.
2649 4946 2706 5002 Si
2741 4960 2868 5020 vero
2900 4957 3144 5004 mortuus
3184 4949 3364 5012 fuerit,
3388 4946 3667 5020 peculium
3688 4954 3801 5008 eius

2217 5016 2464 5074 dominus
2488 5027 2722 5073 revocet.
2749 5017 2948 5072 Colona
2971 5033 3098 5074 vero
3116 5020 3160 5074 si
3184 5021 3373 5077 viginti
3391 5016 3568 5077 annos
3597 5024 3651 5077 in
3677 5023 3803 5077 alie-

534 5093 804 5222 Leamque
828 5092 947 5147 Bal.
969 5090 988 5164 ]
1016 5108 1112 5162 per
1139 5108 1308 5146 annos
1331 5085 1792 5160 quindecim'sine
1814 5088 1985 5143 tertiis
2020 5085 2116 5142 ha-
2145 5108 2192 5168 ι)
2217 5104 2288 5142 no
2311 5085 2548 5142 dominio
2581 5088 2954 5158 permanserit,
2983 5104 3010 5141 a
3036 5089 3217 5158 priore
3241 5085 3460 5148 domino
3487 5108 3602 5149 non
3627 5093 3804 5162 requi-

576 5165 759 5222 uisset.
786 5166 841 5220 in
863 5163 1136 5218 voluntate
1160 5162 1329 5222 ipsius
1348 5165 1705 5222 permaneret,
1732 5174 1902 5222 neque
1923 5159 2116 5214 exinde
2218 5165 2386 5213 ratur.
2411 5156 2613 5214 Colono
2636 5159 2773 5213 duae
2797 5165 2979 5222 partes
2993 5160 3296 5222 agnationis
3317 5171 3636 5222 sequantur.
3660 5164 3804 5219 colo-

576 5159 759 5240 uisset,
786 5166 841 5220 in
863 5159 1136 5240 voluntate
1160 5162 1329 5240 ipsius
1348 5159 1705 5240 permaneret,
1732 5174 1902 5227 neque
1923 5159 2116 5240 eiiinde

573 5229 824 5304 uicquam
873 5233 975 5289 sibi
1015 5233 1104 5288 ille
1145 5229 1236 5304 qui
1283 5229 1504 5287 dederat
1547 5229 1710 5304 sciret
1737 5243 1855 5304 esse
1893 5229 2116 5284 redden-

535 5248 824 5358 quicquam
873 5248 975 5289 SlDl
1015 5248 1104 5288 nte
1145 5249 1236 5304 QUI
1283 5248 1504 5287 uenerat
1547 5248 1710 5284 SCll'el
1737 5248 1855 5283 esse
1893 5248 2116 5284 r8006"-

575 5321 684 5367 um,
714 5315 892 5360 tamen
917 5304 1118 5372 absque
1147 5303 1254 5358 ulla
1291 5300 1683 5372 permutatione
1703 5299 1854 5372 omni
1877 5306 2118 5368 tempore

535 5375 862 5444 generaliter
882 5368 1174 5431 memorata
1192 5368 1429 5444 conditio
1441 5371 1630 5428 debeat
1651 5368 1940 5432 custodire,
1964 5384 2114 5438 prae-

533 5443 674 5515 Senti
713 5444 913 5515 placuit
949 5445 1067 5515 iege
1088 5443 1364 5500 constitui.

615 5514 696 5568 «‘2.
713 5509 861 5594 ξιιετῃ
883 5514 947 5568 de
967 5509 1300 5594 iriscriptioiie
1327 5522 1635 5594 temporum.
1653 5509 1714 5594 Si
1721 5509 1849 5592 quis
1860 5522 1990 5594 vero
2003 5517 2109 5565 ter-

537 5598 655 5640 ram
690 5584 758 5639 ab
788 5583 959 5640 altero
986 5585 1087 5639 sibi
1114 5581 1361 5639 traditam
1389 5581 1652 5639 violenter
1683 5581 1879 5636 dixerit
1902 5587 1957 5634 et
1983 5596 2112 5634 con-

536 5655 728 5709 vicerit
752 5653 918 5709 fuisse
939 5655 1204 5709 sublatam
1233 5655 1382 5725 prius
1407 5669 1565 5723 quam
1594 5652 1815 5725 triginta
1851 5665 2111 5704 annorqu

536 5731 800 5780 terminus
829 5725 1176 5796 compleatur,
1216 5723 1270 5778 et
1299 5740 1410 5778 rem
1435 5723 1736 5796 constiterit
1775 5729 2109 5796 occupatam,

535 5804 590 5850 et
618 5796 888 5867 requirere
905 5791 1119 5867 poterit,
1145 5804 1196 5851 et
1221 5795 1510 5865 repetentis
1531 5792 1774 5862 partibus
1797 5791 2108 5847 reformare.

2218 5165 2386 5213 ratur.
2411 5156 2773 5230 Colonoduae
2797 5165 2979 5229 partes
2993 5156 3296 5230 agnationis
3317 5171 3636 5230 sequantur,
3660 5156 3804 5219 colo-

2216 5228 2681 5308 naevero'tercia
2694 5228 3125 5308 pag-sns‘equat’ur.
3165 5229 3301 5308 Nam
3336 5228 3637 5308 s_i_ag_natio
3663 5233 3802 5308 infra

2216 5296 2436 5366 triginta
2485 5295 2715 5422 iviginti
2738 5295 2894 5368 Bal.]
2928 5295 3106 5354 annos
3152 5299 3296 5356 edita
3344 5295 3541 5368 fueFit,
3586 5305 3804 5373 quando

2216 5368 2391 5422 adhuc
2418 5383 2482 5422 co
2504 5383 2607 5422 oua
2635 5367 2851 5422 domino
2886 5371 3250 5422 comnetebat.
3281 5374 3658 5422 repetentibus
3691 5390 3802 5422 non

2215 5368 2391 5422 adhuc
2418 5367 2607 5424 colona
2635 5367 3250 5439 dominoﬁ’competebat,
3281 5367 3658 5439 repetentibus
3691 5390 3803 5430 non

2218 5445 2472 5507 negetur;
2495 5440 2618 5508 quia
2641 5438 2697 5493 in
2716 5438 2940 5494 novellis
2963 5438 3168 5508 legibus
3187 5448 3271 5495 est
3297 5438 3675 5498 censtitutum.
3705 5445 3804 5499 Sa-

2219 5524 2288 5564 ne
2313 5521 2383 5561 ne
2411 5507 2703 5580 separatio,
2723 5508 2958 5580 coniugii
2995 5507 3106 5572 fiat,
3134 5509 3499 5580 praecipimus
3540 5521 3603 5567 ut
3633 5515 3804 5568 domi-

2217 5593 2320 5652 nus
2343 5577 2518 5633 coloni
2542 5579 2742 5652 vicaria
2762 5577 2991 5633 muliere
3025 5577 3153 5636 cuni
3177 5577 3468 5652 agnatiene
3491 5583 3665 5652 partis
3692 5592 3805 5638 ter-

2217 5649 2334 5704 ciae
2355 5665 2461 5704 non
2488 5657 2714 5718 negetur
2730 5651 2769 5701 ‘.
2809 5666 2828 5701 ι

2281 5735 2298 5801 _‘
2327 5735 2435 5801 ita;
2469 5735 2688 5801 secunda
2709 5737 3148 5801 manurorrecluin
3172 5741 3241 5790 uti
3266 5736 3368 5789 Bal.
3395 5738 3519 5801 legit
3577 5743 3630 5792 ut
3651 5754 3680 5788 α
3708 5741 3776 5801 de

2217 5796 2344 5849 mitto
2363 5797 2518 5849 coloni
2539 5798 2745 5849 vicariae
2769 5797 2956 5849 mulieri
2979 5799 3024 5849 9.
