3992 6344
557 364 664 424 eis
1400 355 1459 426 is.
1501 356 1748 429 canon
1783 358 1998 427 Μαίη
2023 367 2172 428 opp.
2207 370 2385 430 PARS
2418 373 2458 430 l.
2489 371 2727 434 SEC'l‘lO
2755 373 2981 433 PRIMA.

559 496 669 542 tate
703 485 980 541 «lecessum
1009 487 1372 555 unusquisqile
1407 487 1618 542 illorum
1667 489 1804 542 scire
1835 487 2032 549 valeat,
2082 488 2124 542 si
2160 493 2204 550 Α
2234 485 2504 554 linquatur
2525 488 2757 543 occasio.
2810 485 2914 543 Sed
2943 488 3124 545 ethoc
3148 490 3530 560 praecipimus,
3559 500 3618 548 ut
3646 498 3824 554 nullus

557 591 651 632 eos
674 577 850 630 divina
883 577 1052 644 pietas
1067 577 1219 632 nobis
1241 577 1556 647 Superstites
1573 594 1691 634 esse
1718 579 1966 643 voluerit,
1998 594 2136 649 quae
2236 593 2301 631 cx
2337 577 2422 631 his
2448 578 2616 631 tribus
2646 577 2920 642 fratribus,
2955 579 3109 633 nobis
3148 579 3203 632 in
3229 595 3457 648 corpore
3481 585 3826 642 consistentl-

555 667 732 738 portio
765 666 865 720 sibi
900 667 966 720 ad
1023 667 1306 721 tenendum
1352 665 1513 737 atque
1543 670 1948 738 gubernandum
1980 684 2009 722 a
2041 685 2138 723 no-
2233 665 2356 731 bus,
2384 667 2467 722 vel
2493 676 2734 721 nostrum
2760 667 2843 721 vel
2871 668 3158 722 cuiuslibet
3187 668 3408 725 alterius
3435 672 3708 729 hominem
3738 691 3825 730 sa;

556 755 640 810 bis
667 755 943 825 adsignata
975 757 1064 811 sit.
1114 756 1286 823 Quam
1320 753 1632 814 divisionem
1654 775 1719 836 eo
1748 759 1908 815 modo
1936 760 2136 816 descri-

553 846 683 902 bere
716 861 779 900 ac
801 847 1080 917 designare
1113 849 1376 916 volumus,
1425 858 1486 904 ut
1511 848 1707 921 singuli
1750 842 1897 906 iuxta
1921 849 2135 906 ordina-

555 935 756 988 tionem
779 943 1017 990 nostram
1041 947 1096 992 et
1119 937 1252 993 ﬁnes
1285 939 1436 1009 regni
1461 939 1543 995 sui
1569 941 1660 1010 qui
1704 940 1760 995 in
1806 941 2135 1012 alienigenas

553 1027 932 1110 extenduntur,
980 1044 1103 1083 cum
1147 1029 1240 1085 Dei
1276 1013 1542 1086 adiutorio
1576 1030 1860 1087 defendere
1894 1040 2134 1087 statuant

553 1133 617 1175 ac
643 1119 659 1150 ¹
689 1119 959 1185 studeant,
997 1129 1051 1175 et
1083 1136 1273 1190 pacem
1302 1138 1367 1178 ac
1409 1113 1704 1178 fraternam
1737 1123 2020 1178 caritatem
2051 1123 2134 1178 ln-

555 1219 638 1264 ter
669 1225 730 1265 se
770 1211 1043 1266 custodire
1092 1213 1326 1267 valeant.
1382 1212 1548 1268 Cuius
1587 1214 1866 1270 divisionis
1915 1207 2136 1270 modum

551 1306 715 1366 atque
739 1298 1134 1354 ordinationem
1161 1299 1326 1355 talem
1347 1303 1501 1357 nobis
1525 1315 1550 1342 ι
1572 1301 1752 1357 facere
1774 1302 1996 1371 placuit.

623 1388 675 1442 1.
714 1388 858 1442 Haec
891 1397 1074 1444 autem
1109 1389 1202 1443 tali
1225 1383 1560 1446 ordinatione
1581 1391 1957 1460 disposuimus,-
2003 1389 2132 1445 utsi

548 1488 672 1549 post
695 1488 940 1535 nostrum
965 1481 1032 1534 ab
1061 1481 1162 1537 hac
1192 1481 1309 1536 luce
1339 1481 1635 1537 discessum
1681 1483 1876 1552 aliquis
1918 1497 2126 1546 eorum,

549 1572 860 1642 priusquam
888 1569 1084 1626 fratres
1112 1572 1214 1634 sui,
1243 1572 1383 1627 diem
1429 1572 1642 1636 obierit,
1686 1581 1741 1628 et
1768 1572 1929 1626 talem
1959 1571 2129 1625 lilium

548 1662 828 1732 reliquerit
859 1677 1020 1731 quem
1062 1662 1290 1731 populus
1326 1661 1493 1731 ipslus
1541 1659 1739 1732 eligere
1790 1659 2020 1717 voluerit
2070 1669 2130 1714 ut

2233 764 2572 810 cramentum
2619 757 2892 812 ﬁdelitatis
2927 758 3026 811 sibi
3055 759 3373 826 promittere
3413 759 3596 828 faciat,
3637 772 3694 818 et
3725 777 3824 836 per

2232 847 2333 902 hoc
2359 863 2480 902 eum
2505 848 2587 902 vel
2633 863 2663 902 a
2691 851 2844 904 nobis
2877 851 2962 904 vel
2989 851 3056 904 ab
3086 851 3259 907 altero
3305 854 3523 909 domino
3577 871 3677 910 suo
3724 873 3823 927 per

2231 938 2534 994 huiusmodi
2586 948 2984 996 sacramentum
3030 950 3244 996 avertat
3302 952 3358 999 et
3408 944 3478 1000 ad
3536 960 3598 1001 se
3640 947 3821 1003 adtra-

2232 1031 2346 1085 hat.

2299 1123 2353 1177 5;
2392 1121 2533 1190 Quin
2577 1123 2740 1178 etiam
2781 1124 3220 1195 praecipiendum
3266 1127 3422 1182 nobis
3469 1127 3712 1196 videtur,
3763 1138 3822 1186 ut

2229 1211 2352 1284 post
2380 1225 2624 1270 nostrum
2655 1232 2720 1270 ex
2746 1217 2850 1271 hac
2878 1219 3208 1274 mortalitate
3251 1219 3548 1274 discessum
3576 1220 3820 1278 homines

2230 1305 2653 1375 uniuscuiusque
2679 1320 2866 1362 eorum
2899 1309 3170 1378 accipiant
3206 1310 3488 1374 beneﬁcia,
3526 1313 3818 1380 unusquis-

2229 1412 2334 1466 que
2358 1397 2413 1452 in
2441 1413 2606 1466 regno
2627 1396 2830 1452 domini
2864 1399 2948 1452 sui
2995 1407 3052 1453 et
3084 1407 3194 1454 non
3220 1397 3462 1461 alterius,
3492 1415 3562 1456 ne
3605 1402 3817 1471 quando

2228 1503 2326 1557 per
2355 1488 2476 1552 hoc,
2526 1490 2571 1544 si
2608 1488 2762 1542 aliter
2803 1487 2986 1555 fuerit,
3033 1489 3352 1545 scandalum
3396 1491 3618 1560 aliquod
3649 1491 3817 1561 possit

2230 1579 2492 1633 accidere;
2551 1578 2916 1633 Hereditatem
2967 1589 3148 1634 autem
3191 1595 3345 1635 suam
3401 1581 3606 1635 habeat
3657 1594 3819 1636 unus:

2230 1669 2456 1738 quisque
2482 1668 2757 1722 hominum
2781 1669 2995 1724 illorum
3021 1671 3224 1740 absque
3265 1671 3717 1735 contradictione,
3764 1673 3814 1727 iu

546 1754 688 1824 patri
716 1770 814 1810 suo
851 1755 1103 1810 succedat
1132 1755 1186 1808 in
1215 1755 1365 1824 regni
1392 1755 1741 1818 haereditate,
1789 1750 2036 1807 volumu's'
2069 1761 2130 1806 ut
2159 1825 2198 1832 _
2231 1774 2572 1830 quocumque
2598 1775 2764 1830 regno
2810 1762 2914 1817 hoc
2945 1775 3068 1816 eum
3109 1761 3347 1832 legitime
3396 1761 3600 1817 habere
3651 1762 3814 1818 conti—

547 1847 652 1901 hoc
685 1844 1024 1900 consentiant
1063 1844 1241 1912 patrui
1269 1843 1434 1912 ipsius
1468 1842 1641 1911 pueri;
1672 1843 1727 1897 et
1754 1856 1978 1912 regnare
2006 1849 2129 1909 per—
2159 1825 2204 1886 Β
2232 1825 2370 1924 ﬁeri;
2389 1855 2409 1883 ι

547 1937 766 1992 mittant
787 1935 954 1990 ﬁlium
975 1935 1159 1989 fratris
1186 1935 1268 1989 sui
1291 1935 1346 1988 in
1377 1949 1441 1989 eo
1466 1949 1631 2004 regno
1652 1935 1794 2003 quod
1816 1933 1970 2003 pater
1987 1935 2121 1997 eius,

549 2028 718 2083 frater
739 2043 948 2093 eorum,
981 2027 1189 2082 habuit;
1231 2025 1386 2093 Quod
1431 2027 1479 2081 si
1508 2026 1670 2081 talem
1699 2025 1868 2079 lilium
1897 2040 2004 2081 non
2033 2025 2129 2077 ha-

546 2119 742 2183 buerit,
767 2125 894 2173 tunc
911 2118 1179 2182 volumus,
1224 2124 1284 2171 ut
1318 2117 1408 2171 illa
1451 2131 1578 2186 pars
1604 2115 1753 2186 regni
1784 2130 1947 2185 quam
1984 2115 2126 2169 idem

546 2211 796 2274 habebat,
829 2209 1098 2264 dividatur
1127 2207 1422 2277 aequaliter
1464 2207 1605 2262 inter
1637 2207 1760 2263 illos
1805 2190 2002 2261 fratres
2032 2204 2126 2276 qui

545 2299 863 2369 superstites
887 2295 1327 2352 remanserunt’.

612 2390 668 2444 2.
704 2389 912 2444 Placuit
957 2388 1121 2443 etiam
1168 2387 1310 2443 inter
1357 2386 1664 2456 praedictos
1704 2385 1842 2440 ﬁlios
1885 2391 2126 2440 statuere

547 2485 708 2552 atque
760 2480 1098 2550 praecipere,
1159 2472 1380 2549 propter
1426 2475 1614 2547 pacem
1674 2485 1728 2532 et
1781 2469 2126 2532 concordiam

542 2581 706 2644 quam
731 2573 872 2627 inter
899 2586 994 2626 eos
1011 2577 1270 2640 perpetuo
1301 2581 1617 2637 permanere
1646 2566 2030 2629 desideramus,
2067 2570 2127 2620 ut

543 2661 722 2716 nullus
753 2675 940 2716 eorum
981 2658 1166 2714 fratris
1213 2659 1297 2712 sui
1330 2657 1590 2712 terminos
1634 2655 1716 2710 vel
1753 2656 1903 2725 regni
1929 2655 2126 2709 limites

542 2751 798 2807 invadere
825 2753 1156 2818 praesumat,
1204 2761 1380 2816 neque
1425 2745 1792 2801 fraudulenter
1825 2745 2029 2817 ingredi
2058 2745 2128 2800 ad

541 2843 971 2898 conturbandum
998 2834 1222 2910 regnum
1245 2838 1363 2894 eius
1397 2837 1480 2892 vel
1510 2834 1721 2892 mat-cas
1767 2835 2120 2902 minuendas;

542 2934 638 2990 sed
700 2931 883 3002 potius
947 2928 1162 2985 adiuvet
1215 2915 1582 2999 unusquisque
1635 2927 1849 2982 illorum
1899 2920 2124 2980 fratrem

541 3040 719 3089 suum,
754 3031 916 3094 prout
959 3022 1216 3092 temporis
1249 3021 1587 3091 oportunitas
1629 3010 1651 3052 ⁸
1691 3016 2018 3088 permiserit,
2068 3018 2125 3072 et

541 3115 800 3170 auxilium
825 3113 874 3168 ei
899 3112 1037 3168 ferat
1055 3119 1242 3168 contra
1263 3109 1508 3167 inimicos
1541 3110 1658 3166 eius
1679 3109 1828 3164 iuxta
1857 3108 2122 3164 rationem

540 3213 596 3262 et
614 3205 1042 3276 possibilitatem.-

609 3295 668 3348 3ο
690 3294 801 3350 Nec
823 3295 1017 3366 aliquis
1039 3293 1207 3350 ullum
1233 3295 1505 3350 hominem
1529 3279 1712 3349 fratris
1757 3293 1841 3348 sui
1871 3306 1972 3362 pro
2001 3292 2121 3362 q'ui-

539 3386 772 3442 buslibet
791 3386 969 3440 causis
993 3386 1077 3440 vel
1103 3385 1275 3454 culpis
1320 3383 1388 3438 ad
1410 3397 1468 3438 se
1501 3382 1896 3453 confugientem
1942 3382 2120 3438 susci-

540 3478 654 3548 piat
680 3477 746 3531 ad
771 3476 1208 3531 intercessionem
1233 3489 1332 3543 pro
1357 3489 1423 3529 eo
1451 3472 1784 3538 faciendam;
1815 3475 1940 3543 quia
1970 3473 2122 3528 volu-

542 3581 662 3621 nus
682 3575 741 3619 ut
773 3565 997 3635 quilibet
1018 3565 1178 3618 homo
1201 3574 1430 3632 peccans
1469 3570 1524 3617 et
1560 3563 1944 3617 intercessione
1984 3563 2122 3619 indi-

543 3671 693 3726 gens;
730 3655 869 3708 intra
889 3668 1110 3723 regnum
1138 3653 1337 3707 domini
1361 3653 1443 3706 sui
1468 3652 1552 3706 vel
1591 3653 1658 3707 ad
1683 3652 1798 3706 loca
1823 3662 2008 3708 sancta
2036 3653 2121 3708 vel

543 3749 611 3803 ad
632 3749 922 3802 honoratos
953 3744 1196 3799 homines
1221 3743 1514 3815 confugiat,
1557 3751 1612 3799 et
1639 3743 1762 3798 inde
1801 3744 2001 3800 iustam
2036 3747 2120 3801 in-

542 3837 922 3893 tercessionem
954 3842 1242 3890 mereatur.

609 3931 663 3985 4.-
709 3930 968 3986 Similiter
1000 3927 1385 3998 praecipimus,
1431 3933 1492 3980 ut
1537 3926 1566 3966 δ
1604 3926 1895 3997 quemlibet
1939 3926 2110 3992 illum,

541 4023 633 4095 qui
668 4021 943 4078 dominum
967 4034 1125 4075 suum
1151 4027 1339 4074 contra
1360 4017 1687 4073 voluntatem
1719 4019 1836 4073 eius
1856 4019 2118 4074 dimiserit

539 4122 595 4169 et
617 4114 682 4168 de
706 4128 813 4167 uno
839 4126 1004 4181 regno
1039 4109 1094 4163 in
1123 4109 1265 4164 aliud
1293 4107 1566 4178 profectus
1599 4107 1780 4174 fuerit,
1807 4125 1980 4179 neque
2004 4111 2118 4179 ipse

543 4220 634 4258 rex
664 4201 940 4270 suscipiat,
985 4199 1506 4269 neque-hominibus
1551 4201 1664 4254 suis
1697 4201 2020 4264 consentiat,
2057 4209 2120 4256 ut

2299 1946 2350 2001 6.
2386 1946 2452 2000 Et
2479 1944 2846 2014 unusquisque
2869 1943 3008 2000 liber
3027 1942 3188 1999 homo
3217 1950 3338 2014 post
3363 1951 3598 1998 mortem
3619 1943 3809 2010 domini

2227 2039 2309 2092 sui
2341 2038 2612 2094 licentiam
2649 2038 2845 2092 habeat
2873 2052 2932 2091 se
2957 2035 3366 2091 commendandi
3395 2035 3538 2088 inter
3564 2035 3698 2089 haec
3715 2036 3807 2088 tria

2227 2145 2390 2201 regna
2415 2130 2483 2184 ad
2510 2142 2902 2198 quemcumque
2930 2127 3180 2182 voluerit;
3231 2125 3494 2180 Similiter
3519 2136 3578 2181 et
3606 2126 3696 2180 ille
3725 2126 3808 2196 qui

2225 2223 2463 2275 nondum
2483 2219 2643 2273 alicui
2672 2217 3080 2273 commendatus
3107 2223 3209 2270 est.

2296 2311 2348 2364 7.-
2391 2309 2467 2363 De
2521 2307 2901 2363 traditionibus
2961 2312 3141 2359 autem
3202 2310 3364 2372 atque
3415 2302 3804 2357 venditionibus

2225 2414 2363 2470 quae
2387 2399 2529 2454 inter
2556 2407 2737 2467 partes
2761 2395 2875 2450 fleri
2910 2395 3103 2458 solent,
3133 2392 3514 2462 praecipimus;
3557 2401 3619 2446 ut
3641 2393 3804 2446 nullus

2224 2506 2294 2546 ex
2327 2489 2411 2544 his
2437 2489 2610 2543 tribus
2641 2486 2903 2541 fratribus
2943 2483 3199 2552 suscipiat
3223 2481 3288 2536 de
3321 2496 3489 2550 regno
3536 2481 3753 2536 alterius
3773 2497 3801 2536 a

2225 2579 2464 2651 quolibet
2489 2576 2706 2632 homine
2729 2574 3072 2630 traditionem
3101 2571 3185 2626 vel
3207 2570 3574 2625 venditionem
3616 2571 3692 2624 rei
3713 2571 3801 2623 in-

2226 2668 2460 2733 mobilis,
2491 2667 2594 2722 boc
2625 2671 2730 2732 est,
2779 2672 3067 2729 terrarum,-
3103 2663 3403 2724 vinearum,
3454 2670 3617 2729 atque
3642 2661 3803 2731 sylva-

2225 2776 2366 2824 rum,
2395 2763 2781 2826 servorumque
2803 2755 2894 2824 qui
2916 2755 3023 2808 iam
3049 2753 3218 2807 casati
3257 2759 3403 2812 sunt,
3441 2749 3548 2804 sive
3568 2758 3796 2805 caetera-

2227 2867 2346 2907 rum
2373 2865 2554 2905 rerum
2588 2862 2725 2918 quae
2750 2844 3096 2902 haereditatis
3123 2841 3338 2896 nomine
3370 2849 3680 2903 censentur;
3707 2854 3790 2892 ex-

2227 2953 2381 3014 cepto
2403 2957 2550 3006 auro,
2581 2946 2824 3009 argento,
2867 2943 2923 2990 et
2949 2934 3193 3006 gemmis,
3226 2933 3395 2986 armis
3433 2947 3498 2985 ac
3542 2930 3793 2992 vestibus,

2224 3048 2432 3089 necnon
2477 3038 2535 3086 et
2568 3027 2849 3097 mancipiis
2895 3040 3003 3080 non
3050 3023 3283 3088 casatis;
3329 3030 3383 3076 et
3422 3020 3491 3076 iis
3531 3019 3796 3089 speciebus

2226 3139 2363 3196 quae
2410 3121 2625 3193 proprie
2662 3120 2729 3174 ad
2781 3116 3140 3193 negotiatores
3181 3113 3452 3184 pertinere
3490 3120 3790 3167 noscuntur.

2145 3175 2194 3240 ο
2225 3175 2467 3272 Eaeteris
2494 3175 2621 3266 vero
2643 3209 2748 3264 illis
2768 3175 3076 3262 hominibus
3105 3206 3206 3260 hoc
3235 3203 3455 3258 minime
3489 3202 3796 3258 interdicen-

2225 3306 2350 3362 dum
2375 3303 2692 3358 iudicamus.

2293 3397 2346 3452 8.
2377 3393 2436 3448 Si
2469 3401 2648 3447 autem
2675 3389 2923 3453 feminae,
2956 3386 3096 3442 sicut
3125 3383 3241 3439 ﬁeri
3268 3383 3422 3447 solet,
3459 3383 3606 3439 inter
3631 3392 3795 3454 partes

2224 3492 2279 3540 et
2317 3498 2483 3554 regna
2523 3481 2758 3549 legitime
2787 3476 2986 3532 fuerint
3030 3475 3097 3530 ad
3133 3473 3441 3544 coniugium
3486 3474 3792 3544 postulatae,

2223 3591 2333 3631 non
2355 3575 2683 3643 denegentur
2711 3571 2848 3624 iuste
2872 3567 3220 3638 poscentibus
3245 3581 3260 3632 ;
3302 3565 3396 3619 sed
3425 3565 3590 3620 liceat
3614 3581 3704 3620 eas
3726 3566 3796 3618 vi-

2225 3666 2409 3722 cissim
2436 3663 2564 3718 dare
2593 3669 2646 3716 et
2687 3660 2948 3729 accipere,-
2981 3666 3036 3712 et
3064 3656 3433 3716 adfinitatibus
3465 3657 3694 3727 populos
3729 3657 3798 3710 in-

2223 3763 2309 3810 ter
2333 3768 2392 3808 se
2428 3752 2656 3807 sociare.
2711 3747 2863 3819 ipsae
2902 3763 3031 3803 vero
3065 3745 3296 3802 feminae
3345 3754 3670 3816 potestatem
3712 3749 3798 3800 ba-

2219 3849 2383 3904 beant
2411 3860 2592 3900 rerum
2621 3857 2840 3898 suarum
2892 3841 2946 3896 in
2981 3855 3146 3910 regno
3168 3841 3309 3894 unde
3333 3839 3587 3904 exierint,
3619 3855 3800 3908 quam-

2219 3951 2378 4008 quam
2410 3935 2464 3990 in
2485 3934 2592 3990 alio
2619 3939 2840 4003 propter
2865 3931 3044 3986 mariti
3085 3931 3398 3986 societatem
3434 3931 3684 3986 habitare
3716 3929 3799 3984 de-

2219 4028 2456 4172 begtbe
2484 4113 2763 4170 obsidibus
2789 4118 2966 4166 antem
2995 4109 3085 4179 qui
3110 4110 3330 4179 propter
3357 4094 3664 4164 credentias
3699 4107 3802 4162 dati

2219 4217 2364 4273 sunt,
2407 4213 2462 4261 ct
2486 4221 2517 4260 a
2556 4205 2711 4260 nobis
2740 4219 2837 4273 per
2883 4203 3093 4256 diversa
3132 4200 3248 4255 loca
3294 4200 3361 4254 ad
3401 4200 3802 4254 custodiendum

540 4295 702 4351 talem
741 4295 1010 4350 hominem
1057 4293 1316 4362 recipiant
1354 4292 1437 4346 vel
1473 4293 1668 4348 iniuste
1696 4295 1931 4349 retinere
1966 4308 2122 4362 prae-
2220 4297 2473 4355 destinati
2515 4304 2661 4360 sunt,
2689 4294 2939 4349 nolumus
2966 4293 3007 4356 ⁵,
3041 4299 3100 4345 ut
3129 4292 3216 4346 ille
3241 4307 3334 4346 rex
3365 4291 3418 4345 in
3452 4292 3612 4347 cuius
3645 4305 3802 4359 regno

539 4394 776 4441 sumantt
806 4384 914 4438 Nec
942 4384 1114 4438 solum
1141 4384 1206 4437 de
1231 4383 1354 4447 illis,
1377 4383 1470 4438 sed
1503 4384 1666 4438 etiam
1701 4386 1766 4439 de
1793 4386 1962 4440 servis
1986 4383 2123 4454 fugi-
2221 4396 2366 4453 sunt,
2414 4389 2617 4456 absque
2663 4386 2938 4440 voluntate
2985 4381 3170 4437 fratris
3210 4383 3316 4446 sui,
3354 4383 3421 4438 de
3464 4383 3622 4438 cuius
3646 4396 3804 4450 regno

540 4475 666 4530 tivis
697 4473 982 4528 statuimus
1007 4473 1420 4537 observandum,
1452 4481 1513 4527 ut
1535 4472 1680 4528 nulla
1711 4474 2011 4529 discordiae
2031 4489 2116 4530 re-
2143 4493 2197 4554 D
2218 4479 2413 4537 sublati
2437 4487 2582 4543 sunt,
2619 4476 2686 4532 ad
2705 4475 2932 4546 patrima
2959 4489 3051 4529 eos
3075 4473 3250 4528 redire
3273 4474 3574 4544 permittat,
3593 4472 3689 4528 sed
3715 4487 3806 4540 po-

1735 4608 2126 4668 VARIANTES
2160 4610 2564 4669 LECTIONES.

616 4739 631 4768 ¹
660 4745 730 4793 st.
757 4750 821 4791 ac
845 4733 1030 4789 desunt
1053 4729 1120 4789 P.
1193 4733 1214 4763 ²
1250 4733 1608 4791 remanserint
1634 4733 1698 4790 Β.
1775 4735 1796 4768 ⁸
1821 4739 2195 4807 opportunitas
2228 4739 2295 4795 Ρ.
2372 4739 2394 4772 ’⁵
2420 4755 2496 4795 ua
2520 4739 2763 4803 correxi;
2794 4739 3105 4809 cogitaverit
3128 4733 3248 4793 edd.
3292 4737 3313 4771 ⁸
3347 4739 3596 4795 volumus
3631 4741 3691 4795 P.

2084 4870 2316 4928 ΝΟΤΔΕι

504 4980 523 5032 ὶ
613 4998 640 5028 ι
665 4983 766 5042 Hic
785 4980 1070 5038 Goldastus
1095 4979 1211 5034 haec
1233 4979 1495 5051 adnotat:
1526 4997 1544 5031 ι
1567 4980 1727 5036 Deest
1745 4979 1939 5035 divisio
1959 4988 2121 5051 atque
2221 4997 2365 5048 cum,
2400 4987 2455 5036 et
2479 4981 2670 5036 deinde
2713 4987 2812 5050 per
2829 4973 2833 4978 ’
2851 4978 3152 5049 Sequanam
3179 4979 3430 5051 usquein
3459 4996 3612 5036 mare
3641 4986 3803 5038 Ucea-

541 5054 808 5114 ordinatio
837 5065 1150 5122 regnorum.
1165 5068 1192 5122 γι
1223 5049 1447 5122 Supplet
1473 5059 1651 5122 autem
1679 5059 1948 5119 utcunque
1976 5047 2122 5106 hunc
2221 5068 2370 5108 num.
2419 5061 2473 5106 et
2527 5068 2620 5122 per
2645 5047 2823 5120 ipsum
2863 5047 3008 5122 mare
3034 5064 3204 5122 usque
3231 5049 3283 5102 in
3319 5047 3579 5122 Frisium.
3623 5069 3807 5107 omnes

543 5129 749 5183 hiatum
798 5121 1105 5183 Nithardus,
1141 5120 1234 5191 lib.
1265 5136 1304 5185 I,
1352 5120 1662 5191 describens
1711 5129 1916 5190 partem
1967 5122 2120 5190 regni
2222 5123 2470 5176 videlicet
2498 5120 2857 5191 episcopatus,
2895 5120 3158 5191 abbatias,
3191 5120 3502 5191 comitatus,
3536 5122 3715 5184 ﬁscos,
3754 5133 3808 5176 et

582 5213 664 5251 ua:
691 5194 884 5250 Carolo
916 5191 1080 5244 Calvo
1122 5190 1243 5244 data
1279 5197 1400 5260 est;
1461 5190 1567 5260 «id
1594 5199 1717 5254 est,
1767 5207 1796 5244 a
1843 5191 1976 5243 mari
2025 5203 2122 5260 per

564 5259 680 5320 ines
725 5261 971 5317 Saxonize
1013 5275 1182 5329 usque
1219 5261 1286 5314 ad
1332 5259 1466 5314 fines
1497 5259 1896 5325 Itibuariorum,
1951 5268 2122 5315 totam

543 5335 791 5395 Frisiam,
837 5340 891 5386 et
913 5345 1011 5399 per
1047 5332 1180 5385 lines
1208 5331 1578 5384 Ribuariorum
1608 5332 1893 5385 comitatus
1921 5331 2120 5396 Moiila,

544 5405 686 5469 Halt,
717 5401 1173 5465 Trahammolant,
1228 5401 1551 5470 lilasngobbi,
1597 5401 1786 5456 deinde
1813 5417 1942 5455 vero
1967 5401 2121 5469 quid-

543 5475 672 5546 quid
709 5471 1070 5546 interhblosam
1110 5481 1165 5546 et
1194 5473 1496 5546 Sequanam
1545 5487 1711 5546 us_qu_e_
1755 5471 2119 5546 Burgundiam

542 5539 649 5600 tina
675 5558 796 5598 cum
826 5539 1165 5596 Viridunensi
1195 5541 1461 5604 consistit,
1502 5550 1554 5595 et
1581 5539 1644 5595 de
1675 5539 1979 5608 Burgundia
2002 5540 2122 5594 'l‘ul-

544 5615 766 5677 lensem,
805 5611 1200 5675 Odornensem,
1248 5611 1558 5672 Bedensem,
1605 5610 1942 5675 Blesensem,
1990 5610 2122 5663 Par-

545 5685 809 5745 thensem,
837 5689 1090 5748 utrosque
1117 5681 1425 5745 Barrenses,
1466 5681 1834 5743 Brionensem,
1887 5680 2123 5734 Tricasi-

545 5770 692 5816 num,
733 5749 1270 5812 Antissioderenscm,
1315 5750 1659 5814 Senonicum,
1699 5750 2116 5814 Wastinensem,

551 5823 983 5886 Milidunenscm,
1027 5820 1421 5889 Stanipensem,
1465 5820 1838 5886 Castrensem,
1886 5820 2121 5875 Parisia-

2221 5193 2401 5246 omnia
2431 5189 2570 5244 infra
2595 5189 2880 5260 pnedictos
2913 5190 3048 5243 ﬁnes
3081 5189 3454 5254 consistentia,
3486 5207 3612 5246 cum
3639 5196 3811 5246 omni-

2221 5263 2323 5318 bus
2357 5262 2427 5318 ad
2455 5277 2514 5317 se
2541 5261 2955 5332 pertinentibus,
3001 5261 3056 5314 in
3082 5274 3402 5332 quacunque
3429 5262 3652 5330 regione
3679 5280 3809 5317 eon-

2223 5329 2616 5396 sistebantfct
2663 5332 2741 5385 sui
2768 5330 2904 5398 juris
2948 5345 3067 5384 csse
3115 5329 3470 5392 videbantur,
3501 5329 3631 5384 iuna
3684 5351 3805 5385 cum

2223 5403 2544 5456 auctoritate
2569 5402 2754 5455 divina
2771 5409 2928 5468 atque
2955 5411 3178 5467 paterna
3197 5400 3421 5467 praefato
3447 5401 3558 5455 lilio
3587 5419 3684 5456 suo
3706 5405 3809 5455 Ca-

2224 5474 2340 5526 rolo
2365 5473 2530 5526 dedit.
2570 5493 2587 5523 ι
2625 5472 2758 5526 Vide
2781 5472 2941 5526 etiam
2961 5471 3196 5525 Annales
3217 5471 3582 5536 Bertinianos,
3611 5475 3678 5528 ad
3703 5489 3807 5525 an-

2223 5559 2352 5597 num
2378 5543 2502 5597 857.
2532 5543 2731 5596 Bacuz;

2296 5613 2324 5652 δ
2351 5612 2426 5665 ita
2455 5612 2638 5665 habuit
2667 5619 2820 5665 vetns
2856 5610 3051 5665 schcda
3092 5626 3250 5679 quam
3275 5627 3376 5665 nos
3415 5611 3667 5666 vidimus.
3715 5611 3811 5666 Sic

2222 5682 2385 5736 etiam
2416 5681 2582 5736 edidit
2617 5681 2858 5736 PilllCBllS
2889 5683 3219 5735 Duchesnins
3247 5682 3406 5734 habet
3434 5683 3708 5751 quemlibet
3745 5683 3811 5734 li-

2225 5751 2401 5805 berum
2452 5751 2729 5804 hominem.
2779 5751 2913 5804 Puto
2949 5760 3125 5804 autem
3173 5752 3322 5804 illum
3370 5753 3470 5806 ista
3504 5762 3810 5808 mutuatum

2223 5835 2343 5877 csse
2367 5833 2434 5875 ex
2461 5821 2632 5889 capite
2658 5831 2848 5878 octavo
2874 5821 3152 5877 divisionis
3175 5822 3353 5877 Caroli
3379 5822 3576 5892 Magni.
