3992 6344
165 379 283 436 653

479 379 703 436 CODEX
743 377 1264 435 DIPLOMATICUS.
1294 407 1364 420 --
1390 373 1709 434 LUDOVICI
1739 377 1760 432 ι
1789 377 1876 432 ET
1911 376 2234 434 LOTHARII
2264 370 2746 436 CAPITULARIA.
2777 411 2846 420 —
2871 379 2972 433 As.
3015 377 3144 435 830.

3331 371 3435 436 646

168 491 286 546 tius
324 489 382 544 in
422 487 602 542 futuro
631 488 684 543 in
711 486 1062 555 suscipiendis
1103 487 1378 541 obsidibus
1427 487 1563 541 alter
1605 487 1760 542 alteri
1789 491 1840 551 Α
1862 487 2050 541 ordine
2097 487 2379 543 adﬁrmare
2430 489 2764 545 decrevimus
2788 529 2808 555 ,
2848 499 2908 544 ut
2940 490 3196 559 quamdiu
3231 490 3443 546 divinae

169 592 428 637 mutuum
459 579 594 635 ferat
615 579 892 643 auxilium,
932 579 978 634 si
1024 578 1190 633 frater
1210 577 1428 632 fratrem
1453 579 1557 632 hoc
1585 577 1762 632 facere

171 661 578 728 rationabiliter
614 670 984 740 postulaverit.
1038 670 1182 725 Idem
1229 672 1474 725 iubemus
1501 679 1556 724 et
1592 670 1656 724 de
1698 669 1763 722 iis

169 762 268 832 qui
311 763 384 817 ob
423 776 520 816 sua
559 759 794 815 facinora
843 759 897 812 in
940 759 1160 815 exilium
1195 758 1344 815 missi
1386 758 1467 814 vel
1516 757 1763 814 mittendi

169 855 324 908 Emit.
429 871 433 874 ·
1341 909 1350 919 .

248 941 339 996 10.
373 941 431 996 Si
460 955 621 996 causa
642 939 724 994 vel
756 943 979 996 Intentio
999 948 1053 995 et
1071 949 1435 997 controversm
1472 943 1596 997 talis
1625 932 1766 996 inter

160 1029 362 1104 partes
392 1041 612 1104 propter
631 1034 890 1089 terminos
921 1041 1014 1088 aut
1051 1034 1281 1088 conﬁnia
1325 1050 1610 1104 regnorum
1644 1043 1764 1089 orta

171 1125 364 1188 fuerit,
411 1140 549 1194 quae
571 1123 846 1179 hominum
885 1120 1196 1179 testimonio
1237 1124 1497 1180 declarari
1529 1126 1611 1180 vel
1635 1125 1764 1180 deli-'-

167 1215 285 1270 niri
327 1230 437 1270 non
451 1214 648 1285 possit,
689 1224 823 1270 tunc
849 1216 1114 1282 volumus,
1160 1227 1221 1270 ut
1244 1217 1311 1272 ad
1347 1217 1763 1271 declarationem

171 1307 254 1360 rei
275 1306 475 1361 dubiae
494 1304 686 1361 vexillo
712 1307 894 1361 crucis
923 1307 1014 1362 Dei
1043 1308 1290 1362 voluntas
1324 1316 1378 1363 et
1401 1324 1580 1362 rerum
1624 1309 1766 1364 veri-

171 1406 259 1453 tas
290 1398 616 1467 inquiratur,
651 1413 721 1452 ne
748 1407 1000 1468 umquam
1026 1415 1124 1469 pro
1154 1400 1244 1454 tali
1291 1415 1452 1456 causa
1483 1401 1765 1457 cuiuslibet

169 1490 396 1558 generis
417 1505 596 1559 pugna
626 1489 708 1546 vel
732 1504 954 1560 campus
995 1492 1064 1546 aii
1091 1493 1594 1548 exterminationem
1628 1495 1764 1549 iudi-

172 1587 351 1632 cetur.
394 1580 451 1634 Si
477 1595 606 1636 vero
627 1581 877 1650 quislibet
901 1583 1062 1637 homo
1082 1581 1149 1638 de
1173 1599 1274 1638 um.
1303 1600 1468 1655 regno
1491 1587 1761 1641 hominem

171 1663 241 1726 de
264 1671 439 1730 altero
461 1678 627 1742 regno
653 1669 720 1728 de
754 1669 1070 1729 inﬁdelitate
1098 1683 1285 1730 contra
1314 1675 1534 1732 fratrem
1561 1678 1762 1732 domini

169 1764 254 1818 sui
286 1765 430 1834 apud
459 1765 732 1820 dominum
759 1773 918 1822 suum
943 1763 1294 1834 accusaverit,
1325 1770 1504 1824 mittat
1525 1787 1646 1826 eum
1669 1772 1762 1827 dos

1866 577 2129 631 maiestati
2157 576 2418 646 placuerit
2439 579 2580 632 hanc
2599 579 2932 648 corporalem
2958 594 3054 634 nos
3073 593 3234 650 agere
3253 581 3443 645 vitam,

1864 674 2103 736 potestas
2149 675 2332 722 nostra
2358 669 2426 722 sit
2445 672 2605 739 Super
2625 685 2655 723 a
2680 671 2788 725 Deo
2813 681 3188 726 conservatum
3217 688 3442 743 regnum

1865 767 2026 828 atque
2077 759 2358 828 imperium
2395 761 2534 814 istud
2574 762 2711 816 sicut
2748 763 3006 817 hactenus
3041 761 3162 829 fuit,
3211 763 3264 817 in
3302 764 3444 833 regi-

1865 849 2009 903 mine
2033 856 2194 918 atque
2218 851 2552 905 ordinatione
2587 861 2641 906 et
2675 853 2822 907 omni
2869 854 3232 910 dominatione
3280 856 3447 926 regali

1866 949 1920 993 et
1954 940 2238 1008 imperiali,
2287 947 2340 994 et
2385 949 2444 994 ut
2471 943 2781 998 obedientes
2820 945 3112 1000 habeamus
3143 948 3448 1015 praedictos

1867 1027 2006 1085 ﬁlios
2039 1046 2108 1084 no
2127 1039 2254 1085 tros
2293 1040 2451 1100 atque
2481 1033 2588 1087 Deo
2615 1035 2897 1089 amabilem
2921 1035 3175 1105 populum
3201 1047 3447 1092 nostrum

1865 1137 1987 1176 cum
2013 1122 2158 1178 omni
2202 1123 2533 1178 subiectione
2558 1139 2695 1194 quae
2725 1127 2865 1194 patri
2891 1142 2920 1180 a
2948 1127 3090 1193 ﬁliis,
3139 1136 3193 1182 ct
3217 1129 3449 1199 impera-

1865 1212 1966 1266 tori
1994 1228 2057 1266 ac
2084 1213 2192 1283 regi
2228 1228 2258 1265 a
2285 1215 2396 1268 suis
2421 1215 2630 1282 populis
2655 1216 2960 1270 exhibetur.
2995 1217 3060 1270 Et
3090 1219 3134 1272 si
3162 1219 3356 1288 aliquis
3380 1235 3448 1274 ex

1866 1303 1953 1358 his
1980 1305 2150 1360 tribus
2174 1304 2296 1360 ﬁliis
2333 1306 2531 1360 nostris
2577 1321 2673 1376 per
2706 1308 2962 1362 maiorem
2997 1311 3352 1366 obedientiam
3381 1329 3446 1368 ac

1863 1393 2060 1448 bonam
2095 1395 2423 1449 voluntatem
2460 1397 2708 1466 inprimis
2734 1399 2844 1453 Deo
2877 1401 3226 1471 omnipotenti
3260 1420 3322 1459 ac
3349 1421 3445 1474 po-

1865 1492 1980 1536 stea
2028 1484 2182 1538 nobis
2223 1485 2435 1552 placere
2471 1485 2724 1554 cupiens,
2764 1503 2974 1542 morum
3023 1491 3290 1558 probitate
3323 1507 3448 1562 pro.

1864 1575 2138 1634 meruerit,
2171 1584 2229 1628 ut
2253 1577 2300 1628 ei
2331 1577 2584 1630 maiorem
2614 1579 2875 1634 honorem
2901 1596 2962 1635 ac
2986 1591 3308 1650 potestatem
3331 1600 3453 1639 cou-

1865 1661 2005 1717 ferre
2033 1663 2261 1719 delectet
2305 1665 2346 1732 ‘,
2387 1674 2442 1721 et
2468 1668 2570 1722 hoc
2596 1669 2842 1725 volumus
2868 1682 2926 1725 ut
2952 1669 3006 1724 in
3031 1681 3214 1726 nostra
3239 1685 3456 1730 maneat

1864 1764 2151 1824 potestate,
2189 1766 2248 1812 ut
2283 1759 2356 1812 illi
2390 1760 2456 1814 de
2491 1762 2736 1828 portione
2759 1761 2944 1818 fratris
2978 1763 3059 1818 sui
3086 1766 3180 1833 qui
3207 1781 3311 1819 non
3339 1767 3453 1834 pla-

169 1855 355 1934 minus
381 1851 500 1910 citis
521 1857 588 1909 ad
617 1855 838 1912 fratrem
868 1871 1040 1924 suum,
1079 1866 1141 1914 ut
1175 1859 1247 1914 ibi
1277 1862 1588 1928 comprobet
1617 1861 1758 1930 quod

1875 1850 1983 1899 bere
2005 1848 2290 1912 curaverit,
2330 1856 2384 1902 et
2411 1865 2632 1919 regnum
2659 1859 2714 1903 et
2752 1852 3009 1906 honorem
3038 1869 3102 1908 ac
3127 1862 3458 1922 potestate.

167 1939 235 1998 de
266 1943 492 1998 homine
517 1945 660 2000 illius
689 1945 847 2001 dixit.

242 2036 331 2090 lt.
366 2035 546 2104 Super
579 2036 758 2113 omnia
788 2037 969 2093 autem
1008 2032 1252 2094 iubemus
1294 2038 1458 2110 atque
1495 2021 1761 2111 praecipi-

170 2141 311 2189 mus,
352 2135 416 2179 ut
443 2126 543 2194 ipsi
574 2133 683 2181 tres
712 2120 905 2182 fratres
929 2144 1112 2184 curam
1151 2139 1206 2184 et
1226 2129 1644 2198 IIadefensionem
1673 2147 1762 2188 ec-

163 2218 373 2272 clesiae
397 2217 570 2272 Sancti
596 2216 739 2271 Petri
775 2218 933 2272 simul
967 2219 1280 2289 suscipiant,
1319 2219 1460 2276 sicut
1489 2223 1760 2291 quondam

168 2324 427 2378 aproavo
464 2317 653 2363 nostro
689 2308 902 2374 Karolo,
950 2318 1004 2364 et
1047 2325 1147 2364 avo
1193 2319 1380 2366 nostro
1424 2311 1668 2382 Pippino,
1707 2322 1761 2367 et

165 2398 361 2453 beatae
388 2398 685 2452 memoriae
718 2399 962 2468 genitore
986 2407 1171 2454 nostro
1196 2401 1390 2456 Karolo
1415 2402 1758 2473 imperatore;

163 2498 220 2542 et
246 2505 277 2542 ει
306 2489 472 2543 nobis
514 2497 714 2566 postea,
750 2487 997 2558 suscepta
1047 2497 1148 2554 est,
1186 2499 1244 2545 ut
1277 2493 1396 2546 eam
1446 2489 1461 2524 ¹
1494 2511 1616 2548 cum
1665 2495 1758 2548 Dei

166 2575 441 2634 adiutorio
487 2578 554 2633 ab
583 2579 830 2634 hostibus
878 2579 1162 2636 defendere
1195 2583 1472 2649 nitantur,
1517 2591 1570 2637 et
1609 2585 1762 2640 iusti-

167 2671 298 2724 tiam
320 2686 502 2736 suam,
533 2678 794 2740 quantum
822 2672 889 2727 ad
918 2671 1060 2740 ipsos
1082 2674 1314 2742 pertinet
1339 2684 1393 2729 et
1415 2677 1554 2732 ratio
1575 2685 1764 2746 postu-

167 2763 384 2827 laverit,
411 2763 614 2818 habere
642 2761 859 2816 faciant.
913 2759 1175 2819 Similiter
1220 2763 1287 2820 de
1331 2769 1560 2823 caeteris
1585 2770 1761 2823 ecclea

167 2854 268 2908 siis
288 2865 432 2922 quae
463 2852 563 2906 sub
588 2851 800 2905 illorum
827 2850 1026 2907 fuerint
1050 2861 1334 2924 potestate,
1379 2857 1758 2926 praecipimus,

172 2951 238 2997 ut
259 2943 525 2997 iustitiam
553 2960 702 2998 suam
751 2954 805 2999 et
843 2946 1100 3002 honorem
1140 2948 1392 3012 habeant,
1433 2959 1487 3003 et
1516 2961 1764 3020 pastores

179 3042 351 3103 atque
374 3041 608 3089 rectores
648 3037 1031 3091 venerabilium
1078 3037 1317 3093 locorum
1347 3039 1578 3094 habeant
1607 3050 1760 3111 pote-

179 3135 381 3181 statem’
429 3127 602 3182 rerum
650 3144 786 3197 quae
828 3129 894 3184 ad
931 3129 1046 3199 ipsa
1091 3131 1178 3200 pia
1205 3130 1321 3186 loca
1366 3133 1652 3201 pertinent,
1704 3133 1761 3188 in

1861 1951 2172 2006 augeamus,
2219 1945 2273 1991 et
2310 1939 2458 1992 illum
2512 1940 2669 1993 talem
2721 1939 3038 2007 efﬁciamus,
3075 1943 3309 2013 qualiter
3357 1942 3450 1998 ille

1859 2029 2094 2100 propriis
2120 2031 2328 2086 meritis
2367 2033 2557 2101 dignus
2579 2033 2898 2086 ostenderit.

1933 2145 2018 2198 Η.
2059 2146 2170 2200 lloc
2203 2154 2476 2216 postremo
2525 2146 2871 2201 statuendum
2903 2147 3059 2202 nobis
3108 2147 3338 2211 videtur,
3393 2155 3455 2202 ut

1861 2233 2114 2302 qticquid
2149 2235 2323 2288 adhuc
2347 2234 2414 2288 de
2441 2235 2602 2288 rebus
2638 2242 2690 2288 et
2729 2235 3174 2289 conventionibus
3215 2250 3350 2304 quae
3381 2235 3450 2290 ad

1859 2323 2159 2393 profectum
2202 2333 2257 2379 et
2304 2325 2590 2379 utilitatem
2635 2338 2821 2378 eorum
2857 2325 3181 2393 pertineant,
3230 2326 3313 2379 his
3355 2341 3451 2380 no-

1860 2416 1988 2470 suis
2016 2414 2249 2471 decretis
2272 2424 2432 2486 atque
2459 2417 2756 2486 praeceptis
2782 2417 3164 2481 addiderimus,
3204 2416 3450 2473 velimus

1859 2507 1940 2563 sic
1966 2523 1997 2561 a
2022 2507 2310 2578 praedictis
2335 2508 2544 2563 dilectis
2569 2507 2692 2562 ﬁliis
2718 2508 2919 2563 nostris
2947 2509 3265 2562 observetur
3288 2516 3449 2576 atque

1861 2601 2218 2667 custodiatur,
2257 2601 2394 2655 sicut
2421 2615 2483 2655 ea
2511 2617 2650 2670 quae
2678 2602 2731 2655 in
2779 2601 2864 2656 his
2898 2601 3004 2655 iam
3048 2609 3249 2655 statuta
3288 2610 3452 2670 atque

1861 2690 2131 2761 descripta
2166 2699 2291 2746 sunt
2315 2731 2331 2758 ,
2383 2691 2655 2746 custodire
2711 2697 2764 2744 et
2815 2705 3136 2745 conservare
3185 2690 3455 2761 praecipi-

1865 2799 2006 2840 ωυε.

1936 2906 1960 2934 ο
1988 2894 2071 2949 Ad
2102 2895 2444 2965 Aquitaniam
2489 2901 2657 2949 tatam
2705 2894 2848 2947 inter
2872 2893 3106 2964 Ligerim
3151 2901 3207 2947 et
3242 2892 3450 2961 Sequa-

1864 3003 1989 3044 nam
2018 2997 2072 3043 et
2097 2989 2239 3043 ultra
2266 2988 2567 3058 Sequanam
2594 2987 2747 3057 pagis
2771 2987 2861 3051 28,-
2892 2986 2943 3040 id
2967 2994 3070 3050 est,
3097 2985 3122 3024 ἀ
3151 2985 3447 3050 Catalonis,

1863 3081 2196 3147 Meltianum,
2254 3080 2589 3147 Ambiensis,
2639 3090 2692 3136 et
2729 3080 2981 3135 Pontium
3034 3081 3054 3112 ⁸
3089 3095 3260 3150 usque
3303 3080 3373 3135 ad
3428 3079 3450 3111 ⁸

171 3223 516 3287 quocumque
544 3219 609 3273 de
641 3188 724 3274 his
759 3220 932 3275 tribus
951 3188 1228 3277 .fratribus
1264 3188 1476 3276 illarum
1502 3188 1760 3278 ecclesia-
1787 3202 1837 3265 (ἶ
1867 3188 2036 3287 ηυξιρ

169 3324 292 3364 rum
319 3305 690 3378 posseSslon'cs
724 3309 945 3365 fuerint.

240 3401 331 3454 12.
357 3399 511 3467 Quod
538 3401 582 3455 si
612 3402 678 3456 de
704 3402 789 3458 his
818 3395 1037 3458 statutis
1074 3411 1237 3474 atque
1263 3404 1292 3445 ι’
1314 3405 1704 3461 convcnientiis
1732 3399 1754 3438 ⁴

169 3491 378 3562 aliquid
412 3508 541 3547 casu
570 3492 811 3563 quolibet
832 3495 913 3548 vel
944 3494 1266 3566 ignorantia,
1297 3497 1440 3565 quod
1471 3512 1576 3550 non
1608 3510 1762 3566 opta-

170 3599 310 3646 mus,
342 3584 620 3654 inruptum
666 3585 685 3616 ⁸
719 3584 898 3646 fuerit,
935 3586 1315 3656 praecipimus,
1350 3596 1408 3641 ut
1429 3603 1589 3656 quam
1619 3590 1763 3644 citiss

173 3675 324 3737 sime,
359 3675 655 3729 secundum
719 3675 979 3728 iustitiam
1026 3676 1314 3731 emendare
1360 3677 1644 3744 studeant,-
1698 3694 1764 3735 ne

176 3766 394 3837 quando
416 3775 638 3836 propter
661 3765 972 3822 dilationem
998 3767 1171 3822 maius
1195 3767 1450 3823 damnum
1476 3768 1648 3840 possit
1672 3769 1766 3825 ad-

557 3911 738 3988 autem
783 3929 967 3987 omnia
991 3930 1066 3987 ita
1100 3929 1464 4002 disposuimus
1495 3940 1658 4001 atque
1701 3946 1766 3988 eo

1932 3283 2016 3339 Ad
2039 3282 2394 3345 Baiuvariam,
2425 3282 2736 3352 Toringiam
2765 3275 2932 3336 totam
2958 3283 3010 3346 ',
3057 3291 3080 3320 θ
3103 3281 3390 3336 Ribuarios
3424 3280 3446 3310 "

1871 3367 1892 3412 ί
1939 3373 2190 3428 Atoarios
2221 3369 2264 3437 ’,
2304 3371 2587 3434 Saxoniae,
2620 3372 2845 3436 Frisiae,
2894 3376 2918 3412 ⁸
2960 3372 3230 3436 Ardenna,
3276 3371 3450 3426 Asba-

1864 3462 1954 3517 Iia
1992 3462 2054 3527 ιο,
2095 3461 2125 3502 h
2173 3461 2524 3530 Bragmento,
2577 3449 2904 3527 Franderes,
2974 3463 2990 3502 ι
3037 3461 3345 3530 Mcnpiscon
3385 3459 3450 3525 “4
3510 3473 3514 3477 '

1870 3551 1883 3603 i
1915 3551 2222 3608 Medenenti
2254 3552 2317 3617 ",
2347 3549 2370 3588 ι
2401 3551 2577 3605 Ainau
2605 3551 2672 3603 ¹⁸ι

1945 3660 1964 3700 ὶ
1993 3661 2317 3727 Austerban;
2349 3673 2389 3699 ιιι
2413 3660 2744 3723 Adertensis,
2786 3659 3142 3716 Tervattensis
3169 3659 3232 3726 ”,
3260 3660 3456 3716 Boleaa

1869 3752 1945 3807 sis
1967 3793 1982 3818 ,
2020 3763 2049 3790 ιι
2084 3753 2447 3820 Qucntovico,
2481 3761 2506 3789 °
2532 3753 2928 3808 Camalecensis
2957 3793 2971 3818 ,
3033 3752 3457 3808 Virdomanden-b

1871 3843 1951 3899 sis
1975 3845 2018 3875 "

1941 3934 2023 3989 Ad
2050 3935 2383 3988 Alamaniam
2412 3945 2440 3984 ι)
2468 3942 2636 3989 totam
2656 3935 3036 4006 Burgundiam,
3065 3941 3288 4002 excepto
3309 3933 3456 4003 quod

1355 4043 1744 4102 VARIANTES
1779 4045 2184 4103 LECTlONES.

259 4139 276 4172 ⁸
302 4138 469 4194 etiam
499 4136 562 4191 P.
639 4137 662 4168 ⁹
687 4134 980 4192 consentiis
1008 4133 1073 4188 P.
1151 4134 1172 4166 ⁸
1195 4134 1431 4189 inrutum
1457 4133 1522 4187 P.
1600 4134 1622 4165 ⁸
1648 4135 1841 4190 scilicet
1870 4154 1986 4192 nos.
2063 4138 2084 4168 ⁸

771 4205 792 4236 ⁹
833 4205 1066 4260 atoarias
1105 4202 1172 4259 P.
1221 4207 1450 4259 atrarios
1471 4205 1534 4258 Β.
1613 4203 1656 4236 ⁶⁰
1683 4207 1937 4262 hasbania
1969 4207 2033 4264 Β.

191 4209 256 4281 ζ).
292 4207 575 4281 ﬁpuarios
618 4207 683 4260 Β.

190 4278 257 4335 P.
281 4273 376 4336 Β.’
428 4278 474 4311 ⁸⁵
508 4275 849 4333 teruunensis
881 4274 950 4330 P.
1027 4273 1072 4306 ³³
1099 4274 1524 4332 virdomadensis
1555 4275 1621 4330 P.
1648 4273 1713 4330 B.

2147 4138 2363 4190 ontivus
2388 4135 2453 4189 P.
2531 4136 2551 4166 ⁸
2573 4137 2626 4190 in
2654 4133 2719 4189 P.
2795 4135 2815 4167 ⁷
2846 4142 2884 4187 t.
2913 4136 2974 4188 T.
3001 4135 3064 4189 P.
3141 4137 3161 4167 ’⁸
3187 4136 3453 4190 rilmarias

2137 4209 2152 4238 ¹
2187 4208 2516 4277 mentpiscon
2549 4206 2614 4260 Β.
2682 4207 2725 4236 ¹¹
2754 4207 3050 4264 metuneuti
3079 4203 3144 4262 Β.
3223 4207 3266 4238 ⁸⁸
3291 4221 3452 4261 amau

1746 4384 1978 4448 ΝΟΤᾹΞι

257 4501 288 4529 ι
315 4483 607 4542 Goldastus
629 4482 746 4537 haec
781 4480 1001 4536 adnotat
1024 4479 1078 4534 in
1106 4479 1210 4535 hoc
1229 4478 1383 4535 loco:
1437 4496 1456 4532 ‹
1493 4477 1776 4548 Baronius,

179 4556 390 4616 Annal.
408 4553 746 4616 tom.lX,an.
775 4551 896 4614 858,
918 4551 966 4621 ξ.
984 4550 1038 4615 2,
1059 4550 1325 4621 integrum
1356 4559 1551 4620 praeter
1575 4566 1777 4606 morem

109 4672 124 4690 .
183 4629 380 4684 laudat
425 4626 571 4680 hunc
596 4625 793 4687 locum,
821 4620 981 4690 quem
1003 4621 1160 4675 solito
1192 4620 1313 4674 falsi
1338 4621 1563 4675 crimine
1591 4637 1780 4676 corru-

180 4706 347 4773 p_era_t
370 4697 428 4773 in
465 4694 641 4773 Caroli
675 4691 852 4773 hlagni
878 4691 1119 4773 constit,
1139 4690 1203 4773 ’δέ
1235 4690 1320 4773 16,
1353 4707 1477 4773 ‘pro.
1493 4692 1578 4745 his
1599 4691 1778 4747 verbis

183 4759 449 4849 Ecclesia:
473 4764 640 4850 sancti
667 4759 810 4818 Petri
833 4759 1122 4850 subiiciens
1137 4759 1259 4850 ista,
1279 4759 1632 4850 defensionem
1643 4778 1778 4850 L807!-
1804 4789 1857 4850 ο

183 4839 259 4893 αἱ
291 4852 444 4910 pm
470 4833 647 4910 simul,
675 4829 1774 4910 etc.,__contra_Codicutn_tnss._etPithtei,

184 4901 340 4962 unde
362 4901 642 4972 excripsit,
687 4902 944 4971 Mutiique
965 4901 1260 4972 Editiones.
1300 4901 1432 4972 Vide
1458 4901 1689 4972 Marcam
1719 4901 1775 4956 in

185 4978 336 5032 libro
362 4970 538 5044 primo
567 4977 632 5028 de
653 4970 951 5029 Concordia
983 4971 1268 5029 sacerdotii
1306 4979 1362 5026 et
1387 4970 1616 5041 imperii,
1653 4985 1773 5041 cap.

186 5047 297 5158 ηἶ»
315 5045 869 5194 Δεοὴεάα
897 5120 1068 5194 vetus.
1101 5111 1218 5178 Quo
1250 5112 1412 5194 etiam
1435 5111 1780 5194 modo_habet

187 5195 362 5256 caput
415 5185 480 5240 l6
525 5186 728 5256 chartae
760 5181 973 5246 Caroli,
1010 5198 1080 5239 ex
1104 5197 1229 5256 quo
1256 5182 1400 5256 istud
1445 5182 1772 5256 descriptum

188 5253 318 5314 esse
341 5263 580 5326 apparet.
611 5254 1075 5326 Pithmustamen,
1103 5253 1456 5318 Duchesnius,
1491 5264 1546 5309 et
1578 5254 1798 5322 Golda—_

187 5339 316 5384 stus
341 5325 624 5382 ediderunt
647 5325 938 5378 conuiuiis.

269 5409 295 5438 ε
328 5397 460 5452 Haec
479 5405 537 5450 et
564 5411 684 5465 qua:
728 5401 1026 5465 sequuntur
1067 5392 1571 5465 omisitAColdastus
1601 5395 1654 5450 in
1683 5409 1779 5449 sua

189 5468 473 5524 Editione.
512 5463 671 5521 Certe
696 5463 862 5516 multa
890 5464 1029 5517 haud
1058 5463 1218 5516 dubie
1244 5463 1353 5517 illic
1397 5464 1587 5518 menda
1632 5472 1778 5529 sunt,

191 5538 372 5594 multa
407 5536 616 5590 mutila.
659 5534 793 5602 Quia
819 5541 997 5588 tamen
1023 5533 1262 5587 Pithoeus
1287 5549 1348 5586 ea
1381 5534 1584 5588 invenit
1613 5536 1664 5588 in
1692 5550 1782 5589 ve-

193 5607 504 5664 tustissima
539 5607 869 5667 membrana,
909 5612 960 5658 et
991 5612 1201 5672 reperta
1226 5618 1436 5671 quoque
1464 5614 1588 5658 sunt
1611 5605 1664 5658 in
1695 5619 1784 5658 vc-

192 5678 302 5734 teri
333 5677 531 5733 scheda
556 5691 662 5744 qua
689 5689 788 5729 nos
815 5675 893 5728 usi
923 5689 1128 5736 sumus,
1153 5674 1457 5742 putavimus
1469 5675 1785 5744 pnetcrmit-

195 5749 364 5803 tenda
395 5762 502 5800 non
529 5761 670 5801 esse.

271 5818 301 5858 ά
327 5815 577 5885 Chdlons,
606 5814 817 5879 Meaux,
844 5814 1070 5879 Amiens,
1107 5813 1154 5867 le
1180 5812 1456 5868 Pontiaieu.

1954 4494 1978 4522 ε
2004 4482 2239 4537 Ducatus
2264 4479 2382 4550 ejus
2409 4489 2566 4550 caput
2595 4480 2813 4535 Colonia
2845 4481 3156 4549 Agrippina.

1956 4553 1975 4592 τ
2003 4554 2060 4608 In
2085 4552 2322 4609 Geldria.
2355 4552 2493 4606 Mon.
2522 4552 2704 4605 Germ;
2736 4552 2858 4615 SS.,
2895 4568 2930 4614 ι,
2959 4555 3012 4604 ti.

1952 4627 1978 4694 ε
2006 4624 2062 4678 In
2093 4638 2200 4694 quo
2227 4621 2412 4694 Stablo
2437 4632 2491 4694 et
2515 4621 2795 4694 Malmedy,

1948 4693 1976 4774 ξι
2008 4691 2600 4776 ξξθιὶηθεειιιὲιΒηι-ὺξιηι,
2639 4691 2922 4746 Flandern.

1955 4765 1972 4804 ί
2007 4762 2255 4832 Menapii,
2290 4762 2555 4817 Flandria:
2585 4777 2732 4830 pars.

1952 4832 1966 4884 i
2011 4834 2081 4888 Le
2108 4833 2160 4887 Μ
2166 4833 2404 4887 elantois.

1953 4905 1980 4944 ι
2012 4904 2204 4965 Αἱηαιι,
2237 4900 2546 4972 Hemiegau.

1957 4971 1974 5012 ι
2008 4972 2305 5027 Ostcrbam.

1953 5055 1992 5083 ω
2028 5042 2155 5111 Pagi
2183 5042 2326 5096 circa
2357 5039 2542 5102 Arms,
2574 5039 2857 5102 Tervanne,
2881 5037 2958 5091 Bo
2982 5037 3169 5108 .IOgne.

1954 5125 1982 5152 η
2010 5112 2161 5167 Saint
2184 5111 2607 5164 Joase—sur-mer.

1956 5191 1980 5218 ο
2014 5182 2141 5251 Pagi
2177 5181 2321 5251 circa
2343 5178 2587 5233 Cambrai
2609 5185 2664 5232 et
2686 5175 3114 5251 Sii_inthiteittiii.

1957 5265 1981 5303 ρ
2004 5246 2228 5307 Carolus
2273 5249 2498 5316 Magnus
2530 5263 2672 5302 anno
2707 5248 2810 5301 806
2843 5247 3199 5313 Burgundiam
3235 5246 3288 5302 in
3326 5247 3458 5302 duas

1879 5333 2064 5395 partes
2085 5322 2718 5395 divisit,_quarurn_u_nani
2737 5316 3004 5395 Ludovico
3026 5317 3326 5395 Aquitania:
3349 5319 3457 5388 regi

1881 5386 2047 5456 dedit,
2082 5391 2244 5445 aliam
2271 5386 2484 5446 Garolo.
2537 5389 2634 5442 llic
2667 5386 2967 5440 Ludovicus
2999 5395 3166 5441 totam
3211 5386 3460 5457 Burgun-

1883 5464 2026 5518 diam
2057 5461 2327 5531 pertinere
2358 5458 2570 5531 vultad
2599 5457 2996 5531 Alamanniam,
3051 5474 3111 5513 ea
3129 5459 3461 5531 purguttdize

1882 5526 2278 5604 parteiexccpta
2315 5527 2684 5604 quzel’ippino
2719 5527 2841 5581 data
2885 5526 3078 5604 fuerat.
3129 5526 3363 5604 Difficile
3381 5537 3458 5580 est

1883 5597 1986 5658 ista
2021 5597 2347 5657 discernere;
2399 5597 2457 5651 Si
2485 5602 2606 5667 quis
2632 5607 2810 5651 tamen
2845 5597 2998 5666 plura
3033 5599 3100 5653 de
3133 5599 3298 5652 variis
3329 5598 3462 5650 Bur-

1882 5673 2094 5744 gundize
2141 5669 2492 5744 divisionibus
2545 5668 2685 5744 scire
2729 5667 2866 5744 volet
2895 5709 2917 5744 ,_
2960 5669 3019 5744 is_
3050 5669 3330 5744 consulere
3356 5682 3463 5744 po-

1882 5737 1987 5798 test
2016 5743 2261 5798 notitiam
2299 5739 2590 5795 Galliarum
2625 5739 2920 5794 doctissimi
2974 5739 3072 5794 viri
3099 5739 3319 5794 Adriani
3356 5737 3456 5790 Va-

1883 5815 2021 5870 lcsii.
