3992 6344
119 314 237 377 649

496 433 678 490 HAEC
729 434 913 491 SUNT
946 436 966 467 ¹
998 435 1345 495 CAPITULA
1384 438 1407 469 ³

426 546 565 592 quae
590 529 610 561 ³
631 546 842 586 nonxus
889 547 1229 589 llLOTHARlUS
1258 533 1280 565 δ
1305 549 1412 590 sex
1439 534 1461 566 ⁵

117 617 255 704 Frui
283 639 410 710 eam
439 639 694 710 consensu
716 623 1200 710 ﬁdeliumfuorum
1234 628 1491 710 excerpsit
1508 627 1616 710 {de
1642 627 1746 683 Ca-

191 694 393 770 pitulis
419 695 598 770 domui
636 693 823 770 Κατρῆ
850 697 940 770 avi
958 697 978 727 "
1002 698 1107 770 sui,
1131 715 1194 770 ac
1226 693 1546 770 serenissimi
1579 700 1744 770 impe-

194 765 405 842 ratoris
441 763 739 842 ῌΙιεςίοςςοὶεῇ
761 765 783 795 ⁸
824 767 1074 842 genitoris
1108 769 1212 834 sui,
1256 769 1427 841 Papia
1456 772 1511 824 in
1542 763 1743 842 palatio

194 836 373 906 regio,
403 838 523 913 sui)“
546 836 835 913 indictione
878 836 1041 913 10m,
1081 849 1131 894 et
1167 836 1353 895 cuncto
1396 842 1416 872 θ
1454 836 1645 913 populo
1690 843 1746 895 in

191 904 366 976 regno
395 904 590 961 Italiae
628 908 929 962 consistenti
964 925 1272 966 conservare
1295 904 1557 984 praecepit
1587 914 1650 965 ‘°.

192 1020 253 1074 1.
293 1019 377 1075 De
415 1021 664 1077 ecclesiis
703 1023 1059 1080 emendandis
1095 1025 1377 1094 volumus,
1419 1036 1476 1082 ut
1505 1027 1582 1083 ita
1616 1044 1744 1084 con—

110 1123 386 1183 servetur
420 1115 464 1146 “
488 1116 625 1172 sicut
651 1115 703 1170 in
736 1117 1032 1188 capitulare
1057 1128 1246 1177 nostro
1268 1122 1577 1179 continetur
1602 1122 1748 1194 quod

110 1208 185 1261 ad
220 1205 505 1262 Olonnam
533 1209 577 1239 “
609 1206 855 1265 fecimus.
906 1210 975 1265 Et
1002 1211 1095 1267 ubi
1130 1212 1185 1267 in
1212 1230 1322 1270 uno
1344 1214 1465 1271 loco
1500 1214 1545 1248 ¹³
1565 1216 1748 1287 plures

110 1306 253 1353 sunt
290 1313 464 1368 quam
510 1313 734 1357 necesse
768 1302 860 1367 sit,
899 1303 1270 1361 destruantur.
1317 1309 1474 1376 Quod
1512 1309 1559 1364 si
1605 1308 1749 1366 forte

110 1394 171 1447 in
226 1393 426 1464 aliquo
466 1391 512 1425 ιδ
557 1398 678 1452 loco
720 1396 986 1453 aecclesia
1030 1399 1101 1454 sit
1147 1409 1463 1458 constructa
1496 1404 1558 1467 ",
1608 1418 1750 1474 quae

110 1496 315 1543 tamen
347 1489 663 1545 necessaria
688 1489 763 1546 sit
786 1498 842 1545 et
866 1491 1002 1547 nihil
1028 1493 1171 1550 dotis
1198 1495 1469 1562 habuerit,
1499 1496 1750 1553 volumus

112 1590 173 1637 ut
224 1581 541 1637 secundum
566 1583 862 1638 iussionem
892 1584 1076 1639 domui
1108 1593 1163 1642 et
1196 1587 1460 1655 genitoris
1503 1589 1677 1644 nostri
1706 1588 1749 1619 ⁸⁸

111 1691 273 1731 unus
306 1689 539 1731 mansus
559 1691 684 1731 cum
725 1678 766 1709 ‘7
796 1677 1080 1735 duodecim
1115 1681 1399 1751 bunuarjis
1427 1683 1470 1715 ¹⁸
1496 1682 1564 1739 de
1601 1692 1749 1741 terra

109 1769 324 1825 arabili
374 1769 417 1800 "
444 1769 520 1825 ibi
546 1770 706 1827 detur
747 1779 802 1828 et
836 1774 1108 1844 mancipia
1144 1776 1189 1806 ²⁰
1213 1774 1322 1833 duo
1357 1793 1389 1831 a
1420 1778 1608 1834 liberis
1654 1780 1752 1836 ho-

112 1863 375 1918 minibus
404 1863 501 1933 qui
540 1863 610 1919 ad
654 1865 884 1921 eandem
925 1866 1210 1923 ecclesiam
1254 1867 1495 1925 officium
1524 1870 1620 1925 Dei
1652 1873 1746 1928 de-

110 1954 295 2009 beant
342 1953 392 1984 “
424 1953 634 2021 audire,
677 1964 735 2009 ut
770 1957 1084 2014 sacerdotes
1109 1959 1154 1989 “
1186 1959 1262 2015 ibi
1295 1958 1507 2031 poSsint
1541 1977 1662 2019 esse
1695 1973 1751 2019 et

113 2045 348 2101 divinus
384 2045 567 2102 cultus
591 2046 729 2104 ﬁeri.
780 2046 938 2116 Quod
962 2048 1009 2104 si
1032 2049 1139 2107 hoc
1164 2052 1399 2123 populus
1432 2052 1615 2110 facere
1651 2072 1750 2113 no-

121 2140 316 2207 luerit,
359 2140 699 2196 destruatur.

192 2251 250 2307 2.
288 2251 591 2323 Sanguinis
614 2251 805 2310 effusio
830 2254 885 2309 in
915 2255 1148 2312 ecclesia
1184 2255 1329 2314 facta
1352 2274 1479 2315 eum
1500 2256 1665 2323 fuste,
1699 2260 1748 2316 si

126 2345 417 2415 presbyter
465 2343 672 2410 fuerit,
732 2344 894 2415 triplo
950 2357 1323 2416 conponatur'
1381 2348 1516 2404 duas
1563 2358 1750 2420 partes

127 2440 306 2493 eidem
336 2440 686 2510 presbytero.
715 2440 932 2494 tertiam
954 2456 1052 2510 pro
1076 2439 1230 2498 fredo
1255 2443 1321 2498 ad
1356 2443 1668 2511 ecclesiam,
1693 2453 1749 2500 et

123 2531 354 2602 insuper
374 2532 621 2587 bannum
645 2540 915 2601 nostrum.
948 2532 1212 2590 Similiter
1239 2535 1305 2590 de
1339 2534 1570 2593 diacono
1595 2536 1750 2593 iuxta

121 2625 590 2694 compositionem
623 2624 745 2680 eius
763 2624 820 2679 in
848 2624 1012 2696 triplo
1035 2642 1159 2683 cum
1183 2628 1361 2684 hanno
1393 2638 1583 2685 nostro
1611 2645 1747 2687 con-

119 2722 390 2785 ponatur.
452 2714 530 2768 De
575 2713 909 2771 subdiacono
951 2714 1196 2771 similiter
1242 2717 1403 2789 triplo
1449 2721 1748 2776 secundum

120 2824 289 2864 suam
344 2808 776 2878 conpositionem
828 2808 895 2863 ’³.
956 2809 1033 2866 De
1066 2811 1491 2885 uniuscuiusque
1542 2815 1752 2873 ordinis

122 2901 367 2966 clerico,
403 2902 699 2956 secundum
738 2916 894 2957 suam
937 2905 1369 2973 conpositionem
1419 2906 1581 2976 triplo
1618 2922 1748 2977 per-

127 2995 418 3058 solvatur,
447 2994 661 3063 insuper
686 2995 901 3051 bannus
930 3003 1137 3053 noster.
1176 2996 1439 3053 Similiter
1459 3012 1509 3054 et
1548 3001 1614 3055 de
1636 3000 1748 3056 ictu

136 3088 272 3142 sine
296 3085 576 3157 sanguinis
599 3085 855 3143 effusione
874 3086 942 3144 de
970 3089 1391 3159 uniuscuiusque
1411 3091 1618 3147 ordinis
1639 3092 1750 3148 cle-

133 3182 266 3238 rico
301 3180 597 3237 secundum
643 3197 802 3245 suam
856 3182 1291 3253 conpositionem
1329 3184 1489 3254 triplo
1544 3200 1748 3255 conpo-

428 320 661 381 CODEX
696 318 1224 383 DIPLOMATICUS.
1252 353 1327 367 —
1351 318 1675 384 LUDOVICI
1724 324 1747 383 Ι
1782 326 1873 383 ΕΤ
1911 325 2237 384 LOTHABJI
2271 326 2762 388 CAPITULARIA.
2788 361 2861 374 -—
2886 330 2991 389 Att.
3029 334 3158 392 833.

3341 328 3450 392 650

1769 448 1819 507 Α
1848 447 1965 495 tum
1994 441 2038 472 ³⁷
2064 440 2146 496 eis
2170 441 2460 500 ministret.
2500 444 2608 516 lpsi
2642 453 2828 503 tamen
2869 447 3072 504 nullam
3118 449 3355 506 habeant
3386 451 3453 507 li'o

1849 531 2084 586 centiam
2113 533 2344 604 vagandi
2364 544 2459 591 aut
2483 536 2841 603 disenrrendi,
2877 540 2992 595 sive
3015 539 3087 596 ad
3109 539 3310 611 placita
3337 541 3454 598 sive

1846 623 1916 679 ad
1960 623 2223 694 palatium
2246 666 2262 693 ,
2308 627 2424 683 sive
2454 628 2523 683 ad
2555 645 2701 701 ipsas
2739 646 2829 686 res
2870 647 3007 702 quas
3039 632 3292 704 proprias
3324 642 3456 691 ante

1847 715 2153 772 habuerunt
2187 717 2233 748 ’⁸
2260 719 2377 775 sine
2398 720 2615 776 licentia
2640 721 2726 778 sui
2747 724 2987 795 episcopi
3015 739 3030 779 :
3056 725 3154 783 sed
3180 726 3239 781 in
3262 726 3457 785 eodem

1846 807 1966 864 loco
2020 809 2114 864 ubi
2149 810 2256 866 sibi
2300 813 2657 870 constitutum
2700 824 2786 870 est
2803 857 2819 882 ,
2871 832 3026 873 suam
3059 819 3454 889 paenitentiam

1847 901 2046 972 iugiter
2069 912 2254 975 agant.
2287 903 2443 973 Quod
2475 906 2522 961 si
2545 906 2650 964 hoc
2673 923 2784 965 non
2807 910 3219 969 observaverint
3246 911 3314 981 ⁸⁸,
3349 912 3458 985 pri-

1847 1011 1997 1051 mum
2018 998 2339 1055 verberibus
2357 1001 2752 1058 coherceantur
2774 1020 2789 1071 ;
2815 1007 2960 1075 quod
2983 1006 3032 1062 si
3053 1022 3156 1065 nec
3186 1007 3270 1067 sic
3290 1009 3460 1067 casti-

1847 1090 2094 1160 gaverint
2119 1092 2186 1157 ",
2224 1093 2281 1147 in
2307 1093 2403 1148 tali
2439 1093 2560 1151 loco
2586 1095 2967 1165 recludantur,
3002 1099 3118 1167 ubi,
3156 1100 3328 1158 velint
3358 1117 3463 1160 no-

1849 1179 1951 1234 lint
1975 1180 2043 1246 ’1,
2063 1181 2120 1237 in
2151 1181 2195 1214 “
2217 1183 2553 1253 poenitentia
2573 1186 2780 1242 vivant.
3058 1258 3061 1261 _
3534 1267 3543 1271 _

1918 1272 1972 1327 4.
2006 1273 2077 1330 Ut
2109 1274 2290 1331 nullus
2316 1276 2502 1333 ebrius
2526 1292 2682 1334 suam
2705 1294 2929 1336 causam
2955 1281 3013 1337 in
3043 1283 3265 1341 mallum
3284 1285 3463 1358 possit
3538 1334 3545 1343 .

1850 1368 2175 1438 conquirere
2200 1384 2302 1425 nec
2326 1369 2702 1427 testimonium
2725 1373 2945 1441 dicere;
2971 1388 3073 1432 nec
3095 1378 3268 1436 comis
3288 1376 3462 1451 plaei-
3536 1378 3545 1447 ἓ

1851 1466 1968 1514 tum
2004 1460 2202 1516 habeat
2228 1461 2334 1517 nisi
2363 1462 2599 1520 ieiunus.

1922 1550 1977 1606 5.
2007 1551 2086 1608 De
2120 1564 2146 1593 ει
2182 1554 2637 1613 reclamatoribus
2659 1555 2746 1612 vel
2771 1560 3095 1627 causedicis,
3137 1562 3230 1632 qui
3256 1577 3357 1621 nec
3377 1565 3466 1621 itt-
3536 1546 3543 1593 ἶ

1851 1639 2056 1697 dicium
2091 1644 2437 1700 scabinorum
2474 1648 2827 1718 adquiescere
2870 1667 2972 1708 nec
3000 1652 3327 1734 blasfemare
3369 1670 3468 1714 vo-
3535 1670 3537 1672 '

1851 1734 1990 1802 lunt,
2015 1737 2239 1808 antiqua
2262 1741 2599 1798 consuetudo
2620 1752 2911 1811 servetur;
2950 1745 3006 1801 id
3029 1754 3113 1802 est
3131 1747 3189 1802 in
3215 1748 3469 1807 custodia

1775 1855 1824 1917 Β
1854 1825 2227 1895 recludantur,
2272 1830 2445 1888 donec
2478 1848 2647 1888 unum
2667 1849 2699 1890 e
2736 1835 2948 1892 duobus
2986 1835 3210 1894 faciant.
3239 1840 3309 1895 Et
3324 1841 3372 1898 si
3395 1841 3469 1901 ad

1853 1919 2117 1989 palatium
2156 1937 2257 1992 pro
2306 1924 2409 1981 hac
2443 1940 2508 1980 re
2538 1926 2894 1985 clamaverint
2933 1941 2990 1987 et
3020 1931 3236 1990 litteras
3260 1935 3469 1993 detule-

1854 2014 1984 2079 rint,
2021 2031 2130 2071 non
2163 2017 2381 2086 quidem
2420 2019 2501 2075 eis
2536 2022 2829 2090 credatur;
2878 2039 2981 2081 nec
3026 2033 3209 2083 tamen
3245 2028 3304 2084 in
3347 2044 3470 2086 car-

1853 2120 1977 2161 cere
1997 2116 2308 2177 ponantur;
2358 2111 2454 2166 sed
2490 2127 2615 2167 cum
2641 2114 2888 2171 custodia
2919 2123 2976 2171 et
3012 2117 3042 2159 δ
3066 2133 3191 2174 cum
3214 2119 3348 2191 ipsis
3378 2120 3471 2177 lit-

1853 2200 1985 2257 teris
2032 2203 2239 2271 pariter
2276 2203 2344 2258 ad
2388 2204 2652 2274 palatium
2684 2216 2935 2264 nostrum
2974 2211 3326 2269 remittantur
3346 2253 3363 2279 ,
3402 2220 3469 2271 ut

1852 2292 1927 2349 ibi
1954 2294 2318 2351 discutiantur
2352 2296 2494 2353 sicut
2518 2298 2740 2370 dignum
2766 2309 2869 2356 est.

1923 2410 1974 2464 6.
2014 2411 2091 2467 De
2112 2412 2609 2483 conspirationibns
2633 2414 2963 2487 quicumque
2986 2416 3169 2477 facere
3188 2434 3467 2493 praesum-

1851 2505 2053 2577 pserit,
2091 2514 2146 2560 et
2180 2516 2526 2563 sacramento
2561 2524 2961 2582 quamcumque
3004 2516 3468 2586 conspirationem

1851 2598 2209 2666 ﬁrmaverint,
2238 2600 2437 2671 triplici
2460 2603 2670 2659 ratione
2696 2603 3022 2662 iudicentur.
3060 2608 3245 2667 Primo
3266 2620 3328 2667 ut
3348 2614 3470 2671 ubi-

1852 2705 2086 2761 cumque
2121 2690 2341 2761 aliquod
2374 2692 2577 2748 malum
2609 2708 2708 2765 per
2733 2696 2836 2753 hoc
2870 2709 3245 2770 perpetratum
3280 2704 3469 2775 fuerit,

1852 2794 2105 2840 auctores
2154 2783 2283 2841 facti
2327 2785 2757 2865 interficiantur,
2804 2791 3081 2851 adiutores
3114 2811 3245 2853 vero
3280 2813 3473 2858 eorum

1852 2879 1993 2936 alter
2017 2881 2086 2935 ab
2110 2880 2282 2936 altero
2296 2879 2653 2953 flagellentur,
2683 2891 2739 2938 et
2758 2900 2922 2942 nares
2945 2888 3050 2945 sibi
3070 2890 3303 2948 invicem
3321 2909 3473 2963 prae-

1852 2974 2058 3029 cidant.
2099 2987 2120 3013 ο
2157 2974 2260 3031 Ubi
2286 2991 2415 3031 vero
2441 2976 2575 3031 nihil
2612 2977 2740 3032 mali
2764 2990 3140 3049 perpetratum
3176 2994 3279 3050 est,
3321 2987 3473 3045 simi-

1852 3066 1974 3120 liter
2006 3066 2223 3136 quidem
2250 3067 2394 3122 inter
2439 3081 2497 3122 se
2530 3066 2886 3140 flagellentur,
2934 3082 2990 3129 et
3028 3076 3252 3146 capillos
3278 3079 3324 3111 ³³
3365 3080 3473 3139 sibi

1850 3157 2093 3213 vicissim
2120 3158 2437 3214 detundant.
2493 3159 2550 3215 Si
2594 3176 2724 3218 vero
2748 3178 2847 3233 per
2869 3165 3090 3224 dextras
3121 3168 3305 3239 aliqua
3339 3188 3472 3230 con-

127 3288 309 3334 ηειω·
330 3318 346 3343 ,
406 3277 626 3348 insuper
669 3279 883 3335 bannus
935 3247 1138 3335 n'oswr.
1191 3279 1257 3333 El
1302 3247 1415 3348 (Μ’
1437 3293 1541 3334 non
1590 3247 1753 3333 habet
1778 3253 1828 3323 ο
1858 3247 2537 3348 spirat-io-lirmata-fuerit,
2567 3251 2614 3306 si
2644 3251 2802 3308 liberi
2838 3263 2984 3323 sunt,
3018 3265 3115 3312 aut
3137 3259 3319 3316 iurent
3344 3276 3474 3319 cum

128 3372 283 3428 unde
317 3372 392 3427 ad
425 3371 716 3429 ecclesiam
756 3373 1051 3443 persolvat,
1088 3374 1265 3431 tradat
1300 3388 1360 3428 se
1390 3372 1445 3427 in
1471 3371 1755 3429 servitium

128 3467 317 3523 eidem
358 3465 630 3523 ecclesiae
677 3482 851 3539 usque
884 3469 1011 3525 dum
1060 3475 1231 3525 totum
1270 3467 1512 3524 debitum
1547 3466 1756 3537 persol-

132 3568 253 3615 vat.

204 3654 244 3708 3
272 3652 342 3705 ³⁸.
376 3651 686 3710 Statuimus
718 3654 787 3711 de
808 3653 1129 3724 presbiteris
1158 3663 1217 3710 et
1240 3652 1559 3710 diacouibus
1583 3651 1758 3709 eccle-

129 3746 364 3802 siastico
392 3747 599 3804 honore
625 3746 871 3818 privatis,
909 3756 967 3803 ut
995 3748 1308 3820 redigantur
1332 3747 1662 3819 poenitentia
1684 3747 1751 3814 “,

130 3839 281 3895 sicut
306 3854 550 3896 canones
581 3840 945 3910 praecipiunt.
998 3840 1062 3895 Et
1106 3841 1150 3896 si
1194 3841 1359 3896 habet
1384 3840 1672 3910 episcopus
1697 3839 1753 3893 in

130 3948 233 3988 sua
279 3933 573 4002 parrochia
612 3948 770 3989 suum
808 3933 853 3965 “
876 3934 1288 4003 monasterium,
1338 3932 1408 3989 ibi
1447 3934 1754 3988 mittantur.

128 4024 296 4095 Quod
319 4027 369 4083 si
410 4026 804 4082 monasterium
836 4042 943 4084 non
990 4026 1262 4093 habuerit,
1308 4037 1436 4083 tunc
1461 4026 1758 4096 praecipiat

128 4117 452 4188 episcopus,
498 4126 559 4172 ut
597 4117 675 4172 illi
710 4117 845 4174 tales
890 4118 1137 4175 habitent
1181 4119 1235 4173 in
1284 4118 1375 4173 illa
1418 4119 1577 4189 plebe
1612 4120 1758 4175 unde

128 4214 307 4273 smit;
349 4214 410 4261 et
451 4206 500 4263 si
530 4222 619 4263 res
654 4208 902 4278 proprias
936 4208 1246 4275 habuerint,
1295 4209 1495 4281 eligant
1530 4210 1633 4267 sibi
1678 4219 1759 4265 ta-

125 4303 243 4357 lem
270 4310 570 4373 patronum
592 4303 686 4374 qui
711 4304 778 4360 de
798 4304 931 4374 ipsis
957 4305 1120 4361 rebus
1160 4305 1359 4361 victum
1383 4315 1439 4361 et
1463 4304 1760 4360 vestimen-

1861 3342 2072 3399 idoneis
2098 3343 2429 3399 iuratoribus
2470 3345 2574 3400 hoc
2603 3360 2703 3416 pro
2737 3349 2884 3404 malo
2910 3366 3019 3406 non
3057 3350 3274 3420 fecisse,
3303 3362 3399 3411 aut
3423 3357 3475 3415 si

1862 3435 2044 3492 facere
2089 3453 2198 3492 non
2245 3438 2554 3507 potuerint,
2610 3454 2767 3496 suam
2810 3442 2983 3516 legem
3027 3456 3375 3517 conponam;
3425 3450 3476 3511 si

1795 3560 1808 3574 ι
1863 3544 1994 3586 vero
2020 3528 2068 3560 “
2089 3530 2232 3585 servi
2258 3529 2481 3599 fuerint,
2521 3530 2879 3604 flagellentur.
2917 3537 2987 3593 Et
3028 3548 3088 3595 ut
3122 3541 3189 3596 de
3210 3551 3396 3601 cetero
3417 3544 3476 3603 in

1865 3637 2030 3694 regno
2064 3632 2253 3679 nostro
2292 3624 2438 3678 nulla
2474 3625 2788 3683 huiusmodi
2833 3630 3167 3701 conspiratio
3197 3633 3325 3703 ﬁat,
3371 3648 3477 3695 nec

1865 3733 1962 3787 per
1985 3728 2390 3785 sacramentum
2414 3736 2516 3776 nec
2544 3721 2662 3777 sine
2686 3733 3112 3782 sacramentum.

1935 3831 1966 3886 7
1991 3832 2059 3887 ⁸⁸.
2103 3834 2181 3889 De
2229 3833 2579 3905 oppressione
2623 3851 2924 3906 pauperum
2958 3838 3254 3895 liberorum
3298 3842 3476 3901 homi-

1865 3941 2015 3990 num,
2047 3934 2108 3979 ut
2133 3940 2241 3980 non
2269 3925 2403 3980 fiant
2427 3942 2459 3981 a
2480 3928 2880 3996 potentioribus
2900 3945 3001 3999 per
3023 3931 3242 4002 aliquod
3266 3935 3475 3997 malum

1866 4018 2141 4090 ingenium
2175 4026 2369 4074 contra
2404 4020 2668 4075 iustitiam
2703 4024 2969 4092 oppressi,
2998 4025 3074 4079 ita
3102 4034 3161 4081 ut
3185 4029 3359 4085 coacti
3381 4044 3475 4088 res

1865 4129 2052 4169 eorum
2080 4114 2315 4170 vendant
2337 4123 2431 4169 aut
2453 4116 2690 4171 tradant.
2740 4117 2863 4173 Ideo
2894 4118 3031 4175 haec
3057 4120 3125 4176 de
3155 4121 3348 4180 liberis
3372 4126 3473 4182 ho-

1867 4206 2104 4263 minibus
2128 4208 2384 4274 diximus,
2419 4224 2488 4264 ne
2511 4208 2654 4266 forte
2686 4220 2941 4281 parentes
2976 4222 3169 4271 contra
3203 4216 3474 4278 iustitiam

1866 4301 1999 4356 ﬁant
2047 4301 2326 4358 exeredati
2343 4341 2361 4368 ,
2401 4310 2457 4358 et
2488 4301 2670 4376 regale
2718 4303 3044 4377 obsequium
3078 4307 3375 4378 minuatur,
3415 4316 3473 4369 et

1373 4436 1768 4497 VARIANTES
1809 4435 2219 4494 LECTIONES.

201 4574 222 4606 ¹
254 4570 459 4658 Incipit
490 4586 549 4658 c.-
582 4567 748 4625 Vatia.
773 4641 788 4658 ι
822 4573 843 4603 ³
859 4587 920 4658 Ic.
967 4577 1159 4658 erepta
1206 4587 1370 4658 usque
1397 4570 1619 4658 placuit.
1658 4567 2027 4658 Υψδςνειὶᾳιιᾳ
2062 4569 2274 4658 desunt)
2304 4586 2361 4658 ρ.
2387 4582 2656 4658 excerpta
2691 4593 2833 4658 u.‘p.
2870 4594 2904 4658 a
2936 4579 3473 4658 Lothalfioiimpera-
3503 4573 3536 4607 ’⁴

124 4656 278 4700 tore.
326 4642 450 4697 Est.
529 4642 735 4712 'quem
767 4641 818 4697 1.
859 4643 912 4696 2.

1013 4643 1035 4674 ⁸
1060 4640 1415 4720 [ρῐῳζίυέρξ
1477 4642 1500 4673 ⁸
1535 4640 1954 4720 rex-instituere
1993 4641 2171 4720 iussit.
2203 4640 2261 4697 ἓξ
2299 4640 2791 4720 (νείξᾳμα-ᾷεειιηικ

2884 4651 2905 4682 ⁸
2937 4655 3174 4709 excersit
3208 4657 3259 4710 1.
3308 4651 3472 4716 exce-
3526 4690 3529 4691 ν

121 4716 207 4784 pit
257 4712 437 4789 Vatis.
514 4713 761 4789 [θεῷ’-μ
836 4715 858 4745 ⁸
883 4714 1156 4789 ludouuici
1199 4714 1250 4768 l.
1283 4713 1348 4789 __°
1377 4729 1501 4789 cum
1538 4711 1737 4789 Vatic._
1789 4713 1831 4745 ⁸⁸
1862 4712 2109 4789 concepit
2134 4714 2198 4789 _l_.
2230 4711 2494 4789 praecipit
2527 4715 2698 4789 Vatia.
2748 4711 2820 4750 ἰι
2855 4722 3161 4782 obseruetis
3197 4725 3265 4781 P.
3309 4711 3471 4789 obse-
3524 4724 3531 4735 ’

123 4781 334 4841 ruetur
371 4781 433 4838 ν.
515 4785 557 4862 ξ’
574 4786 650 4862 ad
675 4784 923 4862 dolonam
960 4785 1027 4862 If.
1056 4786 1253 4862 olonna
1271 4784 1375 4862 Cir.
1428 4785 1488 4862 _”
1514 4798 1681 4862 utinm
1717 4784 1901 4862 locum
1933 4781 2048 4862 Chi
2102 4783 2177 4862 λι
2212 4781 2742 4862 ῥζίῳ-67ι.ῌθιίοηνει.
2824 4793 2869 4824 ¹⁵
2893 4796 3212 4851 aecclesiam
3241 4781 3471 4858 sit‘eon-
3511 4826 3522 4862 .:

448 4855 542 4942 qui
739 4857 783 4888 ιθ
814 4858 1020 4942 nostris
1055 4855 1151 4911 Ch.
1332 4857 1375 4939 ξ’
1402 4855 1652 4942 deest‘P'.‘
1715 4854 2186 4942 “ibichariismCh.
2224 4854 2287 4910 V.
2332 4855 2428 4912 Vn.
2466 4858 2536 4913 Ε.
2616 4860 2658 4891 ¹⁹
2680 4862 2886 4942 arabile
2920 4864 3017 4920 Ch.
3051 4938 3061 4942 _
3090 4868 3139 4942 1°
3166 4853 3470 4942 mancipias

121 4863 412 4913 structam

2132 4783 2177 4858 ξι
2212 4783 2473 4858 alico_C7t.
2505 4788 2611 4843 alio
2648 4789 2742 4844 rel.
2824 4793 2869 4824 ¹⁵
2893 4796 3212 4851 aecclesiam
3241 4783 3471 4858 sitvcon-
3511 4826 3523 4858 ς

118 4932 276 4985 duas
300 4926 374 4982 ad
400 4923 499 4981 Cll.
532 4998 541 5001 _
578 4927 622 4957 ’ί
651 4926 802 5001 deest
824 4927 892 4981 P.
942 4929 1016 5001 ξ
1042 4928 1295 5001 sacerdos
1330 4928 1381 5001 i.
1400 4928 1573 5001 possit
1604 4926 1683 5001 P._
1745 4926 1793 4957 ³³
1818 4926 2251 5001 conpositionem
2279 4945 2441 5001 nsque
2481 4932 2911 5001 conpositionem
2948 4937 3141 4992 excidit
3164 4940 3220 4994 in
3245 4923 3334 4995 at}

119 5001 363 5081 codice;
399 4997 805 5081 (γαθέ-,ξηρῆςιᾴ
831 5014 897 5081 ea:
932 4996 1568 5081 Hludo-t‘oicifapit’ulari.
1648 4996 1699 5081 ’δ’
1723 5007 1879 5081 crtth
1909 4998 2057 5081 adest
2084 4998 2233 5081 etﬂin
2255 4996 2470 5081 ἐρίφιΙεῖ
2540 4996 2753 5081 "'nsub.

120 5071 166 5103 ⁸⁷
200 5067 483 5127 uestitnm
511 5067 644 5122 Blk.’
672 5067 679 5069 ”
707 5069 754 5100 ³⁸
777 5070 1065 5125 habuerint
1094 5070 1159 5124 P.
1237 5069 1282 5100 "
1319 5067 1768 5126 eonseruauerint
1788 5067 1891 5122 'Bl.
1971 5068 2015 5100 ³⁰
2040 5069 2292 5128 castigati
2332 5068 2557 5128 fuerint.
2586 5072 2673 5128 BI.

118 5140 172 5175 ³³
202 5154 386 5198 nares
460 5138 510 5171 “
529 5137 627 5195 Ch.
662 5154 708 5196 s.
726 5138 779 5195 ‘f.
805 5139 844 5195 f.
869 5141 939 5197 Et
960 5150 1022 5197 ut
1042 5142 1109 5198 de
1126 5149 1310 5198 cetero
1333 5141 1519 5197 desunt
1546 5142 1602 5195 in
1622 5140 1690 5194 P.

1783 5140 1830 5172 ³⁸
1856 5156 1925 5194 ex
1948 5138 2054 5195 805
2079 5141 2138 5195 Β.
2173 5138 2259 5196 {6.
2288 5142 2445 5199 cuius
2472 5144 2664 5200 ultima
2698 5149 2973 5204 sententia
3017 5150 3242 5209 excidit.

2799 4960 2911 4989 acut
2948 4960 3141 4992 exarati
3164 4960 3220 4994 ιη
3245 4960 3469 5068 “trag”

2799 5019 2854 5074 p.
2908 5006 2994 5061 BI.
3072 5009 3118 5040 ιο
3160 5010 3302 5067 deest
3393 5014 3467 5072 lk.

2762 5074 2814 5156 ³¹Α
2834 5076 2980 5156 deest
3019 5076 3087 5133 P.
3122 5150 3134 5156 _
3158 5081 3235 5156 __”
3266 5098 3368 5156 sup
3392 5084 3466 5145 Ρ,

1689 5273 1922 5333 NOTAE.

197 5409 228 5437 ι
255 5392 324 5449 Id
351 5398 458 5463 est,
487 5388 843 5463 qui_l_itigant.
870 5390 1075 5446 Bamz.

199 5467 233 5507 ιι
268 5460 537 5544 Carolina
579 5460 833 5534 Magnum
875 5478 996 5544 non
1209 5469 1554 5544 repertorem“
1595 5460 1754 5543 istius

114 5536 275 5595 iuris
300 5533 486 5605 colligi
511 5530 783 5605 μοιδεῖ-ει
804 5534 1032 5605 epistola
1057 5531 1161 5587 104
1186 5530 1361 5605 sancti
1389 5530 1671 5605 Bonifacii,
1698 5533 1751 5586 in

202 5608 356 5688 a_sic
377 5603 571 5688 scribit
593 5606 661 5659 ad
689 5603 977 5688 Pippinum
1002 5619 1227 5688 regem}
1257 5622 1275 5655 ι
1307 5603 1539 5688 Quidam
1566 5618 1757 5688 servus

268 5677 408 5733 θείω
431 5685 651 5748 nostra},
677 5682 734 5730 et
759 5676 873 5748 ipse
894 5675 1363 5748 mendacissimus,
1397 5675 1491 5745 qui
1514 5691 1615 5731 nos
1640 5685 1760 5732 arte

118 5750 408 5823 fugiebat,
437 5745 630 5800 Anfrid
653 5745 890 5823 nomine,
920 5747 1241 5823 veniensad
1264 5763 1361 5802 nos
1380 5762 1504 5804 cum
1522 5747 1761 5823 iudieulo

114 5817 351 5883 vestro,
385 5832 591 5901 rogans
633 5825 693 5872 ut
720 5819 771 5901 ei
808 5817 1081 5901 justitiam
1132 5818 1458 5901 faceremus,
1509 5818 1760 5901 misimus

1786 5393 1838 5453 1)
1864 5390 2207 5470 cognoscatis
2231 5392 2357 5461 quia
2387 5391 2651 5470 mentitus
2661 5393 2833 5470 _vobis
2856 5404 2959 5462 est,
3002 5407 3250 5470 petentes
3278 5415 3340 5462 ut
3364 5423 3470 5469 nos

1863 5477 1961 5552 pro
1988 5464 2236 5517 mercede
2275 5470 2457 5552 vestra
2484 5461 3167 5552 defendatiscontra'tales
3190 5461 3464 5552 falsarios;

1861 5541 2131 5589 eteorum
2152 5535 2449 5589 mendaciis
2473 5550 2582 5590 non
2602 5535 2858 5593 credatis.
2890 5559 2910 5592 ι
2944 5541 3022 5596 In.

1937 5602 2199 5686 cﬂGlossa
2227 5605 2540 5686 marginalis
2584 5607 2640 5660 in
2687 5608 2886 5665 Codice
2931 5611 3133 5686 Regio:
3170 5636 3188 5669 ‹
3244 5619 3302 5676 Si
3328 5621 3469 5680 nihil

1865 5675 1993 5759 mali
2007 5684 2398 5759 perpetratum
2427 5685 2530 5759 est,
2559 5685 2728 5744 actor,
2778 5675 3075 5759 secundum
3095 5675 3468 5759 quosdam};

1868 5747 2145 5806 Corsicam
2170 5756 2257 5804 est
2281 5748 2612 5821 mittendus;
2643 5754 2942 5809 secundum
2972 5747 3130 5820 alitis:
3171 5770 3282 5818 tam
3312 5747 3468 5821 actui;

1869 5835 2033 5906 quam
2081 5834 2364 5906 sequaces
2388 5829 2500 5906 est-
2524 5820 2910 5894 ﬂagellandus;
2967 5831 3263 5888 secundum
3304 5820 3464 5906 alios;

116 5896 302 5954 illum
327 5891 401 5948 ad
427 5904 526 5944 vos
554 5904 679 5943 eum
724 5890 856 5961 ipsis
888 5890 1087 5947 litteris
1115 5906 1240 5946 cum
1268 5890 1435 5947 misso
1461 5898 1674 5958 nostro,
1701 5898 1765 5947 ut
1869 5890 2025 5949 actor
2046 5890 2188 5949 mori
2212 5893 2392 5951 debet.
2428 5913 2449 5947 ι
2481 5893 2558 5949 lo.

398 6004 685 6079 Panos.
733 6002 996 6068 XCVII.

2783 6018 2851 6078 2|

2785 6063 2819 6077 ρ.
