3992 6344
566 401 671 459 655

1442 404 1490 459 Β
1545 402 1798 461 CAROLI
1835 402 2050 459 MAGNI
2088 400 2153 458 01

2277 399 2460 457 PARS
2493 402 2536 456 1.
2578 400 2774 457 snc'r.
2813 399 2857 455 ι.
3338 376 3345 383 ’
3753 399 3847 456 656

565 527 693 572 eum
720 512 740 545 ⁸
765 511 966 568 refutat
991 520 1046 568 et
1080 514 1292 583 probet,
1317 528 1485 584 quare
1515 514 1665 570 illum
1698 515 1941 585 recipere
1987 514 2142 569 nolit.
2178 522 2223 576 Α
2256 512 2342 568 bis
2366 512 2641 568 licentiam
2676 510 3040 583 postulentur.
3062 509 3190 567 Hoc
3217 511 3359 576 ideo,
3397 510 3526 580 quia
3554 510 3848 568 audivimus

564 607 635 661 Et
660 606 727 661 de
753 605 873 676 ipso
895 620 1035 676 pago
1079 612 1247 673 testes
1272 604 1562 675 eligantur,
1603 606 1707 661 nisi
1739 605 1953 677 longius
1999 615 2153 660 extra

564 698 886 755 comitatum
932 711 1095 752 causa
1145 696 1218 751 sit
1242 696 1586 765 inquirenda.
1618 696 1686 751 Et
1708 696 1755 752 si
1789 697 1911 767 quis
1930 697 2150 753 convic-

564 799 654 847 tus
675 788 860 855 fuerit,
888 788 1081 859 perdat
1100 802 1319 844 manum
1341 795 1437 843 aut
1470 787 1718 843 redimat.

635 918 723 975 18.
750 916 829 972 De
865 914 1160 980 advocatis,
1192 914 1247 970 id
1279 923 1363 969 est
1393 915 1620 988 utpravi
1643 915 1889 970 advocati
1935 914 2155 969 vicedo-

562 1009 695 1065 mini
710 1007 900 1064 vicarii
922 1016 1015 1063 aut
1050 1006 1351 1063 centenarii
1373 1006 1653 1073 tollantur,
1686 1015 1742 1061 et
1766 1007 1904 1061 tales
1945 1006 2153 1076 eligan-

563 1110 654 1157 tur
678 1101 720 1167 ’,
751 1100 845 1171 qui
871 1099 1043 1155 sciant
1065 1106 1121 1154 et
1144 1098 1312 1154 velint
1339 1098 1588 1168 iusteque
1627 1115 1819 1155 causas
1848 1100 2155 1155 discemere

561 1204 618 1252 et
642 1194 1023 1251 determinare.
1048 1193 1116 1248 Et
1153 1193 1199 1248 si
1227 1191 1399 1248 comis
1433 1206 1636 1263 pravus
1661 1176 1932 1248 inventus.
1966 1190 2149 1257 fuerit,

522 1346 530 1359 ι
561 1287 720 1343 nobis
740 1284 1105 1342 renuntietur.

633 1412 722 1469 19.
752 1412 935 1466 Placet
960 1410 1136 1473 nobis,
1167 1418 1227 1464 ut
1257 1408 1401 1479 iusta
1429 1418 1483 1465 et
1512 1409 1734 1479 antiqua
1764 1410 1978 1466 telonea
2005 1425 2034 1464 a
2063 1425 2153 1466 ne-

517 1496 526 1565 ἒ
560 1503 921 1576 gotiatoribus
956 1502 1262 1573 exigantur,
1322 1510 1431 1557 tam
1472 1502 1539 1557 de
1584 1501 1844 1572 pontibus
1881 1518 2155 1574 quamque

560 1600 627 1657 de
650 1597 881 1669 navigiis
909 1603 965 1653 et
1009 1598 1284 1653 mercatis.
1320 1597 1468 1653 Nova
1506 1611 1637 1652 vero
1674 1612 1769 1652 seu
1804 1596 2025 1664 iniusta,
2061 1598 2155 1654 ubi

559 1691 716 1750 funes
741 1687 1037 1746 tenduntur
1056 1690 1141 1744 vel
1166 1704 1289 1745 cum
1318 1689 1543 1743 navibus
1574 1689 1672 1744 sub
1693 1688 1949 1758 pontibus
1981 1696 2156 1744 trans-

557 1782 689 1849 itur,
733 1796 830 1838 seu
879 1781 966 1837 his
1004 1780 1202 1837 similia
1240 1781 1295 1835 in
1342 1779 1537 1850 quibus
1568 1778 1773 1834 nullum
1826 1779 2153 1834 adiutorium

556 1876 883 1933 iterantibus
927 1882 1225 1945 prestatur,
1268 1880 1329 1928 ut
1375 1889 1484 1929 non
1545 1872 1852 1942 exigantur.
1891 1869 2155 1927 Similiter
2180 1894 2231 1955 η
2255 1920 2292 1977 Ρ

556 1980 612 2027 et
638 1969 834 2035 ludeis,
858 1967 951 2039 qui
978 1980 1005 2009 ι
1028 1967 1077 2024 si
1098 1965 1407 2038 negotiandi
1428 1979 1592 2021 causa
1614 1965 1975 2020 substantiam
1997 1979 2150 2019 suam

556 2064 623 2119 de
645 2078 754 2118 una
776 2063 935 2118 domo
976 2076 1072 2115 sua
1100 2060 1167 2115 ad
1195 2059 1376 2120 aliam,
1412 2067 1505 2112 aut
1543 2056 1612 2111 ad
1644 2055 1925 2127 placitum,
1967 2065 2061 2111 aut
2096 2058 2151 2112 in

555 2154 855 2211 exercitum
873 2153 1075 2209 ducunt
1107 2152 1149 2205 ⁸.
1182 2150 1239 2207 Si
1267 2165 1396 2206 vero
1413 2148 1577 2205 fuerit
1593 2149 1735 2205 unde
1761 2149 2053 2214 dubitetur,
2085 2150 2155 2207 ad

554 2249 862 2320 proximum
895 2246 1157 2317 placitum
1192 2253 1441 2300 nostrum
1467 2244 1609 2313 quod
1634 2258 1761 2299 cum
1788 2242 1923 2312 ipsis
1967 2243 2153 2299 missis

553 2342 753 2399 abituri
776 2355 983 2405 sumus,
1016 2339 1419 2405 interrogentur
1447 2336 1487 2390 δ.

622 2458 714 2513 20.
741 2457 820 2513 De
839 2454 1068 2513 diversis
1089 2452 1404 2509 hominibus
1420 2450 1513 2522 qui
1547 2451 1615 2507 ad
1635 2452 1922 2507 servitium
1969 2452 2065 2508 Dei
2097 2468 2156 2509 se

556 2550 773 2607 tradere
795 2544 1004 2611 volunt,
1035 2553 1097 2600 ut
1123 2544 1273 2614 prius
1302 2557 1405 2599 noc
1431 2558 1538 2599 non
1568 2540 1792 2608 faciant,
1815 2558 1982 2613 quam
2002 2559 2034 2599 a
2054 2560 2157 2601 no-

2257 604 2468 675 aliquos
2494 620 2563 659 ex
2582 603 2690 660 illis
2717 619 2827 659 non
2867 612 2984 658 tam
3010 603 3079 659 de
3115 618 3282 659 causa
3330 602 3656 667 devotionis,
3695 619 3846 673 quam

2254 698 2516 753 exercitia
2535 711 2633 752 seu
2662 695 2827 751 aliam
2846 694 3152 751 funtionem
3177 694 3347 764 regali
3370 692 3650 766 fugiendo.
3684 694 3846 762 Quos-

2256 789 2380 845 dam
2403 803 2533 846 vero
2566 789 2879 859 cupiditatis
2912 803 3077 844 causa
3102 788 3173 844 ab
3221 788 3309 844 his
3359 788 3453 859 qui
3502 802 3595 844 res
3641 787 3843 846 illorum

2254 883 2648 953 concupiscunt
2670 883 3072 939 circumventos
3094 879 3437 949 audivimus;
3463 881 3571 937 hoc
3595 881 3720 937 ideo
3740 882 3843 938 ﬁeri

2255 975 2624 1045 prohibemus.

2326 1065 2417 1120 21.
2446 1065 2711 1123 Volumus
2736 1072 2800 1122 ut
2823 1067 2979 1124 missi
3007 1066 3183 1123 nostri
3204 1066 3310 1125 hoc
3332 1067 3566 1124 ﬁdeliter
3605 1077 3842 1124 exactam

2255 1157 2488 1213 debeant
2513 1158 2719 1228 absque
2742 1172 2976 1229 persone
3007 1158 3186 1231 gratia
3212 1158 3299 1214 vel
3330 1158 3599 1215 blanditie
3625 1174 3721 1214 seu
3743 1167 3840 1213 ter-

2255 1260 2379 1303 rore
2409 1245 2710 1304 secundum
2737 1248 3035 1306 iulssionem
3064 1256 3343 1316 nostrain;
3384 1249 3444 1305 id
3472 1257 3563 1304 est
3585 1256 3651 1304 ut
3687 1249 3839 1304 homi-

2254 1355 2381 1397 nem
2413 1341 2666 1397 abentem
2691 1340 2860 1397 libras
2876 1356 2972 1396 sex
3007 1341 3063 1395 in
3096 1356 3232 1398 auro
3256 1348 3311 1397 et
3328 1350 3579 1413 argento,
3628 1342 3836 1405 hruniis,

2254 1442 2554 1500 eramento,
2578 1434 2773 1504 pannis
2802 1434 3052 1505 integris,
3077 1435 3341 1501 camenis,
3363 1435 3622 1502 bovibus,
3646 1450 3836 1501 vaccas,

2253 1524 2340 1580 vel
2365 1525 2473 1581 alio
2498 1526 2527 1566 ι)
2552 1506 2798 1597 peculio;
2826 1536 2883 1582 et
2928 1543 3130 1583 uxores
3159 1526 3246 1584 vel
3295 1526 3538 1583 infantes
3572 1544 3689 1584 non
3730 1528 3836 1582 ﬁant

2254 1617 2528 1690 dispoliati
2571 1634 2673 1690 pro
2709 1621 2854 1677 hanc
2903 1637 3043 1689 rem,
3097 1638 3333 1693 quorum
3377 1623 3724 1679 vestimentis
3755 1623 3838 1678 hac

2254 1711 2524 1782 mancipia
2566 1711 2873 1783 legitimum
2938 1713 3282 1780 aribannum,
3333 1713 3420 1770 vel
3467 1714 3642 1770 libras
3665 1715 3719 1771 5.
3753 1714 3837 1781 Qui

2255 1818 2384 1861 vero
2410 1822 2521 1861 non
2541 1806 2705 1863 habet
2739 1806 2971 1879 amplius
2996 1807 3102 1862 nisi
3126 1807 3294 1863 libras
3322 1815 3439 1862 tres
3464 1807 3522 1861 in
3562 1808 3838 1877 suprascri-

2296 1913 2350 1961 to
2373 1906 2552 1976 pretio
2572 1905 2868 1973 valentem,
2898 1905 3101 1963 solidos
3129 1907 3199 1963 50
3242 1908 3312 1962 ab
3360 1922 3429 1963 eo
3476 1908 3718 1979 exigant.
3752 1907 3835 1975 Qui

2259 2006 2443 2054 autem
2469 2014 2579 2054 non
2607 1998 2860 2054 habuerit
2887 2000 3121 2070 amplius
3150 1999 3257 2054 nisi
3284 1999 3451 2054 libras
3474 1999 3633 2066 duas,
3661 1999 3836 2055 solidos

2261 2089 2351 2146 10.
2390 2089 2451 2146 Si
2473 2105 2603 2147 vero
2637 2106 2801 2147 unam
2847 2090 3119 2158 habuerit,
3148 2091 3353 2147 solidos
3384 2091 3653 2161 quinque,
3696 2091 3765 2146 ita
3788 2100 3836 2145 ut

2267 2181 2469 2237 iterum
2497 2181 2518 2214 '
2543 2197 2602 2238 se
2626 2182 2804 2238 valeat
2829 2196 3123 2253 preparare
3150 2182 3221 2237 ad
3243 2182 3340 2238 Dei
3378 2181 3667 2237 servitium
3708 2191 3760 2238 et
3781 2182 3834 2237 ad

2262 2281 2507 2330 nostram
2529 2275 2847 2333 utilitatem.
2882 2275 2953 2331 Et
2980 2275 3135 2331 missi
3166 2276 3342 2332 nostri
3376 2285 3628 2343 caveant,
3654 2286 3709 2332 et
3739 2277 3837 2334 dili-

2260 2373 2452 2436 genter
2476 2366 2776 2436 inquirant,
2804 2382 2874 2423 ne
2902 2381 3002 2436 per
3026 2366 3246 2437 aliquod
3291 2366 3437 2422 malo
3487 2368 3709 2439 ingenio
3731 2369 3836 2424 sub-

2261 2466 2443 2513 traant
2483 2467 2730 2516 nostram
2767 2459 3036 2515 iustitiam
3090 2458 3253 2513 alteri
3276 2457 3542 2515 tradendo
3570 2468 3664 2515 aut
3710 2474 3837 2515 com-

2262 2549 2586 2608 mendando.

1774 2653 2170 2716 VARIANTES
2206 2660 2615 2721 LECTlONES.

630 2762 646 2794 ι
683 2774 739 2830 q.
763 2770 897 2814 uero
921 2752 1191 2810 refutatur
1212 2764 1269 2822 p.
1300 2767 1350 2805 ο.
1425 2749 1447 2781 ¹
1469 2762 1523 2805 e.
1556 2761 1613 2819 q.
1640 2745 1785 2802 deest
1815 2762 1863 2801 ο.
1944 2746 1967 2779 ³
1994 2747 2199 2898 ἀυοὲἓι
2227 2769 2368 2809 corr.
2393 2754 2600 2812 ducunt
2617 2770 2666 2809 ο.
2741 2753 2766 2787 ⁸
2784 2754 3125 2827 intergentur
3150 2771 3201 2809 ε.
3276 2754 3301 2787 ³
3339 2762 3502 2811 terum
3523 2772 3569 2810 c.

2181 2842 2319 2898 T18.

2181 2842 2319 2899 TIE.

554 2948 769 3004 illorum
801 2939 1173 2998 testimonium
1202 2937 1258 2992 in
1292 2936 1476 3005 aliquo
1523 2931 1863 3005 refutaverit.
1882 2952 1918 3005 ν»
1980 2934 2151 2991 Vetus

554 3003 781 3074 historia
827 3010 1165 3069 Trevirensis
1208 3008 1265 3063 in
1300 3003 1449 3063 torno
1487 3004 1582 3061 XII
1617 3003 1895 3077 Spicilegii
1948 3006 2151 3062 Dache-

554 3088 712 3152 riani,
740 3101 865 3157 pag.
890 3084 997 3139 219
1016 3100 1093 3157 Δτ’(
1120 3080 1297 3151 Coepit
1316 3095 1345 3133 a
1380 3077 1641 3157 fratribus
1666 3075 1890 3157 omnino
1910 3078 2152 3157 charjm.

555 3170 663 3217 tem
693 3148 985 3233 refutare,»
1014 3153 1071 3233 id
1096 3162 1188 3233 est
1216 3148 1477 3233 regusar‘e,
1502 3148 1648 3230 utin
1682 3148 1948 3233 ‘ma’rgine‘
1985 3151 2151 3205 adno-

2259 2940 2479 3010 speciali
2496 2948 2558 2997 ut
2568 2940 2905 2998 exsecutioni
2917 2941 3269 2997 mandaretur
3284 2953 3386 3010 per
3400 2940 3606 3011 singula
3618 2940 3755 2996 loca.
3770 2942 3836 2997 lo.

2331 3013 2359 3052 δ
2388 3013 2444 3068 ld
2488 3021 2591 3077 est,
2638 3013 2954 3083 pecudibus,
3004 3012 3352 3067 animalibus.
3400 3011 3541 3067 Hinc
3586 3014 3834 3082 peculium

2257 3084 2544 3153 utriusque
2559 3099 2721 3140 sexus
2744 3085 2796 3138 in
2846 3083 3018 3140 veteri
3064 3084 3254 3139 charta
3301 3083 3618 3138 monasterii
3671 3084 3834 3139 Schic-

2256 3155 2599 3211 chdorfensis
2631 3156 2685 3211 in
2710 3164 2859 3211 tomo
2889 3156 3050 3210 tertio
3109 3154 3427 3225 metropolis
3483 3154 3834 3225 Salisburgen—

552 3241 635 3311 tat
660 3218 996 3311 clarissimus
1031 3218 2149 3311 Editorénﬂeglulacujusdain:Concor:
2176 3247 2223 3311 ρ
2257 3228 2351 3310 sis,
2369 3242 2502 3311 pag.
2543 3226 2669 3283 521.
2711 3227 2926 3311 Statuta
2950 3227 3174 3311 antiqua
3202 3218 3377 3311 saneti
3396 3223 3549 3308 lfetri
3572 3218 3836 3311 Corbtiien-

554 3304 644 3359 dia
671 3300 1003 3372 regularum,
1020 3310 1142 3366 pag.
1178 3294 1301 3372 7:28.
1332 3312 1349 3341 ί
1370 3290 1514 3372 Caro
1544 3298 1600 3372 et
1625 3290 1966 3372 vinum,_sive
1989 3301 2151 3362 potus

553 3375 612 3430 in
640 3361 765 3444 (ιυό
769 3371 842 3444 sit
863 3361 1119 3444 ebrietas;
1140 3363 1433 3444 refutanda
1452 3361 1905 3444 sunt.m_o_nachi_s.,
1934 3361 2034 3444 nec
2060 3379 2153 3419 su-

555 3431 853 3515 εείιςίβηάε,
885 3438 1035 3515 [Ubi
1067 3437 1187 3490 vide
1209 3442 1367 3515 notas
1388 3432 1630 3515 llngonis
1654 3431 1916 3515 menardi.
1947 3432 2147 3515 Βτιμιῃ.

629 3502 656 3557 ί
679 3514 806 3569 Sive
827 3529 845 3561 ι
867 3512 933 3565 ad
951 3521 1140 3564 eorum
1166 3502 1495 3577 supplendas
1518 3502 1893 3577 necessitates,
1909 3523 1926 3555 ι
1948 3513 2007 3558 ut
2028 3504 2154 3577 legi-

557 3596 649 3643 tur
670 3585 726 3639 in
745 3588 1016 3665 praecepto
1031 3577 1303 3658 Ludovici.
1321 3573 1403 3627 Pii
1426 3574 1502 3665 de.
1512 3573 1862 3665 immunitate
1885 3573 2156 3665 monaste-

556 3658 623 3712 rii
651 3644 989 3709 Miciacensis
1008 3665 1038 3703 a
1065 3647 1415 3718 praestatione
1435 3644 1763 3718 tributorum
1798 3646 2154 3718 pronavibus

555 3743 662 3800 per,
713 3723 934 3800 ﬂumina
984 3716 1136 3800 regni
1184 3716 1520 3800 Francorum
1572 3716 2153 3800 discurrentibusﬁpro

555 3787 886 3869 quibuslibet
909 3787 1122 3863 praefati
1158 3787 1476 3869 monasterii
1508 3787 1944 3869 necessitatibus.
1970 3787 2154 3869 “Quod

597 3857 1123 3937 rivilegiumtpostea
1150 3860 1534 3937 conﬁrmatum
1571 3857 1941 3937 est_a“Ca_t_-olo
1963 3859 2149 3937 Calvo.

558 3928 1113 4007 Similevprivilegium
1141 3930 1474 4007 monasterio
1498 3930 1673 3986 sancti
1711 3928 1995 3986 Pliiliberti
2025 3948 2155 4007 con-

556 4012 722 4068 cessit
750 4001 1008 4078 P'ippinus
1035 4020 1131 4078 rex
1154 4003 1573 4078 Aquitanorum,
1600 4009 1863 4078 ut__patet
1912 4017 1982 4078 ex
2038 4001 2155 4078 ejus

556 4071 866 4155 przecepto',‘
886 4078 1030 4147 quod
1046 4076 1161 4155 ali.
1201 4071 1262 4132 P.
1315 4071 1582 4155 Chimetio
1618 4072 1831 4155 editum
1849 4083 1933 4155 est
1960 4073 2015 4127 in
2044 4074 2158 4155 -Ηὶ-

555 4143 1081 4210 horia-monasterii
1112 4143 1526 4207 Trenorchiani,
1563 4160 1686 4215 pag.
1730 4143 1853 4198 192.
1880 4144 2013 4200 Item
2044 4145 2155 4200 Lo-

556 4225 773 4281 tharius
799 4223 1097 4287 imperator
1125 4218 1302 4274 simile
1342 4215 1679 4287 monasterio
1697 4215 1993 4271 Duserensi
2014 4216 2154 4287 apud

559 4236 773 4281 manus
799 4239 871 4277 tm
913 4236 1097 4274 erator
1125 4236 1302 4274 Simile
1342 4236 1674 4272 monaswrio
1701 4236 1993 4271 uuserensr
2014 4236 2154 4287 apuu

559 4296 807 4375 ςυιξιάθηι
831 4236 1329 4375 (ιδίίιιαίίιιιηκριις-
1368 4286 1494 4375 i264:
1512 4286 2159 4375 _§i_'!'i‘.93"f’t‘!e.rri~:ir

556 4365 759 4436 legium
778 4361 1154 4436 Andegavensi
1181 4358 1439 4436 Ecelesiie
1470 4372 1788 4412 concessum
1814 4373 1845 4411 a
1867 4358 2157 4436 _Lud_ovico

558 4428 659 4493 Pi'o
681 4428 967 4491 ediderunt
994 4429 1398 4486 Sammarthani
1423 4430 1477 4483 in
1506 4435 1656 4482 tomo
1680 4429 1919 4483 secundo
1963 4428 2157 4484 Gallia:

561 4507 901 4568 Christianm,
937 4512 991 4557 et
1035 4502 1180 4558 aliud
1216 4499 1399 4558 Caroli
1452 4497 1626 4568 Magni
1670 4514 1770 4568 pro
1822 4499 2157 4554 monasterio

562 4577 862 4651 Organensi
884 4573 1341 4651 juxtaﬂeronam
1380 4568 1758 4651 Ferdinandu's
1777 4568 2060 4651 _Ughellus
2098 4570 2154 4625 in

561 4640 713 4707 torno
746 4640 936 4719 quinto
962 4644 1127 4719 Italiae
1150 4659 1342 4719 sacrae,
1384 4641 1667 4719 pag.
1694 4640 1969 4719 liabenins
2008 4656 2153 4719 p159-

565 4733 714 4778 terea
743 4711 1015 4791 praecepta
1037 4714 1218 4791 Caroli
1245 4711 1422 4791 Magni
1445 4711 1500 4768 et
1517 4711 1730 4791 Pippini
1755 4712 1902 4781 regis
1926 4712 2154 4791 Aquita-

563 4795 667 4849 niae
687 4782 1541 4863 quibus_iinmunitatem_'tclonei
1578 4782 1886 4863 etalioruin
1926 4783 2155 4863 tributo-

564 4880 683 4921 rum
706 4854 1012 4919 concedunt
1039 4857 1371 4914 monasterio
1398 4854 1799 4912 Cormaricensi
1821 4868 1921 4923 pro
1947 4855 2156 4909 duabus

562 4933 798 4992 navibus'
830 4945 951 5003 per_
976 4931 1191 5003 diversa
1216 4928 1471 5003 _i_lumina
1511 4925 2155 5003 discurrentibus._ltem

562 4995 892 5079 praeceptum
930 5000 1189 5079 Ludovici
1216 4999 1298 5079 Pii
1327 5000 1411 5079 de_
1435 4998 1675 5067 quinque
1711 4995 1941 5079 navibus
1966 4996 2156 5079 Eccle-

562 5065 657 5149 sia:
684 5065 984 5149 Viennensi
1026 5070 1303 5149 concessis
1341 5069 1411 5125 ad
1601 5068 1808 5137 negotia
1835 5065 2153 5149 deferenda.

562 5148 804 5218 Itemque
842 5144 987 5218 aliud
1026 5143 1351 5218 deqnatuor
1376 5139 1607 5218 navibiis
1631 5137 1953 5218 monasterii
1981 5137 2155 5192 sancti

563 5208 822 5276 Germani
839 5208 1350 5289 Autissiodurensis.
1378 5212 1512 5266 ltem
1528 5208 1837 5289 _Ludovicus
1854 5218 2157 5289 .Amonaslte-

563 5290 647 5345 rio
695 5287 882 5342 sancti
916 5283 1114 5340 Aniani
1167 5280 1574 5338 Aurelianensis
1623 5279 1894 5334 concessit
1936 5279 2157 5347 privile-

565 5361 713 5432 gium
742 5356 976 5432 habendi
1002 5370 1097 5411 sex
1122 5369 1301 5432 naves
1323 5372 1342 5405 ι
1371 5367 1508 5432 _quze
1534 5351 1647 5432 sive
1673 5365 1771 5432 per
1795 5349 2032 5432 Ligerim
2059 5348 2158 5432 tiu:

567 5420 714 5493 inen,
736 5428 851 5484 sive
891 5435 1211 5500 percaatera
1237 5420 1459 5479 flumina
1491 5420 1633 5500 infra
1658 5421 1915 5475 ditionem
1941 5420 2155 5500 imperii

564 5500 741 5557 nostri
780 5500 848 5554 ob
893 5492 1185 5553 utilitatem
1240 5505 1295 5550 et
1345 5492 1725 5549 necessitatem
1775 5492 2089 5546 monasterii
2132 5510 2150 5543 ι

567 5572 873 5640 discurrere
919 5569 1150 5640 possint
1181 5567 1487 5640 ubicunque
1535 5563 1805 5640 velin_t,ut
1855 5561 2053 5640 legitur
2102 5563 2156 5617 in

565 5641 767 5697 litteris
824 5632 1064 5708 ejuédem
1129 5632 1416 5699 Ludovici
1455 5650 1485 5689 a
1557 5632 1860 5708 clarissimo
1918 5633 2159 5708 lluberto

564 5712 730 5769 editis
760 5752 775 5778 ,
835 5703 960 5782 pag.
1017 5708 1106 5782 75A
1136 5708 1521 5782 Probationnm
1581 5705 1846 5782 Historiae
1915 5703 2156 5782 ejusdem

563 5774 879 5840 monasterii
911 5774 1111 5836 'sancti
1166 5777 1383 5834 Aniani.
1420 5775 1559 5843 Quae
1601 5774 1723 5830 ideo
1780 5775 2159 5831 adnotavimus

576 5869 637 5913 ut
675 5860 1025 5917 agnoscerent
1070 5851 1300 5906 lectores
1347 5864 1467 5903 eam
1508 5846 1818 5917 generalem
1870 5846 2065 5917 legem,
2094 5846 2160 5902 de

564 5942 676 5995 qua
708 5916 871 5981 nunc
921 5924 1134 5995 agimus
1178 5919 1477 5989 indiguisse
1525 5916 1851 5973 auctoritate
1892 5916 2160 5988 principis

2184 4621 2235 4680 Ι)

2256 3296 2607 3382 signem
2653 3297 3161 3382 navesnaves“.
3202 3296 3702 3382 ιξαριιετξειιιίκρεεο

2262 3388 2281 3421 ε
2318 3368 2583 3425 Similiter
2603 3368 2862 3439 quicquid
2884 3369 2939 3423 in
2965 3369 3196 3424 diversis
3222 3368 3656 3424 laborationihus
3690 3370 3838 3439 quoli-

2255 3440 2348 3512 bet
2369 3442 2531 3497 modo
2560 3442 2887 3512 acquiritur,
2915 3439 3002 3495 vel
3032 3444 3088 3494 in
3126 3439 3293 3512 variis
3328 3439 3609 3512 peculium
3656 3442 3838 3511 generi.

2255 3511 2359 3568 bus
2379 3510 2673 3567 enutritur’.
2702 3531 2722 3563 ι
2749 3511 3161 3567 Testamentum
3190 3510 3419 3566 Evrardi
3458 3511 3682 3567 comitis
3719 3514 3837 3581 apud

2256 3581 2557 3639 Aubertum
2596 3583 2837 3637 Mirmum
2884 3582 2939 3636 in
2984 3581 3184 3639 Codice
3229 3582 3589 3653 donationum
3632 3598 3835 3653 piarum.

2256 3669 2381 3725 pag.
2406 3656 2495 3717 99,
2522 3662 2577 3709 et
2602 3654 2840 3725 ingtomo
2899 3654 3221 3725 duodecimo
3273 3651 3518 3725 ejusdem
3564 3651 3835 3724 Spicilcgii,

2296 3723 2383 3795 ag.
2412 3726 2559 3780 495:
2597 3745 2616 3777 ι
2654 3723 2783 3781 Sive
2813 3725 2869 3779 in
2918 3724 3257 3781 laboratione
3298 3723 3413 3779 sive
3461 3724 3518 3778 in
3570 3723 3793 3793 peculio.
3820 3744 3835 3774 ι

2303 3794 2431 3853 erro
2459 3798 2512 3851 in
2542 3798 2646 3852 hoc
2673 3796 2834 3851 istius
2872 3796 3067 3865 capitis
3092 3794 3241 3860 loco,
3268 3809 3369 3865 pro
3393 3810 3462 3849 eo
3488 3797 3640 3857 quod
3667 3796 3750 3851 hic
3780 3796 3840 3849 le-

2294 3867 2404 3922 itur
2440 3866 2665 3939 peculio,
2690 3865 2871 3939 Codex
2896 3864 3175 3939 Palatinus
3210 3864 3283 3939 et
3317 3864 3722 3922 Bellovacensis
3758 3868 3837 3939 hae

2327 3946 2387 3992 nt
2413 3937 2651 4009 pecunia.
2689 3937 2845 4009 Quod
2892 3938 3033 3991 idem
3076 3945 3179 3993 est.
3212 3937 3289 4009 Ιιι⁸
3314 3944 3650 4009 testamento
3696 3938 3842 3993 sancti

2257 4007 2464 4065 Aldrici
2512 4010 2751 4079 episcopi
2792 4008 3221 4079 Cenomanensis
3275 4007 3476 4079 legitur
3519 4009 3703 4079 ipsum
3754 4020 3844 4063 sta-

2261 4082 2431 4136 tuisse
2452 4089 2512 4136 ut
2556 4081 2819 4151 quidquid
2854 4099 2873 4131 ι
2941 4078 3010 4135 de
3063 4079 3313 4152 pecuniis
3342 4078 3562 4152 diversi
3589 4082 3797 4152 generis
3826 4101 3841 4131 ι

2261 4159 2315 4206 et
2331 4150 2674 4207 vestimentis
2712 4153 2777 4223 in,
2794 4165 2894 4207 suo
2922 4151 3197 4220 ergastulo
3226 4152 3507 4223 inventum
3533 4150 3707 4207 fuerit
3743 4160 3845 4223 post

2261 4231 2492 4279 mortem
2516 4238 2690 4287 suam,
2715 4222 2989 4279 tribuatur
3009 4222 3342 4277 monasterio
3360 4238 3390 4276 a
3428 4237 3490 4277 se
3516 4222 3755 4279 condito
3770 4240 3844 4277 su-

2258 4307 2358 4363 per
2404 4292 2633 4366 iluvium
2658 4293 2898 4366 Sarthae.
2925 4293 3261 4366 Praeceptum
3275 4291 3711 4366 Caroli'gllagni
3764 4309 3849 4366 pro

2259 4365 2591 4420 monasterio
2609 4363 2906 4419 Anianensi
2935 4365 3143 4419 editum
3172 4380 3203 4419 a
3243 4364 3579 4430 Mabillonio,
3607 4363 3742 4420 (om.
3766 4363 3846 4427 Ὺ,

2259 4450 2383 4506 pag.
2419 4436 2526 4490 222
2557 4455 2569 4489 :
2604 4454 2627 4488 ο
2657 4435 2736 4489 Ad
2764 4451 2965 4506 pascua
3011 4445 3382 4506 armentorum
3427 4445 3484 4491 et
3525 4436 3725 4491 alenda
3771 4452 3850 4506 pr—

2262 4505 2482 4579 corau
2528 4522 2628 4578 pro
2655 4505 2782 4578 quoi
2814 4506 3121 4579 Ludovicus
3167 4505 3296 4579 Pius
3336 4508 3392 4562 in
3436 4507 3546 4579 alio
3594 4505 3851 4579 praecepto

2260 4577 2403 4647 quod
2432 4577 2632 4633 ibidem
2658 4577 2760 4641 est,
2782 4593 2905 4649 pag.
2930 4577 3057 4643 225,
3088 4578 3308 4703 εονἮείι
3334 4596 3348 4632 :
3387 4597 3407 4629 ι
3434 4578 3517 4633 Ad
3538 4577 3747 4649 pascua
3770 4594 3851 4633 ar-

2260 4659 2568 4703 mentorum
2599 4650 2858 4703 etalenda
2885 4664 3102 4703 pecora.
3136 4668 3155 4700 ι
3240 4650 3424 4703 omilia
3449 4651 3649 4703 incerti
3677 4660 3851 4703 aucto-

2260 4659 2568 4705 mentorum
2599 4650 2858 4704 etalenda
2885 4664 3102 4718 pecora.
3136 4668 3155 4700 i
3191 4650 3424 4704 Homilia
3449 4651 3649 4705 incerti
3677 4660 3851 4706 auclo-

2259 4720 2337 4774 ris
2358 4721 2415 4775 in
2433 4721 2805 4776 vetustiSsimo
2818 4720 3016 4777 Codice
3034 4720 3207 4776 sancti
3230 4719 3368 4775 Galli
3389 4739 3433 4774 εί
3446 4722 3681 4788 Quando
3700 4723 3852 4777 Abra-

2259 4791 2383 4865 ham
2407 4790 2649 4865 decimas
2679 4793 2744 4846 de
2776 4791 2962 4865 praeda
3002 4791 3252 4865 donavit;
3294 4801 3499 4865 quanto
3524 4794 3709 4865 magis
3743 4806 3851 4848 om-

2257 4862 2345 4918 nis
2370 4864 2530 4918 homo
2556 4862 2622 4917 de
2648 4878 2745 4917 suo
2775 4862 2979 4933 labore,
3022 4863 3087 4919 de
3113 4865 3260 4917 omni
3301 4863 3532 4933 pecunio
3572 4862 3723 4920 et'de
3748 4880 3853 4918 om-

2259 4933 2419 5005 nibus
2440 4933 2782 5005 animalibus.
2819 4952 2838 4985 ι
2882 4932 3557 5005 Οοηοίιὶυῐῃρμῑίεοθηεε,
3581 4950 3712 5005 pag.
3737 4934 3852 4995 295.

2259 5004 2315 5086 in
2340 5005 2589 5086 Editionc
2620 5004 2856 5086 Ccllptii,
2885 5002 3304 5086 et‘pag..1655,
3357 5007 3415 5061 in
3464 5002 3623 5086 torno
3662 5002 3852 5086 octavo

2258 5073 2623 5131 Conciliomm
2656 5072 3159 5148 nltimngditionis
3209 5093 3222 5128 :
3272 5095 3290 5126 ‹
3326 5079 3544 5148 generis
3567 5078 3778 5133 diversi
3800 5090 3857 5129 ac

2259 5160 2423 5201 sexus
2451 5162 2755 5217 pecuniam.
2789 5168 2806 5198 ι
2841 5146 3099 5201 Cellotius
3139 5146 3195 5200 in
3221 5146 3366 5203 notis
3393 5147 3461 5202 ad
3483 5148 3636 5204 hunc
3662 5148 3855 5207 locum.

2259 5233 2384 5291 cum
2412 5218 2517 5273 ista
2545 5234 2678 5291 nong
2712 5218 3058 5291 intelligeret,
3088 5218 3376 5291 pecuniam
3425 5218 3518 5275 hic
3567 5219 3861 5291 explicavit

2260 5290 2324 5342 de
2362 5299 2587 5359 argento
2636 5288 2851 5359 signato
2882 5294 2929 5355 ‘;
2962 5289 3080 5345 haec
3121 5297 3250 5344 sunt
3298 5288 3417 5358 ejus
3452 5288 3660 5345 verba?
3696 5312 3717 5342 ‹
3753 5291 3859 5345 Vox

2259 5360 2518 5425 insolens,
2540 5359 2736 5430 inquit,
2765 5368 2820 5431 ct
2839 5375 3106 5429 nusquam
3133 5360 3258 5415 alibi
3282 5361 3418 5416 mihi
3460 5361 3624 5417 lecta.
3678 5363 3861 5431 Neque

2258 5445 2361 5503 ego
2387 5447 2576 5486 sexum
2602 5431 2767 5486 alium
2807 5430 2862 5486 in
2882 5431 3111 5501 pecunia
3142 5431 3412 5500 conjicere
3446 5447 3671 5502 possum
3700 5430 3861 5503 quam

2260 5501 2305 5555 si
2327 5518 2517 5575 aurum
2542 5517 2643 5575 pro
2671 5515 2839 5566 mare,
2874 5511 3159 5575 argentum
3185 5501 3460 5575 signatum
3504 5518 3608 5575 pro
3662 5501 3862 5561 femina

2261 5573 2516 5642 accipias.
2548 5593 2568 5625 ι
2613 5574 2782 5646 Porro
2815 5573 3045 5643 pecunia
3074 5573 3199 5628 alibi
3245 5573 3523 5646 signiﬁcat
3563 5576 3866 5646 quamlibet

2261 5659 2376 5716 rem
2406 5660 2566 5713 quam
2599 5645 2720 5716 quis
2745 5645 2811 5700 de
2838 5646 3065 5715 pecunia
3088 5659 3186 5716 sua
3223 5645 3600 5716 comparavit;
3623 5655 3686 5703 ut
3727 5646 3866 5702 libro

2300 5715 2452 5768 ninto
2472 5715 2882 5784 Capitularinm,
2909 5731 3027 5786 cap.
3055 5715 3181 5780 547,
3216 5725 3275 5771 et
3297 5715 3391 5772 lib.
3416 5733 3496 5784 Vl,
3527 5733 3579 5774 c.
3600 5719 3694 5783 Η,
3730 5726 3787 5774 et
3813 5717 3866 5771 in

2307 5786 2662 5855 apitularihus
2688 5786 2952 5853 Lotharii,
2997 5788 3080 5842 tit.
3102 5788 3156 5852 3,
3181 5804 3302 5858 cap.
3335 5788 3423 5843 12.
3466 5789 3545 5844 In.

2291 5887 2801 5897 .——-—._——.._-~_

2326 5889 2521 5976 :Vide—
2518 5889 2848 5987 $35.31,}
2872 5925 3103 5989 Eclogam
3127 5928 3336 5991 primam
3352 5925 3567 5998 Virgilii.
