3992 6344
2436 243 2464 275 Ι

532 356 632 419 659
1440 354 1502 414 Β.
1542 354 1795 414 CAROLl
1831 346 2047 409 MAGNI
2080 347 2123 405 0

2271 343 2453 401 PARS
2486 342 2526 398 1.
2569 340 2761 397 SECT.
2800 336 2841 395 1.
3699 331 3805 391 600

532 477 624 533 b’et
649 475 892 533 sutiicere
917 489 1011 531 sua
1034 471 1356 536 substantia,
1402 479 1456 526 et
1502 486 1608 525 non
1653 468 1810 524 debet
1841 462 2108 536 cupidita-
2138 468 2187 524 Α
2214 469 2271 515 ut
2304 459 2585 513 relaxetur.
2614 452 2707 510 Sic
2727 460 2930 519 nmen,
2963 458 3023 506 ut
3049 449 3196 506 dicat
3219 448 3275 505 in
3305 447 3423 521 ipso
3441 459 3802 517 actamnis,

532 579 645 627 tem
677 570 877 626 habere
902 575 1089 624 contra
1112 566 1375 620 rationem
1403 561 1802 631 conpar-audam
1832 559 1899 614 da
1929 570 2105 619 servo,
2208 552 2352 622 quod
2371 564 2480 605 non
2503 545 2891 604 consentiendo
2916 542 3114 609 amico,
3144 555 3255 598 nou
3281 542 3352 598 ad
3369 548 3671 611 parentem,
3697 558 3804 600 non

533 672 628 720 aut
661 663 731 718 de
761 660 974 717 aldione
1000 657 1084 714 vel
1098 656 1249 713 ahtin
1267 661 1478 710 nostro.
1501 650 1766 719 Unde'qui
1796 650 1900 707 hoc
1932 645 2110 701 facere
2206 644 2415 715 premio
2444 647 2748 710 corruptus,
2771 638 2875 693 nisi
2894 636 3038 707 quod
3057 644 3268 692 certum
3297 635 3435 691 sciat
3458 636 3806 705 quodeontra

2211 737 2478 791 rationem
2506 734 2701 789 toltum
2753 739 2867 797 est;
2917 737 2974 787 et
3016 744 3139 787 eum
3174 730 3336 801 nobis
3370 727 3537 793 fuerit
3574 729 3806 795 recensi-

2211 834 2345 891 tum,
2374 841 2473 893 per
2493 833 2736 880 nostram
2763 822 3058 881 iussionem
3078 821 3411 878 relaxentur.

2283 937 2373 991 '57.
2400 936 2555 994 Unde
2591 933 2901 1001 statuimus,
2943 940 3004 988 ut
3051 946 3148 1003 per
3175 930 3245 987 60
3290 946 3462 986 annos
3505 932 3809 1001 inquiram

2212 1031 2481 1105 possiessio
2504 1030 2572 1087 de
2601 1029 2862 1101 pecunias
2886 1027 3151 1098 publicas,
3176 1041 3277 1097 pro
3301 1040 3367 1081 eo
3392 1025 3539 1096 quod
3571 1026 3807 1096 peccatis

2216 1124 2621 1181 imminentibus
2650 1122 2717 1177 de
2740 1120 2810 1175 ιθ
2844 1120 3002 1174 annis
3027 1118 3223 1189 aliquis
3264 1133 3372 1173 non
3420 1126 3715 1183 memorat,
3757 1124 3809 1173 et

533 749 973 825 praesumpserit,
997 760 1300 817 conponere
1323 744 1487 799 habet
1511 742 1651 797 sicut
1689 740 1949 809 scriptum
1992 743 2106 802 est;

534 846 754 914 insuper
773 842 830 898 in
853 838 1075 911 periurii
1100 844 1313 894 reatum
1337 832 1494 890 nobis
1514 831 1793 901 conparuit
1819 829 2107 899 pertinere,

533 932 763 1003 ecquod
782 931 939 987 nobis
964 930 1197 990 iuratum
1221 926 1385 983 habet
1431 924 1573 993 quod
1624 921 1780 977 nobis
1813 919 1987 975 ﬁdelis
2019 918 2109 973 sit.

534 1027 603 1082 Et
626 1024 803 1098 qualis
834 1022 1067 1079 ﬁdelitas
1086 1028 1187 1086 est,
1218 1019 1345 1079 dum
1373 1017 1465 1081 ille
1505 1031 1627 1075 cum
1670 1014 1876 1071 iudices
1921 1021 2113 1069 aucto-

535 1133 652 1173 rem
676 1124 770 1171 aut
791 1114 1060 1171 aldionem
1084 1112 1165 1169 vel
1193 1126 1358 1169 servo
1381 1108 1691 1175 eonludium
1722 1106 1891 1188 facit,
1927 1115 1981 1160 et
2028 1120 2115 1160 res

536 1220 721 1269 ηοειη
740 1220 929 1267 εοιιῑη
948 1217 1190 1267 mm“!
1216 1206 1549 1267 mmmam
1574 1201 1828 1267 imm”?
1856 1200 1991 1275 Quia
2014 1200 2118 1257 hoc
2214 1219 2371 1291 pauci
2394 1216 2747 1273 inveniuntur
2782 1214 2875 1284 qui
2914 1220 3096 1267 tantos
3140 1225 3313 1267 annos
3357 1210 3579 1275 abeant,
3627 1211 3810 1264 statui-

537 1311 797 1363 statutum
820 1310 905 1359 est
928 1302 981 1359 in
1007 1300 1263 1365 edictum,
1291 1305 1352 1353 ut
1381 1298 1470 1367 qui
1511 1297 1576 1352 de
1602 1310 1760 1355 servo
1804 1302 1898 1348 aut
1952 1291 2119 1361 aldiq-

2234 1326 2361 1376 nus,
2394 1315 2455 1363 ut
2489 1314 2715 1376 excepto
2752 1304 2846 1375 qui
2877 1305 2987 1359 iam
3010 1318 3111 1373 per
3149 1301 3412 1357 iustitiam
3456 1300 3811 1371 inpublicatu

537 1412 661 1455 nem
684 1395 1075 1466 numeraverit,
1104 1394 1293 1463 ναίω
1325 1392 1596 1462 Pretium;
1637 1397 1692 1445 ει
1715 1388 1927 1461 qualem
1949 1387 2120 1457 1988‘“
2221 1408 2321 1465 est,
2358 1399 2501 1470 quod
2524 1400 2668 1454 intra
2693 1396 2764 1453 50
2791 1410 2965 1452 annos
3001 1394 3180 1465 aliqua
3214 1394 3427 1449 invasio
3464 1401 3560 1448 aut
3590 1393 3743 1449 fraus
3763 1396 3809 1449 in

538 1486 910 1556 ιιιιιιειιιιίεειιιθ
936 1484 1317 1556 Langobardus
1352 1482 1555 1539 habere
1598 1480 1733 1549 νυίίν
1774 1479 1934 1535 me"!
1965 1478 2123 1533 del)“
2220 1494 2481 1565 pecunias
2505 1491 2751 1563 publicas
2780 1490 2922 1545 facta
2946 1497 3046 1553 est,
3077 1486 3190 1558 ipsa
3224 1485 3489 1558 requirat,
3513 1496 3568 1540 et
3594 1487 3811 1545 adducat

539 1579 607 1643 ad
636 1585 845 1637 ϐυΐιθω
877 1584 1115 1641 nostram
1140 1588 1482 1641 conservare.
1511 1573 1577 1627 Ει
1604 1571 1728 1645 (illis
1758 1568 1951 1627 ³ωοάο
1997 1584 2124 1624 (ποθ’
2225 1587 2291 1643 ad
2324 1591 2566 1641 nostram
2588 1582 2861 1638 notitiam.
2897 1580 2991 1635 Sic
3018 1588 3199 1638 tamen
3218 1622 3232 1647 ,
3262 1587 3324 1637 ut
3359 1589 3522 1641 antea
3566 1597 3679 1637 non
3708 1595 3811 1651 pre-

537 1668 829 1740 paraverit,
878 1675 971 1723 aut
1008 1665 1420 1732 inﬁduciaverit,
1466 1664 1655 1737 perdat
1696 1662 1930 1732 pretium
1968 1674 2123 1727 suum

2234 1687 2405 1736 sumat
2431 1676 2636 1733 wil‘fare
2676 1683 2770 1730 aut
2789 1676 3101 1749 piguerare.
3133 1676 3271 1743 Quia
3304 1691 3407 1733 nos
3436 1675 3693 1733 volumus
3723 1675 3810 1729 ista

539 1761 834 1821 secundum
865 1760 1025 1817 edicti
1056 1767 1265 1825 tenore.
1292 1756 1394 1824 Qui
1423 1771 1551 1811 vero
1593 1756 1696 1811 hoc
1742 1754 1903 1827 modo
1948 1751 2125 1807 facere
2161 1837 2193 1840 _
2229 1786 2393 1828 causa
2418 1783 2517 1840 per
2542 1768 2905 1840 nosnmipm
2929 1769 3118 1825 audire
3144 1776 3198 1823 et
3223 1768 3520 1825 secundum
3545 1767 3716 1822 De.“
3738 1782 3812 1822 ον,

538 1854 948 1925 presumpserit,
1000 1860 1053 1907 et
1082 1850 1318 1922 pretium
1363 1850 1573 1920 perdat,
1618 1847 1847 1925 etsicut
1896 1845 1986 1915 qui
2036 1859 2123 1899 res

2234 1837 2436 1917 dinare:
2464 1860 2601 1931 Quia
2629 1837 2880 1932 apparuit
2913 1861 3086 1925 nobis,
3115 1860 3259 1931 quod
3293 1859 3342 1915 si
3368 1873 3470 1914 nos
3509 1859 3630 1929 ipsa
3670 1874 3810 1914 causa

540 1942 747 1997 alienas
775 1940 917 1996 malo
941 1941 1131 1996 ordine
1152 1939 1354 2007 invadit
1383 1938 1658 1995 nesciente
1709 1937 1947 2001 domino,
1995 1951 2126 1999 con-
2230 1954 2583 2022 audierimus,
2614 1955 2725 2009 Deo
2750 1953 2966 2010 hyeme
2990 1952 3109 2009 sine
3137 1958 3364 2022 peccato
3397 1963 3521 2007 ειη,
3558 1951 3809 2019 inqui”.

539 2042 725 2104 ponat.
754 2031 921 2109 Actor
954 2048 1082 2089 vero
1112 2032 1327 2093 amittat
1347 2029 1707 2095 substantiam
1730 2044 1883 2087 suam
1900 2029 1995 2099 qui
2025 2028 2123 2091 hoc

2234 2053 2513 2117 habemus,
2553 2058 2608 2105 et
2645 2049 2726 2105 sic
2766 2049 3022 2105 ordinare
3065 2054 3127 2101 ut
3160 2044 3466 2101 mercedem
3498 2044 3811 2108 habeamus;

541 2126 898 2191 consenserit.
932 2124 1073 2181 sicut
1099 2139 1261 2201 supra
1294 2122 1507 2201 legitur,
1536 2120 1670 2174 Nam
1694 2118 1739 2183 si
1786 2135 1882 2183 nos
1924 2118 2130 2183 relaxa-

542 2219 738 2287 vimus,
765 2218 1135 2287 unusquisque
1164 2198 1362 2273 habere
1389 2215 1582 2275 debeat
1602 2212 1687 2267 cui
1715 2220 2030 2282 preccpmm
2057 2216 2131 2271 fe-

541 2309 717 2365 cimus
740 2316 834 2365 aut
869 2306 1175 2373 fecerimus.

613 2401 701 2457 36.
735 2400 977 2469 Qualiter
1010 2402 1155 2457 iubet
1186 2401 1413 2459 domnus
1454 2413 1552 2454 rex
1588 2397 1659 2455 ad
1690 2409 1882 2469 omnes
1921 2407 2132 2454 actores

541 2494 633 2564 qui
668 2501 850 2549 curtes
880 2494 999 2549 eius
1024 2492 1341 2553 commissas
1381 2490 1603 2557 habent.
1637 2492 1694 2547 Id
1728 2500 1811 2551 est
1854 2491 1909 2547 in
1943 2490 2132 2561 primis

543 2586 608 2640 de
635 2586 728 2639 illo
754 2586 896 2654 quod
920 2586 1116 2645 nostris
1147 2584 1483 2658 temporibus
1518 2585 1909 2655 inpublicatum
1943 2592 2044 2649 est,
2074 2591 2133 2637 ut

544 2673 685 2735 iuret
710 2680 1078 2750 unusquisque
1123 2687 1295 2744 actor,
1333 2686 1389 2732 et
1435 2677 1578 2740 dicat
1621 2691 1717 2746 per
1745 2675 2127 2747 euuangelias:

548 2767 684 2845 Quia
709 2770 1068 2843 quodcumque
1106 2787 1408 2840 cognovero,
1458 2769 1601 2842 quod
1648 2772 1829 2823 contra
1879 2769 2133 2835 rationem

546 2861 707 2918 alicui
728 2862 915 2933 mltum
936 2872 1034 2933 est,
1058 2863 1196 2936 facta
1218 2862 1404 2919 exinde
1425 2863 1666 2919 notitiam
1689 2856 1880 2915 domno
1907 2860 2007 2913 mei
2031 2860 2136 2929 regi

2233 2146 2359 2215 quia
2397 2143 2602 2198 iudices
2639 2140 2832 2207 nostri,
2873 2152 3049 2208 neque
3088 2137 3399 2192 arimannos
3421 2176 3438 2201 ,
3488 2149 3590 2189 nec
3626 2142 3812 2191 actores

2234 2236 2428 2301 nostri,
2456 2239 2685 2305 possunt
2727 2232 2807 2288 sic
2846 2230 3129 2301 disciplina
3172 2228 3497 2297 distringere
3536 2226 3680 2282 sient
3712 2236 3811 2281 nos.

2238 2328 2393 2398 Quod
2421 2335 2603 2383 autem
2624 2327 2912 2397 probatum
2946 2332 3029 2379 est
3054 2337 3151 2393 per
3176 2322 3399 2394 triginta
3422 2336 3595 2381 annos
3624 2329 3716 2376 aut
3736 2336 3812 2377 ιιι-

2235 2436 2336 2492 per
2372 2420 2761 2488 cuiuscumque
2798 2416 3193 2487 possessionem
3237 2411 3361 2479 fuit,
3404 2421 3461 2468 et
3502 2411 3696 2470 emeda
3737 2412 3814 2467 ha-

2236 2515 2394 2579 beat;
2434 2520 2494 2566 ut
2538 2509 2716 2566 nullus
2743 2517 2897 2564 actor
2930 2523 2996 2563 eo
3022 2513 3301 2577 presumat
3344 2519 3448 2561 nec
3484 2505 3692 2562 πίσω-ο
3729 2518 3815 2560 ae:

2239 2602 2558 2667 molestare;
2598 2609 2656 2655 et
2694 2600 2786 2670 qui
2811 2598 3220 2669 prosumpserit,
3251 2604 3523 2668 conponat
3544 2598 3659 2667 ipso
3680 2604 3815 2652 actor

2240 2697 2511 2768 widrigild
2536 2710 2714 2760 suum,
2753 2701 2980 2762 excepto
3004 2691 3148 2747 unde
3174 2699 3484 2762 preeeptum
3518 2688 3707 2753 falsi-si
3741 2688 3816 2744 ia-

2243 2789 2458 2845 venitur
2482 2788 2497 2818 ¹
2532 2785 2679 2856 quod
2703 2792 2889 2855 aperta
2924 2783 2945 2827 ⁸
2972 2797 3138 2840 causa
3161 2789 3248 2840 eat
3272 2783 3343 2840 ad
3374 2781 3694 2853 quintium.

1752 2992 2143 3061 VARIANTES
2178 2986 2583 3048 LECTIONES.

620 3065 641 3100 ί
662 3065 921 3139 inuentur
958 3083 1006 3122 c.
1083 3065 1105 3096 ³
1136 3070 1295 3149 opeta
1330 3081 1378 3120 c.

1675 3219 1997 3229 *ν*-

2086 3225 3791 3257 ‘-T—_———————-

791 3305 1239 3371 HLOTHARII
1282 3304 1524 3365 lMPEl!
1543 3304 1821 3373 A'E‘t'tiiiS
1856 3310 2329 3374 CONVENTUS
2365 3309 3000 3387 COMPENDIENSIS
3033 3312 3181 3394 (An.
3217 3254 3361 3387 833,
3399 3254 3603 3395 βαι).
3640 3256 3651 3263 ἑ

621 3501 704 3583 E3
739 3499 1195 3583 actisoconventus
1238 3498 1319 3583 in.
1341 3510 1448 3568 quo
1490 3496 1795 3583 budovicus
1825 3498 2128 3583 imperator
2162 3499 2436 3581 depositus
2472 3508 2593 3567 est.
2636 3500 2833 3583 relgtig
2869 3500 3243 3583 eniscqnot'um
3279 3507 3333 3583 ϐε
3366 3500 3583 3583 Citam.
3605 3503 3675 3561 ιδ
3710 3503 3823 3583 Δίᾳ

623 3516 704 3558 ιιι
739 3516 1195 3583 αοιιεοεοιινθηιιιε
1238 3516 1293 3553 ιη
1341 3516 1448 3568 quo
1492 3516 1795 3552 bllilOVlCUS
1832 3516 2128 3581 imperator
2162 3516 2436 3569 aeposuus
2472 3516 2593 3567 est,
2636 3516 2831 3573 retain)
2869 3516 2953 3575 cpi
3124 3516 3243 3569 rum
3279 3516 3333 3555 et
3366 3516 3469 3573 cna
3605 3516 3675 3561 aa
3710 3516 3822 3581 ῳ

549 3568 1518 3654 ιριιιδύο.διὀιιιθριεςοιιιξμιλςᾱιμιθιιδξ
1541 3568 1608 3654 ad
1630 3569 1936 3654 exemplum
1959 3571 2292 3654 reliquorum
2317 3516 3178 3654 episcoporumiotharigsco‘isgm
3207 3576 3441 3654 esstant.
3472 3516 3706 3654 Erizam:
3727 3575 3822 3646 qui.

548 3644 672 3701 dem
721 3641 864 3697 inter
910 3636 1196 3712 Kgobardiq
1223 3636 1396 3709 O'pera
1433 3636 1823 3712 vulgatam,_ad
1869 3642 2040 3695 instar
2073 3636 2287 3697 Codicis
2327 3636 2471 3712 u'nici
2500 3636 2557 3696 in
2581 3638 2906 3702 bibliotheca
2937 3640 3102 3712 Regia
3134 3638 3426 3697 Parisiensi
3465 3660 3521 3698 ιι.
3557 3644 3718 3711 2855,
3742 3636 3819 3709 ini,

549 3728 675 3788 saec.
716 3727 793 3779 ix,
827 3708 1159 3783 recognitum
1186 3708 1383 3778 iterum
1406 3708 1635 3777 edimus,
1664 3708 1926 3766 relatione
1960 3713 2336 3783 episcoporum
2363 3727 2429 3768 ex
2453 3711 2727 3769 Sirmondi
2751 3708 3238 3778 Coneiliis'aallle,
3264 3722 3306 3767 t.
3336 3712 3402 3779 li,
3443 3730 3500 3785 p.
3544 3716 3683 3783 θαι,
3706 3708 3823 3788 pro-

548 3784 759 3857 posita.

550 3888 1028 3953 EPISCOPORUM
1064 3892 1153 3946 DE
1194 3880 1825 3974 EXAUCTORATIQNE
1876 3880 2141 3949 HLUDO-
2168 3901 2215 3965 C
2246 3896 2385 3959 bene
2404 3897 2686 3968 agentibus
2717 3910 2815 3968 per
2837 3897 3199 3969 humilitatetn
3246 3899 3400 3965 socii,
3440 3911 3637 3974 contra
3681 3904 3826 3961 delin-

830 3984 988 4051 WiCl
1036 3970 1503 4041 lMPERATORlS
1542 3971 1867 4040 RELATIO.

621 4081 885 4145 Omnibus
912 4080 966 4134 in
1003 4077 1302 4135 christiana
1345 4075 1603 4149 religione
1646 4076 1960 4135 constitutis
1990 4086 2147 4133 seire

550 4175 823 4241 convenit,
859 4172 1016 4243 quale
1040 4171 1109 4226 sit
1135 4168 1498 4241 ministerium
1524 4168 1922 4247 episcoporum,
1948 4169 2147 4239 qualis-

551 4283 657 4343 que
682 4262 957 4337 vigilantia
982 4273 1144 4334 atque
1167 4259 1470 4316 sollicitudo
1490 4260 1569 4315 eis
1590 4260 1735 4315 circa
1763 4258 1991 4315 salutem
2016 4276 2147 4315 cun-

549 4366 762 4421 ctorum
790 4352 1091 4410 adhibenda
1115 4353 1205 4417 sit,
1224 4366 1358 4423 quos
1383 4358 1595 4406 constat
1614 4364 1735 4406 esse
1749 4351 1984 4405 vicarios
1996 4348 2150 4406 Chri-

551 4451 622 4519 sti
662 4457 717 4504 et
761 4447 1058 4519 clavigeros
1102 4444 1253 4516 regni
1293 4438 1593 4503 caelorum:
1635 4444 1829 4513 quibus
1867 4459 1896 4499 a
1929 4444 2146 4500 Christo

548 4553 702 4614 tanta
728 4544 924 4611 collata
950 4550 1032 4598 est
1055 4548 1317 4614 potestas,
1354 4548 1415 4596 ut
1441 4541 1819 4613 quodcumque
1857 4539 2143 4611 ligaverint

549 4656 712 4719 super
751 4646 970 4704 terram,
1000 4620 1069 4693 sit
1092 4635 1315 4707 ligatum
1343 4644 1398 4691 et
1423 4635 1477 4691 in
1498 4636 1665 4699 caelo,
1693 4643 1747 4689 et
1766 4632 2143 4711 quodcumque

550 4733 807 4791 solverint
856 4745 1018 4801 super
1055 4738 1275 4801 terram,
1321 4728 1392 4783 sit
1432 4728 1665 4783 solutum
1697 4736 1750 4781 et
1782 4727 1837 4782 in
1883 4728 2052 4796 caelo.
2080 4728 2144 4784 Et

550 4826 605 4881 in
632 4833 835 4896 quanto
860 4824 968 4880 sint
995 4823 1096 4894 ipsi
1118 4821 1357 4895 periculo
1383 4822 1681 4886 constituti,
1710 4821 1753 4876 si
1777 4822 1969 4877 ovibus
1990 4821 2147 4877 Chri-

548 4917 620 4972 sti
646 4916 901 4989 pabulum
927 4914 1070 4971 vitae
1096 4913 1405 4967 ministrare
1444 4911 1792 4981 neglexerint,
1819 4922 1871 4966 et
1896 4918 2141 4980 errantes

549 5011 618 5067 ad
642 5011 783 5065 viam
811 5008 1057 5063 veritatis
1092 5005 1365 5076 arguendo
1392 5006 1725 5063 obsecrando
1766 5006 2019 5061 reducere
2043 5022 2142 5078 pro

550 5102 755 5157 viribus
784 5116 891 5156 non
928 5096 1251 5159 studuerint,
1283 5097 1431 5151 iuxta
1461 5095 1588 5150 illud
1623 5097 1997 5166 propheticum
2025 5113 2039 5151 :
2081 5095 2141 5152 Si

551 5211 656 5248 non
689 5190 1101 5254 annuntiaueris,
1142 5189 1336 5257 inquit,
1383 5189 1563 5259 iniquo
1599 5189 1925 5258 iniquitatem
1967 5202 2140 5252 suam,

549 5293 598 5347 et
637 5285 744 5355 ipse
780 5284 837 5341 in
869 5282 1131 5354 impietate
1169 5298 1265 5337 sua
1303 5290 1541 5337 mortuus
1581 5279 1779 5351 fuerit,
1832 5280 2141 5350 sanguinem

2250 4000 2510 4064 quentum
2533 4008 2665 4059 vero
2691 3993 2818 4063 vitia
2854 4007 2954 4064 per
2987 3994 3163 4051 zelum
3203 3995 3445 4063 iustitiae
3484 4000 3692 4068 erecti;
3720 4014 3828 4072 qua-

2247 4086 2395 4153 tinus
2420 4085 2732 4156 posthabito
2756 4093 2989 4155 torpore,
3032 4093 3197 4156 atque
3223 4086 3471 4158 segnitie,
3499 4087 3591 4144 vel
3616 4089 3828 4159 humano

2250 4174 2454 4247 favore,
2478 4184 2571 4243 aut
2607 4176 2864 4248 mundiali
2888 4176 3106 4244 timore,
3145 4177 3225 4237 sic
3262 4188 3557 4249 exerceant
3606 4182 3828 4249 ministev

2250 4268 2391 4339 rium
2421 4284 2597 4332 suum,
2628 4277 2689 4329 ut
2721 4275 2777 4322 et
2808 4269 3184 4341 praesentibus
3222 4269 3514 4343 salubriter
3541 4273 3828 4341 consulant,

2250 4368 2306 4414 et
2331 4357 2526 4415 futuris
2552 4359 2661 4415 sint
2692 4360 2996 4431 exemplum
3021 4360 3231 4416 salutis.
3262 4362 3465 4433 Verum
3489 4365 3625 4435 quia
3646 4366 3700 4422 in
3722 4380 3832 4437 agro

2252 4451 2475 4522 Dei.qui
2503 4460 2587 4507 est
2608 4451 2849 4521 Ecclesia
2872 4452 3097 4525 Christi,
3124 4455 3282 4523 noxia
3311 4470 3563 4527 quaeque
3589 4459 3831 4525 instinctu

2252 4542 2423 4625 hostis
2458 4544 2667 4615 antiqui
2712 4545 2979 4616 pullulare
3021 4562 3129 4602 non
3175 4557 3413 4613 cessant,
3455 4565 3604 4621 quae
3632 4566 3833 4609 necesse

2251 4644 2413 4689 estut
2439 4636 2682 4691 adhibito
2719 4638 2935 4692 sarculo
2967 4638 3224 4707 pastorali
3264 4639 3527 4695 radicitus
3576 4643 3833 4717 extirpen-

2250 4734 2355 4794 tur,
2390 4738 2443 4783 et
2472 4736 2693 4798 propter
2720 4729 3011 4795 malevolos
3037 4746 3300 4803 quosque,
3330 4731 3422 4809 qui
3450 4732 3595 4789 bene
3617 4743 3737 4799 acta
3756 4741 3832 4791 ant

2251 4821 2551 4892 intelligere
2575 4820 2785 4888 nolunt,
2812 4830 2903 4876 aut
2926 4821 3188 4881 malevola
3221 4824 3521 4879 intentione
3560 4827 3744 4911 potius
3762 4825 3832 4881 in.

2245 4910 2502 4981 telligere,
2527 4927 2688 4981 quam
2712 4911 2883 4982 ipsam
2902 4912 3183 4969 veritatem
3210 4914 3551 4975 delectantur
3568 4910 3831 4993 amplecti,

2244 5010 2456 5079 oportet
2483 5003 2699 5058 eosdem
2724 5012 2989 5075 pastores,
3026 5011 3087 5058 ut
3109 4999 3565 5081 quandocumque
3596 5008 3663 5071 de
3691 5021 3835 5078 gene-

2245 5092 2345 5147 rali
2396 5094 2668 5161 utilitate,
2710 5090 2793 5149 vel
2832 5096 3043 5166 publica
3084 5097 3415 5152 coercitione
3467 5098 3746 5169 quippiam
3788 5098 3835 5151 in

2243 5188 2601 5246 conventibus
2629 5189 2741 5244 suis
2770 5189 3124 5251 decreverint.
3156 5190 3209 5245 id
3245 5190 3397 5245 iuxta
3433 5206 3645 5246 morem
3673 5191 3833 5247 eccle-

2246 5279 2527 5351 siasticum
2557 5281 2774 5353 scriptis
2798 5283 3175 5345 committant:
3222 5283 3476 5353 videlicet
3515 5293 3575 5347 ut
3612 5282 3837 5365 posteris

551 5380 663 5434 eius
687 5376 750 5431 de
770 5393 932 5431 manu
954 5386 1048 5431 tua
1092 5376 1384 5446 requiram,
1430 5381 1486 5429 et
1523 5373 1692 5431 multa
1720 5372 1804 5439 his
1835 5373 2031 5429 similia
2075 5372 2142 5434 ad
2173 5358 2222 5419 Ι)
2245 5390 2461 5430 onmem
2485 5376 2892 5447 ambiguitatem
2915 5385 2970 5431 et
2991 5378 3334 5437 occasionem
3360 5380 3504 5437 iuste
3525 5358 3839 5449 detrahendi
3942 5368 3943 5415 ἶ

552 5466 923 5540 magisterium
963 5464 1237 5537 pastorale
1274 5466 1599 5545 pertinentia
1621 5507 1634 5529 ,
1670 5479 1808 5535 quae
1848 5464 1903 5519 in
1950 5464 2148 5519 divinis
2250 5466 2332 5520 vel
2362 5467 2787 5547 reprehendendi
2811 5469 3025 5538 penitus
3062 5480 3361 5539 amputem.
3395 5471 3629 5526 Proinde
3654 5480 3836 5527 notum

551 5561 783 5631 sparsim
810 5561 1173 5616 continentur.
1224 5558 1558 5630 Quapropter
1594 5561 1795 5616 eisdem
1836 5561 2144 5630 pastoribus
2247 5570 2368 5613 esse
2393 5559 2759 5615 necessarium
2787 5560 3040 5616 duximus
3066 5556 3317 5617 omnibus
3344 5560 3470 5623 ﬁliis
3500 5571 3729 5623 sanctae
3753 5561 3840 5625 Dei

552 5650 758 5709 Christi
799 5665 1140 5723 summopere
1186 5655 1508 5709 studendum
1556 5662 1659 5721 est,
1706 5663 1764 5708 ut
1789 5670 1918 5725 erga
1964 5660 2143 5717 errata
2247 5653 2546 5718 ecclesiae,
2585 5652 2962 5723 praesentibus
3002 5655 3207 5710 scilicet
3234 5663 3289 5710 et
3338 5654 3553 5719 futuris,
3608 5657 3839 5727 qualiter

552 5744 977 5815 delinquentium
990 5745 1417 5813 moderationem
1435 5748 1879 5811 discretissimam
1900 5754 2137 5813 teneant,

554 5850 613 5897 ut
637 5842 742 5898 sint
784 5841 932 5896 iuxta
972 5840 1114 5895 beati
1161 5839 1405 5912 Gregorii
1445 5844 1723 5897 doctrinae
1757 5844 2139 5899 documentum
2246 5838 2450 5903 sissimi
2485 5838 2726 5906 Lotharii
2762 5839 3104 5915 imperatoris
3137 5839 3440 5911 constituti,
3482 5856 3629 5901 anno
3665 5837 3839 5903 incar-

2247 5761 2347 5801 nos
2374 5745 2611 5817 episcopi
2636 5744 2937 5833 suh[super
2958 5745 3046 5820 3.]
3074 5747 3302 5819 imperio
3328 5747 3533 5804 domini
3558 5755 3615 5809 et
3628 5724 3838 5820 vglorio-
