3992 6344
114 423 379 489 nationis
398 422 615 485 Domini
643 422 763 479 Iesu
796 420 1002 485 Christi
1026 423 1132 483 853
1160 422 1457 483 indictione
1485 424 1574 492 l2,
1602 440 1745 483 anno
1770 430 1824 491 Α

114 517 410 587 siquidem
428 516 672 583 eiusdem
693 515 959 587 principis
982 516 1181 586 primo,
1205 516 1263 577 in
1288 532 1474 575 mense
1498 518 1751 576 videlicet

115 611 382 676 Octobri,
409 609 554 682 apud
576 608 970 681 Compendium
990 610 1253 680 palatium
1277 610 1604 683 generaliter
1619 626 1753 667 con-

114 705 393 763 venimus
412 745 430 771 ,
472 712 527 767 et
560 710 923 765 memoratum
956 703 1260 775 principem
1291 702 1572 763 humiliter
1596 703 1751 760 audi,-

114 798 335 853 vimus.
386 796 459 855 Et
500 795 606 856 hoc
644 794 862 866 quidem
906 794 1006 861 illi,
1044 795 1162 852 sive
1191 794 1545 864 optimatibus
1585 794 1751 861 illius,

116 906 227 949 seu
255 890 417 953 omni
444 887 786 961 generalitati
811 886 996 957 populi
1024 901 1164 958 quae
1187 888 1426 957 undique
1461 886 1589 945 illuc
1622 901 1754 943 con-

116 982 395 1049 ﬂuxerat,
431 980 783 1041 manifestare
808 979 957 1034 iuxta
984 979 1287 1037 iniunctum
1328 980 1485 1037 nobis
1508 980 1755 1039 ministe-

118 1074 279 1129 rium
306 1072 649 1137 curavimus,
680 1070 860 1141 qualis
885 1070 957 1126 sit
979 1070 1134 1142 vigor
1162 1062 1217 1127 et
1241 1077 1484 1140 potestas
1513 1070 1628 1126 sive
1653 1070 1756 1125 mi-

118 1164 434 1227 nisterium
488 1162 855 1227 sacerdotale,
905 1170 960 1217 et
1002 1163 1149 1233 quali
1192 1170 1468 1227 mereatur
1505 1162 1755 1225 damnari

120 1256 441 1322 sententia,
473 1255 564 1325 qui
603 1254 826 1319 monitis
864 1253 1291 1313 sacerdotalibus
1323 1256 1544 1315 obedire
1568 1257 1757 1317 nolue-

120 1351 222 1406 rit.
252 1348 472 1405 Deinde
498 1356 608 1413 tam
639 1356 940 1407 memorato
966 1348 1195 1419 principi
1225 1364 1388 1418 quam
1414 1356 1612 1405 cuncto
1637 1350 1756 1405 eius

121 1442 340 1517 populo
372 1440 699 1507 denuntiare
721 1440 1047 1507 studuimus,
1072 1448 1131 1494 ut
1155 1440 1386 1503 Domino
1407 1440 1757 1497 dcvotissime

123 1537 362 1607 placere
391 1534 694 1598 studerent,
724 1540 779 1587 et
808 1532 863 1587 in
890 1533 1088 1603 quibus
1118 1547 1243 1588 eum
1278 1531 1613 1589 offenderant
1642 1532 1757 1603 pla-

129 1644 269 1687 care
292 1645 411 1695 non
439 1626 744 1693 «ἥσω-τω.
793 1626 1115 1685 Examinata
1160 1627 1359 1697 quippe
1397 1635 1524 1685 sunt
1563 1626 1751 1691 multti,

131 1736 282 1795 quae
323 1734 428 1792 per
452 1719 839 1791 negligentiam
881 1720 937 1781 in
966 1720 1069 1776 hoc
1106 1719 1337 1790 imperio
1375 1721 1753 1791 contigerunt,

133 1829 280 1887 quae
322 1812 397 1873 ad
423 1813 744 1877 scandalum
772 1814 1058 1877 ecclesiae,
1095 1821 1151 1871 et
1190 1814 1402 1871 ruinam
1441 1813 1640 1885 populi,
1675 1813 1759 1869 vel
1788 1817 1836 1880 Β

134 1909 295 1980 regni
326 1906 616 1963 interitum
647 1904 954 1962 manifestis
980 1906 1197 1962 indiciis
1217 1907 1588 1976 pertinebant:
1621 1919 1762 1976 quae

136 2016 374 2063 necesse
400 2009 523 2065 erat
552 2009 611 2061 ut
637 2001 749 2063 cito
774 2002 1199 2073 corrigerentur,
1248 2008 1303 2061 et
1330 2001 1389 2056 in
1431 2000 1615 2063 futuro
1640 2015 1760 2059 om-

137 2097 305 2157 nibus
354 2093 541 2155 modis
566 2094 889 2155 vitarentur.
931 2093 1076 2149 inter
1108 2102 1288 2153 cetera
1324 2094 1488 2153 etiam
1526 2106 1764 2148 comme-

142 2194 423 2245 moratum
463 2194 551 2247 est
576 2202 607 2240 a
642 2186 822 2250 nobis,
865 2193 920 2247 et
950 2185 1205 2245 omnibus
1238 2186 1306 2245 ad
1330 2185 1649 2247 memoriam
1679 2199 1766 2243 re—

147 2280 394 2348 ductum,
425 2279 666 2350 qualiter
691 2279 833 2337 Deus
862 2293 1091 2348 regnum
1127 2278 1273 2341 istud
1298 2293 1397 2347 per
1417 2276 1767 2333 administra-

152 2373 353 2429 tionem
382 2373 567 2429 bonae
590 2371 891 2429 memoriae
911 2369 988 2425 Ka
997 2370 1093 2425 roli
1117 2368 1570 2440 praestantissimi
1597 2369 1767 2440 impe-

158 2468 386 2532 ratoris,
445 2474 503 2525 et
554 2481 654 2535 per
696 2465 1177 2536 praedecessorum
1228 2476 1451 2521 suorum
1486 2462 1763 2528 laborem,

151 2563 442 2634 paciﬁcum
468 2570 527 2619 et
548 2561 767 2619 unitum
794 2567 956 2630 atque
985 2559 1241 2616 nobiliter
1266 2558 1554 2615 dilatatam
1581 2555 1765 2621 fuerit,

152 2664 206 2712 et
232 2655 476 2713 Domino
499 2653 794 2713 Ludewico
819 2653 1134 2723 imperatori
1168 2668 1207 2708 ‘a
1238 2651 1352 2708 Deo
1376 2652 1444 2706 ad
1472 2651 1767 2722 regendum

152 2750 254 2805 sub
279 2763 486 2821 magna
512 2760 649 2818 pace
670 2747 1044 2811 commissum,
1087 2746 1424 2815 Dominoque
1452 2751 1770 2815 protegente

151 2844 255 2899 sub
286 2842 487 2896 eadem
509 2856 665 2910 pace,
696 2840 955 2909 quamdiu
978 2839 1122 2895 idem
1149 2838 1401 2909 princeps
1430 2838 1541 2893 Deo
1563 2836 1771 2893 studuit

154 2941 214 2990 et
232 2932 490 3004 paternis
512 2932 774 3002 exemplis
797 2932 897 2997 uti,
936 2946 1003 2986 ac
1027 2932 1305 3005 bonorum.
1332 2931 1613 2986 hominum
1640 2945 1771 2985 con-

164 3026 315 3083 siliis
345 3026 679 3096 acquiescere
701 3026 935 3091 curavit,
967 3034 1348 3081 conservatum
1385 3024 1679 3079 manserit:
1717 3031 1772 3078 et

172 3118 454 3189 quomodo
477 3119 531 3174 in
551 3133 802 3188 processu
829 3119 1110 3188 temporis,
1141 3119 1283 3173 sicut
1314 3117 1566 3173 omnibus
1596 3118 1771 3171 mani,

162 3211 377 3268 festum
405 3219 550 3276 erat,
587 3227 682 3282 per
704 3212 825 3267 eius
870 3211 1345 3282 improvidentiam
1380 3212 1463 3267 vel
1498 3211 1773 3284 negligen-
1797 3206 1846 3271 Ο

163 3307 325 3372 tiam,
353 3306 409 3360 in
438 3313 645 3360 tantam
671 3305 884 3369 venerit
908 3306 1263 3376 ignominiam
1296 3312 1351 3360 et
1377 3304 1640 3360 vilitatem
1660 3345 1676 3371 ,
1713 3313 1775 3359 ut

158 3414 271 3455 non
296 3397 479 3455 solum
506 3397 701 3453 amicis
724 3398 780 3462 in
814 3397 1174 3462 moestitiam,
1217 3396 1311 3452 sed
1345 3397 1511 3452 etiam
1539 3395 1776 3451 inimicis

157 3493 378 3550 venerit
404 3493 463 3549 in
487 3491 839 3548 derisionem.
882 3491 990 3547 Sed
1015 3492 1141 3562 quia
1170 3492 1313 3547 idem
1337 3492 1590 3562 princeps
1616 3489 1778 3545 minis-

158 3585 394 3642 sterium
438 3584 545 3640 sibi
573 3584 928 3639 commissum
959 3584 1294 3656 negligenter
1329 3583 1672 3647 tractaverit,
1722 3590 1779 3637 et

159 3676 359 3739 multa,
383 3689 529 3746 quae
559 3676 672 3731 Deo
693 3684 749 3730 et
774 3675 1085 3731 hominibus
1107 3675 1484 3745 displicebant,
1510 3683 1563 3729 et
1586 3674 1778 3729 fecerit

157 3776 218 3825 et
250 3768 440 3826 honre
470 3767 816 3838 compulerit,
847 3767 933 3822 vel
958 3767 1075 3824 ﬁeri
1103 3768 1432 3838 permiserit,
1474 3775 1528 3822 et
1558 3766 1615 3821 in
1641 3764 1780 3820 mul-

158 3861 235 3916 tis
266 3858 531 3917 nefandis
567 3859 814 3916 consiliis
860 3858 1031 3915 Deam
1078 3860 1375 3915 irritaverit
1422 3867 1476 3914 et
1531 3862 1777 3913 sanctam

158 3951 462 4007 ecclesiam
500 3950 988 4007 scandalizaverit:
1029 3958 1085 4007 et
1122 3959 1184 4006 ut
1225 3952 1404 4007 cetera
1446 3966 1586 4021 quae
1620 3951 1780 4007 innu-

160 4058 321 4103 mera
352 4051 484 4099 sunt
522 4044 870 4108 omittamus,
922 4044 1216 4101 novissime
1258 4059 1476 4100 omnem
1521 4047 1778 4116 populum

161 4137 272 4193 sibi
313 4137 627 4195 subiectum
670 4137 741 4195 ad
764 4137 1074 4207 generalem
1101 4137 1382 4193 interitum
1412 4139 1775 4204 contraxerit,

160 4242 223 4288 et
248 4233 321 4287 ab
347 4247 415 4289 eo
445 4230 631 4287 divino
658 4231 911 4302 iustoque
946 4231 1147 4293 iudim’o
1181 4231 1363 4287 subito
1392 4229 1684 4302 imperialis
1710 4233 1782 4287 sit

162 4326 458 4381 subtracta
498 4331 767 4395 potestas.
809 4323 918 4379 Nos
956 4330 1139 4387 tamen
1178 4337 1446 4379 memores
1464 4334 1783 4394 praecepto-

164 4435 297 4474 rum
335 4417 456 4481 Dei,
499 4418 893 4488 ministeriique
939 4418 1141 4483 nostri,
1190 4427 1353 4489 atque
1392 4419 1781 4474 beneficiorum

162 4511 311 4573 eius,
340 4508 573 4578 dignum
596 4509 870 4575 duximus,
923 4517 983 4567 ut
1023 4524 1122 4579 per
1170 4510 1449 4571 licentiam
1494 4511 1779 4565 memorati

162 4603 443 4676 principis
464 4602 711 4658 Lotharii
742 4602 1069 4674 legationem
1094 4602 1165 4659 ad
1190 4603 1339 4658 illum
1364 4616 1431 4658 ex
1456 4603 1780 4662 auctoritate
1806 4585 1859 4646 Ι)

165 4700 317 4753 sacri
345 4705 651 4752 conventus
684 4697 1044 4761 mitteremus,
1077 4710 1216 4767 quae
1243 4712 1368 4752 eum
1414 4697 1480 4752 de
1517 4697 1631 4751 suis
1657 4710 1780 4753 reae

164 4794 324 4849 tibus
351 4791 663 4856 arhnoneat,
687 4798 957 4860 quatenus
986 4798 1193 4847 certum
1229 4790 1513 4846 consilium
1540 4806 1674 4846 suae
1697 4806 1783 4847 sa~

164 4884 307 4939 lutis
335 4890 580 4953 caperet,
606 4888 668 4937 ut
686 4881 813 4952 quia
838 4888 1111 4952 potestate
1132 4882 1381 4952 privatus
1401 4889 1521 4935 erat
1544 4889 1779 4947 terrena,

166 4977 335 5032 iuxta
361 4972 606 5029 divinum
633 4972 923 5029 consilium
940 4980 996 5028 et
1028 4971 1453 5028 ecclesiasticam
1486 4971 1784 5026 auctorita-

165 5076 311 5130 tem,
344 5079 417 5121 ne
438 5080 595 5120 suam
622 5062 940 5138 [secundam
971 5062 1061 5136 8.]
1090 5065 1327 5118 animam
1362 5064 1641 5134 perderet,
1676 5063 1787 5119 cla-

168 5159 380 5214 honre
432 5156 489 5211 in
538 5156 800 5211 extremis
844 5156 1055 5227 positus
1102 5157 1231 5211 totis
1267 5156 1477 5211 viribus
1520 5156 1784 5211 studeret.

168 5248 428 5317 Quorum
469 5246 773 5320 legatorum
808 5248 1052 5306 consiliis
1083 5255 1140 5303 et
1182 5248 1557 5304 saluberrimis
1601 5247 1788 5302 admo-

170 5340 486 5397 nitionibus
516 5340 749 5397 libenter
771 5354 1056 5397 assensum
1084 5341 1367 5412 praebuit,
1413 5341 1648 5410 spatium
1693 5356 1790 5410 po-

170 5434 381 5507 poscit,
412 5433 665 5506 diemque
700 5434 1004 5499 constituit,
1037 5449 1144 5507 qua
1169 5434 1235 5491 de
1266 5433 1573 5490 salubribus
1599 5448 1787 5490 eorum

172 5526 411 5582 monitis
438 5533 649 5582 certum
680 5528 761 5582 eis
789 5542 1107 5598 responsum
1148 5524 1416 5581 redderet.
1449 5524 1583 5581 Cum
1611 5534 1790 5580 autem

172 5617 593 5690 suprascriptus
638 5614 867 5677 instaret
906 5616 1055 5685 dies,
1105 5634 1261 5673 sacer
1308 5618 1448 5675 idem
1493 5627 1792 5675 conventus

175 5712 519 5770 unanimiter
555 5713 621 5769 ad
665 5714 896 5770 eundem
932 5713 1294 5770 venerabilem
1326 5713 1502 5769 virum
1533 5713 1789 5784 perrexit,

138 5810 143 5815 ’
178 5818 423 5878 eumque
444 5804 733 5879 diligenter
758 5807 823 5864 de
849 5807 1044 5878 quibus
1072 5807 1245 5862 Deum
1269 5805 1569 5862 offenderat
1594 5814 1649 5862 et
1674 5822 1794 5863 san-

179 5894 336 5955 ctam
380 5895 669 5954 ecclesiam
719 5898 1180 5956 scandalizaverat
1201 5940 1217 5966 ,
1275 5913 1340 5953 ac
1386 5899 1646 5969 populum
1689 5900 1793 5956 sibi

466 300 699 364 CODEX
736 301 1266 373 DIPLOMATIGUS.
1289 333 1364 350 -ι
1383 302 1710 367 ιυιδονιίιι
1732 304 1759 366 Ι
1781 305 1874 366 I’l‘
1908 305 2239 368 LOTHABII
2272 309 2964 372 GAPITULARIA.—AN.
3007 317 3131 375 853.

3347 315 3457 378 ϐω

1850 426 2201 483 commissum
2228 430 2663 498 perturbaverat,
2696 432 3009 501 admonere,
3042 444 3098 491 et
3140 443 3334 494 cuneta
3376 437 3458 496 illi

1855 517 1924 573 ad
1958 518 2278 577 memoriam
2307 521 2562 577 reducere
2588 524 2820 579 curavit.
2850 525 2943 580 Ille
2970 541 3100 583 vero
3144 543 3333 585 eorum
3369 544 3460 587 ss-

1853 606 2127 675 lutiferam
2148 611 2596 681 admonitionem,
2617 624 2673 671 et
2692 615 2911 689 dignam
2937 635 3343 694 oongmamque
3362 637 3461 680 ex-

1853 703 2253 774 aggerationem
2284 705 2513 763 libenter
2531 709 2883 780 amplecteus,
2908 713 3159 783 promisit
3182 729 3242 770 se
3263 714 3321 770 in
3346 729 3461 772 om-

1855 794 2014 855 nibus
2058 795 2165 852 illis
2193 798 2571 867 acquieturum
2597 801 2822 858 salutari
2851 804 3098 872 consilio,
3146 814 3203 860 et
3246 807 3462 865 subitu-

1854 888 2298 973 rum_remedipie
2326 890 2604 953 iudicium.
2634 893 2804 951 Porro
2840 895 2909 950 de
2937 905 3083 952 tanta
3113 896 3319 955 salubri
3356 899 3460 955 ad-

1854 982 2153 1035 monitione
2182 982 2390 1050 hilaris,
2425 984 2569 1041 illico
2593 986 2849 1045 dilectum
2880 990 3049 1046 ﬁlium
3075 1007 3233 1048 suum
3253 992 3462 1050 Letha-

1855 1074 1996 1129 rium
2036 1084 2321 1147 augustum
2362 1076 2739 1139 sibifestinato
2771 1080 3063 1139 affuturum
3098 1086 3454 1155 supplicavit,

1856 1174 1916 1221 ut
1940 1166 2047 1231 ille,
2092 1168 2265 1238 ruptis
2285 1170 2619 1239 quibuslibet
2645 1174 2893 1240 merulis,
2937 1192 3061 1233 cum
3108 1178 3223 1234 suis
3256 1179 3462 1249 prima-

1858 1257 2002 1315 tibus
2039 1258 2267 1324 veniret,
2303 1262 2559 1331 quatinus
2588 1264 2825 1333 primum
2865 1267 3008 1325 inter
3039 1283 3134 1325 eos
3163 1278 3348 1328 mutua
3374 1287 3464 1327 re-

1857 1349 2164 1411 conciliatio
2207 1353 2504 1409 secundum
2554 1354 2911 1417 christianam
2947 1361 3251 1417 doctrinam
3282 1360 3460 1430 ﬁeret,

1858 1449 1918 1495 ut
1960 1442 2004 1499 si
2052 1442 2180 1513 quid
2219 1443 2273 1499 in
2309 1445 2566 1502 cordibus
2603 1462 2795 1504 eorum
2843 1452 2996 1506 naevi
3019 1460 3115 1509 aut
3162 1454 3465 1512 discordiae

1862 1532 2055 1598 inerat,
2096 1549 2231 1604 pura
2266 1535 2596 1609 humilisque
2638 1540 2931 1610 postulatio
2975 1544 3164 1600 veniae
3198 1546 3462 1616 expiaret,

1859 1642 1925 1681 ac
1953 1626 2147 1687 deinde
2173 1644 2358 1689 coram
2384 1632 2533 1686 omni
2556 1633 2903 1693 multitudine
2926 1637 3186 1697 iudicium
3214 1642 3467 1695 sacerdo-

1858 1721 1968 1777 tale
1992 1737 2143 1778 more
2168 1725 2494 1793 paenitentis
2523 1727 2843 1797 susciperet,
2873 1730 3020 1799 quod
3055 1739 3113 1784 et
3148 1746 3260 1790 non
3294 1730 3469 1788 multo

1861 1822 1985 1883 post
2013 1813 2216 1875 factum
2240 1823 2343 1873 est.
2386 1817 2618 1873 Veniens
2656 1819 2823 1891 igitur
2856 1821 2998 1883 idem
3022 1823 3274 1881 dominus
3297 1824 3470 1881 Lede-

1862 1907 2032 1965 wicus
2057 1907 2112 1970 in
2138 1908 2418 1971 basilicam
2445 1919 2665 1967 sanctae
2690 1911 2785 1967 Dei
2807 1914 3101 1984 genetricis
3125 1915 3348 1982 Mariae,
3373 1916 3469 1975 ubi

1862 2006 2175 2061 sanctorum
2224 2015 2452 2071 corpora
2522 2004 2867 2077 requiescunt
2926 2005 3166 2068 Medardi
3212 2007 3468 2067 videlicet

1863 2090 2193 2157 confessoris
2210 2093 2415 2151 Christi
2429 2104 2592 2169 atque
2613 2098 2910 2169 pontificis,
2929 2115 3140 2161 necnon
3159 2100 3468 2160 Sebastiani

1862 2187 2319 2256 praestantissimi
2367 2191 2628 2261 martyris
2651 2232 2666 2255 ,
2718 2191 3062 2255 adstantibus
3107 2196 3473 2267 presbyteris,

1865 2280 2215 2347 diacOnibus,
2263 2290 2319 2337 et
2362 2297 2470 2339 non
2514 2298 2683 2353 parva
2728 2285 3076 2345 multitudine
3106 2286 3467 2352 clericorum,

1864 2382 2151 2442 praesente
2177 2373 2341 2428 etiam
2364 2373 2611 2443 praefato
2646 2375 2867 2431 domino
2901 2376 3161 2434 Lotbario
3192 2376 3304 2440 ﬁlio
3328 2378 3467 2444 eius,

1863 2463 2090 2535 eiusque
2110 2465 2451 2535 proceribus,
2489 2475 2655 2536 atque
2680 2468 2847 2527 totius
2866 2464 3068 2541 'populi
3091 2471 3465 2541 generalitate,

1867 2565 2133 2627 quotquot
2158 2557 2415 2619 videlicet
2436 2558 2578 2621 intra
2603 2560 2687 2616 sui
2710 2569 2924 2633 septum
2960 2563 3151 2621 eadem
3189 2564 3475 2623 continere

1867 2650 2045 2720 potuit
2066 2650 2315 2714 ecclesia,
2346 2659 2400 2705 et
2421 2662 2728 2723 prostratus
2747 2653 2806 2709 in
2827 2662 3028 2711 terram
3050 2668 3213 2725 super
3234 2654 3475 2719 cilicium

1869 2751 1997 2798 ante
2019 2752 2429 2809 sacrosanctum
2456 2745 2647 2811 altare,
2672 2746 2963 2803 confessus
2977 2756 3063 2804 est
3086 2763 3271 2805 coram
3294 2749 3474 2811 omni-

1869 2836 1973 2890 bus
1998 2835 2361 2899 ministerium
2386 2836 2493 2899 sibi
2531 2839 2883 2894 commissum
2927 2840 3062 2894 satis
3102 2840 3321 2911 indigne
3360 2850 3477 2897 tra-

1872 2932 2066 2991 ctasse,
2095 2934 2149 2982 et
2172 2927 2227 2989 in
2256 2942 2321 2983 eo
2342 2927 2531 2989 multis
2553 2929 2729 2989 modis
2752 2929 2922 2991 Deum
2944 2928 3261 3001 oifendisse,
3301 2942 3357 2989 et
3383 2948 3474 2989 cc-

1872 3017 2093 3073 clesiam
2116 3017 2321 3079 Christi
2351 3021 2768 3088 scandalizasse,
2791 3022 3159 3094 populumque
3187 3038 3286 3095 per
3321 3039 3479 3082 suam

1875 3111 2258 3183 negligentiam
2284 3111 2578 3171 multifarie
2602 3113 2656 3169 in
2678 3116 3143 3184 perturbationem
3172 3117 3475 3175 induxisse.

1876 3202 1944 3257 Et
1970 3204 2091 3259 ideo
2120 3205 2189 3259 ob
2219 3214 2495 3261 tantorum
2535 3215 2783 3269 reatuum
2812 3209 3181 3283 expiationem
3203 3212 3479 3282 publicam

1877 3302 1932 3351 et
1953 3294 2378 3359 ecclesiasticam
2401 3314 2459 3353 se
2481 3308 2734 3369 expetere
2756 3300 2892 3357 velle
2910 3300 3048 3356 dixit
3067 3303 3477 3374 poenitentiam,

1878 3405 1985 3459 quo
2036 3389 2331 3446 miserante
2383 3391 2611 3449 Domino
2650 3408 2748 3463 per
2791 3408 2982 3449 eorum
3026 3394 3388 3451 ministerium
3425 3402 3479 3450 et

1879 3486 2206 3541 adiutorium
2233 3489 2514 3558 percipere
2537 3498 2840 3569 mereretur
2873 3489 3265 3545 absolutionem
3303 3497 3481 3549 tanto-

1878 3598 1998 3635 rum
2023 3582 2333 3645 criminum,
2362 3583 2564 3654 quibus
2585 3584 2728 3641 Dcus
2751 3584 2952 3654 ligandi
2973 3599 3038 3639 ac
3064 3583 3305 3639 solvendi
3329 3582 3479 3643 initt-

1877 3673 2014 3730 lerat
2035 3684 2379 3747 potestatem.
2398 3674 2571 3744 Quem
2597 3677 2762 3735 etiam
2785 3676 2951 3737 iidem
2970 3675 3271 3747 pontiﬁces,
3298 3681 3487 3744 utpote

1879 3763 2075 3827 medici,
2100 3758 2392 3836 spiritales,
2425 3766 2715 3825 salubriter
2737 3765 3155 3831 admonuerunt,
3178 3771 3489 3825 asserentes

1879 3857 1927 3912 ei
1952 3858 2093 3932 quod
2123 3874 2311 3927 puram
2338 3866 2391 3912 et
2417 3856 3136 3927 simpliccm'confessioncm
3164 3866 3486 3925 sequeretur

1877 3964 2005 4004 vera
2029 3950 2278 4005 remissio
2301 3958 2673 4020 peccatorum,
2714 3957 2771 4004 ut
2798 3958 2984 4019 aperte
3013 3948 3366 4004 conﬁteretur
3389 3962 3480 4005 er-

1880 4048 1995 4095 rata
2022 4056 2118 4095 sua
2147 4039 2203 4094 in
2230 4041 2426 4113 quibus
2452 4039 2688 4094 maxime
2718 4054 2776 4094 se
2806 4039 2975 4097 Deum
3002 4036 3291 4097 offendisse
3318 4034 3484 4106 proli-

1880 4131 2118 4196 tebatur,
2145 4146 2212 4193 ne
2240 4126 2380 4186 forte
2414 4130 2644 4191 interius
2678 4128 2883 4199 aliquid
2906 4135 3129 4198 tegeret,
3152 4135 3246 4187 aut
3270 4126 3326 4183 in
3352 4141 3483 4183 con-

1882 4231 2068 4293 spectu
2096 4220 2191 4278 Dei
2222 4220 2497 4295 quippiam
2524 4220 2707 4281 dolose
2733 4228 2937 4293 ageret.
2971 4220 3114 4277 sicut
3135 4219 3244 4277 iam
3271 4218 3481 4291 pridem

1829 4392 1840 4405 .
1883 4318 1936 4372 in
1956 4315 2286 4386 Compendiu
2309 4315 2509 4389 palatio
2522 4319 2590 4371 ab
2608 4316 2713 4373 alio
2738 4330 2894 4371 sacro
2914 4320 3182 4371 conventu
3203 4320 3486 4382 correptus

1883 4426 2067 4466 coram
2114 4409 2261 4467 omni
2310 4408 2541 4464 ecclesia
2590 4423 2715 4463 eum
2758 4407 2953 4471 fecisse
2995 4405 3249 4465 omnibus
3295 4412 3486 4461 notum

1885 4517 2024 4572 erat,
2053 4520 2122 4558 ne
2148 4504 2287 4561 sicut
2320 4512 2466 4567 tunc,
2497 4501 2572 4557 ita
2597 4509 2652 4558 et
2678 4517 2822 4563 nunc
2867 4516 2965 4572 per
3003 4497 3405 4559 simulationem
3431 4503 3487 4553 et

1885 4596 2238 4652 calliditatem
2270 4592 2469 4666 duplici
2513 4594 2582 4648 ad
2628 4592 2797 4648 Deum
2845 4591 3010 4653 corde
3034 4587 3373 4652 accedendo,
3419 4584 3489 4643 ad

1885 4688 2022 4742 iram
2066 4688 2249 4759 potius
2298 4703 2457 4759 quam
2502 4686 2568 4740 ad
2615 4684 2826 4738 veniam
2874 4698 3095 4739 suorum
3137 4687 3487 4751 peccatorum

1884 4791 2240 4850 provocat-et:
2280 4780 2536 4851 quoniam
2566 4778 2834 4847 scriptura
2868 4784 3120 4839 testante,
3152 4770 3489 4837 simulator-cs

1884 4883 1933 4927 et
1960 4872 2141 4927 callidi
2164 4881 2444 4943 provocant
2465 4870 2605 4924 iram
2639 4868 2757 4922 Dei.
2800 4867 3001 4922 Verum
3026 4872 3150 4935 post
3175 4860 3487 4919 huiusmodi

1889 4969 2312 5029 admonitionem
2348 4964 2627 5039 professus
2654 4973 2757 5030 est,
2788 4980 2845 5020 se
2875 4964 2930 5017 in
2951 4961 3204 5017 omnibus
3229 4958 3297 5014 iis
3324 4972 3487 5029 prae-

1890 5061 2047 5135 cipue
2073 5060 2382 5130 deliquisse,
2414 5055 2557 5119 unde
2580 5073 2610 5111 a
2635 5055 2949 5110 memoratis
2973 5050 3345 5109 sacerdotibus
3366 5046 3488 5104 fue-

1894 5161 1977 5207 rat
2006 5151 2366 5215 familiaritcr,
2393 5150 2506 5204 sive
2540 5148 2717 5203 verbis
2740 5147 2852 5201 sive
2886 5144 3120 5215 scriptis,
3155 5142 3485 5207 admonitus,

1889 5254 1944 5300 et
1970 5244 2131 5316 digna
2158 5242 2525 5313 increpatione
2562 5248 2871 5312 correptus;
2914 5253 3076 5310 super
3099 5237 3298 5309 quibus
3326 5236 3490 5293 char-

1892 5336 2060 5390 tulam
2090 5350 2358 5391 summam
2388 5342 2637 5389 reatuum
2662 5348 2906 5403 suorum,
2936 5333 3077 5386 unde
3105 5327 3255 5385 illum
3282 5328 3493 5403 specia-

1892 5430 2019 5485 liter
2064 5426 2476 5500 rcdarguerent,
2520 5426 2886 5481 continentem
2916 5426 2965 5479 ei
2997 5425 3283 5491 dederunt,
3328 5439 3493 5495 quam

1894 5522 1985 5577 ille
2011 5520 2067 5577 in
2095 5516 2348 5579 manibus
2369 5517 2636 5590 gestabat.

1967 5614 2017 5669 l.
2046 5610 2308 5670 Videlicet
2337 5611 2478 5666 sicut
2502 5610 2557 5664 in
2586 5610 2773 5665 eadem
2800 5608 3044 5665 chartula
3078 5608 3292 5683 plenius
3314 5607 3494 5667 conti-

1895 5717 2077 5773 netur,
2100 5714 2311 5761 reatum
2343 5701 2609 5773 sacrilegii
2650 5700 2979 5760 incurrendo
3000 5714 3055 5760 et
3084 5702 3400 5771 homicidii,
3428 5714 3496 5759 es

1895 5802 2038 5872 quod
2059 5809 2340 5871 paternam
2365 5794 2789 5853 admonitionem
2816 5805 2871 5853 et
2893 5798 3190 5853 terribilem
3222 5802 3491 5853 contesta-

1898 5900 2098 5956 tionem
2128 5898 2230 5954 sub
2253 5894 2436 5952 divina
2456 5892 2799 5950 invocatione
2823 5900 2951 5950 ante
2969 5900 3219 5950 sanctum
3241 5892 3413 5947 altare
3437 5889 3491 5944 in
