3992 6344
532 263 634 325 665
1453 275 1515 331 Β.
1558 275 1811 335 CAROLI
1848 275 2065 335 MAGNI
2101 288 2107 324 ι

2215 277 2252 332 ⁵.
2293 276 2475 336 PARS
2509 281 2548 336 Ι.
2593 280 2790 339 SECT.
2829 281 2873 340 Ι.
3738 288 3838 347 664

528 397 836 456 praesentia
862 391 1205 446 sacerdotum
1233 400 1288 447 et
1316 392 1550 448 maxima
1572 397 1754 466 populi
1778 396 2123 452 multitudine
2148 400 2206 459 Α
2298 395 2352 449 6.
2387 396 2464 451 De
2491 397 2722 454 diversis
2771 401 3240 470 expeditionibus,
3285 417 3424 474 quas
3462 403 3519 459 in
3543 418 3715 476 regno
3738 407 3831 464 sibi

527 478 633 534 sibi
660 478 859 537 factam
884 485 1182 538 secundum
1220 499 1372 539 suam
1408 487 1829 555 promissionem
1855 503 1966 545 non
1994 504 2107 545 coni

2236 486 2528 542 commisso
2553 503 2661 543 non
2689 487 2863 545 solum
2889 489 3178 558 inutiliter,
3228 493 3323 549 sed
3351 494 3517 549 etiam
3542 495 3706 551 noxie
3727 497 3833 553 sine

525 575 857 638 servaverit;
900 590 967 631 eo
987 576 1131 647 quod
1162 575 1427 635 fratribus
1469 589 1524 635 et
1562 583 1880 653 propinquis
1916 584 2128 640 violen-
2235 579 2464 635 consilio
2486 590 2539 635 et
2565 581 2801 638 utilitate
2824 580 2974 652 fecit,
3003 584 3059 639 in
3083 586 3281 656 quibus
3304 586 3568 641 nimirum
3590 587 3759 644 multa
3783 601 3832 647 et

524 668 659 723 tiam
682 668 944 734 intulerit,
975 676 1031 723 et
1054 677 1307 741 nepotem
1333 688 1512 740 suum,
1557 689 1718 744 quem
1745 677 1861 746 ipse
1897 676 2131 735 liberare

521 768 801 831 potuerat,
824 762 1134 818 interficere
1173 766 1514 834 permiserit;
1559 776 1611 823 et
1660 769 1801 838 quod
1842 771 2131 829 immemor

520 855 634 910 voti
661 856 767 922 sui,
795 857 1011 929 signum
1043 871 1265 918 sanetae
1288 865 1564 937 religionis
1586 876 1808 937 propter
1829 869 2127 926 vindictam

520 962 653 1005 suae
673 950 1063 1023 indignationis
1091 954 1208 1011 ﬁeri
1233 968 1420 1028 postea
1450 959 1692 1015 iusserit.

589 1044 647 1100 2.
675 1044 834 1115 Quod
874 1056 1067 1105 auctor
1095 1053 1334 1109 scandali
1376 1063 1433 1111 et
1476 1060 1823 1126 perturbator
1865 1063 2018 1132 pacis
2062 1080 2127 1120 ac

517 1136 751 1197 violator
768 1150 1237 1200 sacramentorum
1258 1146 1556 1215 existendo,
1581 1159 1822 1219 paetum,
1840 1154 1985 1223 quod
2007 1170 2131 1225 pro-

515 1245 640 1307 pter
684 1253 876 1308 pacem
929 1248 984 1296 et
1029 1242 1448 1300 unanimitatem
1497 1246 1711 1318 imperii
1756 1250 2126 1322 ecclesiaeque

516 1330 951 1399 tranquilitatem
987 1336 1265 1396 communi
1287 1322 1515 1394 consilio
1536 1346 1591 1394 et
1612 1356 1882 1398 consensu
1908 1352 2129 1400 cuncto-

515 1434 639 1480 rum
672 1421 913 1479 ﬁdelium
940 1441 1162 1483 suorum
1191 1427 1368 1484 fuerat
1402 1432 1545 1487 inter
1572 1434 1712 1490 ﬁlios
1742 1452 1870 1492 suos
1899 1436 2120 1504 factum,

517 1519 572 1566 et
593 1526 694 1582 per
719 1525 1122 1573 sacramentum
1160 1521 1560 1592 confirmatum,
1593 1543 1756 1598 super
1793 1530 1984 1587 illicita
2024 1549 2123 1603 po-

516 1614 718 1664 testate
747 1613 1088 1680 corruperit;
1124 1622 1179 1668 et
1206 1614 1261 1669 in
1288 1632 1354 1672 eo
1381 1621 1525 1688 quod
1549 1620 1736 1678 ﬁdeles
1760 1640 1887 1681 suos
1906 1625 1963 1681 in
1990 1642 2122 1681 con-

480 1694 855 1759 'trarietatem
893 1706 1135 1762 eiusdem
1164 1709 1323 1778 primi
1354 1713 1500 1781 pacti
1546 1723 1601 1769 et
1642 1717 1933 1774 iuramenti
1975 1720 2120 1777 aliud

472 1780 492 1847 ‘7
513 1804 915 1851 sacramentum
947 1799 1129 1855 iurare
1153 1804 1497 1872 compulerit,
1540 1806 1596 1860 in
1635 1808 1859 1877 periurii
1908 1822 2116 1867 reatum

512 1896 918 1957 praestatorum
965 1890 1259 1950 violatione
1303 1907 1772 1955 sacramentorum
1824 1902 2113 1959 inciderit:

512 1987 567 2035 et
592 1991 860 2050 quantum
882 1983 987 2040 hoc
1014 1984 1125 2040 Deo
1155 1987 1509 2057 displicuerit,
1540 1992 1747 2063 liquido
1776 1994 1964 2062 claret,
1991 1997 2118 2066 quia

506 2082 698 2144 postea
737 2090 838 2132 nec
883 2077 999 2147 ipse
1040 2094 1142 2136 nec
1182 2083 1413 2153 populus
1454 2085 1558 2142 sibi
1605 2089 1883 2145 subiectus
1925 2107 2115 2161 pacem

508 2164 714 2222 habere
740 2169 961 2236 meruit,
994 2172 1091 2227 sed
1130 2188 1321 2230 omnes
1357 2175 1411 2230 in
1450 2180 1939 2248 perturbationem,
1991 2200 2118 2254 poe-

505 2272 635 2312 nam
668 2261 879 2328 peccati
905 2263 1241 2331 sustinendo,
1276 2265 1422 2323 iusto
1461 2270 1555 2325 Dei
1592 2272 1793 2329 iudicio
1818 2283 2003 2344 postca
2029 2277 2116 2332 in-

509 2349 658 2406 ducti
692 2362 840 2409 sunt.

577 2445 631 2500 5.
663 2443 798 2513 Quia
843 2458 1035 2505 contra
1073 2451 1428 2509 christianam
1476 2456 1791 2529 religionem
1822 2469 1879 2517 et
1918 2473 2115 2521 contra

506 2546 695 2593 votum
723 2557 880 2597 suum
910 2544 1029 2600 sine
1063 2545 1172 2600 ulla
1202 2548 1435 2605 utilitate
1459 2552 1678 2620 publica
1707 2563 1801 2608 aut
1834 2564 1984 2611 certa
2021 2575 2115 2615 ne-

504 2632 777 2699 cessitate,
810 2650 1101 2705 pravorum
1131 2642 1359 2699 consilio
1388 2644 1638 2712 delusus,
1681 2649 1737 2702 in
1762 2649 1951 2706 diebus
1982 2668 2116 2722 qua-

506 2722 848 2795 dragesimae
869 2732 1269 2800 expeditionem
1293 2738 1599 2806 generalem
1624 2742 1743 2796 ﬁeri
1773 2743 1950 2810 iussit,
1980 2754 2036 2800 et
2056 2748 2114 2803 in

503 2819 769 2874 extremis
790 2820 1002 2891 imperii
1031 2824 1115 2879 sui
1137 2824 1336 2883 finibus
1359 2829 1415 2884 in
1439 2845 1605 2887 coena
1634 2832 1869 2903 Domini,
1894 2838 2114 2906 quando

503 2911 784 2979 paschalia
836 2928 1178 2974 sacramenta
1227 2922 1296 2976 ab
1344 2924 1599 2981 omnibus
1640 2927 1958 2984 Christianis
2007 2932 2114 2989 rite

503 3013 634 3059 sunt
678 3005 1035 3075 celebranda,
1084 3011 1346 3081 placitum
1395 3018 1648 3086 generale
1697 3035 1755 3076 se
1796 3021 2111 3080 habiturum

501 3101 820 3169 constituit;
846 3102 901 3156 in
932 3120 1039 3174 qua
1066 3107 1428 3177 expeditione,
1467 3121 1731 3182 quantum
1758 3116 1814 3170 in
1840 3116 1958 3187 ipso
1981 3116 2104 3188 fuit,

499 3200 556 3247 et
578 3194 839 3263 populum
877 3197 932 3252 in
977 3215 1229 3272 magnam
1276 3208 1759 3263 murmurationem
1800 3214 2102 3282 protraxit,

499 3293 556 3343 et
585 3290 899 3347 sacerdotes
930 3293 1145 3349 Domini
1172 3312 1203 3350 a
1229 3297 1343 3353 suis
1375 3298 1568 3356 oﬂiciis
1597 3310 1788 3359 contra
1826 3302 1910 3361 fas
1949 3322 2105 3361 amo-

474 3379 597 3445 .vit,
631 3390 685 3437 et
721 3386 1051 3455 pauperibus
1096 3389 1473 3457 gravissimam
1510 3396 1918 3463 oppressionem
1963 3397 2104 3455 irro-

502 3476 673 3544 gavit.

572 3567 627 3621 4.
658 3566 814 3637 Quod
840 3574 1115 3632 nonnullis
1134 3590 1204 3632 ex
1237 3577 1352 3633 suis
1391 3578 1640 3636 ﬁdelibus
1661 3621 1678 3648 ,
1721 3582 1816 3652 qui
1850 3599 1951 3654 pro
1983 3584 2103 3642 eius

498 3671 833 3730 suorumque
852 3661 1089 3720 ﬁliorum
1121 3666 1381 3725 ﬁdelitate
1403 3679 1458 3725 et
1485 3671 1805 3744 salvatione,
1838 3678 2102 3749 regnique

497 3751 742 3807 nutantis
773 3757 1204 3824 recuperatione,
1250 3761 1530 3819 humiliter
1574 3780 1698 3821 eum
1732 3767 1998 3836 adierant,
2045 3777 2103 3826 et

497 3842 566 3898 de
593 3843 807 3902 insidiis
834 3846 1182 3907 inimicorum
1219 3854 1322 3911 sibi
1364 3859 1704 3927 praeparatis
1739 3870 1951 3917 certum
1976 3863 2100 3918 red-

497 3933 764 4004 diderant,
791 3938 1107 3996 violentiam
1133 3943 1404 4013 intulerit;
1431 3951 1650 4019 etquod
1671 3959 1861 4007 contra
1882 3968 2098 4009 omnem

495 4026 685 4100 legem,
718 4031 957 4088 divinam
984 4034 1235 4093 videlicet
1277 4048 1333 4093 et
1377 4040 1689 4109 humanam,
1720 4059 1814 4101 eos
1841 4053 1897 4100 et
1935 4047 2101 4103 rebus

492 4122 731 4190 propriis
756 4124 1071 4193 privaverit,
1113 4130 1246 4184 etin
1284 4131 1447 4188 exilio
1492 4135 1637 4190 trudi
1677 4136 1840 4210 [tradi
1870 4135 1957 4211 8.]
1989 4138 2102 4194 ius-

494 4214 646 4277 serit,
676 4226 838 4285 atque
875 4220 1130 4278 absentes
1168 4224 1329 4278 morti
1358 4223 1655 4282 adiudicari
1681 4226 1888 4294 fecerit,
1931 4238 1986 4285 et
2010 4230 2097 4284 iu-

494 4304 741 4362 dicantes
771 4312 1133 4378 proculdubio
1169 4316 1236 4370 ad
1266 4316 1463 4371 falsum
1494 4318 1754 4374 iudicium
1780 4320 2094 4376 induxerit:

493 4409 549 4455 et
572 4402 948 4460 sacerdotibus
975 4406 1190 4462 Domini
1220 4425 1285 4466 ac
1307 4412 1589 4468 monachis
1626 4423 1816 4469 contra
1858 4414 2097 4471 divinam

468 4497 550 4548 'et
569 4496 888 4552 canonicam
919 4500 1300 4557 auctoritatem
1336 4504 1729 4573 praeiudicium
1749 4506 2010 4578 irrogavit
2038 4516 2095 4563 et

492 4585 749 4644 absentes
787 4590 1091 4657 damnavit,
1140 4603 1195 4650 et
1223 4594 1277 4649 in
1314 4596 1416 4652 hoc
1458 4605 1668 4653 reatum
1708 4598 1985 4655 homicidii
2013 4601 2097 4656 in-

491 4681 780 4748 currendo,
806 4683 1110 4740 divinarum
1150 4702 1245 4743 seu
1275 4689 1630 4757 humanarum
1659 4689 1837 4763 legum
1865 4692 2097 4748 violator

489 4776 780 4834 extitisset.

559 4866 615 4923 5.
644 4868 722 4925 De
743 4870 974 4927 diversis
999 4874 1358 4929 sacramentis
1382 4874 1596 4943 sibique
1621 4878 1911 4932 contrariis
1929 4887 2093 4949 atque

487 4960 811 5031 perniciosis
834 4978 866 5017 a
889 4963 1017 5019 ﬁliis
1047 4965 1162 5019 sive
1196 4979 1227 5018 a
1268 4967 1498 5036 populo,
1539 4982 1605 5022 eo
1643 4969 2009 5039 praecipiente
2037 4978 2092 5027 et

486 5054 867 5125 compellente,
899 5055 1346 5112 irrationabiliter
1374 5072 1537 5129 saepe
1562 5060 1740 5127 factis,
1774 5076 1873 5131 pro
1895 5063 2093 5133 quibus

487 5165 597 5206 non
622 5151 893 5207 modicam
928 5153 983 5207 in
1009 5153 1209 5224 populo
1249 5154 1352 5209 sibi
1392 5158 1686 5212 commisso
1720 5158 1929 5226 peccati
1976 5176 2093 5215 ma-

488 5243 668 5299 culam
695 5243 925 5307 induxit,
956 5254 1168 5300 reatum
1193 5248 1417 5318 periurii
1447 5248 1801 5303 nihilominus
1829 5250 2094 5308 incurris-

487 5353 583 5403 se;
625 5336 882 5407 quoniam
919 5336 1053 5393 haec
1096 5340 1478 5409 proculdubio
1522 5341 1577 5395 in
1624 5350 1901 5397 auctorem
1929 5384 1944 5410 ,
1993 5360 2093 5414 per

487 5444 647 5500 quem
686 5429 806 5484 ﬁeri
839 5431 1113 5500 compulsa
1159 5440 1316 5500 sunt,
1364 5433 1482 5489 iure
1528 5442 1931 5505 retorquentur.
1982 5435 2088 5492 Sed

487 5521 543 5575 in
572 5519 861 5575 mulierum
885 5523 1227 5593 purgatione,
1254 5524 1307 5578 in
1336 5523 1556 5580 iniustis
1588 5523 1822 5591 iudiciis,
1851 5526 1911 5580 in
1936 5525 2089 5584 falsis

488 5611 817 5666 testimoniis
857 5621 1019 5682 atque
1062 5615 1351 5684 periuriis,
1401 5632 1556 5686 quae,
1609 5632 1675 5673 eo
1715 5618 2083 5689 permittente,

487 5719 671 5759 coram
699 5719 757 5758 se
781 5716 1091 5781 perpetrata
1119 5718 1264 5774 sunt,
1294 5720 1557 5779 quantum
1594 5710 1765 5767 Deum
1801 5710 2089 5769 offenderit

489 5800 604 5873 ipse
631 5797 800 5857 novit.

2234 672 2647 729 innumerabilia
2671 682 2800 731 sunt
2823 675 2880 731 in
2903 676 3102 747 populo
3126 677 3429 734 christiano
3469 676 3673 751 ﬂagitia
3713 696 3826 751 per.

2232 772 2468 836 petrata,
2498 766 2554 822 in
2580 767 2892 825 homicidiis
2923 777 2979 825 et
3011 770 3290 841 periuriis,
3332 771 3386 827 in
3414 772 3744 843 sacrilegiis,
3780 776 3826 832 in

2233 857 2537 925 adulteriis,
2570 859 2627 915 in
2656 860 2880 931 rapinis,
2928 861 2983 916 in
3029 862 3318 929 incendiis,
3363 864 3479 920 sive
3516 864 3575 919 in
3599 865 3828 923 ecclesiis

2231 947 2330 1005 Dei
2354 951 2469 1007 sive
2500 952 2556 1005 in
2580 951 2703 1008 aliis
2732 953 2961 1010 diversis
2987 954 3122 1011 locis
3158 954 3337 1023 factis,
3365 957 3420 1012 in
3448 958 3826 1028 direptionibus

2231 1051 2287 1099 et
2312 1046 2754 1114 oppressionibus
2782 1062 3079 1118 pauperum
3107 1049 3404 1106 miserabili
3429 1060 3485 1105 et
3522 1066 3667 1121 pene
3701 1054 3825 1122 apud

2231 1137 2562 1194 christianos
2599 1139 2845 1195 inaudito
2870 1149 3120 1210 patratu:
3163 1157 3305 1212 quae
3339 1143 3526 1199 omnia
3561 1144 3633 1200 ad
3659 1154 3824 1202 aucto-

2230 1247 2367 1298 rem,
2399 1233 2543 1288 sicut
2570 1235 2930 1304 praemissum
2959 1243 3062 1301 est,
3092 1235 3466 1292 reﬂectuntur.

2273 1327 2355 1381 '7.
2386 1327 2446 1382 ln
2468 1328 2827 1385 divisionibus
2856 1330 3063 1399 imperii
3093 1332 3163 1386 ab
3188 1346 3255 1387 eo
3275 1341 3467 1388 contra
3494 1347 3820 1390 communem

2226 1434 2414 1490 pacem
2441 1430 2495 1475 et
2525 1421 2692 1476 totius
2723 1422 2933 1492 imperii
2962 1422 3194 1478 salutem
3228 1422 3297 1479 ad
3322 1422 3538 1478 libitum
3580 1439 3739 1482 suum
3759 1434 3820 1481 te-

2228 1529 2380 1569 mere
2407 1512 2585 1577 l'actis,
2612 1523 2667 1569 et
2694 1514 2750 1569 in
2775 1523 3121 1571 sacramento
3141 1515 3309 1570 etiam
3331 1517 3475 1587 quod
3500 1517 3686 1573 iurare
3702 1534 3820 1573 com.

2224 1604 2363 1674 pulit
2401 1620 2617 1660 onmem
2656 1605 2944 1675 populum,
2995 1616 3055 1660 ut
3100 1615 3292 1662 contra
3339 1607 3481 1664 ﬁlios
3524 1623 3657 1665 suos
3700 1609 3817 1664 sicut

2226 1706 2418 1754 contra
2467 1699 2716 1756 inimico:
2753 1715 2882 1755 suos
2908 1711 3151 1771 agerent,
3184 1716 3306 1756 cum
3334 1701 3451 1771 ipse
3478 1716 3577 1757 eos
3614 1712 3812 1772 paterna

2151 1777 2199 1837 Β
2228 1793 2553 1849 auctoritate
2590 1794 2951 1865 consultuque
2990 1795 3233 1849 ﬁdelium
3280 1810 3505 1851 suorum
3550 1797 3814 1865 paciﬁcare

2259 1884 2504 1940 omissa.

2259 1899 2504 1940 ounsset.

2221 1899 2257 1955 Ρ
2291 1974 2347 2029 8.
2377 1975 2532 2043 Quod
2562 1991 2668 2032 non
2697 1974 3009 2033 suﬂeceriut
3037 1975 3085 2031 ci
3131 1986 3209 2033 tot
3244 1976 3386 2031 mala
3424 1986 3484 2034 et
3508 1975 3713 2049 ﬂagitia
3734 1994 3812 2049 per

2222 2079 2376 2119 suam
2407 2064 2793 2137 negligentiam
2823 2076 2877 2123 et
2921 2066 3397 2137 improvidentiam
3436 2067 3495 2122 in
3536 2084 3703 2139 regno
3727 2069 3808 2124 sibi

2221 2158 2517 2213 commisso
2546 2169 2875 2229 perpetrata,
2910 2174 3050 2228 quae
3096 2159 3405 2215 enumerari
3432 2176 3545 2215 non
3582 2170 3806 2231 possent,

2218 2265 2319 2322 pro
2345 2250 2542 2320 quibus
2571 2262 2626 2306 et
2652 2252 2805 2324 regni
2832 2251 3159 2322 periclitatio
3196 2259 3253 2306 et
3282 2252 3425 2321 regis
3453 2252 3808 2308 dehonestatio

2219 2340 2502 2396 evidenter
2531 2350 2853 2411 provenerat
2882 2359 2896 2397 :
2929 2342 3023 2397 sed
3054 2341 3275 2411 insuper
3300 2342 3367 2397 ad
3407 2342 3683 2398 cumulum
3722 2344 3807 2399 mi-

2221 2433 2488 2488 seriarum
2516 2433 2809 2490 novissime
2838 2449 3054 2490 omnem
3086 2433 3346 2503 populum
3372 2449 3504 2489 suae
3544 2436 3806 2505 potestatis

2220 2525 2288 2580 ad
2316 2541 2659 2581 communem
2680 2525 2962 2583 interitum
2990 2529 3236 2595 traxerit,
3257 2546 3384 2585 cum
3407 2532 3677 2588 debuisset
3699 2548 3804 2589 esse

2221 2618 2398 2673 eidem
2429 2618 2627 2689 populo
2657 2619 2767 2675 dux
2796 2620 2987 2676 salutis
3011 2630 3066 2676 et
3086 2623 3259 2692 pacis,
3289 2639 3415 2679 cum
3447 2624 3616 2680 divina
3637 2626 3803 2695 pietas

2220 2710 2466 2766 inaudito
2487 2720 2542 2767 et
2569 2711 2831 2769 invisibili
2860 2715 3040 2778 modo,
3074 2730 3137 2771 ac
3171 2715 3377 2771 nostris
3404 2717 3615 2772 saeculis
3641 2732 3798 2787 prae-

2220 2803 2472 2869 dicando,
2498 2803 2697 2875 populo
2722 2819 2823 2862 suo
2844 2805 3089 2861 misereri
3120 2807 3471 2865 decrevisset.

2292 2895 2462 2967 Igitur
2486 2911 2587 2966 pro
2610 2896 2697 2953 his
2733 2896 2820 2951 vel
2857 2897 2914 2953 in
2944 2898 3031 2953 his
3058 2899 3312 2955 omnibus
3340 2915 3482 2970 quae
3507 2915 3657 2969 supra
3697 2916 3798 2955 me-

2221 2996 2433 3044 morata
2462 2997 2607 3055 sunt,
2642 3004 2795 3045 reum
2833 3005 2892 3047 se
2917 3007 3103 3047 coram
3131 2993 3243 3049 Deo
3263 3002 3320 3049 et
3355 3010 3540 3051 coram
3564 2994 3800 3051 sacerdo-

2220 3080 2368 3136 tibus
2390 3080 2476 3134 vel
2495 3080 2645 3137 omni
2669 3083 2869 3153 populo
2896 3099 3022 3138 cum
3058 3083 3316 3156 lacrymis
3342 3084 3639 3151 confessus,
3680 3097 3731 3142 et
3752 3087 3796 3141 in

2134 3158 2186 3225 (Ξ
2214 3170 2427 3227 cunctis
2458 3186 2518 3226 se
2543 3171 2836 3244 deliquisse
2863 3182 3195 3244 protestatus
3237 3182 3319 3231 est
3359 3174 3539 3248 [esset
3583 3175 3641 3231 S.
3661 3174 3684 3249 ]
3706 3218 3719 3241 ,
3752 3186 3793 3229 et

2211 3265 2599 3334 poenitentiam
2626 3266 2901 3336 publicam
2940 3268 3184 3338 expetiit,
3225 3270 3484 3340 quatinus
3525 3270 3795 3331 ecclesiae.

2211 3369 2378 3427 quam
2420 3357 2698 3426 peccando
2736 3359 3217 3427 scandalizaverat,
3245 3362 3580 3433 poenitendo
3605 3362 3797 3419 satisfa-

2209 3459 2398 3509 ceret:
2441 3461 2497 3508 et
2535 3454 2678 3510 sicut
2712 3454 2891 3511 fuerat
2932 3459 3249 3513 scandalum
3278 3459 3447 3514 multa
3472 3461 3794 3532 negligenda,

2205 3540 2284 3596 ita
2312 3542 2574 3599 nimirum
2604 3559 2662 3600 se
2686 3545 2824 3600 velle
2848 3547 3127 3618 professus
3148 3556 3235 3604 est
3253 3565 3375 3606 esse
3401 3551 3710 3621 exemplum
3733 3551 3795 3607 di-

2207 3652 2369 3708 gnam
2393 3639 2787 3708 pocnitentiam
2826 3643 3128 3699 subeundo.
3171 3642 3303 3699 Post
3348 3645 3497 3701 hanc
3534 3659 3667 3701 vero
3690 3661 3797 3702 con-

2204 3728 2501 3786 fessionem
2530 3770 2546 3796 ,
2587 3731 2893 3789 chartulam
2940 3748 3162 3790 suorum
3198 3743 3453 3791 reatuum
3503 3745 3560 3792 et
3608 3736 3799 3793 confes—

2204 3819 2377 3877 sionis
2396 3820 2467 3877 ob
2495 3820 2739 3878 futurum
2782 3825 3105 3880 memoriam
3146 3827 3527 3883 sacerdotibus
3568 3828 3793 3890 tradidit,

2203 3926 2371 3982 quam
2394 3911 2499 3982 ipsi
2526 3928 2691 3985 super
2717 3914 2888 3971 altare
2930 3927 3268 3988 posuerunt;
3310 3934 3376 3974 ac
3411 3918 3614 3976 deinde
3633 3921 3791 3991 cingu

2202 4001 2315 4060 lum
2340 4003 2570 4059 militiae
2598 4006 2870 4077 deposuit,
2900 4016 2958 4063 et
2990 4024 3154 4080 super
3189 4010 3361 4067 altare
3402 4011 3715 4077 collocavit,
3754 4021 3797 4067 et

2202 4097 2395 4154 habitu
2434 4100 2635 4155 saeculi
2677 4116 2738 4169 se
2779 4118 3015 4171 exuens,
3055 4106 3302 4161 habitum
3343 4108 3684 4177 poenitentis
3712 4124 3797 4179 per

2210 4188 2618 4259 impositionem
2669 4208 2931 4250 manuum
2981 4196 3360 4267 episcoporum
3422 4205 3701 4272 suscepit:
3751 4210 3803 4255 ut

2202 4291 2325 4351 post
2366 4290 2578 4337 tantam
2622 4284 2898 4356 talemque
2939 4289 3331 4357 poenitentiam
3368 4282 3533 4348 nem'o
3567 4294 3710 4348 ultra
3744 4293 3802 4348 ad

2204 4371 2454 4427 militiam
2481 4374 2818 4432 saecularem
2841 4378 3049 4433 redeat.
3072 4379 3168 4458 His
3186 4380 3372 4450 itaque
3396 4384 3591 4453 gestis,
3614 4384 3804 4454 placuit

2202 4473 2263 4519 ut
2288 4467 2661 4539 unusquisque
2689 4469 3088 4541 episcoporum,
3135 4473 3375 4543 qualiter
3414 4475 3551 4531 haec
3580 4493 3671 4532 res
3694 4486 3801 4531 acta

2123 4537 2179 4598 Ῑ)
2202 4554 2386 4623 fuerit,
2437 4556 2494 4612 in
2539 4537 2776 4629 propriis
2822 4537 3086 4618 chartulis
3125 4537 3408 4630 insereret,
3456 4581 3691 4637 eamque
3714 4583 3805 4624 sua

2202 4649 2499 4719 scriptione
2521 4654 2823 4721 roboraret,
2865 4662 2921 4710 et
2959 4657 3268 4713 roboratam
3313 4672 3623 4719 memorato
3666 4664 3804 4734 prin-

2203 4742 2306 4813 cipi
2330 4743 2590 4800 Lothario
2624 4746 2694 4802 ob
2726 4749 3045 4803 memoriam
3079 4750 3243 4806 huius
3279 4750 3409 4809 facti
3447 4752 3690 4811 oﬂ‘erret.
3726 4756 3801 4810 Ad

2198 4842 2504 4889 extremum
2546 4838 2803 4893 omnibus
2848 4840 3025 4907 nobis,
3067 4842 3159 4911 qui
3204 4842 3584 4912 interfuimus,
3633 4848 3800 4902 visum

2195 4934 2302 4992 est,
2331 4927 2574 4983 omnium
2600 4929 2969 4986 chartularum
2988 4973 3002 4998 ,
3044 4932 3214 4991 immo
3241 4936 3380 4991 tanti
3419 4938 3629 5009 negotii
3664 4954 3803 4994 sum-

2198 5034 2343 5073 mam
2372 5020 2426 5074 in
2446 5036 2613 5076 unum
2635 5023 2872 5079 breviter
2894 5025 3239 5097 strictimque
3264 5045 3582 5102 congerere,
3613 5042 3668 5088 et
3686 5048 3802 5088 con-

2197 5120 2350 5182 gesta
2383 5114 2618 5182 propriis
2652 5131 2907 5170 manuum
2954 5126 3264 5174 nostrarum
3312 5124 3802 5194 subscriptionibus

2196 5209 2470 5273 roborare,
2496 5211 2637 5267 sicut
2665 5217 2947 5283 sequentia
2972 5217 3177 5273 factum
3196 5233 3321 5276 esse
3342 5222 3746 5278 demonstrant.

2623 5322 2972 5383 AGOBARDI
3014 5329 3366 5389 CARTULA.

2264 5433 2322 5487 In
2348 5435 2564 5491 nomine
2591 5436 2687 5492 Dei
2719 5453 2784 5495 ac
2802 5439 3017 5497 Domini
3050 5445 3220 5499 nostri
3249 5446 3365 5502 Iesu
3392 5447 3621 5505 Christi.
3645 5449 3801 5506 Anno

2191 5529 2583 5585 incarnationis
2635 5533 2752 5588 eius
2793 5536 3244 5608 octingentesimo
3296 5541 3577 5598 tricesimo
3618 5543 3799 5608 tertio,

2191 5636 2290 5689 ego
2323 5620 2641 5689 Agobzrdus
2668 5606 3042 5695 Lugdunensis
3085 5629 3348 5686 ecclesiae
3389 5632 3646 5704 indignus
3688 5634 3801 5705 epi-

2189 5726 2404 5781 scopus,
2435 5712 2655 5770 inierfui
2694 5720 2989 5775 venerabili
3030 5724 3319 5779 Conventui
3356 5727 3499 5794 apud
3536 5727 3799 5795 palatium

2189 5808 2333 5887 quod
2360 5818 2703 5889 nuncupatur
2728 5810 3137 5892 Compendium.
3163 5816 3265 5887 Qui
3289 5819 3477 5891 utique
3499 5828 3796 5883 conventu:
