3992 6344
228 260 345 319 665

551 264 783 323 CODEX
815 268 1343 333 DIPLOMATICUS.
1372 306 1446 321 --
1471 276 1793 336 LUDOVICI
1830 277 1851 333 l
1889 276 1979 333 ET
2013 277 2340 338 LOTHARII
2377 281 2860 341 CAPITULARIA.
2891 314 2965 326 —
2990 283 3088 343 An.
3130 266 3257 343 835;

225 381 415 475 extitit
435 399 507 475 ex
528 387 983 475 reverentissimis
1005 393 1271 464 episcopis
1294 403 1349 451 et
1373 396 1841 468 magniﬁcentissi—
1866 399 1917 458 Α
1944 404 2025 451 est
2071 398 2430 466 misericordia
2471 410 2519 456 et
2560 407 2772 474 copiosa
2799 403 3106 474 redemptio.
3133 401 3364 473 Propter
3398 406 3543 475 quod

222 474 339 530 mis
354 474 493 529 viris
527 474 846 545 illustribus,
887 481 1114 552 collegio
1140 499 1353 555 quoque
1380 488 1636 543 abbatum
1660 495 1715 543 et
1749 504 1841 543 co-

222 567 451 632 mitum,
484 570 933 641 promiscuaeque
960 577 1152 631 aetatis
1196 587 1251 632 et
1300 580 1575 651 dignitatis
1617 581 1835 652 populo,

219 660 578 732 praesidente
622 664 969 721 serenissimo
1003 676 1059 722 et
1103 669 1491 739 gloriosissimo
1537 674 1835 741 Hlothario,

221 750 562 820 imperatore
599 762 654 808 et
686 754 887 811 Christi
931 758 1136 816 domini
1179 772 1455 830 amatore;
1504 781 1612 834 quo
1655 775 1838 836 prote-

220 854 385 917 gente
411 855 471 902 et
487 847 796 914 adiuvante,
823 853 1007 907 subter
1031 855 1239 911 adnexa
1257 857 1513 927 disposita
1541 868 1669 915 sunt
1692 876 1835 918 anno

220 936 442 1008 imperii
468 940 664 1010 primo,
694 957 878 998 mense
904 955 1120 1015 quarto.
1157 948 1363 1016 Quibus
1385 952 1638 1007 omnibus
1671 954 1835 1009 vehe-

220 1042 441 1087 menter
464 1034 811 1091 incumbebat
834 1053 961 1093 vera
987 1043 1301 1112 necessitas,
1342 1052 1403 1099 ut
1428 1046 1656 1101 sollicite
1691 1055 1834 1103 trac-

220 1132 403 1180 tarent
430 1126 498 1181 de
516 1128 760 1196 periculo
789 1131 940 1200 regni
966 1131 1020 1185 in
1055 1135 1346 1202 praesenti,
1375 1143 1430 1191 et
1454 1143 1599 1192 statu
1648 1138 1703 1192 in
1748 1137 1832 1193 fu-

220 1228 363 1284 ttl'o,
394 1221 546 1289 quod
570 1237 817 1293 regnum,
846 1224 971 1293 quia
1013 1224 1212 1283 iamdiu
1264 1229 1509 1297 nutabat,
1551 1238 1606 1285 et
1640 1231 1831 1301 impel-

216 1316 435 1371 lebatur
478 1317 548 1372 ad
593 1318 805 1374 ruinam
848 1335 946 1390 per
995 1322 1412 1394 neglegentiam,
1456 1332 1511 1380 et
1554 1333 1614 1380 ut
1647 1328 1828 1382 verius

215 1411 418 1478 dicam,
446 1427 552 1481 per
596 1413 868 1482 ignaviam
918 1415 1101 1470 domui
1151 1416 1435 1474 Hluduvici
1484 1419 1501 1450 ¹
1530 1420 1824 1475 venerandi

214 1504 492 1574 quondam
536 1505 917 1577 imperatoris,
958 1507 1015 1563 in
1054 1511 1252 1581 quibus
1304 1512 1393 1568 ille
1440 1512 1693 1569 inretitus
1741 1523 1826 1570 est

209 1611 306 1666 per
340 1606 637 1668 corruptas
657 1609 868 1655 mentes
902 1608 958 1656 et
992 1613 1422 1674 corrumpentes,
1448 1613 1504 1660 et
1528 1607 1824 1662 secundum

210 1689 576 1758 apostolicum
603 1690 829 1759 dictum,
857 1692 981 1763 quia
1005 1703 1164 1750 erant
1195 1696 1296 1766 ipsi
1321 1708 1574 1764 errantes,
1588 1706 1658 1771 ,ει
1686 1698 1821 1754 alios

1937 496 1993 544 et
2016 488 2230 545 libellus
2258 491 2435 547 editus
2454 502 2539 548 est
2566 508 2598 548 a
2614 495 2760 549 -viris
2785 494 3219 564 diligentioribus
3246 502 3303 550 ct
3327 495 3378 550 ei
3399 494 3547 552 obla-

1938 587 2027 636 tus
2046 581 2114 636 de
2136 581 2576 640 manifestatione
2614 585 2904 641 criminum
2939 600 3182 652 suorum,
3211 585 3267 641 in
3292 601 3421 657 quo,
3448 602 3544 644 ve-

1937 670 2018 729 lut
2061 673 2118 728 in
2159 674 2399 743 speculo,
2442 676 2726 746 perspicue
2764 677 3103 747 conspiceret
3134 674 3415 732 leditatem
3455 693 3546 735 ac-

1936 775 2089 822 tuum
2130 782 2374 833 suorum,
2400 774 2455 823 et
2476 766 2630 822 ﬁeret
2675 768 2731 822 in
2773 768 2865 823 illo
2903 768 3048 838 quod
3082 782 3182 838 per
3208 768 3544 837 penitentem

1934 857 2232 929 perfectum
2256 860 2461 919 dictum
2483 867 2566 914 est
2586 877 2599 913 :
2626 858 2967 930 Iniquitatem
2986 875 3156 913 meam
3171 875 3272 929 ego.
3281 875 3542 929 agnosco;

1933 960 2200 1022 peccatum
2232 969 2404 1007 meum
2445 968 2623 1006 coram
2658 968 2739 1006 me
2783 961 2857 1006 est
2902 968 3122 1023 semper.
3176 950 3281 1007 Pro
3335 968 3441 1021 qua
3483 967 3543 1008 re

1932 1052 2280 1100 accesserunt
2311 1044 2380 1098 ad
2420 1059 2546 1099 eum
2593 1044 2769 1099 denuo
2811 1058 3000 1099 omnes
3043 1042 3136 1114 qui
3181 1042 3236 1097 in
3264 1043 3542 1114 praedicto

1932 1147 2200 1194 conventu
2222 1137 2448 1193 aderant
2473 1138 2731 1208 episcopi,
2768 1136 3123 1193 condolentes
3148 1143 3204 1192 et
3227 1136 3543 1206 conpatien-

1930 1239 2014 1286 tes
2038 1230 2445 1285 inﬁrmitatibus
2470 1238 2523 1285 et
2552 1229 2787 1285 miseriis
2811 1229 2949 1293 eius,
2998 1227 3351 1283 exhortantes
3379 1235 3544 1298 atque

1929 1328 2248 1391 exoptantes
2272 1330 2327 1376 et
2348 1320 2708 1391 postulantes,
2741 1330 2801 1375 ut
2823 1319 3169 1388 omnipotens
3192 1320 3336 1374 Deus
3376 1336 3542 1374 manu

1926 1413 2147 1483 pietatis
2171 1428 2303 1468 suae
2326 1414 2579 1469 educeret
2601 1427 2724 1469 eum
2752 1412 2816 1467 de
2842 1410 2961 1465 lacu
2995 1411 3238 1466 miseriae
3268 1420 3314 1464 et
3340 1410 3403 1465 de
3431 1410 3542 1465 luto

1926 1502 2060 1556 aeni.
2093 1500 2250 1569 Quod
2278 1500 2736 1556 clementissimus
2774 1498 3027 1555 dominus
3065 1513 3173 1553 non
3218 1498 3390 1553 solum
3433 1514 3542 1554 non

1925 1594 2169 1661 abstulit,
2218 1593 2312 1649 sed
2357 1609 2458 1650 nec
2503 1592 2731 1649 distulit.
2773 1590 2883 1647 Sed
2940 1607 3067 1647 mox
3124 1590 3439 1646 resuscitata
3485 1589 3541 1644 in

1924 1696 2107 1743 mente
2142 1688 2260 1743 eius
2304 1688 2632 1742 contritione
2672 1684 2943 1740 humiliati
2984 1682 3187 1749 cordis,
3236 1689 3544 1752 prostratus

208 1780 260 1833 in
290 1797 533 1837 errorem
558 1783 839 1839 mittentes.
863 1761 908 1839 Ᾱ
950 1801 1059 1857 quo
1094 1761 1361 1845 conventu
1384 1761 1640 1861 quicquid
1677 1792 1823 1847 utili-
1852 1761 1901 1822 Β
1926 1796 2111 1837 coram
2134 1782 2236 1847 eis,
2261 1796 2368 1835 non
2401 1778 2567 1836 semel
2589 1777 2674 1833 vel
2699 1779 2916 1842 iterum.
2966 1776 3058 1831 sed
3102 1776 3263 1829 tertio
3309 1764 3403 1829 ιιύι
3429 1789 3544 1827 am-

208 1881 286 1925 tcr
309 1880 365 1926 et
394 1872 743 1930 laudabiliter
791 1879 1073 1934 tractando
1095 1888 1150 1935 et
1178 1879 1504 1937 conferendo
1546 1882 1824 1939 inventum

204 1972 284 2017 est
304 1972 362 2017 et
399 1967 719 2021 necessario
735 1968 1101 2037 statuendum,
1123 1979 1179 2027 et
1200 1972 1565 2030 iudicantibus
1590 1991 1822 2031 consen-

204 2054 267 2119 si,
293 2062 350 2110 et
386 2058 752 2114 consencicns
774 2059 890 2130 ipse
934 2061 1188 2119 iudicavi.
1238 2065 1296 2121 In
1338 2066 1529 2136 primis
1575 2068 1824 2125 videlicet

206 2165 340 2219 quae
364 2150 439 2205 ad
467 2153 912 2211 commoditatem
968 2166 1025 2212 ct
1063 2158 1389 2216 soliditatem
1418 2162 1571 2231 regni
1594 2171 1649 2217 et
1678 2165 1825 2235 regis

206 2244 483 2310 pertinere
524 2245 875 2314 videbantur;
903 2248 1098 2307 deinde
1119 2268 1262 2322 quae
1302 2254 1370 2309 ad
1411 2255 1745 2324 ereptionem
1768 2266 1824 2312 et

206 2334 585 2405 purgationem
613 2337 828 2394 animae
853 2339 1038 2395 domui
1065 2342 1347 2399 Hluduvici
1378 2344 1824 2403 manilestissime

208 2425 592 2480 noscebantur.
640 2427 790 2496 Quae
833 2430 887 2485 in
931 2432 1212 2502 praedicto
1266 2447 1535 2492 conventu
1593 2436 1824 2493 ﬁdeliter

206 2518 471 2585 quaesita,
500 2527 558 2573 et
583 2521 850 2577 veraciter
890 2526 1125 2589 inventa,
1166 2535 1221 2582 et
1261 2528 1638 2585 ordinabiliter
1667 2546 1825 2588 exse-

205 2618 324 2683 cuta
346 2619 513 2677 sunt;
549 2612 608 2667 in
653 2628 719 2668 eo
745 2615 970 2681 scilicet,
1001 2619 1145 2687 quod
1189 2621 1499 2689 praedictus
1524 2633 1824 2680 conventus

207 2700 550 2767 deliberavit,
595 2713 656 2758 ut
697 2719 795 2774 per
844 2706 1052 2779 legatos
1093 2716 1148 2764 et
1193 2710 1389 2766 missos
1419 2723 1825 2769 ammoneretur

208 2790 443 2846 domnus
469 2792 799 2851 llluduvicus
840 2798 907 2853 de
933 2799 1048 2855 suis
1074 2802 1366 2869 erratibus,
1408 2814 1464 2860 et
1506 2806 1822 2864 exhortare-

212 2888 323 2948 tur,
348 2890 411 2935 ut
431 2883 719 2940 secundum
741 2888 1119 2958 propheticum
1145 2892 1351 2948 dictum
1387 2894 1588 2950 rediret
1611 2896 1679 2952 ad
1703 2911 1818 2962 eor,

219 2986 271 3031 et
296 2992 701 3050 recognosceret
723 2994 846 3039 acta
883 3001 999 3053 sua,
1041 3002 1181 3057 quae
1219 2990 1483 3045 adversus
1505 2990 1675 3045 Deum
1702 3007 1822 3047 cur-

217 3084 340 3124 rens
372 3086 474 3140 per
515 3073 625 3128 vias
665 3075 948 3144 pravitatis
986 3086 1040 3134 et
1064 3079 1368 3138 iniusticiae
1410 3092 1726 3154 exaegerat;
1753 3100 1818 3141 ac

1924 1874 2087 1944 plius,
2131 1873 2360 1929 crimina
2416 1871 2713 1942 cognoscit,
2771 1869 2985 1924 veniam
3037 1867 3232 1937 poscit.
3275 1865 3540 1921 auxilium

1923 1965 2232 2021 orationum
2261 1971 2571 2033 praecatur,
2594 1960 2883 2019 consilium
2924 1959 3138 2029 recipit,
3182 1958 3539 2029 penitentiam

1922 2059 2180 2129 postulat,
2228 2059 2529 2113 iniunctam
2591 2056 2695 2113 sibi
2758 2054 3123 2111 humilitatem
3182 2052 3543 2108 libentissime

1926 2150 2276 2220 impleturum
2313 2150 2611 2219 promittit.
2650 2147 3014 2203 lnnotescitur
3049 2146 3070 2176 '
3111 2145 3161 2200 ei
3193 2144 3281 2201 lex
3318 2153 3376 2200 et
3403 2145 3541 2202 ordo

1924 2242 2169 2313 publicae
2188 2240 2564 2310 peniteneiae;
2599 2254 2763 2310 quam
2788 2254 2895 2293 non
2935 2237 3174 2303 rennuit,
3201 2237 3296 2293 sed
3333 2237 3400 2292 ad
3421 2252 3540 2294 om-

1924 2336 2015 2391 nia
2043 2335 2267 2401 annuit;
2304 2349 2369 2389 ac
2389 2332 2607 2389 demum
2631 2331 2878 2403 pervenit
2919 2331 2972 2385 in
3019 2329 3309 2386 ecclesiam
3350 2344 3536 2385 coram

1924 2432 2047 2481 cetu
2079 2423 2322 2479 ﬁdelium
2340 2430 2468 2478 ante
2511 2422 2682 2477 altare
2727 2430 2783 2476 et
2828 2420 3078 2491 sepulcra
3119 2428 3453 2485 sanctorum,
3481 2428 3537 2475 et

1925 2525 2231 2588 prostratus
2255 2533 2417 2588 super
2439 2515 2696 2583 cilicium,
2735 2516 2822 2572 bis
2859 2523 3051 2585 terque
3079 2520 3378 2585 quaterque
3406 2528 3537 2569 con-

1925 2612 2102 2667 fessus
2139 2612 2196 2665 in
2228 2611 2483 2667 omnibus
2516 2609 2663 2665 clara
2693 2624 2826 2665 voce
2849 2624 2975 2663 cum
2998 2607 3019 2639 ³
3043 2606 3376 2663 habundanti
3402 2605 3537 2661 ellu-

1926 2706 2079 2762 sione
2108 2704 2457 2760 lacrimarum
2497 2703 2741 2773 deposita
2780 2716 2932 2756 arma
2971 2700 2993 2731 "
3022 2714 3187 2754 manu
3224 2697 3442 2769 propria
3483 2706 3537 2753 et

1925 2793 1994 2850 ad
2055 2794 2387 2864 crepidinem
2431 2792 2619 2847 altaris
2664 2791 2905 2862 proiecta
2952 2790 2974 2821 ⁵
2998 2830 3013 2857 ,
3063 2788 3301 2859 suscepit
3354 2795 3537 2843 mente

1924 2894 2247 2957 compuncta
2288 2885 2645 2956 penitentiam
2675 2883 2947 2954 publicam
2988 2896 3087 2952 per
3131 2895 3387 2936 manuum
3424 2879 3538 2949 epi-

1925 2979 2222 3050 scopalium
2248 2978 2671 3048 impositionem,
2696 2992 2821 3032 eum
2844 2975 3067 3046 psalmis
3093 2982 3149 3029 et
3172 2973 3533 3030 orationibus.

1926 3072 2124 3144 Sicque
2151 3072 2397 3143 deposito
2438 3071 2628 3127 habitu
2670 3070 2903 3140 pristino
2932 3076 2988 3125 et
3024 3074 3304 3138 assumpto
3344 3066 3533 3121 habitu

209 3161 462 3233 deinceps
490 3167 791 3237 susciperet
829 3171 1117 3228 consilium
1152 3175 1298 3232 vitae
1332 3185 1387 3232 et
1427 3177 1619 3234 salutis
1650 3194 1811 3248 suae;

1926 3135 2237 3236 penitentis,
2265 3161 2649 3234 congratulans
2671 3135 2732 3217 et
2775 3160 3074 3225 conﬁdens,
3118 3135 3356 3229 postulat
3400 3158 3535 3228 piis-

204 3271 474 3329 quatenus
497 3263 642 3333 apud
664 3265 1090 3335 omnipotentem
1132 3269 1367 3327 iudicem
1412 3280 1465 3328 et
1505 3274 1814 3343 Dominum,

203 3356 291 3426 qui
329 3356 797 3416 clementissimus
824 3361 1062 3418 indultor
1085 3373 1170 3420 est
1195 3366 1505 3433 criminum,
1535 3368 1817 3441 indulgen-

202 3449 331 3501 tiam
365 3458 424 3504 et
447 3451 829 3509 remissionem
877 3453 1225 3525 iniquitatem
1268 3458 1561 3529 impetrare
1598 3461 1813 3534 posset}

201 3542 370 3610 utqui
403 3556 503 3612 per
534 3544 922 3615 multiplicatas
960 3550 1328 3621 neglegentias
1374 3568 1595 3623 regnum
1645 3564 1817 3611 terre-

199 3650 327 3690 num
354 3638 697 3707 ammiserat,
725 3657 823 3712 per
845 3644 1118 3714 impensas
1140 3646 1410 3716 supplices
1445 3648 1819 3707 confessiones

198 3740 419 3797 reginis
472 3731 708 3788 caeleste
752 3733 1148 3806 adipisceretur
1166 3752 1265 3808 per
1288 3754 1435 3806 eum,
1482 3738 1625 3810 apud
1651 3755 1812 3814 quem

1916 3257 2040 3315 simi
2079 3254 2315 3327 pastoris
2356 3254 2598 3309 humeris
2639 3254 2825 3309 reduci
2869 3268 2929 3308 se
2965 3253 3033 3307 ad
3071 3252 3325 3305 inventae
3358 3257 3412 3303 et
3440 3264 3532 3304 re-

1917 3352 2165 3420 demptae
2187 3348 2307 3405 ovis
2338 3347 2625 3403 unitatem.
2650 3344 2748 3401 His
2772 3344 2939 3417 gestis
2977 3358 3078 3415 ego
3104 3340 3423 3413 Agobardus
3448 3339 3533 3395 in—

1917 3450 2113 3519 dignus
2149 3447 2434 3518 episcopus
2480 3441 2723 3509 interfui,
2767 3449 2822 3498 et
2862 3440 3180 3497 melioribus
3218 3449 3529 3494 consonans

1915 3552 1973 3600 et
1997 3542 2343 3598 consentiens
2369 3537 2622 3595 iudicavi.
2649 3545 2705 3593 et
2728 3551 2892 3592 manu
2914 3533 3132 3605 propria
3156 3532 3378 3604 signans
3398 3526 3532 3585 sub-

1918 3649 2136 3705 scripsn.

1402 3872 1793 3935 VARIANTES
1828 3873 2236 3935 LECTIONES.

264 3974 289 4054 ξ
315 3972 561 4032 luduuici
600 3995 648 4032 c.
678 3980 769 4034 sed
783 3982 846 4054 in
873 3983 1207 4054 sequentibus
1234 3985 1269 4040 li
1297 3995 1460 4040 extat.
1539 3988 1559 4017 ²
1587 3987 1973 4043 innostescitur
2007 4004 2054 4041 c.

2147 3986 2167 4017 ³
2191 4001 2313 4042 com
2347 4001 2486 4040 corr.
2516 3999 2639 4040 cum
2671 4002 2719 4040 c.
2795 3982 2820 4016 ‘
2844 3984 2943 4051 ita,
2971 3999 3109 4037 corr.
3140 3981 3400 4054 depositis
3432 3998 3523 4038 ar-

193 4044 303 4100 mis
324 4062 374 4100 ε.
405 4058 527 4103 sunt
557 4053 839 4106 accusativi
863 4044 1106 4119 absoluti,
1139 4073 1283 4111 more
1304 4058 1419 4129 ejus
1445 4058 1560 4112 wvi.
1640 4058 1661 4086 ³⁸
1690 4060 1788 4126 ita,
1815 4074 1954 4113 corr.
1980 4058 2240 4128 proiectis
2260 4074 2308 4111 ε.

202 4195 3491 4224 —————-——-_———_————_———_—-

530 4299 905 4364 LUDOVlCl
955 4304 979 4364 Ι
1033 4276 1576 4367 ΙΜΡΕΒᾸΤΟΚΙΒ
1627 4306 2101 4370 CONVENTUS
2148 4304 2786 4370 COMPENDIENSIS
2829 4304 2980 4384 (An.
3018 4303 3195 4384 835).

264 4518 349 4573 Ex
380 4516 519 4595 actis
551 4517 669 4588 ejus
708 4521 762 4595 in
804 4516 1104 4595 Annalibus
1127 4518 1456 4595 Berlinianis
1489 4519 1663 4595 fusius
1687 4521 1970 4595 descriptis
2002 4535 2249 4595 superest
2293 4525 2495 4581 Ebonis
2524 4522 2919 4595 archiepiscopi
2948 4522 3275 4595 Bhemensis
3301 4524 3518 4595 charta,

184 4606 301 4661 qua
340 4588 460 4666 sedi
493 4590 948 4666 suzeresignavit,
973 4605 1140 4666 quam
1169 4590 1255 4645 hic
1287 4607 1354 4645 ex
1384 4592 1564 4666 libello
1583 4590 1701 4659 ejus
1722 4588 2111 4666 apologetico'tl
2144 4597 2197 4652 in
2229 4597 2567 4654 bibliothecae
2597 4588 2804 4652 ducalis

184 4680 322 4719 sec.
354 4677 414 4726 ι,
445 4660 586 4717 inter
606 4661 856 4726 Helmst.,
886 4678 943 4718 n.
971 4662 1062 4728 '52,
1092 4662 1290 4717 iterqu
1318 4664 1691 4733 proponimus.

2884 4594 3274 4666 uellerbytana:
3293 4594 3517 4663 Codice,

258 4780 382 4850 Ego
402 4778 536 4844 Ebo,
566 4778 819 4849 indignus
839 4778 1142 4848 episcopus,
1172 4793 1565 4848 recognoscens
1606 4779 1810 4848 fragili-
1836 4782 1886 4843 D
1912 4800 2114 4854 gnoseo
2151 4800 2273 4841 esse
2302 4783 2599 4854 indignum,
2638 4782 2983 4852 alienumque
3021 4796 3111 4837 me
3146 4781 3377 4838 reddens
3419 4798 3520 4854 pro

183 4884 364 4931 tatem
390 4888 564 4928 meam
596 4879 650 4926 et
672 4872 908 4942 pondera
937 4882 1284 4942 peccatorum
1332 4887 1598 4935 meorum,
1640 4880 1810 4927 testes

181 4965 540 5022 cozzl'essores
597 4979 747 5018 meos
776 5005 790 5026 ,
849 4962 1088 5018 Aiull’um
1152 4962 1398 5018 videlicet
1444 4963 1809 5032 archiepisco-

182 5073 320 5130 pum
342 5057 398 5121 ι’,
422 5053 760 5111 Badaradum
788 5068 810 5093 υ
841 5068 1055 5125 quoque
1089 5069 1299 5109 necnon
1340 5063 1394 5109 et
1431 5053 1741 5109 Modoinum
1776 5051 1805 5094 ἀ

182 5151 500 5222 episcopos,
525 5148 781 5204 constitui
806 5148 936 5203 mihi
962 5148 1169 5203 iudices
1191 5147 1512 5202 delictorum
1535 5161 1802 5215 meorum,

184 5259 498 5315 puramque
535 5244 667 5315 ipsis
699 5244 819 5301 dedi
857 5243 1279 5307 confessionem,
1319 5258 1587 5313 quaerens
1627 5256 1802 5296 reme-

186 5340 343 5394 dium
386 5336 661 5406 penitendi
701 5346 754 5392 et
779 5337 1007 5394 salutem
1053 5337 1266 5392 animae
1300 5352 1471 5401 meae,
1497 5345 1553 5389 ut
1579 5335 1801 5392 recede~

185 5447 308 5487 rem
332 5432 404 5488 ab
423 5429 603 5489 cilicio
641 5441 698 5489 et
719 5432 1021 5488 ministerio
1045 5430 1363 5496 pontiﬁcali,
1392 5443 1510 5504 quo
1533 5444 1623 5485 me
1646 5444 1801 5486 reco-

1911 4876 2153 4931 reatibus
2178 4877 2334 4941 meis,
2383 4875 2439 4930 in
2484 4873 2683 4945 quibus
2719 4889 2807 4929 me
2850 4888 3107 4944 peccasse
3148 4882 3359 4931 secrete
3385 4874 3520 4946 ipsis

1910 4965 2191 5023 confessus
2213 4982 2352 5022 sum.
2384 4965 2464 5022 Eo
2485 4965 2693 5021 scilicet
2736 4967 2916 5032 modo,
2946 4973 3005 5019 ut
3048 4964 3152 5034 ipsi
3196 4964 3307 5019 sint
3350 4974 3520 5023 testes

1908 5061 2015 5116 alio
2039 5060 2362 5117 succedendi
2391 5069 2445 5115 et
2478 5057 2833 5116 consecrandi
2856 5057 3293 5129 subrogandique
3317 5058 3374 5113 in
3396 5058 3518 5115 loco

1907 5168 2049 5220 meo,
2074 5153 2168 5228 qui
2195 5153 2353 5223 digne
2375 5166 2624 5222 praeesse
2646 5160 2700 5207 et
2724 5150 2983 5221 prodesse
3002 5149 3176 5221 possit
3195 5150 3511 5218 aecclesiae,

1908 5245 1995 5301 cui
2019 5254 2244 5300 actenus
2281 5245 2532 5315 indignus
2564 5242 2759 5314 preiui,
2794 5250 2851 5299 et
2871 5250 2932 5297 ut
2966 5243 3090 5299 inde
3113 5242 3316 5298 nullam
3361 5259 3516 5315 repe-

1912 5336 2158 5393 titionem
2204 5345 2297 5391 aut
2354 5334 2839 5405 interpellationem
2876 5335 3203 5393 auctoritate
3251 5338 3511 5394 canonica

1906 5426 2088 5485 facere
2109 5427 2338 5494 valeam,
2367 5442 2528 5481 manu
2562 5426 2782 5498 propria
2811 5427 3161 5487 subscribens
3183 5427 3412 5485 ﬁrmavi.

1742 5540 1976 5599 NOTIE.

262 5677 289 5706 ι
318 5664 514 5720 Editus
549 5677 619 5719 ex
647 5661 845 5721 Codice
880 5662 1013 5720 bibl.
1053 5661 1314 5721 Palatina:
1352 5676 1410 5721 ιι.
1440 5658 1564 5726 576,
1597 5659 1656 5715 in
1692 5658 1800 5715 Da-

188 5735 374 5808 cherii
394 5734 705 5808 Spicilegjo,
730 5744 773 5795 t.
800 5735 913 5803 γυ,
938 5735 1060 5792 175.

261 5808 292 5848 δ
313 5806 733 5866 Bituricensem.

1979 5664 2003 5695 ο
2031 5653 2550 5713 Paderbornensem.

1975 5727 2005 5769 (ι
2027 5725 2594 5805 Augustodunensem.
