3992 6344
200 387 306 446 669

476 381 709 451 CODEX
742 377 1269 442 DlPLOMATlCUS.
1297 410 1370 423 -
1806 370 1897 432 ET
1939 368 2267 433 LOTHARII
2307 366 2794 432 CAPITULABIA.
2822 343 3019 427 -έ-Ἀιη.
3058 366 3186 428 839.

3364 346 3469 426 670

272 508 322 564 ι.
358 503 499 561 Nulli
523 516 550 545 ι
577 503 737 558 liceat
771 510 995 571 excepta
1030 509 1194 556 causa
1228 495 1597 552 fornicationis
1625 494 1776 548 adhi-
1801 498 1856 559 Α
1950 490 2004 544 4.
2036 492 2111 545 De
2135 490 2156 521 ³
2180 491 2208 530 d
2241 492 2460 547 incestis
2499 488 2975 546 coniunctionibus
2997 487 3099 542 hoc
3121 485 3477 556 praecipitur,

198 602 368 667 bitani
382 611 607 656 uxorem
638 593 945 664 relinquere
977 598 1033 651 et
1064 590 1256 649 deinde
1293 588 1453 651 aliam
1508 585 1779 656 copulare,

198 691 435 761 alioquin
467 697 921 756 transgressorem
941 681 1110 752 priori
1136 679 1385 736 convenit
1421 679 1615 733 sociari
1656 691 1787 735 con-

200 784 365 855 ingio.
396 781 458 838 Si
481 788 661 837 autem
688 780 771 835 vir
800 786 857 833 et
886 792 1025 833 uxor
1043 774 1318 835 dimittere
1359 788 1457 842 pro
1480 772 1592 830 sola
1641 772 1787 827 vitae

199 875 462 946 religione
483 873 627 928 inter
648 885 709 926 se
750 866 1143 935 consenserint,
1171 866 1477 935 nullatenus
1511 867 1629 921 sine
1655 879 1788 920 con-

202 966 430 1023 scientia
484 962 719 1035 episcopi
747 962 860 1029 ﬁat,
921 966 980 1030 ut
1040 960 1109 1026 ab
1150 975 1215 1023 eo
1259 958 1604 1029 singulariter
1660 972 1789 1030 pro—

203 1059 315 1113 viso
336 1044 738 1111 constituantur
760 1051 900 1109 loco.
955 1046 1088 1107 Nam
1113 1066 1282 1106 uxore
1310 1050 1547 1115 nolente,
1594 1058 1686 1104 aut
1716 1048 1789 1104 al-

202 1157 315 1213 tero
341 1161 553 1207 eorum.
578 1145 743 1215 etiam
769 1159 870 1231 pro
894 1143 990 1213 tali
1019 1158 1079 1213 re
1105 1142 1511 1213 matrimonium
1536 1157 1644 1210 non
1682 1141 1790 1198 sol-

202 1249 377 1296 vatur.

266 1353 319 1409 2.
356 1351 505 1409 Nulli
532 1352 562 1395 1»
587 1352 745 1419 liceat
772 1366 881 1419 uno
912 1356 1154 1423 tempore
1186 1350 1321 1406 duas
1342 1349 1541 1419 habere
1571 1363 1785 1413 uxores,

204 1459 498 1501 uxoremve
546 1452 602 1505 et
654 1443 1041 1514 concubinam,
1105 1442 1230 1512 quia
1276 1457 1399 1511 cum
1449 1442 1629 1511 domui
1680 1456 1791 1497 non

207 1539 261 1592 iit
321 1536 557 1599 lucrum,
620 1536 831 1589 animae
892 1535 952 1589 ﬁt
1011 1535 1413 1591 detrimentum.
1459 1533 1594 1603 Nam
1652 1535 1793 1590 sicut

207 1629 453 1685 Christus
504 1635 713 1683 castam
761 1627 1015 1683 observat
1072 1626 1378 1690 ecclesiam,
1430 1625 1508 1681 ita
1540 1625 1627 1681 vir
1673 1640 1794 1682 cas—

207 1730 311 1785 tum
359 1721 524 1776 debet
565 1718 843 1789 custodire
868 1718 1198 1791 coniugium.

270 1813 321 1867 5.
368 1810 445 1867 Ut
476 1821 498 1849 ο
545 1810 781 1880 episcopi
812 1810 1116 1879 diversique
1161 1810 1179 1841 ⁸
1211 1809 1518 1875 sacerdotes
1556 1809 1795 1868 habeant

1887 592 1946 643 ut
1990 584 2170 641 nullus
2204 584 2458 654 deinceps
2492 581 2875 654 propinquare,
2906 594 3008 637 nec
3054 592 3221 649 quam
3263 577 3485 648 prepin-

1886 694 2024 749 quns
2064 678 2273 743 habuit,
2303 691 2528 732 uxorem
2561 674 2792 745 accipiat
2833 673 2889 728 in
2923 673 3196 743 coniugio,
3224 679 3280 728 et
3298 670 3485 727 uxoris

1886 771 2163 844 parentela
2204 771 2282 833 ita
2325 771 2398 826 sit
2449 770 2567 831 viro
2605 769 2746 827 sicut
2783 775 2840 827 et
2907 767 3130 838 propria
3177 765 3480 836 parentato.

1958 869 2453 937 5.00nsobrinam‘
2474 881 2518 935 ο,
2546 878 2782 951 neptem,
2802 883 3111 935 novercam,
3139 867 3323 937 lintris
3351 883 3486 923 uxo-

1887 984 2004 1031 rem
2032 964 2071 1032 ³,
2104 966 2186 1022 vel
2217 966 2380 1025 etiam
2411 964 2477 1025 de
2512 963 2728 1035 propria
2759 961 3161 1029 coniunctione,
3205 968 3299 1027 aut
3320 975 3485 1032 quam

1889 1065 2150 1129 cognatus
2176 1055 2385 1120 habuit,
2435 1053 2611 1109 nullus
2634 1054 2827 1108 audeat
2848 1053 2903 1108 in
2926 1054 3177 1123 coniugio
3205 1051 3482 1121 copulare.

1891 1149 1950 1204 Si
1988 1149 2110 1218 quis
2133 1148 2261 1202 huic
2302 1145 2399 1201 tali
2444 1144 2652 1213 nefario
2691 1145 2941 1217 coniugio
2975 1144 3403 1214 secopulaverit,
3431 1149 3487 1198 et

1891 1240 1945 1296 in
1973 1255 2040 1295 eo
2065 1240 2446 1310 permanserit,
2471 1238 2678 1293 sciatse
2698 1238 2991 1307 episcopali
3012 1238 3337 1293 auctoritate
3357 1251 3489 1304 ana-

1891 1334 2146 1403 thematis
2182 1331 2396 1387 vinculo
2418 1345 2538 1395 esse
2584 1331 2913 1399 innodatum,
2948 1338 3005 1397 ut
3028 1330 3205 1395 nullus
3234 1329 3488 1395 sacerdos

1891 1426 1970 1481 illi
2012 1426 2212 1481 tribuat
2248 1425 2700 1483 communionem.
2725 1425 2782 1481 Si
2817 1442 2948 1487 vero
2988 1440 3282 1487 conversus
3321 1424 3489 1487 fuerit

1892 1525 1946 1587 et
1982 1518 2187 1587 divisus
2215 1517 2283 1572 ab
2335 1517 2521 1585 illicita
2561 1518 2921 1591 copulatione,
2978 1517 3173 1588 dignae
3218 1516 3490 1591 poeniten-

1892 1607 2001 1663 tiae
2046 1607 2418 1681 submittatur,
2485 1615 2545 1661 ut
2600 1606 2913 1675 sacerdotes
2952 1605 3058 1677 loci
3109 1605 3489 1675 considerave-

1892 1701 2025 1771 rint.

1964 1815 1999 1871 6
2023 1816 2065 1870 ⁸.
2115 1815 2454 1888 Quamquam
2489 1813 2510 1854 τ
2554 1814 2855 1883 sacerdotis
2914 1813 3287 1883 testimonium
3323 1810 3496 1877 credi.-

210 1904 520 1968 adwcatos.
569 1903 695 1974 qnia
737 1902 975 1977 episcopi
1008 1902 1356 1973 universique
1382 1902 1702 1967 sacerdotes
1726 1904 1794 1958 ad
1822 1904 1872 1964 B
1897 1912 2004 1971 bile
2047 1911 2332 1979 habeatur,
2389 1918 2568 1967 tamen
2629 1909 2731 1980 ipsi
2771 1910 2826 1975 in
2873 1909 3210 1973 secularibus
3264 1905 3497 1978 negotiis

209 1994 370 2050 solam
394 1992 616 2047 laudem
646 1992 1125 2073 Deibonorumque
1144 2007 1366 2065 operum
1388 1992 1658 2061 actionem
1673 2008 1807 2049 con-

209 2086 524 2141 stituuntur.
577 2083 745 2139 Debet
768 2098 898 2157 ergo
938 2085 1308 2165 unusquisque
1334 2098 1522 2153 eorum
1561 2092 1669 2145 tam
1703 2098 1803 2154 pro

212 2177 587 2233 ecclesiasticis
613 2177 794 2233 causis
819 2192 981 2246 quam
1024 2178 1185 2232 etiam
1220 2192 1319 2246 pro
1361 2176 1599 2248 propriis
1641 2176 1804 2237 actio-

213 2269 363 2325 nibus
399 2268 534 2333 suis,
570 2277 799 2340 excepto
832 2268 1050 2349 publico
1077 2267 1327 2329 videlicet
1365 2269 1593 2333 crimine
1622 2271 1674 2336 ’,
1708 2270 1803 2325 ha-

213 2361 333 2417 bere
368 2359 694 2421 advocatum
743 2375 849 2416 non
878 2359 1052 2425 maiae
1092 2358 1270 2426 famae
1318 2362 1669 2433 suspicatum,
1707 2364 1800 2419 sed

216 2456 381 2511 bonae
443 2453 714 2524 opinionis
755 2461 809 2519 et
866 2452 1153 2521 laudabilis
1201 2453 1336 2521 artis
1386 2455 1684 2522 inventum,
1734 2472 1801 2517 ne

220 2546 337 2602 dum
363 2546 608 2601 humana
639 2544 790 2602 lucra
835 2544 1141 2611 attendunt,
1167 2554 1387 2611 aeterna
1406 2545 1648 2616 praemia
1672 2560 1800 2617 per-

220 2639 361 2696 dant.

1902 2018 2001 2073 pro
2038 2002 2352 2059 testimonio
2411 2008 2504 2067 aut
2563 2000 2913 2067 conﬁciendis
2965 2000 3343 2067 instrumentis
3387 2012 3499 2064 non

1904 2103 2184 2167 rogentur,
2227 2094 2352 2164 quia
2372 2109 2465 2149 eos
2506 2094 2563 2149 in
2586 2093 2787 2149 talibus
2834 2095 2997 2149 rebus
3043 2106 3164 2159 esse
3214 2107 3322 2151 non
3371 2105 3501 2149 con-

1902 2187 2068 2253 venit.
2120 2185 2181 2242 Si
2207 2195 2388 2243 autem
2426 2201 2589 2251 causa
2625 2195 2851 2243 eventus
2880 2186 3084 2255 aliquid
3110 2183 3380 2251 audierint
3408 2190 3502 2241 aut

1904 2279 2155 2343 viderint,
2194 2277 2285 2335 ubi
2307 2276 2487 2333 nullae
2510 2276 2735 2335 idoneae
2763 2276 3035 2343 seculares
3064 2289 3327 2348 personae
3348 2274 3499 2333 inve-

1904 2373 2143 2438 niantur,
2160 2387 2227 2431 ne
2243 2371 2442 2433 veritas
2461 2370 2763 2439 occultetur
2774 2379 2828 2426 et
2846 2371 3045 2437 malum
3061 2370 3114 2435 in
3129 2370 3331 2433 bonum
3345 2367 3502 2433 cesti.

1904 2470 2101 2527 metur,
2132 2462 2187 2516 in
2210 2461 2549 2531 providentia
2595 2462 2832 2531 episcopi
2860 2461 3062 2531 proprii
3098 2460 3186 2524 sit,
3217 2460 3293 2515 ita
3324 2465 3385 2513 ut
3409 2472 3499 2519 cn-

1902 2569 2021 2613 ram
2055 2568 2114 2609 se
2147 2562 2240 2613 aut
2284 2554 2716 2625 competentibus
2745 2552 3018 2623 iudicibus
3044 2559 3139 2617 aut
3169 2551 3329 2621 aliter
3367 2549 3501 2615 veri-

1905 2651 2077 2711 tatem
2120 2643 2417 2711 honoriﬁce
2458 2644 2673 2711 tollant.

1397 2778 1795 2836 VARIANTES
1832 2778 2126 2836 LECTION
2132 2779 2236 2836 ES.

299 2887 312 2918 ⁸
339 2886 677 2962 universique
706 2884 784 2944 Π.
864 2884 1058 2962 ζει-ει
1080 2903 1181 2962 pro
1206 2891 1457 2948 omnibus
1481 2891 1697 2962 placitis
1730 2892 1787 2948 in
1812 2900 2151 2950 sacramento
2180 2893 2237 2949 h.
2275 2891 2338 2948 γ.
2385 2890 2485 2950 γη.
2518 2892 2586 2949 E.

236 2957 299 3010 Α.
368 2958 389 2990 ⁸
413 2974 469 3013 n.
496 2966 550 3014 et
575 2972 831 3029 sponsam
864 2958 929 3015 V.
968 2957 1100 3017 νηί
1147 2961 1169 2995 ⁸
1196 2963 1337 3019 deest
1360 2963 1417 3018 in
1444 2957 1734 3020 codicibus.

309 3216 332 3244 ει
361 3203 515 3270 llum,
543 3221 659 3277 cap.
698 3206 788 3264 92.

305 3295 331 3334 1³
352 3293 509 3362 Μαι-η
536 3312 584 3352 c.
615 3297 707 3354 95.

299 3396 319 3421 ε
347 3385 563 3455 Μαι-ηε.
596 3387 687 3446 96.

2690 2898 2710 2928 ³
2740 2896 2879 2952 deest
2900 2898 2953 2952 in
2994 2894 3144 2953 Amb.
3240 2894 3261 2928 ⁵
3286 2887 3427 2961 deest
3456 2893 3509 2948 in

1749 3098 1983 3157 ΝΟΤιΕ.

1999 3212 2221 3289 ἦμος..
2250 3229 2300 3289 c_.
2326 3215 2416 3289 98.
2443 3216 2540 3273 Est
2569 3217 2683 3274 fere
2710 3227 3023 3289 excerptum
3058 3222 3284 3278 canonis
3308 3224 3395 3289 58,
3455 3224 3508 3279 in

1919 3283 2120 3361 Codice
2140 3284 2652 3361 Blankenburgensi.

1999 3367 2023 3397 ο
2052 3356 2189 3411 Mur.
2205 3396 2220 3422 ,
2245 3371 2296 3411 c.
2321 3357 2409 3413 99.

2000 3426 2022 3467 ί
2050 3426 2211 3495 Mum,
2234 3442 2284 3485 c.
2314 3427 2436 3485 101.

1233 3717 1536 3782 DIVISIO
1578 3723 1883 3788 lMPERlI
1929 3694 2077 3805 (An.
2102 3729 2248 3804 839,
2283 3730 2491 3810 Jun.).

1506 3866 2198 3896 ...ξ-*δη

292 3942 1169 4029 βτίξῖξξῖθωᾼᾲῗῆβίσὲξεᾼίωβθνίὶ
1199 3943 1531 4029 {Ludwig}
1575 3948 1632 4029 Ι,
1670 3949 2005 4029 Wormatiae,
2039 3971 2226 4029 mense
2273 3955 2597 4029 Junioianni
2638 3957 2743 4013 8'59
2784 3957 2925 4013 inter
2970 3954 3284 4014 Lolliarium
3315 3952 3370 4016 et
3412 3962 3517 4019 Ca-

226 4015 397 4103 rolum
419 4012 1276 4103 iihossuosinstitutisadservavit
1304 4018 1461 4085 nobis
1486 4012 1807 4087 Prudentius
1845 4024 1902 4079 in
1931 4012 2227 4090 Annalibus
2264 4012 2625 4095 mon.7Gerrn,
2801 4012 2915 4103 hil,
2944 4046 2997 4100 p.
3024 4012 3339 4097 155,
3353 4012 3515 4090 tunde

229 4087 538 4159 decerptam
565 4085 763 4141 iterum
805 4086 894 4142 hic
908 4080 1164 4153 sistimus
1189 4100 1237 4142 ι.

656 4228 667 4231 “
696 4219 829 4260 PARS
865 4221 1076 4260 ALTERA
1111 4222 1311 4263 BABUIT
1336 4224 1352 4264 :

293 4299 551 4370 Regnum
575 4295 762 4365 italiae
785 4297 1102 4379 partemque
1138 4294 1499 4369 Burgundiae,
1520 4300 1575 4355 id
1600 4310 1685 4367 est
1712 4299 1825 4356 val.

227 4392 326 4449 lem
356 4392 758 4461 Augustanam,
786 4392 1104 4461 comitatum
1157 4392 1511 4461 Vallissorum
1536 4435 1551 4459 ,
1601 4396 1828 4459 comitag

230 4494 336 4541 tum
369 4464 725 4540 Waldensem
754 4497 924 4552 usque
960 4484 1029 4539 ad
1052 4496 1201 4539 mare
1230 4483 1498 4551 Rhodani,
1541 4501 1605 4542 ac
1637 4486 1828 4541 deinde

229 4573 553 4632 orientalem
580 4581 742 4643 atque
768 4574 1125 4643 aquilonalem
1151 4574 1395 4632 Rhodani
1420 4585 1631 4646 partem
1658 4593 1833 4647 usque

230 4669 294 4725 ad
307 4668 637 4725 comitatum
655 4667 1090 4741 Lugdunensem,
1108 4670 1425 4735 comitatum
1454 4670 1828 4744 Scudingium,

231 4764 557 4818 comitatum
605 4760 977 4817 Wirascorum
998 4804 1013 4828 ,
1065 4764 1382 4819 comitatum
1438 4764 1826 4836 Portisiorum;

233 4856 560 4921 comitatum
625 4851 1061 4923 Sueptisiorum,
1115 4857 1432 4919 comitatum
1485 4856 1825 4921 Calmonten-

235 4949 398 5018 simu,
446 4948 703 5005 ducatu-
732 4948 1167 5017 llusellicorum,
1216 4951 1534 5006 mmitatum
1586 4952 1833 5009 Arduen-

237 5043 514 5107 nensium,
548 5040 864 5101 comitatum
890 5039 1231 5097 Condorusto
1251 5082 1265 5107 ,
1317 5041 1442 5096 inde
1482 5054 1580 5117 per
1609 5058 1828 5098 cursum

238 5133 425 5197 Mosae
458 5148 630 5205 usque
660 5132 715 5189 in
750 5148 921 5207 mare,
950 5133 1204 5195 ducatum
1241 5125 1645 5201 Ribuariorum,
1679 5134 1833 5191 ποι-ν

240 5227 531 5294 mazfelda,
558 5226 972 5299 Sperohgouwi,
1017 5229 1270 5285 ducatum
1319 5228 1627 5293 Belisatiae,
1676 5229 1838 5291 duco-

244 5330 359 5378 tum
392 5322 749 5385 Alamanniae
771 5363 786 5391 ,
826 5322 1044 5379 Curiam
1066 5364 1080 5389 ,
1121 5321 1376 5379 ducatum
1430 5321 1835 5379 Austrasiorum

245 5432 373 5473 cum
396 5410 721 5474 Swalafelda
744 5425 799 5473 et
820 5408 1097 5489 Nortgowi
1126 5426 1181 5473 et
1211 5414 1389 5482 Bessi,
1433 5416 1689 5473 ducatum
1727 5414 1837 5471 To-

1844 4212 1889 4276 C
1922 4212 2181 4284 ringubae
2210 4232 2331 4271 cum
2356 4216 2595 4272 marchis
2636 4216 2779 4284 suis,
2822 4230 3048 4289 regnum
3079 4214 3346 4277 Saxoniae
3392 4233 3516 4274 cum

1926 4305 2163 4369 marchis
2193 4307 2336 4381 suis,
2370 4307 2624 4369 ducatum
2654 4298 2872 4372 Fresiae
2912 4323 3083 4377 usque
3120 4308 3323 4375 Mosam
3353 4311 3519 4365 comi-

1926 4403 2100 4463 tatum
2131 4386 2464 4464 Hamarlunt,
2489 4399 2806 4463 comitatum
2830 4398 3173 4472 Batavorum,
3201 4396 3519 4465 comitatum

1930 4480 2425 4558 Testrabenticum,
2446 4478 2765 4548 Dorestado.

2398 4598 2529 4638 PARS
2566 4598 2778 4639 ALTERA
2814 4600 3046 4640 BABUI'I‘:

2003 4674 2244 4733 Alteram
2268 4684 2478 4747 partem
2501 4677 2865 4748 Burgundiae,
2902 4676 2957 4732 id
2982 4682 3068 4734 est
3083 4678 3397 4733 comitatum
3423 4679 3524 4734 Ge-

1933 4781 2255 4833 navensem,
2315 4768 2630 4822 comitatum
2697 4767 3146 4839 Lugdunensem,
3203 4769 3518 4823 comitatum

1934 4855 2397 4924 Cavallonensem,
2431 4858 2751 4916 comitatum
2789 4859 3025 4923 Amans,
3051 4858 3368 4919 comitatum
3414 4861 3520 4916 Ha-

1935 4950 2250 5013 toariorum,
2280 4951 2599 5009 comitatum
2648 4951 3021 5021 Llngonicum,
3052 4951 3368 5013 comitatum
3394 4952 3523 5007 Tul-

1933 5040 2186 5108 lensium,
2223 5050 2278 5103 et
2300 5044 2379 5101 sic
2403 5056 2501 5116 per
2540 5044 2827 5107 decursum
2870 5044 3049 5101 Mosae
3075 5060 3245 5113 usque
3272 5043 3324 5101 in
3350 5061 3520 5113 mare,

1935 5145 1991 5192 et
2021 5137 2162 5195 inter
2187 5136 2390 5193 Mosam
2411 5148 2464 5193 et
2490 5137 2813 5209 Sequanam,
2856 5146 2908 5193 et
2936 5139 3076 5195 inter
3114 5138 3420 5206 Sequanam
3465 5148 3522 5194 et

1940 5228 2174 5298 Ligerim
2211 5246 2333 5284 cum
2383 5231 2604 5285 marcha
2663 5230 3012 5295 Britannica,
3070 5228 3417 5300 Aquitaniam
3466 5237 3523 5285 et

1939 5319 2285 5377 Wasconiam
2314 5332 2434 5377 cum
2462 5321 2697 5378 marchis
2717 5322 2784 5378 ad
2807 5337 2864 5377 se
2883 5321 3278 5393 pertinentibus
3297 5364 3313 5392 ,
3349 5322 3525 5395 Septl~

1940 5417 2178 5470 maniam
2198 5433 2322 5471 cum
2355 5416 2589 5473 marchis
2616 5416 2747 5483 suis,
2778 5425 2832 5472 et
2855 5416 3217 5473 Provinciam.

1773 5523 2003 5619 Notus.

325 5682 354 5710 ι
382 5668 923 5745 PortiermACarolo
964 5687 1108 5745 anno
1151 5675 1252 5733 837
1287 5673 1461 5745 Aquis
1503 5675 1831 5745 assignatam

256 5752 543 5809 recensent
586 5739 930 5811 Prudentius.
974 5760 1026 5811 ν·
1069 5743 1201 5821 iiii.
1246 5754 1301 5815 et
1329 5739 1645 5819 Nithardus'.
1675 5747 1769 5813 lih-
1802 5764 1841 5816 ιι

226 5838 239 5901 ι

1940 5691 2058 5747 cap.
2082 5678 2134 5743 6,
2160 5676 2304 5734 Non.
2327 5677 2512 5735 Germ.
2541 5679 2665 5745 .38.,
2689 5688 2730 5736 t.
2753 5680 2817 5749 ll,
2839 5694 2895 5753 p.
2930 5678 3054 5738 055.
