3992 6344
475 332 574 391 671
1362 328 1424 384 Β.
1466 326 1721 386 CAROLI
1757 324 1978 385 MAGNI
2015 323 2069 384 Ol

2236 323 2390 382 ἈΚΒ
2423 325 2467 382 I.
2509 323 2704 383 SEC'I'.
2744 325 2783 380 l.

3690 327 3786 386 επ

548 578 574 610 ⁸
608 571 908 636 CAROLI
940 570 1205 635 MAGNI
1241 569 1752 633 CAPITULARE
1788 567 2196 631 MISSORUM
2236 568 2824 643 AQUITANORUM
2863 569 3016 649 (An.
3049 570 3193 647 789,
3228 571 3417 633 Mart.
3454 572 3714 652 Aquis).

542 760 624 834 Ex
653 763 842 818 eodem
879 762 1079 819 Codice
1106 762 1394 829 Vossiano,
1420 763 1514 819 fol.
1555 764 1676 828 151,
1708 766 2062 834 exscriptum,
2108 780 2251 818 anno
2278 763 2383 820 789
2412 760 2803 834 assignavi,iob
2832 768 3238 834 sacramentum
3268 757 3560 834 ﬁdelitatis
3590 758 3651 834 in
3690 757 3776 834 Ca:

470 831 692 906 pitulari
730 834 967 906 generali
1007 834 1124 903 ejus
1167 834 1296 889 anni
1332 828 1732 905 praescriptum.
1776 828 2126 906 Cui-quidem
2168 836 2400 905 tempori
2446 844 2500 890 et
2525 828 2731 906 'v'iginti
2778 832 2909 906 ann_i
2937 830 3061 906 inde
3087 831 3169 906 ab
3210 830 3385 906 initio
3405 830 3566 900 regni
3611 828 3777 885 Caroli

469 900 805 977 praeterlapsi
849 900 1050 977 (cappf
1076 907 1132 972 2,
1160 907 1223 971 5)
1268 900 1472 975 optime
1509 900 1834 977 congruunt.
1887 900 2174 962 M'issorum
2215 900 2432 961 nomina
2456 948 2470 971 ,
2514 900 2735 977 Mane-io»
2764 911 2820 956 et
2842 902 3207 977 _Eucberi_u_s_,
3246 900 3560 977 Aquitanos
3596 916 3780 977 genere

469 985 725 1101 arguunt.
758 976 1004 1048 Capitula
1029 978 1097 1033 ad
1137 978 1584 1034 constitutionem

469 1060 577 1101 run
605 1063 691 1101 ur.

468 1060 691 1103 runtur.

966 1179 1170 1218 INCIPIT
1208 1179 1538 1219 BBEVIABIUI

465 1279 544 1337 De
563 1280 659 1337 illa
683 1280 916 1354 capitula
941 1298 1076 1354 quae
1098 1281 1322 1336 domnus
1350 1299 1443 1336 rea:
1464 1283 1519 1336 in
1546 1281 1839 1354 Equitania
1865 1282 1885 1313 ί
1910 1282 2072 1338 Man-

538 1354 686 1425 cion‘e
712 1352 759 1406 et
784 1353 813 1392 b
838 1352 1067 1425 Eugerio
1106 1354 1282 1408 missis
1306 1354 1417 1408 suis
1443 1352 1651 1425 explere
1679 1364 2071 1410 sacramentum

535 1421 785 1493 ﬁdelitati
805 1421 985 1477 einrde
1021 1424 1065 1476 ².

536 1536 590 1591 1.
633 1536 711 1591 De
748 1536 844 1591 illo
882 1536 1064 1592 edicto
1088 1536 1233 1606 quod
1274 1537 1507 1595 domnus
1546 1549 1602 1596 et
1627 1542 1840 1611 genitor
1884 1548 2075 1598 noster

462 1629 692 1700 Pipinus
747 1629 1011 1695 instituit,
1065 1638 1120 1684 et
1164 1647 1265 1686 nos
1314 1632 1369 1686 in
1432 1635 1775 1702 postmodum
1830 1649 1930 1704 pro
1974 1651 2069 1693 no-

464 1730 610 1778 stros
650 1720 671 1752 ³
702 1722 901 1777 missos
926 1738 1253 1779 conservare
1294 1734 1349 1779 et
1394 1726 1620 1797 implere
1651 1728 1908 1785 iussimus
1931 1770 1947 1796 ,
1988 1728 2074 1786 vel

463 1814 533 1870 de
555 1823 774 1871 nostros
804 1814 1014 1871 edictos
1043 1818 1315 1887 quomodo
1342 1818 1563 1875 fuerunt
1588 1823 1865 1877 custoditi.

533 1907 588 1962 2.
638 1908 713 1965 De
766 1908 856 1963 illa
897 1911 1297 1966 restauratione
1340 1913 1697 1969 ecclesiarum
1736 1915 1811 1970 illi
1852 1917 1945 1986 qui
1985 1933 2073 1974 res

460 2013 650 2054 eorum
672 2000 874 2056 habent
894 2016 993 2071 per
1014 2002 1150 2058 istos
1171 2003 1242 2059 20
1264 2019 1457 2072 annos,
1484 2005 1613 2075 quid
1630 2021 1791 2078 egere
1808 2008 1951 2077 inde,
1977 2018 2072 2065 aut

465 2106 637 2162 quare
663 2108 774 2148 non
807 2102 956 2149 sunt.

532 2184 587 2239 3.
626 2183 694 2241 Ut
719 2185 767 2240 si
798 2185 995 2255 aliquis
1017 2187 1084 2242 de
1109 2186 1231 2242 illas
1254 2203 1343 2243 res
1369 2188 1652 2255 ecclesiae,
1682 2206 1818 2261 quas
1839 2208 1906 2249 eo
1931 2202 2072 2250 tem-

464 2294 597 2351 pore
622 2282 974 2351 possidebant
994 2284 1213 2353 quando
1248 2283 1337 2339 illa
1364 2287 1538 2354 patria
1570 2286 1712 2343 Deus
1735 2290 1836 2344 sub
1865 2290 2070 2347 nostris

462 2371 715 2428 manibus
753 2374 956 2443 posuit,
988 2384 1176 2446 postea
1223 2377 1567 2434 minimatum
1601 2380 1687 2436 vel
1735 2381 2070 2439 abstractum

458 2462 563 2519 fu’t
590 2465 806 2521 exinde.

1674 979 1841 1051 ippini
1866 993 2031 1049 supra
2052 978 2255 1033 editam
2294 986 2350 1033 et
2379 978 2609 1032 alteram
2640 992 2671 1030 a
2697 974 2894 1031 Carolo
2914 990 3059 1031 anno
3087 973 3193 1030 779
3220 974 3629 1044 promulgatam
3654 972 3776 1027 refe-

2095 1169 2148 1227 Α
2246 1164 2298 1217 7.
2347 1163 2418 1220 Ut
2463 1161 2608 1234 quod
2661 1160 2684 1192 ‘
2720 1159 2957 1216 ostiliter
3010 1159 3081 1215 ad
3116 1173 3217 1214 nos
3253 1168 3467 1230 perget,
3519 1156 3774 1228 quomodo

2177 1258 2370 1314 debeat
2392 1270 2575 1328 agere.

2245 1350 2299 1405 8.
2330 1343 2400 1406 Ut
2440 1348 2569 1404 dum
2606 1346 2662 1403 in
2695 1346 2854 1401 hoste
2884 1354 2978 1400 aut
3006 1344 3063 1399 in
3107 1343 3287 1413 aliqua
3318 1341 3571 1397 utilitate
3603 1351 3771 1395 nostra

2175 1443 2373 1513 aliquis
2409 1443 2429 1473 ⁸
2471 1441 2656 1505 fuerit,
2698 1448 2753 1495 et
2783 1440 2848 1494 de
2882 1438 2996 1493 suis
3032 1452 3121 1492 res
3149 1435 3343 1505 aliquit
3398 1423 3771 1488 exforciaverit

2174 1536 2261 1592 vel
2282 1534 2670 1592 disvestiverit.

2246 1631 2299 1686 9.
2338 1630 2414 1684 De
2441 1628 2549 1683 illis
2575 1625 2855 1682 beneficiis
2884 1621 3213 1679 intentiosis.

2249 1724 2336 1777 10.
2377 1723 2453 1778 De
2480 1720 2663 1776 missis
2690 1718 2917 1784 nostris,
2946 1713 3206 1787 quicquid
3224 1711 3368 1783 apud
3401 1710 3521 1766 illis
3547 1708 3769 1764 seniores

2174 1815 2586 1875 consensaverit
2608 1813 2652 1867 ⁸.

2247 1911 2333 1965 ll.
2359 1909 2431 1966 Ut
2452 1908 2662 1963 decima
2692 1904 2759 1960 de
2787 1902 2973 1959 omnia
2995 1899 3290 1957 secundum
3334 1898 3641 1953 iussionem
3667 1908 3766 1963 ept-

2174 2004 2322 2074 scopi
2351 2003 2754 2074 dispensentur,
2783 2006 2838 2053 et
2869 2011 3059 2053 omnes
3093 1996 3241 2051 dent.

2246 2097 2333 2151 12.
2365 2096 2442 2151 De
2466 2094 2573 2149 illis
2600 2092 2903 2148 latronibus
2925 2087 3233 2146 homicidiis
3266 2086 3285 2116 ⁷
3330 2086 3399 2139 de
3433 2079 3583 2137 infra
3613 2079 3768 2134 inmo—

2174 2189 2365 2245 nitate.

2247 2285 2335 2338 15.
2386 2282 2461 2337 De
2489 2280 2731 2337 vindicta
2778 2276 3081 2333 latronibus
3112 2273 3327 2342 aliquae
3353 2268 3441 2324 vel
3469 2265 3760 2324 occasione.

2244 2378 2333 2433 14.
2363 2378 2439 2432 De
2469 2377 2633 2431 rebus
2680 2372 2964 2439 ecclesiae,
3010 2384 3157 2425 nono
3200 2375 3253 2421 et
3302 2364 3518 2420 decimo
3590 2360 3666 2415 vel
3707 2358 3764 2413 de

2173 2470 2394 2544 quantis
2421 2468 2622 2524 casatis
2643 2466 2664 2497 ⁸
2694 2464 2972 2535 precarias
2996 2472 3262 2515 renovare
3292 2455 3469 2511 debet.

530 2555 585 2609 4.
639 2555 710 2612 Ut
757 2558 1018 2630 episcopi,
1066 2561 1282 2617 abbatis
1303 2562 1388 2617 vel
1444 2566 1705 2622 coenobie
1747 2576 2061 2625 sanctorum
2095 2537 2141 2598 Β
2191 2537 2209 2544 ’
2249 2563 2331 2619 15.
2359 2564 2435 2617 De
2457 2558 2678 2616 truste’
2709 2573 2815 2614 non
2839 2555 3105 2612 faciendo.

459 2651 562 2705 sub
593 2651 785 2707 ordine
833 2664 1025 2710 sancto
1064 2671 1186 2711 esse
1224 2657 1619 2725 redebuissent,
1660 2671 1885 2731 propter
1928 2664 2059 2734 quid

459 2756 568 2797 non
593 2753 739 2799 sunt.

2242 2658 2327 2712 16.
2358 2658 2434 2712 De
2470 2654 2701 2727 gellonia
2727 2652 2792 2704 ¹⁰.

2242 2751 2328 2804 17.
2371 2749 2448 2803 De
2505 2746 2760 2803 collectas
2810 2757 2973 2812 super
3010 2737 3401 2796 itinerantibus
3451 2734 3525 2798 ¹¹,
3576 2730 3649 2784 vel
3682 2728 3744 2784 de

529 2837 583 2893 δ’
629 2838 697 2896 U‘
725 2840 795 2896 ad
840 2841 962 2899 mos
1000 2858 1267 2916 Pauper“
1327 2862 1466 2902 “Ova
1494 2847 1672 2919 aliqua
1719 2852 2055 2909 consuetudo
2162 2844 2419 2917 pontibus
2456 2851 2551 2897 aut
2594 2840 2853 2911 navigiis,
2895 2836 2988 2909 qui
3040 2833 3305 2892 orationis
3360 2844 3521 2886 causa
3551 2826 3625 2889 “,
3658 2838 3739 2877 va-

460 2924 693 2997 inposita
719 2928 823 2985 fuit
847 2940 1056 3002 postea.
1646 3008 1651 3013 ε

529 3018 582 3075 6.
621 3019 904 3089 Quomodo
929 3024 1035 3081 illis
1058 3026 1335 3085 beneﬁciis
1356 3028 1558 3087 habent
1584 3033 1897 3092 condrictos
1934 3051 2061 3107 pro-

460 3111 697 3183 videant,
722 3115 809 3172 vel
833 3133 961 3174 suos
990 3120 1262 3191 proprios.

2171 2943 2329 3090 duilSI.
2364 3033 2441 3088 De
2473 3032 2641 3088 herba
2669 3026 3000 3085 delensionis
3040 3034 3285 3093 tempore
3321 3020 3382 3072 ι’.
3478 3076 3505 3105 ο

2680 3123 2901 3194 Reliqua
2936 3117 3263 3176 exciderunt.

1696 3245 2092 3307 VARIANTES
2130 3242 2536 3306 LECTIONES.

538 3345 552 3375 ‘
576 3344 860 3423 Mancione
884 3350 1152 3423 'l‘eugerio
1174 3355 1293 3408 cod.

461 3490 701 3555 correxi;
748 3491 1079 3549 intrantibus
1099 3512 1147 3549 ο.
1249 3498 1291 3528 “
1321 3500 1507 3555 clausa
1536 3519 1584 3555 c.

765 3364 860 3436 one
884 3350 1152 3436 Teugerio
1174 3355 1293 3436 cod.
1322 3427 1334 3436 _
1360 3357 1416 3436 __’
1442 3357 1553 3436 lege
1580 3359 1855 3436 lidelitatis
1892 3366 2146 3421 iniunxit.
2226 3365 2247 3396 ³
2274 3379 2374 3436 nos
2404 3360 2521 3436 cod.
2601 3357 2634 3436 ξ
2652 3355 3134 3436 Ιορεγμιίοιξιηᾳρὶθ.
3212 3349 3234 3379 ⁸
3263 3346 3461 3436 aliql'iit
3475 3362 3531 3436 ξ.
3601 3344 3751 3436 ἕξις.

463 3423 863 3500 consenserint.
940 3423 1022 3500 '__i.
1055 3440 1101 3477 ε.
1136 3425 1444 3500 homicidis.
1492 3423 1543 3460 ’⁸
1572 3432 1648 3485 ita
1677 3436 1917 3500 correxi;
1942 3439 2126 3493 causis
2162 3434 2400 3492 censetis
2421 3430 2540 3485 cod.
2615 3429 2636 3460 θ
2664 3423 2820 3481 triste
2848 3425 2965 3500 cod.

1684 3503 1729 3534 ⁸³
1754 3493 1880 3579 linis
1897 3493 2164 3578 'paginae;
2209 3505 2445 3579 proxime
2468 3516 2705 3573 sequens,
2730 3514 2866 3569 quae
2893 3498 3003 3551 iam
3029 3493 3207 3550 excisa
3225 3500 3321 3556 est,
3352 3496 3597 3559 excerpta
3627 3493 3748 3554 capi.

463 3567 577 3613 tum
606 3560 771 3616 18-25
797 3561 1123 3635 Capitularis
1150 3569 1279 3622 anni
1301 3570 1408 3627 779
1438 3560 1943 3644 praebuisse'uidei'i
1971 3560 2157 3651 565522

3047 3422 3088 3453 ¹⁰
3116 3422 3154 3475 i.
3198 3437 3245 3474 e.
3275 3414 3524 3489 geldonia
3601 3416 3642 3446 ¹¹
3669 3414 3752 3494 ὄις.

538 3785 564 3814 ι
585 3770 893 3844 Capitulare
920 3776 1043 3846 hoc,
1074 3778 1130 3835 in
1154 3780 1331 3851 prima
1351 3780 1530 3840 Caroli
1558 3784 1738 3858 Magni
1765 3693 2191 3860 Capitu13:2)1'11‘1;E
2185 3734 2501 3845 recensione
2525 3785 2806 3848 omissum,
2836 3780 2928 3837 hic
2952 3779 3216 3836 sistimus.
3244 3775 3402 3832 Ευιτ.

462 3910 3749 3960 W

1043 4036 1764 4201 APPENDIX
1875 4048 2067 4163 AD
2156 4031 3149 4164 CAPITULARIA.

669 4255 2417 4476 CAPITULABIA
2533 4258 3522 4477 SPUBIA.

1481 4568 2767 4605 ψ

945 4652 1243 4719 CAROLI
1288 4659 1549 4722 MAGNI
1590 4655 2122 4722 CONS’I‘ITUTIO
2167 4658 2828 4724 SCAHlNlNGENSIS
2880 4662 3029 4743 (An.
3078 4659 3252 4741 785).

526 4849 828 4921 Memorat
860 4847 1084 4921 annales
1111 4848 1506 4915 Laurissenses,
1539 4849 1793 4905 Carolum
1827 4866 1915 4903 an.
1951 4848 2055 4905 784
2091 4866 2189 4921 per
2218 4851 2571 4921 Thuringiam
2602 4849 2989 4921 Seabiningum
3029 4863 3203 4920 usque
3232 4864 3605 4921 progressum,
3634 4868 3749 4908 cum

453 4922 760 4979 Saxonibus
785 4918 981 4992 fecisse
1007 4921 1452 4987 conventionem;
1494 4936 1657 4991 quam
1696 4922 1869 4992 ipsam
1906 4922 1964 4976 in
1990 4918 2249 4979 Chronico
2274 4918 2509 4992 quodam
2534 4918 3046 4977 Gandersheiinensi
3082 4918 3375 4991 repertam,
3411 4918 3750 4979 10³11.οὴτὶ-

452 4994 744 5066 stophorus
771 4991 1085 5066 Harenberg
1119 5008 1222 5066 an._
1240 4992 1377 5066 1758
1419 4992 1473 5046 in
1488 4992 1677 5066 primo
1714 4991 1975 5066 fascieulo
2002 4991 2473 5066 Monumentorum
2509 4993 2895 5066 historicorum
2929 4991 3106 5066 adhuc
3142 4992 3474 5066 ineditorutn
3508 5009 3634 5066 pag.
3664 4994 3747 5060 90,

452 5062 732 5137 evulgasse
754 5063 1033 5137 professus
1058 5062 1161 5118 est.
1190 5063 1448 5137 Sedcum
1470 5064 1537 5137 de
1560 5062 1663 5117 Iide
1688 5063 1914 5137 editoris
1940 5064 2085 5137 haud
2126 5065 2202 5137 ita
2230 5073 2461 5130 constet,
2495 5072 2555 5137 ut
2588 5065 2656 5119 ab
2690 5080 2755 5121 eo
2779 5063 3296 5137 prolataindubiam
3331 5063 3433 5119 sibi
3462 5062 3750 5121 auctorita-

453 5144 562 5191 tem
584 5134 868 5191 vindicare
893 5136 1121 5205 possint,
1148 5143 1204 5190 et
1235 5134 1428 5189 saltem
1459 5136 1526 5191 de
1558 5135 1942 5191 vocabulorum
1968 5136 2051 5189 vel
2088 5136 2254 5190 etiam
2287 5136 2681 5191 sententiarum
2716 5143 2808 5190 aut
2837 5150 2935 5205 per
2968 5135 3299 5191 cbronistam
3336 5144 3430 5190 aut

3534 5152 3563 5191 r
3586 5138 3748 5193 edito-

453 5221 568 5261 rem
607 5206 1075 5279 immutationibus
1111 5206 1367 5279 suspicio,
1411 5208 1467 5279 in
1502 5207 1655 5273 locis,
1692 5222 1780 5261 ex.
1815 5222 1920 5279 ειη,
1973 5226 1991 5259 ι
2020 5206 2166 5262 etde
2199 5209 2493 5277 punctibus
2529 5206 2845 5262 multifariis
2883 5214 3208 5279 conventum
3245 5225 3265 5257 ι
3308 5226 3333 5279 μ
3368 5206 3425 5261 in
3457 5206 3583 5264 loco
3618 5207 3747 5263 Seli-

453 5286 685 5349 genstat,
721 5278 879 5348 vulgo
917 5278 1139 5334 Sliestat
1168 5298 1187 5330 ι
1216 5276 1221 5277 “
1258 5297 1277 5331 ι
1313 5278 1553 5333 decimas
1578 5287 1627 5332 et
1656 5276 1923 5333 nonas'ex
1951 5279 2099 5334 omni
2125 5276 2394 5349 proventu
2428 5298 2445 5330 ι
2523 5298 2539 5330 ε
2574 5280 2711 5333 dona
2739 5286 3084 5348 component,
3127 5298 3144 5329 ι
3176 5276 3323 5334 haud
3354 5279 3582 5336 omnino
3619 5292 3746 5335 vana

454 5363 572 5403 esse
604 5348 870 5415 videatur,
900 5349 1077 5405 dubia:
1115 5350 1240 5405 ﬁdei
1269 5350 1653 5406 documentum
1695 5348 1839 5404 inter
1872 5351 2105 5420 genuina
2132 5348 2316 5406 Caroli
2353 5349 2674 5420 capitularia
2713 5367 2823 5406 non
2854 5349 3224 5421 recipiendum
3258 5349 3467 5405 censui.

523 5462 659 5520 Cum
704 5463 760 5518 in
798 5461 1031 5520 Saxonis
1076 5463 1328 5520 orientali
1384 5480 1492 5520 una
1544 5479 1670 5521 cum
1720 5464 2051 5533 primoribus
2075 5467 2123 5530 C
2156 5464 2502 5538 Seligenstat,
2554 5466 2714 5537 vulgo
2761 5463 3002 5531 Sliestat,
3051 5465 3182 5520 inter
3222 5463 3477 5523 Orebeim
3522 5474 3579 5521 et
3619 5464 3744 5521 Sca-

452 5558 791 5615 Francorum
842 5567 899 5615 et
942 5556 1306 5614 Ostsaxonum
1352 5557 1617 5628 placitum
1669 5555 1812 5614 infra
1864 5557 2048 5612 villam
2154 5561 2313 5633 nigge
2340 5560 2434 5615 ﬁat
2470 5561 2690 5632 cpidum
2730 5577 2799 5617 ex
2825 5561 2974 5626 villa,
3004 5568 3059 5616 et
3089 5561 3163 5615 ibi
3199 5561 3486 5631 episcopus
3518 5558 3746 5616 Saxonis

454 5651 721 5725 Scanigge
783 5652 840 5708 in
878 5651 1288 5724 Nortthuringia
1309 5694 1324 5720 ,
1378 5653 1722 5709 adstantibus
1781 5654 2051 5724 episcopis
2152 5652 2433 5709 orientalis
2468 5652 2661 5710 sedere
2694 5653 2887 5723 possit.
2926 5653 2984 5708 ld
3010 5667 3139 5710 vero
3165 5652 3211 5708 si
3243 5651 3382 5709 ellici
3419 5667 3529 5709 non
3557 5651 3741 5723 possit.

451 5754 508 5805 et
541 5745 828 5803 abbatibus
856 5760 967 5802 non
999 5745 1209 5816 paucis,
1239 5744 1485 5801 habitum
1520 5745 1592 5801 sit
1630 5753 1686 5800 et
1723 5746 1790 5802 de
1826 5745 2048 5815 puncti-

2154 5746 2308 5804 locus
2346 5745 2523 5802 maior
2559 5754 2615 5802 et
2647 5746 2893 5802 munitus
2927 5747 2984 5802 in
3016 5746 3199 5801 sedem
3229 5745 3471 5816 episcopi
3501 5758 3602 5816 per
3626 5743 3747 5799 mis-

452 5837 558 5897 bus
588 5836 900 5897 multifariis
936 5845 1287 5896 conventum.
1323 5837 1723 5895 wnstituimus.
1753 5846 1815 5895 ut
1842 5838 1900 5895 in
1930 5837 2053 5895 loco
2153 5852 2245 5895 sos
2286 5845 2342 5895 et
2382 5837 2611 5895 comites
2635 5846 2855 5896 nostros
2882 5837 3198 5910 deligendus
3225 5845 3330 5902 est,
3361 5837 3454 5895 ubi
3498 5838 3568 5892 ab
3605 5836 3746 5891 inva-

3930 851 3933 1073 ι
