3992 6344
204 328 328 384 673

796 320 1029 380 CODEX
1066 319 1599 382 DIPLOMATICUS.
1626 355 1645 365 ιο
1658 353 1701 366 -
1728 322 2196 382 CAPITULARIA
2238 322 2513 383 SPURIA.
2548 354 2622 368 —
2656 322 2762 381 Art.
2804 322 2934 385 790.

3419 319 3530 378 ϐπ

207 442 473 500 sionibus
514 441 863 499 orientalium
896 442 1241 500 inimicorum
1276 438 1577 515 episcopus
1614 444 1691 499 nil
1731 444 1828 499 ha-
1857 450 1906 510 Α
1934 444 2232 499 secundum
2280 443 2427 517 leges
2465 445 2711 516 ipsorum
2759 441 3021 500 iudicium
3070 437 3302 497 facturis
3348 437 3543 495 volunt

206 540 349 597 beat
392 535 715 594 timendum.
751 535 1017 606 Episcopo
1054 543 1111 591 et
1135 534 1474 605 presbiteris,
1504 535 1598 605 qui
1632 534 1710 590 illi
1739 536 1832 591 de-

211 632 349 689 ben‘
383 644 507 685 esse
530 627 880 693 obedientcs,
918 624 1165 682 Saxones
1197 642 1297 697 pro
1322 626 1701 690 sacramentis,
1727 640 1829 696 pro

208 726 528 797 sepultura,
580 738 684 795 pro
734 720 912 778 oﬂicio
954 722 1128 785 vario,
1160 721 1367 777 dabunt
1403 720 1559 775 nihil.
1613 720 1831 775 Dabunt

209 833 349 874 vero
386 815 638 872 ecclesiis
670 813 897 885 singulis
944 812 1185 883 singulos
1214 826 1451 879 mansos,
1493 810 1747 881 episcopo
1775 818 1832 865 et

212 909 550 982 presbiteris
591 907 830 964 decimas
874 914 930 962 et
964 922 1138 962 nonas
1180 920 1248 961 ex
1273 906 1420 961 omni
1447 913 1733 976 proventu,
1771 913 1832 959 ut

212 1001 505 1057 antistites
546 999 902 1056 ecclesiarum
937 999 1063 1055 inde
1092 999 1305 1065 vivere,
1332 1013 1600 1069 pauperes
1651 998 1833 1054 suble-

210 1096 364 1162 vari,
386 1102 444 1149 et
462 1092 722 1149 utensilia
766 1090 1030 1148 ecclesiae
1065 1090 1330 1162 cuiusque
1374 1092 1678 1163 comparari
1703 1107 1831 1161 pos-

213 1189 360 1246 sint.

287 1282 681 1340 Promiserunt
704 1282 952 1337 Saxones
978 1288 1338 1346 sacramento,
1374 1282 1518 1353 quod
1556 1282 1701 1337 intra
1739 1296 1836 1336 an-

212 1390 358 1432 num
405 1391 533 1432 cum
577 1374 716 1438 suis,
773 1380 1040 1443 quotquot
1087 1375 1331 1430 nondum
1383 1382 1511 1429 sunt
1549 1373 1832 1445 baptizati,

1938 538 2190 594 scabinos
2235 554 2361 594 suos
2383 539 2699 611 adiungere,
2736 537 2880 608 quod
2900 533 3163 609 paganias
3194 547 3323 589 suas
3354 530 3545 596 volunt

1938 631 2234 696 dimittere,
2287 630 2432 701 quod
2477 629 2747 687 sacrificia
2793 628 3074 684 hominum
3121 634 3178 681 et
3220 624 3542 689 bestiarum,

1936 725 2299 782 cremationes
2342 724 2627 780 hominum
2664 731 3029 786 mortuorum,
3071 720 3279 776 incerta
3316 715 3546 789 auguria

1935 826 1992 873 et
2054 818 2416 875 divinationes
2486 816 2683 873 infidas
2746 816 3157 886 derelinquent,
3219 820 3277 869 et
3322 809 3547 882 regibus

1934 909 2272 966 Francorum
2329 925 2429 981 per
2474 910 2659 966 omnia
2713 909 3013 965 manebunt
3053 906 3273 973 ﬁdeles,
3322 912 3381 962 et
3417 911 3549 961 ante

1933 1003 2203 1060 Kalendas
2243 1003 2370 1059 Maii
2415 1005 2557 1061 dona
2604 1011 2933 1074 component
2970 1008 3028 1058 et
3059 1009 3252 1072 postea
3285 998 3444 1058 nobis
3476 996 3547 1055 ad

1937 1104 2147 1153 curtem
2182 1105 2429 1153 nostram
2454 1097 2731 1169 Eresburg
2777 1096 3029 1162 mittent,
3067 1095 3214 1165 quod
3246 1109 3370 1152 cum
3398 1093 3549 1149 iura-

1941 1196 2071 1244 runt
2104 1188 2291 1261 digitis
2329 1205 2384 1244 in
2427 1190 2641 1245 coelum
2684 1188 2933 1255 sublatis,
2978 1204 3082 1245 nos
3118 1186 3549 1261 misericorditer

1941 1291 1997 1338 et
2030 1282 2322 1353 propitiata
2367 1292 2553 1339 mente
2596 1283 2745 1353 ipsos
2788 1282 2845 1337 in
2890 1281 3338 1339 mundiburdium
3384 1295 3450 1336 ac
3489 1279 3547 1335 in

1944 1376 2236 1432 tuitionem
2262 1382 2509 1432 nostram
2536 1383 2958 1446 nostrorumque
2983 1388 3361 1431 successorum
3399 1387 3549 1429 rece-

212 1472 564 1544 haptismum
602 1470 920 1541 suscipient,
962 1467 1107 1541 quod
1143 1483 1269 1524 cum
1306 1467 1599 1523 comitibus
1634 1466 1841 1523 nostris
1943 1466 2144 1537 pimus.
2183 1466 2259 1521 1d.
2299 1464 2554 1538 Augusti.

228 1609 3518 1640 ΜΨ

575 1710 872 1775 CAROLI
916 1710 1180 1773 MAGNI
1225 1707 1660 1772 DECRETUM
1707 1706 1810 1769 DE
1855 1705 2405 1768 EXPEDITIONE
2447 1705 2791 1770 ROMANA
2843 1704 2997 1786 (An.
3032 1705 3202 1771 790).

291 1895 525 1953 Fictitia
559 1894 679 1951 haec
706 1894 917 1961 charta,
944 1895 1153 1951 ultimis
1186 1896 1493 1953 duodecimi
1530 1896 1713 1952 saeculi
1748 1896 1909 1952 annis
1939 1895 2209 1961 confecta,
2236 1909 2303 1951 eo
2336 1894 2708 1952 celebritatem
2738 1894 3029 1966 quamdam
3069 1900 3234 1966 nacta
3264 1901 3368 1960 est,
3409 1893 3550 1966 quod

219 1969 332 2026 viri
372 1965 523 2023 docti
547 1966 855 2035 complures
886 1967 1181 2022 maximam
1219 1982 1400 2023 rerum
1438 1968 1492 2022 in
1518 1966 1811 2024 Germania
1843 1977 2056 2032 nostra,
2084 1983 2249 2038 quam
2286 1966 2498 2023 smculis
2535 1983 2565 2021 κ
2594 1968 2677 2023 vel
2707 1965 2772 2022 καί
2802 1966 3099 2039 contigisse
3137 1965 3240 2021 sibi
3270 1981 3553 2092 Rersuase—

219 2049 377 2092 rant.
402 2039 887 2092 commutationem
923 2038 1049 2092 inde
1077 2038 1336 2092 exnlieari
1358 2053 1518 2092 nosse
1537 2039 1746 2092 oninati
1776 2047 1922 2092 sunt.
1969 2038 2078 2092 Se’d
2112 2053 2214 2092 nec
2250 2039 2609 2092 commutatio
2633 2039 2756 2092 'illa.
2785 2054 2889 2092 uita
2936 2038 3233 2092 liberorum
3307 2039 3553 2092 ominum

219 2049 377 2105 rant,
402 2039 887 2094 commutationem
923 2038 1049 2093 inde
1077 2038 1336 2109 explicari
1358 2053 1518 2109 posse
1537 2039 1746 2109 opinati
1776 2047 1922 2095 sunt.
1969 2038 2078 2094 Se’d
2112 2053 2214 2095 nec
2250 2039 2609 2095 commutatio
2633 2039 2756 2105 'illa,
2785 2054 2889 2109 qua
2936 2038 3233 2109 liberorum
3270 2038 3553 2093 hominum

220 2110 484 2168 ordinem
522 2109 580 2163 in
614 2123 803 2181 servos
836 2110 1117 2181 redactum
1150 2108 1326 2166 fuisse
1367 2108 1509 2181 apud
1538 2125 1597 2165 se
1633 2112 2053 2176 constituerant,
2090 2110 2272 2167 medio
2309 2125 2425 2165 aevo
2464 2110 2682 2174 accidit,
2715 2124 2815 2165 nec
2863 2108 3253 2181 constitutione
3264 2118 3468 2181 nostra
3498 2111 3552 2164 in

221 2198 344 2238 rem
380 2188 583 2237 vocata
616 2179 877 2249 explicari
906 2189 1110 2251 posset,
1148 2196 1271 2237 cum
1306 2181 1363 2236 in
1400 2179 1467 2236 ea
1503 2182 1569 2237 de
1599 2182 1757 2238 bellis
1792 2191 2006 2238 tantum
2040 2181 2418 2251 transalpinis,
2458 2197 2567 2237 non
2595 2196 2726 2235 vero
2759 2182 2826 2251 de
2862 2180 3030 2236 totius
3064 2179 3141 2234 rei
3171 2179 3378 2235 bellica:
3403 2197 3555 2237 com-

222 2253 541 2327 mutatione
571 2265 753 2327 sermo
790 2251 880 2327 sit.
905 2250 1132 2327 Charta:
1164 2253 1510 2327 mendacium
1544 2261 1602 2327 et
1642 2252 1817 2308 forma
1857 2253 1976 2324 ejus
2012 2262 2068 2309 et
2098 2250 2327 2327 materia
2364 2260 2619 2323 arguunt.
2658 2250 3122 2327 (Ionfi_ctan_t__esse
3154 2259 3326 2327 patet,
3366 2260 3426 2305 ut
3455 2268 3589 2327 pro!

224 2324 633 2381 constitutione
678 2321 859 2376 Caroli
905 2322 1085 2393 Magni
1132 2324 1375 2391 veniret;
1411 2323 1591 2380 Caroli
1624 2340 1858 2389 :nomen,
1887 2321 2088 2380 'annus
2120 2323 2243 2390 790,
2287 2321 2451 2393 regni
2493 2338 2752 2379 ntnnerus
2792 2322 2882 2388 22,
2932 2321 3236 2376 Wormatia
3288 2321 3472 2388 locus,
3503 2334 3557 2379 et

225 2411 384 2476 mora
432 2395 513 2451 ibi
546 2400 749 2476 tracta,
777 2392 1101 2476 scriptorem
1136 2406 1374 2476 arguunt
1412 2397 1657 2476 historiae
1689 2404 1745 2451 et
1769 2396 2044 2476 annalium
2076 2395 2199 2467 (Ex.
2232 2392 2687 2476 gr._hlettensium
2727 2395 2794 2476 ad
2816 2411 2907 2448 an.
2937 2392 3063 2463 790)
3092 2392 3248 2476 .haud
3280 2393 3551 2476 ignarum,

227 2468 433 2536 cuique
469 2466 689 2536 animus
723 2472 868 2520 esset
898 2464 1152 2536 chartam
1187 2464 1255 2521 ad
1282 2483 1483 2522 annum
1516 2467 1681 2522 istum
1712 2465 2053 2523 referendam
2088 2464 2460 2522 conscribere.
2489 2465 2677 2536 Quare
2710 2475 2762 2519 et
2789 2479 2978 2536 eorum
3018 2464 3201 2534 opinio
3240 2464 3332 2534 qui
3359 2465 3557 2521 Carolo

229 2535 432 2609 Iagno
475 2535 736 2594 Crassum
758 2544 863 2609 aut
894 2535 1287 2609 Chuonradum
1324 2536 1370 2593 Il
1409 2538 1744 2609 substituere
1798 2538 2167 2609 conatisunt,
2211 2536 2357 2609 nulla
2403 2538 2615 2609 ratione
2656 2535 2790 2609 fulta
2819 2535 3091 2609 facillime
3130 2537 3387 2609 concidit.
3436 2536 3557 2592 Jam

228 2606 362 2665 vero
391 2609 659 2679 chartam
686 2623 717 2662 a
744 2606 941 2679 Garolo
978 2607 1169 2679 Magno
1207 2609 1431 2664 minime
1466 2608 1787 2679 profectam,
1824 2626 1947 2665 cum
1979 2607 2229 2665 formula:
2269 2608 2645 2672 invocationis,
2684 2607 2985 2679 dignitatis,
3022 2606 3350 2679 cancellarii,
3380 2625 3555 2664 annus

234 2696 255 2732 ι
292 2680 361 2734 ab
390 2678 773 2735 incarnatione
797 2678 1034 2743 Domini,
1069 2678 1088 2730 ἰ
1139 2687 1254 2734 tum
1283 2678 1475 2735 oratio
1495 2682 1715 2737 chartas
1750 2680 1933 2737 seculi
1964 2696 2041 2736 xu
2077 2680 2347 2745 redolens,
2380 2687 2436 2734 et
2462 2679 2704 2734 narratio
2748 2678 2766 2729 ἀ
2798 2678 3032 2749 qualiter
3078 2678 3204 2732 dum
3245 2693 3343 2747 pro
3370 2689 3558 2735 nostra

233 2750 654 2822 consecratione
680 2765 1008 2822 coronaeque
1036 2752 1389 2820 perceptione
1425 2753 1809 2822 proﬁciscendi
1833 2761 2048 2822 tempus
2070 2753 2136 2807 ad
2165 2751 2518 2822 apostolicam
2546 2752 2729 2806 sedem
2765 2750 3074 2822 instaret...
3099 2749 3328 2817 contigit
3363 2751 3534 2822 princi

238 2765 654 2808 consecratione
680 2765 1008 2875 coronaeqiie
1036 2765 1389 2820 perceptione
1425 2765 1809 2822 prouerscenat
1833 2765 2048 2822 tempus
2070 2765 2136 2807 ad
2165 2765 2518 2822 aposwncam
2546 2765 2729 2806 sedem
2765 2765 3074 2805 mswret...
3099 2765 3328 2817 contigit
3363 2766 3534 2822 princ:

238 2836 339 2893 pes
370 2837 497 2878 cum
526 2821 796 2893 militibus
828 2820 896 2876 de
968 2836 1164 2876 omana
1192 2823 1536 2893 expeditione
1556 2840 1678 2893 quae
1705 2833 1835 2879 tunc
1865 2824 2101 2879 instabat
2133 2825 2330 2879 acerbe
2356 2822 2687 2878 contendere
2721 2840 2740 2873 ›
2772 2820 2990 2877 veritati
3019 2830 3203 2891 aperte
3231 2836 3557 2893 repugnans,

246 2892 652 2977 evidentisslme
693 2893 1091 2977 demonstrant.
1127 2893 1281 2977 unde
1321 2896 1545 2977 chartae,
1575 2892 1684 2977 non
1722 2911 1852 2950 casu
1893 2894 2078 2977 aliquo
2108 2895 2413 2977 depravatm
2450 2896 2839 2977 immutatmve,
3007 2896 3077 2945 ab
3116 2900 3339 2977 auctore
3375 2892 3560 2977 fallere

252 2964 471 3035 volente
498 2962 701 3035 edictae,
742 2964 948 3019 nullam
975 2964 1135 3033 plane
1161 2964 1321 3021 fidem
1353 2966 1698 3022 tribuendam
1728 2981 1847 3022 esse
1874 2962 2125 3022 ellicitur.
2157 2962 2417 3021 Confecta
2457 2973 2638 3019 autem
2668 2978 2790 3019 esse
2823 2962 3058 3035 videtur,
3090 2979 3212 3018 cum
3250 2964 3558 3035 frequentes

256 3034 519 3091 Friderici
580 3036 946 3119 expeditiones
966 3032 1166 3119 italicae
1182 3034 1241 3119 Δ(ς
1262 3052 1363 3119 pro
1397 3052 1598 3092 corona
1623 3045 1821 3119 nostra“
1838 3036 1915 3119 vel
1952 3036 2133 3119 alinttt!
2169 3037 2315 3117 regni
2344 3034 2573 3119 utilitate
2614 3045 2706 3119 aut
2732 3035 2938 3119 honore
2958 3032 3201 3119 {lo-maga
3217 3032 3488 3119 expeditio
3505 3036 3558 3118 ⁸»)

258 3121 509 3178 magnam
536 3104 660 3175 jam’
681 3106 971 3162 Germanis
998 3104 1307 3163 molestiam
1339 3109 1668 3178 ingererent,
1709 3117 1765 3163 et
1793 3107 2026 3164 fortasse
2039 3104 2164 3163 'litis
2199 3104 2483 3176 cujusdam
2526 3106 2582 3160 in
2612 3104 2854 3178 favorem
2890 3104 3105 3178 abbatis
3130 3104 3470 3178 Chiemensis
3502 3104 3555 3161 in

245 3173 476 3232 Bav'aria
515 3173 830 3249 dirimenda:
870 3193 1057 3235 causa.
1092 3178 1229 3233 Nam
1260 3180 1315 3233 in
1353 3173 1683 3235 bibliotheca
1724 3180 2045 3236 monasterii
2083 3173 2425 3235 Chiemensis
2460 3176 2900 3249 antiquissimum
2940 3173 3069 3249 ejus,
3092 3177 3369 3249 exemplar
3414 3180 3557 3234 circa

240 3263 448 3321 annum
474 3248 610 3305 1190
632 3259 939 3317 exaratum,
964 3250 1108 3305 unde
1134 3250 1341 3320 reliqua
1371 3252 1555 3306 omnia
1585 3251 1826 3307 derivata
1856 3258 2003 3317 sunt,
2031 3250 2322 3320 reperitur.
2378 3249 2429 3302 1.
2459 3250 2785 3321 Asservatur
2812 3248 2941 3303 illud
2980 3249 3032 3321 in
3058 3248 3386 3305 bibliotheca
3412 3250 3558 3321 regia

238 3318 556 3394 Monacensi
594 3320 740 3394 inter
775 3322 1103 3394 cimeliaiv,
1128 3322 1183 3387 5,
1211 3317 1503 3394 signatum,
1524 3330 1704 3394 atque
1739 3322 1923 3379 Codici
1950 3317 2137 3379 saeculi
2175 3338 2253 3394 xu
2284 3336 2314 3394 a
2346 3320 2635 3394 nobisgjam
2660 3317 2897 3394 laudato,
2931 3318 3129 3394 eadem
3154 3336 3317 3375 manu
3345 3317 3560 3376 charta-

234 3406 360 3447 rum
400 3392 599 3447 ductus
640 3392 889 3448 imitante
926 3391 1200 3461 adjectum
1241 3390 1346 3458 est,
1392 3394 1482 3450 cui
1507 3390 1764 3449 Codicem
1803 3394 2158 3449 traditionum
2208 3391 2614 3448 Chiemensium
2662 3391 2719 3446 in
2759 3407 2961 3447 annum
2998 3390 3137 3445 1190
3174 3402 3557 3447 excurrentem

234 3463 426 3518 deberi
463 3462 812 3518 Monumenta
847 3464 1031 3529 Boica,
1073 3474 1113 3519 t.
1137 3464 1201 3530 11,
1238 3480 1293 3534 p.
1320 3465 1447 3530 375,
1476 3472 1769 3520 testantur.
1797 3464 2013 3521 Codicis
2044 3464 2163 3533 ejus
2198 3466 2305 3520 duo
2350 3464 2659 3534 apographa
2696 3464 3047 3518 exstiterunt.
3106 3461 3161 3516 2.
3195 3461 3329 3534 Cod.
3366 3464 3561 3520 biblio-

235 3534 413 3590 theca:
450 3535 617 3605 regite
638 3534 977 3607 Monacensis
1013 3535 1192 3607 cimel.
1216 3533 1308 3607 "iv,
1336 3536 1455 3603 5-6,
1490 3536 1621 3591 olim
1657 3536 1896 3592 civitatis
1920 3535 2255 3607 Augustange
2292 3534 2435 3607 rubr.
2465 3533 2611 3591 sane.
2644 3550 2757 3607 xtl,
2779 3534 2939 3607 in-_8°,
2968 3533 3419 3607 Marco‘welsero
3449 3536 3561 3605 pri-

233 3620 389 3679 mum
422 3603 606 3679 notus,
643 3607 787 3679 unde
821 3606 1088 3679 editiones
1114 3604 1182 3679 A)
1210 3606 1655 3679 Rittershusiana
1688 3622 1775 3662 an.
1805 3608 1964 3672 1598,
1992 3603 2151 3671 iri-4°,
2181 3606 2511 3679 Freherjana
2551 3622 2642 3679 an.
2668 3604 2826 3671 1599,
2850 3603 3013 3679 ,lioan.
3051 3604 3220 3679 Wilh.
3253 3603 3559 3679 lloll‘manni

229 3674 535 3749 delineatio
571 3676 894 3749 haudisatis
931 3678 1056 3741 tida,
1092 3674 1206 3732 tuin
1230 3678 1498 3735 Gebaueri
1532 3678 1700 3734 editio
1740 3680 2039 3749 desumpta:
2073 3688 2223 3734 sunt.
2279 3679 2332 3733 5.
2368 3677 2549 3733 Codex
2588 3676 2727 3733 alter
2765 3692 2795 3732 e
2833 3676 3142 3749 Chiemensi
3174 3691 3320 3749 anno
3353 3677 3490 3749 1476
3530 3692 3560 3733 a

230 3746 581 3823 ξατο-,8³11)
621 3749 688 3803 de
712 3748 965 3823 Frisinga
982 3751 1380 3823 transcriptum
1417 3751 1761 3823 chartaceus,
1802 3767 1848 3823 a_
1871 3746 2279 3823 Sénkenbergio
2324 3749 2385 3823 ing
2416 3749 2748 3823 editionibus
2788 3749 2908 3823 suis
2933 3748 3041 3823 SI.)
3075 3746 3561 3823 in_CQrpore_juris

228 3817 475 3876 feudalis
488 3817 798 3878 Germanici
828 3817 919 3874 an:
946 3817 1342 3887 1740-et1772,
1371 3830 1534 3891 atque
1558 3820 1687 3891 Sll.)
1714 3823 1771 3875 in
1796 3821 1976 3876 Neuer
1998 3817 2313 3891 Sammfung
2350 3818 2446 3874 der
2470 3818 2937 3891 Reichsabichiede
2973 3817 3063 3877 an.
3094 3817 3235 3873 1747
3268 3817 3559 3891 adhibitus

226 3900 343 3957 est,
378 3908 505 3947 cum
530 3891 871 3948 Chiemensis
904 3891 1021 3962 ipse
1048 3893 1264 3948 nonnisi
1298 3894 1353 3947 in
1374 3889 1738 3947 Monumentis
1760 3892 1957 3957 Boicis,
1989 3899 2027 3944 t.
2060 3891 2122 3958 ll,
2146 3907 2201 3962 p.
2229 3889 2355 3954 372,
2376 3890 2615 3962 indeque
2645 3890 2701 3945 in
2727 3889 2982 3946 Fischers
3004 3891 3295 3962 Litteratur
3316 3890 3409 3962 de:
3430 3890 3562 3946 Ger-

227 3963 549 4036 manischen
586 3961 837 4036 Παίζεις,
879 3960 1034 4036 satis»
1061 3964 1398 4036 negligenter
1441 3979 1733 4036 expressus
1784 3964 1875 4019 sit.
1917 3963 2071 4036 Hanc
2099 3960 2292 4036 textus
2334 3960 2623 4036 historiam
2670 3963 3099 4036 operisnostri
3128 3960 3561 4036 ferventissimus

227 4032 461 4107 adiutor
482 4034 568 4088 vir
581 4033 664 4107 ‘cl.
697 4033 979 4107 [mringer
1004 4028 1296 4091 Codicibus
1337 4028 1599 4107 lihristiue
1625 4035 1771 4107 typis
1796 4034 2072 4104 expressis
2097 4034 2241 4107 inter
2276 4045 2335 4087 se
2360 4032 2591 4107 collatis
2609 4028 2934 4107 enucleavit,
2975 4031 3240 4107 nobisque
3264 4028 3560 4107 flagitanti-
3648 4028 3653 4031 ‘

226 4104 337 4159 bus
364 4120 479 4177 non
514 4104 689 4160 solum
710 4102 965 4160 Codicém
1006 4114 1296 4177 utrumque
1325 4102 1705 4177 Monacensein
1740 4102 1993 4161 manibus
2021 4106 2313 4177 terendum
2342 4102 2654 4177 commisit,
2693 4104 2787 4177 sed
2810 4112 2884 4177 _et
2911 4103 3175 4177 lectiones
3207 4116 3397 4177 eorum
3444 4103 3560 4177 dili-

227 4176 557 4246 gentissime
597 4184 849 4231 enotatas
904 4172 1228 4244 transmisit,
1267 4192 1498 4248 quarum
1540 4176 1807 4234 beneficio
1844 4177 2140 4232 editionem
2186 4176 2256 4231 ad
2285 4173 2446 4230 fidem
2472 4172 2689 4231 Codicis
2725 4172 3066 4231 Chiemensis
3104 4173 3411 4229 institutam
3443 4172 3557 4244 jam

226 4261 614 4317 proponimus.

302 4360 373 4414 In
416 4361 436 4391 ί
464 4360 684 4416 nomine
714 4368 935 4416 sanctae
968 4371 1024 4415 et
1052 4359 1363 4417 individuae
1406 4360 1695 4416 Trinitatis
1738 4358 1847 4416 Κε-
1876 4363 1928 4425 B
1953 4359 2199 4416 Romana
2224 4357 2567 4429 expeditione
2606 4373 2746 4428 quae
2775 4367 2905 4413 tunc
2934 4357 3172 4415 instabat
3201 4359 3399 4416 acerbe
3425 4375 3559 4415 con-

226 4454 392 4510 ralus
418 4453 602 4509 divina
619 4453 833 4511 favente
858 4456 1033 4526 gratia
1071 4470 1169 4510 rex
1198 4454 1532 4511 Francorum
1560 4464 1615 4510 et
1643 4454 1843 4510 Roma-
1949 4453 2191 4519 tendere,
2218 4454 2654 4523 constringentes
2676 4467 2772 4508 eos
2805 4452 2977 4509 multo
3020 4452 3208 4525 plures
3242 4452 3560 4524 halspergas

228 4562 463 4604 norum.
496 4546 553 4603 Si
602 4548 1083 4618 praedecessorum
1138 4555 1452 4603 nostrorum
1502 4562 1710 4601 morem
1759 4562 1845 4602 se-
1950 4544 2020 4602 de
2052 4546 2334 4603 beneﬁciis
2363 4547 2477 4601 suis
2527 4546 2631 4601 sibi
2660 4545 2881 4613 ducere,
2927 4562 3092 4617 quam
3122 4546 3202 4602 illi
3251 4545 3553 4601 faterentur

226 4643 481 4714 quimur,
512 4656 619 4695 non
664 4641 839 4697 solum
887 4641 1268 4711 praesentibus
1323 4640 1419 4695 sed
1458 4648 1514 4694 et
1553 4639 1845 4695 succeden-

225 4738 391 4793 tibus
412 4735 702 4792 subvenire
747 4736 992 4791 nitimur.
1024 4735 1138 4791 Hac
1167 4736 1233 4790 de
1267 4739 1429 4790 causa
1467 4734 1846 4789 universorum

225 4838 537 4899 cognoscat
557 4829 909 4899 experientia,
934 4829 1167 4898 qualiter
1194 4828 1320 4881 dum
1362 4842 1463 4897 pro
1491 4834 1677 4882 nostra
1722 4840 1849 4881 con—

226 4922 552 4981 secratione
579 4937 919 4993 coronaeque
944 4922 1292 4992 perceptione
1313 4918 1695 4990 proficiscendi
1712 4926 1848 4973 tem-

229 5032 346 5090 pus
374 5018 447 5074 ad
470 5017 822 5088 apostolicam
849 5017 1031 5072 sedem
1060 5016 1310 5079 instaret,
1358 5029 1481 5070 cum
1514 5028 1677 5083 quam
1704 5009 1846 5065 mul-

230 5110 308 5167 tis
362 5109 709 5182 principibus
760 5125 960 5164 annum
1003 5106 1335 5163 Wormatiae
1392 5106 1411 5136 ¹
1460 5103 1844 5175 transegimus,

232 5202 433 5274 ibique
464 5218 684 5259 omnem
740 5201 1068 5273 reipublicae
1132 5206 1336 5255 statum
1397 5197 1584 5253 utilem
1638 5204 1693 5252 et
1749 5194 1849 5251 ho-

234 5303 465 5351 nestum
507 5292 855 5360 confirmare,
900 5292 1155 5347 nocivum
1186 5300 1351 5360 atque
1380 5288 1715 5345 contrarium
1756 5302 1848 5342 ra-

234 5388 448 5444 dicitus
500 5387 805 5457 exstirpare
847 5384 1207 5441 decrevimus.
1257 5383 1479 5437 Interim
1526 5382 1655 5436 dum
1712 5381 1847 5437 haec

236 5489 560 5549 agerentur,
586 5495 721 5538 casu
767 5478 994 5549 contigit
1035 5477 1310 5548 principes
1333 5491 1457 5532 cum
1493 5473 1757 5529 militibus
1780 5473 1848 5529 de

1951 4656 2011 4697 se
2036 4655 2198 4711 posse
2224 4638 2311 4695 vel
2340 4624 2458 4694 iure
2485 4637 2705 4696 debere.
2737 4638 2843 4696 Sed
2885 4640 3143 4711 quoniam
3181 4639 3203 4671 ³
3231 4639 3335 4694 hoc
3358 4655 3466 4694 non
3488 4640 3558 4694 ab

1954 4734 2137 4804 aliquo
2186 4741 2595 4787 antecessorum
2658 4741 2972 4789 nostrorum
3042 4730 3389 4787 terminatum
3449 4729 3559 4784 fue-

1954 4826 2027 4882 rit
2079 4827 2119 4892 δ,
2162 4826 2387 4897 dignum
2444 4824 2696 4881 duximus
2736 4824 2778 4889 ⁸,
2846 4834 2907 4880 ut
2972 4840 3161 4881 eorum
3210 4823 3554 4879 altercationi

1955 4917 2120 4973 linem
2154 4926 2210 4973 et
2233 4918 2452 4973 modum
2484 4917 2506 4948 ⁶
2548 4917 2953 4987 inponeremus,
2985 4925 3148 4987 atque
3172 4917 3450 4972 decretum
3501 4922 3561 4972 et

1953 5018 2160 5065 certam
2186 5009 2425 5079 aliquam
2457 5008 2633 5081 legem
2681 5024 2843 5080 super
2875 5009 3023 5065 omni
3054 5009 3299 5064 Romana
3336 5008 3555 5077 expedi-

1953 5101 2104 5156 tione
2128 5100 2572 5156 concederemus.
2606 5099 2909 5156 Statuimus
2957 5115 3088 5170 ergo
3114 5108 3171 5155 et
3215 5099 3559 5158 decrevimus

1953 5211 2078 5251 cum
2132 5209 2401 5251 consensu
2450 5202 2562 5249 tam
2614 5193 2974 5264 spiritualium
3018 5208 3184 5264 quam
3225 5193 3556 5250 secularium

1952 5286 2260 5358 principum
2284 5286 2487 5342 ibidem
2514 5285 2797 5341 nobiscum
2820 5286 3198 5353 assidentium,
3223 5286 3440 5357 quando
3456 5300 3557 5357 pro

1954 5395 2156 5436 corona
2183 5388 2370 5435 nostra
2408 5378 2494 5434 vel
2537 5378 2716 5449 aliqua
2747 5378 2900 5451 regni
2927 5379 3166 5436 utilitate
3213 5388 3309 5437 aut
3349 5379 3557 5436 honore

1956 5472 2200 5528 Romana
2214 5467 2489 5541 expeditio
2520 5486 2554 5526 a
2577 5470 2735 5527 nobis
2758 5469 2844 5526 vel
2863 5486 2894 5526 a
2919 5472 3329 5529 successoribus
3350 5470 3556 5528 nostris

1496 5586 1891 5644 VARIANTES
1928 5583 2334 5641 LECTIONES.

329 5733 341 5763 ‘
369 5728 627 5812 Codicio2.
653 5726 1036 5823 ἐπιαηιιςιεεεζλί³
1046 5724 1144 5792 v1,
1190 5743 1281 5823 ne:
1307 5722 1760 5823 tameniz’elseri‘;
1790 5719 1992 5823 titulus"
2472 5718 2549 5823 9e
2575 5719 2920 5823 exmditione
2944 5720 3209 5823 gemam.
3228 5718 3551 5823 οιῖίξτὶἒθες.

244 5804 268 5835 ³
304 5801 630 5858 wormaciae
653 5800 707 5855 2.
828 5800 850 5833 ³
870 5800 984 5870 ’ῆῒῶ
1002 5800 1057 5854 2.
1088 5797 1305 5870 quando
1332 5798 1458 5853 editi
1480 5795 1603 5851 inde
1624 5795 1837 5868 pro/lui.

247 5870 344 5931 ιι.
418 5874 439 5905 ⁸
465 5874 633 5930 tinem
660 5870 1008 5930 commodum
1028 5870 1095 5926 Α.

1970 5791 1992 5824 ⁸
2012 5793 2088 5846 ita
2111 5788 2243 5846 1.2.
2266 5788 2447 5847 fuerat
2469 5791 2536 5847 A.
2642 5788 2664 5823 ⁵
2684 5791 2939 5849 duximus
2963 5792 3188 5863 dignum
3228 5792 3282 5848 2.
3311 5793 3376 5847 Α.
3400 5788 3463 5850 81
3493 5791 3550 5848 Ι.
