3992 6344
280 283 391 343 677

276 404 544 474 terminos
566 402 809 459 habitum
831 402 1000 460 fuisse
1016 411 1289 474 oporteat,
1319 418 1385 459 eo
1423 410 1605 459 tamen

863 282 1093 342 ODDEX
1131 278 1649 342 DlPLOHATlCUS.
1678 310 1749 323 -ε
1774 278 2233 339 CAPITULARIA
2271 277 2539 337 SPURIA.
2579 307 2647 317 —
2688 275 2785 330 .ix.
2830 270 2953 333 790.
3444 270 3524 379 67l

1693 401 1803 455 atio
1847 400 2104 470 temporis
2133 412 2189 453 re
2225 410 2476 470 verapec
2504 391 2770 470 '[riburim
2806 405 2908 470 nec
2945 387 3085 462 apud
3112 387 3552 470 Theodonis_vil-

3444 261 3549 326 678

276 417 544 461 terminos
567 417 809 459 [1201mm
831 417 1000 460 tuisse
1016 417 1289 474 oporteat,
1319 418 1385 459 eo
1423 417 1605 459 tamen
1629 417 1656 458 S
1693 417 1803 455 alio
1847 417 2104 470 ιθωρονιε
2133 417 2189 453 re
2225 417 2350 451 vera
2376 417 2475 449 nec
2514 417 2770 449 ll'wul'la:
2808 417 2908 446 nuc
2945 417 3085 462 apuu
3124 417 3422 444 luwuuula
3452 417 3549 442 vu-

275 464 386 530 lam
410 482 704 553 conventus
724 472 1025 553 celebratus
1036 474 1139 553 sit.
1158 474 1387 553 Textum
1415 473 1607 553 collata
1632 417 2311 553 Bp._Baluzii_editlrc‘me,.ex
2348 464 2656 553 (indicibus
2670 461 3142 553 igothanoszec:
3152 466 3320 553 fligi.
3342 459 3549 553 illa:

274 548 476 608 ticano,
503 546 656 615 cujus
678 544 939 602 lectiones
960 545 1209 601 Baluzius
1232 543 1404 612 affert,
1421 547 1670 601 eumdem
1693 544 1806 599 fere
1828 541 2041 612 qualem
2072 538 2437 595 Conciliorum
2457 536 2693 592 editores
2711 536 2889 604 primo
2909 538 3324 603 proposuerant,
3342 536 3548 587 iterum

271 616 623 687 evulgamus.

269 743 342 783 sx
383 740 630 785 coscmo
666 734 805 782 aruo
841 738 1135 782 rnnoooms
1158 732 1357 781 νιιιλῑι
1382 730 1581 791 neutro
1607 736 1849 781 TBIIPORB
1877 724 1932 785 Α
1954 718 2174 785 saverit,
2199 726 2406 789 septem
2450 717 2495 750 ¹¹
2531 715 2974 789 quadragesimae
3010 715 3129 773 sine
3174 716 3409 773 Militis
3450 732 3550 772 an-

873 811 1069 853 KAROLI
1107 812 1292 854 IAGNI.

340 910 406 966 In
426 906 657 967 concilio
684 907 826 980 apud
861 907 1169 964 Theodonis
1212 908 1417 975 villam,
1455 907 1547 964 ubi
1596 906 1860 963 interfue-

264 1008 403 1056 runt
437 1001 529 1056 32.
557 1000 825 1070 episcopi,
867 998 1133 1055 Aistull'us
1173 997 1556 1069 Mogontiensis
1598 998 1863 1068 archiepi-

263 1100 470 1163 scopus
495 1098 620 1148 eum
655 1092 771 1148 suis
816 1089 1201 1160 suﬂ'raganeis;
1262 1089 1606 1146 Hadabaldus
1629 1128 1644 1156 ,
1702 1087 1863 1145 Colo-

263 1186 479 1242 niensis
515 1184 952 1256 archiepiscopus
977 1200 1100 1239 cum
1129 1184 1244 1239 suis
1271 1181 1656 1253 suti‘raganeis;
1686 1182 1857 1248 Hetti,

261 1276 627 1333 Treverensis
647 1275 1107 1346 archiepiscopus,
1139 1288 1263 1329 cum
1306 1274 1420 1329 suis
1465 1272 1855 1343 suifragancis;

258 1364 452 1434 Ebbd,
480 1365 767 1422 Remensis
816 1364 1253 1435 archiepiscopus
1295 1378 1420 1419 eum
1456 1364 1569 1419 suis
1598 1361 1858 1433 suifraga-

260 1458 407 1525 neis;
433 1470 560 1514 eum
587 1457 795 1514 nuntiis
844 1452 1177 1527 reliquorum
1227 1457 1601 1526 episcoporum
1650 1454 1863 1512 Galliae

261 1555 319 1602 et
340 1546 691 1613 Gerrhaniae,
721 1548 793 1603 ob
814 1546 1039 1601 nimiam
1074 1546 1573 1627 praesumptionem
1604 1560 1862 1616 quorum-

261 1639 393 1695 dam
460 1648 820 1713 tyrannorum
876 1640 933 1695 in
992 1639 1301 1696 sacerdotes
1348 1640 1562 1696 Domini
1621 1641 1861 1697 bachan-

261 1730 405 1785 tium
430 1731 471 1796 ‘,
500 1739 557 1787 et
578 1738 801 1801 propter
822 1730 1024 1787 factum
1053 1730 1197 1801 quod
1229 1732 1285 1786 in
1316 1729 1606 1787 Wasconia
1646 1731 1859 1787 noviter

259 1823 468 1878 accidit
508 1824 576 1879 de
615 1824 872 1894 episcopo
915 1824 1151 1889 Iohanne
1202 1823 1486 1879 inhoneste
1529 1831 1586 1878 et
1621 1824 1858 1879 inaudite

259 1913 621 1981 mordridato,
651 1916 925 1970 decretum
965 1923 1049 1970 est
1088 1923 1148 1970 ut
1187 1918 1457 1971 communi
1498 1931 1765 1973 consensu
1802 1926 1857 1972 et

260 2005 456 2060 humili
490 2006 775 2061 devotione
801 2007 1208 2077 supplicarent’
1240 2009 1462 2064 auribus
1481 2009 1758 2087 principis,
1806 2011 1851 2066 si

1968 815 2053 870 nis
2073 813 2366 886 poeniteat,
2390 819 2447 867 et
2486 819 2770 869 sexcentos
2816 810 3018 868 solidos
3043 826 3168 868 eum
3201 809 3403 880 triplici
3446 825 3546 866 sua

1961 905 2353 975 compositione
2402 912 2459 960 et
2513 903 2910 974 episcopalibus
2972 902 3172 959 hannis
3244 902 3550 972 triplicibus

1959 997 2212 1069 episcopo
2239 1004 2545 1067 componat.
2579 994 2636 1051 Si
2683 1003 2863 1051 autem
2892 1004 3142 1051 mortuus
3180 993 3362 1061 fuerit,
3413 995 3548 1050 duo-

1961 1089 2133 1145 decim
2176 1104 2440 1144 annorum
2474 1087 2807 1157 poenitentia
2862 1086 3159 1142 secundum
3220 1100 3463 1142 canones
3495 1083 3550 1141 ei

1958 1178 2269 1249 inponatur,
2288 1187 2343 1234 et
2362 1185 2659 1249 nongentos
2681 1176 2882 1233 solidos
2908 1191 3034 1234 cum
3055 1176 3255 1248 triplici
3273 1174 3546 1247 composi-

1962 1269 2109 1325 tione
2142 1285 2240 1326 sua
2260 1278 2317 1327 et
2343 1270 2738 1341 episcopalibus
2757 1269 2953 1326 bannis
2970 1270 3272 1341 triplicibus
3287 1269 3548 1341 episcopo

1962 1369 2254 1432 componat

2029 1453 2084 1507 4.
2113 1451 2172 1508 Si
2197 1453 2317 1522 quis
2343 1453 2597 1523 episcopo
2633 1451 2858 1508 insidias
2885 1451 3146 1522 posuerit,
3194 1452 3546 1522 comprehen-

1961 1550 2118 1616 derit,
2147 1550 2231 1605 vel
2267 1550 2323 1605 in
2363 1549 2546 1619 aliquo
2573 1548 3056 1613 deshonestaverit,
3098 1545 3284 1604 decem
3311 1547 3547 1617 quadra-

1958 1640 2190 1709 gesimas
2218 1641 2335 1696 sine
2357 1642 2399 1672 ¹³
2429 1641 2661 1696 subditis
2689 1639 2849 1695 annis
2886 1639 3191 1709 poeniteat,
3238 1645 3296 1694 et
3317 1638 3547 1709 presby-

1958 1732 2061 1786 teri
2088 1747 2199 1787 non
2245 1731 2289 1763 ¹⁴⁵
2314 1732 2477 1788 occisi
2524 1732 2791 1802 triplicem
2843 1730 3289 1801 compositionem
3330 1743 3549 1800 compo-

1956 1835 2070 1878 nat.
2125 1822 2181 1879 Si
2220 1832 2402 1880 autem
2438 1839 2568 1880 casu
2604 1832 2658 1880 et
2703 1838 2810 1879 non
2855 1830 3046 1892 sponte
3078 1822 3382 1889 occiditur,
3422 1836 3547 1878 cum

1956 1915 2491 1985 comprovincialium
2540 1915 2923 1985 episcoporum
2975 1913 3205 1969 consilio
3276 1912 3546 1969 homicida

1954 2003 2248 2073 poeniteat.
2285 2004 2342 2060 Si
2375 2005 2497 2075 quis
2517 2013 2699 2060 autem
2728 2010 2922 2075 sponte
2945 2017 3071 2059 eum
3100 2002 3388 2071 occiderit,
3430 2019 3550 2059 car-

257 2111 393 2152 suae
415 2098 607 2168 pietati
636 2099 1016 2168 complaceret,
1048 2107 1110 2154 ut
1154 2100 1431 2181 calumnia.
1458 2101 1514 2156 in
1544 2086 1742 2158 Christi
1771 2118 1857 2157 sa.
1886 2086 1932 2158 Β
1959 2110 2081 2148 nem
2112 2111 2219 2150 non
2244 2095 2512 2162 comedat,
2537 2096 2723 2150 vinum
2749 2110 2858 2149 non
2880 2094 3033 2150 bibat
3057 2093 3269 2181 cunctis
3293 2093 3336 2124 ¹⁵
3359 2093 3550 2149 diebus

258 2184 512 2243 cerdotes
551 2184 771 2269 peracta
818 2189 963 2243 iuxta
1009 2188 1291 2260 synodalia
1341 2190 1363 2221 ³
1400 2188 1854 2247 determinarctur

257 2277 495 2347 pleniter
532 2287 758 2346 statuta,
781 2280 885 2335 hoc
915 2280 1057 2335 idem
1086 2281 1464 2351 episcoporum
1514 2283 1715 2339 iudicio
1740 2284 1856 2353 pla-

255 2383 427 2440 ceret,
448 2375 497 2430 si
522 2388 591 2431 ex
627 2382 744 2431 toto
776 2376 1073 2431 secundum
1097 2383 1427 2445 potestatem
1459 2378 1705 2447 ipsorum
1737 2392 1856 2447 pos-

255 2475 339 2519 set
361 2464 599 2528 deﬁniri,
631 2466 685 2522 id
713 2474 817 2533 est,
847 2475 905 2521 ut
924 2467 1184 2522 canonica
1205 2465 1471 2522 feriantur
1490 2468 1777 2535 sententia,
1800 2469 1855 2523 hi

253 2556 512 2613 videlicet
547 2557 642 2627 qui
674 2558 928 2613 timorem
953 2558 1168 2613 Domini
1212 2566 1630 2648 postponentes,
1663 2557 1717 2613 in
1757 2559 1855 2613 mi-

253 2651 465 2706 nistros
487 2665 617 2707 suos
645 2664 892 2706 crassare
915 2658 1286 2720 praesumunt.
1328 2650 1480 2717 Quod
1510 2651 1556 2705 si
1588 2666 1715 2707 vero
1740 2650 1857 2721 pie-

254 2743 359 2797 tati
399 2740 548 2799 lllius
582 2743 947 2814 complaceret
979 2742 1021 2807 ‘,
1048 2742 1196 2797 iuxta
1222 2743 1455 2812 capitula
1480 2757 1666 2814 regum
1694 2758 1855 2814 prae-

256 2830 599 2900 cedentium,
655 2836 749 2890 ubi
804 2832 994 2890 eorum
1042 2834 1280 2905 provisio
1333 2836 1755 2891 misericorditer
1801 2837 1855 2892 in

261 2925 488 2981 me
509 2927 767 2996 pecuniae
798 2922 1158 2996 quantitatem
1208 2928 1552 2996 interposuit,
1584 2943 1682 2997 pro
1728 2929 1858 2983 levi-

268 3018 491 3089 gatione
514 3019 709 3076 scilicet
746 3019 1113 3090 paenitentiae
1138 3019 1361 3089 placuit,
1403 3027 1463 3075 ut
1513 3022 1534 3052 ⁸
1576 3020 1855 3090 praefatae

267 3128 359 3166 res
378 3128 477 3182 per
495 3114 776 3184 pecuniam
802 3115 871 3170 ab
890 3113 1310 3185 imperatoribus
1349 3122 1402 3169 et
1422 3130 1454 3169 a
1477 3113 1579 3170 sibi
1608 3114 1628 3143 °
1668 3128 1851 3169 sacer-

258 3204 479 3260 dotibus
505 3204 573 3259 ad
598 3204 973 3261 defensionem
1002 3220 1340 3270 concessam,
1370 3215 1424 3261 et
1448 3221 1546 3276 per
1573 3207 1851 3276 poeniten-

253 3297 390 3352 tiam
416 3297 844 3355 determinentur
885 3301 905 3332 "
948 3300 1325 3371 episcoporum
1374 3300 1598 3367 iuditio,
1651 3301 1697 3356 si
1737 3302 1851 3371 pie-

252 3397 340 3443 tas
377 3388 527 3445 illius
559 3389 885 3447 conlaudare
911 3391 1162 3459 voluerit,
1205 3392 1285 3447 sic
1322 3386 1532 3446 deliniri
1581 3392 1661 3448 eis
1700 3408 1850 3449 com-

251 3478 482 3549 placuit.
1468 3556 1472 3561 ἢ

328 3572 383 3625 1.
410 3570 475 3627 Si
498 3573 623 3642 qu'a
646 3573 1036 3629 subdiaconum
1072 3573 1434 3630 calumniatus
1458 3571 1639 3642 fuerit,
1665 3576 1853 3632 vulne-

253 3665 480 3730 raverit,
513 3666 597 3720 vel
645 3664 1006 3722 debilitaverit
1031 3707 1046 3732 ,
1090 3674 1145 3721 et
1182 3666 1556 3734 convaluerit,
1614 3670 1852 3740 quinque

252 3755 700 3825 quadragesimus
746 3756 861 3813 Sine
891 3759 1119 3815 subditis
1163 3758 1319 3813 annis
1342 3758 1635 3829 poeniteat,
1670 3767 1724 3815 et
1750 3768 1852 3815 trc-

252 3856 448 3903 centos
472 3849 674 3908 solidos
694 3866 816 3905 cum
843 3867 938 3906 sua
962 3852 1354 3922 compositione
1384 3862 1437 3907 et
1459 3852 1850 3923 episcopalibus

253 3942 458 3996 bannis
485 3942 736 4013 episcopo
768 3944 790 3976 "
816 3954 1124 4015 componat.
1155 3946 1213 4001 Si
1244 3954 1422 4001 autem
1467 3956 1711 4002 mortuus
1738 3946 1851 4001 fue-

254 4036 331 4090 rit
359 4077 376 4102 ,
435 4034 675 4107 singulas
714 4038 1055 4107 supradictas
1099 4040 1541 4111 quadragesimus
1590 4054 1713 4095 cum
1766 4054 1851 4095 se-

252 4128 553 4197 quentibus
582 4131 739 4187 annis
765 4133 1068 4201 poeniteat,
1096 4141 1152 4188 et
1188 4134 1606 4205 quadringentos
1647 4133 1848 4189 solidos

252 4236 383 4276 cum
408 4221 567 4292 tripla
603 4237 701 4277 sua
726 4224 1118 4294 compositione
1145 4234 1200 4281 et
1233 4224 1626 4295 episcopalibus
1655 4225 1847 4281 bannis

256 4310 567 4383 triplicibus
595 4313 618 4345 ⁹
648 4315 901 4391 episcopo
940 4325 1249 4387 componat.

328 4401 385 4457 2.
414 4400 472 4458 Si
495 4403 617 4474 quis
642 4398 928 4462 diaconum
968 4407 1330 4463 calumniatus
1346 4400 1530 4475 fuerit,
1564 4416 1619 4463 et
1650 4416 1847 4466 comta-

254 4493 444 4560 luerit,
470 4509 565 4550 sex
598 4497 1035 4569 quadragesimas
1077 4501 1194 4555 sine
1220 4502 1451 4557 subditis
1475 4503 1631 4558 annis
1663 4504 1849 4574 poeni-

253 4593 391 4651 tut,
412 4596 469 4641 et
507 4588 929 4660 quadringentos
953 4591 1157 4648 solidos
1184 4608 1306 4647 cum
1331 4594 1720 4664 compositione
1747 4612 1847 4652 sua

253 4682 312 4734 et
353 4681 747 4752 episcopalibus
773 4684 965 4739 bannis
989 4687 1241 4755 episcopo
1264 4684 1306 4716 ¹⁰
1337 4688 1642 4755 Componat.
1670 4685 1727 4742 Si
1752 4704 1848 4743 au-

255 4780 371 4825 tem
404 4780 650 4831 mortuus
692 4772 889 4842 fuerit,
920 4778 1158 4848 singulas
1204 4778 1539 4848 supradictas
1580 4794 1675 4834 sex
1711 4796 1846 4849 qua—

254 4862 594 4931 dragesimas
644 4881 767 4922 cum
822 4869 1171 4936 sequentibus
1231 4870 1389 4925 annis
1438 4869 1745 4939 poeniteat,
1792 4879 1847 4925 et

256 4961 551 5011 sexcentos
587 4955 787 5013 solidos
835 4973 957 5014 cum
1012 4960 1169 5031 tripla
1220 4960 1317 5017 sua
1369 4961 1759 5031 compositione
1793 4968 1849 5017 et

255 5044 660 5116 episcopalibus
707 5050 903 5106 bannis
940 5049 1241 5122 triplicibus
1301 5052 1343 5083 “
1393 5052 1643 5124 episcopo
1694 5068 1845 5110 com-

256 5143 455 5203 ponat.

336 5226 392 5281 5.
421 5225 481 5283 Si
500 5231 623 5300 quis
640 5234 1000 5302 presbiterum
1044 5235 1399 5291 calumniatus
1423 5234 1587 5291 fuerit
1610 5245 1665 5290 et
1692 5252 1849 5307 spas-

1874 4831 1922 4891 D

1956 2184 2099 2239 vitae
2135 2199 2296 2252 suae,
2338 2187 2611 2257 cingulum
2650 2178 2885 2243 militare
2914 2188 3175 2259 deponat,
3222 2178 3426 2258 absque
3452 2202 3548 2260 spe

1957 2275 2191 2344 coniugii
2226 2275 2279 2329 in
2304 2284 2567 2346 perpetuo
2588 2286 2826 2333 maneat.

2025 2365 2289 2421 Aistnll‘us
2315 2367 2700 2438 Mogontiensis
2727 2368 3167 2439 archiepiscopus
3215 2369 3350 2425 dixit
3378 2386 3389 2421 :
3429 2387 3449 2420 ι
3484 2368 3543 2423 Si

1955 2456 2288 2527 principibus
2316 2458 2579 2528 placuerit
2601 2458 2832 2528 aliisque
2862 2445 3109 2516 ﬁdelibus
3130 2460 3263 2525 suis,
3291 2475 3545 2531 rogemus

1957 2542 2016 2600 u't
2053 2547 2402 2602 conlaudetur
2430 2544 2485 2602 et
2506 2544 2896 2604 subscribatur.
2928 2569 2947 2602 ι
2971 2549 3037 2604 Ει
3057 2540 3438 2606 conlaudatum
3458 2557 3543 2605 est

1957 2646 2011 2693 et
2039 2639 2401 2709 subscriptum
2438 2647 2521 2695 est
2550 2647 2663 2693 tam
2699 2656 2729 2694 a
2757 2639 3002 2710 principe
3037 2655 3201 2711 quam
3242 2656 3273 2695 a
3315 2640 3547 2697 caeteris

1956 2728 2227 2783 omnibus.

2308 2814 2615 2856 ωριτυιωι
2678 2808 3157 2857 Αεοειῑειλετισυκ

2437 2892 2476 2923 ἶ.
2514 2889 2689 2923 “illum
2734 2886 2777 2922 16
2826 2900 2856 2923 Α
2919 2889 3107 2923 ΠηυΛΙΛ
3152 2890 3194 2923 ﬂ
3226 2894 3263 2923 ..ἰ

2437 2892 2450 2903 ⁸
2734 2893 2749 2922 1
2756 2889 2776 2922 σ
3152 2890 3194 2923 ﬂ
3256 2894 3263 2899 ”

1988 2889 2721 3085 certe;
3202 2896 3505 3018 arm

2059 3047 2109 3085 δε
2116 3047 2192 3085 rm
2219 3046 2305 3085 um
2313 3071 2326 3084 .
3122 3080 3128 3085 .

2059 3046 2326 3101 scriptum.

2024 3121 2231 3179 Placuit
2260 3116 2417 3179 nobis
2443 3129 2499 3179 et
2535 3121 2783 3179 ﬁdelibus
2808 3122 3029 3190 nostris,
3078 3114 3137 3178 iit
3165 3120 3305 3180 sicut
3339 3124 3406 3181 ab
3432 3122 3546 3195 epi-

1954 3214 2130 3283 scopis
2166 3221 2221 3270 et
2246 3214 2468 3285 reliquis
2514 3214 2919 3282 sacerdotibus,
2967 3231 3033 3271 ac
3078 3215 3174 3271 Dei
3202 3217 3396 3283 servis,
3436 3217 3545 3273 alio

1953 3316 2094 3361 anno
2139 3302 2422 3363 Triburiae
2462 3308 2505 3340 ¹⁸
2554 3307 2835 3363 ammoniti
2882 3305 3083 3364 fuimus
3131 3311 3186 3364 et
3230 3308 3445 3381 τομῆς
3483 3308 3544 3364 ut

1953 3398 2189 3468 episcopi
2217 3404 2270 3455 et
2299 3404 2487 3455 eorum
2515 3396 2772 3467 ministri,
2803 3402 2938 3469 quas
2963 3399 3105 3456 Deus
3140 3402 3257 3469 suo,
3292 3398 3403 3457 non
3441 3392 3543 3457 hii-

1878 3463 1923 3528 C
1956 3506 2139 3560 mano,
2164 3490 2359 3547 iudicio
2388 3492 2705 3558 reservavit,
2744 3493 2899 3548 iuXta
2933 3500 3248 3549 sanctorum
3273 3507 3540 3549 canonum

1952 3588 2368 3654 sanctorumque
2401 3593 2619 3656 patrum
2671 3600 2737 3641 ac
2784 3581 3167 3655 capitularinm
3220 3585 3545 3657 praeceden-

1953 3676 2086 3729 tium
2131 3684 2316 3749 regum
2355 3686 2539 3732 coram
2600 3675 2899 3747 positorum
2939 3684 3173 3744 Statuta,
3206 3676 3266 3731 ut
3308 3676 3404 3732 Dei
3459 3691 3545 3732 sa-

1951 3767 2197 3824 cerdotes
2243 3760 2539 3837 eorumque
2596 3764 2980 3838 cooperatores
3002 3810 3017 3836 ,
3085 3764 3317 3840 quorum
3376 3766 3544 3826 inter-

1950 3859 2285 3915 cessionibus
2309 3899 2325 3925 ,
2390 3860 2872 3929 supplicationibus
2911 3868 3096 3916 sancta
3143 3860 3240 3916 Dei
3281 3860 3544 3917 aecclesia

1950 3961 2198 4008 constare
2242 3952 2456 4007 videtur
2477 3993 2492 4019 ,
2549 3952 2743 4009 intacti
2790 3948 3188 4025 permaneant,
3255 3953 3539 4009 constitui-

1949 4059 2073 4099 mus
2108 4061 2122 4096 :
2950 4116 2953 4121 _
3292 4116 3295 4119 Δ

2019 4134 2072 4189 1.
2115 4134 2185 4191 Ut
2220 4135 2267 4191 si
2301 4137 2423 4206 quis
2451 4136 2840 4191 subdiaconum
2874 4137 3233 4192 calumniatus
3265 4135 3451 4204 fuerit,
3484 4142 3542 4195 et

1948 4227 2300 4295 convaluerit,
2346 4229 2677 4298 poenitentia
2719 4229 2981 4284 canonica
3019 4228 3311 4301 poeniteat,
3351 4236 3405 4285 et
3433 4237 3543 4286 tre-

1948 4326 2134 4376 centos
2156 4319 2355 4375 solidos
2378 4320 2628 4390 episcopo
2653 4325 2959 4395 componat.
2985 4312 3052 4374 Et
3072 4318 3117 4375 Si
3152 4316 3399 4377 mortuus
3420 4314 3536 4377 fue-

1948 4410 2038 4476 rit,
2063 4410 2212 4466 iuxta
2234 4410 2291 4466 id
2315 4413 2461 4480 quod
2495 4425 2731 4466 canones
2776 4400 3116 4481 praecipiunt
3154 4413 3461 4482 poeniteat,
3485 4400 3541 4469 et

1947 4501 2367 4571 quadringentos
2389 4502 2589 4559 solidos
2611 4503 2866 4574 episcopo
2887 4511 3195 4573 componat.

2017 4588 2073 4646 2.
2098 4589 2157 4646 Si
2182 4592 2469 4648 diaconum
2496 4592 2539 4624 λ’
2561 4593 2921 4649 calumniatus
2945 4591 3135 4660 fuerit,
3160 4602 3214 4652 et
3256 4593 3542 4650 convalue-

1948 4686 2052 4753 rit,
2094 4687 2366 4756 poeniteat
2408 4686 2701 4743 secundum
2744 4684 2998 4754 canones,
3024 4695 3079 4743 et
3118 4684 3542 4758 quadringentos

1948 4778 2149 4835 solidos
2191 4780 2445 4850 episcopo
2490 4780 2534 4811 '°
2579 4788 2886 4850 componat.
2934 4775 2993 4835 Si
3034 4794 3142 4835 non
3183 4770 3535 4846 convaluerit,

1948 4870 2098 4924 iuxta
2133 4880 2421 4943 praecepta
2460 4873 2769 4943 synodalica
2819 4873 3113 4944 poeniteat,
3161 4879 3216 4928 et
3256 4876 3539 4931 sementes

1949 4961 2147 5017 solidos
2169 4962 2420 5033 episcopo
2441 4972 2749 5033 componat.

2019 5054 2075 5108 5.
2100 5051 2158 5107 Si
2198 5055 2481 5126 presbyter
2520 5057 2661 5110 male
2687 5063 2951 5112 tractatus
2970 5052 3135 5110 fuerit
3160 5056 3203 5087 ²¹
3228 5061 3283 5111 et
3324 5069 3541 5125 spassa-

1950 5144 2111 5210 verit,
2139 5144 2432 5200 secundum
2462 5148 2582 5204 eius
2616 5148 2853 5218 episcopi
2896 5147 3221 5204 sententiam
3264 5140 3538 5218 poeniteat

1950 5237 2007 5291 in
2029 5238 2183 5293 cuius
2207 5238 2468 5296 territorii
2495 5247 2763 5310 potestate
2785 5254 2905 5295 esse
2925 5239 3229 5297 dinoscitur
3250 5241 3319 5294 “.
3357 5239 3416 5296 Si
3437 5256 3536 5296 au-

1494 5346 1878 5404 VARIANTES
1907 5347 2309 5406 LECTIONES.

338 5431 357 5462 ⁸
378 5430 725 5489 baccantium
748 5433 814 5488 B.

259 5504 284 5578 ξ
332 5515 435 5578 pro
488 5502 853 5578 consolatione
891 5502 1132 5578 sanctae
1177 5502 1454 5575 ecclesiae,
1513 5520 1571 5564 ut
1620 5502 1684 5564 ΒΣ

257 5574 281 5606 ⁹
312 5573 457 5627 deest
499 5573 551 5627 1.
628 5575 669 5606 ¹⁰
703 5574 843 5629 deest
882 5576 933 5629 1.
1039 5573 1082 5609 η
1119 5579 1279 5634 deest.
1316 5581 1365 5634 1.
1440 5573 1504 5611 V“
1525 5596 1619 5635 sex
1649 5580 1715 5637 Β.

260 5782 372 5841 iam
399 5782 463 5838 Β.
543 5784 585 5816 ι’
617 5787 670 5841 d.

262 5856 402 5914 lidos
431 5856 685 5931 episcopo
714 5866 1019 5929 componat.
1050 5859 1110 5917 Si
1136 5860 1205 5917 B.

910 5437 929 5466 ²
953 5436 1386 5506 supplicarentqr
1409 5453 1546 5493 corr.
1596 5438 1962 5507 supplicarent
2008 5440 2060 5493 1.
2104 5442 2500 5511 supplicaretur
2526 5442 2594 5498 B.

915 5517 1132 5563 sanctae
1177 5509 1454 5568 ecclesiae.
1513 5520 1571 5564 ut
1620 5510 1684 5564 Β.
1795 5509 1816 5540 ⁸
1841 5518 1896 5565 et
1943 5526 1974 5564 a
2032 5512 2134 5568 sibi
2194 5512 2381 5568 desunt
2426 5514 2492 5568 Β.
2588 5516 2594 5545 τ

1822 5581 1865 5613 ¹³
1892 5597 2014 5637 cum
2040 5581 2105 5636 Β.

258 5642 471 5726 Kale
496 5651 586 5726 _et_
610 5644 799 5726 primis
842 5645 1142 5726 Galliae__et
1186 5649 1508 5726 Germaniae
1536 5652 1923 5726 conlaudatum
1972 5663 2024 5726 et
2069 5654 2434 5726 subscriptum
2473 5642 2821 5726 Bprchardus
2842 5642 2893 5713 et
2919 5642 3033 5713 Ino.

255 5716 352 5792 pio
370 5724 442 5792 et
456 5714 726 5792 hlothario
752 5715 1163 5792 imperatoribus
1180 5723 1486 5792 constituta
1532 5730 1588 5777 et
1611 5724 1641 5776 a
1670 5724 1857 5792 primis
1886 5723 2091 5780 Galliae
2137 5714 2459 5781 Germaniae
2494 5724 2559 5781 G.

718 5787 839 5856 quis
862 5803 911 5846 c.
942 5788 1007 5841 Β.
1054 5790 1128 5866 _'f°
1147 5791 1292 5866 deest
1320 5793 1372 5847 1.
1449 5792 1493 5823 ’⁸
1513 5787 1892 5864 presbyterum
1929 5797 2049 5866 quis
2090 5797 2228 5852 male
2253 5798 2567 5854 tractaverit
2593 5798 2660 5854 Β.

2699 5445 2720 5477 ³
2748 5445 3055 5517 synodaliea
3100 5440 3157 5501 2.
3265 5448 3290 5479 ⁸
3315 5440 3457 5505 deest
3478 5451 3533 5507 1.

2194 5512 2381 5568 desunt
2426 5514 2492 5568 Β.
2588 5515 2607 5546 ⁷
2662 5512 3009 5573 determinari
3058 5517 3125 5572 Β.
3225 5519 3250 5551 ⁸
3291 5520 3433 5574 deest
3480 5521 3534 5578 1.

2204 5582 2247 5614 ⁸⁸
2267 5583 2405 5639 deest
2437 5584 2501 5638 Β.
2580 5584 2626 5617 ³⁸
2654 5587 2904 5643 omnibus
2937 5587 3003 5643 B.
3106 5588 3150 5621 “
3180 5589 3464 5646 triburiam
3502 5607 3537 5649 a

3143 5660 3185 5693 ⁸⁷
3233 5662 3538 5718 hludowico

2664 5729 2706 5761 ⁸⁸
2735 5744 2879 5801 anno
2926 5731 3068 5801 apud
3104 5729 3408 5787 Theodonis
3436 5733 3539 5787 vil-

2758 5798 2805 5832 ⁸⁸
2836 5798 3109 5873 poeniteat
3126 5811 3427 5881 nongentos
3448 5818 3537 5862 so-
