3992 6344
559 362 665 424 683

1449 365 1508 419 Β.
1549 365 1797 423 canon
1836 361 2047 419 MAGNI
2085 322 2233 416 orr'.
2275 359 2451 415 mas
2487 361 2524 415 ι.
2570 358 2811 415 SECTIO
2846 356 2888 412 ι.

3730 355 3824 419 688

558 486 719 539 nibus
744 482 942 536 ﬁnibus
965 496 1027 538 ac
1051 480 1208 537 terris
1230 480 1298 536 ad
1317 481 1535 537 easdem
1559 480 1804 535 civitates
1858 477 2133 547 pertinen-
2161 474 2207 532 Δ
2236 488 2329 541 per
2356 472 2632 543 quodlibet
2653 477 3028 543 argumentum
3074 470 3186 527 sive
3212 468 3686 526 machinaeionem
3705 483 3825 540 qua-

559 575 722 630 tibus.
748 574 949 629 Eodem
980 574 1139 628 modo
1177 572 1508 626 territorium
1549 573 1900 628 Sabinensem
1945 570 1962 601 ⁸
2003 568 2144 623 sicut

557 683 588 720 a
627 667 869 736 genitore
922 672 1107 721 nostro
1159 663 1354 719 Karolo
1403 665 1730 734 imperatore
1768 664 1929 718 beato
1983 660 2142 715 Petro

555 754 799 827 apostolo
830 769 929 824 per
953 754 1265 810 donacionis
1291 754 1547 824 scriptum
1584 767 1902 809 concessum
1928 759 2010 807 est
2043 751 2142 805 sub

558 845 886 913 integritate,
918 844 1369 914 quemadmodum
1400 844 1467 898 ab
1503 843 1702 898 ltherio
1741 850 1795 896 et
1838 840 2144 912 Magenario

558 934 857 1001 abbatibus,
885 932 1067 989 missis
1088 932 1252 998 illius,
1278 933 1419 987 inter
1444 933 1584 989 idem
1614 933 1945 987 territorium
1989 930 2144 985 Sabi-

556 1044 722 1085 nensc
750 1036 910 1098 atque
932 1028 1218 1082 Reatinum
1242 1026 1529 1083 diiiinitum
1564 1034 1666 1081 est.
1696 1026 1828 1080 item
1875 1024 1931 1078 in
1977 1022 2143 1093 parti—

554 1121 656 1176 bus
705 1120 899 1175 Tuscie
955 1120 1437 1189 Longobardorum
1489 1118 1782 1173 Castellum
1822 1115 2139 1180 Felicitatis,

558 1209 898 1275 Urbivetnm,
924 1209 1183 1264 Balneum
1212 1208 1374 1281 regis,
1410 1209 1650 1275 Ferenti,
1676 1207 1927 1263 Castrum
1967 1206 2142 1261 Biter-

553 1301 698 1355 vinm
726 1302 767 1365 ’,
797 1298 1013 1367 Oribas,
1071 1300 1307 1357 Marcam
1331 1303 1372 1368 ³,
1397 1303 1721 1367 Tuscanam,
1764 1300 2021 1365 Suanam,
2045 1299 2144 1355 Po-

543 1391 851 1460 pulonium,
878 1391 1144 1457 Rosellas,
1168 1400 1222 1447 ct
1252 1391 1474 1458 insulas,
1501 1391 1796 1457 Corsicam,
1818 1390 2139 1456 Sardiniam,

552 1488 609 1536 et
632 1480 876 1536 Siciliam
915 1482 1014 1537 sub
1037 1482 1350 1553 integritate
1391 1498 1514 1538 cum
1571 1483 1822 1539 omnibus
1848 1481 2144 1537 adiacenti-

550 1573 672 1639 bus,
712 1588 778 1628 ac
796 1573 1102 1639 territoriis,
1130 1574 1436 1641 maritimis,
1490 1575 1757 1640 litoribus,
1785 1573 2049 1644 portubus
2075 1570 2143 1627 ad

549 1664 948 1734 suprascriptas
979 1665 1227 1720 civitates
1251 1672 1308 1720 et
1336 1664 1540 1719 insulas
1566 1664 1980 1733 pertinentibus.
2008 1661 2141 1717 ltem

551 1755 605 1809 in
628 1757 874 1824 partibus
898 1756 1190 1826 Campanie
1217 1757 1426 1820 Soram,
1470 1756 1657 1822 Arces,
1702 1755 1995 1825 Aquinum,
2039 1752 2142 1808 Ar-

2242 580 2474 635 cumqne
2507 572 2664 636 parte
2685 566 2961 620 minuatur
2993 571 3175 619 vestra
3198 569 3455 631 potestas,
3481 570 3578 618 aut
3596 561 3754 618 vobis
3768 564 3825 619 de

2242 657 2621 727 suprascriptis
2639 658 2910 721 omnibus,
2941 655 3027 711 vel
3049 656 3454 711 successoribus
3495 655 3698 710 vestris
3714 655 3825 711 inde

2243 747 2446 818 aliquid
2470 748 2849 815 subtrahatur,
2883 748 2949 803 de
2977 746 3360 817 suprascriptis
3415 745 3673 800 videlicet
3711 760 3822 814 pro-

2243 840 2452 906 vinciis,
2482 842 2728 909 urbibus,
2753 842 3085 906 civitatibus,
3138 837 3369 911 oppidis,
3422 839 3647 906 castris,
3696 840 3824 894 vieu.

2240 932 2308 988 lis
2335 934 2395 999 ",
2426 935 2735 1002 territoriis,
2764 943 2926 1005 atque
2959 934 3320 1005 patrimoniis,
3356 948 3572 988 necnon
3616 939 3673 986 et
3714 946 3824 1001 pea-

2242 1023 2502 1091 sionibus,
2520 1033 2682 1095 atque
2708 1027 2995 1094 censibus;
3028 1025 3104 1081 ita
3131 1032 3191 1081 ut
3211 1040 3386 1095 neque
3412 1040 3514 1080 nos
3533 1040 3599 1078 ea
3626 1025 3823 1079 subtra-

2238 1115 2450 1182 hamus,
2482 1130 2658 1187 neque
2681 1117 3008 1187 quibuslibet
3036 1118 3355 1174 subtrahere
3374 1116 3687 1173 volentibus
3712 1131 3821 1171 con-

2242 1211 2561 1275 senciamus,
2592 1212 2684 1267 sed
2705 1213 2894 1283 pocius
2919 1212 3100 1268 omnia
3142 1226 3247 1282 que
3271 1212 3525 1282 superius
3558 1211 3819 1282 leguntur,

2242 1299 2298 1356 id
2321 1307 2405 1355 est
2427 1301 2751 1371 provincias,
2777 1302 3047 1365 civitates,
3099 1303 3283 1367 urbes,
3339 1302 3555 1372 oppida,
3590 1300 3817 1365 castella,

2243 1392 2537 1459 territoria,
2575 1394 2924 1462 patrimonia,
2951 1402 3114 1464 atque
3140 1394 3362 1457 insulas,
3389 1408 3610 1456 census,
3632 1400 3685 1447 et
3712 1407 3822 1462 pen-

2241 1480 2422 1537 siones
2447 1481 2673 1538 ecclesie
2700 1484 2845 1539 beati
2869 1484 3012 1540 Petri
3051 1485 3300 1554 apostoli,
3321 1491 3377 1539 et
3399 1482 3750 1553 pontiﬁcibus
3774 1482 3818 1536 in

2240 1572 2607 1628 sacratissima
2633 1573 2781 1630 illius
2804 1574 2931 1630 sede
2955 1575 3008 1628 in
3034 1583 3347 1646 perpetuum
3378 1573 3745 1629 residentibus
3772 1574 3817 1626 in

2241 1673 2502 1736 quantum
2526 1681 2814 1737 possumus
2838 1685 2937 1725 nos
2963 1666 3264 1724 dell'endere
3307 1667 3712 1739 promictimus.
3751 1666 3816 1720 Ad

2243 1760 2368 1825 hoc,
2391 1768 2455 1815 ut
2490 1761 2670 1817 omnia
2695 1775 2759 1815 ea
2800 1761 2858 1817 in
2908 1761 3052 1816 illius
3083 1761 3284 1817 ditione
3333 1761 3401 1815 ad
3448 1759 3736 1823 utendum,
3773 1766 3817 1812 et

539 1823 757 1917 pinum,
788 1823 1085 1914 Theannm,
1114 1855 1168 1904 et
1195 1848 1450 1919 Capuam,
1480 1855 1535 1902 et
1558 1823 1883 1918 patrimonia
1931 1847 1999 1901 ad
2040 1860 2139 1915 po-
2170 1823 2217 1882 Β
2247 1823 2550 1915 fruendum,
2582 1858 2744 1920 atque
2784 1848 3175 1921 disponendum
3219 1852 3448 1906 ﬁrmiter
3484 1848 3672 1906 valeat
3706 1850 3818 1906 obti-

549 1946 802 1996 testatem
829 1949 1062 1997 vestram
1084 1950 1140 1997 et
1172 1941 1440 1998 dicionem
1485 1941 1879 2012 pertinentibus
1905 1941 1948 2005 ⁸,
2000 1939 2138 1995 sicut

548 2039 633 2085 cst
654 2033 1038 2100 patrimonium
1061 2032 1515 2098 Beneventanum,
1543 2041 1598 2087 et
1628 2032 2043 2096 Salernitanum,
2082 2039 2138 2086 et

545 2122 933 2191 patrimonium
958 2122 1205 2180 Calabrie
1230 2123 1521 2188 inferioris,
1545 2132 1599 2179 et
1630 2123 1945 2194 superioris,
1976 2131 2030 2178 et
2050 2138 2141 2193 pa-

534 2211 860 2268 trimonium
884 2212 1314 2284 Neapolitanum,
1340 2223 1395 2270 et
1425 2215 1750 2285 ubicumque
1794 2215 1847 2270 in
1897 2214 2141 2284 partibus

545 2306 702 2373 regni
737 2312 899 2374 atque
927 2305 1140 2376 imperii
1168 2322 1199 2361 a
1235 2306 1344 2362 Deo
1371 2307 1525 2363 nobis
1558 2307 1832 2362 commissi
1884 2307 2142 2376 patrimo-

544 2393 634 2447 nia
665 2402 838 2451 vestra
870 2411 989 2453 esse
1019 2406 1337 2453 noscuntur.
1380 2398 1489 2454 Has
1510 2416 1698 2455 omnes
1743 2400 2141 2470 suprascriptas

546 2486 875 2555 provincias,
940 2490 1120 2553 urbes,
1171 2499 1227 2544 et
1271 2476 1536 2557 civitates,
1600 2492 1778 2560 cpida,
1835 2500 1998 2561 atque
2047 2508 2138 2547 ca-

545 2577 708 2631 stella
735 2578 776 2643 ⁸,
806 2579 1032 2645 viculos,
1062 2595 1125 2636 ac
1156 2582 1450 2649 territoria,
1480 2584 1746 2653 simulque
1772 2583 1793 2615 ⁸
1816 2585 2140 2653 patrimonia

544 2663 654 2720 iam
679 2667 821 2722 dicte
841 2669 1069 2725 ecclesie
1098 2678 1209 2737 tue,
1247 2672 1404 2727 beate
1428 2673 1588 2729 Petre
1610 2674 1867 2743 apostole,
1894 2682 1949 2730 et
1970 2690 2069 2745 per
2089 2683 2142 2730 te

544 2756 748 2813 vicario
774 2768 868 2815 tuo
922 2762 1188 2830 spirituali
1234 2765 1374 2832 patri
1427 2774 1615 2821 nostro
1672 2767 1851 2821 donno
1907 2765 2136 2831 Pascali,

543 2862 763 2904 summo
798 2851 1041 2920 pontifici
1071 2861 1124 2907 et
1148 2854 1437 2909 universali
1475 2870 1628 2926 pape,
1675 2858 1901 2926 eiusque
1922 2873 2140 2913 succes-

546 2939 762 2994 soribus
788 2957 961 3011 usque
995 2942 1051 2997 in
1073 2943 1233 2999 ﬁnem
1262 2944 1428 3001 seculi
1470 2947 1662 3003 eodem
1691 2949 1710 2979 τ
1742 2948 1901 3005 modo
1947 2949 2140 3005 conﬁr-

546 3044 856 3101 mamus,ut
878 3037 932 3091 in
959 3053 1059 3094 suo
1098 3039 1374 3095 detineant
1416 3042 1551 3106 iure,
1602 3043 1929 3114 principatu,
1977 3054 2139 3115 atque

546 3126 780 3182 dicione.

2240 1941 2378 1997 neri.
2403 1939 2724 2012 Nullamque
2752 1942 2805 1997 in
2829 1942 2908 1999 eis
2934 1942 3089 1998 nobis
3116 1951 3347 2013 partem,
3381 1951 3475 1997 aut
3508 1949 3815 2013 potestatem

2241 2031 2580 2101 disponendi,
2605 2033 2689 2089 vel
2714 2033 3008 2097 iudicandi,
3036 2034 3478 2101 subtrahendive,
3520 2045 3621 2090 aut
3666 2037 3816 2092 mino-

2242 2124 2396 2179 randi
2426 2124 2792 2191 vendicamus,
2815 2126 2921 2180 nisi
2948 2134 3213 2196 quatenus
3248 2128 3316 2184 ab
3343 2127 3453 2191 illo,
3486 2128 3583 2197 qui
3611 2141 3679 2184 eo
3702 2136 3816 2183 tem-

2241 2230 2372 2285 pore
2397 2215 2558 2272 huius
2588 2226 2773 2272 sancte
2794 2217 3021 2272 ecclesie
3062 2218 3306 2288 regimen
3349 2219 3612 2282 tenuerit,
3663 2219 3813 2291 rogati

2242 2306 2521 2363 fuerimus.
2553 2306 2622 2363 Et
2653 2309 2699 2364 si
2723 2309 2949 2378 quilibet
2972 2309 3134 2364 homo
3159 2308 3226 2364 de
3273 2309 3605 2380 supradictis
3645 2311 3814 2369 civitao

2242 2400 2387 2455 tibus
2410 2398 2476 2456 ad
2501 2409 2738 2455 vestram
2760 2401 3043 2457 ecclesiam
3076 2402 3478 2472 pertinentibus
3525 2403 3596 2459 ad
3622 2419 3720 2459 nos
3739 2418 3815 2458 ve-

2243 2492 2403 2558 nerit,
2428 2483 2747 2548 subtrahere
2772 2508 2830 2549 sc
2850 2492 3035 2549 volens
3057 2492 3123 2548 de
3168 2502 3351 2549 vestra
3379 2493 3597 2549 dicione
3631 2502 3683 2548 et
3727 2509 3813 2564 po-

2244 2590 2458 2649 testate,
2489 2582 2574 2638 vel
2613 2585 2848 2655 aliquam
2872 2585 3167 2655 quamlibet
3194 2585 3436 2655 iniquam
3468 2586 3817 2641 machinacio-

2242 2686 2366 2727 nem
2396 2681 2652 2729 metuens
2679 2681 2773 2729 aut
2796 2674 3009 2745 culpam
3035 2675 3382 2731 commissam
3406 2675 3625 2743 fugiens,
3671 2674 3811 2728 nullo

2244 2764 2402 2819 modo
2427 2778 2551 2819 eum
2581 2765 2624 2797 ¹⁸
2649 2765 2986 2836 recipiemus,
3020 2765 3123 2820 nisi
3148 2765 3215 2820 ad
3238 2766 3437 2820 iustam
3475 2780 3569 2835 pro
3606 2778 3670 2818 eo
3724 2766 3804 2819 {a-

2243 2853 2489 2908 ciendam
2514 2854 2976 2921 intercessionem,
3001 2856 3075 2911 ita
3095 2855 3379 2911 dumtaxat
3401 2857 3445 2912 si
3466 2856 3633 2928 culpa,
3655 2872 3809 2927 quam
3856 2922 3861 2925 χ
3950 2896 3951 2903 η

2243 2944 2535 3010 commisit,
2578 2946 2805 3001 venialis
2826 2945 2990 3001 fuerit
3015 2947 3251 3013 inventa,
3278 2949 3361 3003 sin
3401 2947 3558 3002 aliter
3599 2964 3812 3019 conpre-

2244 3032 2473 3088 hensum
2500 3043 2682 3089 vestre
2703 3037 2959 3106 potestati
2985 3053 3108 3093 eum
3155 3040 3527 3095 remictamus.
3579 3040 3814 3110 Excepis

2246 3122 2349 3189 his,
2377 3123 2469 3193 qui
2505 3122 2845 3191 violenciam,
2876 3126 2960 3181 vel
3007 3128 3409 3197 Oppressionem
3456 3131 3809 3199 potenciorutl

618 3216 795 3277 Simili
820 3222 980 3278 modo
1002 3238 1099 3292 per
1122 3224 1225 3280 hoc
1249 3233 1434 3281 nostre
1474 3227 1912 3283 conﬁrmacionis
1958 3228 2137 3283 decre-

2243 3214 2390 3284 passi
2415 3215 2536 3270 ideo
2558 3214 2625 3270 ad
2657 3230 2756 3272 nos
2775 3217 3035 3282 venerint,
3074 3224 3134 3272 ut
3156 3233 3255 3288 per
3296 3198 3544 3275 nostram
3572 3220 3813 3275 interces-
3858 3262 3861 3265 .

543 3320 658 3367 tum
708 3312 988 3372 ﬁrmamus
1037 3316 1381 3382 donaciones,
1439 3334 1573 3395 quas
1619 3320 1706 3388 pie
1748 3319 2140 3376 recordationis

543 3399 754 3459 dOnnus
780 3406 1005 3476 Pipinus
1035 3423 1129 3462 rex
1160 3424 1294 3464 avus
1319 3418 1525 3476 noster,
1552 3419 1605 3464 et
1629 3420 1817 3479 postea
1846 3412 2058 3467 donans
2086 3422 2139 3468 et

544 3493 762 3568 genitor
808 3504 994 3551 noster
1053 3496 1284 3552 Karolus
1345 3498 1639 3568 imperator
1685 3501 1845 3556 beato
1898 3502 2139 3572 apostolo

544 3588 706 3644 Petro
732 3596 1025 3657 spontanea
1077 3587 1352 3644 voluntate
1391 3591 1757 3647 contulerunt.
1799 3593 1910 3649 Nec
1948 3611 2054 3649 non
2085 3606 2139 3651 et

545 3694 785 3742 censum,
820 3687 875 3733 et
901 3680 1239 3748 pensionem,
1280 3697 1375 3737 seu
1406 3691 1618 3739 ceteras
1662 3685 1918 3743 daciones
1956 3690 1998 3754 ⁸,
2035 3705 2139 3759 que

546 3769 822 3823 annuatim
848 3769 901 3823 in
924 3769 1192 3838 palacium
1236 3774 1380 3844 regis
1427 3773 1903 3847 Longohardorum
1950 3780 2135 3836 inferri

545 3859 813 3924 solebant,
866 3859 981 3915 sivo
1015 3859 1082 3916 de
1115 3861 1309 3917 Tuscia
1359 3863 1860 3936 Longobardorum,
1914 3869 2027 3925 sive
2070 3870 2138 3927 de

545 3949 741 4004 ducatu
769 3949 1045 4021 Spoletino
1077 3950 1117 4016 ’,
1166 3952 1306 4006 sicut
1341 3954 1395 4007 in
1424 3957 1805 4028 suprascriptis
1833 3959 2138 4016 donacioni—

543 4042 645 4095 bus
668 4041 1012 4096 continentur
1038 4041 1099 4104 ¹⁰,
1125 4048 1178 4094 et
1204 4042 1345 4097 inter
1362 4053 1546 4101 sancte
1568 4048 1826 4103 memorie
1839 4048 2135 4108 Adrianum

543 4144 755 4202 papam,
786 4138 839 4185 et
860 4129 1152 4200 dompnum
1178 4147 1242 4187 ac
1279 4134 1577 4204 genitorem
1609 4144 1855 4192 nostrum
1882 4138 2135 4197 Karolum

544 4225 923 4294 imperatorem
949 4226 1220 4292 convenit,
1255 4226 1505 4296 quoniam
1542 4228 1582 4259 ¹¹
1613 4228 1753 4285 idem
1790 4232 2028 4300 pontifex
2055 4234 2133 4289 ci-

544 4316 667 4370 dem
697 4317 762 4371 de
790 4318 1168 4387 suprascriptis
1195 4318 1496 4384 ducatibus,
1528 4320 1581 4375 id
1618 4328 1700 4375 est
1725 4322 1767 4353 ¹²
1807 4321 2053 4379 Tuscano
2082 4334 2138 4380 et

547 4404 824 4475 Spoletina
854 4406 917 4471 ‘3,
945 4421 1040 4461 sue
1064 4407 1106 4437 ιδ
1135 4408 1469 4463 auctoritatis
1492 4418 1804 4481 preceptum
1855 4413 2137 4469 conﬁrma-

545 4496 641 4560 vit,
672 4509 738 4553 eo
765 4496 969 4551 scilicet
999 4497 1042 4528 ¹⁸
1069 4499 1246 4562 modo,
1282 4507 1340 4552 ut
1380 4500 1537 4555 annis
1581 4501 1805 4572 singulis
1856 4504 2129 4573 predictus

544 4600 740 4641 census
761 4586 989 4641 ecclesie
1014 4585 1156 4643 beati
1195 4588 1342 4644 Petri
1368 4590 1594 4659 apostoli
1624 4592 1960 4661 persolvatur
1980 4596 2126 4652 salva

545 4692 706 4748 super
733 4676 951 4733 eosdem
990 4679 1215 4735 ducatus
1260 4687 1444 4735 nostra
1495 4682 1551 4736 in
1600 4682 1851 4738 omnibus
1899 4683 2129 4751 dicione,

544 4778 599 4823 et
630 4768 845 4823 illorum
873 4769 940 4824 ad
972 4778 1212 4825 nostram
1241 4779 1449 4839 partem
1478 4771 1840 4844 subieccione.
1882 4774 2134 4831 Ceterum

544 4860 685 4915 sicut
708 4860 943 4915 diximus
966 4860 1147 4916 omnia
1177 4863 1424 4929 superius
1468 4862 1744 4917 nominata
1803 4864 1876 4919 ita
1929 4867 1996 4922 ad
2039 4883 2131 4922 ve-

544 4959 714 5008 stram
752 4952 796 4983 "
824 4959 1032 5023 partem
1056 4967 1155 5021 per
1183 4953 1287 5007 hoc
1324 4962 1510 5008 nostre
1552 4955 1988 5013 conﬁrmacionis
2034 4958 2132 5012 de-

542 5054 753 5102 cretum
784 5046 1123 5108 roboramus,
1153 5045 1296 5099 utin
1336 5053 1517 5100 vestro
1563 5056 1973 5118 vestrorumque
2017 5065 2130 5106 suc-

542 5152 818 5193 cessorum
856 5144 1170 5208 permaneat
1192 5138 1327 5201 iure,
1357 5138 1683 5207 principatu,
1708 5148 1870 5208 atque
1900 5142 2129 5208 dicione,

546 5236 604 5282 ut
628 5245 729 5286 nec
757 5245 788 5283 a
811 5230 986 5295 nobis,
1016 5243 1116 5283 nec
1137 5242 1168 5281 a
1208 5227 1335 5281 ﬁliis
1361 5227 1442 5281 vel
1468 5231 1871 5286 successoribus
1908 5236 2127 5299 nostris,

2243 3303 2450 3360 sionem
2480 3305 2751 3361 iusticiam
2775 3306 3019 3377 accipere
3045 3316 3374 3373 mereantur,
3401 3324 3641 3379 quorum
3667 3309 3811 3363 altera

2242 3396 2486 3452 condicio
2509 3405 2612 3462 est,
2639 3404 2693 3451 et
2723 3412 2754 3452 a
2778 3398 3147 3467 superioribus
3200 3406 3283 3453 est
3336 3398 3492 3455 valde
3545 3399 3811 3454 disitmcta.

2241 3490 2307 3544 Et
2333 3490 2549 3560 quando
2570 3491 2750 3545 divina
2782 3492 3073 3547 vocacione
3093 3491 3255 3548 huius
3281 3493 3658 3547 sacratissime
3693 3488 3813 3545 sedis

2239 3578 2481 3648 pontifex
2507 3579 2574 3634 de
2601 3580 2705 3635 hoc
2726 3581 2927 3636 mundo
2953 3580 3289 3652 migraverit,
3330 3581 3513 3636 nullus
3557 3596 3629 3636 ex
3672 3591 3813 3650 regno

2240 3679 2428 3729 nostro
2455 3678 2548 3726 aut
2573 3671 2836 3735 Francus,
2871 3680 2964 3727 aut
3003 3672 3409 3744 Langobardus,
3449 3681 3547 3727 aut
3590 3673 3663 3729 de
3704 3685 3814 3742 qua-

2242 3764 2375 3819 libet
2405 3771 2562 3834 gente
2591 3764 2752 3820 homo
2775 3765 2876 3820 sub
2925 3774 3109 3820 nostra
3152 3772 3425 3835 potestate
3478 3765 3813 3825 constitutas,

2238 3857 2507 3913 licentiam
2552 3858 2749 3913 habeat
2797 3865 2985 3914 contra
3038 3858 3312 3913 Romanos
3350 3857 3394 3890 "
3439 3866 3536 3912 aut
3593 3857 3810 3928 publice.

2239 3956 2331 4002 aut
2351 3948 2559 4018 private
2584 3948 2833 4004 veniendi
2859 3947 2941 4003 vel
2968 3946 3014 3979 ¹⁰
3043 3946 3360 4004 electiOnem
3406 3943 3663 4007 faciendi,
3713 3942 3815 3998 nul-

2236 4040 2428 4111 lusque
2451 4038 2507 4094 in
2540 4039 2867 4106 civitatibus,
2895 4038 2980 4095 vel
3004 4039 3292 4093 territoriis
3313 4033 3358 4064 "
3405 4033 3641 4091 ecclesie
3688 4034 3812 4090 beati

2239 4131 2387 4187 Petri
2415 4129 2640 4200 apostoli
2666 4132 2988 4197 potestatem
3018 4124 3417 4194 pertinentibus
3448 4125 3674 4197 aliquod
3717 4142 3815 4182 nia-

2231 4215 2348 4283 lum
2380 4230 2601 4294 propter
2641 4218 2914 4275 hominem
2958 4218 3004 4249 “
3052 4217 3227 4272 facere
3263 4228 3566 4288 presumat.
3618 4220 3727 4276 Sed
3760 4219 3814 4273 li-

2238 4324 2357 4372 ceat
2376 4313 2634 4371 Romanis
2662 4325 2785 4367 cum
2813 4311 2958 4366 omni
3006 4312 3380 4376 veneracione,
3426 4318 3481 4366 et
3529 4312 3652 4368 sine
3698 4328 3817 4383 qua-

2236 4408 2367 4462 libet
2393 4405 2439 4437 "
2464 4401 2878 4477 perturbacione
2903 4399 3251 4457 honoriﬁcam
3280 4416 3379 4456 suo
3406 4400 3654 4471 pontiﬁci
3679 4402 3816 4457 exhi-

2236 4504 2363 4558 bere
2385 4499 2731 4569 sepulturam.
2762 4494 2830 4551 Et
2855 4510 2978 4551 eum
3003 4508 3163 4565 quem
3187 4493 3365 4549 divina
3393 4495 3758 4564 inspiracione
3773 4494 3816 4524 “

2231 4601 2284 4647 et
2307 4589 2452 4647 beati
2488 4587 2633 4642 Petri
2663 4585 3052 4642 intercessione
3071 4599 3260 4639 omnes
3283 4584 3518 4639 Romani
3542 4601 3658 4641 uno
3699 4600 3819 4641 con-

2234 4683 2353 4737 silio
2395 4689 2557 4750 atque
2604 4677 2893 4745 concordia
2939 4677 3055 4732 sine
3107 4676 3285 4747 aliqua
3332 4677 3704 4747 promissione
3758 4675 3818 4731 ad

2232 4773 2577 4846 pontiﬁcatus
2607 4770 2854 4826 ordinem
2880 4769 3143 4839 elegerint
3184 4768 3232 4799 ’⁸
3262 4768 3378 4824 sine
3408 4769 3656 4839 qualibet
3714 4784 3818 4823 ιωσ

2236 4864 2495 4936 biguitate
2536 4860 2623 4916 vel
2670 4858 3092 4914 contradictione
3132 4872 3284 4914 more
3326 4858 3591 4914 canonico
3634 4867 3815 4913 conse-

2234 4972 2389 5028 crary
2412 4956 2480 5021 ’°,
2506 4962 2561 5009 et
2586 4952 2713 5009 dum
2744 4957 3092 5007 consecratus
3110 4947 3294 5014 fuerit,
3323 4949 3489 5019 legati
3514 4949 3586 5003 ad
3618 4962 3720 5004 nos
3742 4944 3820 4999 vel

2234 5051 2301 5104 ad
2323 5059 2666 5103 successores
2692 5050 2907 5097 nostros
2935 5055 3089 5111 reges
3118 5040 3456 5095 Francorum
3497 5038 3819 5109 dirigantur,

2232 5139 2325 5209 qui
2358 5138 2500 5191 inter
2534 5150 2633 5191 nos
2663 5144 2718 5190 et
2751 5132 2901 5187 illum
2936 5129 3250 5194 amicitiam,
3298 5136 3371 5184 et.
3416 5130 3728 5194 caritatem,
3771 5135 3823 5183 et

2231 5244 2419 5301 pacem
2446 5226 2673 5289 socient,
2723 5224 2861 5279 sicut
2906 5220 3241 5292 temporibus
3286 5220 3376 5292 pie
3424 5220 3823 5277 recordacionis

1755 5413 2146 5473 VARIANTES
2186 5412 2593 5473 LECTIONES.

616 5562 633 5593 ⁸
686 5560 1060 5619 SabinenseM.
1161 5564 1182 5594 ¹
1222 5563 1449 5617 Viterbii
1482 5562 1559 5617 Μ.
1664 5564 1684 5594 ³
1716 5564 1941 5619 Martam
1968 5567 1993 5619 l

544 5629 565 5657 '
598 5631 920 5689 donaciones
951 5634 1027 5687 Ill.

550 5698 592 5729 ’⁸
633 5703 819 5757 eodem
854 5704 1016 5758 simili
1045 5704 1119 5757 Μ.
1202 5698 1243 5732 ’³
1271 5711 1507 5757 nostram
1538 5703 1612 5756 M.

2109 5567 2131 5597 ‘
2161 5565 2495 5621 nertincneia
2536 5562 2613 5617 Μ.

1163 5583 1182 5594 ”
1231 5583 1449 5617 νιιθτυιι
1482 5583 1559 5617 Μ.
1664 5583 1684 5594 '
1716 5583 1941 5619 martum
1968 5583 1993 5619 ‘l
2109 5583 2131 5597 ⁹
2161 5583 2495 5637 pertlncncm
2536 5583 2613 5617 Μ.
2712 5583 2732 5594 ⁸
2762 5583 2936 5617 (ἲὶὶδιῐἨ
2969 5583 3047 5616 111.
3153 5583 3174 5594 “’
3199 5583 3247 5619 8ο
3275 5583 3331 5619 ει
3350 5583 3404 5634 ρ.
3440 5583 3482 5618 Π

1122 5634 1143 5665 ⁸
1190 5648 1215 5686 s
1254 5631 1469 5688 oletano
1513 5633 1589 5687 Μ.
1671 5635 1712 5664 ¹⁰
1741 5635 2052 5690 continetur
2074 5635 2151 5689 Μ.
2232 5639 2270 5669 ¹¹
2303 5652 2425 5690 cum
2467 5633 2545 5687 Μ.
2625 5632 2664 5663 ⁸⁸
2698 5632 2750 5687 d.
2785 5632 2839 5686 in
2864 5631 2940 5685 Μ.
3019 5633 3061 5678 ιδ
3088 5632 3127 5688 S
3165 5634 3381 5690 oletano
3398 5635 3482 5689 Μ.

1202 5648 1252 5732 I9
1271 5711 1505 5732 ﬁnal-unm
1545 5703 1588 5732 ΙΙ
1693 5705 1733 5732 1⁸1
1762 5705 1901 5732 ..:II:..
1941 5705 1989 5732 Il
2087 5706 2130 5732 Ill
2167 5723 2192 5732 ι.
2243 5706 2399 5732 ,Παλ-ι
2427 5721 2455 5732 -
2519 5702 2566 5732 ΙΙ
2668 5701 2707 5732 19
2737 5718 2766 5732 ιι
2819 5701 2855 5732 Π
2911 5702 3095 5732 Ληουκο
3129 5649 3173 5732 Ε
3276 5705 3319 5732 ao
3348 5715 3433 5732 ,ιη-ι
3471 5707 3482 5732 Ι

1693 5705 1733 5735 ¹⁷
1762 5705 1904 5759 villis
1932 5705 2009 5759 Μ.
2087 5706 2130 5737 ’³
2164 5723 2212 5759 c.
2242 5706 2399 5759 aliter
2427 5721 2473 5757 r.
2511 5702 2588 5756 Μ.
2668 5701 2707 5732 ⁸³
2736 5718 2785 5757 c.
2818 5701 2881 5755 Β.
2909 5702 3095 5755 desunt
3120 5701 3198 5757 M.

3595 5559 3825 5621 νων.

3566 5635 3751 5683 “sane
3776 5628 3825 5680 ί.

3276 5705 3319 5736 ³ο
3343 5715 3437 5749 ου(
3461 5700 3542 5750 Μ.
3621 5698 3664 5730 ﬁ
3695 5708 3739 5752 ι.
3766 5696 3829 5751 ad

2712 5563 2732 5634 ξ
2762 5570 2936 5634 castra
2969 5561 3055 5634 Μ.
3099 5632 3109 5634 Α
3153 5563 3174 5594 ⁸
3199 5578 3247 5619 s.
3275 5573 3404 5634 etp.
3440 5562 3521 5619 Μ.

546 5782 593 5819 c.
632 5770 706 5824 Μ.
786 5775 827 5803 ¹²
860 5775 961 5828 hoc
1016 5774 1090 5827 Μ.
1170 5773 1213 5803 ³³
1245 5773 1421 5843 aliqua
1452 5773 1527 5826 Μ.
1605 5775 1648 5804 ’⁷⁵
1688 5776 1987 5844 spirarione
2017 5774 2090 5828 Μ.
2171 5779 2217 5808 ’⁵
2246 5775 2493 5847 eligerint
2516 5789 2561 5829 s.
2593 5772 2769 5842 aliqua
2798 5772 2875 5825 Μ.
2953 5774 2997 5802 ’⁸⁵
3020 5778 3334 5819 consecrare
3370 5764 3444 5819 Π.
