3992 6344
536 337 630 393 [ἶ87

1472 332 1528 387 Β.
1569 328 1818 386 CAROLI
1850 323 2068 382 'MAGNI
2107 322 2258 380 ΟΡΡ.
2297 320 2475 377 PARS
2512 321 2552 376 l.
2592 320 2835 377 SECTIO
2877 322 2918 377 ἰ.

530 406 823 505 Definitum
842 456 927 504 est
954 450 969 479 ί
997 453 1055 502 ιιι
1088 445 1135 500 si
1182 446 1249 501 ad
1292 444 1375 500 ius
1421 442 1684 499 ecclesiae
1722 439 2013 509 pertinent,
2060 436 2129 490 ab
2163 434 2413 497 Anullus
2462 434 2819 509 propinquam
2870 450 2970 490 nec
3010 450 3174 507 quam
3226 431 3567 507 propinquus
3619 436 3820 498 habui

534 521 785 590 episcopo
818 519 1169 590 ordinentur;
1209 516 1254 570 si
1267 530 1406 590 vero
1438 514 1504 590 ad
1555 511 1826 590 seculares
1874 509 2121 590 homirtes

536 576 850 659 respiciunt,
877 590 945 642 ab
972 576 1223 656 episcopo
1267 586 1366 659 ipsi
1416 585 1827 659 admoneamur,
1877 588 1936 633 ut
1980 576 2119 633 infra

537 654 700 714 trium
731 654 1407 726 ebdomadarum’spatium
1433 654 1768 710 ordinentur.

605 750 694 806 25.
722 752 799 806 De
815 750 1105 806 destructis
1130 749 1393 805 ecclesiis.
1420 748 1520 804 llic
1541 746 1894 803 constitutum
1919 750 2020 809 est,
2060 751 2119 798 ut

533 822 762 877 ecclesia
788 822 1062 877 destructa
1095 821 1162 876 de
1207 820 1427 889 propria
1477 818 1733 889 facultate
1760 822 2115 879 restauretur,

532 900 627 946 aut
650 891 698 947 si
722 892 898 947 minor
922 901 1005 947 est
1025 888 1274 957 facultas,
1296 888 1479 961 populi
1501 888 1703 943 auxilio
1724 893 2027 957 reparetur.

602 982 1085 1058 26._Sitepiscopus
1110 997 1140 1036 a
1170 980 1430 1058 subiectis
1478 978 1885 1058 sacerdotibus
1907 983 1962 1031 et
2010 975 2122 1058 cle-

533 1056 663 1110 ricis
690 1047 941 1109 dationes
963 1047 1164 1124 exigat.
1195 1053 1271 1107 De
1296 1053 1399 1107 hoc
1422 1050 1671 1124 capitulo
1706 1047 1984 1124 deﬁnitum
2014 1055 2117 1112 est,

535 1133 594 1179 ut
619 1124 798 1181 nullus
822 1116 1197 1194 episcoporum
1234 1138 1264 1176 a
1298 1116 1628 1193 presbyteris
1657 1118 1741 1173 vel
1767 1116 1979 1173 clericis
2005 1133 2123 1171 am-

533 1196 675 1265 plius
695 1194 875 1265 exigat
900 1209 1064 1265 quam
1090 1200 1351 1249 statutum
1376 1200 1477 1248 est.

602 1287 692 1341 27.
722 1285 921 1355 Quales
946 1286 1168 1342 abbates
1194 1286 1303 1341 sint
1322 1283 1780 1355 constituendum.
1806 1282 1997 1355 lnboc
2027 1296 2123 1355 ca-

535 1352 1043 1480 pitulttpltccipitur,
1069 1364 1130 1411 ut
1160 1356 1337 1413 edocti
1378 1356 1486 1411 sint
1516 1363 1571 1411 et
1605 1352 1913 1423 presbiterii
1962 1354 1981 1384 ’
2026 1352 2123 1407 ho-

537 1443 668 1480 nore
717 1444 749 1480 ll
798 1444 832 1480 Ι.

537 1443 668 1483 nore
694 1428 832 1482 fulti.

606 1497 697 1554 28.
728 1498 894 1569 Docet
915 1498 1147 1569 qualiter
1170 1497 1420 1569 monachi
1443 1495 1528 1550 vel
1548 1494 1770 1548 abbates
1793 1493 2121 1569 conversari

537 1568 785 1640 debeant.
816 1564 1153 1640 Quamquam
1180 1568 1335 1640 plura
1374 1580 1573 1640 genero
1592 1565 1987 1640 monachorum
2028 1564 2123 1640 ob-

538 1639 821 1704 servanda,
843 1633 897 1695 et
924 1633 1029 1694 alia
1056 1633 1366 1693 omnimodo
1381 1633 1500 1692 'sint
1524 1634 1827 1699 refutanda,
1854 1641 2032 1689 tamen
2054 1633 2123 1688 de

538 1709 626 1763 bis
653 1708 825 1788 quiin
848 1709 963 1764 solo
996 1709 1184 1788 habitu
1212 1708 1466 1788 existunt,
1500 1705 1759 1788 diligenti.
1786 1720 1915 1788 cura
1966 1705 2123 1788 debet

538 1775 908 1851 unusquisque
934 1778 1303 1851 episcoporum
1337 1778 1393 1832 in
1427 1791 1524 1851 sua
1544 1775 1763 1851 _dioce_si
1822 1776 2120 1851 decertare,

538 1844 713 1919 utqui
737 1844 1086 1921 religiosiiate
1116 1844 1385 1904 conantur
1431 1846 1672 1921 illudere,
1712 1845 1862 1921 boui-
1891 1844 2126 1921 pastoris

539 1914 721 1975 studio
744 1914 1117 1989 quoartentur,
1144 1926 1207 1973 ut
1232 1927 1326 1973 aut
1348 1918 1627 1988 proprium
1652 1916 1795 1985 quod
1838 1914 2000 1971 fuerit
2043 1932 2129 1971 re-

540 1998 821 2045 vertantur
844 1992 1257 2056 monasterium,
1294 1998 1389 2044 aut
1428 1995 1770 2059 perspectum
1829 2002 2127 2057 congruum

542 2061 595 2114 in
619 2060 784 2115 alium
810 2060 1112 2115 mittantur.
1143 2060 1213 2115 Ut
1241 2060 1333 2129 qui
1355 2056 1521 2114 semel
1556 2056 1619 2112 se
1643 2056 1755 2129 Deo
1789 2056 2052 2112 voverunt
2072 2066 2129 2111 et

543 2131 785 2185 habitum
810 2131 1198 2185 monachorum
1220 2127 1591 2193 ostenderunt,
1618 2127 1703 2182 vel
1728 2142 1910 2183 comas
1952 2133 2128 2182 toton-

539 2200 755 2266 derunt,
786 2200 1088 2271 regularem
1118 2201 1139 2231 ³
1164 2208 1384 2258 teneant
1408 2199 1597 2271 vitam,
1620 2205 1699 2271 ιιιΔ
1719 2198 1774 2252 in
1794 2213 1901 2271 uno
1922 2198 2129 2271 scilicet
2149 2224 2161 2236 -

538 2280 599 2325 ut
626 2268 876 2327 convenit
924 2271 1242 2326 dormitorio
1304 2271 1389 2325 vel
1454 2268 1741 2325 refectorio
1798 2269 2129 2324 dormientes

540 2350 705 2413 atque
752 2339 1067 2406 existentes,
1106 2349 1161 2396 et
1210 2342 1277 2413 ad
1312 2340 1720 2413 similitudinem
1760 2340 2127 2413 apostolorum

539 2410 722 2483 omnia
774 2419 1133 2483 peragentes,
1167 2412 1292 2483 quia
1335 2410 1870 2483 nequisquan_1__quod
1896 2410 2129 2483 habebat

541 2482 742 2566 aliquid
767 2479 932 2536 suum
947 2496 1067 2537 esse
1088 2479 1316 2547 dicebat,
1349 2479 1442 2537 sed
1469 2479 1625 2535 erant
1650 2479 1759 2535 illis
1780 2480 1960 2536 omnia
1982 2495 2129 2535 com-

544 2568 749 2609 munia.

610 2624 700 2679 29.
735 2625 812 2681 De
837 2625 1051 2682 feminis
1077 2639 1215 2695 quae
1257 2624 1500 2695 habitum
1549 2622 1838 2695 religionis
1879 2638 2130 2695 suscepe-

542 2702 687 2749 runt.
719 2695 1011 2750 Definitum
1037 2692 1140 2761 est,
1164 2703 1225 2749 ut
1275 2693 1475 2749 femine
1522 2708 1662 2762 quae
1715 2693 1959 2747 habitum
2011 2692 2130 2747 reli-

543 2764 715 2835 gionis
747 2766 848 2820 sub
872 2766 1097 2845 obtentu
1132 2764 1502 2845 religiositatis
1531 2771 1913 2845 susceperunt,
1930 2762 1985 2816 in
2012 2764 2131 2833 ipso

540 2833 859 2917 permanere
893 2835 915 2867 ‘
952 2833 1264 2917 cogantur,‘
1287 2843 1341 2890 et
1476 2833 1821 2889 monasteriis
1848 2834 1915 2888 ad
1948 2848 2130 2888 exem-

539 2905 689 2976 plum
716 2907 960 2961 virorum
989 2905 1171 2961 vivere
1190 2905 1599 2976 compellantur.

608 2976 698 3047 50.
748 2978 823 3031 De
874 2977 1109 3047 negotiis
1155 2987 1211 3032 et
1243 2972 1673 3047 laborationibus
1717 2972 2125 3047 die_dominica

538 3060 650 3101 non
675 3044 971 3103 faciendis:
983 3046 1270 3103 Deﬁnitum
1294 3056 1396 3110 est,
1424 3046 1593 3115 utqui
1614 3053 1805 3101 contra
1828 3044 1967 3100 hanc
2005 3061 2129 3101 san-

541 3117 774 3189 ctionem
798 3117 1006 3183 fecerit,
1034 3134 1133 3188 per
1157 3116 1786 3189 poenitentiampurgari
1807 3116 2017 3189 debeat.

610 3188 701 3242 51.
735 3190 812 3243 De
852 3186 1222 3244 criminalibus
1249 3188 1431 3243 causis
1456 3196 1510 3242 et
1537 3186 1697 3241 furtis
1722 3186 2027 3255 ceterisque
2060 3186 2129 3240 si-

542 3257 759 3315 milibus
776 3257 865 3313 die
888 3258 1158 3315 dominico
1186 3259 1435 3317 inventis.
1475 3257 1534 3312 lu
1560 3258 1664 3312 hoc
1682 3257 1918 3325 capitulo
1946 3257 2129 3312 defini-

541 3330 844 3399 tur,utqui
872 3329 928 3382 in
956 3329 1076 3399 aliis
1124 3328 1313 3383 diebus
1355 3326 1503 3399 haec
1533 3327 1737 3399 scelera
1771 3334 2015 3399 patrassc
2048 3328 2131 3381 in-

540 3396 789 3468 venitur;
803 3398 1018 3453 licentia
1043 3399 1115 3453 sit
1145 3414 1238 3453 eos
1263 3397 1511 3468 capiendi
1540 3413 1603 3453 ac
1631 3396 1923 3468 iudicandi.
1976 3398 2132 3452 Dein-

542 3466 716 3537 deque
738 3468 1088 3592 Breaecipitur,
1117 3476 1177 3522 ιιι
1199 3469 1286 3524 die
1305 3466 1573 3523 dominica
1597 3481 1757 3521 nemo
1782 3467 2057 3535 puniatur.

615 3538 704 3591 32.
852 3538 939 3592 his
960 3538 1051 3592 aui
1074 3539 1192 3592 sine
1213 3546 1431 3592 ostenso
1456 3537 1683 3592 crimine
1711 3536 1867 3591 inviti
1921 3538 1974 3592 in
2022 3553 2057 3592 ιι

615 3536 704 3591 32.
745 3536 820 3592 De
852 3536 939 3592 his
960 3538 1051 3606 qui
1074 3539 1192 3593 sine
1213 3546 1431 3593 ostenso
1456 3537 1683 3593 crimine
1711 3536 1867 3591 inviti
1921 3538 1974 3592 in
2022 3552 2132 3592 mo-

543 3608 799 3669 nasteriis
822 3607 1149 3662 detinentur.
1175 3608 1467 3663 Deﬁnitum
1493 3615 1597 3673 est,
1626 3614 1685 3678 ut
1711 3607 1888 3678 sicut,
1906 3608 1998 3662 ille
2038 3610 2130 3678 qui

543 3678 1144 3750 spontetmtmastcrium
1163 3679 1481 3750 ingreditur,
1506 3692 1620 3750 nono
1642 3677 1837 3750 habeat
1858 3676 2131 3750 licentiam

544 3748 797 3820 exeundi,
823 3748 901 3820 ita
937 3748 1026 3803 ille
1048 3749 1141 3820 qui
1162 3747 1365 3805 invitus
1388 3749 1531 3804 intro
1551 3747 1802 3812 mittitur,
1827 3748 1930 3804 nisi
1951 3750 2134 3805 volue-

545 3818 617 3872 rit
649 3833 759 3873 non
794 3818 1120 3874 detineatur.

538 3920 559 3943 ο
614 3890 704 3944 55.
739 3888 963 3945 Ut-laici.
979 3890 1048 3945 ad
1072 3890 1267 3945 missas
1318 3888 1373 3943 in
1421 3888 1743 3946 nresbiterio
1791 3904 1899 3944 non
1958 3891 2135 3946 consi-

544 3967 710 4014 stant.
740 3959 840 4015 Hic
866 3961 1135 4024 hortatur,
1165 3968 1225 4015 ut
1249 3959 1391 4015 sicut
1424 3959 1542 4015 loca
1566 3960 1886 4016 clericorum
1929 3970 1986 4016 et
2037 3961 2136 4016 lai-

544 4044 753 4097 corum,
786 4030 862 4085 ita
891 4031 1130 4086 virorum
1160 4046 1225 4086 ac
1250 4030 1571 4086 feminarum
1600 4031 1709 4086 sint
1737 4030 1990 4085 discreta.

613 4100 702 4172 54.
737 4101 1022 4172 De‘scolis
1068 4102 1381 4172 reparandis
1431 4116 1531 4170 pro
1578 4102 1757 4156 studio
1807 4101 2132 4156 litterarum.

545 4169 645 4225 Hic
669 4171 732 4225 ﬁt
777 4170 1096 4237 admonitio,
1129 4169 1208 4227 ”ιιι
1258 4172 1314 4225 in
1366 4169 1653 4240 episcopiis
1692 4179 1853 4241 atque
1889 4172 2138 4240 plebibus

543 4241 793 4311 magistri
818 4242 1124 4311 liberalium
1168 4243 1367 4297 artium
1402 4257 1564 4311 super
1598 4241 1772 4297 scolas
1803 4242 2140 4297 constituan-

545 4310 659 4364 tur.
686 4310 930 4382 Quodsi
973 4312 1221 4382 magistri
1264 4310 1566 4367 liberalium
1607 4312 1804 4366 artium
1848 4311 2134 4377 defuerint,

547 4386 733 4435 tamen
762 4381 1082 4438 divinarum
1120 4382 1513 4451 scripturarum
1562 4382 1873 4437 omnimodo
1922 4383 2139 4453 perqui-

545 4458 757 4506 rantur.

834 4522 1098 4578 conviviis
1126 4522 1276 4578 festis
1303 4488 1489 4578 diebus
1510 4538 1621 4578 non
1648 4522 1924 4577 faciendis.
1951 4522 2007 4576 ln
2032 4523 2135 4579 hoc
2170 4512 2217 4573 D

545 4591 781 4663 capitulo
804 4592 1117 4648 saltationes
1138 4602 1193 4648 et
1214 4593 1391 4661 turpia
1411 4592 1574 4648 verba
1604 4600 1658 4645 et
1684 4594 1820 4647 ritus
1851 4594 2131 4663 gentilium

545 4661 961 4732 interdicuntur.
992 4664 1068 4719 De
1098 4663 1183 4720 his
1232 4678 1359 4717 vero
1393 4663 1654 4718 admoniti
1705 4664 1798 4732 qui
1842 4661 2132 4718 emendare

547 4731 837 4802 noluerint,
870 4735 1249 4791 communione
1268 4734 1557 4802 privandos
1583 4731 1844 4787 decernit.

616 4800 705 4875 56.
738 4804 815 4859 De
842 4804 943 4875 his
958 4804 1049 4873 qui
1074 4800 1368 4875 adhibitam
1392 4802 1497 4875 sibi
1525 4818 1747 4875 uxorem
1777 4802 2128 4872 reliquerunt,

544 4881 598 4927 et
626 4872 790 4928 aliam
837 4872 1130 4930 sociarum.
1188 4872 1288 4928 llic
1336 4874 1405 4929 ad
1446 4873 1763 4927 memoriam
1808 4884 2133 4930 revocantur

544 4943 813 4998 dominica
837 4944 1123 5008 sententia,
1150 4953 1210 4998 ut
1244 4943 1377 4997 nulli
1406 4943 1565 4997 liceat
1596 4957 1817 4998 uxorem
1853 4958 2004 4997 suam
2052 4945 2130 4997 di-

496 5072 499 5073 ν
545 5014 784 5079 mittere,
808 5022 1034 5083 excepta
1071 5028 1236 5068 causa
1282 5012 1673 5083 fornicationis.
1720 5012 1873 5080 Quod
1925 5013 1970 5067 si
2006 5014 2130 5068 reli-

545 5083 797 5151 queritet
834 5082 994 5137 aliam
1043 5083 1275 5147 duxerit,
1333 5083 1401 5138 ad
1432 5082 1668 5151 priorem
1718 5083 1894 5138 redire
1940 5093 2130 5152 postea

496 5194 505 5200 .
548 5162 814 5222 monetur.
844 5153 998 5221 Quod
1023 5153 1067 5207 si
1119 5153 1363 5222 utrisque
1409 5167 1505 5222 pro
1553 5151 1811 5222 religione
1859 5151 2129 5221 separatio

546 5221 828 5291 placuerit,
871 5233 1054 5280 monet
1079 5232 1137 5277 ut
1183 5224 1300 5278 sine
1324 5223 1560 5292 episcopi
1588 5221 1813 5277 consilio
1870 5238 1976 5277 non
2013 5224 2125 5278 ﬁat.

617 5292 706 5347 57.
735 5292 806 5349 Ut
835 5309 941 5349 non
972 5293 1130 5348 liceat
1151 5310 1259 5348 uno
1279 5302 1519 5361 tempore
1536 5292 1668 5346 duas
1693 5293 1891 5347 habere
1911 5307 2129 5359 uxores,

549 5377 838 5418 uxoremve
864 5373 918 5419 et
953 5364 1324 5418 concubinam.
1355 5363 1430 5417 De
1448 5362 1539 5418 illo
1560 5377 1688 5417 vero
1709 5362 1943 5431 quicum
1968 5379 2137 5421 uxore

496 5431 503 5437 ’
548 5434 903 5505 concubinam
928 5434 1107 5505 habet,
1135 5434 1423 5505 praecipit,
1445 5441 1504 5485 ut
1532 5433 1576 5486 si
1601 5432 1909 5505 admonitus
1935 5449 2054 5489 eam
2103 5451 2133 5489 a

549 5517 605 5555 se
640 5504 853 5559 abicere
877 5502 1536 5567 noluerit,‘comntunione
1562 5502 1820 5571 privetur.

621 5574 708 5628 38.
736 5575 813 5629 De
842 5574 1061 5629 incestis
1096 5572 1582 5629 coniunctionibus.
1611 5571 1709 5627 Hic
1738 5574 2052 5642 precipitur,
2076 5584 2136 5630 ut

2223 523 2446 567 uxorem
2475 506 2655 561 ducat.

2292 579 2380 633 59.
2430 578 2505 632 De
2558 576 2864 633 forensibus
2914 577 3250 649 presbyteris
3307 579 3398 649 qui
3448 588 3547 649 per
3588 576 3823 637 vitiosos

2221 653 2502 722 episcopos
2524 649 2894 722 ordinantur.
2918 649 3017 705 Hic
3064 650 3351 719 praecipit,
3388 658 3448 705 ut
3483 651 3698 722 absque
3737 652 3823 706 ul-

2220 719 2327 777 lius
2356 719 2573 773 licentia
2602 719 3381 845 nullus.deinccps£resbyter
3402 719 3714 802 ordinetur.

2290 792 2381 845 40.
2413 790 2483 845 Ut
2507 790 2808 845 nresbvtert
2835 805 2928 845 uni
2974 808 3028 844 tn
3130 806 3302 845 versus
3349 792 3695 845 banttstents

2290 792 2381 847 40.
2413 790 2483 845 Ut
2507 790 2808 861 presbyteri
2835 792 2928 861 qui
2974 791 3028 844 in
3071 790 3302 861 diversis
3349 791 3695 860 baptisteriis
3740 793 3822 846 vel

2221 865 2646 935 quibuscumque
2676 860 2881 935 sacris
2906 860 3216 935 oratoribus
3257 861 3709 917 inexcusabiliter
3757 863 3823 917 ad

2221 930 2511 992 concilium
2546 930 2777 986 diocesis
2799 931 3035 1002 episcopi
3063 941 3371 988 occurrant.

2289 1005 2380 1059 41.
2414 1001 2483 1058 Ut
2512 1002 2685 1058 laicus
2715 1003 2806 1072 qui
2841 1001 3065 1075 alterius
3115 1004 3492 1075 presbyterum
3542 1002 3820 1075 ecclesiae

2221 1076 2608 1142 cuiuscumque
2640 1088 2736 1128 sua
2754 1082 3028 1143 potestate
3053 1074 3350 1128 instituerit
3386 1090 3490 1129 non
3517 1074 3821 1143 praebente

2222 1160 2487 1203 consensu
2502 1144 2755 1213 episcopo
2782 1145 2935 1199 cuius
2956 1144 3273 1213 parroecbia
3307 1144 3521 1199 videtur
3556 1144 3815 1209 existere,

2222 1219 2289 1273 ad
2312 1215 2546 1273 ﬁdelium
2574 1215 2956 1270 communione
2984 1224 3268 1285 separetur
3293 1230 3325 1285 ;7
3344 1215 3642 1285 presbyter
3675 1230 3815 1278 vero,

2220 1288 2266 1343 si
2290 1288 2359 1368 ab
2388 1286 2640 1368 episcopo
2665 1299 2763 1368 suo
2787 1295 3013 1342 vocatus
3039 1284 3220 1342 redire
3245 1284 3493 1348 noluerit,
3512 1284 3817 1356 proprium

2222 1360 2447 1430 gradum
2476 1360 2711 1411 amittat.

2223 1465 2423 1507 INCIPIT
2449 1464 2714 1503 CAPITULA
2762 1462 3148 1503 ADIONITIONIS
3194 1462 3411 1504 EUGBNII
3470 1462 3651 1502 ΡΛΡΑΕ
3700 1462 3820 1503 ιειιιιο

2363 1535 2501 1575 SILIO
2524 1535 2593 1573 ΕΤ
2619 1534 3029 1574 διτιιειῖιιιιιτιοιιε
3064 1533 3422 1575 Εριειςοροιιωι
3446 1535 3653 1573 FACTA.

2291 1612 2516 1668 Fratres
2537 1619 2591 1666 et
2626 1610 2936 1681 coepisc0pi
2983 1610 3293 1681 sacerdotes
3336 1618 3390 1666 et
3431 1611 3623 1666 cuncti
3676 1611 3816 1666 cleri.

2222 1684 2488 1752 Quoniam
2516 1681 2798 1753 religiosus
2824 1688 3014 1736 sancto
3041 1680 3245 1751 Spiritu
3276 1691 3654 1753 congregante
3699 1698 3816 1737 con-

2226 1763 2420 1810 ventus
2449 1752 2714 1816 hortatur,
2744 1761 2804 1807 ut
2844 1766 3219 1822 quaecumque
3249 1767 3348 1822 pro
3393 1752 3689 1821 disciplina
3736 1768 3815 1808 ec-

2156 1800 2203 1861 B
2227 1800 2531 1882 clesiastica
2560 1800 3225 1893 sunt,,cura1diligentiore
3244 1800 3561 1887 trractemus:
3588 1800 3814 1893 siphcet

2225 1897 2422 1952 fratres
2456 1909 2520 1950 ea
2547 1909 2687 1964 quae
2731 1892 2799 1947 ad
2838 1892 3233 1964 hortationumt
3258 1902 3496 1949 tenorem
3544 1892 3813 1963 pertinent

2226 1968 2373 2022 iuxta
2402 1963 2580 2021 divine
2621 1964 2756 2035 legis
2784 1971 3069 2035 praecepta
3093 1974 3147 2018 et
3193 1963 3514 2019 Nicenorum
3546 1979 3811 2019 canonum

2226 2037 2520 2093 constituta
2556 2036 2628 2089 ita
2653 2034 2872 2089 iuvante
2898 2034 3128 2089 Domino
3156 2034 3210 2088 in
3233 2050 3394 2090 omne
3437 2049 3642 2089 aevum
3674 2051 3811 2089 man-

2226 2124 2355 2164 sura
2388 2107 2705 2170 solidemus,
2734 2113 2795 2159 nt
2823 2104 2956 2159 nulli
2986 2103 3068 2159 fas
3089 2106 3161 2160 sit
3181 2106 3300 2160 sine
3331 2114 3507 2159 status
3535 2105 3634 2159 sui
3680 2107 3810 2175 peri-

2228 2179 2352 2235 culo
2376 2177 2460 2234 vel
2492 2177 2704 2232 divinas
2730 2175 3146 2232 constitutiones
3172 2177 3254 2233 vel
3302 2175 3647 2245 apostolicae
3684 2176 3813 2232 sedis

2227 2248 2445 2305 decreta
2469 2246 2913 2318 temerare,_quia
2938 2261 3039 2318 nos
3074 2248 3167 2316 qui
3197 2245 3463 2318 potissimi
3509 2246 3812 2302 sacerdotes

2228 2320 2671 2375 administramus
2696 2315 2870 2374 otiiéia
2901 2315 3108 2371 talium’
3130 2315 3629 2387 transgressionum
3671 2318 3809 2387 culpa

2229 2391 2501 2460 respiciet,
2527 2390 2572 2444 si
2601 2390 2654 2443 in
2681 2388 2861 2444 causis
2885 2387 2986 2460 Dei
3021 2387 3236 2460 desides
3282 2387 3572 2460 fuerimus
3592 2389 3809 2442 inventi.

2228 2458 2365 2528 Quia
2400 2460 2745 2515 meminimus
2775 2458 3007 2529 qualiter
3041 2459 3403 2514 comminetur
3424 2458 3687 2513 Dominus
3720 2474 3808 2512 ue-

2266 2532 2517 2599 ligentiae
2558 2528 2919 2585 sacerdotum.
2980 2529 3257 2599 Siquidem
3307 2528 3511 2584 reatum
3556 2530 3807 2584 maiorem

2266 2548 2300 2585 ιι
2339 2548 2517 2586 enttae
2558 2548 2919 2585 sacer-uorum.
2980 2548 3257 2599 qumﬂem
3307 2548 3511 2584 reatum
3556 2548 3807 2584 maiorem

2229 2548 2510 2673 geﬁnquit,
2536 2601 2625 2671 qui
2653 2601 2861 2671 potiore
2890 2600 3105 2673 honoret
3120 2599 3430 2673 perfruitur,
3460 2608 3528 2673 Aet
3563 2600 3807 2673 graviora

2230 2670 2360 2727 facit
2391 2669 2523 2727 vitia
2553 2669 2917 2741 peccatorum
2972 2669 3276 2725 sublimitas
3331 2669 3661 2740 dignitatum.
3709 2669 3806 2741 Ca:

2231 2743 2464 2798 vendum
2509 2740 2640 2812 ergo
2666 2741 2911 2811 inprimis
2946 2749 3049 2806 est,
3079 2756 3147 2796 ne
3169 2757 3201 2795 a
3234 2756 3422 2796 sacros
3448 2741 3639 2812 gradus
3662 2740 3804 2812 quod

2155 2834 2165 2845 ·
2229 2814 2398 2884 gestis
2421 2804 2691 2883 prioribus
2723 2804 2858 2866 'ante
2908 2804 3270 2881 perscriptum
3313 2819 3414 2877 est,
3449 2804 3531 2884 itt'
3557 2804 3806 2884 quicquid

2230 2881 2614 2954 contrailegem
2651 2891 2744 2938 aut
2787 2893 3100 2954 sanctorum
3153 2881 3699 2954 canonuminstituta
3723 2889 3809 2954 aut

2231 2956 2449 3010 decreta
2473 2951 2690 3025 patrum
2719 2954 3000 3025 inventum
3044 2951 3228 3025 fuerit,
3281 2954 3349 3008 de
3404 2952 3657 3025 singulis_
3679 2951 3810 3025 capi-

2232 3026 2382 3092 tulis;
2407 3022 2505 3095 seu
2532 3025 2597 3080 de
2623 3025 2708 3079 bis
2733 3025 2826 3095 qui
2848 3022 3004 3080 inscii
3031 3031 3155 3095 sunt
3185 3022 3568 3095 litterarum’et
3625 3022 3811 3076 doctri-

2231 3112 2446 3160 narum,
2475 3094 2531 3149 in
2557 3096 2815 3151 honorem
2858 3094 3061 3149 inventi
3094 3109 3193 3149 nec
3227 3110 3334 3149 non
3382 3094 3472 3163 qui
3501 3102 3695 3148 contra
3718 3102 3810 3163 stag

2154 3149 2203 3216 ο
2231 3149 2586 3222 ἶιιιιῖἶιιγριιιί
2609 3149 2832 3230 fuerint,
2860 3180 2999 3235 quae
3025 3172 3238 3219 vestrae
3268 3149 3507 3219 existunt
3544 3162 3809 3219 sanctitati

2231 3237 2475 3302 dicenda,
2534 3236 2617 3291 vel
2662 3235 2839 3306 aliqua
2861 3242 3017 3305 parte
3050 3236 3414 3306 membrorum
3458 3235 3726 3306 perpessi,
3755 3240 3812 3306 tet

2230 3308 2322 3377 qui
2353 3322 2421 3363 ex
2460 3304 2879 3377 paenitentibus
2893 3307 2960 3361 ad
2989 3321 3171 3360 sacros
3203 3305 3420 3377 ordines
3441 3304 3650 3377 adepti.
3675 3304 3812 3377 Quis-

2231 3374 2352 3448 quis
2373 3374 2566 3448 tali—um
2598 3386 2944 3433 consecrator
2957 3376 3194 3431 extiterit
3210 3375 3507 3446 provideat.
3544 3374 3667 3448 180s
3688 3374 3810 3448 enim

2233 3444 2286 3503 in
2314 3448 2461 3503 nullo
2488 3447 2733 3503 volumus
2764 3448 3112 3503 severitatem
3151 3444 3423 3509 eiercere,
3484 3444 3584 3501 sed
3637 3446 3723 3516 qui
3767 3444 3812 3496 in

2233 3520 2413 3574 causis
2444 3519 2539 3573 Dei
2593 3519 2931 3573 contumacia
2988 3517 3070 3572 vel
3120 3516 3317 3571 delicto
3372 3516 3688 3586 deliquerit,
3737 3524 3811 3568 aut

2234 3589 2816 3672 ipse_q.uod.perperam
2841 3587 2973 3672 fecit
2994 3586 3487 3672 abolerc_noluertt,
3508 3588 3566 3672 in
3593 3586 3811 3672 sequic:

2234 3655 2363 3731 quid
2385 3655 2453 3715 in
2477 3655 2584 3715 alio
2600 3655 2721 3731 non
2745 3659 2977 3731 resecari
3002 3658 3257 3731 inveniet.
3287 3655 3442 3724 Quod
3465 3666 3527 3711 ut
3577 3655 3813 3725 deinceps

2232 3728 2403 3801 possit
2435 3730 2677 3785 tenacius
2710 3730 3002 3801 custodire,
3036 3729 3081 3783 si
3108 3728 3287 3801 placet
3313 3742 3506 3783 omnes
3527 3742 3729 3801 causas
3749 3735 3811 3801 _ct

2234 3797 2661 3870 Subscriptiones
2685 3800 2932 3870 proprias
2972 3797 3314 3870 commodate
3347 3807 3407 3853 ut
3455 3798 3711 3869 synodali
3747 3797 3812 3849 iu-

2236 3871 2377 3927 dicio
2403 3869 2616 3926 auditus
2643 3869 2927 3925 claudatur
2946 3869 3187 3925 inlicitis.

2308 3961 2596 4044 Respottsi‘o
2624 3962 3018 4044 .episwporum.
3058 3961 3275 4044 iuvere
3296 3958 3687 4044 cognoscimus
3709 3973 3811 4044 gra-

2238 4033 2313 4088 tia
2345 4030 2520 4088 sancti
2547 4030 2784 4101 Spiritus
2808 4030 2904 4087 cor
2928 4031 3260 4099 apostolatus
3287 4030 3453 4084 vestri
3480 4043 3812 4101 succensum.

2236 4112 2297 4158 ut
2316 4111 2499 4158 tantae
2520 4099 2771 4158 miseriae
2796 4101 3074 4172 squalores
3093 4100 3331 4172 fidelium
3355 4099 3642 4172 mentibus
3665 4101 3814 4155 deter-

2273 4183 2463 4237 antur;
2506 4181 2561 4228 et
2594 4173 2748 4242 quasi
2779 4170 2974 4228 vulnus
3002 4171 3217 4241 corpori
3248 4170 3472 4242 infixum
3516 4170 3707 4225 addito
3743 4178 3812 4242 ta-

2262 4246 2370 4300 ium
2394 4240 2645 4298 miseriae
2668 4244 2921 4299 obserato
2948 4240 3173 4297 salutari
3196 4240 3440 4295 antidoto
3456 4250 3705 4304 curetur,
3725 4240 3813 4294 sic-

2238 4323 2299 4369 ut
2339 4315 2476 4369 bene
2517 4314 2794 4382 provisum
2838 4320 2922 4369 est
2962 4312 3340 4367 interdictione
3364 4326 3509 4381 quae
3552 4310 3813 4382 contraria

2238 4391 2476 4466 sunthne
2517 4381 2621 4466 duo
2661 4383 3342 4466 quispiatn‘cuiuscumquc
3369 4391 3631 4466 regentes

2239 4471 2344 4526 que
2387 4454 2730 4526 baptismatis
2743 4455 2892 4526 unda
2940 4454 3417 4526 lotus_attemptet,
3447 4460 3508 4506 ut
3549 4467 3664 4526 non
3683 4454 3814 4526 Atauti

2242 4522 2437 4605 piaculi
2456 4522 2605 4605 sicut
2630 4524 2815 4605 auditu
2843 4534 2968 4579 sunt
2996 4524 3137 4605 mole
3168 4523 3416 4605 oppressi
3437 4522 3717 4605 precipitii
3745 4523 3816 4605 in.

2236 4592 2417 4651 cidant
2440 4603 2499 4649 ut
2521 4611 2590 4649 ne
2613 4596 2871 4663 voragine
2895 4602 3207 4650 mereantur
3228 4592 3533 4663 iniquitatis
3554 4592 3721 4648 vitari
3738 4592 3815 4646 ἀει

2235 4667 2417 4730 beant,
2441 4673 2603 4735 atque
2628 4665 2886 4719 radicitus
2913 4665 3230 4735 evellanturt.

2308 4732 2552 4817 Secuudn
2582 4736 2868 4817 admonitio
2889 4736 3171 4817 pontiﬁcis.
3198 4733 3254 4788 2.
3298 4732 3629 4817 Necessaria
3636 4746 3813 4817 rerum

2235 4804 2587 4875 dispositione
2611 4804 3053 4875 constringimur,
3079 4805 3134 4858 in
3176 4804 3507 4874 apostolicae
3532 4805 3681 4859 sedis
3713 4817 3813 4875 tuo-

2236 4871 2511 4931 deramine
2556 4871 2933 4941 convenimus,
2965 4877 3009 4931 si
3041 4871 3308 4931 canonum
3336 4882 3694 4943 paternorum
3733 4871 3814 4925 de-

2237 4954 2387 5027 creta
2413 4946 2632 5011 librare,
2656 4954 2728 5027 et_
2752 4954 2900 5002 retro
2915 4945 3198 5027 Aprcsulum
3232 4945 3694 5027 decessorumque
3725 4955 3812 5027 no-

2237 5026 2473 5072 strorum
2514 5024 2771 5085 precepta
2820 5014 3022 5081 metiri,
3065 5024 3126 5070 ut
3159 5028 3297 5083 quae
3334 5014 3679 5085 presentium
3727 5024 3811 5085 nc-

2236 5087 2463 5141 cessitas
2495 5081 2798 5156 temporum
2844 5081 3212 5156 restaurandis
3236 5081 3480 5156 ecclesiis
3529 5081 3814 5156 telaxanda

2237 5157 2496 5226 deposcit,
2540 5163 2594 5211 et
2609 5154 2866 5211 adhibita
2888 5155 3320 5211 consideratione
3354 5154 3624 5226 diligenti,
3655 5165 3816 5222 quan-

2238 5224 2350 5280 tum
2377 5241 2665 5296 possumus
2704 5226 2823 5296 fieri
2850 5235 3230 5295 temperemus,
3257 5224 3401 5293 quod
3428 5239 3545 5296 nec,
3567 5224 3624 5278 in
3651 5232 3814 5277 totum

2236 5295 2464 5351 formam
2488 5304 2748 5369 veterum
2775 5295 3079 5369 videamur_
3095 5296 3357 5369 excudere
3398 5295 3735 5364 regularum,
3763 5298 3816 5369 ct

2235 5368 2552 5435 reparandis
2584 5366 2820 5439 militiae
2848 5365 3123 5439 clericalis
3159 5362 3385 5429 ciliciis,
3422 5360 3564 5433 quae
3610 5377 3711 5432 per
3747 5360 3816 5439 div

2236 5452 2421 5492 versas
2445 5437 2751 5505 provincias
2770 5436 3014 5505 neglecta
3038 5435 3322 5490 videantur
3349 5440 3744 5505 recuperentur
3767 5435 3816 5482 in

2236 5503 2462 5567 melius;
2476 5514 2536 5560 ut
2557 5522 2696 5576 quae
2718 5521 2815 5575 per
2837 5503 2954 5560 loca
2997 5506 3286 5576 destitutae
3339 5503 3570 5559 eclesiae
3604 5512 3817 5576 coan

2238 5578 2400 5631 tentis
2424 5591 2487 5631 cx
2516 5573 2700 5631 auxilii
2719 5573 2954 5632 salutare
2980 5575 3279 5631 subsidium
3303 5573 3698 5629 restaurandae
3715 5576 3815 5619 non

1772 5685 2164 5742 VARIANTES
2201 5687 2598 5743 LECTIONES.

627 5802 637 5831 '
695 5802 829 5854 deos!
867 5801 908 5853 Ι.
987 5802 1004 5830 ²
1037 5799 1345 5868 phesbilerii
1380 5799 1426 5851 l.
1508 5799 1525 5829 ³
1557 5797 1860 5865 regularum
1892 5797 1938 5849 1.

2020 5797 2037 5826 ⁸
2064 5807 2411 5865 permaneant
2445 5799 2494 5863 1.
