3992 6344
268 322 385 377 689

892 316 1119 373 CODEX
1153 315 1746 412 DlPLQMATICUS.—-
1782 317 2237 377 CAPITULARIA
2273 323 2539 381 SPURIA.
2569 356 2638 365 —
2659 325 2758 381 AN.
2800 327 2923 383 826.

3423 331 3525 388 690

272 434 649 510 neglegamus,
678 428 980 510 animarum
995 436 1306 510 nostrarum
1330 429 1577 510 salutem,
1610 444 1676 510 uo
1702 427 1928 510 nobisﬁ
1959 428 2102 510 ieant
2133 434 2430 510 ministeria
2455 436 2766 510 adimplere,
2787 446 2847 492 ut
2873 439 2982 492 Deo
3005 436 3091 493 cui
3118 435 3381 493 assistunt
3402 456 3527 510 pro-

269 498 632 574 ad'magnum
659 503 875 574 eveniat
898 507 1127 574 reatum,
1163 498 1208 574 si
1234 506 1382 574 tanto
1398 505 1682 574 _coortan_te
1708 499 1852 574 peri-

270 576 404 632 culo
424 567 494 628 in'
504 578 764 640 quantum
795 568 1118 640 valuerimus
1139 569 1185 623 si
1209 567 1535 640 neglegimus
1555 567 1846 640 subveniri.

344 638 595 700 Secunda
638 639 901 710 responsiu
926 638 1585 710 episcoporumaiitEtiam
1630 638 1674 692 si
1707 638 1849 710 nulla

262 722 446 770 staret
466 707 762 766 necessitas
782 707 1175 763 ecclesiastiéae
1197 708 1507 776 disciplinae
1530 709 1843 776 expetenda,

266 797 464 838 revera
508 780 664 833 nobis
692 777 865 831 fuerat
904 777 1032 831 illud
1057 777 1395 847 privilegium
1433 778 1576 832 sedis
1615 786 1843 841 vestrae,

261 853 420 929 quod
447 848 713 929 susceptis
757 848 906 929 regni
950 847 1353 929 elavibus‘post
1381 848 1844 929 resurrectionem

259 915 563 978 s'alvatoris
584 915 681 988 per
704 915 873 988 totum
895 918 1079 971 orbem
1100 915 1396 988 beatissimi
1422 915 1565 971 Petri
1607 917 1846 988 singula-

260 994 346 1047 ris
390 986 725 1060 praedicatio
767 986 1138 1060 universorum
1180 986 1233 1040 in
1274 986 1847 1060 lutninationem‘pro-

259 1056 477 1131 spexit;
503 1059 658 1114 cuius
681 1058 866 1131 vicarii
889 1056 1216 1131 principatus
1244 1058 1383 1131 sicut
1404 1056 1623 1131 eminet,
1649 1056 1727 1131 ita
1741 1072 1847 1111 tne-

261 1126 506 1187 tuendus
537 1136 626 1184 est
666 1129 733 1183 ab
773 1126 1020 1181 omnibus
1062 1134 1115 1182 et
1145 1127 1425 1181 amandus.
1470 1127 1701 1181 Proinde
1743 1140 1842 1182 nos

259 1198 444 1256 Deum
486 1200 541 1253 in
582 1198 736 1252 vobis
758 1197 1008 1266 primitus
1030 1198 1333 1261 adorantes,
1362 1197 1447 1251 cui
1471 1197 1588 1252 sine
1623 1198 1841 1267 querela

257 1272 506 1327 servitus
529 1268 597 1322 ad
623 1267 778 1322 ﬁdem
808 1267 1192 1321 recurrisemus
1214 1267 1504 1336 apostolico
1529 1283 1621 1323 ore
1662 1268 1845 1321 lauda-

260 1351 402 1406 tam,
432 1340 487 1395 id
510 1347 593 1393 est
614 1352 871 1405 responsa
898 1346 1201 1405 querentes,
1237 1338 1377 1391 unde
1407 1337 1540 1391 nihil
1563 1351 1745 1394 errore
1768 1338 1843 1392 ni-
1872 1354 1887 1378 ι

254 1411 343 1466 hil
421 1408 859 1479 praesumptione
903 1407 998 1460 sed
1037 1406 1331 1479 pontificali
1392 1415 1567 1462 totum
1635 1407 1840 1479 delibe-

255 1477 494 1560 ratione
532 1477 888 1560 praeeipitur,
924 1546 937 1558 .
962 1483 1024 1560 ut
1068 1478 1209 1545 quod
1268 1478 1557 1560 observare
1623 1477 1836 1560 velitis,

256 1546 579 1620 apostolicis
615 1548 866 1620 aﬂatibus
895 1546 1291 1620 _instruamur.__
1319 1546 1596 1614 Quatenus
1638 1556 1693 1620 et
1734 1547 1841 1601 I'ra-

257 1615 523 1675 térnitate
546 1618 769 1673 collecta
795 1615 1017 1686 prolatis
1060 1618 1114 1671 in
1156 1617 1388 1672 medium
1430 1619 1714 1673 venerandi
1757 1632 1841 1687 sy-

254 1690 392 1745 nodi
424 1688 755 1753 constitutis,
804 1687 1061 1756 adversus
1108 1702 1168 1742 ea
1217 1702 1356 1756 quae
1398 1689 1667 1743 contraria
1713 1696 1839 1742 sunt

254 1759 577 1841 Iegi_vestra
602 1757 922 1841 auctoritate
963 1755 1177 1841 subruti
1203 1755 1335 1841 quid
1362 1765 1608 1841 oporteat
1627 1760 1691 1841 in
1736 1758 1835 1841 ho-

254 1825 505 1885 rninibus
549 1827 940 1899 ordinationem
986 1825 1103 1881 ﬁeri
1141 1825 1452 1899 intellege—re
1477 1828 1588 1899 Deo
1626 1829 1842 1883 iuvante

331 1899 553 1954 ssimus.
583 1898 699 1951 Erit
727 1894 967 1967 profecto
991 1906 1168 1951 vester
1196 1894 1519 1966 triumphus,
1547 1898 1592 1952 si
1625 1907 1842 1967 aposto-

280 1979 407 2024 atus
447 1968 612 2023 vestri
646 1966 975 2035 temporibus
1004 1968 1145 2035 quod
1190 1968 1361 2022 sancti
1410 1967 1554 2023 Petri
1586 1966 1841 2023 cathedra

253 2040 510 2094 obtinere
557 2035 820 2093 catholica
867 2036 1063 2091 audeat
1083 2038 1332 2102 ecclesia,
1364 2038 1408 2092 si
1448 2037 1654 2093 novella
1700 2038 1843 2093 ziza-

253 2108 477 2163 niorum
520 2108 725 2164 semina
753 2104 954 2179 fuerint
995 2107 1214 2163 omnino
1239 2108 1483 2179 stirpata,
1511 2116 1700 2179 orante
1741 2122 1842 2177 pro

254 2179 417 2234 nobis
442 2185 631 2233 sancto
654 2175 954 2250 apostolatu
981 2184 1181 2244 vestro,
1212 2178 1321 2250 iugi
1337 2175 1479 2234 'aevo
1501 2178 1679 2235 divina
1708 2175 1835 2234 cons

967 2253 1001 2273 α

252 2256 442 2305 servet
476 2248 793 2304 aeternitas.

517 2360 731 2415 Exaudi
768 2359 970 2416 Christe
998 2361 1237 2434 Eugenio
1262 2379 1428 2434 papae
1457 2362 1577 2416 vita.

321 2471 378 2527 4.
419 2470 652 2528 Oramus
678 2475 1020 2529 sanctitatem
1047 2484 1301 2539 vestram,
1338 2484 1398 2530 ut
1423 2492 1583 2531 aures
1623 2485 1835 2534 vestras

248 2541 447 2616 intima
475 2544 655 2598 cordis
682 2543 963 2616 allectione
990 2561 1084 2614 per
1108 2547 1315 2616 singula
1344 2547 1603 2602 attentius
1630 2563 1836 2602 accom-

246 2613 479 2668 modare
515 2614 840 2683 procuretis,
888 2623 947 2668 ut
975 2613 1158 2670 noster
1185 2613 1335 2671 labor
1370 2617 1424 2671 in
1454 2617 1703 2672 omnibus
1732 2633 1831 2672 no—

247 2684 822 2805 stramnrnimarutn
844 2684 1091 2755 proﬁciat
1124 2687 1190 2740 ad
1231 2686 1489 2752 salutem;
1512 2696 1574 2768 _et
1601 2687 1644 2742 si
1676 2688 1832 2743 vobis

251 2751 432 2805 placet
515 2762 537 2805 t
578 2754 829 2805 audiatis.
877 2754 1123 2805 leuantur
1170 2771 1352 2805 coram
1381 2757 1648 2805 omnibus.
1700 2757 1832 2805 lini-

250 2751 432 2824 placet
479 2751 537 2807 tit
578 2751 1123 2824 audiatis—legantur
1170 2771 1353 2811 coram
1381 2751 1648 2812 omnibus.
1700 2757 1832 2813 Uni-

252 2823 403 2877 versi
425 2824 808 2894 respondentes
835 2825 1084 2879 dixerunt
1110 2843 1122 2878 :
1152 2824 1416 2896 legantur.

676 2932 977 2988 Theodorus
999 2934 1251 2990 diaconus
1272 2934 1414 3005 legit.

336 3020 396 3073 in
437 3022 653 3097 nomine
686 3023 862 3097 Patris
884 3032 938 3078 et
964 3024 1086 3097 Filii
1110 3034 1165 3097 et
1209 3025 1440 3097 Spiritus
1470 3027 1640 3097 sancti
1682 3030 1824 3097 quod

257 3098 354 3165 est
390 3091 595 3147 trinitas
639 3093 932 3165 individua,
976 3095 1163 3165 primis
1209 3091 1449 3151 omnium
1489 3096 1555 3150 de
1579 3091 1822 3154 ecclesiis

252 3158 354 3234 Dei
384 3176 518 3234 quae
541 3177 637 3234 per
663 3163 869 3234 singula
896 3158 1010 3218 loca
1038 3166 1090 3219 in
1119 3166 1447 3234 parroechiis
1472 3167 1619 3221 vicos
1646 3168 1729 3221 vel
1751 3170 1827 3224 ci-

251 3229 453 3306 vitates
481 3229 732 3306 inruinis
754 3229 996 3306 neglecto
1026 3229 1281 3300 reiacent,
1313 3237 1367 3289 in
1397 3237 1591 3306 quibus
1616 3253 1717 3293 nec
1744 3237 1824 3292 of-

244 3298 375 3354 ﬁcia
410 3308 533 3376 aut_
558 3298 851 3376 luminaria
869 3303 1018 3368 tiunt,
1052 3320 1169 3376 nec,
1193 3298 1352 3359 etiam
1380 3298 1574 3360 ibidem
1602 3323 1698 3376 pro
1727 3309 1826 3363 ali-

244 3382 358 3437 quo
395 3372 642 3447 servitio
666 3374 1028 3447 inveniuntur,
1060 3383 1113 3430 et
1143 3375 1293 3447 dotes
1326 3391 1462 3444 quae
1494 3389 1559 3447 ex
1588 3372 1828 3447 tempore

244 3443 676 3513 consecrationis
725 3442 919 3497 ibidem
962 3444 1121 3499 datae
1160 3442 1396 3510 fuerunt,
1426 3446 1637 3502 ablatae
1680 3442 1822 3513 s'unt,

242 3523 348 3589 nec
375 3512 730 3589 recurdantur
755 3528 888 3589 quas
924 3515 1074 3589 prius
1112 3514 1486 3589 possidebant;
1520 3512 1828 3589 praevidete

241 3579 430 3652 itaque
461 3579 676 3652 fratres,
709 3579 940 3652 qualiter
971 3579 1162 3639 domus
1206 3585 1320 3651 Dei,
1349 3593 1408 3638 ut
1434 3579 1692 3641 honorem
1730 3588 1824 3641 ha-

242 3647 409 3721 beant
435 3665 468 3721 a
496 3647 745 3706 ﬁdelibus
770 3652 1100 3716 christianis,
1128 3647 1462 3709 restau'ratae
1487 3655 1741 3721 existant,
1771 3667 1825 3713 et

237 3718 519 3793 primith
549 3729 604 3774 et
630 3721 869 3777 redditus
904 3739 1039 3793 quos
1069 3724 1209 3779 Deus
1254 3724 1501 3779 ﬁdelibus
1536 3725 1693 3780 iussit
1721 3718 1823 3782 ibi-

238 3786 369 3841 dem
395 3788 611 3858 oﬁ‘erre,
647 3808 755 3847 non
783 3786 1111 3847 minuantur.
1140 3793 1210 3849 Ut
1236 3794 1542 3850 sacerdotes
1563 3796 1813 3853 ministri-

238 3871 351 3925 que
379 3858 471 3913 Dei
502 3862 794 3916 secuodnm
843 3863 1008 3916 Deum
1038 3864 1233 3919 ibidem
1278 3866 1573 3923 servientes
1600 3876 1654 3921 et
1696 3884 1823 3922 con-

237 3937 527 4009 versantes
567 3946 720 3984 suum
746 3932 955 4009 possint
979 3934 1269 4009 observare
1284 3937 1643 4009 propositum.
1658 4006 1668 4009 _
1685 3937 1820 4003 Quia

238 4001 506 4065 scriptum
553 4011 656 4063 est,
688 4001 994 4056 sacerdotes
1034 4018 1138 4058 non
1182 4001 1308 4059 aliis
1347 4001 1539 4060 vacent
1568 4006 1671 4059 nisi
1706 4001 1819 4062 sola

239 4068 495 4149 oratione
533 4070 760 4149 lectione
816 4075 1319 4149 etpraedicatione.
1373 4074 1506 4149 Nam
1562 4076 1684 4145 quis
1733 4092 1817 4132 se-

238 4152 411 4214 curus
461 4140 689 4214 iudicem
731 4140 947 4214 nuntiet
994 4143 1039 4198 si
1080 4159 1272 4213 praeco
1309 4146 1486 4200 tacet?
1534 4140 1596 4200 et
1626 4154 1683 4200 ut
1721 4160 1819 4214 per

234 4209 562 4289 prophetam
592 4209 1202 4289 Dominuscomminans
1231 4215 1306 4268 ait
1332 4233 1345 4268 :
1377 4214 1432 4269 Si
1447 4231 1566 4289 non
1605 4209 1814 4289 annun-

239 4279 471 4333 tiaveris
493 4281 675 4349 ttiiquo
701 4282 1040 4352 iniquitatem
1071 4299 1243 4349 suam,
1273 4286 1585 4352 sanguinem
1611 4285 1727 4341 eius
1751 4286 1818 4340 de

235 4356 543 4424 tnanu_tua
589 4352 881 4424 requiram.
926 4352 1062 4424 Quia
1106 4355 1151 4408 si
1177 4357 1485 4410 sacerdotes
1511 4354 1697 4424 inopes
1724 4364 1817 4410 aut

235 4417 595 4498 inprudentes
645 4417 898 4498 existunt,
943 4417 1170 4492 qualiter
1208 4431 1450 4498 possunt
1477 4417 1817 4498 giliis-subve-

1953 500 2096 574 fecto
2121 501 2336 574 placere
2362 507 2586 574 possint.

2008 572 2077 653 .6:
2117 570 2686 653 Cavendumnuippe
2721 585 2837 653 est,
2881 586 2948 653 ut
2984 591 3092 653 non
3138 575 3394 653 lnernditi
3456 579 3524 635 ad

1949 643 2307 716 ministerium
2337 643 2536 716 Christi
2563 643 2647 700 vel
2673 647 2951 701 inlitterati
2978 655 3035 701 ut
3059 646 3219 701 decet-
3236 652 3516 715 accedant,

1949 725 2036 776 ne,
2069 712 2209 781 quod
2247 714 2407 779 absit,
2437 716 2646 769 eveniat
2685 717 2821 771 sicut
2855 717 3114 772 Dominus
3139 717 3216 769 ait
3253 733 3266 769 :
3312 716 3368 771 Si
3396 712 3521 774 cae-

1948 796 2044 854 cus
2074 794 2234 854 caeco
2277 784 2530 837 ducatum
2569 787 2839 854 prestitit,
2889 789 3046 841 ambo
3092 786 3147 840 in
3190 786 3399 841 foveam
3430 805 3522 845 ca-

1948 851 2098 928 dunt.
2120 850 2256 928 _Quia
2281 868 2386 907 non
2400 869 2506 928 eos
2528 850 2775 928 convenit
2799 850 3059 928 secularia
3088 871 3217 928 cura
3235 869 3514 928 peragere,

1946 920 2029 974 vel
2062 921 2221 976 etiam
2255 936 2349 992 per
2384 923 2573 979 domos
2601 924 2802 980 alienas
2828 920 3263 981 inconvenienter
3289 920 3517 983 conver;

1945 1004 2084 1061 sure,
2110 993 2203 1046 sed
2225 992 2405 1061 potius
2433 995 2486 1047 in
2508 995 2785 1049 aecclesiis
2826 996 3147 1060 habitantes,
3188 995 3368 1050 debita
3398 1008 3517 1055 stu-

1946 1059 2105 1113 deant
2129 1059 2303 1115 oflicia
2329 1078 2599 1119 exercere.

2015 1131 2065 1182 7.
2089 1131 2256 1200 Igitur
2283 1134 2533 1207 mo_nachi
2561 1142 2615 1187 et
2643 1134 3077 1207 sanctimoniales
3100 1133 3331 1191 feminae
3355 1151 3516 1207 quae~

1943 1214 2045 1268 que
2067 1215 2125 1254 se
2150 1209 2337 1271 sponte
2358 1203 2469 1258 Deo
2493 1214 2749 1259 voventes
2780 1204 3131 1269 tradiderunt,
3157 1213 3211 1258 et
3249 1203 3390 1259 ante—
3414 1208 3515 1262 hu-

1940 1283 2130 1324 manos
2169 1272 2354 1345 oculos
2382 1274 2435 1327 in
2484 1274 2668 1345 habitu
2701 1274 3065 1345 religiositatis
3092 1275 3377 1330 ostendere
3421 1278 3513 1332 de-

1942 1350 2244 1406 creverunt,
2276 1342 2332 1396 in
2362 1358 2424 1415 ea
2460 1344 2568 1397 vita
2595 1359 2659 1400 ac
2702 1342 2959 1415 religione
2984 1351 3037 1398 et
3060 1358 3221 1415 opere
3265 1346 3517 1401 studeant

1941 1425 2274 1482 permanere,
2303 1414 2427 1482 quia
2463 1429 2587 1467 cum
2631 1430 2688 1469 se
2730 1415 2783 1468 in
2813 1414 2981 1469 Oculis
3029 1414 3302 1469 nominum
3337 1424 3517 1470 osten-

1940 1480 2088 1541 dunt,
2125 1480 2434 1553 maximein
2461 1493 2748 1553 conspectu
2778 1484 2871 1539 Dei
2896 1483 3137 1553 proﬁteri
3163 1484 3512 1553 considerau-

1940 1558 2029 1622 tur
2057 1551 2279 1607 aeterni.
2328 1551 2527 1608 Idcirco
2560 1551 2786 1622 pensare
2826 1551 3095 1616 studeant,
3134 1569 3201 1609 ne
3240 1551 3375 1608 falso
3413 1570 3512 1610 no-

1940 1621 2083 1696 mine
2109 1629 2163 1676 et
2188 1622 2383 1696 habitu
2426 1621 2753 1696 existentes,
2798 1625 3076 1696 hypocrite
3100 1623 3121 1654 ³
3148 1623 3510 1696 inveniantur.

1938 1689 2161 1759 Impium
2178 1692 2321 1746 enim
2338 1700 2421 1747 est
2438 1694 2637 1748 homini
2660 1695 2770 1749 Deo
2782 1689 3016 1748 mentiri.
3033 1694 3216 1763 Itaque
3237 1695 3516 1763 unusquis-

1874 1797 1914 1855 Β
1944 1776 2049 1855 9.ῗῖ
2071 1763 2262 1855 °P§PE§
2264 1763 2609 1855 3FF.§‘_‘29“5‘.1
2622 1772 2679 1855 PE
2694 1762 3275 1855 -19’b3_§i‘p§?."_“§§i_'}3§
3284 1762 3512 1855 ἓξὲξίῖηὲ

1946 1846 2051 1912 que
2092 1832 2483 1912 praedicatoris
2535 1834 2796 1898 attendat,
2826 1849 2947 1912 cum
2981 1832 3093 1887 ait:
3129 1832 3510 1912 Unusquisque

1945 1903 1999 1955 in
2019 1916 2132 1973 qua
2167 1903 2447 1958 vocatione
2478 1912 2700 1959 vocatus
2723 1914 2825 1970 est,
2852 1904 2904 1958 in
2931 1917 2993 1973 ea
3021 1912 3353 1971 permaneat.
3377 1903 3511 1959 Nam

1942 1971 2032 2040 qui
2069 1980 2248 2027 votum
2300 1973 2608 2039 mutaverit,
2654 1975 2720 2029 de
2775 1982 2922 2030 reatu
2973 1971 3109 2028 ‘suae
3153 1974 3513 2030 conscientiae

1940 2042 2418 2115 promissionisque
2447 2044 2854 2115 constringitur,
2897 2051 2955 2115 et
2981 2058 3104 2098 reus
3128 2043 3183 2115 in
3225 2043 3320 2115 Dei
3332 2058 3510 2115 uappa-

1942 2112 2079 2166 rebit
2105 2113 2321 2178 iudicio,
2351 2114 2394 2168 si
2424 2129 2482 2169 se
2507 2112 2792 2170 emendare
2815 2114 3033 2169 omnino
3054 2113 3302 2168 noluerit.
3326 2112 3510 2168 Provi-

1941 2181 2171 2264 dendum
2199 2182 2426 2264 denique
2468 2191 2551 2264 est
2589 2192 2643 2239 et
2666 2183 3311 2264 omnimodiscurandum
3346 2191 3508 2264 atque

1939 2252 2230 2324 studiosius
2257 2252 2603 2324 vigilandum,
2638 2254 2723 2309 cui
2752 2271 2883 2309 cura
2907 2252 3184 2324 regiminis
3220 2252 3506 2324 commissa

1938 2330 2039 2388 est,
2065 2332 2124 2377 ut
2152 2323 2283 2378 haec
2319 2321 2505 2378 omnia
2535 2331 2796 2393 oportuna
2841 2321 2990 2379 cum'
3011 2321 3104 2377 Dei
3132 2322 3323 2393 timore
3358 2323 3503 2378 ordi-

1937 2400 2153 2465 nentur,
2184 2409 2252 2449 ne
2293 2409 2389 2464 per
2417 2392 2714 2465 neglectum
2744 2393 3089 2465 pretermissa
3115 2392 3240 2457 sint,
3281 2400 3335 2448 et
3363 2394 3504 2461 peri-

1936 2463 2114 2536 culum
2140 2463 2450 2536 adcrescat,
2468 2463 2628 2534 quam
2658 2463 2762 2534 per
2778 2464 3165 2536 neglegentiam
3203 2470 3258 2518 et
3278 2472 3502 2536 peccata

1934 2534 2149 2588 adstant
2173 2542 2226 2589 et
2250 2534 2487 2603 pericula
2512 2534 2932 2590 adcrescuntISi
2964 2549 3090 2590 vero
3120 2534 3392 2588 sanctitati
3415 2548 3503 2587 ve-

1934 2612 2080 2658 strae
2112 2604 2301 2673 placet,
2336 2605 2557 2660 abbates
2595 2605 2679 2660 vel
2722 2605 3025 2660 abbatissae
3058 2618 3156 2672 per
3178 2603 3502 2658 monasteria

1933 2688 2070 2742 quae
2093 2673 2385 2730 ordinanda
2413 2682 2536 2729 sunt
2562 2690 2666 2729 non
2692 2690 2788 2743 per
2812 2689 3035 2729 munera
3059 2673 3393 2738 ordinentur,
3409 2674 3503 2729 sed

1932 2742 2227 2799 studiosius
2268 2744 2627 2814 inquiruntur,
2653 2742 2743 2814 qui
2773 2745 2945 2799 sciant
2987 2743 3080 2799 Dei
3121 2744 3319 2814 habere
3343 2744 3503 2798 timo-

1930 2829 2043 2894 [ειη
2071 2822 2126 2894 et
2154 2813 2385 2869 hominis
2411 2813 2788 2894 reverentituu,
2819 2814 3079 2894 bonisque
3105 2813 3366 2894 operibus
3379 2827 3502 2894 per-‘-

1929 2881 2213 2953 fulgentes,
2246 2894 2304 2939 ut
2333 2886 2534 2954 optime
2557 2884 2752 2938 eruditi
2774 2887 2827 2938 in
2857 2884 2942 2938 his
2971 2881 3074 2953 que
3107 2881 3207 2954 sibi
3232 2881 3501 2954 pertinent

1926 2952 2208 3020 maneant;
2260 2963 2312 3009 et
2356 2952 2624 3009 subiectos
2675 2954 2777 3008 sibi
2810 2962 2959 3009 recto
2994 2952 3368 3008 moderamine
3414 2968 3500 3007 se-

1925 3025 2160 3079 cundum
2183 3024 2348 3078 Deum
2376 3033 2430 3077 et
2455 3033 2694 3078 sanctam
2729 3023 2966 3093 regulam
3006 3022 3235 3093 pleniter
3255 3029 3309 3076 et
3322 3037 3501 3093 purae

1932 3102 2127 3162 queant
2149 3102 2371 3148 cunctos
2397 3094 2639 3157 edocere,
2672 3102 2731 3146 ut
2758 3091 2824 3148 de
2845 3094 3107 3161 susceptis
3140 3091 3422 3162 animabus
3442 3092 3499 3146 in

1930 3160 2023 3218 Dei
2057 3163 2255 3218 iudicio
2276 3164 2298 3193 ⁸
2328 3179 2432 3219 non
2461 3163 2673 3232 reprobi
2701 3162 2793 3217 sed
2817 3160 3005 3232 potius
3044 3160 3368 3216 rmmaculati
3405 3176 3497 3229 ap-

1925 3241 2170 3303 pareant,
2197 3241 2460 3301 quatenus
2488 3231 2629 3287 illam
2653 3231 3059 3303 desiderabilem
3086 3245 3271 3303 vocem
3289 3232 3498 3300 possint

1927 3300 2114 3375 audire
2137 3317 2157 3375 _:
2184 3303 2351 3375 Euge
2380 3318 2533 3359 serve
2578 3304 2717 3375 bone
2748 3309 2800 3356 et
2836 3300 3040 3375 ﬁdelis,
3070 3302 3193 3372 quia
3240 3300 3295 3375 in
3327 3316 3496 3375 pauca

1927 3372 2077 3429 fuisti
2125 3370 2316 3436 fidelis,
2365 3388 2526 3442 supra
2575 3371 2742 3427 multa
2773 3379 2827 3427 te
2870 3370 3216 3438 constituam,
3260 3372 3402 3426 intra
3441 3370 3494 3424 in

1927 3442 2179 3513 gaudium
2209 3443 2410 3498 domini
2437 3443 2535 3497 tui.

1994 3511 2047 3592 8.
2089 3512 2545 3592 Considerandum
2568 3527 2698 3592 _v_ero
2723 3513 2878 3592 nobis
2920 3520 3007 3592 est
3038 3521 3093 3567 et
3134 3528 3165 3566 a
3189 3508 3385 3592 populo
3410 3509 3493 3592 ni:-

1926 3582 2029 3653 mis
2053 3584 2366 3653 cavendum,
2397 3591 2456 3636 ut
2493 3583 2671 3653 nullus
2693 3596 2760 3638 ex
2781 3584 2801 3615 ⁵
2829 3583 3043 3653 propria
3067 3582 3383 3653 cognatione
3403 3587 3505 3635 aut.

1925 3652 2155 3707 velatam
2199 3652 2481 3707 diaconam
2524 3652 2607 3707 vel
2646 3651 2852 3722 raptam
2883 3651 3104 3708 uxorem
3134 3651 3381 3722 accipiat,
3425 3664 3495 3722 ne

1924 3722 2122 3778 talibus
2144 3724 2306 3780 rebus
2334 3723 2566 3778 animam
2592 3720 2798 3793 perdat,
2831 3732 2884 3776 et
2905 3722 3206 3793 principum
3231 3720 3495 3793 institutis

1922 3793 2208 3849 damnatus
2245 3794 2355 3848 fiat.
2387 3794 2530 3849 Haec
2553 3790 2731 3849 autem
2759 3792 2956 3849 fratres
2976 3790 3283 3850 commissis
3304 3790 3500 3847 ovibus

1922 3879 1951 3917 a
1994 3864 2148 3918 nobis
2178 3864 2359 3919 sedule
2405 3864 2757 3920 ammonenda
2800 3870 2945 3929 sunt,
2983 3878 3051 3917 ne
3098 3862 3236 3918 forte
3263 3861 3492 3931 populus

1920 3933 2248 3989 christianus
2277 3933 2368 3987 tali
2393 3932 2828 4002 praesumptione
2869 3940 3160 3988 temerator
3183 3932 3402 4002 euistat,
3438 3939 3509 3986 et.

1920 4012 2030 4056 tam
2059 4018 2156 4056 nos
2181 4018 2340 4072 quam
2369 4003 2481 4071 ipse
2507 4011 2784 4072 peccatum
2810 4003 3068 4072 incurrat.

1989 4073 2041 4126 9.
2084 4072 2158 4126 De
2182 4069 2836 4142 quibusdam'regionibus
2859 4070 3047 4142 ad‘nos
3070 4069 3318 4142 refertur,
3342 4069 3487 4137 quod

1919 4142 2004 4197 die
2051 4139 2239 4196 sancto
2277 4140 2547 4198 dominico
2593 4139 2731 4196 sicut
2787 4144 2841 4195 in
2895 4139 3018 4196 aliis
3066 4140 3276 4195 diversa
3324 4153 3485 4198 opera

1916 4221 2254 4275 exercentur,
2284 4225 2421 4280 quae
2457 4212 2512 4266 in
2542 4211 2633 4267 illo
2662 4210 2780 4265 ﬁeri
2807 4214 2916 4265 rion
2954 4210 3299 4266 conveniunt.
3330 4210 3487 4280 Qua-

1915 4292 2136 4351 propter
2163 4282 2497 4337 admonenda
2527 4281 2681 4337 nobis
2722 4280 3028 4351 necessaria
3070 4296 3157 4336 res
3182 4279 3400 4346 existit,
3418 4286 3489 4351 iet

1916 4349 2104 4434 grandi
2133 4351 2824 4434 comminatione‘populum
2850 4350 3152 4434 cohercere,
3183 4365 3252 4434 ne
3278 4351 3381 4434 hoc
3401 4349 3488 4404 die

1917 4420 2153 4477 divinam
2177 4437 2364 4477 vocem
2392 4420 2683 4477 obaudiens
2728 4422 2920 4477 servile
2949 4436 3083 4491 opus
3112 4420 3306 4476 audeat
3331 4435 3488 4475 exer-

234 4486 398 4563 iiire?
439 4487 573 4563 Quia
601 4491 692 4559 qui
713 4492 823 4563 sibi
850 4486 1076 4562 nequam
1104 4486 1322 4558 estfcui
1363 4493 1453 4548 alii
1478 4494 1650 4549 bonus
1675 4496 1814 4550 erit?
1841 4501 1892 4563 ο
1917 4508 2067 4556 cere;
2096 4493 2221 4562 quia
2249 4508 2341 4547 sex
2369 4492 2558 4563 diebus
2579 4492 2705 4563 fecit
2724 4493 2871 4563 Deus
2897 4486 3104 4563 coelum
3127 4499 3181 4546 et
3209 4497 3487 4563 terramet

233 4558 415 4637 Quam
440 4560 512 4637 ob
538 4558 653 4637 rem
681 4561 725 4615 si
750 4562 843 4617 Dei
870 4558 1060 4637 domus
1086 4565 1140 4618 in
1162 4572 1476 4637 paupertate
1498 4573 1589 4637 aut
1610 4565 1815 4620 destru-

233 4628 795 4706 ctiqneinveniautur,
820 4634 1086 4706 quomodo
1113 4628 1339 4706 populus
1365 4635 1458 4689 Dei
1479 4635 1670 4706 docere
1690 4650 1812 4706 pos:

233 4697 309 4778 sit
329 4696 370 4777 ἲ.
394 4694 622 4778 ξεηεειιε
645 4694 853 4778 fratres
874 4694 1375 4778 qualemjaiionem
1418 4712 1545 4778 ante
1572 4694 1808 4778 tribunai

232 4764 446 4843 (ξυνίεῑί
464 4769 733 4843 Ῑθᾴᾀῑιιιινὶ
758 4764 977 4843 erimus,
1022 4772 1201 4827 videat
1241 4775 1389 4843 plebs
1432 4774 1722 4828 christiana
1762 4775 1808 4829 si

231 4834 435 4916 dotnus
464 4836 554 4892 Dei
580 4839 712 4916 haec
730 4834 1023 4916 patiuntur,
1045 4834 1260 4916 quidAdé
1301 4857 1359 4916 se
1384 4844 1395 4875 '
1424 4857 1627 4916 suaque
1649 4845 1807 4916 domo

232 4910 467 4988 suisque
508 4910 1128 4988 posteris_aestimetur?
1169 4912 1431 4988 Quoniam
1456 4914 1523 4967 de
1542 4910 1810 4988 omnibus

231 4976 548 5058 actionibus
570 4986 625 5032 et
654 4980 1002 5058 neglegentiis
1046 4976 1232 5058 sumus
1274 4984 1331 5038 in
1368 4984 1645 5038 tremendo
1689 4998 1810 5037 exa-

230 5050 386 5099 mine
413 5050 677 5104 rationem
708 5050 818 5105 Deo
841 5052 1118 5107 reddituri.

304 5114 368 5192 ἒίἒ
406 5114 922 5192 Itaquesacerdotes
950 5129 1003 5176 et
1032 5122 1261 5177 ministri
1304 5122 1503 5178 Christi
1533 5123 1623 5192 qui
1667 5122 1810 5177 inter

229 5185 441 5259 gradus
483 5185 803 5259 clericorum
852 5192 1081 5246 ordinati
1121 5192 1377 5259 existunt,
1418 5185 1598 5247 debito
1642 5191 1816 5248 ofﬁcio

230 5257 537 5313 secundum
586 5258 751 5313 Deum
787 5269 863 5331 _et
903 5261 1200 5316 doctrinam
1240 5257 1452 5331 patrum
1480 5263 1535 5316 in
1566 5263 1815 5319 omnibus

229 5334 649 5395 cntiserventur,
676 5327 870 5384 eruditi
895 5331 1187 5387 existentes
1208 5327 1264 5386 in
1301 5332 1498 5387 divinis
1522 5331 1692 5395 libris,
1723 5346 1815 5386 va-

230 5391 490 5477 leantque
512 5412 571 5452 se
592 5391 902 5477 conspicere
923 5409 976 5455 et
996 5401 1128 5477 atrus
1150 5402 1482 5457 emendando
1506 5391 1812 5477 docere._Ut

229 5465 434 5536 quibus
477 5465 767 5523 commissa
813 5477 938 5523 sunt
992 5471 1171 5524 divina
1237 5479 1471 5527 tractare
1528 5471 1808 5536 misteria,

229 5533 531 5596 pmdcnter
557 5546 719 5607 atque
758 5539 1011 5595 decenter
1052 5541 1072 5570 ²
1095 5556 1215 5595 cum
1248 5541 1557 5601 Deitimore
1579 5556 1675 5596 sua
1718 5533 1809 5594 va;

1917 4558 2291 4644 omnia—quae.
2306 4568 2431 4644 sunt
2463 4561 2519 4615 in
2546 4562 2891 4644 eisgndieque
2932 4562 3158 4644 septimo
3193 4558 3486 4644 requievit:

1917 4628 2377 4709 quem_b_énediztit
2400 4641 2465 4709 e_t_
2483 4628 2840 4709 sanctiﬁcavit
2858 4640 2932 4709 _et
2959 4628 3125 4709 Moysi
3147 4630 3315 4709 verba
3351 4628 3488 4709 legis

1914 4698 2350 4771 praecipiensait
2374 4719 2387 4755 :
2420 4701 2740 4756 Mementote
2769 4701 2872 4756 diei
2899 4698 3128 4765 sabbati,
3158 4707 3219 4753 ut
3246 4698 3484 4771 sanctiﬁ-

1914 4767 2041 4843 ces;
2071 4767 2378 4843 requiescas
2406 4779 2465 4843 tu
2486 4779 2541 4826 et
2575 4787 2712 4840 quae
2743 4779 2833 4843 tua
2860 4778 3012 4834 sunt;
3046 4778 3102 4843 et
3124 4767 3491 4838 utpsalmista

1913 4840 2164 4897 admonet
2185 4841 2395 4897 dicens:
2424 4842 2621 4896 Vacate
2647 4851 2701 4896 et
2740 4841 2915 4895 videte
2944 4840 3194 4909 quoniam
3221 4853 3483 4909 egosum

1912 4912 2176 4966 dominus.
2222 4911 2289 4964 Et
2315 4911 2359 4965 si
2386 4911 2617 4980 populus
2645 4908 2979 4965 Hebreorunt
3002 4916 3299 4980 cunrtanta
3323 4908 3479 4980 devo-_

1911 4981 2057 5035 tione
2082 4980 2240 5036 hodie
2257 4978 2491 5035 celebrat
2510 4981 2650 5050 quod
2674 4981 2725 5035 ei
2751 4981 2811 5033 in.
2828 4980 2995 5050 ﬁgura
3024 4978 3148 5033 novi
3175 4978 3495 5050 testamenti.

1910 5052 2259 5131 commissum
2293 5058 2396 5116 est,
2443 5047 2842 5131 quanto‘tnagis
2871 5047 3111 5131 populus
3152 5047 3479 5131 christianus

1913 5121 2053 5175 diem
2110 5128 2353 5176 sanctam
2403 5117 2815 5175 resurrectionis
2878 5117 3078 5173 domini
3141 5117 3313 5172 nostri
3364 5117 3480 5173 Iesu

1916 5190 2116 5245 Christi
2138 5198 2193 5245 et
2219 5199 2437 5245 nostrae
2466 5188 2848 5258 redemptionis
2890 5205 3013 5244 cum
3046 5204 3241 5258 magno
3277 5189 3478 5244 honore

1915 5269 2076 5327 atque
2102 5259 2297 5315 timore
2322 5261 2479 5315 debet
2502 5260 2809 5324 observare,
2842 5266 2897 5315 et
2921 5275 3027 5315 non
3052 5260 3108 5313 in
3131 5259 3254 5315 aliis
3289 5273 3477 5314 vacart

1914 5331 2016 5383 nisi
2044 5330 2307 5395 oratione,
2336 5340 2390 5385 et
2414 5329 2481 5383 ad
2510 5328 2792 5386 ecclesiam
2841 5328 2936 5383 Dei
2966 5344 3294 5385 concurrens
3321 5344 3476 5399 prac-

1912 5407 2172 5468 ceptaque
2235 5400 2413 5454 divina
2460 5414 2580 5454 cum
2630 5399 2929 5454 reverentia
2984 5399 3202 5465 audire,
3262 5406 3476 5467 totoque

1910 5471 2075 5537 corde
2097 5471 2389 5539 percipere,
2418 5470 2636 5525 credere
2663 5477 2716 5523 et
2748 5468 2985 5537 operari,
3014 5477 3069 5523 et
3096 5485 3291 5537 corpus
3321 5468 3478 5524 Chri-

1912 5541 1980 5594 sti
2010 5540 2151 5608 quod
2180 5549 2526 5596 consecratur
2552 5539 2712 5611 digne
2741 5539 2988 5595 studeant
3013 5553 3315 5596 assumere.

919 5681 965 5730 ,ι
1457 5654 1841 5710 VARIANTES
1880 5655 2255 5710 LECTIONES

311 5754 327 5785 ¹
363 5768 422 5807 re
448 5770 495 5806 ε.
573 5756 592 5784 ³
622 5754 875 5811 decenter
904 5772 950 5809 ε.
1033 5762 1052 5787 ³
1075 5761 1316 5827 hyporite
1345 5781 1389 5816 ε.

1470 5764 1489 5793 "
1516 5763 1690 5819 ttdicio
1719 5782 1764 5816 ε.
1845 5764 1864 5794 ⁸
1891 5772 1937 5817 et
1970 5781 2015 5816 ι’.
